4058 6172
265 321 277 376 Ι
290 321 396 378 097

1597 317 1792 378 LIBER
1831 316 1916 376 DE
1979 318 2240 378 PALLIO.

3415 330 3550 390 1098

254 445 586 502 contumelia
623 439 876 514 mugiret,
907 441 952 496 si
983 450 1201 510 posset:
1235 444 1436 500 Nemea
1457 453 1625 510 certe,
1659 445 1702 498 si
1724 443 1846 515 quis
1943 443 2121 500 adhuc
2151 447 2216 500 ab
2244 461 2410 516 opere
2439 445 2586 510 belli,
2629 455 2685 502 ut
2733 445 2968 518 mollius,
3005 445 3322 505 'ventilante
3370 455 3550 510 serico

253 535 360 591 loci
390 534 606 606 genius,
647 529 947 603 ingemebat
980 547 993 582 :
1055 539 1182 587 tunc
1212 532 1356 586 enim
1383 549 1440 588 se
1469 533 1850 603 circumspexit

260 629 477 683 leonem
516 624 834 700 perdidisse.
893 621 1084 690 Qualis
1143 623 1229 678 ille
1288 626 1537 682 Hercules
1592 627 1645 679 in
1677 627 1847 680 serico

253 715 550 786 Ompltales
598 712 778 777 fuerit,
808 713 918 780 jam
949 710 1214 782 Omphale
1262 713 1314 767 in
1370 715 1611 769 Herculis
1669 723 1848 770 scorto

253 807 536 877 designata
566 799 874 870 descripsit.
910 799 1015 854 Sed
1045 807 1099 853 et
1127 801 1217 872 qui
1248 811 1373 857 ante
1400 803 1734 873 Tirynthium
1769 804 1847 872 (4)

253 902 554 949 θοοςεεεττιι
593 888 738 962 pugil
797 887 1171 954 Cleomachus,
1223 898 1341 959 post
1401 892 1668 962 Olympia:
1725 907 1848 946 cum

254 979 560 1038 incredibili
619 985 824 1034 mutatu
875 976 943 1032 de
992 976 1234 1032 masculo
1291 979 1532 1034 ﬂuxisset
1580 982 1656 1049 5),
1712 981 1851 1034 intra

259 1079 436 1126 cutem
514 1083 691 1123 cmsus
748 1072 800 1120 et
877 1063 1038 1130 ultra,
1098 1064 1238 1119 inter
1293 1065 1524 1123 fullones
1569 1068 1685 1136 jam
1729 1068 1848 1122 No-

258 1162 446 1216 vianos
510 1153 874 1224 coronandus,
921 1153 1220 1224 meritoque
1279 1155 1656 1227 mimographo
1703 1157 1849 1210 Len-

255 1250 367 1302 tulo
419 1247 474 1300 in
506 1243 892 1302 Catinensibus
935 1255 1412 1308 commemoratus,
1473 1245 1658 1315 utique
1713 1244 1854 1299 sicut

253 1335 486 1409 vestigia
512 1335 558 1374 7*
599 1342 844 1390 cestuum
893 1331 1050 1386 viriis
1095 1331 1144 1368 72
1172 1333 1458 1403 occupavit
1519 1335 1617 1402 (6),
1685 1333 1757 1387 ita
1799 1342 1853 1390 et

255 1425 591 1482 endromidis
629 1423 868 1479 solocem
895 1420 974 1492 ('7)
1000 1420 1180 1494 aliqua
1201 1421 1445 1478 multicia
1484 1424 1727 1494 synthesi
1769 1424 1846 1493 (8)

251 1515 479 1571 extrusit
505 1514 574 1568 73.
608 1512 942 1583 Physconem
982 1518 1036 1566 et
1077 1510 1504 1582 Sardanapalum
1562 1511 1848 1568 tacendum

252 1613 356 1669 est,
388 1603 479 1676 qui
505 1602 609 1658 nisi
647 1600 891 1673 insignes
928 1599 1233 1664 libidinum,
1293 1600 1428 1656 alias
1474 1617 1632 1674 reges
1687 1616 1846 1656 nemo

253 1702 464 1749 nosset.
495 1691 809 1748 Tacendum
845 1696 1041 1758 autem,
1074 1704 1144 1743 ne
1173 1689 1301 1759 quid
1358 1696 1412 1744 et
1449 1689 1524 1744 illi
1566 1691 1634 1745 dc
1682 1690 1854 1746 Caesa-

1961 533 2236 590 exstinxit.
2275 536 2395 589 Non
2427 543 2541 590 erat
2571 535 2700 589 satis
2738 534 2901 588 animi
2948 543 3162 593 tumens
3203 541 3439 611 Macedo,
3495 543 3554 598 ni

1958 622 2110 676 illum
2133 621 2291 677 etiam
2324 623 2486 679 vestis
2518 623 2751 678 inﬂatior
2777 623 3124 692 dejectasset.
3157 627 3276 683 Nisi
3325 633 3469 701 quod
3500 641 3554 688 et

1957 710 2268 782 phi1050phi
2325 719 2454 782 puto
2520 710 2622 784 ipsi
2687 710 2890 782 aliquid
2944 713 3217 782 ejusmodi
3276 717 3548 776 affectant.

1953 798 2134 856 Audio
2165 799 2307 855 enim
2338 802 2390 854 in
2423 817 2660 872 purpura
2705 801 3168 873 philosophatum.
3223 805 3277 860 Si
3307 806 3552 877 philoso-

1954 889 2093 959 phus
2119 889 2174 942 in
2204 906 2461 960 purpura,
2487 905 2582 946 cur
2613 905 2721 945 non
2753 899 2806 944 et
2832 890 2887 944 in
2916 891 3052 947 baxa
3082 893 3479 966 (“)7Tyrium
3500 897 3550 936 ’⁷⁵

1954 977 2166 1033 calciari
2198 978 2298 1033 nisi
2325 995 2476 1046 auro,
2508 980 2732 1034 minime
2763 987 3049 1054 graecatur.
3082 983 3237 1039 Dicet
3263 983 3333 1053 75,
3365 987 3550 1058 atquin

1958 1067 2092 1122 alius
2123 1067 2470 1139 etsericatus,
2503 1076 2553 1123 et
2579 1067 2850 1138 crepidam
2875 1079 3068 1124 teratus
3098 1072 3353 1129 incessit?
3383 1076 3550 1148 digne

1958 1156 2194 1228 quidem,
2226 1167 2284 1212 ut
2311 1157 2697 1213 bacchantibus
2731 1158 3058 1216 indumentis
3087 1162 3286 1234 aliquid
3334 1165 3548 1221 subtin-

1959 1245 2116 1314 nirct,
2149 1247 2391 1318 cymbalo
2420 1247 2658 1304 incessit.
2688 1245 2848 1315 Quod
2900 1248 2946 1302 si
2991 1250 3100 1318 jam
3129 1263 3253 1309 tunc
3309 1255 3548 1311 locorum

1958 1333 2229 1406 Diogenes
2258 1334 2324 1388 de
2355 1334 2502 1390 dolio
2532 1334 2773 1406 latraret,
2805 1351 2912 1390 non
2940 1340 3252 1396 caenulentis
3299 1343 3546 1412 pedibus,

1957 1429 2017 1476 ut
2047 1423 2187 1477 thori
2207 1423 2462 1480 Platonici
2493 1425 2690 1494 sciunt,
2716 1425 2808 1480 sed
2830 1426 3051 1481 omnino
3083 1437 3248 1483 totum
3280 1433 3551 1504 Empedo-

1955 1511 2090 1567 clem
2123 1513 2177 1568 in
2198 1514 2358 1582 adyta
2387 1513 2749 1569 cloacinarum
2780 1515 2896 1585 (l2)
2929 1515 3225 1584 detulisset,
3263 1529 3322 1574 ut
3366 1524 3460 1592 qui
3491 1538 3550 1578 se

1961 1601 2193 1657 coelitem
2241 1601 2510 1670 delirarat,
2553 1618 2765 1659 sorores
2813 1604 2963 1672 prius
3009 1621 3135 1660 suas
3181 1608 3316 1680 (l3),
3356 1611 3553 1668 dehinc

1962 1687 2207 1743 homines
2237 1688 2370 1744 deus
2397 1688 2443 1726 ⁷⁷
2479 1690 2754 1746 salutaret.
2803 1690 2962 1744 Tales
2999 1691 3163 1762 igitur
3193 1696 3404 1751 habitus
3459 1698 3552 1770 qui

250 1781 406 1836 ribus
434 1779 763 1850 quibusdam
807 1775 1002 1832 vestris
1038 1751 1422 1844 obmussitent,
1479 1779 1687 1848 pariter
1717 1794 1850 1849 pro-
1884 1751 1927 1829 Β
1961 1778 2025 1832 de
2062 1784 2248 1832 natura
2277 1786 2331 1832 et
2361 1777 2627 1833 modestia
2669 1751 3096 1850 transferuntret
3126 1783 3237 1839 acie
3277 1751 3552 1857 ﬁgere,let
3639 1819 3654 1830 ι

253 1867 501 1938 pudiosis
532 1884 545 1920 :
581 1881 647 1920 ne
675 1863 880 1919 caninae
911 1863 961 1902 ⁷4
1003 1862 1142 1918 forte
1191 1863 1506 1918 constantiae
1540 1866 1851 1921 mandatum

252 1956 350 2022 sit,
384 1953 734 2026 impuriorem
764 1953 1066 2025 Pbyscone,
1087 1959 1140 2007 et
1162 1952 1464 2009 molliorem
1486 1953 1850 2026 Sardanapalo

253 2046 528 2101 Caesarem
557 2042 864 2114 designare,
896 2051 949 2097 et
986 2041 1206 2112 quidem
1228 2041 1599 2100 Subneronem
1621 2044 1718 2116 (9).
1737 2043 1852 2102 Nec

252 2132 492 2204 tepidior
530 2131 613 2186 vis
641 2146 794 2186 vanae
849 2143 1064 2202 quoque
1101 2131 1291 2204 gloriae
1318 2131 1589 2190 mutandis
1623 2130 1850 2189 1043

253 2220 513 2290 induviis,
553 2229 604 2276 et
624 2220 737 2288 jam
759 2220 873 2274 viro
892 2217 1062 2274 salvo.
1097 2220 1259 2275 Calor
1279 2228 1365 2276 est
1377 2221 1550 2277 omnis
1573 2221 1800 2277 affectus
1832 2239 1848 2276 :

254 2325 449 2367 verum
472 2324 593 2366 cum
613 2306 671 2362 in
688 2305 1086 2363 affectationem
1115 2306 1437 2375 ﬂabellatur,
1447 2309 1562 2378 jam
1579 2307 1644 2364 de
1660 2308 1850 2365 incen-

255 2403 348 2456 dio
369 2399 556 2473 gloria;
583 2397 747 2454 ardor
763 2405 864 2454 est.
883 2397 1061 2453 Habes
1082 2397 1249 2470 igitur
1269 2413 1336 2453 ex
1366 2398 1468 2454 isto
1486 2398 1671 2455 fomite
1691 2407 1849 2454 testu-

255 2497 438 2546 antem
465 2503 727 2560 magnum
758 2502 963 2560 regem,
992 2485 1105 2542 sola
1134 2485 1306 2558 gloria
1334 2487 1618 2542 minorem.
1643 2487 1852 2542 Vicerat

254 2578 513 2636 Medicam
543 2586 778 2649 gentem,
817 2583 871 2632 et
897 2576 1068 2632 victus
1093 2583 1178 2629 est
1198 2575 1405 2631 Medica
1432 2584 1604 2632 veste.
1631 2576 1850 2632 Trium-

257 2667 474 2740 phalem
519 2667 897 2738 cataphracten
936 2663 1208 2730 amolitus,
1248 2664 1306 2719 in
1351 2664 1560 2736 captiva
1606 2666 1857 2720 sarabara

260 2757 500 2815 decessit
527 2757 642 2829 (10)
673 2776 687 2814 :
720 2762 907 2828 pectus
946 2769 1296 2826 squamarum
1323 2754 1620 2828 signaculis
1653 2756 1856 2812 discul-

263 2855 436 2920 ptum,
468 2853 618 2908 textu
645 2843 924 2918 pellucido
957 2843 1189 2915 tegendo
1220 2842 1463 2914 nudavit,
1502 2852 1554 2901 et
1601 2845 1855 2898 anhelum

1956 1863 2130 1940 digito
2183 1865 2450 1921 destinare
2497 1865 2632 1935 (~14),
2677 1874 2729 1922 et
2784 1875 2919 1923 nutu
2961 1869 3171 1924 tradere
3231 1873 3421 1929 merito
3461 1877 3549 1931 sit.

1957 1954 2185 2029 Prorsus
2215 1953 2261 2006 si
2290 1953 2412 2024 quis
2451 1954 2794 2010 Meuandrico
2841 1953 2990 2012 ﬂuxu
3019 1958 3299 2015 delicatam
3344 1971 3551 2018 vestem

1954 2042 2104 2097 humi
2123 2044 2423 2114 protrahat,
2450 2042 2630 2096 audiat
2656 2060 2824 2111 penes
2853 2061 2912 2099 se
2929 2053 2983 2101 et
3011 2047 3272 2120 comicus,
3311 2052 3552 2128 qualem,

1956 2132 2176 2186 demens
2217 2131 2316 2187 iste
2343 2131 2687 2202 chlamydem
2724 2134 3035 2206 disperdit?
3090 2135 3314 2194 I014
3365 2141 3554 2198 Enim.

1963 2235 2093 2280 vero
2125 2220 2441 2290 jamdudum
2468 2223 2728 2278 censoriae
2796 2223 3107 2280 intentionis
3163 2229 3440 2301 episcynio
3472 2235 3556 2288 di-

1963 2325 2154 2381 sperso
2205 2308 2320 2379 (13)
2368 2319 2628 2380 quantum
2683 2310 2981 2382 denotatui,
3052 2317 3339 2386 passivitas
3399 2321 3557 2379 offert

1961 2397 2240 2453 libertinos
2268 2396 2324 2450 in
2373 2397 2730 2469 equestribus,
2776 2402 3157 2460 subverbustos
3204 2406 3256 2460 in
3312 2409 3556 2465 liberali-

1961 2489 2064 2543 bus
2085 2487 2221 2559 (16),
2251 2485 2525 2542 dedititios
2555 2485 2610 2542 in
2652 2487 2924 2562 ingenuis,
2958 2485 3172 2564 rupices
3225 2497 3277 2550 in
3309 2500 3551 2571 urbanis,

1963 2589 2180 2632 scurras
2244 2576 2300 2630 in
2353 2574 2675 2644 forensibus,
2735 2593 2974 2649 paganos
3057 2581 3112 2636 in
3193 2586 3554 2648 militaribus:

1961 2664 2211 2736 vespillo,
2263 2663 2404 2734 leno,
2454 2664 2646 2720 lanista
2697 2672 2878 2722 tecum
2923 2671 3242 2728 vestiuntur.
3293 2676 3558 2736 Converte

1965 2761 2022 2809 et
2057 2753 2125 2806 ad
2171 2751 2418 2818 feminas,
2470 2753 2637 2808 habes
2676 2763 2922 2824 spectare
2983 2759 3131 2829 quod
3189 2761 3402 2818 Caecina
3459 2768 3558 2822 Sc-

1968 2856 2129 2899 verus
2156 2841 2391 2914 graviter
2419 2843 2634 2898 senatui
2662 2843 2952 2916 impressit,
2983 2857 3254 2906 matronas
3276 2853 3391 2909 sine
3417 2855 3560 2912 stola

1685 2961 1823 3003 aria:
1865 2961 2176 3003 IBCUODBS.

1685 2961 1769 3004 art

335 3023 382 3064 Ἠ
424 3023 652 3105 Fastigia
681 3024 850 3079 Fran.
885 3021 934 3105 η
962 3022 1166 3105 Viriosa
1217 3025 1387 3105 Eran.
1493 2944 1857 3105 Theti-luxith

1972 2945 2176 3004 tiones.

1976 3065 1987 3078 .
2020 3020 2069 3060 ’⁷4
2096 3023 2210 3077 Nec
2237 3034 2450 3092 magnae
2490 3024 2659 3078 Fran.
2703 3023 2751 3061 ἰδ
2792 3024 2966 3082 Baxea
3012 3028 3152 3098 tyria
3179 3032 3334 3102 [γαπ.
3369 3031 3418 3074 ⁷6
3444 3034 3560 3092 Nisi

265 3114 459 3156 aurum
488 3095 702 3152 minime
731 3101 996 3167 grmcatos
1023 3095 1178 3150 decet
1207 3097 1378 3150 Fran.
1411 3095 1456 3132 ’Π
1490 3096 1626 3150 Deae
1659 3097 1831 3167 Eran.

1674 3165 2171 3229 Commentarius.

346 3276 458 3355 (4).
489 3275 635 3331 Ante
694 3274 1072 3366 Tirqnthium.
1131 3272 1549 3366 Auctor‘hcerte
1584 3273 1865 3366 llerctiles
1897 3289 1939 3366 ε
1967 3269 2321 3366 “induit
2347 3270 2880 3366 captivansarabara.
2928 3275 3010 3331 En
3065 3289 3190 3335 sunt
3245 3284 3563 3343 vestimenta

270 3343 649 3422 gymnicorum
717 3348 1067 3422 certaminum
1113 3361 1142 3422 ε.
1170 3347 1276 3422 sed
1320 3343 1406 3422 ille
1442 3345 1514 3408 vi,
1584 3360 1714 3422 non‘
1747 3351 1859 3399 arte

271 3414 576 3493 pugillabat
627 3423 686 3493 et_
732 3417 1070 3484 luctabatur;
1130 3414 1254 3493 hinc
1302 3417 1447 3493 vires
1503 3416 1768 3493 corporis,
1808 3424 1859 3469 et

269 3487 573 3565 genitivum
611 3487 797 3565 robur,
825 3504 932 3542 non
961 3497 1130 3565 artem
1177 3489 1295 3556 ejus
1354 3487 1410 3540 in
1475 3487 1858 3543 certaminibus

270 3561 490 3621 veteres
519 3561 984 3615 commendarunt.
1016 3561 1183 3612 SALM.

350 3632 429 3704 (5)
459 3633 536 3688 De
572 3633 823 3704 masculo
865 3632 1146 3704 ﬂuxisset.
1199 3628 1440 3704 Pugilem
1495 3629 1766 3700 significat
1806 3629 1859 3683 in

274 3701 556 3760 muliebris
605 3702 878 3774 patientiae
916 3701 1228 3774 Lmollitiem
1283 3701 1537 3772 solutum,
1585 3713 1861 3772 unguento

273 3772 825 3839 delibutum—vestitu
849 3772 1182 3828 afﬂuentem.
1209 3773 1333 3828 Rm.

351 3847 429 3917 (6)
467 3844 700 3915 Vestigia
735 3849 997 3917 coetuum
1025 3845 1185 3917 viriis
1216 3845 1526 3917 occupauit.
1561 3843 1700 3900 Loco
1743 3859 1862 3898 ces-

277 3915 434 3973 tuum
465 3917 704 3970 armillas
741 3915 913 3970 induit
941 3916 1193 3971 brachiis.
1227 3916 1350 3970 lite.

351 3989 445 4060 (7),
473 3987 827 4046 Endromidis
853 3988 1126 4060 solocem.
1168 3985 1551 4060 Endromidem
1607 3985 1861 4060 sol_ocem,

276 4057 470 4123 soloci,
505 4061 607 4114 hoc
635 4070 737 4130 est,
770 4058 886 4112 rudi
910 4066 965 4112 et
995 4073 1177 4113 crasso
1203 4057 1292 4112 filo
1322 4067 1644 4113 contextam.
1676 4057 1800 4110 Βία.

351 4132 431 4202 (8)
473 4130 726 4202 Multicia
757 4130 1067 4202 synthesis.
1093 4130 1354 4184 Dicuntur
1390 4132 1576 4202 etiam”
1608 4129 1866 4202 multicia,

275 4198 459 4275 vestes
511 4198 1010 4275 qualibet'molles,
1039 4200 1302 4275 delicata,
1352 4214 1418 4275 ac
1475 4198 1872 4275 pellucidas,__ut

277 4274 462 4330 solent
517 4268 636 4329 esse
690 4273 1032 4328 feminarum.
1087 4270 1246 4340 Quod
1301 4270 1433 4327 satis
1479 4268 1720 4324 innuunt
1785 4268 1874 4323 illa

274 4343 579 4412 Juvenahs,

405 4522 518 4586 Non
539 4521 725 4574 facient
751 4521 858 4586 alii,
882 4535 994 4574 cum
1029 4531 1084 4574 tu
1107 4520 1336 4573 multicia
1365 4457 1628 4579 ssuetgatslrnd

409 4585 598 4638 Cretice
611 4588 633 4636 ?

279 4693 352 4753 Et
379 4692 438 4750 in
463 4709 569 4751 Vl:

413 4806 632 4858 Humida
658 4809 904 4872 suspectis
935 4808 1150 4858 referens
1184 4807 1414 4858 multicia.
1439 4806 1595 4871 rugis.
1627 4806 1741 4856 Rm.

358 4914 442 4988 (9)
475 4914 885 4988 Sulmeronem.
906 4915 1290 4984 Domitianum,
1322 4915 1412 4986 qui
1451 4915 1626 4988 portio
1655 4913 1880 4988 Neronis

288 4986 524 5053 dicitur,
551 4988 774 5058 Apoloy.
807 4987 916 5043 col.
959 4991 1085 5043 293.
1127 4989 1392 5056 Subnero,
1416 4995 1473 5042 ut
1527 4986 1874 5054 Submarius,

284 5061 407 5117 Cic.
432 5075 484 5125 κ,
516 5074 605 5129 ep.
642 5062 692 5112 1.
724 5059 848 5114 Bia.

357 5130 766 5188 Sulmeronem.
799 5131 929 5202 Hoc
980 5137 1062 5185 est
1097 5131 1190 5202 qui
1221 5130 1288 5185 ad
1339 5131 1606 5186 Neronem
1635 5130 1882 5198 proxime

281 5203 600 5269 accederet;
652 5201 994 5256 Domitianus
1063 5201 1206 5258 enim
1261 5206 1345 5256 sui
1419 5211 1676 5272 temporis
1740 5203 1882 5257 Nero

279 5275 488 5344 dictus.
519 5274 609 5330 Sic
638 5273 782 5332 Tull.
813 5289 901 5344 ep.
941 5277 993 5338 1,
1025 5273 1118 5326 lib.
1161 5290 1192 5326 x
1231 5273 1303 5328 ad
1336 5274 1508 5328 Attio.
1542 5273 1882 5328 Submarium

278 5343 442 5471 (ἰξῘέ
451 5360 549 5417 pro
570 5345 790 5401 homine
822 5343 919 5401 sua
948 5345 1260 5402 crudelitate
1289 5344 1514 5400 Marium
1543 5353 1882 5414 aquuante.

445 5432 503 5471 ιι.

281 5419 370 5477 LE
403 5419 503 5472 Pa.

359 5489 479 5561 (10)
517 5487 936 5562 Cataphracten
965 5489 1234 5546 amolitus
1260 5489 1324 5544 in
1351 5489 1576 5562 captiua
1613 5488 1886 5562 sarabara

283 5560 552 5619 deussit.
597 5560 849 5633 Detracta
868 5561 976 5633 sibi
1003 5563 1344 5633 cataphracta
1365 5560 1419 5616 in
1448 5575 1563 5633 quo
1588 5561 1889 5633 triumpha-

287 5641 468 5704 verat,
497 5633 565 5688 de
586 5632 806 5705 fastigio
825 5631 920 5690 illo
949 5631 1196 5703 decessit,
1217 5648 1281 5689 ac
1320 5647 1457 5704 pene
1485 5632 1700 5704 subegit
1739 5631 1886 5703 sese,

516 5741 757 5799 PATROL.
790 5741 858 5800 II.

1970 3343 2344 3468 barbalrorgm,
2369 3359 2518 3413 quos
2547 3343 2635 3398 ille
2674 3347 2861 3413 praelio
2903 3362 3268 3418 superaverat,
3313 3371 3566 3414 caeserat‘

1970 3429 2094 3468 oue.
2167 3429 2202 3467 ε
2263 3430 2317 3468 a.

1967 3429 2094 3486 que.
2126 3429 2202 3467 LE
2224 3429 2317 3468 ra.

2039 3487 2105 3541 In
2133 3487 2358 3556 captiva
2385 3485 2655 3559 serabant
2684 3487 2936 3544 decessit.
2959 3490 3176 3559 _Annon
3206 3493 3412 3549 ridiculi
3438 3507 3566 3555 sunt

1968 3556 2312 3625 interpretes,
2345 3555 2438 3626 qui
2480 3557 2845 3612 Alexandrum
2886 3561 2938 3615 in
2960 3555 3083 3616 suis
3114 3566 3326 3620 braccis
3365 3573 3564 3626 deces-

1967 3629 2100 3711 sisse
2129 3627 2360 3706 volunt?
2392 3628 2467 3679 lta
2497 3628 2662 3711 enim_
2683 3630 2801 3709 hoc.
2816 3632 3039 3688 verbum
3071 3634 3561 3711 decessit_accepe-

1969 3706 2120 3764 runt,
2152 3697 2304 3767 quasi
2335 3697 2392 3750 in
2431 3697 2695 3754 sarabaris
2721 3699 2833 3755 suis
2875 3712 3119 3762 mortuus
3158 3707 3244 3761 sit.
3294 3697 3474 3766 Sam:
3495 3741 3569 3754 —

1971 3771 2289 3849 inceptiva
2316 3768 2904 3849 sarabqra.§Put_arem
2940 3775 3355 3849 hic_legendum
3401 3799 3566 3840 sara-

1969 3841 2139 3918 batla,
2201 3840 2356 3895 locus
2428 3840 2571 3895 enim
2616 3842 2858 3902 Danielis
2913 3862 2997 3918 Ill,
3045 3840 3208 3906 habet
3264 3854 3578 3918 saraballim,

1975 3914 2231 4014 nabant),
2267 3929 2371 3985 hoc
2415 3936 2506 4014 est.
2541 3930 2869 4014 chlamydes
2908 3914 3118 4014 fertvel
3141 3939 3328 4014 pallia.
3359 3942 3436 3998 La
3467 3945 3565 4000 Pa.

2044 4001 2437 4088 (tl_)A(n}urnnon
2452 4005 2507 4057 et
2529 4001 2764 4088 iu'baxit
2784 4005 2814 4059 Ρ
2847 4007 3084 4088 Ipselib.
3117 4001 3183 4066 de
3219 4013 3566 4088 Idololairia,

1973 4089 2104 4146 pag:
2129 4074 2230 4125 108
2253 4088 2267 4128 :
2292 4073 2497 4128 Soccus
2524 4077 2580 4146 et
2595 4073 2744 4130 buxa
2761 4073 3011 4146 quotidie
3041 4080 3412 4138 inaurantur.
3439 4073 3566 4142 Βιρξ

1976 4173 2048 4270 Ξ-
2073 4143 2215 4196 Baxa
2260 4157 2436 4213 genus
2476 4143 2827 4200 calceameriti
2863 4150 3106 4205 deaurati
3165 4161 3217 4208 et
3264 4155 3567 4214 muliebris.

2016 4228 2151 4270 Αικ.

2051 4286 2176 4367 (t2)
2207 4283 2489 4367 Inhodyto
2541 4285 2952 4367 σιοιῳξηςινιινῃΓ
2995 4291 3065 4367 In
3096 4293 3304 4349 cloacas
3340 4312 3569 4367 quarum

1982 4354 2244 4434 praesides
2280 4354 2570 4434 Cloafinae,
2594 4365 2670 4410 tot
2698 4357 3154 4434 igitur‘Cloacinae
3191 4376 3320 4434 quot
3349 4354 3566 4425 cloacae.

1981 4426 2056 4512 ᾉῐ
2085 4427 2365 4512 γεξῐιθιηεῐηΔ
2396 4426 2702 4512 Cloacinam
2725 4426 2966 4512 T’linius,
2996 4447 3105 4512 non
3133 4450 3166 4488 a
3210 4426 3420 4512 cloacis
3445 4444 3569 4512 qui-

1985 4501 2086 4581 bus
2113 4504 2372 4581 praeesset
2399 4497 2496 4581 sed
2523 4498 2820 4581 aeluendo,
2852 4502 2906 4556 id
2937 4511 3035 4581 _e_st
3070 4512 3354 4581 purgando
3391 4497 3570 4568 deho-

1910 4593 1956 4670 Β
1989 4569 2879 4670 gitimam“asseritinbjccautem
2933 4569 3236 4634 ideo'AfEr
3287 4581 3573 4641 Cloacinas

1989 4642 2144 4711 dixit,
2175 4655 2284 4697 non
2312 4641 2635 4697 Cloacinam.
2660 4641 2833 4700 Sami.

2058 4714 2108 4796 (1
2106 4713 2176 4796 ξ)
2197 4714 2420 4796 Sorores
2441 4715 2606 4796 prius
2642 4730 2793 4771 suas.
2813 4716 3203 4796 Convenienter
3227 4737 3360 4796 sane
3386 4725 3574 4796 putido

1987 4785 2068 4840 illi
2106 4785 2223 4840 Deo
2253 4784 2563 4910 Empedocli
2595 4799 2812 4844 sorores
2840 4789 3202 4861 putidissimas
3241 4784 3572 4852 dedit'Cloa-

1987 4858 2133 4910 cinas
2161 4855 2314 4910 deas.
2393 4871 2470 4910 ιο.

1985 4873 2133 4914 01038
2161 4871 2314 4911 neas.
2345 4871 2470 4911 ιίιο.

2057 4930 2196 5008 (14).
2224 4928 2408 4998 Digito
2437 4928 2745 4986 destinare.
2770 4929 2917 5008 Idem
2949 4935 3034 4990 est
3077 4936 3223 5008 quod
3253 4937 3460 4998 directo
3487 4939 3579 4996 di-

1989 4999 2101 5072 gito
2131 4999 2365 5072 aliquem
2396 5009 2695 5058 monstrare
2725 5018 2788 5057 ac
2816 4999 3294 5066 denotarefSaur.

2065 5072 2178 5142 (15)
2207 5073 2499 5143 Episcynio
2521 5074 2788 5146 disperso.
2820 5075 3123 5145 Supercilio
3170 5082 3342 5137 minus
3372 5084 3576 5140 adstri-

1990 5152 2079 5222 cto
2106 5150 2509 5222 centractoque,
2547 5161 2724 5222 minus
2760 5163 2971 5222 severo,
3004 5161 3264 5221 quantum
3293 5157 3359 5209 ad
3399 5158 3577 5213 deno-

1992 5217 2246 5270 tationcm
2275 5221 2326 5269 et
2356 5217 2793 5284 increpationem.
2827 5219 2951 5275 Rm.

2063 5287 2180 5372 (t6)
2211 5287 2694 5372 Subvqbustosﬂin
2729 5289 3067 5372 liberoiilgtts.
3099 5297 3379 5372 Mastigias
3401 5299 3544 5372 adhu

1995 5364 2277 5431 verberum
2297 5361 2493 5430 quibus
2531 5361 2634 5414 usti
2663 5373 2788 5417 sunt
2820 5363 3084 5422 vibicibus
3103 5361 3332 5431 notatos,
3369 5369 3423 5422 in
3456 5370 3586 5423 lihe-

1995 5429 2194 5484 ralibus
2224 5429 2564 5508 vestimentis
2597 5431 2800 5500 videas,
2841 5435 2945 5491 hoc
2975 5446 3073 5508 est,
3124 5429 3396 5493 hominum
3441 5440 3579 5494 libe-

1996 5516 2181 5556 rorum
2210 5502 2448 5558 vestibus
2476 5503 2714 5559 indutos.
2751 5507 2877 5563 Βία.

2050 5571 2135 5652 ’Ὁ
2172 5574 2446 5698 “erigique
2485 5591 2578 5631 seu
2627 5577 2948 5648 στινματίας,
2999 5579 3335 5651 stigmaticus
3383 5580 3587 5651 Tullio,

2051 5659 2286 5698 ramosas
2355 5647 2502 5698 limo.
2536 5645 2611 5698 Le
2645 5648 2742 5698 Pa-

1995 5645 2286 5718 stigmosus
2316 5645 2502 5700 Plinio.
2536 5645 2611 5702 Le
2645 5645 2742 5706 Pa.

3346 5765 3416 5818 35
