4062 6178
528 256 659 318 1099

518 490 641 547 quae
716 474 791 529 ita
866 490 987 530 sese
1077 480 1501 538 exauctorasset,
1590 487 1688 543 pro
1746 480 1939 541 stupro
1999 479 2117 525 erat

517 580 675 634 poena
718 563 874 637 (18):
925 562 1180 635 quoniam
1218 560 1436 635 quidem
1492 560 1696 616 indices
1759 560 2115 629 custodesque

517 652 793 724 dignitatis
840 650 1077 722 habitus,
1136 658 1197 704 ut
1252 648 1505 705 lenocinii
1554 648 1831 704 factitandi
1879 645 2113 716 impedi-

514 752 713 811 menta,
743 740 931 795 sedulo
976 738 1221 810 quazdam
1273 736 1698 793 desuefecerant.
1751 736 1819 791 At
1867 750 2013 790 nunc
2060 735 2112 788 in

516 829 833 902 semetipsas
888 828 1268 892 lenocinando,
1314 842 1422 899 quo
1461 825 1673 897 planius
1719 826 1998 891 adeantur,
2058 830 2112 880 et

513 918 725 983 stolam,
756 928 809 972 et
837 932 1130 988 supparum
1159 915 1296 987 (19),
1341 922 1396 970 et
1435 914 1784 986 crepidulam,
1819 922 1872 969 et
1900 912 2110 968 calien-

513 1008 699 1073 drum,
750 1007 865 1079 ipse
917 1020 1129 1078 quoque
1180 1003 1289 1076 jam
1320 1002 1573 1070 lecticas,
1621 1012 1673 1059 et
1716 1004 1904 1068 sellas,
1953 1001 2112 1073 queis

511 1096 569 1152 in
600 1096 814 1166 publico
843 1110 1056 1168 quoque
1084 1094 1378 1150 domestice
1417 1110 1479 1150 ac
1508 1101 1714 1149 secrete
1748 1092 2106 1158 habebantur,

511 1185 807 1253 ejeravere.
865 1184 971 1240 Sed
1018 1184 1154 1239 alius
1191 1182 1489 1254 exstinguit
1544 1198 1641 1237 sua
1688 1179 1913 1245 lumina,
1972 1180 2109 1234 alius

510 1289 618 1330 non
656 1290 753 1330 sua
789 1274 1051 1329 accendit.
1114 1272 1318 1345 Aspice
1348 1274 1502 1343 lupas
1542 1269 1883 1342 p0pularium
1928 1269 2108 1325 libidi-

512 1380 637 1420 num
706 1362 993 1430 nundinas,
1050 1363 1193 1433 ipsas
1239 1377 1454 1435 quoque
1492 1360 1729 1418 ﬁctriccs
1785 1359 1921 1431 (20),
1979 1358 2107 1415 etsi

511 1460 730 1524 praestat
783 1451 970 1507 oculos
1025 1451 1292 1508 abducere
1344 1451 1416 1504 ab
1499 1448 1766 1520 ejusmodi
1825 1447 2107 1521 pr0pudiis

509 1541 702 1598 occisae
757 1540 812 1595 in
872 1538 1090 1610 publico
1166 1540 1447 1605 castitatis,
1516 1538 1696 1609 aspice
1773 1546 1947 1593 tamen
2020 1536 2103 1597 vel

508 1628 754 1687 sublimis
772 1629 910 1701 (21),
940 1629 1053 1699 jam
1105 1635 1377 1683 matronas
1421 1625 1653 1681 videbis.
1684 1625 1754 1680 Et
1796 1639 1916 1680 cum
1947 1622 2101 1679 latri-

506 1735 700 1775 narum
745 1717 969 1772 antistes
1012 1715 1244 1772 sericum
1275 1712 1511 1783 ventilat,
1572 1724 1626 1769 et
1682 1711 2099 1768 immundiorem

505 1808 627 1865 loco
682 1805 941 1863 cervicem
989 1804 1286 1860 monilibus
1338 1802 1651 1859 consolatur
1706 1801 1843 1874 (22),
1908 1809 1962 1856 et
2007 1816 2099 1858 ar-

505 1896 666 1951 millis
699 1910 834 1965 quas
864 1908 930 1948 ex
964 1892 1200 1949 virerum
1240 1890 1457 1948 fortium
1486 1890 1643 1947 donis
1700 1890 1830 1962 ipsas
1886 1904 2101 1962 quoque

503 1992 761 2039 matronae
791 1990 993 2039 temere
1020 1990 1396 2054 usurpassent,
1430 1979 1670 2037 omnium
1726 1979 2099 2051 pudendorum

502 2070 745 2128 conscias
770 2085 962 2127 manus
993 2070 1201 2142 inserit,
1233 2071 1445 2141 impuro
1466 2068 1610 2125 cruri
1640 2085 1834 2140 purum
1866 2068 1980 2141 (23)
2009 2077 2100 2124 aut

502 2160 814 2217 mulleolum
870 2160 1079 2218 inducit
1119 2162 1360 2217 calceum
1393 2179 1405 2220 :
1438 2176 1531 2216 cur
1559 2158 1695 2216 istos
1724 2174 1833 2216 non
1863 2167 2098 2231 spectas,

503 2251 588 2306 vel
646 2250 768 2307 illos
822 2249 1034 2308 I045
1099 2249 1224 2305 item
1280 2249 1501 2305 habitus
1558 2248 1651 2321 qui
1704 2245 1926 2303 novitati
1980 2263 2096 2303 suae

500 2348 642 2395 stare
672 2339 1009 2414 relligionem
1044 2338 1416 2395 mentiuntur?
1461 2354 1582 2396 cum
1638 2336 1709 2393 ob
1738 2336 1942 2393 cultum
1970 2351 2095 2393 om-

498 2428 587 2485 nia
613 2428 974 2497 candidatum,
1005 2434 1058 2484 et
1086 2427 1157 2482 ob
1203 2433 1386 2483 notam
1423 2427 1592 2495 vittae,
1649 2434 1703 2481 et
1750 2424 2094 2497 privilegium

1238 254 1676 317 TERTULLIANI
1715 254 1985 317 OPERUM
2022 253 2188 315 PARS
2225 253 2291 316 ll.
2329 285 2400 298 —
2435 251 2661 315 SBRIES
2700 252 2741 320 l,
2783 252 3097 317 MORALIA.

520 391 572 443 in
601 385 836 458 publico.
877 383 1119 459 Denique
1148 384 1354 440 Lentuli
1394 383 1614 456 auguris
1669 385 1928 439 consultis
1976 383 2112 453 (17),
2148 397 2192 474 Α
2230 381 2397 474 galeri
2438 381 2553 454 (24)
2600 381 2798 474 Cereri
2838 383 3117 474 initiantur

3678 262 3824 324 1100

3175 402 3188 441 :
3240 401 3360 441 cum
3415 385 3486 440 ob
3543 385 3824 445 diversam

2228 471 2563 527 affectionem
2597 469 2881 527 tenebricm
2911 473 3078 529 vestis
3125 474 3264 545 (25),
3321 482 3375 529 et
3413 475 3587 531 tetrici
3652 493 3825 549 supra

2224 572 2384 632 caput
2414 550 2630 617 velleris
2661 561 2793 632 (26),
2855 561 2910 615 in
2966 561 3220 630 Bellonae,
3264 574 3474 619 mentes
3528 564 3578 602 78
3626 566 3825 639 fugan-

2226 658 2317 706 tur
2345 652 2458 721 (2'7)
2493 668 2505 704 :
2538 667 2658 705 cum
2688 650 2891 707 latioris
2923 669 3175 725 purpuras
3206 653 3427 709 ambitio
3460 654 3595 724 (28),
3628 664 3683 710 et
3712 673 3819 726 ga-

2222 735 2364 791 latici
2386 736 2596 790 ruboris
2620 736 2733 806 (29)
2765 738 3093 807 superjcctio
3123 738 3415 793 Saturnum
3435 741 3818 797 commendat:

2219 839 2341 879 cum
2395 824 2570 893 ipsum
2627 825 2729 880 hoc
2774 824 2992 895 pallium
3041 828 3314 881 morosius
3372 827 3707 897 ordinatum,
3766 840 3823 885 et

2218 910 2451 982 crepidas
2496 920 2788 982 graecatum
2834 912 2882 951 '19
2938 914 3052 985 (30)
3107 914 3416 987 Esculapio
3493 916 3815 973 adulantur.

2218 999 2429 1068 Quanto
2458 1007 2581 1055 tunc
2611 1000 2785 1072 magis
2839 1017 3040 1075 arguas
3083 1003 3237 1068 illud,
3282 1010 3337 1057 et
3386 1020 3584 1075 urgeas
3615 1007 3818 1078 oculis,

2220 1088 2346 1145 etsi
2390 1088 2502 1157 jam
2558 1088 2819 1160 simplicis
2875 1099 2928 1145 et
2974 1089 3314 1157 inaffectata,
3379 1100 3554 1148 tamen
3612 1109 3817 1165 super-

2216 1176 2424 1233 sitionis
2450 1193 2599 1232 reum
2620 1178 2648 1233 ?
2678 1178 2965 1236 Enimvero
2996 1194 3119 1234 cum
3150 1179 3287 1235 banc
3325 1179 3557 1251 primum
3589 1183 3814 1255 sapien-

2218 1267 2345 1323 tiam
2371 1266 2555 1329 vestit,
2586 1283 2709 1339 quae
2754 1267 3056 1323 vanissimis
3097 1267 3571 1338 superstitionibus
3609 1274 3813 1341 renuit,

2216 1365 2344 1412 tunc
2402 1357 2696 1413 certissime
2738 1355 2960 1427 pallium
3017 1373 3183 1428 super
3237 1374 3425 1414 omnes
3474 1362 3701 1417 exuvias
3759 1373 3815 1419 et

2213 1444 2403 1515 peplos
2431 1452 2661 1516 augusta
2698 1446 2860 1503 vestis
2910 1462 3183 1518 superque
3225 1462 3415 1505 omnes
3454 1449 3635 1521 apices
3672 1453 3727 1490 ⁸ο
3755 1462 3813 1509 et

2214 1532 2415 1589 tutulos
2469 1534 2721 1590 sacerdos
2784 1542 3072 1607 suggestus
3151 1537 3286 1607 (31).
3366 1536 3554 1603 Deduc
3616 1541 3811 1596 oculos

2213 1623 2433 1692 suadeo,
2464 1639 2712 1681 reverere
2743 1624 2987 1682 habitum
3038 1624 3199 1682 unius
3228 1624 3449 1683 interim
3492 1630 3700 1687 erroris
3732 1631 3809 1688 tui

2136 1687 2179 1765 Β
2215 1710 2658 1769 renuntiatorem.

2844 1852 3068 1910 CAPUT
3106 1854 3171 1913 V.

2278 1978 2500 2043 Tamen,
2542 1975 2739 2048 inquis,
2770 1976 2845 2032 ita
2875 1991 2909 2033 a
2941 1987 3083 2052 toga,
3115 1978 3181 2034 ad
3204 1979 3471 2051 pallium?
3502 1981 3631 2053 quid
3654 1984 3801 2039 enim

2208 2066 2252 2122 si
2282 2085 2313 2123 a
2338 2066 2638 2123 diademate
2665 2073 2717 2121 et
2746 2082 2776 2121 a
2815 2075 3031 2138 sceptro
3055 2069 3083 2123 ?
3104 2084 3171 2123 an
3209 2067 3364 2125 aliter
3393 2071 3619 2127 mutavit
3648 2074 3799 2127 Ana-

2205 2156 2429 2224 charsis,
2448 2173 2571 2212 cum
2599 2171 2766 2230 regno
2787 2156 3018 2228 Scythiae
3068 2157 3465 2230 philosophiam
3487 2163 3801 2231 praevertit?

2203 2245 2365 2301 Nulla
2394 2246 2448 2299 in
2486 2245 2673 2299 melius
2702 2245 3025 2319 transgressi
3055 2246 3101 2284 31
3132 2247 3238 2301 sint
3267 2247 3442 2319 signa,
3475 2256 3558 2304 est
3586 2251 3801 2305 habitus

2204 2335 2307 2393 iste
2344 2334 2487 2406 quod
2515 2334 2698 2390 faciat.
2748 2334 2901 2391 Prius
2939 2334 3103 2390 etiam
3131 2335 3197 2390 ad
3231 2335 3535 2408 simplicem
3570 2338 3799 2398 1046

2204 2425 2518 2495 captatelam
2546 2424 2597 2463 ⁸2
2643 2425 2757 2497 (32)
2784 2426 2926 2497 ejus,
2966 2424 3113 2481 nullo
3150 2424 3310 2482 taedio
3360 2436 3614 2486 constat:
3656 2430 3797 2487 adeo

1860 2522 2051 2587 Variae
2096 2526 2410 2587 lectiones.

566 2631 617 2673 ⁷8
644 2633 851 2692 Montes
880 2636 1048 2692 Fran.
1085 2631 1135 2671 79
1162 2630 1390 2690 Cretam
1409 2630 1682 2705 graecatim
1705 2633 1877 2690 Fran.
1907 2631 1960 2671 ⁸ο
1986 2631 2185 2704 Apices
2214 2638 2268 2687 et
2298 2630 2482 2687 titulos
2526 2629 2697 2687 Seml.
2728 2629 2774 2669 81
2808 2630 3201 2703 Transgressus
3231 2635 3397 2691 Fran.
3430 2634 3482 2673 ⁸³
3507 2635 3786 2707 Spectati-

496 2707 605 2763 lam
631 2709 802 2765 Fran.

1896 2773 2391 2838 Commentarios.

567 2861 682 2930 (17)
711 2859 937 2917 Lentuli
947 2857 1186 2930 auguris
1203 2854 1498 2930 consultis.
1522 2854 1619 2911 Cn.
1639 2854 2087 2930 Lentuluseaugur

494 2927 615 2986 cum
636 2932 787 2985 Publ.
828 2927 1053 2985 Lentulo
1092 2928 1344 2998 primum,
1386 2929 1580 2982 iterum
1610 2943 1729 2983 cum
1781 2929 1850 2983 Μ.
1884 2927 2082 2984 Crasso

2193 2870 2287 2930 seu
2315 2853 2557 2930 Mine_rva
2581 2850 2816 2930 calceata
2846 2855 3014 2911 furvis
3042 2855 3250 2930 galeam
3276 2859 3478 2916 formis.
3498 2858 3625 2930 Ipse
3643 2858 3788 2916 Ter-

2196 2925 2309 3001 tull.
2342 2926 2424 3001 de_
2445 2926 2670 3001 Testim.
2705 2941 2800 2981 an.
2831 2944 2960 3001 pag.
2991 2925 3081 2982 82⁷.
3110 2929 3235 2984 Rte.

495 2975 812 3058 ΞὸἑὶὲῐιΓῖιίἰι
828 2975 1075 3072 ἰἷᾶέῦέά
1093 2975 1345 3072 ἴέὶίῷὃῆ
1369 2975 2084 3072 ε’ἆὶιὲ”ἑ;ἆιῖέῦιιὶξ’ᾀιι”ὀὶι“”ᾆὲ
2115 2975 2159 3055 C
2198 2975 2467 3072 ξῐὲιῖιτὶ
2480 2975 2734 3072 Halani
2744 2975 2965 3072 ἃῆεξιὶἓέ
2980 2975 3281 3070 filia-nim.
3306 3003 3539 3057 Mentem
3557 2998 3784 3072 fugatur

494 3082 862 3127 matronarum
892 3069 1072 3125 habitu
1102 3072 1201 3125 sub
1229 3084 1294 3125 eo
1322 3069 1517 3124 factum
1547 3077 1648 3135 est,
1701 3069 1856 3125 nulla
1880 3070 2081 3125 mentio

492 3144 636 3214 apud
676 3143 941 3199 Senecam
976 3151 1030 3197 et
1058 3141 1375 3197 Suetonium
1405 3141 1500 3212 qui
1529 3142 1596 3196 de
1625 3156 1691 3196 eo
1721 3140 1889 3197 locuti
1931 3148 2079 3197 sunt.

490 3216 676 3356 Magi
708 3285 815 3341 Pro
836 3289 1030 3357 stupro
1060 3286 1186 3341 erat
1211 3299 1398 3356 paena.
1421 3283 1553 3357 Tem
1580 3281 1739 3340 foeda:
1767 3290 2081 3340 exauctora-

492 3354 623 3414 tioni
653 3354 840 3411 eadem
870 3354 1051 3425 poena,
1082 3354 1436 3427 quae‘stupro.
1467 3354 1594 3410 Rm.

560 3429 674 3499 (19)
698 3430 765 3483 Et
779 3424 986 3500 stolam
1001 3431 1059 3485 et
1076 3424 1409 3500 suppardm,
1424 3432 1527 3500 etc.
1540 3426 1821 3500 Turnebus
1834 3424 2083 3500 erepidu-

487 3496 782 3580 laurlegitz
819 3499 913 3580 sed
954 3496 1332 3580 magis'placet
1358 3496 1575 3580 vulgata
1604 3497 1938 3580 lectioeiﬂam
1959 3511 2079 3580 ore:

485 3567 713 3639 pitulurﬁ
741 3569 901 3625 Festo
930 3567 1199 3642 signiﬁcat
1238 3567 1613 3642 ornamentum
1665 3568 1874 3642 capitis,
1911 3567 2079 3642 _quo_d

484 3638 539 3696 in
574 3642 763 3712 capitis
794 3652 939 3696 motu
970 3638 1236 3712 crepitum
1283 3638 1430 3712 facit.
1476 3638 1841 3712 caliendrum,
1897 3638 2081 3712 inquit

483 3708 788 3779 Turnebus,
836 3708 1237 3781 cperimentum
1275 3711 1488 3781 capitis
1515 3708 1781 3781 significat
1827 3725 1857 3762 a
1885 3708 2079 3765 Graeco

481 3786 751 3855 xaijxatvov;
771 3779 1085 3853 usurpatum
1111 3783 1269 3836 etiam
1291 3779 1528 3837 Arnobio
1558 3779 1652 3836 lib.
1685 3794 1741 3834 γι
1763 3781 1887 3835 adv.
1926 3781 2077 3838 Gen-

485 3860 586 3911 tes.
618 3855 762 3909 ΡΑιί.

558 3926 672 3993 (20)
699 3926 855 3997 ipsas
906 3938 1144 3997 quoque_
1173 3922 1443 3997 ﬁclgices.
1491 3920 1773 3997 Fictricem
1820 3921 2080 3997 adjungit

480 3992 872 4067 lupteeglénam
912 3992 1219 4067 meretrici.
1277 3992 1495 4057 Fictrix,
1572 3992 1929 4067 simulatrix,_
1956 3992 2077 4067 qua

484 4062 826 4125 conciliando
863 4066 1033 4138 amori
1086 4063 1318 4123 exitiove
1360 4079 1515 4122 cerea
1570 4065 1854 4121 simulacra
1877 4062 2074 4138 'ﬁngit,

481 4138 736 4203 veneﬁca,
768 4138 905 4193 lena.
936 4137 1064 4192 Rto.

556 4210 670 4281 (2t)
728 4211 823 4281 Vel
862 4207 1137 4265 sublimis.
1218 4207 1401 4265 Oculis
1457 4206 1662 4266 scilicet
1708 4214 2071 4265 transversum

486 4280 781 4339 tuentibus.
812 4280 940 4336 me.

554 4333 688 4423 (2—2)—
703 4333 1148 4409 immundiorem
1170 4350 1287 4423 loco
1306 4352 1579 4411 emicem
1592 4351 1899 4409 monilibus
1934 4367 2071 4423 con-
2103 4333 2147 4410 ο

481 4422 691 4482 solata.
726 4424 979 4481 Cervices
1015 4438 1142 4479 suas
1169 4422 1369 4479 infelici
1401 4424 1605 4479 latrinae
1642 4424 1882 4479 lavandae
1910 4422 2071 4479 mini-

480 4495 648 4554 sterio
699 4495 976 4551 damnatas
1050 4495 1423 4552 absurdissimi
1503 4495 1662 4551 luxus
1731 4494 2071 4565 imriudentia

480 4567 812 4624 consolatur.
841 4567 967 4622 Bm.

551 4639 665 4713 (23)
683 4640 922 4713 [mpura
952 4638 1114 4695 cruri
1132 4654 1379 4713 parum,
1421 4635 1846 4713 etc.‘Quoniam
1890 4636 2071 4713 calcei

478 4708 955 4782 apud'ARor’nanos
1002 4708 1176 4766 cruris
1216 4718 1426 4780 partem
1472 4708 1747 4778 velabant,
1797 4709 2068 4776 cothurni,

477 4780 624 4839 unde
643 4780 806 4840 Ovid.
839 4782 932 4838 lib.
976 4795 1040 4837 ιιι
1076 4782 1143 4839 de
1171 4784 1307 4839 Arte
1334 4801 1355 4839 :

598 4862 689 4912 Pes
725 4862 889 4911 malus
922 4860 973 4910 in
1003 4861 1154 4910 nivea
1186 4875 1379 4925 semper
1403 4860 1589 4911 celetur
1612 4861 1766 4910 aluta.

540 4926 725 4981 Mullei
752 4925 1157 4995 autemcalcei,
1204 4922 1558 4995 alii’perones
1587 4932 1759 4995 erant,
1818 4922 2061 4995 aliiun-

471 4996 655 5067 cinati,
684 4997 777 5068 qui
814 4994 1215 5069 magistratibus
1266 4994 1437 5050 functi
1486 4995 1714 5069 fuerant,
1745 4994 2058 5069 gestabant

469 5066 722 5141 mulleos,
753 5066 953 5123 milites
990 5066 1363 5141 fulmentatos,_
1410 5067 1589 5141 caeteri
1633 5066 1860 5137 perories
1898 5082 2053 5141 gere-

466 5138 596 5194 bant
624 5150 678 5196 et
705 5141 913 5196 calceos
942 5135 1318 5211 ὼμοϐυρσίνους.
1343 5136 1546 5211 ΙΑΕΠΡΒ.

535 5211 648 5283 (24)
685 5211 755 5267 0b
785 5215 985 5269 notam
1010 5212 1187 5283 vittae
1203 5213 1258 5265 et
1287 5210 1643 5283 privilegium
1662 5210 1860 5281 galeri.
1879 5210 2047 5283 Notae

535 5228 648 5283 (ac)
685 5228 755 5267 υο
785 5228 985 5269 notam
1014 5228 1175 5267 mle
1203 5228 1258 5265 er
1287 5228 1643 5335 prwue‘qium
1662 5228 1860 5281 galeri.
1893 5228 2039 5265 noue

459 5285 810 5351 matronales,
824 5299 921 5339 seu
942 5280 1222 5353 privilegie
1243 5289 1478 5353 matrona
1504 5282 1571 5347 ia,
1590 5283 1719 5337 vitta
1737 5291 1790 5337 et
1808 5282 2039 5353 galerus,

455 5363 507 5409 et
537 5363 905 5411 matronarum
934 5350 1161 5423 quidem
1182 5350 1363 5406 Cereri
1403 5352 1748 5411 initiatarum.
1781 5350 2038 5408 Galeriam

452 5436 635 5483 autem
666 5425 907 5499 intellige
936 5422 1403 5499 candidum._BtG.

520 5500 636 5568 (25)
677 5493 985 5554 Teneb‘ricae
1012 5496 1199 5550 vestis.
1230 5494 1428 5568 Nigrae.
1465 5493 1588 5568 me.

2191 3065 2474 3143 fanaticus,
2512 3068 2602 3143 qui
2631 3067 2684 3122 in
2714 3071 2829 3143 aede
2852 3065 3087 3125 Bellonae
3117 3071 3297 3128 furore
3327 3065 3649 3143 corripitur:
3668 3074 3782 3128 Bel-

2192 3138 2459 3217 l_on_arius,
2515 3138 2912 3217 Geomopet'ipzvoc.
2963 3143 3087 3197 RiG.
3120 3172 3191 3183 —
3248 3144 3428 3217 Vulgo
3461 3138 3677 3217 legunt;
3722 3144 3781 3199 in

2191 3209 2425 3293 Bellonae
2455 3209 2678 3293 montes
2704 3209 2978 3293 fugantur,
3018 3221 3070 3268 et
3110 3209 3397 3293 antequam
3438 3209 3620 3293 prima
3638 3216 3779 3293 Ier-

2188 3282 2399 3357 tulliani
2428 3282 2857 3357 prodireteditio
2903 3294 3111 3357 nostra,
3132 3282 3456 3357 sciebamus
3482 3287 3625 3357 apud
3655 3287 3777 3343 Au-

2188 3355 2466 3478 gustinum
2506 3353 2562 3407 in
2592 3353 2725 3408 actis
2751 3354 3089 3437 purgationis
3117 3356 3408 3427 Cteciliani,
3454 3353 3779 3413 mentionem

2227 3426 2303 3478 eri
2338 3424 2533 3478 montis
2558 3424 2814 3478 Bellonm.
2861 3434 3012 3478 iuxta
3040 3426 3435 3478 Carthaginem-
3468 3445 3580 3478 auo
3633 3444 3776 3478 non-

2227 3424 2533 3501 erimontis
2558 3424 2814 3501 Bellonae,
2857 3424 3012 3495 juxta
3040 3424 3435 3501 Carthaginem,
3468 3445 3580 3501 quo
3633 3444 3776 3484 non-

2188 3495 2325 3551 nulli
2352 3512 2473 3551 sese
2523 3502 2649 3552 tunc
2693 3498 2746 3551 in
2805 3498 3179 3556 persecutione
3238 3495 3611 3556 contulerant.
3671 3501 3768 3555 Sed

2187 3564 2669 3641 cumautgmontes
2708 3564 3311 3641 Bellonaaicomplures,
3378 3582 3471 3628 aut
3526 3571 3774 3627 Bellona-

2188 3640 2299 3693 rios
2328 3640 2380 3691 in
2438 3639 2673 3713 Bellonae
2704 3647 2909 3713 montes
2932 3639 3157 3713 fugatos
3194 3639 3357 3698 fuisSe
3403 3658 3562 3699 nemo
3592 3643 3777 3698 hacte-

2189 3726 2290 3764 nus
2318 3710 2717 3775 monstraverit;
2768 3711 2876 3767 imo
2923 3710 3183 3768 fanaticos
3228 3715 3529 3769 vehementi
3589 3714 3778 3769 furore

2187 3780 2240 3834 in
2271 3780 2392 3836 fano
2430 3781 2674 3853 Bellonae
2705 3792 3003 3853 correptos,
3042 3783 3163 3839 ideo
3184 3784 3515 3840 Bellonarios
3542 3785 3649 3841 dici
3678 3800 3777 3840 au-

2189 3861 2363 3907 ctores
2400 3850 2756 3927 antiquissimi
2805 3850 3150 3927 tradiderint,
3193 3856 3349 3911 facile
3389 3857 3531 3927 passi
3582 3872 3775 3911 sumus

2185 3923 2499 4047 persuaderi
2525 3923 2699 3991 nobis,
2730 3925 3003 3997 vulgatam
3034 3926 3319 3983 lectionem
3359 3923 3461 3983 hoc
3504 3927 3629 3985 loco
3678 3928 3778 3983 de-

2208 3994 2331 4047 endi
2370 3994 2520 4047 nullo
2538 3995 2701 4047 modo
2736 4011 2918 4047 nosse.
2953 3997 3189 4047 adeonue
3226 3998 3515 4047 legendum
3560 4002 3613 4047 in
3646 3998 3774 4047 Bel—

2208 3994 2331 4050 endi
2370 3994 2520 4050 nullo
2538 3995 2701 4071 modo
2736 3994 2919 4066 posse,
2953 3997 3189 4071 edeo_que
3226 3998 3517 4071 legendum
3560 3998 3774 4071 iniﬂel—

2184 4063 2327 4121 Ionas
2364 4074 2573 4139 mentes
2616 4063 2885 4139 fugantur.
2953 4068 3013 4123 In
3067 4063 3320 4139 Bellona},
3364 4070 3567 4127 scilicet
3619 4070 3771 4139 fano,

2185 4147 2392 4214 mentes
2418 4137 2702 4214 fugantur,
2723 4138 2801 4195 illi
2826 4154 3025 4214 nempe
3054 4140 3208 4214 queis
3249 4137 3403 4197 mens
3431 4151 3485 4197 et
3509 4140 3646 4214 ratio
3675 4137 3773 4211 per

2180 4206 2415 4294 furorem
2442 4206 2712 4294 eripitur,'
2738 4206 3266 4294 eodemq‘uen'modo,
3311 4221 3541 4294 mentes
3586 4206 3773 4285 fugari

2181 4279 2447 4357 dicuntur,
2479 4279 2752 4357 quomodo
2788 4291 2842 4338 et
2871 4279 3004 4357 ratio
3028 4279 3327 4357 fugere,et
3354 4294 3563 4357 mentes
3590 4279 3769 4357 viga—

2179 4350 2242 4428 ri,
2275 4350 2517 4417 alienari,
2538 4351 2776 4428 _t_nove_ri,
2823 4350 3167 4428 praecipitari,
3196 4350 3414 4428 agitari,
3461 4364 3515 4411 et
3544 4350 3767 4412 contra-

2176 4423 2258 4478 rio
2278 4438 2442 4499 sensu
2462 4422 2658 4499 redire.
2691 4422 2951 4499 Salmasio
2982 4422 3177 4499 placet,
3206 4422 3421 4499 mentes
3458 4428 3762 4499 fugantur.

2218 4510 2284 4547 ua
2328 4494 2519 4570 forma__
2545 4493 2722 4570 Graeci
2758 4497 2946 4570 dicunt
2981 4493 3171 4559 tatam
3193 4496 3256 4570 78%
3311 4493 3503 4570 φιιενόὲ1
3526 4493 3766 4554 ⁷Μθιιιθε

2206 4578 2431 4641 agantur
2470 4564 2603 4641 dixit
2637 4565 2949 4641 Septimius,
3008 4579 3065 4624 ut
3122 4569 3227 4626 col.
3270 4564 3427 4625 1034.
3467 4567 3764 4641 Campania

2177 4638 2361 4707 erepta
2387 4638 2663 4707 Pompeio.
2696 4638 2776 4693 La
2805 4638 2903 4692 Pa.

2248 4708 2363 4779 (28)
2378 4709 2635 4781 Latiaris
2659 4725 2936 4781 purpura:
2966 4710 3220 4769 ambitio.
3268 4712 3559 4770 Saturnum
3585 4711 3763 4768 ambit

2171 4788 2224 4834 et
2253 4779 2416 4835 vestit
2441 4779 2600 4833 latior
2632 4779 2886 4850 purpura.
2920 4782 3044 4837 Rw.

2241 4853 2364 4925 (29),
2394 4850 2631 4925 Galatici
2658 4850 2900 4908 ruboris.
2935 4852 3201 4912 Coccinei.
3262 4854 3481 4925 Plinius,
3517 4856 3757 4914 Coccum

2174 4921 2415 4978 Galatiae
2433 4924 2636 4979 rubens
2672 4940 2936 4995 granum.
2968 4925 3092 4981 Rm.

2237 4996 2352 5071 (3p)
2397 4995 2649 5071 Qrepidte
2688 5000 3018 5071 graecatum.
3051 4997 3296 5070 Crepidte
3348 5005 3639 5071 grauatus,
3670 5006 3759 5054 est

2160 5064 2377 5135 crepida
2405 5064 2739 5123 Graecanica.
2777 5069 2903 5125 Bto.

2187 5138 2344 5217 .(3‘1)
2387 5137 2652 5217 Sacerdos
2678 5143 3017 5217 suggestus.
3066 5138 3428 5198 Sacerdotalis
3498 5148 3753 5209 ornatus,

2155 5210 2231 5264 sic
2264 5210 2472 5265 Persius
2509 5212 2623 5266 Sat.
2668 5215 2693 5266 1
2730 5228 2745 5266 :

2245 5297 2369 5346 Ecce
2397 5298 2544 5349 modo
2574 5299 2752 5349 heroas
2786 5315 2967 5352 sensus
3001 5300 3197 5352 adferre
3231 5303 3469 5354 docemus

2240 5358 2429 5424 Nugari
2465 5362 2639 5413 solitos
2667 5363 2855 5422 Grtece,

2146 5424 2246 5480 hoc
2275 5439 2374 5491 est,
2418 5427 2635 5491 heroos,
2668 5444 2765 5482 seu
2803 5428 3047 5484 heroicos
3090 5444 3303 5485 sensus.
3343 5430 3468 5487 Rm.

2170 5569 2181 5580 ι
2212 5498 2326 5569 (32)
2352 5499 2432 5555 Ad
2442 5500 2757 5583 simplicem
2776 5502 3140 5583 captatelam.
3161 5501 3250 5583 Sic
3267 5501 3504 5583 restituit
3533 5500 3753 5583 Salma-

511 5565 625 5643 (26)
664 5569 865 5627 Tetrici
908 5583 1083 5642 supra
1115 5571 1285 5640 caput
1312 5566 1556 5625 velleris.
1606 5565 1778 5639 Tetri,
1816 5565 2032 5626 Bellona
2138 5565 2252 5628 sius
2297 5565 2363 5628 ex
2414 5565 2611 5629 veteris
2645 5565 2924 5644 scripturae
2981 5572 3243 5647 vestigiis,
3305 5574 3407 5632 hoc
3449 5582 3552 5645 est,
3606 5573 3753 5629 sim-
