4058 6172
162 304 294 364 “Ol

1503 305 1698 366 LIBER
1735 303 1820 367 DE
1883 302 2142 366 PALLIO.

3323 315 3459 380 1102

156 446 260 526 nec
284 432 556 526 artificem
587 449 804 489 necesse
832 443 933 500 est,
964 434 1060 506 qui
1088 434 1259 506 pridie
1285 447 1450 504 rugas
1489 432 1554 486 ab
1593 446 1748 486 cxor—
1779 448 1826 526 A
1857 429 2156 501 cumfulcit,
2197 430 2330 487 nihil
2375 433 2813 506 circumstringit,
2862 434 2998 492 nihil
3039 437 3107 494 de
3154 440 3455 499 tabularum

157 518 250 574 dio
279 517 494 589 formet,
515 527 571 576 et
589 521 717 576 inde
737 520 965 576 deducat
992 521 1222 578 intalias
1239 520 1290 559 33
1313 520 1448 592 (33),
1471 527 1748 588 totumqne

155 608 422 665 contracti
450 609 701 667 umbonis
739 608 1056 684 ﬁgmentum
1098 608 1414 667 custodibus
1457 605 1756 679 forcipibus

153 697 418 770 assignet,
460 697 659 755 dehinc
686 698 926 756 diluculo
954 699 1135 755 tunica
1154 699 1306 769 prius
1333 695 1553 772 cingulo
1579 709 1756 751 corre-

158 794 272 857 pta,
293 802 456 858 quam
485 785 779 858 praestabat
807 786 1235 844 moderationem
1251 786 1303 825 ⁸⁵⁸
1324 785 1583 851 texuisse,
1605 798 1756 840 reco-

153 875 311 948 gnito
340 892 529 934 rursus
556 879 812 947 umbone,
859 884 914 934 et
954 877 1001 932 si
1046 877 1174 949 quid
1218 873 1536 932 exorbitavit
1578 871 1756 928 refor-

154 973 324 1029 mato,
370 972 578 1037 partem
609 964 831 1037 quidem
859 966 926 1022 de
961 966 1102 1022 laevo
1145 965 1447 1039 promittat,
1494 962 1758 1019 ambitum

156 1069 288 1109 vero
315 1054 438 1122 ejus
467 1070 530 1110 ex
559 1070 666 1125 quo
697 1055 847 1110 sinus
875 1055 1116 1111 nascitur
1147 1054 1262 1125 jam
1292 1052 1660 1110 deficientibus
1688 1058 1762 1108 ta-

163 1141 323 1211 bulis,
345 1143 582 1198 retrahat
610 1157 643 1198 ο,
674 1142 925 1214 scapulis,
948 1151 1001 1200 et
1031 1144 1245 1200 exclusa
1275 1143 1465 1199 dextra
1492 1141 1547 1195 in
1570 1141 1759 1196 laevam

161 1230 336 1286 adhuc
352 1239 618 1302 congerat
639 1231 755 1302 (34)
775 1247 900 1288 cum
929 1232 1038 1288 alio
1063 1247 1190 1302 pars
1219 1232 1398 1287 tabulo
1420 1230 1476 1286 in
1499 1237 1656 1300 terga
1670 1229 1762 1283 de-

160 1327 285 1376 voto
326 1320 462 1390 (35),
493 1328 663 1392 atque
711 1320 785 1375 ita
828 1320 1102 1377 hominem
1132 1319 1339 1378 sarcina
1368 1317 1577 1375 vestiat.
1609 1316 1760 1374 Con-

157 1406 438 1463 scientiam
478 1407 716 1482 denique
773 1413 923 1464 tuam
968 1409 1294 1481 perrogabo,
1334 1407 1463 1478 quid
1513 1413 1564 1463 te
1613 1406 1762 1476 prius

163 1494 219 1550 in
245 1502 374 1567 taga
421 1496 624 1553 sentias
652 1495 922 1566 indutum,
970 1512 1109 1552 anne
1155 1496 1458 1554 onustum?
1486 1494 1542 1550 Si
1588 1509 1762 1567 nega-

159 1583 270 1653 bis,
311 1584 534 1643 domum
561 1601 886 1658 consequar,
916 1585 1111 1644 videbo
1142 1586 1270 1659 quid
1298 1584 1476 1641 statim
1505 1599 1541 1641 a
1576 1582 1762 1639 limine

157 1689 442 1746 properes.
471 1674 681 1734 Nullius
706 1675 952 1748 profecto
993 1675 1214 1734 alterius
1253 1672 1549 1731 indumenti
1578 1686 1758 1744 eXpO-

1863 517 1971 574 ﬁde
2009 520 2232 588 laborat,
2282 522 2435 579 facile
2483 539 2604 579 sese
2635 523 2792 594 regit,
2847 524 2999 582 facile
3049 525 3217 584 reficit
3249 550 3262 584 :
3294 531 3457 588 etiam

1863 623 1986 664 cum
2015 611 2306 680 exponitur
2332 612 2402 680 ετ,
2436 613 2566 668 nulli
2597 613 2743 669 cruci
2762 614 2812 650 ⁸8
2832 613 2887 668 in
2918 616 3213 673 crastinum
3239 621 3459 677 deman-

1863 694 2019 750 datur
2050 697 2187 768 (40).
2230 698 2285 753 Si
2312 699 2441 770 quid
2471 699 2717 755 interulae
2761 701 2946 756 subter
2977 711 3058 758 est
3085 704 3152 770 39,
3180 715 3331 763 vacat
3359 725 3456 765 zo-

1866 798 1950 838 na:
1980 792 2305 841 tormentum
2339 805 2352 840 ε
2385 789 2427 842 si
2477 788 2608 859 quid
2653 788 2919 844 calceatus
2969 791 3260 863 inducitur,
3297 812 3456 853 mun-

1865 869 2145 926 dissimum
2175 888 2312 946 Opus
2339 881 2454 932 est:
2481 885 2571 931 aut
2599 877 2767 944 pedes
2798 876 2929 932 nudi
2959 879 3155 951 magis,
3191 891 3337 938 certe
3369 884 3458 938 vi-

1869 960 1994 1016 riles
2022 960 2196 1032 magis
2228 978 2392 1034 quam
2424 964 2480 1017 in
2508 963 2726 1037 calceis.
2758 965 2882 1020 Haec
2907 981 3006 1036 pro
3032 967 3192 1036 pallio
3223 970 3459 1044 interim,

1868 1057 2128 1120 quantum
2175 1052 2391 1108 nomine
2418 1051 2705 1110 comitiasti
2733 1054 2785 1091 9°
2812 1053 2952 1125 (41).
2984 1056 3102 1110 Jam
3133 1074 3261 1115 vero
3291 1069 3346 1115 et
3391 1064 3459 1118 de

1868 1139 2085 1212 negotio
2112 1151 2372 1211 provocat
2411 1141 2545 1213 (42).
2578 1142 2718 1215 Ego,
2749 1142 2942 1216 inquit,
2975 1145 3105 1200 nihil
3135 1147 3271 1218 foro,
3322 1150 3465 1209 nihil

1868 1243 2078 1300 campo,
2113 1230 2252 1285 nihil
2303 1232 2467 1288 curiae
2511 1233 2685 1289 debeo
2734 1249 2746 1290 :
2795 1234 2925 1289 nulli
2972 1235 3150 1292 officio
3195 1240 3456 1313 advigilo,

1871 1316 2015 1373 nulla
2052 1327 2230 1374 rostra
2275 1322 2815 1392 praeoccupohnulla
2868 1325 3118 1392 praetoria
3165 1329 3394 1388 observo
3442 1350 3458 1389 :

1870 1405 2087 1462 canales
2116 1421 2224 1461 non
2253 1408 2422 1465 odoro
2468 1408 2604 1480 (43),
2635 1410 2906 1466 cancellos
2953 1428 3058 1468 non
3106 1414 3272 1470 adoro
3316 1419 3454 1490 (44),

1871 1494 2134 1550 subsellia
2170 1510 2278 1552 non
2307 1498 2604 1568 contundo,
2633 1499 2762 1568 jura
2789 1513 2899 1555 non
2927 1504 3210 1571 conturbo,
3242 1520 3463 1566 caussas

1871 1596 1980 1674 non
2005 1582 2194 1674 elatro,
2216 1600 2322 1640 non
2337 1586 2542 1674 judicp,
2573 1602 2681 1642 non
2712 1587 2903 1654 milito,
2930 1590 3126 1646 secessi
3149 1593 3216 1650 de
3236 1597 3462 1670 populo,

1870 1668 1925 1725 in
1967 1686 2056 1726 me
2098 1671 2319 1729 unicum
2377 1668 2652 1747 negotium
2696 1676 2828 1730 mihi
2876 1687 2960 1732 est
3004 1680 3134 1749 (45),
3168 1681 3272 1736 nisi
3319 1668 3466 1744 aliud

159 1741 289 1820 sitio
317 1779 482 1838 quam
527 1772 669 1837 togte
707 1741 1030 1838 gratulatur.
1073 1763 1305 1821 Calceos
1333 1762 1467 1819 nihil
1503 1741 1755 1829 dicimus,
1796 1741 1840 1819 Β
1872 1774 1979 1816 non
2016 1775 2147 1817 curo
2201 1777 2359 1834 quam
2399 1741 2478 1818 ne
2500 1779 2710 1820 curem.
2763 1765 2880 1822 Vita
2917 1741 3143 1824 meliore
3189 1773 3361 1843 magis

154 1851 447 1924 prOprium
476 1857 618 1925 togm
646 1859 970 1910 tormentum
1003 1853 1140 1924 (36),
1165 1850 1652 1908 immundissimam
1672 1866 1766 1921 pe-

156 1941 300 1996 dum
347 1940 591 2008 tutelam,
639 1955 829 1997 verum
883 1949 939 1997 et
986 1941 1198 2009 falsam,
1255 1954 1420 2012 quem
1464 1938 1609 1994 enim
1655 1954 1764 1996 non

160 2026 422 2098 expediat
484 2029 539 2084 in
586 2027 772 2103 algore
833 2036 888 2086 et
933 2029 1127 2087 ardore
1183 2028 1364 2102 rigere
1415 2027 1764 2100 nudipedem,

161 2130 330 2190 quam
379 2115 434 2172 in
483 2117 668 2173 calceo
715 2117 1058 2190 vincipedem
1103 2117 1154 2157 35
1175 2117 1204 2173 7
1240 2133 1500 2190 magnum
1536 2115 1768 2174 incessui

167 2202 563 2263 munimentum
629 2205 852 2262 sutrinae
929 2206 1153 2264 venetiae
1225 2220 1555 2277 prospexere
1626 2206 1766 2276 (37),

171 2309 408 2368 perones
435 2292 797 2351 effeminatos.
820 2296 892 2350 At
917 2294 1063 2351 enim
1092 2294 1255 2366 pallio
1282 2293 1416 2350 nihil
1443 2293 1766 2366 expeditius,

167 2384 338 2443 etiam
365 2382 413 2439 si
441 2382 659 2456 duplex,
703 2383 852 2455 quod
895 2383 1129 2440 Cratetis
1165 2397 1319 2441 mora
1346 2397 1610 2456 nusquam
1640 2397 1766 2440 ves-

168 2473 358 2530 tiendo
385 2488 506 2530 cum
531 2472 745 2543 ponitur
771 2472 823 2511 εδ
845 2489 860 2528 z
885 2471 1088 2544 quippe
1129 2480 1232 2530 tota
1261 2470 1475 2527 molitio
1505 2471 1625 2540 ejus
1653 2469 1770 2544 (38)

167 2559 387 2633 aperire
422 2556 643 2615 l047
679 2567 764 2616 est
798 2560 1017 2618 solutim
1045 2561 1185 2630 (39).
1217 2559 1278 2615 Id
1306 2575 1372 2615 ex
1402 2573 1515 2615 uno
1539 2559 1770 2615 circum—

167 2650 323 2722 jectu
351 2648 474 2705 licet
513 2647 769 2720 equidem
806 2664 1074 2721 nusquam
1122 2648 1438 2715 inhumano,
1471 2647 1543 2703 ita
1589 2647 1772 2704 omnia

170 2736 411 2795 hominis
434 2735 592 2792 simul
619 2739 878 2811 contegit.
902 2738 1195 2794 Humerum
1222 2737 1410 2793 velans
1437 2737 1656 2807 exponit
1691 2735 1773 2793 vel

177 2825 422 2900 includit,
466 2826 802 2900 casteroquin
847 2829 1132 2884 humerum
1175 2827 1453 2896 adhaeret;
1483 2826 1615 2882 nihil
1658 2826 1770 2883 cir-

1873 1863 2126 1906 successu
2164 1849 2344 1907 fruare
2373 1867 2530 1926 quam
2561 1852 2615 1909 in
2646 1861 2924 1925 promptu,
2955 1857 3048 1910 sed
3093 1856 3337 1929 ignavam
3384 1864 3468 1920 in-

1875 1937 2105 1994 famabis
2129 1938 2199 1995 91.
2233 1938 2450 1996 Scilicet
2474 1942 2663 2012 patriae
2691 1950 2746 1998 et
2772 1942 3018 2014 imperio,
3053 1944 3235 2020 reique
3273 1949 3464 2009 viven-

1875 2023 2003 2081 dum
2031 2037 2133 2083 est.
2163 2027 2292 2084 Erat
2327 2027 2454 2084 olim
2498 2029 2599 2085 ista
2628 2031 2908 2088 sententia.
2947 2031 3121 2089 Nemo
3157 2035 3252 2091 alii
3281 2043 3469 2098 nasci-

1877 2121 1964 2170 tur
1991 2117 2283 2172 moriturus
2313 2117 2436 2175 sibi.
2479 2118 2633 2176 Certe
2675 2136 2800 2177 cum
2843 2120 2913 2176 ad
2960 2121 3220 2193 Epicuros
3267 2126 3382 2202 (46)
3412 2139 3469 2188 et

1877 2203 2126 2260 Zenonas
2154 2213 2374 2262 ventum
2403 2217 2565 2278 esset,
2599 2209 2871 2280 sapientes
2900 2225 3077 2278 vocas,
3114 2222 3282 2270 totum
3309 2219 3467 2288 quie-
3567 2225 3575 2232 ’

1877 2292 1946 2346 tis
1984 2293 2376 2366 magisterium,
2418 2296 2508 2368 qui
2540 2312 2659 2351 eam
2691 2314 2915 2354 summae
2948 2310 3107 2372 atque
3153 2304 3466 2366 unicae'vo-

1875 2380 2095 2452 luptatis
2136 2383 2353 2440 nomine
2381 2399 2786 2442 consecravere.
2828 2389 3028 2444 Tamen
3079 2398 3466 2465 propemodum

1876 2468 2008 2524 nihil
2044 2484 2260 2542 quoque
2290 2471 2478 2528 licebit
2506 2471 2562 2528 in
2598 2472 2818 2532 I048
2867 2477 3140 2546 publicum
3181 2485 3467 2553 prodesse.

1877 2556 2035 2614 Soleo
2072 2560 2140 2615 de
2184 2559 2423 2631 qualibet
2469 2561 2713 2634 margine
2751 2566 2832 2620 vel
2880 2583 2973 2623 ara
3018 2569 3129 2638 (47)
3175 2574 3469 2634 medicinas

1877 2645 2124 2702 moribus
2153 2647 2353 2714 dicere,
2386 2665 2506 2720 qum
2534 2649 2745 2706 felicius
2773 2653 3006 2722 publicis
3037 2659 3218 2726 rebus,
3249 2672 3304 2718 et
3331 2665 3466 2722 civi-

1879 2737 2079 2793 tatibus
2132 2745 2186 2792 et
2243 2738 2487 2809 imperiis
2542 2739 2711 2794 bonas
2777 2743 3112 2802 valetudines
3167 2749 3468 2824 conferent,

1881 2841 2043 2897 quam
2071 2832 2174 2881 tua:
2218 2840 2417 2898 aperte.
2467 2825 2681 2900 Quippe
2708 2828 2756 2884 si
2801 2847 3022 2904 pergam
3051 2837 3119 2892 ad
3159 2849 3314 2896 acuta
3361 2845 3476 2920 (48)

1550 2955 1740 3018 Variae
1781 2957 2090 3020 lectiones.

247 3062 302 3102 as
329 3063 774 3146 TiliaiFanLea
801 3063 1227 3146 magal-agonem
1260 3063 1404 3146 gem,
1432 3062 1826 3146 siufcipeden'
1853 3066 2024 3146 ξναη.
2139 3061 2292 3146 {liora
2315 3076 2370 3116 n.
2409 3078 2463 3117 v.
2504 3065 2878 3146 componitur_
2893 3069 3060 3125 Fran.
3094 3071 3144 3111 ετ
3171 3073 3475 3146 Reponitur

172 3139 355 3196 Fran.
384 3136 434 3175 ⁸⁸
459 3136 630 3208 Cippo
661 3139 834 3194 Fran.
864 3136 916 3174 89
935 3133 1112 3207 Super
1142 3144 1226 3192 est
1254 3138 1427 3191 Fran.
1459 3133 1511 3176 9°
1539 3131 1831 3191 Concitasti
1862 3137 2034 3190 Fran.
2065 3131 2112 3172 9‘
2145 3132 2252 3189 Sed
2278 3132 2474 3204 ignava
2503 3133 2802 3207 infamique
2833 3140 3005 3198 Fran.

1577 3230 2074 3295 Commentarius.

161 3339 380 3430 plicem
426 3337 672 3430 capiendi
723 3335 1102 3430 vgstiendique
1144 3334 1601 3430 commoditatem.
1656 3337 1776 3430 No:
1809 3351 1854 3430 ο
1880 3333 2219 3430 ουξξφξὶῒλαε.
2248 3333 2374 3430 Ille.

175 3407 282 3467 luit
328 3407 690 3466 Tertullianus
743 3409 925 3466 dicere
967 3407 1272 3480 capturum
1313 3426 1332 3464 :
1386 3423 1516 3462 nam
1561 3409 1663 3463 hoc
1708 3407 1777 3480 ad

222 3483 402 3537 raedas
454 3482 704 3552 pertinet.
748 3480 939 3536 Noluit
986 3479 1344 3551 captionem;
1389 3495 1513 3534 nam
1562 3480 1665 3552 hoc
1707 3479 1777 3534 ad

222 3500 402 3537 Γωαᾶῧ
454 3500 704 3552 pertinet.
748 3500 939 3536 1‘0"!“
986 3500 1344 3551 captionem;
1389 3500 1513 3534 nam
1563 3500 1665 3534 noc
1707 3500 1772 3534 au

175 3500 428 3611 gaudes.
477 3551 661 3609 Noluit
707 3557 938 3623 captum
959 3570 989 3623 ,ﬁ
1035 3566 1157 3606 nam
1210 3553 1314 3606 hoc
1358 3551 1427 3605 ad
1474 3549 1772 3623 ingenium.

174 3625 306 3693 Qua
336 3624 508 3696 forma
537 3623 715 3696 igitur,
731 3621 859 3679 alibi
888 3621 1038 3696 dicit,
1073 3623 1414 3696 peccatelam,
1438 3631 1492 3676 et
1512 3621 1775 3677 monclam

175 3710 238 3752 et
268 3695 535 3763 fovelam;
563 3693 674 3767 qua
694 3694 866 3751 forma
894 3695 1024 3767 item
1050 3694 1245 3767 vulgus
1285 3693 1521 3767 tutelam,
1551 3699 1606 3748 et
1642 3707 1777 3767 cau-

177 3769 364 3834 telam,
393 3775 449 3823 et
476 3764 770 3837 loquelam,
818 3765 1008 3820 maluit
1039 3764 1219 3820 dicere
1266 3764 1599 3837 captatelam.
1649 3765 1774 3820 Βία.

259 3839 376 3910 (33)
424 3837 678 3895 Deducat
717 3839 1000 3910 inultas.
1049 3837 1113 3910 In
1157 3845 1418 3910 rugas-el
1461 3837 1772 3910 plicaturas,

176 3906 340 3982 quasi
364 3906 665 3982 'scissuras.
715 3908 921 3982 TaleasA
948 3917 1001 3963 et
1050 3906 1270 3964 taleolas
1317 3906 1500 3964 dixere
1547 3907 1778 3979 scripto-

173 3979 276 4038 res
304 3997 486 4037 rerum
515 3979 859 4036 rusticarum.
893 3979 1018 4037 Βία.

254 4054 373 4126 (34)
404 4052 730 4126 Et_exclusa
755 4051 997 4126 dextera
1023 4049 1088 4107 in
1120 4050 1328 4126 lituum
1364 4048 1551 4106 adhuc
1572 4065 1775 4122 conge-

177 4122 305 4182 rat.
329 4122 491 4196 Apud
522 4131 729 4196 veteres
756 4122 1049 4191 Romanos,
1078 4137 1270 4176 manus
1291 4123 1426 4196 intra
1446 4132 1653 4177 vestem
1684 4137 1779 4176 seu

181 4191 849 4268 togam'continebantur;
884 4202 938 4250 at
965 4206 1092 4268 vero
1123 4202 1313 4263 postea
1341 4191 1540 4248 factum
1554 4204 1628 4268 _n_t
1657 4200 1781 4264 toga

179 4263 288 4324 sub
337 4266 562 4323 brachio
605 4265 796 4322 dextro
853 4264 1240 4335 conjiceretur,
1287 4279 1504 4335 manum
1553 4263 1780 4318 liberam

182 4339 546 4410 relinqueret,
586 4337 677 4410 (de
717 4334 1006 4410 posteriori
1052 4334 1405 4410 ratione‘hic
1465 4334 1776 4410 Septimius.

181 4411 265 4466 Ita
295 4405 852 4481 Greciaa’philosophi
881 4408 1108 4481 pallium,
1123 4405 1426 4481 gestabant.
1469 4405 1553 4460 La
1577 4406 1672 4460 Pa.

259 4485 379 4550 (35)
425 4483 490 4537 In
539 4475 712 4554 terga,
743 4475 952 4539 ᾱθυοὶο.
999 4475 1258 4536 ῡεᾶίἱιιιο
1287 4493 1356 4554 ac
1403 4486 1673 4533 reservato
1720 4475 1774 4531 in

183 4569 317 4609 eum
349 4568 528 4616 usum,
562 4550 807 4608 ut'etiam
839 4562 987 4624 terga
1013 4559 1292 4606 ornentur.
1325 4550 1450 4604 Rm.

259 4624 383 4698 (36)
418 4625 637 4698 calceos
665 4619 957 4698 preprt'zm't
995 4627 1135 4694 togae
1167 4625 1542 4698 tormentum.
1576 4619 1780 4675 Etenim

186 4694 412 4751 calceos
451 4695 610 4767 simul
658 4693 780 4750 cum
828 4703 976 4767 toga
1009 4693 1314 4767 sumebant.
1365 4693 1554 4765 itaque
1599 4702 1780 4765 tagam

183 4767 510 4836 bajulabant
546 4765 600 4820 in
629 4767 811 4823 calceo
839 4765 1174 4837 vincipedes.
1207 4767 1329 4819 Bm.

261 4835 669 4909 (37)_Sutrina:
711 4840 947 4894 venalia:
985 4835 1332 4909 prospexerit.
1387 4835 1626 4909 Veneria;
1653 4835 1781 4909 olim

186 4908 343 4963 male
402 4907 715 4978 legebatur;
774 4919 897 4966 sunt
934 4907 1124 4965 autem
1167 4907 1390 4962 sutrina:
1441 4908 1684 4974 venetite,
1727 4907 1781 4962 in

189 4981 400 5052 quibus
429 4988 632 5036 venetae
657 4981 826 5052 pelles
851 4981 917 5036 ad
946 4979 1310 5038 conficiendos
1337 4979 1548 5035 calceos
1567 4993 1782 5034 accom-

190 5051 572 5108 modarentur.
607 5052 674 5108 Ut
711 5051 852 5107 enim
901 5051 957 5107 in
1007 5053 1335 5109 Venetorum
1377 5059 1542 5106 tractu
1591 5065 1787 5119 magna

192 5131 562 5181 armentorum
583 5122 759 5193 ecpia,
791 5123 863 5179 ita
892 5131 946 5179 et
972 5125 1190 5194 pellium
1220 5126 1286 5177 ad
1317 5123 1548 5178 calceos.
1581 5121 1658 5177 LE
1681 5124 1784 5194 Pa.

269 5197 389 5268 (38)
449 5197 585 5268 T0la_
629 5191 846 5268 molitio
889 5191 1029 5268 ejus.
1082 5194 1513 5268 Philos0phicum
1567 5191 1788 5268 pallium

192 5282 310 5323 uno
338 5267 539 5321 circum
568 5266 716 5336 jectu
738 5263 965 5323 liberuin
984 5283 1048 5324 ac
1075 5263 1315 5323 solutum
1335 5281 1532 5336 corpus
1557 5263 1790 5320 adstrin-

195 5339 279 5410 git
312 5336 703 5410 etqcircumdat.
735 5339 813 5394 LE
840 5339 938 5396 Pa.

271 5406 400 5480 (39)
433 5409 657 5481 Operire
693 5412 945 5468 solulim.
987 5408 1292 5467 Ambitione
1318 5407 1512 5478 soluta,
1543 5422 1651 5464 uno
1681 5407 1790 5464 cir-

200 5481 500 5550 cumjectu.
528 5481 660 5539 Βία.

275 5551 392 5625 (4ο)
422 5551 579 5611 Nulli
608 5556 671 5611 in
699 5557 1023 5615 crastinum
1041 5557 1202 5613 cruci
1221 5552 1617 5612 demandalur.
1646 5551 1794 5606 Idem

200 5633 286 5684 est
323 5625 474 5700 quod
515 5641 683 5700 supra
726 5627 888 5686 dixit.
935 5629 1112 5686 Nullis
1158 5627 1450 5700 forcipibus
1487 5625 1796 5699 assignatur

1956 3409 2068 3489 (fit)
2101 3407 2393 3488 Quantum
2414 3408 2644 3489 nomine
2672 3413 3006 3489 comitiasti.
3037 3417 3308 3489 Quantum
3340 3423 3474 3483 mihi

1881 3477 2329 3559 palliiﬁnomine
2359 3477 2681 3559 inhcomitio
2725 3477 3087 3552 exprobrasti'.
3135 3477 3474 3554 Incomitiare

1881 3547 2014 3629 dixit
2051 3547 2269 3604 Plautus
2316 3547 2393 3629 in_
2418 3550 2760 3619 Curculione,
2801 3547 2864 3610 'et
2905 3560 3166 3629 opposuit
3212 3547 3450 3623 inforare

1882 3622 2117 3678 οῦεοθηο
2145 3635 2325 3674 sensu.
2357 3621 2488 3676 Βία,
2743 3611 2758 3619 ⁷
2941 3611 2959 3627 ⁸
2979 3611 2998 3629 ι
3028 3611 3165 3616 """
3212 3611 3471 3635 "vv-mu,

1941 3691 2048 3766 (42)
2090 3692 2214 3766 lam
2272 3707 2401 3766 uero
2449 3697 2500 3748 et
2527 3692 2606 3766 dde
2651 3696 2874 3766 negotio
2909 3707 3196 3766 provocat.
3251 3705 3478 3766 Pallium

1941 3714 2048 3760 (ιη)
2090 3714 2214 3747 dum
2272 3714 2401 3746 vero
2449 3714 2500 3748 et
2539 3714 2606 3749 ae
2651 3714 2874 3766 παροτῑο
2953 3714 3196 3760 νουοεατ.
3252 3714 3475 3766 Pallium

1883 3760 2139 3889 dﬁicr'iceps
2165 3762 2419 3832 loquitur,
2458 3764 2541 3820 vel
2582 3767 2761 3837 potius
2808 3714 3166 3844 pliiﬁisOphus
3203 3775 3258 3831 in
3289 3781 3475 3849 pallio.

1932 3849 2008 3890 ια.

1953 3904 2498 3998 (adfectatae?
2545 3908 2735 3998 οεέρτιξτ
2784 3911 2988 3998 Prima.
3011 3915 3190 3998 stitia
3208 3919 3476 3998 Bhenani.

1885 3979 2114 4062 animle:
2147 3977 2514 4062 an_ad03'0.
2575 3980 2746 4062 Recte
2799 3977 3473 4062 _emendavit_Salmasius:

1890 4047 2064 4136 Qdoro
2087 4050 2372 4136 _:_Calll§ltzS
2409 4049 2660 4136 forenses
2686 4052 2812 4136 dicti
2845 4065 3066 4136 auctore
3089 4059 3290 4136 _Festo,
3312 4047 3473 4136 quod

1884 4119 2028 4207 circa
2076 4119 2423 4207 canalesfori
2451 4121 2828 4207 consisterent.
2862 4127 3058 4182 Verum
3088 4131 3203 4185 haec
3231 4119 3299 4189 de
3333 4119 3472 4207 foro,

1886 4190 2355 4268 ubimercimonia
2382 4200 2641 4246 emuntur
2669 4196 3105 4268 venduuturque.
3133 4203 3257 4257 me.

2112 4259 2406 4347 ‘anccllos
2449 4277 2574 4347 non
2610 4263 2801 4347 adorco.
2841 4259 3019 4322 Proba
3067 4271 3247 4327 forsan
3287 4274 3474 4347 lectio,

1886 4334 2074 4411 nescio
2112 4335 2300 4411 tamen.
2331 4346 2396 4411 an
2443 4334 2642 4400 pariter
2686 4334 2791 4407 tegi
2837 4348 3022 4411 posset
3064 4357 3181 4398 non
3227 4334 3472 4403 adoriar:

1885 4405 2029 4478 Nam
2049 4403 2303 4478 causidici
2331 4403 2460 4457 dum
2485 4403 3061 4478 caussam'suscipiunt
3086 4422 3139 4466 et
3183 4413 3378 4472 sistunt
3415 4434 3476 4474 se

1891 4474 2032 4545 apud
2059 4473 2289 4544 judices,
2319 4473 2586 4529 cancellos
2611 4474 2860 4530 dicuntur
2888 4473 3108 4535 adoriri.
3131 4483 3206 4539 La
3233 4485 3333 4542 Pa.

1962 4545 2084 4626 (45).
2183 4561 2271 4600 me
2291 4545 2828 4630 uniclt‘tmnegotiuzn
2855 4555 2959 4630 est:
2985 4552 3154 4630 Totus
3170 4555 3227 4611 in
3246 4573 3312 4630 eo
3333 4574 3472 4630 sum,

1893 4615 2126 4699 nequid
2160 4631 2394 4699 peccem.
2427 4615 2570 4672 Satis
2598 4615 2800 4699 negotii
2824 4621 2972 4699 mihi
3001 4622 3141 4679 circa
3187 4615 3472 4699 meipsum:

1891 4689 1988 4764 Sic
2015 4687 2116 4744 ille
2163 4687 2466 4764 Epicteticaa
2512 4687 2788 4760 sapientiae
2833 4691 3130 4764 studiosus,
3177 4687 3476 4757 cavendum

1890 4760 1992 4817 sibi
2020 4775 2139 4816 esse
2176 4761 2323 4831 novit
2354 4776 2384 4814 a
2412 4766 2721 4831 semetipso,
2771 4771 3019 4831 tanquam
3065 4760 3133 4821 ab
3164 4767 3380 4827 inimico
3428 4782 3481 4829 et

1890 4832 2232 4914 insidiatore,’
2263 4828 2367 4914 ᾙνί
2395 4828 2624 4914 τελόγῳζ
2655 4833 2722 4894 ὡς
2759 4828 2932 4907 ἐχθρὸν
2969 4835 3141 4892 ἑαυτὸν
3161 4828 3482 4914 παραφυλάό-

1891 4925 1986 4969 σει,
2014 4905 2094 4957 καὶ
2123 4898 2394 4957 ἐπίϐουλον.
2423 4898 2546 4959 Βιϐζ

1962 4976 2258 5060 (46)_Certe
2287 4975 2519 5060 cumgad
2539 4979 2827 5060 Epicurus,
2851 4987 2954 5060 etc;
2987 4981 3294 5060 Meminisse
3323 5001 3481 5060 opor-

1893 5058 1966 5104 tet
2001 5055 2312 5121 attentum
2342 5048 2594 5121 lectorem
2643 5049 2861 5120 pallium
2916 5051 3161 5121 Cratetis,
3212 5058 3313 5116 hoc
3362 5048 3452 5117 est

1892 5119 2137 5191 cynicum
2165 5118 2270 5173 ista
2299 5117 2467 5190 “Milli,
2499 5135 2609 5174 non
2639 5107 3018 5178 Christianum.
3052 5107 3313 5185 Stin..."
3371 5107 3472 5133 ’Μ’

1967 5192 2186 5272 (θη-θα
2215 5191 2476 5272 qualibet
2493 5196 2750 5264 margine
2770 5196 2854 5250 vel
2885 5211 3047 5272 aura.
3066 5199 3285 5272 _Nempe
3310 5203 3398 5260 hic
3428 5203 3484 5260 in

1897 5262 2060 5333 pallio
2091 5263 2330 5333 loquitur
2369 5262 2745 5334 philosophus,
2796 5281 2903 5322 non
2952 5262 3306 5328 Christianus.
3357 5277 3480 5331 Non

1899 5335 2040 5417 enim
2072 5345 2202 5406 puto
2231 5333 2595 5417 Christianum
2619 5337 2787 5417 ullum
2818 5338 3011 5394 adduci
3051 5350 3176 5417 tunc
3215 5346 3480 5417 potuisse,

1899 5414 1959 5461 ut
1996 5405 2243 5485 inaram
2291 5405 2473 5485 saliret
2517 5407 2790 5464 concionis
2835 5426 2986 5485 ergo,
3019 5405 3228 5485 quippe
3269 5431 3389 5471 aras
3428 5405 3482 5475 et

1902 5477 2163 5533 sacrificia
2202 5479 2600 5534 detestabantur
2645 5491 2700 5537 et
2728 5477 3170 5539 exsuffl'abautu'r'
3195 5493 3483 5544 transeun-

1901 5555 1984 5604 tes
2015 5558 2138 5606 tunc
2167 5551 2424 5621 temporis
2450 5551 2758 5608 Christiani.
2789 5555 2916 5610 Βία.

1974 5622 2088 5694 (48)
2119 5623 2176 5679 Si
2195 5638 2425 5695 pergam
2455 5624 2527 5679 ad
2562 5629 2752 5684 acuta.
2776 5624 2830 5680 Si
2867 5640 3084 5699 pergam
3115 5631 3290 5689 acutis
3315 5640 3367 5690 et
3397 5633 3494 5692 tie-'-
