4058 6172
230 355 369 417 1105

1283 357 1621 418 ΑΡΡΕΝΒΙΧ
1660 359 1701 419 Ι.
1742 391 1815 406 -
1849 359 2005 421 ADV.
2047 359 2455 421 MARCIONEM.

220 482 460 541 ducitur.
495 483 623 539 Haec
652 481 900 538 nimirum
922 482 1217 555 indignitas
1244 484 1365 552 erit,
1397 499 1429 538 a
1450 492 1576 557 toga
1606 485 1673 540 ad
1705 487 1814 557 pal-

218 571 373 635 lium,
447 572 537 625 sed
603 572 703 627 ista
768 572 981 642 pallium
1021 573 1274 644 loquitur.
1315 573 1385 629 At
1446 588 1550 648 ego
1586 574 1699 644 jam
1737 575 1811 631 illi

218 659 385 714 etiam
415 658 611 715 divinae
649 666 811 716 sectae
847 675 910 715 ac
944 660 1242 733 disciplinae
1270 662 1651 719 commercium
1676 680 1809 719 con-

3384 358 3522 420 1106

1841 518 1888 599 Α
1920 487 2056 545 fero.
2089 488 2298 557 Gaude,
2330 487 2579 559 pallium,
2609 494 2661 543 et
2692 488 2920 551 exsulta,
2954 485 3150 541 melior
3174 485 3283 554 jam
3316 494 3367 543 te
3397 486 3521 558 phi-

1921 577 2158 599 .-_-_Lg_
2210 577 2418 599 μμ-.-
2487 586 2559 599 ,-.
2631 592 2689 599 --_
2764 590 2863 599 ---Α
2908 574 3270 599 ρι,..;,.ι;,,,,,.,.,.
3326 574 3519 599 .,,,.;,,

1920 577 2166 648 losophia
2203 577 2423 651 dignata
2482 586 2582 643 est,
2626 592 2691 630 ex
2758 590 2866 647 quo
2907 574 3274 631 Christianum
3326 574 3521 631 vestire

1920 667 2153 737 coepisti.

1606 789 2107 855 Commentarius.

216 893 432 948 mianus
478 893 836 966 Marcellinus,
884 910 1235 966 reposcones.
1285 894 1392 951 Sed
1434 911 1534 953 cur
1576 913 1686 952 non
1716 913 1810 953 ac-

220 983 458 1039 cedones
484 982 779 1054 Septimius
824 983 1017 1041 dixerit
1044 985 1342 1057 parasitos;
1381 986 1474 1057 qui
1514 987 1677 1043 etiam
1734 988 1817 1043 in-

1925 898 2101 957 vocati
2123 897 2380 956 accedere
2425 896 2643 954 solent?
2692 897 2831 953 Nam
2858 903 2910 954 et
2934 896 3164 953 adseclae
3188 894 3441 952 dicuntur
3466 876 3522 951 ει

1925 1003 2151 1045 scurrae.
2192 984 2363 1043 ΞΑωι.

216 1125 3500 1160 m

1197 1355 2530 1507 APPENDIGES

1552 1604 1679 1686 AD
1738 1604 2177 1690 GENUINA

449 1796 590 1943 Ω.
784 1792 1252 1926 SEPT.
1412 1800 1914 1930 FLOR.
2070 1800 3272 1939 TEBTULLIANI

1318 2198 1957 2313 APPENDIX
2012 2205 2414 2313 PRIMA

823 2389 1300 2486 CARMINA
1370 2397 2148 2491 TERTULLIANO
2213 2398 2876 2493 ADSCRIPTA.

270 2698 417 2754 Inter
489 2698 747 2767 eruditos,
822 2700 1033 2757 nemine
1098 2702 1422 2777 refragante,
1490 2704 1783 2761 hodiedum
1820 2729 1863 2805 Β

195 2796 473 2858 receptum
492 2795 573 2844 est
588 2789 932 2860 supposititia
951 2809 1067 2849 esse
1089 2808 1153 2850 ac
1173 2809 1456 2866 perperam
1475 2793 1789 2850 Tertulliani

197 2888 400 2930 nomen
439 2892 547 2945 prae
575 2893 634 2932 se
663 2876 824 2944 ferre,
856 2880 1089 2935 carmina
1137 2896 1259 2950 quae
1303 2881 1359 2935 in
1408 2895 1634 2951 Operum
1674 2882 1794 2951 ejus

186 2962 339 3018 libro
376 2964 638 3021 Pamelius
668 2967 956 3023 inserenda
1006 2969 1235 3025 censuit.
1270 2968 1380 3041 Sic,
1411 2970 1586 3042 inquit
1626 2969 1790 3024 Lum-

178 3067 331 3121 per,
395 3053 631 3126 quinque
686 3054 807 3110 libri
860 3065 1048 3113 contra
1101 3058 1426 3115 Marcionem
1465 3058 1792 3116 carminibus

178 3142 505 3212 conscripti,
553 3142 866 3200 Tertulliani
896 3161 1003 3201 non
1051 3154 1196 3205 sunt.
1257 3151 1317 3203 1°
1346 3148 1599 3220 Indignas
1634 3164 1789 3203 nam-

176 3245 301 3299 que
330 3246 447 3286 esse
491 3240 601 3286 tam
649 3235 959 3305 praestantis
1006 3234 1208 3307 ingenii
1256 3237 1393 3303 viro,
1429 3236 1560 3293 satis
1587 3236 1786 3294 evincit

184 3336 225 3369 ς
267 3318 459 3389 stylus,
512 3321 670 3376 toties
714 3323 924 3378 violatae
952 3324 1220 3390 prosodiae
1263 3340 1408 3391 reus,
1443 3326 1599 3382 toties
1626 3330 1788 3383 rebus

179 3409 485 3465 tractandis
532 3411 724 3482 impar,
777 3414 932 3471 toties
964 3415 1081 3469 telis
1126 3415 1182 3471 in
1211 3416 1425 3471 hostem
1456 3416 1784 3490 stringendis

178 3498 382 3551 hebes.
426 3518 451 3549 υ
485 3502 545 3553 2°
590 3501 951 3558 Tertullianus
990 3502 1107 3573 ipse
1144 3504 1242 3558 lib.
1273 3520 1292 3559 ι
1322 3514 1512 3560 contra
1554 3506 1782 3561 Marcio-

178 3602 344 3657 nem,
412 3603 531 3655 cap.
601 3593 660 3655 1,
701 3592 936 3646 secundo
973 3608 1035 3646 ac
1073 3593 1231 3648 tertio
1300 3594 1616 3649 adornatum
1656 3611 1687 3648 a
1724 3610 1784 3650 se

178 3691 335 3746 Opus
362 3686 549 3733 contra
579 3678 730 3734 illum
761 3680 1170 3739 haeresiarcham
1198 3682 1475 3753 praefatur,
1503 3700 1565 3742 ac
1591 3684 1783 3739 deinde

180 3763 445 3835 pleniore
480 3768 874 3838 compositione
902 3771 1188 3828 rescissum
1216 3789 1230 3827 :
1263 3780 1410 3830 certe
1442 3774 1632 3831 eodem
1663 3788 1784 3829 ora-

184 3853 363 3910 tionis
391 3872 592 3929 genere
637 3872 775 3927 Opus
797 3858 926 3915 illud
973 3861 1261 3917 rescissum
1307 3871 1408 3931 est,
1439 3877 1550 3934 quo
1579 3879 1784 3935 prope-

179 3952 373 3998 ratum
401 3943 602 4001 fuerat.
645 3947 780 4003 Cum
809 3948 987 4019 itaque
1032 3964 1168 4019 opus
1216 3956 1401 4006 contra
1440 3950 1782 4021 Marcionem,

2018 2704 2225 2773 Ialibus
2244 2705 2298 2755 in
2330 2707 2449 2757 vitae
2483 2707 2647 2770 spatio
2675 2707 2951 2773 laudabilis
2982 2709 3099 2773 egit,

2017 2768 2081 2820 Ut
2110 2782 2312 2833 quoque
2339 2777 2455 2833 post
2484 2768 2700 2821 mortem
2723 2768 3033 2832 prophetica:
3046 2772 3165 2834 jura
3195 2778 3403 2825 teneret.

1970 2865 2354 2932 Tertullianus,
2386 2867 2580 2923 seriem
2639 2883 3019 2925 successorum
3052 2869 3221 2925 sancti
3261 2869 3404 2925 Petri
3434 2871 3489 2925 in

1900 2955 2041 3011 Sede
2071 2955 2312 3010 Romana
2329 2955 2639 3013 describens
2666 2958 2760 3012 lib.
2782 2958 2848 3014 de
2864 2959 3301 3030 Prcescrz'ptione
3322 2959 3491 3017 hare-

1902 3044 2168 3110 ticorum,
2190 3060 2309 3116 cap.
2331 3049 2419 3111 32,
2435 3046 2766 3102 Clementem
2782 3048 2940 3102 Petro
2955 3046 3289 3102 successisse
3306 3047 3493 3103 imme-

1895 3131 2039 3186 diate
2066 3132 2237 3188 docet.
2297 3134 2368 3188 At
2419 3134 2742 3189 contrarium
2796 3134 2962 3191 habet
3026 3142 3214 3191 auctor
3265 3135 3389 3192 libri
3429 3153 3489 3193 ιιι

1895 3219 2205 3276 Carminum
2234 3224 2420 3276 contra
2450 3222 2798 3290 Marcionem,
2833 3223 2921 3279 his
2949 3223 3193 3281 versibus
3217 3244 3237 3280 :

2017 3326 2115 3392 Hac
2135 3325 2372 3392 cathedra
2400 3327 2600 3392 Petrus,
2625 3342 2732 3392 qua
2758 3328 2952 3378 sederat
2977 3328 3086 3392 ipse
3120 3328 3343 3379 locatum

2014 3389 2230 3461 yaxima
2260 3389 2423 3461 Roma
2441 3388 2622 3461 Linum
2638 3388 2879 3461 “primum
2907 3388 3163 3440 considere
3178 3392 3349 3461 jussit,

2016 3450 2137 3516 Rost
2162 3465 2313 3516 quam
2354 3451 2535 3516 ACletus
2562 3459 2610 3501 et
2653 3450 2763 3514 ipse
2809 3466 3004 3515 gregem
3053 3450 3274 3516 suscepit
3311 3452 3483 3503 ovilis.

2015 3511 2194 3575 Hujus
2209 3512 2483 3563 Anacletus
2507 3511 2765 3564 successor
2799 3511 2935 3564 s'orfe
2967 3516 3179 3575 locatus,

2014 3573 2170 3634 Quem
2198 3574 2423 3638 sequitur
2455 3575 2702 3627 Clemens.

1961 3670 2095 3739 Quis
2131 3670 2314 3728 credat
2342 3671 2727 3729 Tertullianum
2764 3674 2839 3729 ita
2867 3674 2953 3729 sui
3009 3674 3254 3742 oblitum,
3287 3682 3349 3731 ut
3378 3682 3480 3730 tam

1890 3760 2160 3815 contraria
2186 3766 2402 3831 tamque
2443 3760 2545 3817 sibi
2573 3761 2805 3820 invicem
2843 3762 3206 3838 repugnantia
3251 3763 3485 3819 dixerit?

1891 3849 2025 3917 Quis
2060 3864 2227 3920 porro
2271 3849 2434 3906 fuerit
2479 3858 2668 3907 auctor
2714 3851 2854 3907 illius
2878 3852 3168 3925 poematis,
3214 3853 3484 3909 incertum

1892 3944 1996 3992 est.
2036 3937 2301 3993 Caeterum
2359 3939 2464 3996 hoc
2499 3954 2691 4009 poema
2728 3947 2920 3997 contra
2967 3941 3295 3999 Marcionem
3332 3956 3483 3997 com-

182 4046 310 4106 quo
366 4036 599 4103 priorem
636 4000 1095 4108 compositionemr
1142 4037 1503 4094 Tertullianus
1539 4000 1782 4111 rescidit:
1819 4000 1862 4079 θ
1892 4026 2137 4081 τηθῐιάδτί
2187 4037 2419 4085 meretur
2456 4029 2527 4083 οδ
2584 4030 2830 4100 quadam
2871 4037 2983 4086 tum
3049 4032 3329 4096 historica,
3370 4038 3483 4085 tum

183 4119 270 4175 sit
295 4120 607 4193 disputatio,
656 4139 767 4179 non
816 4140 1038 4196 poema;
1079 4127 1318 4198 sequitur
1354 4132 1407 4181 et
1445 4126 1592 4196 prius
1647 4142 1785 4197 opus

182 4208 614 4278 disputationem
656 4213 821 4269 fuisse
855 4228 1212 4285 properatam,
1244 4230 1352 4272 non
1400 4216 1664 4286 poeticam
1707 4220 1786 4271 lu-

183 4297 585 4355 cubrationem.
612 4304 669 4355 3°
699 4302 903 4359 Versus
932 4304 1010 4358 illi
1039 4304 1260 4361 fuerunt
1280 4321 1310 4358 a
1334 4304 1596 4370 Fabricio,
1628 4306 1787 4360 unius

181 4386 422 4452 codicis,
457 4388 626 4461 ignoti
674 4390 892 4461 quidem
939 4400 992 4447 et
1027 4393 1263 4463 obscuri,
1293 4394 1623 4462 auctoritate,
1654 4394 1789 4448 Ter-

180 4473 423 4530 tulliano
454 4476 714 4547 inscripti.
748 4480 805 4533 4ο
833 4480 1218 4535 Tertullianum
1270 4479 1476 4537 I05]
1514 4482 1650 4537 inter
1685 4496 1787 4536 ve-

181 4574 343 4619 teres
396 4576 586 4633 poetas
623 4568 1029 4626 connumeravit
1075 4579 1318 4627 veterum
1357 4586 1536 4626 nemo.
1580 4573 1637 4625 5°
1673 4573 1787 4625 Ho-

181 4666 317 4705 rum
348 4650 609 4707 librorum
664 4666 850 4712 auctor
878 4664 1063 4727 aperte
1092 4659 1411 4714 contradicit
1440 4659 1786 4715 Tertulliano.

178 4741 342 4796 Nam
381 4738 740 4798 Tertullianus
779 4745 873 4799 lib.
916 4745 982 4802 de
1028 4746 1253 4811 Anima,
1302 4764 1423 4818 cap.
1484 4750 1575 4817 5'7,
1605 4747 1791 4803 asserit

177 4843 306 4884 non
339 4826 640 4886 Samuelem
687 4833 885 4903 ipsum,
937 4834 1030 4888 sed
1060 4836 1376 4904 phantasma
1423 4837 1791 4909 aPythonissa

179 4918 365 4973 fuisse
394 4920 546 4976 malis
574 4921 781 4977 artibus
808 4922 1093 4979 excitatum
1118 4944 1130 4979 :
1169 4943 1192 4977 ι
1234 4925 1394 4980 Absit
1422 4926 1678 4998 alioquin,
1710 4927 1792 4980 in-

180 5009 331 5078 quit,
369 5015 430 5063 ut
472 5010 703 5065 animam
734 5011 1023 5081 cujuslibet
1070 5013 1261 5081 sancti,
1296 5016 1494 5071 nedum
1552 5016 1791 5087 prOphe-

182 5106 281 5161 tae,
327 5112 359 5150 a
426 5098 693 5155 dremonio
731 5103 1011 5157 credamus
1072 5111 1385 5170 extractam,
1427 5104 1606 5159 edocti
1644 5104 1789 5175 quod

182 5185 314 5257 ipse
355 5184 581 5243 Satanas
639 5191 1049 5264 transﬁguratur
1087 5192 1139 5245 in
1196 5194 1443 5266 angelum
1498 5191 1653 5258 lucis,
1694 5210 1788 5248 ne-

1890 4115 2197 4186 dogmatica
2243 4124 2459 4185 puncta.
2500 4116 2563 4171 In
2598 4118 2788 4189 primis
2833 4119 3183 4175 aeternitatem
3217 4118 3400 4183 Verbi,
3433 4128 3488 4171 et

1892 4202 2165 4272 duplicem
2202 4204 2258 4258 in
2295 4203 2510 4259 Christo
2546 4206 2675 4261 Jesu
2704 4214 2950 4262 naturam
2986 4207 3233 4275 adstruit,
3264 4208 3485 4276 Apoca—

1895 4290 2074 4360 lypsin
2110 4291 2213 4346 sub
2259 4291 2475 4346 nomine
2524 4292 2746 4347 Joannis
2793 4293 3051 4365 discipuli
3104 4295 3253 4359 citat,
3302 4295 3484 4349 Jesum

1895 4378 2166 4434 Christum
2204 4380 2392 4434 eadem
2433 4379 2544 4445 die,
2580 4380 2881 4452 eodemque
2919 4383 3063 4452 loco,
3103 4384 3158 4437 in
3195 4398 3304 4453 quo
3342 4382 3484 4437 Ada-

1895 4483 2020 4523 mus
2048 4468 2234 4539 lapsus
2270 4467 2392 4537 fuit,
2420 4483 2641 4539 passum
2692 4467 2862 4524 fuisse
2897 4470 3086 4535 tradit;
3118 4470 3243 4525 Jesu
3274 4470 3489 4525 Christo

1898 4571 2102 4613 nomen
2154 4555 2387 4628 Spiritus
2439 4556 2611 4613 sancti
2667 4556 2949 4626 attribuit,
2998 4557 3245 4614 Hermam
3292 4574 3494 4630 cogno-

1896 4644 2044 4699 mine
2072 4645 2347 4701 Pastorem
2385 4643 2611 4701 fratrem
2637 4644 2717 4701 Pii
2749 4660 2905 4716 papae
2941 4653 3115 4717 putat,
3140 4654 3303 4718 atque
3333 4648 3488 4702 deni-

1894 4748 2003 4803 que
2032 4732 2256 4789 Esdram
2299 4734 2520 4803 plenum
2550 4731 2753 4804 Spiritu
2793 4733 2977 4791 divino
3016 4733 3331 4805 deperditos
3362 4750 3488 4804 pro-

1899 4822 2182 4891 phetarum
2223 4821 2389 4877 libros
2432 4820 2720 4891 adjuvante
2766 4821 2940 4879 solum
2981 4838 3081 4879 sua
3118 4821 3340 4894 prOpria
3369 4835 3490 4874 me-

1899 4909 2071 4965 moria
2100 4909 2292 4966 iterum
2338 4910 2591 4979 dictasse,
2621 4919 2675 4967 et
2718 4911 2921 4968 Canoui
2961 4912 3057 4969 SS.
3093 4911 3495 4983 Scripturarum

1902 4996 2220 5053 restituisse.

1973 5085 2305 5143 Tertulliano
2350 5088 2508 5143 etiam
2572 5088 2713 5145 falso
2762 5089 3037 5162 adscripta
3076 5098 3201 5147 sunt
3246 5100 3493 5162 poemata

1897 5178 1963 5235 de
1998 5173 2230 5233 I052
2262 5177 2481 5234 Iudicio
2512 5174 2831 5246 Domini,de
2854 5181 3123 5246 Genesi,et
3150 5182 3216 5241 de
3238 5183 3492 5240 Sodoma.

182 5274 330 5330 dum
361 5275 415 5329 in
444 5277 721 5335 hominem
778 5281 933 5349 lucis,
965 5282 1124 5337 etiam
1162 5265 1335 5337 Deum
1365 5297 1423 5336 se
1452 5282 1792 5338 adseveratu-
1824 5282 1869 5359 Ι]
1899 5267 2091 5359 Neque
2121 5265 2264 5323 enim
2296 5273 2505 5359 tantum
2552 5268 2728 5359 Virum
2777 5278 2887 5325 mm
2933 5269 3101 5325 iratas
3129 5288 3367 5344 “nquam
3396 5273 3495 5326 ha'

187 5381 318 5430 rus,
366 5385 390 5415 η
421 5376 524 5423 etc.
573 5370 640 5425 At
669 5371 937 5426 contraria
982 5372 1147 5426 habet
1185 5380 1370 5427 auctor
1406 5370 1529 5426 libri
1557 5387 1621 5429 ιιι
1660 5373 1793 5428 Car-

186 5455 413 5511 minum
439 5457 704 5514 adversus
732 5460 1055 5516 Marcionem
1085 5459 1170 5515 his
1198 5461 1448 5517 versibus
1481 5479 1494 5515 :

328 5561 565 5629 yiriﬁcns
594 5563 812 5623 Samuel,
835 5566 918 5615 cui
953 5579 1089 5629 reges
1123 5580 1306 5626 ungere
1338 5565 1552 5627 primum

332 5624 670 5691 Praeceptum,
714 5629 833 5679 dare
867 5624 1084 5680 chrisma
1105 5624 1238 5679 viros
1263 5624 1524 5681 ostendere
1550 5627 1792 5691 christos;

1902 5356 2087 5412 buisse
2135 5372 2319 5412 musas
2361 5357 2694 5414 credendum
2741 5364 2824 5415 est
2870 5358 2955 5431 (ut
2997 5359 3272 5433 eleganter
3299 5360 3372 5415 ait
3404 5361 3497 5416 Ri-

1904 5445 2156 5518 galtius).
2180 5445 2387 5503 Eodem
2417 5448 2542 5503 loco
2568 5447 2878 5504 habendum
2907 5456 2992 5507 est
3021 5451 3250 5506 Carmen
3267 5446 3333 5504 de
3354 5450 3498 5506 lana.

1905 5538 1963 5591 et
1994 5536 2212 5601 Ninive,
2244 5536 2390 5605 quod
2428 5551 2493 5593 ex
2539 5537 2736 5593 Codice
2767 5538 2829 5592 V.
2872 5537 2953 5594 Cl.
2994 5537 3054 5592 P.
3086 5535 3278 5594 Pithoei
3327 5536 3496 5591 edidit

1902 5622 2236 5696 Margarinus
2264 5624 2498 5698 Bigneus
2533 5626 2601 5682 ad
2634 5626 2840 5684 calcem
2868 5632 3002 5685 tom.
3034 5625 3158 5685 VIII
3184 5625 3491 5687 Bibliothe-
