4062 6178
550 369 687 430 1107

1610 372 1696 430 AD
1734 369 2023 431 GENUINA
2062 367 2499 432 TERTULLlANI
2533 369 2763 432 OPERA.

3698 370 3859 433 1108

547 517 627 558 cce
670 503 930 557 Patrum.
975 500 1205 556 Carmen
1254 498 1471 557 tandem
1510 500 1576 556 ad
1618 501 1952 567 Senatorem,
1994 497 2136 572 quod
2172 516 2219 596 Α
2252 512 2307 552 vr
2335 496 2535 556 ﬂoruit.
2582 497 2774 553 Libros
2808 502 2994 553 contra
3022 495 3347 554 Marcionem
3396 495 3539 553 idem
3594 500 3863 572 suspica-

548 588 693 644 inter
722 589 972 661 Cypriani
1022 590 1221 660 Opera,
1259 599 1404 647 tomo
1445 590 1536 658 Ill,
1588 589 1804 661 legitur,
1839 598 1961 645 ante
2000 589 2140 644 Con-

549 679 767 734 stantini
800 689 1037 750 tempora
1085 680 1452 751 conscriptum
1502 681 1793 736 arbitratur
1833 678 2061 746 Alixius,
2110 693 2141 732 ι

545 767 676 822 viris
704 769 875 824 doctis
922 769 1143 824 omnino
1192 768 1524 825 Tertulliano
1573 768 1934 837 abjudicatur.
1980 766 2137 837 Quod

550 864 733 911 autem
791 866 997 928 spectat
1053 859 1246 913 librum
1304 857 1571 913 Gennadii
1622 860 1690 913 de
1735 857 2141 913 definitionibus

548 944 671 999 fidei
722 955 772 1000 et
823 946 1135 1019 dogmatum
1192 947 1701 1016 ecclesiasticorum,
1754 945 1883 1001 olim
1930 945 2140 1003 Tertul-

549 1034 691 1088 liano
743 1036 1093 1107 adscriptum,
1154 1052 1314 1091 nemo
1365 1037 1699 1092 eruditorum
1760 1035 1918 1091 hodie
1961 1035 2141 1091 eidem

549 1124 841 1195 adjudicat,
882 1141 1005 1181 cum
1042 1124 1116 1181 ibi
1165 1127 1329 1180 multa
1375 1126 1705 1195 reperiantur
1748 1127 1946 1181 saaculo
1986 1125 2141 1180 tertio

550 1215 850 1285 posteriora
880 1214 1163 1286 eidemque
1192 1215 1332 1269 haud
1363 1215 1759 1270 convenientia.

621 1303 701 1356 De
760 1302 1113 1372 supposititiis
1166 1302 1481 1358 Tertulliani
1524 1302 1781 1374 operibus
1826 1300 2144 1358 consulendi

551 1398 677 1445 sunt
704 1390 907 1445 Natalis
936 1390 1226 1448 Alexandri
1246 1392 1384 1447 Hist.
1418 1392 1604 1448 eccles.
1630 1406 1753 1447 saec.
1788 1405 1853 1459 II;
1890 1390 1954 1448 D.
1989 1390 2141 1445 Rem.

555 1477 783 1547 Ceillier,
827 1481 1067 1538 Histoire
1098 1480 1188 1538 des
1229 1482 1399 1538 ecrits
1427 1481 1907 1549 ecclésiastiques;
1938 1476 2141 1548 Dupin,

553 1567 816 1623 Biblioth.
848 1571 981 1624 ecct.
1019 1576 1056 1623 t.
1091 1571 1132 1633 Ι,
1166 1587 1218 1638 ρ.
1242 1572 1375 1635 252;
1406 1568 1711 1633 Tillemont,
1748 1570 1906 1623 Mem.
1934 1569 2139 1623 Ecclés.

551 1663 593 1711 t.
640 1657 730 1724 ΙΙΙ,
763 1657 833 1712 ad
880 1660 981 1714 vit.
1036 1660 1271 1713 Tertull.
1313 1665 1412 1711 art.
1450 1660 1543 1721 14;
1595 1657 1652 1710 P.
1700 1656 1862 1725 Allix,
1905 1658 2135 1713 Dissert.

556 1746 620 1802 de
661 1748 779 1801 Vita
800 1751 853 1801 et
882 1747 1110 1817 scriptis
1139 1748 1349 1801 Tertut.
1374 1746 1450 1812 X,
1482 1747 1545 1798 31
1565 1762 1578 1809 ;
1597 1744 1851 1809 Walchii,
1878 1744 2136 1803 Biblioth.

2252 593 2337 641 tur
2371 592 2490 655 post
2518 586 2831 658 Hieronymi
2860 594 3100 659 tempora
3130 592 3407 643 exaratos.

2318 674 2568 730 Prodiere
2648 674 2921 731 multoties
2982 690 3149 747 Opera
3213 675 3536 731 Tertulliani
3606 677 3853 749 poetica,

2249 779 2441 834 nempe
2469 770 2529 819 ut
2557 770 2610 818 et
2637 762 2823 833 plures
2860 771 3036 834 poeta:
3066 762 3356 819 Christiani
3390 764 3445 819 in
3475 764 3577 821 Ge.
3610 766 3856 823 Fabricii

2249 854 2469 909 Poetar.
2514 856 2724 909 vetust.
2768 869 2895 924 opp.
2936 852 3137 908 Christ.
3186 854 3440 911 Basilece.
3476 857 3645 923 1565;
3678 858 3851 911 Mich.

2248 940 2495 996 Maittarii
2552 942 2685 1013 Opp.
2734 946 2791 996 et
2814 944 3081 1013 fragmm.
3130 946 3265 997 vett.
3307 945 3531 999 Poetar.
3584 946 3854 1001 Latinor.

2249 1032 2418 1089 Lond.
2468 1033 2629 1086 1715.
2661 1060 2732 1070 -
2778 1032 2843 1086 In
2878 1031 3103 1087 Collect.
3149 1032 3375 1099 Pisaur,
3411 1050 3560 1088 omn.
3593 1040 3851 1105 poemat.

2246 1124 2498 1179 Latinor.
2534 1122 2754 1187 Pesaur,
2788 1124 2973 1187 1766.,
3025 1128 3066 1176 t.
3100 1122 3169 1189 ν,
3201 1139 3254 1193 ρ.
3309 1126 3363 1179 1.
3398 1126 3487 1179 16.
3520 1124 3745 1180 Carmen
3780 1128 3857 1183 de

2250 1213 2391 1267 Jona
2418 1216 2471 1268 et
2502 1212 2698 1267 Ninive
2722 1225 2847 1266 cum
2878 1210 3324 1283 castigationibus
3352 1212 3625 1270 Francisci
3668 1215 3847 1269 Jureti

2250 1300 2305 1353 in
2335 1300 2594 1356 Biblioth.
2634 1302 2743 1355 PP.
2790 1308 2827 1353 t.
2862 1299 3001 1367 VIII,
3054 1308 3107 1356 et
3147 1298 3298 1371 Lips.
3354 1304 3513 1357 1681.
3564 1302 3715 1369 in-8,
3777 1305 3851 1359 ad

2248 1388 2451 1444 calcem
2481 1387 2685 1443 Paulini
2714 1386 3007 1443 Petrocorii
3041 1387 3126 1446 ed.
3160 1389 3476 1445 Daumianaa
3509 1394 3669 1447 1681.
3699 1394 3851 1449 Ter-

2249 1476 2455 1533 tulliani
2501 1477 2719 1532 demum
2757 1476 2939 1532 omnia
2966 1491 3132 1549 Opera
3176 1478 3390 1548 poetica
3432 1478 3556 1535 edid
3587 1481 3843 1539 Andreas

2247 1564 2488 1633 Rivinus,
2521 1581 2583 1621 ac
2613 1576 2735 1637 post
2762 1565 3075 1634 Pamelium,
3109 1566 3348 1635 Junium,
3378 1568 3681 1637 Barthium,
3718 1573 3852 1627 bre-

2248 1671 2345 1711 ves
2390 1660 2545 1709 notas
2573 1654 2797 1710 addidit.
2845 1654 3012 1711 Goth.
3061 1658 3227 1711 1651.
3273 1686 3346 1699 -
3392 1658 3513 1716 Non
3558 1660 3694 1715 tanti
3725 1677 3849 1717 mo-

2252 1744 2417 1799 menti
2444 1743 2561 1800 visa
2608 1744 2758 1801 fuere
2787 1744 2903 1802 haec
2951 1754 3217 1816 poemata,
3249 1764 3411 1818 quam
3460 1754 3521 1805 ut
3550 1764 3616 1805 ea
3645 1752 3852 1823 amplis

556 1836 792 1889 Patrist.
825 1848 943 1904 cap.
991 1816 1040 1897 4,
1076 1834 1101 1904 §
1132 1837 1230 1902 46;
1272 1850 1389 1904 cap.
1432 1832 1544 1903 7,§
1600 1835 1691 1887 70.
1725 1834 1783 1888 P.
1825 1833 2056 1903 Alixius,
2088 1834 2143 1887 in
2177 1816 2220 1893 Β
2253 1833 2638 1888 adornaremus
2695 1833 3127 1901 commentariis;
3187 1816 3408 1892 Pamelii
3454 1836 3619 1909 igitur
3671 1816 3849 1897 adno-

558 1920 782 1974 Dissert.
832 1921 1068 1990 prmfata,
1105 1936 1318 1975 carmen
1365 1922 1429 1977 de
1458 1921 1676 1977 Iudicio
1716 1920 1789 1975 ait
1826 1938 1950 1975 esse
1980 1922 2146 1977 Vere-

554 2006 736 2074 eundi,
784 2008 1023 2079 egis00pi
1076 2008 1335 2075 Africani,
1374 2009 1465 2081 qui
1496 2009 1640 2065 circa
1679 2010 1914 2065 medium
1955 2010 2142 2066 saecul.

2256 1924 2499 1987 tationes,
2530 1929 2820 1995 utcumque
2864 1922 3087 1996 exiguas
3115 1932 3169 1980 et
3213 1925 3381 1994 leves,
3415 1928 3547 1983 satis
3596 1927 3697 1983 fuit
3727 1930 3851 1987 edi-

2253 2009 2417 2066 disse.
2449 2011 2591 2066 Enn.

1130 2383 2095 2496 ADVERSUS
2150 2382 3278 2497 MARCIONEM

1820 2602 2077 2681 LIBRI
2131 2601 2618 2701 QUINQUE.

1848 2902 1976 2976 AD
2041 2900 2567 2976 LEGTOBEM.

634 3086 910 3142 Adversus
965 3086 1293 3142 Marcionem
1347 3092 1596 3158 poemata
1650 3101 1770 3156 quae
1828 3090 2146 3157 sequuntur,
2181 3095 2224 3173 ε
2255 3081 2685 3173 Disputationem
2760 3093 3125 3173 prOperatam,
3187 3101 3289 3141 nec
3337 3086 3468 3142 satis
3521 3086 3855 3154 absolutam,

562 3175 737 3231 omitti
784 3177 1083 3246 placuerat;
1136 3192 1243 3232 non
1301 3182 1508 3232 tantum
1565 3175 1708 3247 quod
1757 3189 1946 3245 parum
1988 3173 2151 3245 digna

561 3264 894 3320 Tertulliano
939 3264 1244 3333 videantur,
1286 3266 1377 3320 sed
1416 3264 1715 3335 praesertim
1753 3263 1899 3334 quod
1959 3278 2023 3317 ea
2051 3260 2149 3315 mi-

560 3354 704 3409 nime
732 3368 854 3409 esse
884 3353 1196 3408 Tertulliani
1234 3352 1522 3424 Septimius
1548 3351 1664 3423 ipse
1695 3358 1942 3407 testetur.
1982 3350 2149 3405 Plane

558 3444 786 3518 indigna
813 3459 933 3499 esse
980 3452 1083 3498 tam
1131 3442 1447 3500 excellentis
1488 3442 1691 3517 ingenii
1739 3442 1854 3497 viro
1901 3441 2031 3496 satis
2070 3440 2150 3494 in-

565 3532 707 3589 dicat
738 3533 931 3606 stylus,
964 3535 1117 3591 toties
1145 3534 1354 3591 violata:
1383 3532 1656 3605 prosodim
1687 3549 1831 3600 reus,
1867 3530 2027 3587 toties
2056 3546 2148 3585 re-

562 3624 664 3677 bus
693 3623 984 3678 tractandis
1025 3623 1216 3693 impar,
1278 3623 1441 3676 toties
1480 3621 1600 3676 telis
1650 3620 1706 3674 in
1744 3622 1952 3675 hostem
1989 3619 2150 3675 strin-

562 3710 749 3782 gendis
779 3711 943 3764 hebes
982 3717 1034 3763 et
1064 3708 1332 3763 inficetus.
1366 3708 1614 3781 Denique
1646 3708 1763 3779 ipse
1790 3705 2153 3763 Tertullianus

562 3796 823 3868 principio
865 3813 1081 3851 suarum
1130 3798 1389 3852 adversus
1452 3796 1781 3852 Marcionem
1828 3794 2151 3865 disputatio-

558 3900 710 3953 num,
767 3886 910 3941 unde
975 3884 1286 3939 adserendis
1349 3887 1596 3941 versibus
1660 3885 1776 3940 istis
1832 3892 2152 3959 argumenta

557 3972 712 4027 video
748 3973 874 4045 peti,
907 3972 1193 4029 manifeste
1246 3973 1498 4045 praefatur
1529 3974 1720 4030 iterum
1765 3991 1826 4030 ac
1858 3977 2016 4030 tertio
2046 3990 2146 4031 cu-

559 4069 731 4118 ratum
779 4062 875 4117 abs
921 4077 977 4116 se
1007 4076 1170 4133 Opus;
1206 4078 1396 4118 earum
1422 4079 1551 4119 vero
1607 4079 1852 4119 curarum
1884 4063 2148 4136 poeticam

557 4151 726 4208 fuisse
756 4152 918 4207 ullam
948 4167 1061 4207 non
1094 4151 1272 4223 tradit,
1304 4151 1413 4208 imo
1442 4151 1647 4207 nullum
1677 4153 1841 4208 fuisse
1881 4152 2147 4223 poeticam

557 4240 843 4315 signiﬁcat,
894 4241 986 4311 qui
1020 4242 1250 4311 primum
1300 4256 1359 4295 se
1390 4242 1705 4312 opusculum
1752 4243 1904 4309 quasi
1934 4257 2144 4314 prOpe-

556 4337 728 4385 ratum
758 4330 1003 4402 pleniore
1052 4337 1240 4402 postea
1276 4329 1670 4401 compositione
1717 4330 1999 4387 rescidisse
2050 4332 2143 4388 ait.

555 4418 692 4474 Nam
749 4418 794 4473 si
842 4418 970 4490 quid
1018 4418 1261 4474 versibus
1304 4418 1359 4473 in
1417 4420 1735 4475 Marcionem
1804 4420 2140 4491 praeluserat,
2177 4382 2221 4458 ο

553 4506 608 4561 id
642 4516 990 4578 properatum
1021 4507 1241 4579 quidem
1272 4507 1376 4563 dici
1410 4509 1583 4579 potuit
1612 4519 1662 4563 et
1691 4510 2012 4580 praelusum;
2047 4510 2142 4565 sed

552 4595 695 4666 quod
728 4594 969 4664 pleniore
1003 4604 1185 4665 postea
1239 4596 1629 4666 compositione
1661 4598 1893 4666 rescidit,
1927 4599 1970 4652 si
2010 4614 2142 4669 poe-

553 4682 628 4737 sis
657 4682 775 4749 fuit,
825 4683 977 4755 poesi
1034 4683 1279 4754 pleniore
1327 4683 1557 4738 rescindi
1604 4684 1816 4752 debuit;
1860 4701 1965 4740 non
2014 4687 2141 4741 rhe-

550 4773 723 4829 torica
774 4772 1178 4841 dissertatione,
1226 4787 1336 4827 non
1384 4771 1747 4843 disputatione
1816 4774 2135 4832 dialectica:

552 4860 750 4915 etenim
790 4860 1004 4917 diverso
1070 4860 1338 4915 scribendi
1376 4876 1571 4931 genere
1610 4862 1819 4918 diversa
1889 4868 2142 4920 manserit

549 4951 794 5018 ejusdem
851 4949 1151 5022 argumenti
1211 4950 1485 5015 tractatio;
1547 4959 1727 5021 partes
1785 4955 1960 5023 egerit
2014 4971 2141 5011 suas

547 5046 731 5106 poeta,
762 5053 891 5091 suas
946 5036 1277 5104 dialecticus,
1310 5055 1436 5093 suas
1470 5033 1838 5108 rhetor.DuIe
1867 5042 1934 5099 de
1972 5044 2141 5114 Virgi-

547 5125 712 5181 nibus
742 5126 1011 5191 velandis,
1044 5143 1163 5197 quae
1190 5128 1255 5183 de
1288 5129 1524 5199 Corona,
1555 5146 1673 5200 quaa
1702 5131 1766 5184 de
1795 5131 2137 5203 Spectaculis

548 5214 739 5269 Graeco
770 5214 910 5286 stylo
933 5215 1262 5287 vulgaverat,
1294 5217 1457 5272 edidit
1476 5229 1661 5289 postea
1692 5218 1898 5273 Latino.
1935 5206 2136 5274 Latinis

548 5310 726 5358 autem
767 5302 953 5358 Grieca
997 5319 1104 5358 non
1136 5305 1376 5369 rescidit,
1428 5308 1523 5359 sed
1572 5306 1775 5362 Graecis
1803 5305 2007 5362 addidit
2032 5307 2140 5362 La-

548 5390 677 5448 tina.
709 5393 863 5462 Quod
894 5393 938 5447 si
967 5393 1154 5449 Graeca
1196 5393 1504 5448 rescindere
1534 5395 1810 5459 voluisset,
1845 5410 1977 5449 sane
2008 5412 2136 5466 pos-

545 5481 835 5539 teri0ribus
889 5498 1106 5555 quoque
1159 5480 1366 5537 Graecis
1418 5481 1599 5551 priora
1650 5483 1740 5537 illa
1794 5486 2132 5543 retractando

544 5570 912 5627 reformasset.
945 5571 1023 5626 Ita
1051 5568 1311 5642 quidquid
1367 5568 1673 5640 scriptionis
1700 5572 1963 5628 adversus
1992 5575 2131 5630 Mar-

542 5659 753 5715 cionem
799 5674 911 5714 suae
960 5657 1193 5728 rescidit,
1238 5656 1531 5729 disputatio
1581 5658 1700 5727 fuit,
1753 5676 1862 5719 non
1919 5678 2129 5736 poema.

2262 3171 2499 3241 pleniore
2530 3181 2714 3245 postea
2741 3172 3103 3243 disputatione
3156 3174 3397 3244 rescidit,
3430 3184 3484 3231 et
3514 3177 3710 3246 prioris
3738 3178 3859 3232 exi-

2258 3260 2458 3318 litatem
2489 3263 2801 3334 posterioris
2829 3261 3158 3318 abundantia
3183 3264 3391 3319 mersit.
3429 3266 3553 3320 Haec
3584 3266 3651 3321 de
3682 3268 3856 3337 primo

2258 3365 2322 3405 ac
2360 3352 2597 3408 secundo
2644 3351 2778 3407 foetu
2826 3350 3025 3408 dixisse
3073 3350 3306 3408 sufficiat
3339 3371 3349 3409 :
3384 3353 3487 3408 nisi
3532 3354 3637 3411 hoc
3691 3357 3850 3410 etiam

2257 3440 2516 3510 adjecisse
2560 3440 2843 3512 profuerit,
2885 3441 3034 3513 quod
3082 3442 3135 3496 in
3184 3441 3423 3498 editione
3471 3443 3614 3499 tertii
3658 3445 3838 3514 Septi-

2257 3528 2395 3584 mius
2423 3533 2727 3587 necessario
2781 3530 2850 3585 de
2880 3532 3051 3585 tribus
3081 3529 3185 3585 illis
3222 3530 3554 3602 praefandum
3592 3532 3701 3588 sibi
3731 3550 3842 3589 esse

2257 3617 2426 3689 duxit,
2458 3635 2525 3674 ne
2552 3635 2713 3690 quem
2763 3619 2990 3675 varietas
3020 3620 3200 3690 operis
3243 3619 3296 3674 in
3326 3620 3578 3691 disperso
3634 3633 3851 3694 reperta

2256 3705 2626 3763 confunderet.
2661 3707 2792 3776 Quae
2834 3706 2998 3763 verba
3028 3708 3187 3763 ﬁdem
3217 3723 3348 3766 sane
3377 3708 3582 3767 faciunt
3634 3710 3706 3766 iis
3727 3728 3853 3782 quae

2256 3810 2416 3865 supra
2462 3795 2712 3862 diximus,
2760 3797 2919 3851 trium
2965 3795 3171 3853 scilicet
3214 3796 3472 3855 adversus
3514 3800 3849 3857 Marcionem

2254 3900 2507 3940 curarum
2552 3884 2751 3941 nullam
2778 3883 2944 3942 fuisse
2991 3882 3214 3942 1058
3261 3886 3544 3956 poeticam.
3600 3890 3764 3955 Nam,
3808 3893 3853 3947 si

2254 3971 2363 4026 ulla
2420 3971 2629 4038 fuisset,
2670 3988 2735 4028 ea
2781 3973 2969 4045 utique
3020 3974 3087 4028 de
3131 3973 3463 4045 reliquarum
3528 3977 3848 4035 conditione

2254 4060 2565 4132 excipienda
2605 4061 2804 4131 fuerat,
2853 4078 3015 4133 quam
3060 4062 3184 4134 styli
3235 4063 3523 4121 diversitas
3572 4066 3642 4121 ab
3700 4068 3850 4124 omni

2254 4148 2570 4207 confusione
2624 4150 2945 4209 vindicabat.
3005 4152 3138 4207 Illud
3203 4153 3365 4208 etiam
3420 4155 3851 4227 observandum,

2253 4239 2395 4308 quod
2427 4237 2656 4310 primam
2700 4238 2846 4293 illam
2875 4238 3127 4295 fmturam
3172 4255 3232 4295 se
3262 4239 3550 4296 rescidisse
3596 4242 3674 4298 ait
3703 4241 3852 4314 Sep-

2254 4326 2459 4397 timius,
2505 4342 2605 4382 nec
2633 4327 2687 4381 in
2714 4328 2909 4401 vulgus
2945 4328 3121 4384 exisse
3162 4344 3281 4384 eam
3323 4330 3597 4401 queritur;
3652 4338 3709 4386 ut
3732 4334 3854 4401 jam

2251 4414 2514 4471 credibile
2551 4429 2660 4471 non
2690 4417 2759 4471 sit
2804 4417 2925 4485 ejus
2952 4416 3279 4487 superfuisse
3322 4418 3613 4491 quicquam
3646 4429 3857 4491 praeter

2252 4523 2315 4562 ea
2379 4521 2499 4577 qua:
2549 4505 2666 4575 ipse
2713 4504 2768 4560 in
2824 4505 3115 4562 secundam
3161 4505 3465 4577 pleniorem
3534 4509 3850 4564 transfudit.

2250 4594 2622 4650 Transfudisse
2669 4602 2846 4651 autem
2875 4595 3088 4665 poetica
3136 4595 3180 4649 si
3211 4596 3503 4668 credimus,
3536 4598 3640 4653 hoc
3678 4600 3859 4656 etiam

2250 4683 2517 4740 fateamur
2560 4700 2781 4740 necesse
2827 4693 2908 4739 est
2953 4685 3031 4740 sic
3059 4685 3343 4754 disjectum
3392 4685 3558 4744 fuisse
3602 4699 3853 4757 poetam,

2250 4780 2306 4828 ut
2333 4774 2443 4842 jam
2472 4772 2715 4827 membra
2765 4774 2886 4843 ejus
2930 4773 3155 4828 inveniri
3196 4783 3473 4843 nequeant
3523 4775 3659 4842 ulla;
3707 4776 3855 4845 imo,

2250 4862 2296 4917 si
2326 4861 2454 4932 quid
2502 4862 2770 4932 poeticum
2818 4861 2874 4916 in
2906 4862 3177 4933 praeclaris
3218 4863 3340 4920 istis
3385 4863 3862 4935 disputationibus

2252 4950 2539 5019 notabitur,
2590 4950 2763 5023 qualis
2802 4968 2864 5008 ea
2901 4951 3041 5007 forte
3079 4952 3256 5022 Ponti,
3305 4969 3425 5024 quae
3468 4952 3858 5025 praefationem

2248 5039 2507 5109 sequitur,
2542 5039 2852 5111 descriptio,
2884 5040 3004 5110 ejus
3034 5041 3320 5113 vestigium
3360 5041 3416 5098 in
3449 5042 3572 5098 tatis
3599 5043 3864 5115 quinque

2247 5126 2554 5182 Carminum
2588 5129 2735 5182 libris
2780 5144 2888 5184 non
2919 5137 3164 5201 apparet.
3212 5130 3509 5195 Postremo,
3541 5131 3685 5201 quod
3715 5146 3859 5186 om-

2247 5230 2366 5270 nem
2397 5216 2595 5272 adimat
2637 5217 3049 5289 dubitationem,
3079 5218 3124 5273 si
3170 5218 3345 5290 prima
3393 5218 3588 5275 fcetura
3640 5234 3859 5277 versus

2244 5304 2299 5359 in
2354 5306 2678 5362 Marcionem
2723 5307 2858 5363 fudit
2896 5308 3209 5379 Septimius,
3252 5325 3373 5363 eam
3414 5325 3536 5365 cum
3593 5309 3852 5377 rescidit,

2244 5411 2431 5450 versus
2461 5394 2577 5465 ipse
2606 5411 2737 5451 suos
2766 5413 2985 5466 pessum
3015 5397 3191 5467 dedit;
3234 5406 3287 5452 et
3314 5396 3487 5453 frusta
3517 5396 3852 5469 qumrimus.

2244 5483 2550 5540 Secundum
2580 5500 2708 5541 vero
2738 5502 2845 5543 non
2875 5485 3041 5542 fuisse
3070 5487 3334 5558 poeticam
3382 5486 3543 5543 tertia
3574 5486 3855 5551 declarat,

2243 5588 2404 5645 quam
2468 5572 2687 5631 1054
2716 5576 2783 5631 de
2828 5576 3079 5632 secundm
3134 5575 3511 5632 emendatione
3555 5582 3611 5631 et
3640 5576 3859 5648 ampli-

2241 5661 2491 5722 ficatione
2521 5664 2875 5736 compositam
2912 5664 3209 5738 Septimius
3255 5664 3561 5740 profitetur.
3598 5664 3699 5723 Sic
3730 5667 3855 5740 igi-
