4062 6178
328 405 465 467 1109

1389 393 1723 457 ΑΡΡΕΝΒΙΧ
1762 395 1802 456 Ῑ.
1843 427 1915 440 -
1949 395 2104 457 Αυν.
2145 394 2552 457 MARCIONEM.

3485 382 3624 450 1110

324 541 413 588 tur
465 529 839 588 absolvimus:
890 527 1096 584 Versus
1153 525 1282 580 istos
1319 519 1728 598 qualescunque
1774 520 1912 578 Ter-
1947 537 1993 618 Α
2020 527 2208 594 poetas
2239 518 2575 577 Christianos
2609 515 3005 574 Tertullianum
3034 513 3463 618 connumeravit.
3507 515 3625 571 Cae-

325 621 539 678 tulliani
581 619 796 676 nomine
841 613 1010 674 fuisse
1056 631 1088 670 a
1131 613 1397 683 Fabricio,
1456 613 1571 671 sola
1607 612 1915 669 manuscri-

327 711 408 783 pti
461 709 666 766 codicis
714 706 898 764 nescio
937 705 1096 775 cujus
1151 703 1472 760 auctoritate
1526 701 1780 772 adducto,
1833 702 1921 758 in-

332 783 586 871 scriptos.
611 795 770 866 Quod
789 810 953 867 quam
981 794 1102 851 leve
1121 809 1184 850 ac
1211 791 1463 848 frivolum
1485 790 1672 846 haberi
1704 791 1920 856 debeat,

331 889 628 961 praesertim
687 901 812 941 cum
876 885 1148 940 neminem
1206 881 1412 939 codicis
1469 879 1617 934 illius
1676 887 1920 936 notorem

331 977 461 1032 satis
502 975 754 1030 idoneum
804 971 1090 1029 Fabricius
1135 969 1360 1038 dederit,
1402 967 1580 1025 sciunt
1607 967 1922 1039 hujusmodi

330 1079 508 1118 rerum
555 1062 738 1134 periti,
767 1076 998 1134 quorum
1036 1059 1288 1115 manibus
1315 1065 1530 1115 versata
1558 1057 1922 1130 quassitissimi

327 1151 560 1208 auctoris
583 1150 912 1222 exemplaria
940 1157 1118 1206 vetera
1147 1147 1280 1202 nihil
1325 1145 1596 1219 poeticum
1636 1146 1920 1202 renuntia-

327 1255 477 1297 vere.
509 1239 618 1296 Sed
643 1256 745 1297 nec
781 1247 1022 1294 veterum
1071 1238 1397 1307 scriptorum
1445 1234 1728 1306 quisquam
1782 1235 1927 1291 inter

2026 619 2222 680 terum,
2262 611 2379 666 haec
2398 614 2655 680 poemata,
2685 606 2935 679 quamvis
2961 603 3217 678 inaequali
3259 601 3622 661 versiﬁcatore

2026 699 2166 756 male
2187 698 2417 770 depexa,
2440 713 2549 753 non
2578 697 2712 752 adeo
2734 694 3210 768 spernimus,utin
3239 693 3306 749 iis
3338 708 3460 749 esse
3494 693 3624 749 boni

2027 787 2230 860 aliquid
2261 802 2564 862 negemus:
2597 787 2706 841 imo
2755 784 3029 858 plerisque
3075 783 3210 840 locis
3239 782 3446 839 utiliter
3500 798 3624 838 cum

2029 876 2380 949 Septimianis
2406 875 2772 932 Marcionibus
2811 873 3074 930 committi
3104 880 3157 928 et
3193 869 3442 940 componi
3473 869 3622 926 afﬁr-

2030 983 2260 1024 mamus.
2290 967 2475 1038 Itaque
2515 973 2569 1021 et
2596 965 2686 1020 hic
2713 963 2954 1033 conspici
2977 962 3208 1034 patimur
3238 968 3492 1032 tanquam
3522 976 3622 1031 ap-

2031 1058 2310 1128 pendices.
2345 1057 2414 1111 At
2434 1054 2558 1128 quia
2587 1061 2797 1109 certum
2819 1052 3089 1108 nescimus
3108 1056 3402 1116 auctorem,
3431 1048 3626 1105 damus

2031 1161 2224 1203 nomen
2255 1143 2471 1203 Incerti.
2513 1145 2617 1200 Eb.
2650 1141 2872 1198 VENBT.

1612 1416 1903 1497 LIBER
1956 1417 2330 1498 PRIMUS

1477 1556 1631 1660 DE
1721 1555 1960 1662 DEO
2040 1553 2454 1672 UNICO.

1171 1817 1559 1862 Αιασωτωί
1604 1818 1751 1861 LIBRI
1779 1819 1954 1871 Phill,
1995 1819 2069 1862 EX
2093 1818 2217 1860 IP80
2245 1813 2654 1868 τειιτυιιιΑΝο,
2681 1814 2757 1858 ΑΙ)

1626 1917 1775 1959 LIBRI
1795 1918 1986 1967 QUINTI
2005 1916 2328 1961 Ασεριοιωί.

1180 1999 1390 2056 Primus
1420 1999 1522 2056 erit
1550 1999 1786 2058 referens
1821 2001 2026 2058 inimici
2053 2016 2120 2058 ex
2146 2000 2337 2058 ordine
2363 1997 2550 2066 verba,

1178 2070 1314 2140 Quae
1341 2071 1532 2142 refuga
1560 2071 1745 2128 illicite
1762 2075 1984 2129 molitus
2012 2072 2235 2143 protulit
2261 2087 2482 2143 amens;

1180 2143 1319 2198 Hinc
1347 2141 1506 2198 etiam
1546 2144 1723 2200 carnis
1749 2159 1873 2213 spes
1901 2151 1956 2200 et
1981 2141 2208 2201 victoria
2236 2141 2459 2209 Christi,

1129 2279 1134 2286 ο
1177 2215 1243 2270 Et
1273 2215 1484 2286 species
1512 2215 1748 2272 breviter
1777 2215 2030 2271 falsarum
2067 2215 2207 2272 dicta
2237 2214 2472 2271 viarum.

325 2317 544 2388 Adjecit
580 2311 732 2370 istud
753 2313 942 2388 titulo,
967 2311 1148 2369 brevis
1169 2313 1360 2388 instar
1378 2313 1728 2388 argumenti,
1750 2315 1926 2388 sicuti
1954 2314 2132 2388 etiam
2160 2312 2339 2388 primi
2370 2310 2502 2388 libri
2520 2310 2790 2388 adversus
2809 2298 3638 2388 Marcionemrkameliaquui

391 2380 544 2443 solus
564 2390 750 2458 totum
770 2385 934 2441 hocce
952 2400 1187 2441 carmen
1199 2380 1514 2452 adnotavit,
1530 2385 1805 2458 apuscula
1825 2385 1941 2440 ista
1957 2380 2197 2442 metrica
2220 2383 2570 2442 Tertulliano
2583 2397 2686 2438 nec
2698 2380 3075 2453 abjudicanda
3091 2383 3466 2438 existimavit.
3481 2380 3628 2435 Enn.

394 2483 588 2539 Libros
643 2454 741 2537 hos
797 2480 1038 2573 quinque
1088 2479 1204 2573 -qui
1276 2479 1486 2551 primus
1543 2454 1680 2573 inter
1744 2483 1925 2553 poeta-
1958 2495 2002 2573 Β
2032 2481 2257 2555 ﬁguris;
2297 2479 2474 2553 aliqua
2503 2477 2840 2535 festinationi
2878 2477 3113 2534 auctoris
3151 2477 3433 2535 tribuenda
3475 2486 3626 2544 sunt,

323 2585 439 2625 rum
509 2576 752 2624 veterum
832 2564 1294 2623 ecclesiaticorum
1378 2579 1544 2634 opera
1617 2563 1926 2621 Christiana

321 2658 378 2713 in
407 2657 584 2713 lucem
614 2654 779 2711 edidit
809 2651 1078 2725 Georgius
1109 2651 1406 2721 Fabricius,
1444 2669 1541 2709 eos
1570 2669 1692 2710 esse
1738 2652 1927 2710 existi-

322 2753 434 2802 mat
481 2746 559 2814 (in
602 2759 709 2814 quo
751 2750 805 2798 et
851 2757 957 2812 ego
1005 2757 1114 2796 non
1173 2741 1460 2811 dissentio)
1510 2756 1739 2812 quorum
1800 2741 1928 2798 facit

323 2834 652 2888 mentionem
681 2828 1054 2884 Tertullianus
1096 2827 1248 2882 initio
1298 2827 1421 2883 libri
1451 2827 1614 2896 primi
1663 2830 1927 2886 adversus

326 2923 665 2978 Marcionem
703 2917 758 2972 in
787 2917 907 2972 haec
959 2916 1154 2970 verba:
1192 2937 1215 2965 ι
1265 2915 1322 2971 Si
1367 2914 1495 2986 quid
1543 2923 1684 2972 retro
1713 2925 1927 2990 gestum

322 3021 405 3066 est
448 3007 607 3065 nobis
658 3007 923 3062 adversus
966 3005 1320 3070 Marcionem,
1372 3004 1488 3074 jam
1531 3004 1660 3060 hinc
1705 3004 1921 3061 viderit.

323 3098 534 3154 Novam
563 3109 678 3150 rem
707 3091 1061 3167 aggredimur
1087 3107 1154 3148 ex
1181 3098 1387 3147 vetere.
1419 3093 1664 3148 Primum
1695 3107 1926 3164 Opuscu-

326 3185 439 3240 lum
483 3183 638 3256 quasi
685 3187 1060 3255 pr0peratum.
1111 3179 1356 3252 pleniore
1403 3189 1599 3252 postea
1652 3181 1920 3255 composi-

325 3274 470 3329 tione
501 3271 854 3328 rescideram.
876 3269 1027 3325 Hanc
1045 3283 1261 3341 quoque
1287 3268 1531 3326 nondum
1556 3269 1922 3341 exemplariis

325 3360 628 3426 suffectam,
694 3358 884 3414 fraude
942 3365 1072 3414 tunc
1150 3357 1338 3415 fratris
1401 3358 1600 3416 dehinc
1661 3365 1921 3431 apostatae

323 3449 500 3515 amisi,
531 3448 624 3521 qui
646 3447 788 3505 forte
818 3445 1178 3517 descripserat
1207 3447 1458 3519 quaedam
1486 3447 1921 3516 mendosissime,

323 3548 378 3596 et
414 3538 662 3594 exhibuit
689 3535 1020 3608 frequentiae.
1064 3557 1093 3585 ι
1121 3533 1280 3602 Quod
1309 3536 1486 3606 ipsum
1514 3534 1583 3591 de
1611 3536 1717 3592 hoc
1754 3550 1924 3608 opere

321 3625 666 3683 verissimum
713 3639 837 3679 cum
883 3622 1131 3680 Fabricio
1186 3621 1490 3690 conﬁteor;
1525 3623 1619 3696 qui
1672 3639 1920 3697 conque-

321 3715 473 3780 ritur,
521 3719 654 3786 quot
721 3727 864 3784 pene
916 3709 1100 3780 verba,
1145 3719 1228 3769 tot
1285 3711 1454 3770 fuisse
1507 3712 1726 3783 menda,
1787 3719 1923 3782 quot

319 3817 534 3870 versus,
565 3810 642 3858 tot
699 3799 960 3869 maculas,
1017 3799 1245 3868 addens,
1303 3816 1611 3874 quanquam
1656 3799 1920 3871 plurimos

321 3905 534 3947 errores
587 3887 868 3944 sustulerit
913 3904 944 3944 e
1005 3888 1248 3960 vestigiis
1305 3889 1542 3960 antiquas
1606 3889 1920 3960 scriptionis

320 3978 498 4048 (vides
527 3975 697 4032 fuisse
745 3975 820 4030 illi
850 3989 952 4030 ms.
1006 3976 1284 4046 exemplar
1328 3991 1361 4030 a
1413 3975 1626 4033 Joanne
1681 3976 1918 4033 Heroldo

323 4081 510 4121 secum
557 4062 1056 4133 communicatum),
1087 4071 1268 4118 tamen
1317 4063 1373 4118 in
1420 4063 1690 4134 reliquiis,
1723 4064 1917 4136 inquit,

319 4150 490 4206 lector
518 4149 726 4206 videbit
754 4158 1010 4221 quantum
1041 4150 1218 4206 adhuc
1259 4151 1498 4220 supersit
1542 4153 1690 4224 quod
1742 4168 1920 4208 emen-

318 4238 540 4295 datione
575 4238 836 4311 indigeat.
865 4239 926 4293 In
955 4254 1064 4308 quo
1113 4253 1214 4294 nos
1251 4239 1410 4294 etiam
1448 4238 1654 4309 aliquid
1698 4247 1921 4297 conatos

213 4317 218 4322 ’
321 4343 389 4384 ex
447 4327 890 4386 adnotationibus
945 4327 1144 4384 nostris
1217 4327 1584 4399 deprehendet
1634 4327 1824 4395 lector,
1867 4337 1922 4384 et

319 4431 540 4471 eramus
597 4416 903 4488 plusculum
961 4414 1163 4488 aliquis
1220 4415 1434 4483 facturi,
1474 4416 1520 4471 si
1577 4415 1645 4470 ad
1701 4431 1918 4470 manum

317 4504 510 4562 fuisset
536 4505 706 4562 codex
738 4506 933 4577 aliquis
969 4521 1075 4561 ms.
1107 4505 1267 4561 Addit
1311 4505 1492 4560 idem:
1537 4524 1561 4555 ι
1598 4504 1922 4561 Tertulliani

319 4594 425 4650 hoc
475 4610 616 4666 opus
663 4593 1036 4665 imperfectum
1093 4611 1235 4659 esse,
1279 4609 1390 4651 rem
1439 4594 1732 4650 declarare.
1762 4595 1921 4651 Nam

315 4681 581 4757 impetum
656 4699 833 4750 suum,
884 4683 1079 4756 inquit,
1130 4693 1368 4749 secutus,
1405 4683 1582 4740 donec
1649 4684 1915 4740 emenda-

2033 2572 2128 2644 qui
2173 2569 2497 2642 cogitaverit
2550 2583 2691 2640 opus
2736 2583 2895 2625 suum
2935 2567 3092 2641 quasi
3147 2568 3476 2624 delineatum
3525 2569 3628 2624 sub

2033 2658 2301 2728 incudem,
2342 2665 2400 2713 ut
2451 2658 2668 2724 dicitur,
2727 2672 3002 2713 revocare.
3061 2653 3257 2725 Qualia
3304 2667 3433 2712 sunt
3483 2655 3632 2727 quod

2033 2761 2295 2803 casuram
2323 2745 2554 2801 libenter
2583 2743 2728 2811 facit,
2767 2743 2896 2799 item
2924 2743 3068 2814 quod
3099 2743 3394 2800 ablativum
3443 2744 3631 2813 primm

2033 2835 2406 2892 declinationis
2455 2831 2700 2904 corripit,
2750 2831 2880 2888 item
2921 2831 3065 2903 quod
3112 2831 3481 2888 collisionibus
3522 2847 3630 2887 non

2032 2924 2243 2982 usitatis
2271 2923 2538 2997 indulget.
2572 2920 2821 2978 lmitandi
2849 2920 3032 2992 itaque
3071 2917 3240 2992 gratia
3284 2934 3393 2975 non
3426 2936 3628 2991 propo-

2031 3021 2232 3069 nuntur
2277 3013 2393 3068 haec
2453 3010 2711 3080 carmina,
2748 3011 2845 3066 sed
2896 3009 3222 3082 agnoscendi
3263 3019 3487 3081 propter
3518 3010 3631 3081 pie-

2033 3105 2216 3166 tatem,
2251 3116 2372 3172 quae
2402 3100 2456 3155 in
2488 3099 2596 3156 isto
2626 3098 2746 3156 viro
2774 3097 3072 3173 singularis
3101 3106 3154 3154 et
3192 3098 3370 3172 gravis
3401 3097 3523 3167 fuit,
3575 3108 3630 3156 et

2032 3187 2268 3243 studium
2316 3188 2462 3260 quod
2491 3187 2546 3242 in
2594 3203 2684 3244 res
2721 3201 2898 3242 sacras
2927 3187 2996 3242 ad
3020 3185 3322 3243 doctrinam
3355 3185 3626 3244 universae

2034 3275 2362 3347 posteritatis
2388 3274 2696 3333 collocavit.
2725 3295 2748 3325 ι
2781 3275 3048 3333 Hactenus
3073 3274 3182 3332 ille.
3207 3276 3268 3332 Si
3306 3275 3430 3347 quis
3458 3275 3627 3333 licen-

2027 3362 2154 3419 tiam
2185 3373 2463 3435 poetarum
2493 3371 2735 3422 veterum
2777 3362 3234 3431 Christianorum,
3283 3371 3449 3436 atque
3483 3365 3624 3421 adeo

2027 3452 2282 3510 Auctoris
2339 3453 2513 3509 nostri
2568 3451 2840 3509 desideret
2914 3466 3076 3508 nosse
3163 3451 3425 3519 exactius,
3485 3451 3628 3526 legat

2029 3543 2228 3598 Vener.
2258 3543 2419 3599 Beda:
2445 3541 2644 3598 librum
2673 3541 2739 3598 de
2767 3542 2900 3600 Arte
2926 3541 3190 3598 metrica.
3226 3541 3365 3597 Pu.

1956 3669 1999 3746 ο

2544 3737 2778 3797 CAPUT
2815 3736 3105 3795 PRIMUM.

2096 3889 2351 3962 Impietas
2378 3888 2641 3960 profunda
2675 3887 2824 3961 mali,
2854 3903 3011 3946 mens
3039 3887 3222 3946 invida
3255 3888 3376 3946 vitae
3395 3888 3495 3964 (1),

2025 3980 2293 4038 Seductos
2320 3981 2568 4038 homines
2597 3996 2696 4052 spe
2723 3988 3006 4051 potsquam
3037 3979 3182 4051 cepit
3205 3977 3378 4048 inani,

2032 4066 2254 4127 I055
2274 4068 2526 4136 Nudavit,
2548 4067 2826 4124 suadendo
2852 4069 3008 4124 nefas
3029 4066 3132 4123 sibi
3159 4068 3381 4124 credere
3402 4065 3624 4138 falsum,

2025 4157 2146 4211 Non
2175 4156 2397 4227 impune
2425 4155 2682 4228 quidem;
2716 4154 2842 4212 facti
2880 4171 3006 4209 nam
3035 4154 3286 4225 protinus
3305 4154 3396 4209 ille

2027 4242 2097 4300 Ut
2119 4256 2261 4309 reus,
2294 4249 2347 4295 et
2376 4241 2508 4296 tanti
2538 4240 2759 4298 sceleris
2781 4241 3096 4296 temerarius
3122 4246 3312 4296 auctor

2007 4327 2250 4398 ‘Accepit
2277 4328 2562 4384 maledicta
2589 4344 2826 4384 merens.
2851 4328 2937 4384 Sic
2960 4336 3146 4398 postea
3173 4329 3396 4384 demens

2027 4415 2280 4488 Amplius
2307 4431 2623 4491 aggressus,
2653 4414 3123 4485 desperatissimus
3151 4415 3342 4482 hostis,

2027 4505 2226 4562 lnfudit
2244 4511 2453 4561 mentes
2482 4503 2759 4561 hominum
2792 4501 3022 4576 caligine
3051 4517 3297 4571 mersas;

2031 4595 2240 4652 Oblitos
2257 4593 2571 4663 Dominum,
2593 4591 2782 4649 docuit
2809 4608 2977 4664 spem,
2995 4590 3238 4663 linquere
3266 4603 3489 4661 certam,

2029 4684 2178 4740 Idola
2204 4698 2342 4742 vana
2370 4684 2528 4755 sequi
2559 4681 2661 4756 (2),
2689 4680 2901 4736 turbam
2937 4679 3041 4735 sibi
3071 4678 3274 4751 fingere
3301 4682 3512 4754 divum;

318 4770 482 4826 tionis
510 4780 720 4842 tempus
748 4772 984 4840 daretur,
1018 4771 1188 4827 multa
1241 4780 1431 4828 contra
1475 4781 1747 4846 praecepta
1793 4788 1912 4828 me-
1956 4765 2002 4843 Β
2031 4773 2240 4838 Sortes,
2272 4770 2518 4846 auguria,
2557 4771 2832 4826 stellarum
2861 4767 3079 4824 nomina
3109 4768 3265 4835 falsa,

317 4860 450 4915 trioa
487 4857 652 4928 fecit;
705 4875 935 4930 quorum
983 4861 1164 4934 aliqua
1211 4861 1607 4918 excusationem
1652 4861 1914 4932 temporis

311 4948 534 5017 habent,
589 4947 773 5019 aliqua
830 4958 1059 5019 possunt
1123 4949 1371 5004 excusari
1444 4949 1917 5023 grammaticorum

1993 4863 2348 4918 'Nascentum
2377 4874 2608 4930 geneses
2636 4856 3016 4929 constringere
3044 4856 3146 4928 (3),
3172 4871 3334 4928 posse
3363 4856 3551 4915 videre

2022 4950 2314 5006 Exstorum
2342 4945 2607 5020 inspiciis,
2640 4961 2834 5017 resque
2866 4953 3178 5016 exspectare
3208 4944 3414 5002 futuras
3445 4962 3462 5014 ;

1798 5049 2298 5113 Commentarius.

381 5155 431 5222 (l
445 5153 463 5223 )
479 5153 746 5224 Impietas
763 5154 1049 5226 profunda
1068 5156 1230 5222 mali,
1253 5173 1412 5214 mens
1433 5156 1630 5213 invida
1649 5160 1802 5222 vitae,
1818 5165 1925 5213 etc.

314 5223 493 5302 Qaput
520 5223 626 5302 hoc
655 5223 1064 5302 inscripsimus;
1106 5248 1129 5302 ς
1165 5227 1246 5302 _De
1266 5228 1446 5302 prima
1475 5228 1709 5302 hominis
1733 5229 1932 5302 seduc-

317 5295 488 5361 tione,
535 5295 738 5369 deinde
795 5295 961 5369 e’tAad
1015 5295 1364 5369 idololatriam
1414 5314 1512 5368 per
1563 5301 1872 5369 diabolum;
1902 5321 1926 5350 ι

2036 5154 2200 5225 vulgi,
2251 5160 2614 5226 usurparunt:
2683 5153 3178 5226 atquegadeogest
3220 5161 3405 5210 contra
3461 5154 3624 5212 ﬁdem

2039 5224 2262 5283 vetustae
2300 5224 2564 5291 lectionis,
2608 5224 2772 5296 quod‘
2795 5224 3011 5296 quidam
3062 5224 3114 5280 in
3160 5226 3476 5292 Prudentia,
3517 5229 3620 5283 Se-

2037 5297 2187 5353 dulio
2217 5304 2270 5352 et
2296 5300 2521 5353 Aratore
2549 5297 2663 5352 loca
2690 5296 2893 5367 aliquot
2921 5296 2993 5352 ita
3025 5299 3298 5364 mutarint,
3326 5307 3386 5353 ut
3413 5298 3622 5369 produ-

317 5373 433 5440 turn
463 5367 608 5440 enim
640 5383 792 5424 more
841 5367 1226 5425 Tertullianico
1264 5367 1484 5425 malum
1515 5371 1770 5440 appellat.
1800 5367 1931 5426 (Ias-
2036 5376 2208 5424 catur.

319 5435 775 5514 tigavimus_vero
804 5443 967 5510 paulo
1017 5449 1135 5510 post
1158 5458 1317 5514 posse
1335 5435 1562 5514 videre,
1586 5435 1692 5514 pro
1725 5442 1922 5500 videri.

342 5507 470 5594 “(2)
523 5508 677 5594 fdolq
718 5507 868 5594 vana
914 5507 1089 5594 sequi,
1125 5507 1226 5566 οἷο.
1260 5511 1557 5594 λάοιωη,Δ
1589 5507 1729 5567 Beda
1785 5520 1920 5568 teste

322 5575 462 5658 libro
513 5575 1124 5658 deJ/trteAmetrica',
1158 5582 1332 5658 medio
1381 5591 1629 5654 correpta
1686 5599 1920 5658 semper,

323 5647 706 5718 Ecclesiastici,
790 5651 1038 5710 fortassis
1111 5653 1462 5726 indulgentes
1540 5647 1920 5713 consuetudini

2111 5441 2189 5510 (3)
2205 5441 2549 5512 Nascentum
2560 5455 2785 5512 geneses
2801 5441 3208 5511 constringere,
3227 5448 3327 5512 etc.
3347 5437 3622 5494 Adversus

2033 5509 2432 5576 Genethliacos,
2463 5509 2578 5583 qui'
2601 5515 2938 5567 nascentum
2965 5509 3213 5582 gen'eses,
3245 5509 3300 5564 id
3321 5518 3422 5583 est
3449 5521 3616 5576 ortus,

2029 5585 2414 5710 lclorlisegringere
2433 5580 2678 5640 nituntur
2703 5584 2773 5639 ad
2801 5580 2983 5640 certos
2997 5589 3222 5638 eventus
3244 5599 3260 5651 ;
3283 5580 3462 5652 plures
3480 5583 3626 5638 locos

2068 5668 2098 5710 a
2231 5669 2412 5725 supra.
