4058 6172
468 320 599 382 1111

1530 322 1619 383 AD
1656 320 1945 383 GENUINA
1980 319 2425 383 TERTULLIANI
2462 320 2697 383 OPERA.

3625 321 3768 385 1112

460 444 740 541 Terribilis
775 446 1000 541 magicis
1029 446 1336 541 refugarum
1366 448 1446 519 (4)
1472 449 1702 541 audacia
1729 450 1921 505 ductos
1940 448 2044 522 (5),
2082 461 2129 541 Α
2158 449 2329 541 iudex
2357 458 2417 541 et
2438 450 2701 541 Dominus
2729 447 2899 541 venit,
2922 463 3017 506 rex
3046 447 3474 541 inclytusgorbis,

463 533 762 591 Conﬁctam
792 538 989 593 molem
1021 540 1295 609 mirantes,
1326 555 1583 611 spernere
1613 538 1795 603 vitam,

460 625 677 694 Impulit
706 626 759 681 in
788 644 1055 698 przeceps,
1084 630 1342 686 scelerata
1373 630 1580 684 insania
1609 644 1834 695 mersos,

459 713 734 785 Sanguine
764 716 1086 787 gaudentes,
1118 719 1409 773 homicidia
1439 734 1581 773 saeva
1611 718 1823 781 minari,

460 801 699 871 Corpore
746 804 799 858 in
831 804 1051 857 alterius
1084 815 1209 861 tunc
1238 806 1413 861 carnis
1431 806 1624 862 vulnus
1650 820 1850 872 amare,

460 892 733 947 Ardentes
768 894 950 964 etiam,
980 895 1156 949 calida
1184 896 1468 951 dulcedine
1502 903 1707 965 captos,

460 980 687 1034 Fmdera
718 992 921 1036 naturae
951 983 1353 1050 transcendere,
1386 999 1613 1053 corpora
1644 980 1841 1035 munda

461 1069 757 1138 Complexu
787 1072 1007 1126 infando
1048 1088 1239 1126 sexum
1271 1074 1535 1127 maculare
1568 1071 1808 1139 virilem;

458 1158 748 1214 Femineos
776 1177 905 1214 usus
934 1161 1081 1231 vulgi
1112 1161 1415 1217 contamine
1448 1162 1523 1232 (6)
1566 1162 1763 1215 mixtos

458 1247 714 1316 Illicitos;
748 1257 1032 1319 castosque
1061 1250 1231 1316 sinus,
1260 1250 1552 1321 generique
1572 1250 1800 1311 dicatos,

457 1337 517 1391 In
558 1336 757 1393 coitum
788 1340 1102 1393 obscmnum
1132 1355 1228 1408 pro
1258 1339 1391 1394 luxu
1420 1338 1585 1393 suasit
1615 1337 1820 1403 haberi,

457 1425 624 1492 Talia,
659 1427 929 1495 praeterito
962 1436 1238 1499 grassatus
1267 1436 1509 1499 tempore
1548 1428 1738 1498 gessit,

458 1514 561 1567 Per
588 1514 817 1570 latebras
849 1516 1059 1580 animae,
1103 1517 1248 1587 scpis
1276 1525 1525 1571 manante
1561 1531 1768 1571 veneno
1798 1518 1897 1583 (7).

456 1604 578 1659 Non
609 1606 740 1675 quia
769 1606 1051 1675 culparent
1080 1607 1342 1675 homines,
1373 1622 1497 1661 nam
1528 1613 1722 1673 sponte
1752 1606 1939 1671 secuti,

457 1692 550 1749 Ille
578 1694 707 1750 dolo
736 1694 924 1761 suasit,
958 1696 1121 1749 homo
1155 1695 1409 1749 libertate
1440 1693 1665 1766 peregit.

1090 1837 1321 1893 CAPUT
1352 1839 1419 1892 II.

528 1963 653 2017 Haec
683 1962 810 2016 dum
841 1960 1096 2018 continuo
1125 1978 1220 2032 per
1264 1961 1459 2017 saecula
1497 1961 1736 2032 perfidus
1769 1963 1913 2017 halat
1934 1963 2034 2034 (8),

457 2050 857 2121 Consiliumque
888 2066 1039 2105 suum
1070 2050 1303 2106 seductis
1334 2050 1587 2106 cordibus
1616 2051 2050 2123 infert;[habere,

461 2138 690 2198 I056
719 2140 969 2210 Sperans,
1004 2138 1140 2195 heul
1182 2140 1513 2211 scelerisque
1552 2139 1715 2207 viam,
1750 2157 1806 2197 se
1853 2140 2053 2196 stultus

451 2232 679 2302 Ignarus
708 2229 882 2302 qualis
912 2238 1125 2285 maneat
1154 2230 1421 2285 sententia
1450 2229 1595 2284 facti.

453 2321 637 2376 Turba
664 2321 1049 2391 prophetarum
1080 2319 1233 2374 tectis
1262 2318 1527 2391 sapientia
1552 2317 1734 2374 verbis

452 2410 658 2479 Spiritu
697 2409 875 2480 deque
905 2408 1001 2463 Dei
1042 2410 1110 2478 (9)
1141 2424 1383 2478 praesaga
1412 2424 1546 2463 voce
1578 2406 1896 2479 loquentum

452 2497 674 2557 Publice
702 2513 809 2551 non
848 2498 1053 2551 audens
1079 2496 1370 2551 Dominum
1403 2494 1726 2551 maledicere
1756 2496 1921 2559 nude,

454 2586 673 2642 Secreto
702 2586 922 2659 ingenio
955 2601 1180 2655 sperans
1210 2600 1269 2639 se
1299 2599 1460 2656 posse
1491 2583 1694 2655 latere;

452 2677 690 2734 Tandem
722 2677 812 2732 lux
843 2676 1035 2730 animae
1066 2676 1240 2731 carnis
1270 2675 1482 2744 captiva
1512 2682 1742 2741 tenetur,

452 2767 874 2835 Desperatorum
904 2771 1073 2820 certat
1103 2780 1228 2834 spes
1254 2762 1447 2818 fortior
1476 2763 1657 2828 hoste,

452 2856 577 2925 Ipse
607 2854 851 2925 ﬁgurato,
885 2860 1171 2909 renovator
1199 2850 1442 2923 corporis
1470 2852 1587 2920 ipse
1610 2868 1623 2915 ;

452 2943 639 3001 Gloria
666 2958 794 2999 vera
820 2941 1013 3009 Patris,
1044 2940 1145 2996 Dei
1173 2939 1357 3007 Filius,
1387 2939 1579 2996 unicus
1607 2941 1834 3006 Auctor,

2162 537 2450 611 Oppressis
2479 540 2692 594 veniam
2722 539 2852 595 dare
2885 548 3187 610 promptus,
3219 538 3431 596 solvere
3458 540 3688 609 vinctos,

2163 627 2334 698 Cujus
2364 628 2595 683 amicitia
2623 627 2843 694 auxilio,
2868 628 3120 700 patientia
3150 645 3347 699 poena),

2162 720 2229 773 Et
2256 720 2404 776 Deus
2432 726 2485 773 et
2514 728 2802 773 renovatus
2840 720 3001 774 homo
3033 717 3291 773 miscetur
3320 717 3371 771 in
3424 733 3590 771 unum
3624 716 3759 789 (10).

2161 809 2330 881 Virgo
2356 816 2537 863 sancta
2570 808 2725 880 parit,
2760 808 2929 877 patuit
2959 807 2977 845 ¹
3012 822 3150 863 nova
3176 808 3339 876 janua
3369 805 3492 861 vitae
3527 824 3540 872 ;

2162 898 2312 953 Dicta
2342 899 2725 969 prOphetarum
2757 896 2909 952 factis
2948 896 3168 968 impleta
3198 896 3499 966 probantur
3529 913 3541 959 ;

2160 986 2387 1056 Templa
2417 987 2721 1041 sacerdotes
2750 985 2999 1055 linquunt
3033 1002 3046 1051 ;
3078 984 3247 1040 stellm
3275 999 3497 1056 quoque
3530 983 3693 1038 ductu

2158 1076 2419 1131 Mirantur
2449 1075 2763 1142 Dominum,
2797 1082 3007 1130 tantum
3036 1088 3318 1129 secernere
3347 1083 3578 1143 partum.

2159 1165 2217 1219 In
2246 1164 2431 1222 vinum
2461 1172 2737 1221 vertuntur
2756 1180 2930 1235 aquae,
2966 1161 3320 1219 memorabile
3349 1162 3498 1227 visu;

2159 1253 2388 1309 Lumina
2417 1253 2714 1309 redduntur
2743 1253 2920 1319 caecis,
2947 1253 3210 1324 jussuque
3238 1258 3523 1307 trementes

2158 1344 2448 1399 Daemones
2476 1343 2695 1413 expulsi
2722 1343 2970 1407 clamant,
3014 1341 3395 1413 Christumque
3426 1341 3682 1397 fatentur.

2159 1431 2352 1487 Omnia
2381 1441 2635 1488 sanantur
2662 1433 2828 1488 verbo
2852 1433 2965 1501 jam
2996 1430 3175 1485 tabida
3205 1431 3468 1493 membra,

2156 1522 2275 1576 Jam
2331 1522 2571 1592 graditur
2596 1521 2840 1587 claudus,
2873 1520 3069 1575 surdus
3100 1535 3247 1591 Spem
3294 1521 3540 1590 protinus
3584 1518 3758 1582 audit,

2165 1612 2266 1665 Dat
2292 1610 2531 1665 dextram
2551 1627 2786 1679 mancus,
2816 1610 3060 1682 loquitur
3087 1608 3358 1680 magnalia
3389 1616 3604 1677 mutus;

2162 1698 2243 1753 Fit
2265 1715 2409 1754 mare
2438 1698 2784 1771 tranquillum
2808 1698 2987 1767 jussu,
3021 1696 3278 1768 ventique
3309 1695 3613 1768 quiescunt.

2164 1786 2359 1842 Omnia
2403 1796 2741 1859 cOgnoscunt
2785 1788 3113 1854 Dominum;
3166 1784 3521 1841 confunditur
3556 1786 3761 1852 hostis,

2161 1876 2388 1948 Jamque
2419 1877 2781 1949 triumphatus
2811 1875 2957 1931 ferus
2987 1874 3153 1931 armis
3183 1884 3334 1946 paret
3364 1873 3594 1947 iniquis.

2782 2008 3005 2066 CAPUT
3055 2007 3150 2065 III.

2162 2136 2354 2194 Omnia
2384 2152 2504 2192 cum
2536 2142 2783 2193 revocata
2811 2136 2953 2193 videt
2980 2152 3103 2208 quae
3144 2141 3358 2206 ceperat
3387 2131 3502 2203 ipse
3537 2134 3653 2201 (tt)

2168 2225 2391 2283 I057
2420 2226 2599 2281 Cladis
2620 2226 2673 2281 in
2704 2225 2994 2299 ipteritum,
3016 2240 3243 2281 mersam
3264 2224 3372 2294 jam
3394 2237 3623 2295 surgere
3646 2238 3765 2277 caro

2162 2317 2218 2370 In
2242 2317 2412 2371 cmlos
2435 2316 2704 2371 hominem
2727 2316 2939 2371 devicta
2959 2323 3131 2369 morte
3154 2314 3335 2377 levari,
3444 2310 3592 2382 [nem
3624 2312 3762 2380 (t2),

2161 2405 2373 2479 Signari
2408 2406 2654 2477 p0pulos,
2687 2404 2866 2459 effuso
2899 2405 3127 2475 pignore
3149 2410 3353 2466 sancto,
3398 2448 3401 2453 ,

2160 2495 2413 2552 Mirandaa
2442 2494 2653 2553 virtutis
2680 2510 2836 2565 opus,
2870 2495 3150 2566 invisaque
3180 2495 3351 2560 facta;

2160 2585 2323 2639 Audit
2362 2594 2629 2640 extremas
2655 2586 2993 2639 ﬂammarum
3024 2583 3078 2636 in
3109 2581 3324 2654 gurgite
3351 2595 3541 2652 poenas

2158 2675 2208 2730 A
2238 2674 2470 2730 Domino
2499 2672 2602 2727 sibi
2632 2679 2942 2744 perpetuas,
2977 2672 3331 2743 tenebrasque
3357 2676 3601 2741 paratas,

2159 2764 2468 2818 lrrevocata
2498 2762 2595 2817 Dei
2626 2761 2915 2825 sententia,
2946 2759 3142 2823 nudus,
3179 2758 3420 2824 inermis,

2160 2852 2478 2918 Damnatus,
2512 2849 2704 2914 victus,
2737 2850 3011 2919 periturus
3038 2856 3215 2903 morte
3245 2846 3491 2917 perenni,

2084 2920 2127 2996 0
2154 2942 2269 2995 Jam
2301 2936 2450 3005 réus,
2483 2947 2537 2995 et
2564 2938 2765 2994 nullam
2794 2936 3007 2993 veniam
3046 2952 3105 2992 se
3132 2945 3311 2991 certus
3337 2934 3575 3000 habere;

1859 3036 2047 3099 Variae
2079 3039 2390 3099 lectiones.

528 3117 545 3157 ¹
579 3116 779 3175 Pateﬁt.
812 3120 972 3174 Pam.
1011 3117 1229 3177 Obcrth.

1878 3189 2382 3252 Commentarius.

529 3270 981 3341 (L)Refugarum,
1013 3279 1115 3325 etc.
1146 3267 1401 3324 Similiter
1429 3267 1594 3336 infra,
1627 3282 1747 3335 cap.
1781 3272 1837 3323 6.

515 3383 775 3434 Terribilis
802 3385 976 3447 refuga.
1001 3383 1230 3434 attribuit
1259 3384 1368 3433 fera
1400 3395 1617 3432 munera
1660 3380 1859 3438 mortis,

452 3482 721 3552 accipiens
758 3486 1016 3553 refugam
1046 3496 1144 3553 pro
1185 3478 1697 3553 transfuga,sicuti
1729 3479 1889 3553 etiam
1918 3479 2052 3532 Pru-

452 3550 669 3608 dentius
697 3550 1126 3621 PeriSterilianos.
1160 3555 1227 3607 Et
1266 3550 1481 3607 rursum
1524 3550 1617 3603 lib.
1645 3566 1707 3616 Il,
1741 3550 1915 3617 initio,
1962 3567 2049 3606 re-

453 3628 608 3694 fugis
658 3626 1027 3696 spirantibus,
1075 3633 1127 3678 et
1172 3640 1289 3692 cap.
1324 3625 1375 3690 4,
1410 3624 2052 3696 γε’[ιισανιιηιμὶηυηαηθ

456 3692 753 3764 tropaeum,
778 3711 838 3747 ac
867 3696 964 3749 lib.
988 3711 1039 3755 ν,
1063 3712 1188 3764 quae
1208 3699 1424 3764 refuga,
1440 3692 1815 3764 etc.,protulit
1834 3708 2047 3746 amens.

526 3762 601 3833 (75)
625 3766 870 3819 Audacia
902 3762 1115 3832 ductos,
1161 3762 1289 3832 etc.,
1338 3763 1486 3817 Haud
1517 3762 1671 3816 aliter
1698 3764 1857 3829 paulo
1908 3772 2049 3831 post,

472 3836 744 3889 scelerata
778 3836 1001 3890 insania
1029 3842 1319 3898 mersos,et
1339 3850 1456 3901 cap.
1481 3849 1621 3900 seq.,
1645 3834 1809 3903 tectis
1829 3834 2047 3903 sapien-

457 3907 541 3959 tia
566 3906 781 3975 verbis;
812 3907 959 3964 item.
999 3906 1286 3975 patientia
1317 3920 1517 3975 parum,
1563 3902 1795 3970 denique
1841 3902 1958 3973 cap.
1991 3907 2047 3969 7,

456 3976 690 4043 magicas
720 3972 1011 4029 dementia
1034 3977 1252 4046 plenos,
1284 3972 1345 4029 ac
1386 3988 1507 4042 cap.
1541 3976 1593 4037 9,
1627 3989 1733 4027 sua
1771 3978 1934 4046 parte
1960 3989 2051 4028 re-

456 4048 617 4109 licta,
663 4052 799 4117 etc.,:
849 4046 1135 4117 sapientia
1166 4045 1299 4116 fecit
1339 4048 1579 4117 etarte,
1634 4060 1716 4117 ac,
1742 4045 1841 4101 sua
1869 4046 2049 4117 gloria

455 4118 646 4183 vestit,
678 4126 731 4171 et
758 4114 1195 4187 frequentissime
1233 4116 1319 4170 his
1365 4116 1519 4169 libris
1564 4114 1826 4186 quinque,
1870 4114 2046 4171 corri-

454 4187 609 4260 piens
632 4188 901 4265 ablatiyos
928 4188 978 4240 in
1011 4206 1066 4255 a,
1099 4189 1191 4256 qui
1218 4203 1249 4242 a
1278 4187 1549 4265 veteribus
1579 4188 1817 4265 produci
1846 4188 2047 4265 sglent,

452 4258 603 4313 more
624 4258 1055 4313 Christianorum
1092 4269 1399 4329 poetarum,
1434 4258 1592 4313 sicuti
1626 4259 1846 4315 tradidit
1875 4258 2042 4324 Beda,

453 4328 550 4383 lib.
587 4330 653 4385 de
674 4331 807 4387 Arte
846 4328 1108 4387 metrica.

524 4355 550 4383 Ρ.
587 4355 652 4385 αις
674 4355 807 4387 ΛΓιϐ
846 4355 1108 4411 πρϐιΠυιι.
1611 4401 1620 4411 ⁸
1754 4400 1764 4411 .
1966 4400 1975 4411 ⁸
2075 4355 2119 4430 D

524 4401 595 4467 (6)
632 4402 985 4466 Contamme,
1018 4410 1119 4456 etc.
1152 4400 1353 4455 Eadem
1382 4415 1512 4457 voce
1548 4408 1714 4455 utitur
1752 4400 1910 4465 infra,
1943 4399 2037 4456 lib.

452 4486 534 4543 ix,
557 4486 676 4541 cap.
708 4473 758 4543 Is,
787 4472 1001 4543 plebem
1030 4474 1350 4543 cantamine
1372 4474 1623 4543 plenam,
1644 4486 1742 4542 pro
1776 4486 1832 4525 re
1860 4480 2040 4526 conta-

451 4542 677 4608 minata,
708 4542 825 4595 sive
849 4542 1102 4610 spurcitia
1131 4551 1183 4596 et
1222 4542 1535 4613 ignominia.

522 4614 763 4693 (7)8632}
780 4611 1575 4693 manante_genenb,_etc.Seps,
1592 4614 1781 4693 inquit
1811 4611 2032 4693 Epiph.,

450 4682 774 4751 Haeres/36,
806 4692 887 4738 est
935 4685 1122 4751 reptile
1170 4682 1509 4752 quadrupes,
1549 4682 1779 4739 stellioni
1835 4682 2031 4749 sirnile,

449 4754 606 4821 cujus
639 4770 849 4809 morsus
895 4755 1276 4810 detrimentum
1320 4770 1418 4824 pro
1464 4755 1633 4809 nihilo
1692 4761 2027 4824 reputantur,

448 4834 666 4895 sputum
695 4836 871 4881 autem
902 4826 956 4879 in
986 4826 1165 4881 cibum
1198 4834 1289 4880 aut
1319 4835 1503 4895 potum
1534 4826 1876 4893 ejaculatum,
1917 4835 2030 4880 sta-

448 4896 539 4949 tim
572 4905 795 4951 mortem
828 4897 1155 4951 sumentibus
1183 4896 1408 4952 inducit.
1459 4898 1609 4952 Unde
1637 4896 1915 4965 aptissima
1952 4906 2033 4951 est

445 4968 775 5033 comparatio
805 4982 925 5020 cum
956 4977 1206 5036 serpente
1224 4967 1459 5031 diabolo,
1486 4969 1577 5037 qui
1597 4986 1691 5037 per
1712 4969 1855 5037 pomi
1879 4967 2032 5023 vetiti

444 5038 824 5106 sumptionem,
856 5054 1065 5092 veneno
1094 5038 1277 5093 infecit
1298 5039 1771 5108 hominem.Atqui
1794 5038 1887 5102 ibi,
1914 5055 2029 5093 non

442 5110 579 5177 quia
607 5110 905 5179 culparent
944 5108 1213 5173 homines,
1250 5113 1377 5175 etc.,
1424 5111 1715 5167 obscurum
1750 5119 1832 5166 est
1871 5110 2026 5180 illud,

441 5180 768 5249 culparent,
800 5180 901 5233 nisi
944 5181 1373 5250 subintelligatur
1402 5182 1703 5238 diabolum.

510 5252 587 5319 (8)
643 5253 765 5323 Ilaec
812 5250 949 5323 dum
978 5255 1249 5309 continuo
1282 5270 1379 5322 per
1408 5254 1617 5308 stac-ala
1645 5251 1894 5323 perﬁdus
1923 5251 2026 5323 _ha-

441 5319 665 5383 lat,etc.
684 5322 923 5375 Titulum
954 5323 1076 5378 huic
1105 5324 1263 5391 capiti
1283 5319 1565 5391 dedimus,
1583 5319 1659 5379 de
1676 5323 1892 5377 Christo
1916 5320 2020 5375 ho-

434 5394 608 5466 minis
632 5394 776 5464 lapsi
808 5395 1176 5466 redemptore.
1194 5395 1361 5449 Halat
1386 5410 1510 5447 vero
1535 5394 1619 5466 hic
1639 5392 1897 5466 accipitur
1926 5406 2020 5457 pro

438 5462 626 5520 halitu
666 5461 895 5533 inﬁcere
920 5471 975 5521 et
995 5461 1381 5536 corrumpere.
1416 5464 1581 5534 Atqui
1601 5472 1689 5536 est
1736 5463 1823 5516 hic
1870 5461 2020 5516 locus

436 5536 654 5591 mutilus
681 5536 747 5589 ad
778 5552 993 5590 versum
1018 5536 1168 5591 illum
1191 5556 1202 5591 :
1231 5534 1423 5606 Turba
1451 5535 1873 5606 prophetarum,
1893 5540 2022 5595 etc.,

433 5619 554 5658 cum
584 5606 849 5676 sequenti,
882 5607 1039 5675 quasi
1087 5605 1319 5663 voluerit
1360 5602 1562 5662 dicere
1587 5617 1804 5660 auctor:
1840 5602 2023 5672 Quan-

2162 3284 2323 3338 quam
2353 3274 2596 3335 speraret
2614 3266 2785 3321 hostis
2813 3265 3033 3321 humani
3060 3264 3272 3338 generis
3291 3281 3349 3320 se
3370 3264 3585 3320 sceleris
3612 3265 3763 3320 viam

2162 3336 2422 3410 perpetuo
2471 3346 2804 3410 retenturum
2861 3338 3001 3410 apud
3048 3336 3317 3404 homines,
3350 3339 3589 3410 primum
3633 3353 3763 3410 _per

2161 3406 2546 3480 prophetarum
2579 3410 2742 3463 verba
2779 3406 3116 3478 impeditum,
3153 3417 3207 3463 et
3235 3406 3365 3463 cum
3399 3406 3764 3461 nihilominus

2159 3482 2303 3551 quod
2327 3480 2538 3549 publice
2560 3495 2666 3535 non
2690 3480 2942 3549 audebat,
2964 3488 3170 3535 secreto
3201 3487 3449 3551 pergeret
3470 3486 3761 3542 attentare,

2157 3551 2369 3605 venisse
2388 3551 2656 3605 Christum
2691 3551 3105 3619 redemptorem.

2235 3624 2313 3691 (9)
2346 3623 2565 3694 Spiritu
2588 3622 2769 3694 deque
2786 3618 2900 3694 Dei,
2924 3630 3025 3676 etc.
3050 3622 3170 3694 Non
3190 3619 3279 3676 hic
3307 3621 3491 3694 modo,
3523 3618 3761 3694 sedhfre-

2157 3691 2395 3762 quenter
2416 3702 2603 3761 postea
2632 3691 2686 3745 in
2716 3692 2870 3762 libris
2898 3691 3195 3749 carminum
3226 3692 3472 3761 corripit,
3515 3699 3594 3762 ut,
3620 3691 3762 3745 litte-

2158 3761 2270 3817 ram
2302 3763 2588 3831 ancipitem
2617 3762 2672 3817 in
2702 3761 2807 3818 ﬁne
2835 3780 3105 3818 versuum.
3146 3762 3273 3817 Tale
3296 3772 3380 3817 est
3409 3762 3541 3815 illud
3564 3761 3661 3816 lib.
3691 3778 3757 3827 η,

2158 3833 2323 3902 infra,
2349 3850 2399 3889 c.
2430 3837 2491 3890 5:
2537 3851 2560 3886 α
2591 3834 2904 3904 Pignusque
2933 3850 3035 3889 suo
3066 3835 3134 3888 de
3184 3834 3377 3904 spiritu
3409 3833 3564 3896 fudit,
3599 3854 3621 3881 ι
3666 3849 3756 3901 ac,

2159 3926 2185 3953 α
2222 3905 2288 3959 de
2317 3904 2508 3976 spiritu
2530 3904 2683 3969 vita;
2709 3924 2744 3976 γ»
2778 3915 2831 3959 et
2856 3904 2949 3959 lib.
2974 3921 3048 3971 iv,
3069 3922 3189 3975 cap.
3224 3908 3289 3958 2:
3330 3925 3355 3955 α
3385 3905 3579 3959 Nullus
3599 3905 3761 3958 locus

2156 3975 2358 4032 ambitu
2387 3976 2609 4030 claudit.
2630 3996 2653 4024 »
2688 3975 2855 4043 Quale
2882 3976 3009 4045 quid
3038 3984 3092 4031 et
3120 3978 3187 4030 ab
3214 3976 3333 4030 aliis
3363 3977 3539 4045 poetis
3566 3976 3762 4029 Chris-

2159 4047 2315 4101 tianis
2380 4048 2627 4116 usurpari
2674 4054 2892 4101 annotat
2923 4048 3089 4102 Beda.
3136 4047 3395 4116 Ejusdem
3445 4046 3632 4100 farina:
3668 4058 3753 4101 est

2153 4119 2312 4189 quod,
2336 4137 2363 4175 θ
2394 4120 2447 4172 in
2485 4118 2590 4172 fine
2626 4117 2910 4187 corripitur
2940 4118 2994 4171 in
3032 4132 3165 4173 voce
3190 4118 3432 4189 publice,
3464 4128 3519 4171 ct
3546 4119 3567 4171 i
3593 4119 3756 4189 paulo

2156 4188 2273 4257 post
2304 4188 2353 4241 in
2388 4190 2501 4255 illo,
2534 4191 2631 4245 Dei
2666 4190 2844 4257 ﬁlius.
2876 4188 3039 4260 Atqui
3069 4190 3135 4243 ad
3178 4188 3413 4257 phrasim
3460 4188 3757 4260 Tertullia-

2156 4261 2325 4313 nicam
2355 4261 2468 4328 jam
2499 4260 2821 4331 antiquatam
2857 4259 3122 4331 pertinet:
3163 4260 3463 4315 Dominum
3502 4259 3751 4314 maledi-

2150 4347 2291 4399 cere,
2328 4338 2456 4400 tum
2494 4330 2599 4395 hic,
2630 4330 2741 4383 tum
2786 4330 2948 4399 infra,
2996 4346 3114 4399 cap.
3163 4336 3215 4385 6.
3249 4331 3401 4395 Item,
3461 4332 3753 4400 ﬁguratur

2150 4416 2275 4525 mp):
2295 4399 2555 4525 accipitzr
2575 4416 2671 4470 pro
2702 4415 2767 4456 eo
2795 4401 2887 4471 qui
2902 4401 3129 4472 ﬁguram
3152 4401 3362 4467 indidit,
3392 4399 3555 4455 sicuti
3578 4402 3742 4456 etiam

2150 4488 2200 4525 in
2230 4488 2305 4525 ra.
2329 4487 2449 4525 can.
2542 4488 2556 4525 :

2148 4487 2305 4541 intra,
2329 4487 2449 4541 cap.
2486 4487 2517 4525 ιι
2542 4488 2556 4526 :

2329 4584 2524 4647 Quique
2553 4582 2785 4647 ﬁguravit
2811 4596 3011 4633 carnem
3047 4583 3322 4647 spiramine
3362 4583 3554 4633 vivam.

2142 4681 2213 4735 Et
2244 4681 2435 4735 alicubi
2466 4696 2651 4747 supra.

2213 4752 2327 4822 (10)
2380 4755 2447 4806 Et
2502 4754 2648 4806 Deus
2696 4755 2751 4808 et
2802 4758 3104 4810 renovatus
3153 4752 3314 4809 homo
3370 4755 3649 4808 miscetur
3682 4756 3745 4807 in

2140 4840 2346 4889 unum,
2377 4832 2480 4877 etc.
2514 4823 2705 4877 Veram
2737 4823 2802 4877 de
2834 4824 3199 4880 incarnatione
3222 4824 3417 4878 Christi
3450 4834 3502 4877 et
3523 4824 3747 4879 duabus

2140 4897 2259 4963 ejus
2292 4895 2497 4947 naturis
2534 4894 2713 4949 divina
2761 4903 2812 4947 et
2863 4894 3095 4949 humana
3159 4897 3500 4957 sententiam,
3563 4896 3737 4949 habes

2138 4981 2322 5035 supra,
2355 4965 2447 5019 lib.
2480 4965 2603 5021 adv.
2636 4967 2922 5031 Praxean,
2958 4982 3075 5035 cap.
3109 4969 3196 5020 27.

2207 5038 2322 5105 (lt)
2384 5038 2584 5109 omnia
2631 5053 2758 5109 cum
2806 5042 3066 5109 revocata
3116 5038 3291 5099 videt,
3333 5054 3458 5109 qua:
3500 5040 3730 5107 ceperat

2138 5108 2276 5178 ipsc,
2292 5114 2394 5161 etc.
2412 5108 2817 5175 Inscriptionem
2842 5108 2968 5163 huic
2985 5108 3147 5177 capiti
3167 5108 3393 5163 fecimus
3414 5125 3427 5160 :
3454 5110 3533 5163 De
3558 5110 3738 5162 luere-

2135 5194 2267 5235 seon
2295 5181 2613 5249 aspersione
2639 5196 2741 5250 per
2758 5179 3064 5234 diabolum.
3349 5190 3355 5195 '

2209 5250 2321 5321 (tr-2)
2359 5248 2589 5304 Mersam
2620 5248 2746 5318 jam
2784 5266 3009 5321 surgere
3042 5265 3291 5321 carnem,
3330 5259 3435 5303 etc.
3468 5248 3616 5301 Istud
3656 5248 3734 5321 ad

2128 5320 2374 5388 baptismi
2404 5321 2746 5375 caeremonias
2796 5320 3046 5390 pertinet,
3080 5322 3145 5373 de
3196 5320 3391 5390 quibus
3438 5336 3603 5388 supra
3654 5320 3735 5372 la»

2128 5392 2252 5470 tius,
2292 5391 2381 5470 lib.
2416 5392 2806 5470 depaptismn,
2839 5393 2997 5446 sicuti
3026 5403 3079 5446 et
3103 5392 3227 5446 illud
3262 5410 3274 5445 :
3310 5392 3535 5470 signari
3554 5408 3735 5470 popu-

2138 5463 2236 5525 los,
2270 5462 2337 5515 ad
2380 5461 2802 5517 conﬁrmationis
2849 5470 3264 5525 sacramentum,
3312 5464 3380 5516 de
3408 5476 3515 5531 quo
3557 5461 3731 5516 etiam

2133 5533 2360 5658 ibiderpé
2398 5550 2517 5602 cap.
2564 5537 2618 5601 8,
2677 5550 2739 5588 ac
2794 5533 2884 5590 lib.
2920 5534 2987 5589 de
3041 5536 3367 5606 Prwscript.
3398 5533 3522 5589 adv.
3562 5534 3727 5596 tuen,

2133 5620 2248 5658 can.
2366 5647 2379 5658 .

2132 5620 2248 5674 cap.
2296 5620 2379 5659 δυ.
