4058 6172
387 365 525 431 1117

870 553 1090 614 I061
1124 556 1346 615 CAPUT
1384 557 1482 617 IX.

453 676 600 751 Ergo
629 685 776 736 totus
813 681 979 739 homo
1015 683 1204 749 credit,
1245 685 1507 757 totusque
1534 684 1762 743 lavatur.

384 765 635 825 Abstinet
661 777 755 826 aut
783 772 988 842 patitur
1015 789 1118 846 pro
1144 774 1365 830 nomine
1395 776 1620 829 vulnera
1648 789 1798 832 vere.

384 859 557 915 Verus
584 861 754 932 surgit
781 864 964 933 homo,
995 881 1121 923 vere
1150 880 1300 922 mors
1328 863 1467 921 victa
1503 865 1718 930 silebit;

386 948 494 1004 Sed
520 966 626 1005 non
657 967 778 1021 pars
807 953 1042 1011 hominis
1071 955 1271 1026 anima,
1303 972 1403 1011 sua
1432 963 1581 1027 parte
1607 956 1790 1011 relicta
1811 995 1826 1010 .

384 1037 649 1109 Percipiet
677 1041 904 1111 palmam
948 1043 1083 1114 (30),
1126 1045 1272 1100 socia
1318 1061 1480 1116 quam
1524 1059 1686 1101 carne
1733 1044 1983 1100 laborans

385 1127 443 1181 In
473 1127 648 1184 stadio
679 1129 897 1198 luctata,
931 1133 1088 1188 simul
1113 1134 1402 1204 conjuncta
1429 1143 1688 1192 meretur.

385 1215 602 1272 Grande
630 1216 800 1286 nefas,
834 1229 1049 1291 portare
1075 1221 1212 1279 duos
1237 1239 1336 1293 per
1363 1225 1574 1282 vincula
1600 1225 1836 1298 pondus,

385 1304 628 1375 Quorum
657 1307 727 1363 sit
752 1308 997 1380 locuples
1025 1327 1164 1368 unus
1199 1320 1356 1386 atque
1382 1313 1516 1371 alter
1543 1329 1770 1388 egenus,

389 1394 456 1448 Et
473 1395 734 1452 miserum
765 1398 970 1470 sperni,
1000 1398 1139 1455 felici
1154 1402 1373 1471 praemia
1402 1404 1581 1464 reddi.

385 1483 505 1539 Non
533 1485 660 1542 facit
687 1487 788 1545 hoc
811 1488 1012 1557 justus,
1042 1492 1304 1548 mercedis
1332 1494 1580 1550 redditor
1594 1509 1803 1566 aequus,

386 1569 453 1627 Et
481 1573 677 1644 bonus,
711 1583 763 1633 et
788 1577 959 1647 dives,
991 1596 1152 1654 quem
1179 1582 1447 1640 credimus
1474 1582 1660 1640 omnia
1683 1597 1864 1654 posse,

383 1660 579 1720 Suavis
603 1662 660 1721 in
695 1665 954 1739 ingratos,
995 1669 1287 1728 miserandi
1315 1672 1471 1742 plena
1496 1672 1765 1732 voluntas.

386 1753 532 1823 Quin
558 1757 758 1826 potius,
788 1758 876 1814 cui
906 1761 1079 1830 major
1107 1761 1249 1819 inest
1275 1763 1515 1822 mortalis
1543 1772 1782 1838 egestas,

392 1841 570 1901 Possit
596 1851 655 1900 ut
681 1848 903 1919 aequari,
933 1851 1084 1908 socio
1111 1854 1387 1924 praelatus,
1414 1855 1469 1910 id
1497 1853 1671 1921 ultro,

391 1931 659 2006 Quicquid
691 1946 837 2008 eget,
859 1938 1057 1996 tribuet
1081 1941 1353 2013 locuples;
1386 1945 1470 1999 sic
1501 1945 1722 2001 credere
1743 1945 1978 2015 jnssum.

387 2020 504 2078 Nec
523 2023 658 2082 velle
681 2025 867 2084 illicite
894 2028 1183 2086 Dominum
1220 2033 1441 2106 culpare
1464 2033 1706 2090 docendo
1813 2033 1981 2108 [nam,

391 2111 648 2180 Suscitet,
681 2124 775 2172 aut
803 2133 962 2190 quem
992 2122 1246 2192 animam,
1292 2129 1550 2196 tanquam
1581 2124 1648 2180 sit
1675 2139 1835 2198 passa
1862 2125 1984 2182 rui-

389 2198 605 2256 Liberet
631 2218 662 2257 a
692 2213 884 2272 morte,
913 2214 966 2262 et
993 2210 1193 2267 viventi
1222 2211 1358 2268 facta
1384 2221 1628 2269 maneret

389 2287 559 2358 Copia
589 2289 657 2346 de
685 2291 801 2348 solo
830 2293 1042 2363 merito,
1074 2299 1201 2368 quia
1230 2298 1443 2356 fortiter
1474 2303 1604 2371 egit.

391 2376 455 2432 Et
483 2392 607 2435 caro
627 2394 969 2439 communem
1001 2400 1216 2459 semper
1240 2388 1432 2444 sortita
1460 2390 1724 2456 laborem,

390 2464 684 2537 Linquatur
713 2476 892 2535 terrae,
924 2473 1113 2527 mortis
1141 2473 1210 2531 sit
1237 2475 1420 2547 praeda
1450 2478 1722 2548 perennis.

391 2555 538 2627 Ergo
566 2557 800 2616 hominis
829 2560 1005 2617 anima
1034 2562 1232 2633 placuit
1245 2565 1357 2622 Deo
1388 2566 1617 2624 fortibus
1644 2567 1812 2626 actis?

387 2645 544 2701 Nullo
580 2645 695 2703 sola
718 2649 888 2706 modo
917 2651 1089 2721 potuit
1114 2653 1229 2710 sine
1256 2671 1412 2712 carne
1426 2659 1664 2730 placere.

390 2733 576 2791 Vincla
602 2737 740 2804 tulit,
775 2755 984 2809 pmnas,
1015 2757 1139 2798 caro
1169 2745 1425 2802 membris
1451 2746 1666 2804 vincula
1693 2749 1864 2819 gessit
1886 2789 1901 2813 ,

392 2820 728 2911 Contempsit
757 2835 1003 2896 mortem,
1035 2831 1128 2885 sed
1152 2847 1370 2890 carnem
1398 2843 1567 2892 morte
1595 2837 1827 2911 reliquit.

389 2909 485 2970 Illa
511 2912 701 2972 dolens
728 2917 932 2990 genuit,
962 2917 1080 2978 haec
1106 2921 1216 2980 vita
1243 2937 1275 2978 a
1302 2924 1524 2981 vulnere
1553 2942 1692 2984 caesa
1713 2909 1833 2985 est:

1411 373 1741 438 APPBNDIX
1781 375 1823 439 ἰ.
1863 405 1934 422 --
1969 377 2122 440 ADV.
2165 381 2573 443 MARCIONEM.

2007 521 2071 602 λ.
2090 509 2318 570 1062
2347 513 2444 572 Illa
2460 510 2597 602 petit
2623 506 2885 602 requiem,
2907 505 3024 602 haec
3044 502 3263 602 ferro-in
3294 503 3522 577 pulvere
3543 505 3684 575 fusa,

3546 369 3680 442 1118

2087 602 2349 669 Piscibus,
2382 601 2624 665 alitibus,
2653 601 2778 656 tabo
2807 597 3079 669 cinerique
3106 594 3300 651 relicta
3331 601 3431 650 est.

2088 697 2378 769 Frangitur
2407 693 2596 750 infelix
2623 689 2841 756 laniata,
2872 701 3064 761 sparsa
3091 684 3368 758 liquescit,

2088 787 2325 860 Surgere
2351 801 2460 842 non
2491 782 2726 839 meruit?
2756 778 2889 852 quid
2921 778 3064 833 enim
3085 775 3423 831 committere
3448 773 3563 830 sola

2088 876 2367 933 Exanimis
2385 874 2600 947 potuit?
2628 861 2747 945 quae
2768 869 2849 924 sic
2875 882 3032 926 causa
3055 864 3239 923 invida
3259 862 3389 919 vitae

2088 965 2320 1037 Impedit
2346 972 2438 1020 aut
2467 960 2716 1035 prohibet
2740 958 2840 1014 Dei
2865 958 3010 1012 dona
3036 965 3324 1025 capessere
3344 965 3582 1020 carnem,

2089 1052 2331 1126 Cumque
2359 1069 2459 1109 sua
2488 1051 2639 1108 socia
2666 1050 3006 1119 conjunctam
3041 1041 3223 1099 vivere
3253 1037 3522 1108 semper?

2088 1124 2322 1200 Cernere
2342 1140 2473 1216 quid
2497 1139 2662 1197 fuerit
2689 1151 2946 1195 conversa
2975 1132 3033 1188 in
3059 1131 3279 1202 pulvere
3303 1124 3608 1200 quondam?

2092 1233 2218 1289 Post
2244 1230 2466 1287 meritos
2494 1235 2747 1286 renovata
2770 1225 2906 1280 ferat
2933 1223 3051 1278 Deo
3079 1219 3254 1276 laudis
3280 1218 3541 1284 honores,

2092 1323 2214 1381 Non
2243 1323 2427 1393 ignara
2446 1319 2549 1387 sui,
2582 1317 2812 1394 fragilis,
2841 1311 3082 1371 mortalis
3104 1314 3158 1366 et
3187 1321 3369 1381 aegra:

2095 1411 2338 1479 Certatis,
2369 1409 2553 1484 magni
2580 1408 2750 1482 possit
2779 1406 2907 1480 quid
2935 1401 3118 1461 vivida
3135 1398 3326 1464 virtus,

2095 1502 2198 1572 Qui
2227 1502 2404 1558 bonus
2423 1509 2584 1574 atque
2611 1507 2808 1571 potens
2831 1495 2994 1552 vitam
3022 1507 3131 1549 non
3158 1487 3366 1545 invidet
3383 1483 3508 1542 ulli.

2035 1645 2038 1647 λ
2092 1592 2220 1650 Haec
2246 1589 2461 1663 captiva
2485 1588 2587 1645 fuit
2614 1588 2823 1653 mortis,
2849 1587 2966 1642 haec
2994 1582 3174 1639 vincta
3203 1575 3426 1663 peribit,

2095 1681 2268 1752 Quam
2297 1661 2558 1738 Dominus
2586 1679 2725 1734 mira
2755 1673 3022 1746 sapientia
3047 1667 3177 1727 fecit
3204 1673 3257 1722 et
3285 1661 3438 1720 arte?

2094 1772 2248 1828 Hanc
2273 1770 2468 1828 virtute
2495 1784 2591 1826 sua
2628 1764 2872 1824 miranda
2901 1760 3128 1818 suscitat
3153 1755 3290 1826 ipse,

1954 1841 1958 1845 S
2016 1813 2061 1892 Β
2090 1862 2241 1917 Hanc
2268 1867 2487 1917 revocat
2514 1859 2623 1914 dux
2650 1856 2782 1929 ipse,
2813 1860 2869 1908 et
2894 1849 3034 1907 hanc
3050 1861 3147 1903 sua
3174 1841 3346 1916 gloria
3374 1838 3567 1898 vestit.

2087 1954 2231 2024 Ergo
2257 1955 2355 2012 Dei
2380 1951 2575 2023 aptavit
2603 1965 2690 2005 ars
2717 1954 2771 2004 et
2799 1939 3066 2015 sapientia
3091 1948 3288 2007 corpus
3312 1974 3326 2001 ,
3380 2019 3394 2029 ‘
3475 2017 3487 2029 .

2090 2017 2247 2113 0qu
2277 2017 2442 2114 cupit,
2468 2040 2554 2098 bis
2577 2038 2724 2104 ﬁeri;
2755 2037 2907 2092 deest
2941 2032 3047 2087 hoc
3071 2029 3274 2084 virtute
3302 2017 3534 2078 reduci?

2090 2138 2291 2193 Caussa
2318 2138 2497 2204 potest
2523 2127 2707 2202 pietati
2745 2125 2892 2181 nulla
2919 2120 3167 2178 resistere
3194 2119 3428 2179 sanctae;

2089 2223 2172 2278 Ne
2202 2203 2377 2291 major
2406 2220 2475 2275 sit
2503 2233 2698 2275 caussa
2723 2213 2874 2282 mali,
2907 2225 3072 2284 quam
3101 2218 3311 2262 summa
3339 2203 3606 2291 potestas,

2089 2309 2158 2365 Ut
2195 2285 2489 2382 cognoscat
2514 2308 2679 2362 homo
2702 2305 2816 2374 jam
2845 2314 2990 2357 nunc
3017 2293 3119 2352 Dei
3147 2304 3372 2382 munere
3402 2285 3610 2353 salvus,

2086 2379 2328 2452 Mortalis
2359 2395 2655 2468 quondam,
2687 2407 2831 2448 nunc
2857 2384 3162 2445 inviolabile
3187 2389 3241 2439 et
3277 2379 3473 2454 ingens

2085 2486 2324 2542 Vestitus
2350 2486 2554 2552 lumen,
2587 2485 2740 2541 vivus
2765 2497 2892 2538 cum
2919 2491 3148 2549 corpore
3181 2481 3348 2541 totus,

2087 2575 2418 2632 Immensum
2445 2574 2644 2630 virtute
2683 2574 2876 2637 Deum,
2908 2569 3112 2640 pietate
3141 2574 3462 2636 perennem,

2087 2665 2188 2719 Per
2207 2665 2478 2721 Christum
2507 2679 2712 2734 regem,
2738 2677 2832 2730 per
2862 2673 3019 2729 quem
3046 2654 3136 2711 via
3164 2651 3296 2708 lucis
3326 2652 3508 2718 aperta
3555 2651 3680 2708 est;

2085 2752 2152 2808 Et
2175 2755 2289 2824 jam
2328 2755 2447 2811 luce
2478 2767 2641 2817 nova,
2670 2750 2778 2819 jam
2809 2747 2956 2801 dono
2987 2743 3177 2813 plenus
3215 2744 3474 2808 utroque,

2086 2841 2373 2899 Fructibus
2410 2849 2465 2897 et
2493 2841 2629 2896 vivae
2659 2834 2896 2912 paradisi
2925 2834 3083 2889 laetus
3112 2827 3342 2884 amoenis

2088 2931 2292 2989 Laudet
2317 2932 2371 2988 in
2400 2937 2658 2986 aeternum
2688 2923 2892 2985 caelesti
2921 2921 3073 2978 dives
3103 2918 3158 2975 in
3193 2915 3334 2972 aula.

1771 3026 2267 3094 Commentarius.

392 3115 566 3206 vimus
606 3120 804 3206 potius"
832 3135 958 3206 esse
999 3121 1348 3206 legendum:
1396 3130 1583 3206 De_leto
1628 3133 1825 3206 elogio,
1865 3151 1973 3190 non

390 3189 544 3272 aliter
571 3198 732 3272 atque
767 3191 972 3272 ibidem
1017 3189 1112 3272 lib.
1162 3189 1583 3272 ᾳᾴῌδσαρτιιατὴ
1613 3220 1662 3260 c.
1687 3189 1968 3270 vlidixitt

389 3261 560 3342 s_ci._sso
589 3263 786 3342 elegia“,
811 3264 1091 3342 ut_alludat
1128 3271 1194 3324 ad
1216 3269 1355 3325 illud.
1379 3261 1626 3342 hpostoli
1666 3261 1975 3335 Coiossrtr:

625 3331 772 3406 quod
807 3335 1069 3394 adversus
1106 3356 1208 3398 nos
1246 3346 1373 3398 erat
1407 3331 1842 3422 chirographum
1879 3331 1976 3406 de?

418 3419 539 3457 ῑοιι.

470 3473 583 3542 (30)
609 3477 894 3551 Percipiet
928 3482 1201 3551 palmam.
1235 3491 1338 3541 etc.
1370 3485 1522 3543 Facit
1569 3488 1714 3545 istud
1742 3492 1810 3546 ad
1838 3507 1978 3547 con-

397 3543 715 3631 ﬁrmandam
762 3543 1080 3631 mercedem
1117 3543 1214 3624 pro
1260 3557 1468 3631 meritis
1517 3543 1981 3631 Operumfsicuti

397 3625 452 3670 et
482 3616 634 3683 illud,
661 3623 903 3691 praemia
920 3623 1099 3691 reddi,
1118 3616 1186 3682 ac
1199 3630 1468 3687 mercedis
1490 3616 1977 3707 redditoir'cequvus,

2090 3142 2160 3199 et,
2189 3136 2256 3193 de
2285 3135 2400 3192 solo
2439 3134 2666 3200 merito,
2697 3129 2949 3202 denique,
2977 3124 3391 3202 postmeritos,
3424 3125 3552 3187 etc.,
3592 3118 3686 3176 ho-

2087 3223 2269 3264 nores.
2301 3206 2466 3278 Atqui
2495 3198 2735 3274 corrupti
2771 3198 3024 3260 videntur
3049 3198 3126 3253 illi
3157 3211 3344 3254 versus

2086 3303 2185 3353 Nec
2215 3303 2344 3353 velle
2376 3302 2546 3352 illicito
2577 3301 2840 3365 Dominum
2870 3299 3071 3360 culpare
3105 3293 3350 3365 docendo,
3414 3352 3425 3362 .

2087 3365 2314 3427 Suscitet,
2330 3373 2419 3415 aut
2437 3378 2588 3430 quem
2601 3363 2819 3413 animam
2837 3357 3073 3424 tanquam
3093 3357 3159 3406 sit
3184 3369 3329 3419 passa
3350 3357 3569 3407 ruinam,
3592 3357 3684 3398 etc.

2093 3453 2250 3521 Item,
2279 3462 2330 3510 et
2351 3453 2439 3510 ille
2459 3469 2475 3508 :

2087 3553 2299 3605 Cernere
2325 3553 2446 3618 quid
2473 3551 2627 3604 fuerit
2655 3562 2892 3602 conversa
2920 3547 2971 3597 in
2992 3544 3199 3610 pulvere
3224 3539 3495 3606 quondam.

2087 3634 2190 3693 Ubi
2215 3635 2426 3694 videtur
2454 3635 2606 3690 locus
2634 3631 2879 3689 mutilus.

408 3747 3690 3780 Ψ

1590 3905 1884 3985 LIBER
1949 3903 2493 3988 SECUNDUS.

803 4031 947 4122 DE
1015 4034 1656 4129 CONCORDIA
1736 4041 2203 4133 VETERIS
2285 4042 2428 4130 ET
2514 4038 2855 4131 NOVIE
2936 4032 3276 4126 LEGIS.

1351 4305 1742 4352 ARGUMENTUH
1769 4308 1916 4351 ιιιηιι
1943 4309 2005 4363 Π,
2036 4309 2212 4353 ΕΤῙΑΗ
2233 4309 2410 4352 IPSIUS
2429 4309 2720 4352 Ασοτοιιιε.

1241 4388 1372 4466 Inde
1392 4405 1625 4466 sequens
1653 4391 1942 4466 conjuncta
1978 4391 2138 4466 docet
2161 4391 2424 4466 mysteria
2451 4390 2616 4466 legis,

1242 4460 1372 4517 Inde
1399 4475 1543 4518 novo
1572 4462 1716 4519 Deus
1743 4478 1867 4536 quae
1896 4463 2101 4520 faedere
2130 4460 2349 4520 tradidit
2369 4460 2529 4520 unus:

388 4575 568 4658 P037?
593 4575 678 4633 his
707 4580 905 4658 verbis,
929 4583 1070 4639 satis
1098 4581 1363 4658 obscuris,
1387 4583 1608 4658 iudicat
1628 4588 1832 4642 auctor
1859 4587 2142 4658 scriptum
2162 4603 2277 4644 esse
2297 4587 2448 4644 hunc
2470 4588 2678 4644 librum
2707 4585 2773 4642 de
2810 4582 3183 4658 consonantia
3211 4581 3414 4658 veteris
3444 4583 3500 4638 et
3536 4596 3693 4658 nova;

464 4647 614 4736 legis,
637 4651 782 4736 quod
800 4647 935 4736 adeo
955 4669 1150 4736 recens
1174 4647 1705 4736 tituiopdjeqimus.
1729 4659 1906 4736 Prgut
1921 4647 2096 4736 etiam
2116 4659 2515 4736 castigavimus
2547 4661 2710 4736 Deus,
2732 4675 2836 4736 pro
2866 4657 3004 4736 divis
3036 4655 3328 4736 tum‘quod
3364 4669 3484 4709 non
3516 4651 3691 4736 se_mel

465 4719 622 4800 libris
640 4719 915 4800 producat
940 4726 1186 4800 priorem
1207 4719 1481 4799 syllabam
1500 4727 1764 4786 dictionis
1783 4729 1955 4799 Deus,
1982 4733 2107 4784 tum
2127 4719 2403 4800 quod'non
2425 4732 2643 4786 soleant
2663 4719 2877 4786 veieres
2897 4729 3118 4800 aliquos
3139 4719 3289 4782 divos
3320 4737 3540 4789 vocare,
3567 4727 3689 4778 tum

462 4789 697 4864 denique
724 4795 875 4866 quod
903 4789 977 4851 a'd
1004 4789 1343 4856 institutum
1370 4801 1558 4870 faciat
1581 4802 1729 4858 Deus
1757 4815 1895 4856 unus
1923 4789 2344 4872 contra'plurea
2376 4801 2672 4858 Marcionis
2699 4800 2847 4856 deos.
2880 4789 3022 4855 Pani.

889 4963 1114 5020 CAPUT
1180 4965 1471 5023 PRIMUM.

456 5093 748 5167 Postquam
796 5096 964 5155 fracta
1000 5097 1138 5158 ﬁdes
1167 5101 1374 5174 refugis
1429 5101 1761 5173 apirantibus
1818 5103 1986 5160 hostis

383 5184 449 5240 Et
479 5185 780 5260 glomerata
827 5190 984 5257 dolis,
1018 5194 1241 5248 emersit
1269 5193 1437 5263 pestis
1465 5201 1658 5260 operta
1821 5193 1982 5267 [(3l),

388 5274 593 5342 Sponte
629 5292 744 5345 sua,
775 5278 1006 5334 mendax
1034 5286 1344 5352 contempto
1374 5279 1602 5336 Numine
1630 5295 1820 5337 sensus

394 5360 621 5421 1086
647 5364 880 5422 Conﬁxit
906 5368 1110 5441 plagas,
1142 5367 1316 5425 fallaci
1344 5369 1556 5426 tramite
1579 5370 1782 5441 pallens

2019 4941 2064 5018 η
2094 4923 2412 4979 Sanctorum
2443 4920 2600 4978 dictis
2637 4936 2735 4977 sua
2763 4919 2974 4977 miscuit
3002 4919 3170 4991 impia
3199 4917 3380 5018 verba,

2093 5013 2266 5084 Inque
2292 5012 2494 5068 bonum
2522 5025 2709 5067 semen
2735 5009 2923 5067 lolium
2962 5007 3270 5065 miserabile
3307 5007 3466 5064 sevit.

2092 5102 2225 5156 Inde
2261 5100 2448 5158 volens
2476 5115 2691 5157 omnem
2722 5113 2968 5156 caussam
2997 5106 3248 5156 constare
3277 5098 3455 5153 ruinae

2095 5189 2310 5247 Scilicet
2340 5198 2398 5246 ut
2424 5205 2523 5245 sua
2549 5191 2689 5246 facta
2716 5189 2832 5246 Deo
2861 5188 3136 5262 subsignet
3165 5185 3350 5258 iniqua

2063 5345 2066 5347 Α
2093 5278 2282 5351 Ocius,
2323 5287 2377 5336 ct
2405 5280 2574 5346 possit
2601 5294 2792 5336 suasos
2820 5278 3048 5352 infigere
3081 5277 3288 5349 poenis;

2084 5369 2247 5428 Veris
2273 5371 2406 5427 falsa
2430 5378 2640 5445 tegens,
2672 5379 2726 5428 et
2752 5368 2968 5428 lenibus
2994 5383 3186 5440 aspera
3211 5372 3462 5433 vertens;

1735 5495 2233 5563 Commentarius.

459 5595 574 5674 (3t)
623 5601 922 5674 Postquam
965 5603 1154 5674 fracta
1199 5601 1334 5671 ﬁdes
1405 5602 1615 5674 refugis
1677 5601 1970 5674 spiritibus

390 5668 586 5738 hostis,
629 5678 731 5728 etc.
758 5668 1206 5730 ‘Emendavimus
1261 5668 1491 5732 emersit
1534 5668 1716 5746 bestia
1748 5675 1964 5745 operta,

2079 5618 2175 5672 pro
2201 5606 2380 5677 pectis
2393 5626 2424 5677 ,-A
2453 5605 2599 5677 quod
2633 5603 2781 5677 vitio
2822 5597 3212 5677 typographico
3259 5593 3546 5654 videbatur
3605 5592 3686 5650 ir-

2077 5673 2351 5748 repsisse;
2385 5673 2543 5736 Sicuti
2573 5675 2736 5734 etiam
2763 5673 2926 5746 paulo
2958 5677 3118 5743 post:
