4062 6178
364 363 503 425 1119
1428 365 1514 424 AD
1552 362 1840 424 GENUINA

364 493 436 550 Et
464 493 637 552 roseis
672 493 831 552 sertis
861 495 1028 551 hasta:
1058 509 1318 551 mucrone
1347 504 1589 567 coperto,

360 584 658 657 Improvise
688 601 883 643 necans
915 587 1159 645 incautos
1186 595 1360 645 morte
1388 602 1660 660 suprema.

363 675 684 747 Supremum
704 679 873 745 nefas,
908 680 960 733 in
988 687 1191 734 tantum
1221 679 1490 734 dementia
1517 692 1722 732 mersos

361 768 636 839 Abruptos
672 769 942 836 homines,
982 771 1192 826 Numen
1223 772 1339 826 sine
1378 768 1483 824 ﬁne
1514 766 1845 824 tremendum

358 856 608 913 Dividere
634 860 686 914 in
715 865 925 929 partes;
959 859 1158 916 Christi
1186 861 1435 917 sublimia
1464 860 1599 914 faeta

360 945 515 1001 Falsa
554 947 711 1003 laude
739 949 912 1020 sequi,
947 949 1270 1022 culpareque
1300 958 1456 1022 gesta
1481 948 1684 1019 priora,

360 1035 703 1093 Innumerata
722 1039 819 1094 Dei
850 1039 1126 1109 miracula,
1159 1040 1271 1095 visa
1299 1056 1399 1096 nec
1426 1054 1662 1109 unquam
1692 1038 1825 1107 (32),

359 1123 504 1183 Ante
535 1143 638 1182 nec
666 1129 868 1196 audita,
899 1138 1255 1200 contentaque
1282 1130 1305 1166 δ
1334 1129 1494 1185 corde
1525 1144 1621 1184 nec
1648 1128 1780 1183 ullo.

362 1216 493 1271 Tam
524 1222 728 1272 temere
750 1219 927 1273 scelus
955 1218 1196 1274 illicitum
1228 1233 1555 1288 componere
1593 1215 1791 1283 verbis,

362 1302 667 1361 Adversum
694 1322 815 1362 sese
843 1309 952 1362 duo
984 1309 1330 1363 Testamenta
1360 1294 1577 1373 sonare,

366 1392 562 1449 Contra
592 1397 981 1466 pr0phetarum
1006 1397 1222 1452 Domini
1251 1396 1592 1452 committere
1624 1396 1808 1459 verba,

364 1481 624 1555 Dissimili
652 1484 814 1556 longe
853 1486 1118 1541 sententia
1148 1486 1280 1541 velle
1309 1486 1561 1557 probare,

364 1570 595 1627 Omnem
624 1572 785 1646 Legis
815 1576 835 1613 ⁷
868 1585 921 1629 et
957 1574 1216 1631 infamem
1254 1575 1514 1630 deducere
1533 1589 1804 1642 caussam;

366 1659 794 1735 Sanctorumque
822 1666 1038 1720 Patrum
1069 1666 1232 1722 vitam
1261 1665 1551 1734 reprobare
1588 1662 1839 1731 priorem,

366 1746 517 1816 Quos
545 1750 599 1804 in
632 1752 916 1807 amicitiam
945 1752 1147 1808 adlexit
1176 1754 1341 1817 Deus,
1374 1752 1437 1806 ad
1469 1767 1565 1806 sua
1595 1750 1755 1804 dona.

366 1836 642 1909 Acci‘pitur
669 1838 785 1894 sine
815 1839 1077 1910 principio
1108 1856 1205 1911 pro
1232 1849 1386 1911 parte
1420 1838 1632 1903 minori,

366 1927 621 1996 Quattuor
652 1944 718 1983 ex
747 1943 853 1984 uno
884 1944 1003 1984 cum
1036 1929 1160 1997 sint,
1194 1945 1260 1985 ex
1290 1938 1542 2000 quattuor
1563 1945 1759 1992 unum;

364 2016 460 2071 His
491 2023 664 2071 tamen
692 2032 800 2072 una
828 2016 1022 2086 placet,
1055 2020 1303 2087 reprobat
1334 2029 1443 2075 tres
1475 2017 1702 2087 denique
1752 2024 1951 2088 partes.

366 2105 765 2178 Auctoremque
795 2108 880 2162 sui
909 2109 1135 2165 Paulum
1163 2126 1260 2179 per
1290 2110 1455 2164 multa
1484 2118 1788 2178 capessunt.

366 2198 588 2252 Necnon
626 2213 690 2251 ex
721 2197 837 2266 ipso
866 2197 1106 2254 furiebat
1135 2200 1189 2255 in
1218 2198 1417 2253 extima
1444 2198 1628 2263 verba,

365 2284 556 2341 Omnia
581 2300 702 2355 quae
738 2286 905 2340 veteri
927 2287 993 2341 de
1020 2286 1223 2342 foedere
1252 2302 1372 2341 cum
1403 2302 1511 2358 que
1543 2285 1775 2349 locutus,

366 2373 512 2426 Dura
549 2373 800 2429 videntur
826 2373 925 2439 eis,
956 2375 1150 2428 merito
1180 2373 1305 2445 quia
1342 2376 1506 2429 corde
1536 2374 1793 2445 gravatis.

368 2461 583 2515 Pondus
608 2462 983 2533 apostolicum,
1015 2461 1271 2536 fulgentis
1297 2462 1465 2533 gratia
1493 2463 1648 2518 verbi

368 2550 594 2606 Lumina
632 2550 893 2621 prmducit
919 2551 1102 2617 menti,
1138 2567 1314 2621 neque
1341 2568 1562 2608 cernere
1593 2559 1843 2623 possunt;

366 2638 572 2710 Spiritu
597 2639 708 2695 lata
745 2648 936 2711 putant
964 2640 1207 2708 hebetes,
1241 2641 1499 2697 animalia
1528 2641 1712 2715 digna.

1001 2763 1227 2820 CAPUT
1264 2766 1330 2819 ΙΙ.

435 2890 540 2947 Sed
571 2905 687 2957 vos,
728 2889 819 2962 qui
850 2888 1088 2945 nondum
1126 2890 1357 2960 penitus,
1391 2892 1524 2950 duce
1549 2895 1769 2949 numine
1819 2894 1952 2953 falso
1988 2846 2032 2924 θ

366 2977 542 3033 Mente
568 2978 683 3046 ipsa
713 2978 948 3048 reprobi,
989 2980 1310 3048 penetrastis
1338 2980 1406 3035 ad
1440 2982 1620 3037 intima
1652 2984 1858 3051 mortis,
1890 3032 1893 3033 ν

369 3067 409 3123 ⁴Ι
421 3065 597 3124 θθιι
614 3067 816 3122 Discite
827 3067 894 3122 de
907 3068 1054 3125 fonte
1068 3068 1284 3125 ﬂuvium
1296 3086 1516 3128 manare
1538 3088 1824 3143 perennem
1836 3077 1953 3147 (.33)

365 3157 468 3226 Qui
500 3157 664 3213 nutrit
686 3156 855 3225 illum,
875 3156 1125 3213 bissenos
1151 3159 1323 3231 gratia
1351 3161 1577 3230 fructus,

363 3245 485 3300 Exit
513 3254 565 3300 et
603 3245 653 3300 in
688 3254 904 3312 terram,
936 3254 1229 3319 ventosque
1263 3248 1315 3302 in
1346 3258 1598 3319 quattuor
1626 3250 1791 3317 orbis,

365 3334 465 3388 Tot
490 3334 608 3389 ﬂuit
635 3333 691 3389 in
724 3341 901 3403 partes
930 3334 1091 3391 fontis
1120 3336 1268 3392 color
1305 3347 1358 3392 et
1380 3354 1542 3408 sapor
1564 3355 1725 3394 unus.

366 3424 456 3480 Sic
486 3432 539 3478 et
567 3423 865 3495 apostolico
894 3424 1128 3482 decurrit
1155 3426 1392 3483 Ecclesia
1437 3429 1619 3497 verbo,

363 3514 442 3567 Ex
482 3521 638 3569 utero
669 3515 883 3580 Christi,
912 3516 1083 3570 Patris
1113 3515 1289 3572 omnis
1326 3517 1497 3591 gloria
1527 3518 1682 3589 plena
1703 3560 1716 3583 ,

368 3602 566 3658 Sordes
595 3603 798 3659 diluere
828 3614 879 3660 et
921 3604 1058 3661 facta
1088 3617 1298 3662 mortua
1333 3606 1620 3663 miﬁcare.

1913 356 2353 423 TERTULLIANI
2390 360 2626 422 OPEBA.

1978 497 2026 578 Α
2056 488 2321 558 Quattuor
2350 491 2407 547 in
2445 505 2665 548 numero
2691 486 2954 545 diffusum
2982 482 3038 539 in
3066 483 3321 558 gentibus
3351 500 3537 551 unum,

3516 358 3662 418 1120

2058 588 2343 662 Electaque
2372 588 2476 645 ﬁde
2497 594 2826 658 susceptum,
2859 584 3047 640 doctor
3074 577 3288 650 Opimus

2057 679 2240 735 Tradit
2276 678 2621 751 Evangelium
2648 676 2844 733 Paulus
2863 673 2980 731 sine
3006 670 3232 727 crimine
3260 663 3545 729 mundum,

2062 767 2283 838 Absque
2308 770 2414 823 hoc
2440 776 2493 823 et
2521 767 2738 822 Galatas
2766 762 2933 820 vetuit
2962 758 3241 816 discedere
3269 763 3509 822 sanctos,

2062 857 2211 926 Quos
2238 856 2358 912 falsi
2385 857 2574 913 fratres
2594 872 2651 911 se
2677 850 3064 912 circumcidere
3083 862 3291 917 suasos,

2064 947 2241 1018 Atque
2265 947 2528 1002 elementa
2558 944 2734 1017 sequi,
2762 958 2902 999 nova
2929 941 3173 996 libertate
3200 934 3405 1001 relicta,

2064 1035 2266 1091 Umbra
2294 1035 2599 1093 futurorum
2627 1032 2798 1090 veteri
2828 1030 3033 1086 servire
3060 1026 3347 1083 docebant.

2062 1124 2172 1179 Has
2192 1125 2378 1179 habuit
2412 1123 2616 1181 Galatia
2639 1137 2830 1179 causas
2859 1118 3197 1177 conscribere
3227 1113 3445 1177 Paulus,

2061 1213 2181 1268 Non
2212 1223 2270 1269 ut
2298 1212 2572 1286 Evangelii
2604 1221 2809 1281 partem
2841 1224 2935 1278 pro
2964 1221 3190 1277 corpore
3224 1212 3333 1260 toto

2060 1302 2381 1374 Exciperent
2407 1302 2698 1367 modicam,
2726 1299 2923 1370 majori
2952 1303 3105 1368 parte
3126 1292 3330 1356 relicta,

2060 1392 2241 1464 Atque
2268 1394 2403 1449 adeo
2432 1408 2540 1450 non
2566 1392 2724 1450 verba
2751 1389 2897 1455 libri,
2930 1387 3031 1443 sed
3060 1387 3263 1443 missus
3293 1382 3349 1437 in
3370 1381 3557 1438 orbem

2059 1479 2179 1552 Ipse
2203 1482 2468 1551 Christus,
2501 1479 2856 1552 Evangelium
2884 1485 2986 1542 est,
3027 1475 3074 1530 si
3105 1487 3329 1531 cernere
3359 1469 3540 1538 vultis,

2058 1569 2107 1624 A
2136 1572 2296 1626 Patre
2325 1571 2417 1643 qui
2443 1571 2609 1635 venit,
2644 1568 2797 1625 solus
2825 1568 2968 1622 bona
2988 1564 3174 1620 nuntia
3201 1568 3425 1635 portans

1984 1671 2029 1748 Β
2059 1660 2360 1731 Testiﬁcata
2389 1661 2566 1733 prius;
2608 1660 2762 1730 cujus
2794 1660 2983 1732 ingens
3015 1655 3189 1748 gloria
3218 1649 3469 1748 complet.

2065 1749 2369 1806 Ostendens
2406 1766 2570 1821 opere
2600 1758 2834 1822 quantus
2861 1748 2929 1802 sit
2957 1744 3204 1802 conditor
3232 1741 3400 1798 orbis.

2065 1837 2231 1909 Cujus
2258 1840 2415 1906 facta,
2447 1838 2606 1896 simul
2637 1838 2796 1896 dictis
2823 1838 3135 1907 conjuncta,
3171 1831 3363 1889 ﬁdeles

2064 1928 2164 1998 Illi,
2195 1930 2493 1997 Matthteus,
2516 1928 2748 1996 Marcus,
2778 1928 3079 1998 Lucasque,
3112 1924 3365 1988 Joannes,

2065 2017 2467 2090 Conscripsere,
2497 2034 2668 2084 mera,
2702 2033 2809 2072 non
2845 2018 3028 2072 extera
3059 2012 3223 2070 verba
3259 2007 3443 2065 locuti.

2065 2103 2267 2176 Spiritu
2291 2111 2475 2160 sancta
2501 2104 2619 2170 Dei,
2654 2111 2799 2158 tanto
2834 2106 3105 2172 praesente
3137 2104 3396 2173 magstro.

2666 2191 2891 2247 CAPUT
2930 2189 3022 2245 III.

2134 2282 2228 2336 His
2256 2298 2431 2353 agnus
2460 2280 2675 2336 Paschae
2703 2279 3049 2349 suspenditur
3098 2274 3273 2331 hostia
3301 2272 3448 2344 ligno
3492 2273 3609 2342 (34)
3638 2292 3650 2325 :

2062 2372 2213 2427 Hunc
2243 2370 2436 2424 Paulus
2462 2370 2651 2439 phase,
2681 2366 3034 2423 conscribens
3060 2365 3275 2419 decreta
3297 2360 3577 2425 Corintho,

2063 2459 2315 2516 Occisum
2344 2457 2503 2513 tradit
2522 2457 2811 2527 vitamque,
2842 2455 3116 2525 Deumque
3146 2450 3385 2506 futurum

2063 2544 2393 2602 Promissum
2420 2545 2684 2617 patribus,
2717 2559 2855 2615 quos
2884 2543 3216 2597 illectaverat
3237 2550 3379 2595 ante.

2064 2633 2277 2691 Cernite
2300 2633 2431 2706 quid
2467 2633 2656 2699 virtus,
2689 2632 2811 2705 quis
2841 2631 3061 2688 Paschae
3090 2629 3261 2701 possit
3282 2629 3479 2700 imago,

2066 2724 2153 2781 Sic
2174 2740 2363 2780 verum
2393 2723 2521 2795 quid
2546 2722 2613 2779 sit
2642 2722 2890 2795 poteritis
2926 2722 3129 2777 Pascha
3156 2718 3356 2773 videre.

2065 2815 2144 2870 Ne
2181 2814 2322 2870 ﬁdus
2353 2821 2521 2883 pater,
2555 2819 2609 2869 et
2647 2820 2798 2870 vates
2841 2809 2963 2881 (35)
3003 2809 3090 2866 cui
3130 2808 3325 2881 pignus
3371 2814 3421 2861 et
3465 2803 3639 2857 haeres

2065 2903 2268 2959 Charus
2297 2910 2430 2965 erat,
2454 2916 2615 2972 quem
2646 2900 2781 2956 forte
2812 2900 2962 2954 Deus
2991 2897 3285 2953 donaverat
3313 2894 3404 2957 illi,

2063 2990 2281 3049 I065
2314 2991 2467 3045 Hunc
2496 2992 2609 3045 Deo
2632 2996 2905 3055 mactaret,
2937 2987 3133 3043 merito
3165 2992 3399 3041 tentatus
3431 2995 3652 3045 amore;

2064 3079 2400 3152 Supplicium
2427 3094 2703 3149 magnum,
2749 3085 2964 3131 sanctus
2994 3092 3092 3145 pro
3127 3071 3393 3143 sanguine
3421 3070 3641 3143 sanguis

2063 3170 2353 3224 Connexus
2379 3167 2550 3236 capite
2581 3165 2751 3237 spinis
2780 3163 3081 3220 ostenditur
3107 3179 3280 3234 agnus

2062 3254 2247 3311 Hostia
2279 3261 2464 3309 sancta
2489 3255 2621 3308 Deo.
2652 3251 2822 3321 Cujus
2849 3252 2917 3306 de
2944 3259 3116 3306 morte
3147 3247 3278 3320 piati

2061 3345 2220 3400 Esset
2249 3352 2308 3399 ut
2337 3342 2392 3397 in
2422 3342 2637 3417 signum
2666 3346 2723 3396 et
2749 3347 2971 3395 vastata:
3001 3339 3232 3410 pignora
3262 3336 3460 3408 gentis,

2066 3432 2337 3503 Sanguine
2358 3430 2635 3504 signantur
2662 3438 2842 3500 postes
2874 3437 2925 3483 et
2959 3428 3136 3482 limina
3165 3426 3346 3489 multa,

2060 3526 2300 3579 Immane
2331 3520 2608 3586 auxilium,
2640 3534 2768 3576 caro
2791 3518 2937 3574 testis
2968 3518 3206 3574 creditur
3238 3530 3382 3571 esca.

2063 3613 2217 3667 Iesus
2247 3620 2619 3681 transgressus
2645 3609 2846 3665 Jordan
2868 3617 3118 3679 terraque
3150 3606 3374 3678 potitus,

1733 3735 1923 3798 Variae
1967 3740 2280 3800 lectiones.

438 3835 461 3871 6
489 3833 908 3903 Cootemptaque
946 3835 1123 3891 Obert.
1168 3836 1188 3873 ⁷
1223 3835 1287 3889 Et
1315 3852 1429 3891 non
1463 3839 1594 3907 legit
1637 3839 1817 3894 Obcrt.

1768 3962 2267 4028 Commentarius.

492 4055 769 4119 Improvise
789 4068 973 4105 necans
1005 4057 1234 4123 incautos
1255 4066 1414 4123 morte
1443 4073 1694 4123 suprema,
1806 4090 1809 4095 ι

367 4134 467 4194 pro
525 4122 828 4194 Improvisa
850 4136 1100 4194 __12egans.
1146 4121 1308 4191 Atqui
1355 4121 1583 4191 pertinet
1629 4126 1692 4179 ad
1745 4127 1965 4194 phrasin

370 4191 799 4270 Tertullianicam
847 4191 1014 4248 illud:
1059 4193 1125 4249 Ut
1170 4196 1628 4270 sua'facta‘Deo
1676 4191 1965 4270 coasignct

368 4265 588 4341 iniqua,
622 4268 679 4319 et
697 4280 919 4341 διιειδοδ,Δ
942 4280 1037 4341 pro
1064 4281 1374 4341 persuasos,
1408 4267 1641 4341 inﬁgere
1679 4265 1881 4341 pomis,
1911 4281 1967 4326 et

370 4337 530 4406 paulo
567 4344 694 4407 post
720 4353 733 4389 :
756 4336 986 4393 Domini
1014 4336 1362 4393 committere
1392 4336 1575 4393 verba.

443 4406 977 4475 (32)’lnnumerata
1024 4410 1122 4465 Dei
1165 4409 1484 4475 miracula,
1542 4412 1659 4467 visa
1705 4428 1808 4469 nec
1851 4430 1965 4469 un-

369 4493 562 4549 quam,
595 4484 696 4532 etc.
731 4478 821 4531 Isti
851 4478 1028 4534 versui
1058 4480 1473 4548 conjunximus:

491 4567 622 4615 Ante
641 4581 731 4616 nec
748 4566 941 4623 audita,
963 4574 1291 4632 contentaque
1320 4567 1470 4617 corde
1502 4582 1590 4618 nec
1625 4584 1745 4630 uno,

367 4655 421 4704 et
453 4656 573 4719 post
596 4648 879 4719 posuimus
908 4647 1063 4705 illum
1088 4669 1100 4705 :

494 4734 618 4785 Tam
654 4744 836 4786 temere
867 4737 1029 4787 scelus
1058 4736 1291 4786 illicitum
1320 4750 1612 4801 componere
1640 4737 1806 4789 verbis
1831 4753 1844 4801 ;

371 4831 440 4874 eo
459 4818 603 4888 quod
626 4816 732 4874 illic
760 4817 966 4873 alludat
990 4819 1054 4873 ad
1083 4818 1218 4873 illud
1245 4817 1367 4872 Isai.
1401 4833 1535 4874 wa
1564 4828 1618 4875 et
1647 4820 1669 4873 Ι
1696 4820 1847 4887 Cor.,
1878 4837 1951 4877 ιιι

369 4890 530 4956 Quod
550 4890 743 4946 oculus
760 4905 873 4945 non
893 4890 1055 4958 vidit,
1079 4904 1183 4960 nec
1205 4890 1366 4946 auris
1390 4891 1632 4960 audivit,
1649 4907 1751 4947 nec
1771 4894 1834 4946 in
1861 4909 1955 4950 cor

372 4961 617 5017 hominis
646 4961 939 5028 ascendit;
967 4976 1074 5029 quo
1102 4959 1159 5013 ﬁt
1190 4968 1249 5015 ut
1277 4961 1438 5016 etiam
1453 4959 1947 5035 castigaverimus:

369 5037 760 5106 contentaque,
797 5046 895 5106 pro
926 5036 1391 5106 contemptaque:
1422 5032 1562 5106 sicut
1591 5032 1753 5106 etiam
1801 5037 1962 5106 paulo

370 5111 524 5174 post:
559 5104 689 5174 quia
716 5102 879 5156 corde
908 5102 1180 5174 gravatis,
1218 5102 1311 5171 pro
1326 5105 1569 5173 gravati.
1603 5105 1771 5161 Porro
1799 5102 1962 5161 etiam

375 5173 448 5228 ibi
478 5173 731 5227 mendum
768 5173 992 5226 subease
1022 5174 1232 5228 videtur
1262 5192 1273 5227 ε

497 5258 687 5322 Spiritu
716 5258 821 5308 lata
854 5267 1031 5322 putant
1063 5259 1286 5321 hebetes,
1321 5261 1561 5312 animalia
1589 5262 1771 5324 digna;

372 5357 465 5467 iiut
504 5341 655 5396 locus
697 5339 935 5404 mutilus,
985 5339 1069 5395 cui
1101 5342 1303 5412 absque
1334 5359 1438 5398 ms.
1469 5344 1591 5399 cod.
1625 5344 1827 5399 mederi
1858 5361 1963 5398 non

391 5415 541 5467 icuit.

391 5420 559 5557 milia.)
588 5486 664 5542 De
685 5487 843 5556 fonte
862 5485 1109 5556 ﬂuvium
1136 5500 1371 5557 manare
1382 5500 1711 5557 perennem,
1731 5493 1831 5540 etc.
1860 5487 1963 5541 So-

374 5553 553 5626 lemne
584 5553 723 5622 esse,
777 5553 919 5611 Beda
958 5563 1115 5620 teste,
1152 5554 1329 5626 poetis
1372 5553 1707 5624 Christianis,
1759 5566 1815 5609 ut
1845 5575 1873 5611 e
1911 5558 1965 5612 in

375 5623 482 5683 ﬁne
528 5629 848 5698 producant,
907 5628 1119 5684 duabus
1153 5623 1216 5682 in
1273 5626 1507 5684 dictione
1554 5627 1723 5685 altera
1769 5643 1965 5687 conso-

2074 4065 2327 4121 nantibus
2375 4064 2757 4135 sequentibus;
2787 4064 2969 4134 sicuti,
3020 4063 3256 4135 exempli
3307 4062 3496 4137 gratia,
3551 4068 3664 4137 tum

2075 4137 2163 4191 hic
2209 4133 2539 4199 auctori,’et
2583 4152 2691 4190 non
2739 4137 2905 4191 semel
2969 4133 3339 4201 postmodum:
3406 4145 3514 4187 tum
3564 4133 3666 4184 Ju—

2074 4223 2265 4283 venco,
2314 4208 2380 4283 I._
2404 4223 2465 4263 iv
2500 4226 2521 4283 γε
2561 4202 3166 4283 Aspicitescrioasmt
3204 4203 3494 4283 Prudentia
3557 4202 3665 4255 Ca—

2076 4281 2219 4334 ther.
2264 4278 2411 4335 crede
2454 4277 2754 4350 stupeizda.
2804 4279 3009 4334 Alludit
3052 4286 3227 4333 autem
3286 4277 3352 4329 ad
3412 4277 3668 4329 bissenos

2074 4350 2372 4419 apostolos,
2405 4365 2635 4421 quorum
2673 4365 2839 4405 sonus
2870 4350 3062 4421 Exivit
3100 4350 3165 4404 in
3195 4364 3417 4421 omnem
3450 4351 3669 4421 terram

2075 4415 2230 4502 etin
2275 4415 2467 4502 ventos
2515 4426 2765 4502 quatuor
2802 4423 2967 4502 orbis,
3018 4420 3075 4475 id
3120 4420 3301 4502 est‘in
3340 4420 3472 4499 ﬁnes
3517 4415 3672 4502 orbis

1993 4509 2038 4584 ο
2070 4487 2773 4584 Fszresezéisuﬁsegiav
2809 4491 3155 4584 9591:1321.-
3198 4487 3669 4584 #391338"??-

2070 4563 2497 4620 vimus:Sordes
2528 4562 2762 4627 diluere,
2810 4578 2906 4632 pro
2936 4562 3170 4628 sordide,
3226 4562 3315 4616 ubi
3366 4573 3502 4615 nove
3565 4572 3671 4611 ac-

2064 4634 2193 4706 c_ipit
2219 4636 2347 4705 fata
2387 4640 2637 4706 mortua,
2664 4649 2762 4706 pro
2782 4636 3027 4690 mortuis
3058 4632 3396 4701 hominibus,
3429 4640 3481 4684 et
3518 4643 3667 4683 mox:

2064 4704 2361 4780 Electaque
2378 4705 2505 4777 ﬁde,
2530 4721 2626 4776 pro
2664 4704 2971 4780 eiectoque.
3397 4771 3409 4780 _
3501 4772 3540 4780 _.
3615 4770 3653 4780 ..

2136 4770 2388 4846 (34)Ἠίέ
2442 4770 2621 4847 agitus
2676 4770 2933 4847 Pasch'ce
2964 4772 3332 4847 suspenditur
3391 4771 3575 4826 hostia
3608 4770 3673 4823 Ii-

2064 4863 2192 4920 gno,
2219 4855 2320 4920 etc.
2356 4845 2559 4902 Alludit
2597 4848 2664 4920 ad
2698 4847 2875 4902 illudl
2910 4845 3101 4920 Corfv
3128 4845 3376 4920 {Pascha
3408 4847 3669 4920 nostrum

2071 4916 2401 4975 immolatus
2425 4923 2508 4975 est
2548 4918 2835 4986 Christus;
2859 4918 3099 4973 etillud:
3135 4918 3420 4989 Vitamque
3460 4916 3672 4989 Deum;

2070 5004 2172 5062 que
2208 4991 2522 5062 futurum,
2557 4989 2789 5045 refertur
2830 4990 2897 5062 ad
2943 4988 3103 5062 quod,
3131 4985 3411 5062 sequitur:
3451 4985 3675 5039 Promis

2070 5060 2220 5136 iam,
2254 5061 2343 5114 ubi
2376 5061 2748 5136 sequitur‘vox
2775 5060 2995 5136 antiqua
3037 5060 3412 5136 illectaverat,
3444 5062 3497 5136 et
3544 5070 3674 5136 mox

2069 5130 2279 5203 poetico
2319 5130 2470 5188 more
2504 5133 2764 5201 producta
2812 5133 2871 5186 in
2907 5130 3199 5200 penultima
3234 5146 3355 5203 vox,
3383 5130 3670 5203 poteritis.

2148 5201 2265 5277 (ἓῇ)
2292 5205 2391 5277 ΔΝιε
2418 5198 2581 5277 ﬁdus
2609 5207 2796 5277 pater,
2826 5198 3118 5277 et'vates,_
3146 5209 3250 5257 etc.
3301 5198 3672 5277 Abrahamum

2072 5267 2486 5349 intélligithui
2533 5267 2697 5349 (Gen.
2760 5275 2907 5343 χχιι)
2954 5289 3052 5342 pro
3100 5274 3252 5328 Isaac
3288 5274 3407 5343 ejus
3445 5268 3554 5323 ﬁlio
3599 5267 3671 5320 ad

2076 5345 2500 5419 immolandum,

2199 5430 2470 5486 Connexus
2505 5434 2670 5498 capite
2697 5434 2857 5498 spinis
2883 5432 3163 5483 ostenditur
3180 5443 3361 5494 agnus,

2109 5498 2117 5505 _
2199 5451 2470 5507 bonnexus
2505 5451 2670 5552 083116
2697 5451 2857 5509 SpInlS
2883 5451 2901 5483 ί

2076 5509 2236 5558 sicuti
2271 5515 2322 5553 In
2351 5515 2416 5555 eo
2445 5516 2553 5572 quo
2620 5507 2866 5569 sequitur
2892 5517 2901 5553 :

2796 5576 2940 5640 cujus
2971 5574 3033 5623 de
3063 5583 3221 5624 morte
3250 5573 3373 5637 piati

2271 5642 2412 5693 Esset
2433 5648 2484 5691 ut
2514 5642 2562 5690 in
2592 5641 2806 5704 signum.
