4058 6172
401 316 530 376 1121

1461 310 1789 371 APPENDIX
1831 312 1872 369 Ι.
1911 338 1982 353 -
2020 305 2172 366 ADV.
2218 306 2624 367 MARCIONEM.

3557 310 3691 368 1122

396 443 538 514 Lege
563 440 712 497 dedit
740 440 1014 508 Pascham,
1042 439 1282 513 gaudens
1310 444 1468 510 atque
1489 437 1733 493 immolat
1752 451 1974 510 agnum.
2013 448 2060 527 Α
2093 432 2399 488 Consimilis
2431 433 2651 502 patitur,
2696 441 3026 502 quapropter
3055 431 3249 487 dicitur
3276 447 3485 504 agnus;

393 532 460 587 Et
498 529 690 602 reliqui
728 528 909 602 magni
939 545 1099 601 reges
1126 527 1398 598 sanctique
1425 525 1722 597 prophetat,

395 621 516 675 Non
543 621 851 694 ignorantes
877 625 1038 674 certae
1067 616 1329 689 promissa
1364 614 1574 685 salutis,

396 710 800 781 Ingentemque,
831 713 976 763 metu
1007 708 1173 777 pleni,
1207 705 1588 763 transcendere
1619 705 1817 776 legem,

398 799 680 852 Venturam
712 813 939 851 summie
967 795 1182 851 virtutis
1208 794 1447 867 imagine
1475 793 1700 862 molem,
1756 822 1761 827 -

397 887 696 957 Inspectam
717 901 748 940 e
776 886 994 957 speculo
1025 883 1562 942 celebraruntordine
1581 881 1862 938 Pascham.

399 975 667 1047 Denique,
701 973 746 1028 si
785 973 948 1030 celeri
986 972 1284 1045 primordia
1312 979 1488 1028 mente
1526 985 1793 1034 recurras,

400 1065 651 1119 Invenies
689 1062 902 1118 funesta
942 1061 1128 1131 nimis,
1169 1070 1290 1132 post
1327 1058 1490 1130 impia
1526 1060 1690 1114 verba
1723 1077 1736 1112 :

398 1151 679 1220 Credulus,
713 1149 849 1206 heul
883 1149 1039 1204 facile
1077 1150 1310 1204 nudatus
1340 1149 1576 1220 tegmine
1607 1147 1746 1216 vita,

397 1239 629 1296 Pellibus
664 1249 724 1296 ut
749 1245 1022 1311 tegeretur
1058 1238 1243 1302 homo,
1275 1234 1622 1308 suspenditur
1650 1251 1846 1307 agnus,

398 1332 504 1386 Aut
532 1338 755 1400 peccata
783 1336 957 1396 necat,
982 1333 1079 1383 aut
1107 1325 1370 1399 sanguine
1391 1324 1583 1380 funera
1613 1323 1777 1394 delet,

401 1421 505 1474 Aut
523 1417 733 1490 coperit
760 1418 956 1482 nudos,
992 1415 1134 1473 fovet
1163 1423 1255 1471 aut
1282 1431 1382 1472 suo
1411 1414 1608 1472 vellere
1636 1414 1832 1472 vulnus
1859 1414 1990 1486 (36),

399 1509 522 1565 Non
560 1506 771 1580 pecoris
799 1505 1022 1578 sanguis
1057 1507 1293 1562 humano
1330 1504 1592 1577 sanguine
1620 1504 1811 1575 pluris,

399 1598 471 1654 Ut
509 1612 608 1670 pro
639 1595 871 1666 peccatis
905 1594 1116 1650 oblatus
1145 1593 1359 1650 dirimat
1383 1595 1534 1659 iram,

400 1690 507 1743 Aut
544 1687 725 1741 multa}
762 1684 955 1756 plebis,
986 1685 1150 1741 veluti
1187 1683 1234 1738 si
1263 1685 1475 1739 charior
1511 1700 1701 1756 agnus.

401 1775 669 1831 Auxilium
696 1774 949 1838 immane,
981 1779 1144 1828 tanta:
1179 1774 1344 1828 tutela
1374 1773 1583 1843 salutis,

403 1862 630 1920 Oblatus
660 1859 834 1930 potuit
870 1859 1102 1932 pretium
1135 1860 1265 1916 satis
1293 1875 1416 1916 esse
1453 1861 1747 1933 redemptis
1770 1865 1815 1919 8.
1901 1897 1906 1902 -

401 1954 471 2006 At
498 1951 645 2004 Deus
674 1947 1040 2020 omnipotens,
1072 1948 1196 2005 caeli
1224 1957 1487 2022 terrmque
1517 1959 1746 2024 creator,

403 2040 724 2107 Immensus,
756 2037 938 2109 vivus,
969 2037 1258 2110 perfectus,
1288 2037 1409 2094 luce
1439 2040 1713 2110 perennis,

403 2128 498 2184 His
525 2142 635 2182 non
662 2127 926 2198 placatur,
968 2127 1235 2200 pecudum
1275 2145 1448 2200 neque
1475 2131 1739 2204 sanguine
1777 2133 1996 2205 gaudet.

404 2216 599 2274 Omnia
625 2224 930 2272 mactentur
959 2232 1172 2287 pecora,
1216 2234 1348 2290 grex
1385 2219 1562 2275 omnis
1592 2221 1646 2276 in
1677 2239 1798 2278 aras

403 2308 707 2372 Decremet,
746 2312 807 2358 ut
836 2305 1046 2359 veniam
1077 2306 1159 2361 vel
1192 2307 1395 2376 peccati
1426 2307 1608 2378 expiet
1638 2326 1778 2366 unus
1803 2328 1816 2366 :

403 2397 751 2469 Nequaquam
780 2393 996 2449 Domini
1029 2394 1244 2465 sapiens
1273 2396 1539 2452 maculata
1569 2395 1759 2468 ﬁgura,

405 2486 538 2541 Tam
567 2483 658 2539 vili
688 2481 864 2554 pretio
893 2497 1018 2538 caro
1049 2483 1187 2538 fceda
1218 2483 1424 2552 paravit
1448 2485 1709 2553 honores;

407 2575 510 2632 Sed
531 2589 656 2646 spes
681 2583 734 2629 et
761 2573 1026 2645 promissa
1053 2572 1188 2627 ﬁdes
1213 2573 1534 2628 mortalibus
1562 2575 1710 2642 olim,

409 2666 535 2721 Haec
562 2669 784 2735 Operata
814 2662 958 2728 tulit,
989 2677 1196 2735 magna:
1224 2661 1448 2717 rationis
1479 2664 1678 2736 imago,

409 2751 778 2808 Premeditata
808 2751 1000 2816 Patris,
1033 2750 1197 2803 nimia
1225 2750 1428 2822 pietate
1465 2763 1647 2822 parata

406 2843 707 2900 Venturum
736 2839 1004 2897 Christum
1035 2839 1214 2904 terris,
1247 2839 1629 2913 hominemque
1660 2843 1926 2913 futurum;

414 2931 591 3002 Quem
617 2929 792 2988 visum
828 2930 1082 2996 Joannes,
1116 2927 1369 2999 baptismi
1397 2931 1604 3000 primus
1633 2943 1876 3007 apertor,

410 3021 475 3076 Et
492 3028 675 3076 vatum
708 3019 910 3085 socius,
942 3033 1156 3074 necnon
1185 3024 1239 3073 et
1266 3021 1544 3089 apostolus
1572 3021 1785 3097 ingens,

415 3111 719 3166 Praecursor
744 3109 940 3164 missus
968 3115 1172 3175 certus,
1206 3107 1462 3180 testisque
1489 3107 1683 3179 ﬁdelis,

413 3202 692 3272 Augustus
721 3198 848 3268 vita,
873 3196 1086 3252 sublimi
1118 3197 1279 3250 laude
1308 3206 1540 3267 notatus,

414 3289 558 3346 Olim
587 3288 787 3344 Pascha
817 3285 939 3359 Dei,
964 3301 1151 3344 verum
1179 3287 1546 3357 quaerentibus
1571 3305 1791 3363 agnum,

415 3377 660 3434 Ostendit
698 3377 916 3431 tandem
947 3375 1179 3444 venisse,
1209 3374 1420 3447 piacula
1447 3376 1585 3451 facti,

416 3466 522 3536 Qui
549 3467 742 3522 delicta
764 3479 863 3521 suo
896 3463 1182 3520 multorum
1211 3467 1471 3534 sanguine
1500 3468 1691 3524 solvat.

414 3557 520 3612 Pro
557 3556 804 3627 reprobis
834 3554 1058 3626 probus,
1089 3561 1144 3607 et
1166 3553 1383 3619 charus,
1423 3571 1520 3626 pro
1547 3555 1744 3614 vilibus
1772 3575 1932 3629 unus,

417 3644 654 3716 Corpore
682 3644 845 3700 homo
883 3642 1099 3712 vitaque
1125 3641 1292 3708 Deus,
1324 3652 1585 3700 maCtatus
1615 3653 1674 3702 ut
1701 3664 1894 3720 agnus,

417 3735 696 3804 Acciperet
725 3747 826 3788 nos
857 3742 910 3787 et
933 3731 1094 3787 nobis
1123 3747 1181 3786 se
1210 3731 1519 3789 effunderet
1547 3733 1741 3806 ipsum.
1824 3739 1963 3810 [bam
1991 3760 2005 3808 ;

420 3821 643 3880 1066
670 3823 760 3879 Sic
798 3821 996 3894 placuit
1024 3821 1256 3877 Domino
1285 3831 1512 3878 mortem
1544 3826 1777 3895 Spoliare
1809 3845 2007 3900 super-

417 3913 508 3970 Sic
545 3915 741 3986 poterit
777 3911 1112 3968 miserandus
1144 3912 1304 3966 homo
1335 3927 1552 3982 sperare
1581 3917 1827 3975 salutem.

413 4006 572 4060 Hunc
598 4003 858 4059 Pascham
887 4003 1080 4059 Paulus
1110 4010 1394 4059 mactatum
1421 4003 1679 4074 praedicat
1697 4022 1935 4079 agnum;

415 4095 529 4152 Nec
553 4092 761 4166 species
797 4091 1010 4149 Domini
1040 4092 1254 4164 pecoris
1281 4092 1526 4149 sublimis
1554 4093 1743 4152 inertis

2092 522 2198 577 Sed
2227 523 2353 594 quia
2380 522 2594 576 lanities
2631 527 2880 577 renovata
2911 521 3026 576 haec
3055 535 3281 592 corpora
3308 522 3489 595 vestit,

2093 612 2195 664 Dat
2221 610 2458 681 tegimen
2486 609 2690 674 multis,
2724 625 2961 680 unquam
2993 625 3093 665 nec
3121 609 3306 666 deﬁcit
3333 611 3474 684 ipse.

2709 766 2936 820 CAPUT
2978 767 3070 822 IV.

2166 889 2253 945 Sic
2271 887 2532 944 Dominus
2547 885 2740 945 virtute
2761 886 3098 958 Patris,quos
3121 896 3292 946 morte
3314 892 3542 948 redemit
3556 894 3696 968 (37),

2096 979 2301 1033 Exutos
2329 993 2426 1032 sua
2455 977 2574 1032 luce
2602 977 2754 1047 tegit,
2786 991 2907 1047 quae
2935 990 3149 1047 semper
3177 980 3231 1033 in
3263 980 3355 1036 illo
3384 992 3485 1038 est.

2098 1067 2244 1140 Ergo
2273 1068 2464 1121 Pastor
2493 1080 2646 1121 ovem
2677 1065 2770 1136 qui
2803 1064 3050 1135 perdidit,
3088 1067 3204 1136 ipse
3235 1069 3479 1142 requirit.

2099 1157 2148 1210 ls
2176 1156 2343 1210 robur
2379 1154 2670 1225 spinaSque
2716 1169 2836 1208 uvae
2873 1154 3078 1210 calcare
3106 1166 3348 1226 paratus,

2100 1242 2208 1298 Aut
2237 1244 2441 1298 rabiem
2479 1257 2734 1314 superare
2766 1241 2896 1312 lupi,
2929 1243 3309 1316 pecudumque
3336 1249 3519 1319 potiri.

2099 1333 2320 1403 Eripere
2341 1332 2515 1403 fortis,
2547 1330 2870 1403 contemptis
2899 1331 3151 1388 dentibus
3180 1333 3340 1405 ultro,

2100 1420 2347 1492 Objectat
2374 1437 2494 1477 sese
2525 1424 2607 1477 leo
2640 1421 2778 1493 pelle
2820 1423 3062 1479 obtectus
3102 1423 3250 1490 ovili,

2101 1512 2394 1582 Decipiens
2423 1510 2625 1580 habitu,
2669 1520 2922 1580 rapturus
2950 1511 3215 1583 sanguine
3242 1513 3447 1573 fauces.

2101 1601 2272 1656 Adam
2300 1600 2354 1655 vi
2384 1607 2600 1670 captum
2630 1599 2708 1652 sic
2733 1599 2928 1668 quaerit
2957 1600 3203 1656 Christus
3233 1603 3459 1676 ubique,

2103 1693 2224 1762 Ipse
2253 1689 2392 1745 viam
2425 1687 2697 1761 gradiens,
2725 1703 2829 1759 qua
2867 1703 3014 1743 mors
3043 1699 3261 1760 operata
3300 1694 3509 1750 ruinam
3547 1706 3629 1752 est

2105 1777 2300 1836 Omnia
2329 1779 2662 1850 perlustrans
2690 1786 2936 1831 veterum
2960 1791 3305 1835 monumenta
3332 1781 3591 1856 virorum,

2031 1843 2076 1920 Β
2105 1867 2328 1941 Singula
2359 1865 2705 1939 perspiciens,
2745 1865 3015 1936 exemplis
3044 1866 3297 1922 omnibus
3329 1887 3484 1944 unus,

2105 1961 2186 2016 Ex
2217 1965 2372 2014 utero
2409 1955 2678 2027 incipiens
2707 1953 2973 2010 inimicam
3005 1955 3277 2026 expellere
3310 1968 3556 2029 mortem,

2107 2050 2396 2118 Conceptae
2422 2044 2581 2100 simul
2611 2044 2663 2098 in
2692 2043 2899 2115 gremio
2931 2059 3057 2099 cum
3085 2045 3290 2101 semine
3316 2049 3492 2104 carnis

2107 2140 2314 2195 zEtates
2353 2149 2540 2191 omnes
2572 2132 2728 2188 tacita
2757 2132 3018 2204 sapientia
3050 2133 3307 2206 lustrans,

2109 2225 2301 2282 Debita
2327 2221 2649 2295 suscipiens,
2689 2227 2915 2276 cunctos
2944 2221 3207 2278 mundare
3238 2233 3480 2296 paratus,

2108 2315 2356 2372 Reddere
2383 2309 2573 2367 {actori
2602 2311 2824 2375 multos,
2858 2324 2994 2381 quos
3032 2324 3302 2382 Sparserat
3341 2333 3501 2372 unus.

2108 2404 2178 2458 Es
2213 2402 2337 2474 quia
2367 2398 2618 2456 terribilis
2647 2403 2809 2469 puteo
2839 2397 3116 2454 demersus
3144 2399 3328 2473 iniquo

2109 2491 2204 2546 Vir
2231 2488 2444 2555 cecidit,
2476 2488 2646 2542 suasit
2683 2486 2836 2557 virgo
2868 2485 3130 2541 subducta
3159 2491 3431 2560 dracone;

2108 2577 2346 2636 Consilio
2375 2576 2591 2649 placuit,
2634 2585 2850 2646 tegmen
2887 2575 3109 2631 caeleste
3138 2578 3379 2651 reliquit;

2109 2669 2308 2741 Arguit
2331 2667 2434 2722 hos
2462 2665 2674 2737 lignum
2707 2664 2904 2730 nudos,
2938 2679 3084 2720 mors
3114 2676 3230 2722 atra
3258 2671 3452 2740 coegit,

2109 2757 2185 2812 Ex
2223 2754 2410 2811 eadem
2440 2768 2619 2807 massa
2649 2751 2812 2806 simili
2843 2753 3046 2807 ratione
3073 2755 3267 2809 refecta

2107 2845 2223 2898 Jam
2263 2848 2539 2906 renovata,
2571 2838 2711 2895 redit
2737 2836 2838 2893 ﬂos
2867 2838 3065 2905 carnis,
3097 2847 3150 2896 et
3180 2844 3390 2914 hospita
3427 2847 3597 2918 pacis,

2123 2931 2357 3003 Virgine
2386 2929 2655 2999 desponsa
2683 2941 2832 2994 caro,
2865 2941 2973 2982 non
3001 2943 3068 2982 ex
3106 2931 3313 2987 semine
3341 2943 3468 2991 nato
3509 2989 3514 2996 ,

2036 3021 2080 3099 c
2108 3018 2315 3076 Artiﬁci
2344 3017 2633 3087 conjuncta
2664 3030 2785 3082 suo,
2826 3014 2944 3072 sine
2976 3015 3158 3072 debito
3199 3021 3386 3078 mortis

2111 3109 2353 3182 Angelus
2380 3109 2496 3163 haec
2522 3105 2772 3161 mandata
2797 3104 2992 3172 Patris,
3025 3122 3123 3179 per
3149 3107 3328 3168 sidera
3359 3113 3531 3170 defert

2111 3199 2338 3268 Lucida,
2366 3206 2426 3252 ut
2451 3194 2696 3267 angelica
2714 3195 3002 3251 credantur
3028 3197 3220 3253 nuntia
3251 3199 3413 3269 fama,

2112 3286 2360 3360 Virginis
2379 3297 2441 3343 ut
2477 3285 2657 3357 virgo;
2690 3284 2868 3341 carnis
2905 3298 3032 3341 caro
3059 3285 3237 3342 debita
3266 3292 3458 3349 solvat.

2112 3377 2333 3435 Talibus
2356 3376 2634 3448 ingressus
2663 3374 2908 3446 sequitur
2941 3375 3171 3449 vestigia
3200 3379 3387 3435 mortis

2111 3467 2372 3527 Parvulus
2401 3463 2670 3533 immanis,
2703 3463 2880 3520 senior
2909 3479 3046 3534 puer
3074 3472 3128 3519 et
3159 3466 3377 3536 juvenis
3415 3472 3514 3526 vir.

2113 3559 2266 3622 Post,
2298 3554 2394 3611 ubi
2422 3555 2566 3623 justa
2594 3552 2694 3610 viri
2719 3553 2988 3623 completa
3015 3565 3098 3608 est
3126 3557 3337 3612 roboris
3365 3566 3515 3627 aetas,

2114 3633 2372 3703 Paulatim
2402 3643 2591 3700 solitus
2617 3642 2762 3698 socia
2790 3641 3093 3713 deperdere
3121 3647 3265 3716 vita;

2118 3737 2180 3791 In
2209 3734 2382 3790 foedas
2419 3733 2582 3787 etiam
2613 3746 2776 3803 rugas
2804 3738 2859 3786 et
2897 3730 3089 3788 inertia
3119 3738 3360 3793 membra

2117 3825 2311 3882 Mutari
2340 3821 2518 3895 specie
2553 3820 2797 3880 vacuatis
2827 3821 3091 3893 sanguine
3123 3825 3275 3881 venis
3693 3883 3697 3887 ,

2119 3914 2391 3982 Constitit,
2414 3913 2558 3968 haud
2587 3911 2830 3969 habitum
2863 3927 3056 3984 passus
3085 3923 3423 3975 veterascere
3447 3920 3643 3977 carnis.
3703 3927 3706 3929 λ

2115 4004 2304 4074 Quave
2329 4019 2556 4061 manum
2581 4002 2819 4061 extendit
2848 4012 3050 4061 temere
3070 4005 3388 4082 contingere
3417 4009 3647 4082 lignum.

2121 4097 2240 4166 Qua
2257 4096 2345 4152 die
2369 4109 2544 4168 quove
2564 4093 2685 4152 loco
2713 4093 2908 4151 cecidit
2935 4093 3271 4153 clarissimus
3298 4098 3471 4154 Adam
3501 4099 3640 4174 (38),

1809 4227 1998 4293 Varia:
2037 4229 2350 4294 lectiones.

489 4327 515 4366 ⁸
541 4327 740 4384 Salutis
766 4329 927 4384 Pam.
967 4327 1155 4386 Venet.
1185 4324 1211 4363 9
1239 4325 1433 4385 Paucis
1460 4329 1621 4385 Pam.

1828 4458 2326 4529 Commentarius.

418 4561 486 4616 ad
509 4559 686 4616 Exod.
705 4574 754 4615 c.
779 4573 881 4627 xu,
909 4557 1002 4633 ubi
1020 4558 1298 4631 sanguine
1319 4561 1455 4631 agni
1475 4559 1738 4630 paschalis
1751 4562 2014 4633 iubentur

418 4635 636 4704 signari
655 4637 840 4704 postes
853 4634 913 4704 et
929 4631 1136 4686 limina
1150 4633 1352 4704 multa,
1385 4647 1483 4700 pro
1502 4647 1612 4704 quo
1632 4631 1811 4690 malim
1829 4639 2013 4704 legere

417 4701 579 4759 m‘uta
598 4725 616 4772 ,-
635 4701 732 4758 sed
752 4703 880 4757 nihil
901 4701 1197 4760 immutavi.
1220 4703 1427 4771 Quibus
1455 4701 1639 4772 adjicit
1657 4716 1713 4761 et
1731 4701 2010 4766 Pascl'tam

420 4776 767 4855 celebratam,
795 4774 908 4855 los.
940 4789 998 4829 ν.
1031 4775 1426 4855 Castigavimus
1447 4785 1634 4855 autem
1664 4778 1826 4850 paulo
1865 4791 2008 4855 post,

423 4851 526 4902 aut
556 4848 829 4918 sanguine
857 4850 1066 4916 ['unera
1094 4846 1260 4914 delet,
1290 4861 1390 4917 pro
1425 4847 1594 4904 dolet.

497 4918 609 4995 (3_6)
638 4921 818 4995 Fovet.
833 4924 935 4974 aut
966 4934 1066 4974 suo
1097 4920 1298 4995 uellere
1314 4919 1540 4995 vulnus,
1563 4922 1789 4995 etc.AHic
1815 4939 1913 4995 per
1941 4921 2013 4980 li-

422 4991 651 5062 centiam
682 4989 946 5060 poeticam
975 4992 1264 5062 corripitur
1293 5007 1323 5046 o
1354 4991 1525 5047 littera
1558 4994 1611 5047 in
1658 4993 1764 5050 fine
1815 4989 2013 5052 dictio-

421 5061 509 5133 nis
538 5078 661 5131 δυο,
693 5062 830 5118 sicut
859 5064 1038 5133 etiam,
1070 5061 1382 5132 frequenter
1412 5071 1608 5133 postea
1648 5067 1702 5119 in
1737 5065 1883 5123 hisce
1939 5069 2011 5124 li-

419 5132 557 5210 bris,
589 5136 658 5188 de
671 5133 814 5210 _aliis
844 5132 1370 5210 Christianispoetis
1414 5132 1649 5205 idipsum
1696 5138 1820 5195 vide
1869 5139 2015 5210 apud

423 5205 642 5283 Bedam.
670 5204 1086 5283 Emendavimus
1115 5204 1271 5283 etiam
1321 5210 1387 5261 ut
1424 5204 1530 5277 pro
1573 5211 1848 5283 peccatis,
1906 5204 2014 5283 pro

344 5307 356 5318 ~
421 5281 554 5348 aut,
585 5284 645 5331 ut
675 5278 727 5331 id
757 5277 901 5348 quod
932 5276 1212 5347 praecedit,
1260 5292 1375 5332 non
1409 5276 1643 5348 pecoris,
1681 5280 1750 5335 sit
1776 5276 2014 5338 inter'ro-

423 5347 590 5425 gatio,
643 5357 726 5425 et_
749 5346 1040 5420 accipiatur
1077 5362 1234 5425 more.
1273 5346 1676 5425 Tertullianico,
1742 5354 1884 5422 Non,
1920 5371 2017 5425 pro

425 5417 880 5494 1_Vonne.‘_Porro_
908 5436 1122 5494 agnum
1168 5419 1456 5477 Christum
1503 5421 1699 5492 probat
1746 5417 2020 5483 etiam-ex

426 5491 728 5564 Evangelio
765 5493 921 5549 Joan.
946 5491 1001 5548 Ἰ.

499 5548 613 5635 (3Ἷῖ
654 5564 745 5621 Sic
775 5548 1048 5621 Dominus
1088 5548 1303 5621 virtute
1331 5565 1540 5632 Patris,
1579 5573 1684 5621 etc.
1734 5566 2018 5624 Tertullia-

423 5633 606 5693 nicum
638 5645 718 5693 est
739 5636 1131 5713 pecudumque
1156 5637 1354 5710 potiri,
1385 5643 1441 5694 et
1465 5637 1684 5714 eripere
1709 5641 1913 5714 fortis;
1943 5641 2023 5699 sic

2044 4585 2088 4662 ο
2126 4568 2270 4653 enim
2300 4561 2594 4662 leaenae
2621 4554 3126 4662 3233133323“,

2669 4576 2677 4641 ε
2707 4565 2816 4613 tiae
2846 4565 3146 4645 p'roducta,_
3174 4575 3273 4632 pro
3301 4575 3368 4618 eo
3414 4565 3562 4645 quod
3608 4578 3722 4626 erat

2123 4629 2389 4703 eriperet.
2423 4633 2580 4697 Item,
2621 4632 2772 4703 uirgo
2802 4629 3076 4686 subducta
3113 4629 3389 4703 dracone;
3430 4629 3565 4692 item
3614 4656 3721 4696 non

2122 4702 2293 4766 multo
2324 4715 2445 4778 post
2465 4705 2588 4780 sine
2609 4702 2788 4780 debito
2817 4705 3038 4780 mortis,
3057 4704 3139 4780 sic
3162 4702 3721 4780 enimcastigavimus

2117 4798 2216 4854 pro
2262 4773 2465 4840 debita,
2490 4773 2648 4830 sicuti
2677 4773 2842 4854 etiam
2871 4775 3103 4854 uestigia
3148 4777 3373 4854 mortis,
3423 4773 3522 4854 pFo
3560 4799 3720 4839 mor-

2120 4847 2255 4911 tem.
2290 4854 2495 4906 Rursus
2522 4859 2654 4900 vero
2686 4847 2752 4899 ad
2790 4847 2986 4915 stylum
3021 4848 3257 4901 auctoris
3295 4849 3529 4918 pertinet
3585 4870 3716 4909 ma-

2117 4942 2259 4981 num
2287 4918 2567 4985 extendit,
2608 4926 2735 4986 etc.,
2768 4918 3092 4990 contingere
3124 4920 3362 4990 lignum.

2191 4998 2305 5067 (38)
2360 4991 2619 5067 Qua__die
2647 5030 2665 5054 ,
2724 5004 2895 5067 quoue
2960 4992 3076 5045 loco
3115 4991 3316 5067 cecidit
3363 4993 3718 5053 clarissimus

2120 5061 2316 5140 Adam,
2331 5080 2437 5140 etc.
2449 5062 2553 5140 Sic
2577 5061 3001 5140 emendavimus,
3021 5076 3116 5132 pro
3146 5063 3535 5140 citatissimae.
3553 5069 3719 5140 Atqui

2120 5142 2264 5215 quod
2298 5137 2380 5192 hic
2407 5134 2555 5200 dicit,
2586 5143 2637 5188 et
2671 5148 2797 5187 mox
2825 5133 3028 5215 clarius
3055 5136 3250 5205 repetit
3277 5136 3362 5190 bis
3390 5139 3605 5198 verbis:

2185 5270 2428 5334 Golgotha
2454 5268 2597 5334 locus
2625 5271 2720 5326 est,
2745 5263 2928 5328 capitis
2952 5263 3187 5334 calvaria
3217 5268 3490 5330 quondam,
3507 5277 3600 5318 etc.

2186 5334 2251 5386 Os
2280 5330 2518 5396 magnum
2537 5331 2619 5378 hic
2647 5336 2845 5396 veteres
2875 5330 3028 5396 nostri
3058 5330 3270 5378 docuere
3295 5339 3564 5392 repertum,

2185 5397 2275 5448 Hic
2302 5391 2554 5447 hominem
2583 5391 2801 5457 primum
2832 5391 3145 5455 suscepimus
3170 5405 3280 5441 esse
3325 5391 3598 5457 sepultum,
3631 5400 3722 5446 etc.

2127 5504 2305 5560 Habes
2325 5503 2486 5560 etiam
2533 5499 2776 5572 apudiB.
2809 5496 3147 5572 Cyprianum
3185 5503 3340 5572 tract.
3387 5497 3456 5555 de
3484 5501 3719 5560 Resurr.

2132 5576 2364 5642 Christi,
2391 5576 2489 5631 ubi
2507 5567 2629 5630 vide
2659 5567 2872 5626 similes
2896 5567 3152 5642 veterum
3197 5567 3350 5642 locus
3392 5573 3449 5626 in
3493 5583 3718 5631 annota-

2126 5639 2362 5705 tionibus
2422 5643 2652 5718 nostris,
2698 5657 2850 5702 num.
2912 5643 2968 5701 3.
3011 5639 3235 5698 Auctori
3297 5642 3568 5714 peculiare
3640 5656 3723 5709 est
