4058 6172
363 258 497 320 1123

1422 252 1511 313 Al)
1548 251 1835 314 GENUINA
1865 249 2308 331 TERTULLIANI
2345 254 2581 315 OPERA.

3515 266 3654 328 1124

365 379 588 439 Ιθθῗ
620 379 731 435 Hac
761 379 951 435 eadem
972 377 1229 434 redeunte
1254 376 1340 434 die
1366 377 1702 435 volventibus
1720 378 1876 442 annis
1952 394 1997 474 Α
2057 379 2240 436 Pulvis
2267 381 2401 436 Arias
2430 389 2489 436 ut
2512 384 2681 453 possit
2708 382 2903 440 veteris
2929 400 3054 442 cum
3082 388 3349 459 sanguine
3374 390 3579 448 Christi

360 472 419 525 In
446 467 617 525 stadio
654 469 810 544 ligni,
848 468 1001 526 fortis
1026 482 1355 540 congressus
1383 466 1609 534 athleta;

358 557 713 629 Extenditque
740 573 951 625 manus,
982 572 1203 629 pcenam
1245 565 1297 613 et
1334 571 1432 627 pro
1470 555 1626 611 laude
1662 564 1879 613 secutus

362 646 572 703 Devicit
596 654 842 715 mortem,
883 647 1009 717 quia
1047 654 1277 701 mortem
1307 653 1497 717 Sponte
1524 643 1767 716 reliquit,

363 734 525 789 Exuit
553 735 768 791 exuvias
795 734 971 790 carnis
999 742 1055 791 et
1082 736 1259 790 debita
1297 734 1518 805 mortis;

364 824 643 894 Serpentis
669 824 924 895 spolium,
958 824 1168 880 devicto
1189 822 1663 896 principemundi,

362 913 566 971 Adﬁxit
594 914 766 986 ligno,
806 914 1114 988 refugarum
1144 913 1379 970 immane
1417 923 1699 983 tropaeum.

364 1006 425 1061 In
453 1004 609 1073 cujus
636 1003 853 1076 signum
889 1005 1069 1058 Moses
1097 1003 1453 1074 suspenderat
1479 1018 1735 1075 anguem,

362 1093 429 1148 Et
456 1099 715 1164 quotquot
750 1090 961 1146 fuerant
991 1091 1175 1147 multis
1212 1091 1548 1164 serpentibus
1578 1090 1686 1155 icti,

358 1180 715 1252 AdSpicerent
743 1179 917 1253 ipsum
951 1178 1131 1236 fictum
1159 1177 1434 1252 ﬁxumque
1461 1181 1769 1236 draconem.

359 1271 505 1337 Post,
527 1269 621 1325 ubi
648 1279 884 1327 secretas
913 1268 1107 1325 inferni
1128 1269 1274 1325 venit
1299 1271 1365 1323 ad
1396 1270 1591 1340 undas,

358 1360 538 1430 Atque
566 1374 725 1414 suum
760 1358 933 1415 victor
961 1360 1235 1431 captivum
1266 1357 1386 1413 luce
1417 1359 1627 1429 retexit,

357 1447 605 1504 Adstanti
633 1449 949 1519 jussumque
978 1446 1151 1503 Patris
1179 1446 1374 1503 virtute
1402 1448 1633 1520 peregit,

357 1536 562 1607 Sponte
591 1551 745 1592 suum
787 1552 989 1607 corpus
1019 1535 1166 1609 quod
1198 1535 1446 1609 liquerat,
1476 1536 1593 1607 ipse
1623 1537 1845 1609 recepit.

358 1624 562 1682 Caussa
589 1627 705 1681 haec
744 1625 930 1681 mortis
958 1636 1095 1692 erat,
1129 1625 1317 1681 eadem
1345 1624 1427 1683 via
1457 1625 1593 1682 facta
1620 1626 1846 1699 salutis;

356 1714 591 1771 Nuntius
621 1714 711 1769 ille
740 1713 871 1783 doli,
904 1713 998 1769 sed
1030 1714 1177 1784 pacis
1206 1712 1425 1770 nuntius
1452 1712 1553 1771 iste
1578 1731 1594 1786 ;

358 1803 569 1876 Sponsa
594 1802 774 1858 virum
806 1801 1006 1869 necuit,
1025 1800 1326 1873 genuitsed
1356 1818 1552 1874 sponsa
1574 1802 1805 1861 leonem.

356 1893 524 1965 Virgo
550 1892 667 1949 viro
697 1891 898 1956 nocuit,
932 1892 1029 1947 sed
1067 1891 1149 1945 vir
1176 1891 1245 1945 de
1273 1891 1485 1965 virgine
1518 1893 1663 1951 vicit.

355 1982 526 2052 Cujus
562 1980 618 2035 in
647 1979 978 2050 exemplum,
1013 1979 1189 2050 εορὶιο
1219 1995 1446 2051 corpore
1475 1997 1689 2051 somno,

357 2070 601 2128 Sumitur
636 2083 708 2125 ex
735 2066 899 2125 latere
929 2068 1147 2137 mulier,
1185 2084 1310 2142 quae
1339 2078 1486 2127 costa
1524 2072 1735 2140 mariti;

355 2160 530 2229 Quam
559 2173 781 2216 carnem
810 2159 878 2215 de
916 2174 1078 2215 carne
1116 2175 1214 2215 sua
1242 2161 1415 2233 deque
1444 2162 1659 2218 ossibus
1687 2178 1842 2236 ossa;

354 2247 634 2320 Evigilans
672 2248 826 2318 dixit,
866 2264 1109 2322 praesaga
1144 2259 1323 2306 mente
1351 2249 1581 2307 locutus.

356 2336 491 2393 Mira
527 2334 682 2407 fides,
714 2335 908 2393 merito
945 2338 1143 2392 Paulus
1171 2337 1505 2395 certissimus
1534 2349 1745 2408 auctor,

357 2423 631 2481 Christum
660 2426 727 2481 de
763 2423 916 2481 coelis
957 2426 1129 2481 Adam
1158 2427 1319 2483 docet
1344 2442 1464 2484 esse
1502 2429 1823 2490 secundum.

354 2514 567 2571 Veritas
594 2514 717 2586 ipsa
745 2514 861 2571 suis
889 2515 1152 2586 exemplis
1188 2532 1286 2572 usa
1312 2516 1573 2589 refulget;

356 2606 471 2661 Nec
506 2604 656 2677 cupit
708 2620 773 2660 ex
803 2604 979 2660 alieno
1005 2619 1155 2661 acres
1187 2605 1473 2662 ostendere
1503 2624 1723 2681 gressus
1754 2627 1770 2665 :

357 2693 619 2767 Pauperis
646 2695 749 2750 hoc
777 2708 914 2766 Opus
942 2701 1045 2762 est,
1080 2694 1310 2767 prOpria:
1339 2694 1548 2753 virtutis
1575 2698 1768 2772 egeni:

357 2786 481 2842 Haec
506 2784 699 2841 Paulus
724 2785 905 2842 docuit
932 2800 1160 2858 magnus
1188 2786 1443 2857 mysteria
1468 2787 1648 2859 docta,

358 2874 574 2931 Scilicet
603 2874 657 2931 in
687 2874 905 2932 Christo
935 2889 1056 2933 esse
1093 2874 1285 2946 decus,
1315 2882 1487 2944 tuum,
1517 2876 1757 2935 Ecclesia
1781 2922 1797 2951 ,
1827 2894 1951 2935 cer-

355 2963 528 3033 Hujus
576 2962 644 3017 de
684 2962 869 3031 latere,
910 2962 1057 3037 ligno
1089 2962 1374 3032 pendentis
1420 2965 1473 3019 in
1505 2967 1615 3021 alto
1660 2964 1815 3039 [nens
1846 2970 1960 3040 (39)

357 3049 611 3121 Corporis
648 3049 889 3106 exanimi
926 3050 1147 3126 sanguis
1175 3051 1416 3109 manavit
1444 3059 1499 3109 et
1523 3054 1738 3113 humor.

274 3190 279 3191 ,
354 3140 578 3196 Femina
598 3139 818 3213 sanguis
844 3148 979 3210 erat,
1007 3156 1161 3213 aqua:
1190 3149 1342 3198 erant
1364 3158 1505 3201 nova
1531 3142 1680 3200 dona
1707 3145 1922 3216 lavacri,

354 3230 483 3286 Haec
510 3229 696 3300 p0puli
725 3243 857 3287 vera
892 3238 974 3285 est
1000 3230 1229 3288 viventis
1255 3230 1500 3289 Ecclesia
1526 3242 1715 3303 mater,

357 3320 437 3375 De
474 3319 671 3374 Christi
700 3335 837 3375 nova
863 3336 1021 3376 carne
1049 3336 1199 3391 caro,
1226 3323 1400 3393 deque
1431 3322 1645 3379 ossibus
1666 3339 1845 3380 ossum
1880 3325 1945 3381 ιο.

358 3407 629 3484 Golgotha
656 3408 805 3466 locus
832 3417 933 3479 est,
964 3409 1151 3483 capitis
1173 3410 1408 3467 calvaria
1436 3412 1710 3486 quondam
1738 3414 1877 3486 (40);

354 3498 566 3571 Lingua
586 3507 804 3569 paterna
823 3499 972 3572 prior
1000 3498 1077 3556 sic
1096 3500 1249 3557 illum
1279 3503 1496 3558 nomine
1523 3502 1686 3561 dixit:

358 3586 457 3645 Hic
485 3588 716 3643 medium
746 3596 902 3645 terrae
933 3596 1032 3656 est,
1066 3589 1154 3645 hic
1180 3601 1263 3647 est
1292 3590 1517 3647 victoria
1545 3591 1758 3665 signum
1793 3609 1807 3647 :

357 3675 433 3734 Os
460 3692 711 3749 magnum
750 3679 833 3733 hic
872 3686 1079 3736 veteres
1119 3678 1164 3717 11
1194 3678 1367 3735 nostri
1404 3679 1639 3736 docuere
1679 3688 1951 3751 repertum

360 3767 459 3823 Hic
488 3768 760 3823 hominem
789 3767 1024 3838 primum
1062 3769 1401 3842 suscepimus
1429 3785 1548 3827 esse
1579 3772 1880 3844 sepultum;

361 3856 584 3918 1068
617 3858 717 3913 Hic
774 3856 979 3929 patitur
1029 3857 1296 3928 Christus,
1356 3860 1447 3933 pio
1500 3860 1767 3934 sanguine
1818 3871 1957 3919 terra

1657 3946 1959 4024 [madescir,

2058 468 2412 540 Commixtus,
2443 471 2695 527 stillantis
2723 487 2876 544 aquae
2913 475 3107 530 virtute
3138 477 3303 533 levari
3335 478 3401 533 12.

2057 557 2183 614 Haec
2215 558 2333 614 ovis
2371 569 2451 615 est
2485 576 2601 617 una
2635 577 2799 632 quam
2827 578 2886 620 se
2914 579 3013 633 per
3050 564 3283 624 Sabbata
3318 569 3499 626 vivam
3535 572 3657 643 (41)

2057 646 2258 701 Inferni
2296 663 2327 703 e
2354 655 2521 719 puteo
2551 650 2735 706 statuit
2761 651 3060 709 subducere
3086 666 3297 727 pastor.

2057 735 2347 806 PrOpterea
2375 746 2580 794 cuncta:
2609 739 2785 795 carnis
2827 752 3147 810 praemortua
3185 748 3428 801 membra

2058 824 2289 882 Curabat
2315 827 2572 893 sabbatis,
2601 837 2694 884 aut
2723 830 2850 885 caeci
2879 847 2910 886 a
2946 833 3159 906 gemine
3187 838 3296 892 nati

2057 912 2302 985 Lumina,
2333 932 2452 988 quae
2484 919 2724 974 nondum
2755 920 2994 989 dederat,
3025 926 3296 981 cernendo
3324 929 3562 1000 peregit;

2057 1006 2165 1058 Aut
2192 1004 2465 1060 hominem
2503 1015 2673 1063 totum
2711 1010 3034 1081 exanimem,
3069 1030 3165 1082 per
3201 1015 3437 1071 Sabbata
3473 1020 3660 1076 vivum

2059 1091 2243 1163 Deque
2270 1095 2574 1164 sepultura,
2616 1099 2867 1166 praesenti
2898 1100 3073 1171 plebe,
3106 1104 3318 1161 vocavit
3347 1126 3361 1163 :

2060 1182 2180 1251 [pse
2207 1182 2336 1238 novi
2373 1182 2563 1253 factor,
2596 1188 2792 1244 veteris
2820 1189 2994 1246 bonus
3031 1192 3146 1264 ipse
3175 1194 3421 1261 refector,

2059 1272 2164 1326 Aut
2189 1288 2311 1343 qum
2339 1273 2622 1332 defuerunt
2650 1276 2928 1350 suppleas,
2960 1288 3051 1336 aut
3078 1282 3287 1352 perdita
3326 1285 3579 1343 reddens.

2061 1360 2186 1415 Haec
2216 1361 2433 1419 ineunte
2461 1363 2549 1420 die
2577 1373 2764 1423 sancto
2793 1370 3133 1437 sperantibus
3162 1372 3215 1426 in
3246 1388 3311 1437 se,

2060 1449 2316 1508 Facturus
2345 1452 2506 1524 plene
2536 1470 2633 1526 pro
2663 1464 2842 1527 pacto,
2867 1471 3029 1529 posse
3055 1460 3304 1521 docebat.

2695 1673 2923 1732 CAPUT
2943 1674 3010 1736 ν.

2059 1864 2235 1935 Quid?
2255 1880 2381 1924 caro
2405 1865 2451 1921 si
2473 1866 2822 1939 moritur,nec
2842 1888 2970 1944 spes
2998 1873 3156 1933 datur
3184 1875 3294 1935 ulla
3312 1878 3499 1936 salutis
3513 1881 3661 1956 (42),

2058 1956 2203 2025 Quas
2231 1956 2413 2012 habuit
2439 1972 2652 2013 caussas
2681 1959 2960 2018 hominem
2986 1979 3045 2020 se
3072 1962 3281 2039 ﬁngere
3309 1969 3582 2028 Christus.

2057 2047 2126 2101 Et
2150 2046 2414 2103 medicare
2452 2047 2719 2115 homines,
2751 2058 2842 2106 aut
2872 2066 3054 2108 curam
3084 2056 3262 2112 carnis
3297 2060 3497 2119 habere
3516 2063 3546 2120 Τ

2057 2135 2374 2208 Corruptela
2404 2146 2599 2207 potens
2636 2136 2979 2210 liquefactum
3009 2143 3223 2205 solvere
3252 2162 3453 2223 carpus
3486 2170 3501 2208 :

2057 2227 2179 2283 Non
2206 2226 2405 2297 poterit
2432 2226 2603 2283 virtus
2630 2227 2844 2284 Domini
2873 2247 3130 2291 revocare
3146 2237 3419 2298 solutum?

2055 2314 2292 2372 Credunt
2310 2316 2531 2374 interitu
2560 2316 2654 2389 qui
2682 2333 2791 2374 non
2815 2337 2912 2376 sua
2942 2339 3167 2395 corpora
3196 2330 3354 2401 solvi,

2054 2406 2175 2462 Non
2204 2404 2435 2461 credunt
2464 2406 2717 2475 Domino,
2742 2424 2840 2463 sua
2867 2410 2962 2484 qui
2991 2414 3103 2470 vult
3129 2431 3305 2474 mersa
3342 2422 3548 2493 levare,

2057 2499 2167 2554 Aut
2192 2495 2339 2552 nolle
2367 2505 2624 2564 praestare
2650 2498 2874 2568 bonum,
2907 2516 3083 2575 neque
3111 2520 3276 2577 posse
3305 2521 3584 2582 potentem

2054 2588 2271 2654 Dicunt,
2303 2586 2480 2657 ignari
2519 2595 2721 2660 quanto
2751 2590 2819 2645 de
2845 2589 3067 2650 crimine
3095 2596 3315 2669 lactent,

2058 2676 2305 2734 Inﬁrmas
2333 2677 2454 2732 ausi
2484 2693 2704 2734 caussas
2733 2694 3049 2752 praeponere
3075 2690 3258 2746 morti.

2056 2773 2116 2827 In
2148 2781 2317 2843 grano
2347 2765 2479 2821 latet
2505 2766 2686 2833 arbor,
2716 2775 2768 2822 et
2799 2770 2902 2825 hoc
2939 2772 3043 2828 nisi
3074 2782 3212 2833 terra
3240 2780 3513 2851 sepultum

2066 2863 2365 2923 Putrescat,
2395 2870 2507 2911 non
2544 2858 2636 2912 dat
2671 2856 2954 2916 decoratos
2991 2863 3184 2922 arbore
3212 2865 3439 2928 fructus.

1994 2934 2037 3014 θ
2066 2950 2181 3004 Jam
2209 2945 2426 3019 liquidae
2457 2945 2790 3018 stringentur
2818 2963 3005 3021 aquae;
3047 2953 3308 3014 stridente
3336 2959 3515 3033 rigore

2064 3038 2206 3095 Saxa
2234 3034 2383 3103 fient,
2416 3044 2467 3091 et
2490 3050 2702 3106 semper
2728 3046 2901 3108 erunt,
2932 3039 3039 3095 nisi
3064 3058 3260 3116 magna
3290 3056 3532 3121 potestas

2060 3128 2301 3184 Solverit
2320 3126 2541 3182 inducto
2580 3125 2729 3181 molli
2759 3128 2998 3199 spirante
3025 3139 3231 3204 tepore.

2055 3215 2302 3275 Viticulae
2338 3214 2394 3271 in
2424 3213 2616 3290 gracili
2641 3213 2775 3271 latet
2804 3218 2997 3292 ingens
3025 3236 3252 3303 corpore
3282 3226 3511 3299 botrus;

2056 3309 2114 3365 Si
2137 3322 2371 3381 quaeras,
2402 3320 2516 3361 non
2544 3314 2630 3361 est
2661 3323 2675 3360 :
2708 3322 2833 3363 cum
2861 3309 2977 3365 vult
3006 3311 3174 3382 Deus,
3200 3331 3319 3374 esse
3346 3319 3591 3379 videtur.

2056 3400 2359 3458 Arboribus
2391 3397 2540 3466 folia,
2569 3396 2738 3469 spinis
2765 3414 2909 3470 rosa,
2940 3404 3180 3473 germina
3209 3409 3415 3481 campis

2059 3493 2272 3548 Mortua
2298 3485 2581 3554 deﬁciunt,
2613 3495 2664 3543 et
2693 3505 2881 3545 rursus
2912 3492 3035 3549 viva
3061 3509 3369 3569 resurgunt.

2059 3581 2186 3637 Haec
2214 3576 2420 3634 homini
2446 3578 2592 3634 Deus
2619 3586 2748 3634 ante
2776 3579 2961 3636 oculos
2989 3595 3237 3640 revocata
3272 3588 3558 3661 reformat,

2062 3670 2289 3739 Propter
2316 3682 2477 3739 quem
2506 3667 2747 3738 locuples
2784 3669 2998 3739 primus
3028 3672 3176 3747 large
3205 3678 3386 3732 omnia
3416 3678 3562 3737 fecit.

2062 3756 2255 3813 Omnia
2281 3754 2425 3809 nuda
2452 3754 2667 3824 cadunt,
2698 3770 2797 3812 suo
2826 3772 3056 3830 corpore
3084 3762 3304 3835 singula
3332 3768 3487 3824 vestit
3517 3786 3531 3822 :

2061 3844 2168 3901 Cur
2198 3844 2471 3901 hominem
2500 3844 2696 3913 solum,
2738 3847 2828 3902 cui
2867 3855 3042 3907 tantos
3065 3848 3208 3907 fudit
3236 3856 3490 3925 honores,

2060 3937 2181 3992 Non
2208 3942 2411 3991 tantum
2451 3945 2669 3992 revocet
2704 3937 2828 4008 sibi,
2868 3955 3029 4010 quem
3070 3957 3233 4015 super
3281 3945 3459 4003 omnia
3488 3948 3666 4006 fecit?

1745 4098 1936 4163 Variae
1980 4098 2289 4163 lectiones.

430 4212 481 4258 ίο
517 4212 658 4273 Ossa
706 4207 893 4271 Venet.
930 4204 973 4248 ιι
1010 4204 1213 4265 Veteris
1246 4201 1428 4265 Obert.
1459 4204 1508 4247 ¹²
1536 4204 1735 4268 Levare
1768 4207 1955 4267 Obert.

1753 4332 2253 4399 Commentarius.

357 4450 503 4533 quod
532 4418 908 4533 etiarn_epdem
937 4442 1026 4500 die
1043 4457 1275 4514 passum
1304 4438 1491 4498 scribit
1518 4439 1802 4497 Christum
1838 4457 1943 4514 quo
1978 4455 2024 4533 ο
2054 4436 2195 4511 apud
2225 4433 2364 4506 Cyp.
2392 4430 2677 4504 corripitur
2709 4449 2723 4485 :

356 4518 532 4582 Adam
560 4518 782 4576 cecidit.

427 4594 542 4665 (39‘)
564 4588 880 4665 Scilicet_in
905 4584 1121 4665 Christo
1153 4599 1267 4665 esse
1295 4581 1477 4647 decus,
1512 4585 1673 4664 tuum
1708 4582 1956 4665 Ecclesia

357 4653 616 4729 cernens,
641 4668 742 4716 etc.
771 4660 1065 4735 Corruptus
1084 4664 1169 4712 est
1194 4656 1283 4709 hic
1310 4668 1520 4735 versus,
1547 4653 1825 4735 cni_,.quod
1858 4654 1955 4735 de-

352 4744 537 4792 essent
570 4725 671 4789 ms.
704 4729 893 4796 codd.,
944 4725 1167 4782 medere
1216 4741 1323 4782 non
1375 4725 1553 4796 potui;
1593 4725 1685 4779 ubi
1735 4725 1954 4780 interim

395 4808 526 4863 rima
565 4803 770 4878 syllaba
819 4795 968 4878 venis
992 4799 1234 4855 Ecclesia
1251 4795 1577 4878 corrupitur,
1615 4797 1955 4878 quod-p991)-

395 4825 526 4863 rtma
565 4825 770 4878 syuaua
820 4825 968 4858 νυυιδ
992 4825 1233 4855 nocwsm
1252 4825 1577 4880 Gutt'upttut’,
1615 4825 1762 4869 ιμιυυ
1786 4825 1954 4869 μευυ-

354 4825 484 4934 ﬂare
513 4889 594 4934 est
620 4886 777 4930 aucto
795 4873 837 4927 ri
886 4882 998 4927 tum
1045 4886 1209 4939 supra
1251 4869 1410 4939 hujus
1440 4870 1478 4922 ι.
1521 4882 1599 4939 vr,
1646 4886 1695 4926 ο,
1746 4873 1799 4936 2,
1846 4872 1954 4929 οε..

354 4953 538 5009 currit
570 4947 818 5006 Ecclesia
845 4942 1025 5006 verba,
1051 4938 1165 4997 tum
1204 4938 1459 5010 hic,tum
1478 4938 1641 5013 paulo
1672 4954 1831 5012 post:

476 5054 592 5105 Haec
618 5050 796 5117 populi
830 5062 950 5100 vera
969 5055 1046 5098 est
1074 5046 1287 5097 viventis
1323 5046 1541 5099 Ecclesia
1570 5055 1749 5111 mater,

354 5166 409 5214 et
436 5155 529 5213 lib.
564 5169 656 5221 tu;
686 5149 851 5215 infra,
876 5164 995 5219 cap.
1036 5150 1093 5206 ’7.

479 5263 598 5314 Esse
616 5267 764 5326 caput
791 5258 1067 5316 Christum,
1099 5263 1215 5307 sunt
1262 5257 1403 5322 cujus
1453 5256 1674 5309 Ecclesia
1706 5255 1949 5308 membra.

356 5347 616 5421 Suspicor
647 5353 823 5421 autem
853 5340 1014 5397 etiam
1042 5339 1115 5395 ibi
1141 5339 1397 5396 mendum
1427 5342 1686 5395 subesse:
1713 5340 1948 5397 Femina

355 5418 767 5491 sanguiserat.
844 5486 857 5491 _
1089 5486 1099 5491 _
1186 5488 1192 5491 Δ
1287 5482 1325 5491 __
1408 5479 1422 5491 ,
1499 5479 1528 5491 ,Α
1624 5478 1675 5491 η
1876 5478 1909 5491 ,,

484 5479 538 5560 0)
558 5486 991 5561 Golgothelecus
1018 5486 1252 5561 est,_etc.
1287 5479 1735 5561 Produciturhicn
1770 5479 1951 5561 media

353 5552 692 5637 hujus'voci's
720 5557 946 5631 syllaba,
976 5552 1343 5627 qute'Hymno
1372 5553 1440 5609 de
1466 5552 1671 5609 Pascha
1699 5552 1948 5624 Domini,

2185 4540 2280 4605 Eat
2302 4539 2571 4605 locus,_es_t
2592 4536 2735 4605 omni
2752 4536 2945 4605 medius
2982 4552 3127 4605 quem
3148 4542 3398 4605 cernimus
3422 4545 3559 4605 orbe,

2191 4602 2435 4665 Golgotha
2458 4599 2625 4650 Judaai
2657 4600 2822 4664 patrio
2854 4599 3148 4664 cognomine
3178 4604 3369 4657 dicunt.

2065 4684 2220 4743 sicuti
2247 4683 2467 4763 etiam}
2486 4682 2747 4763 Juvenco,
2778 4682 2871 4740 lib.
2894 4697 2986 4738 tv:
3018 4704 3043 4735 α
3068 4683 3170 4741 Ubi
3198 4686 3339 4742 ruris
3378 4687 3652 4763 Qolgotha

2066 4771 2283 4815 nomen.
2331 4776 2359 4804 ι
2408 4752 2798 4826 castigavimus
2842 4764 3022 4810 autem
3072 4772 3196 4813 mox
3241 4776 3254 4814 :
3310 4779 3336 4810 κ
3389 4752 3653 4818 Stillantis

2026 4876 2029 4879 λ
2065 4845 2221 4903 aqnze
2242 4827 2439 4903 virtute
2466 4824 2654 4903 leveri,
2689 4845 2714 4876 ι
2736 4841 2841 4903 pro
2871 4827 3075 4885 levare.

2132 4901 2244 4970 (4i)
2276 4900 2387 4954 Aut
2410 4896 2693 4975 hominem
2722 4901 2911 4975 totum
2940 4901 3265 4975 exanimem
3290 4917 3395 4975 per
3420 4905 3654 4961 sabbata

2060 4974 2271 5045 vivum,
2294 4977 2399 5045 etc.
2419 4969 2702 5045 Peculiare
2729 4981 2815 5045 est
2830 4972 2939 5045 _hoc
2968 4974 3197 5039 auctori,
3238 4969 3384 5045 quod
3416 4976 3657 5033 insinuet

2062 5040 2753 5113 resuscitationemiLazari
2802 5041 2977 5112 (Joan.
3028 5045 3092 5113 ιι)
3155 5040 3352 5100 factam
3403 5048 3458 5101 in
3510 5049 3654 5105 Sab-

2060 5116 2215 5183 bato;
2254 5128 2377 5168 nam
2400 5113 2468 5167 de
2495 5112 2589 5167 illo
2630 5111 2780 5167 illum
2810 5111 2971 5184 loqui
3004 5111 3344 5171 manifestum
3382 5116 3443 5176 ﬁt
3469 5134 3540 5174 ex
3585 5136 3655 5177 eo

2062 5188 2208 5261 quod
2226 5183 2512 5261 sequitur:
2544 5186 2671 5261 Hice
2700 5183 2938 5261 ineunte
2959 5185 3049 5243 die
3076 5193 3293 5261 sancto,
3322 5199 3430 5247 etc.

2128 5258 2245 5332 (42)
2276 5256 2563 5332 Quid_caro
2583 5257 2911 5332 simoritur,
2925 5274 3046 5332 Anec
3066 5276 3190 5330 spes
3206 5260 3384 5317 datur
3410 5264 3539 5320 ulla
3556 5281 3621 5321 sa
3639 5294 3657 5309 -

2060 5327 2232 5398 Iutis,
2261 5340 2368 5386 etc.
2399 5327 2816 5404 Emendavimus
2842 5343 2856 5383 :
2904 5330 3045 5399 Quid
3073 5327 3173 5404 pro
3203 5334 3368 5404 quod,
3400 5344 3455 5391 et
3488 5338 3659 5393 salu-

2059 5405 2152 5470 tis,
2205 5416 2304 5475 pro
2333 5400 2533 5480 εαζιιιί.
2586 5400 2683 5480 Est
2717 5404 2911 5480 autem
2941 5400 3407 5480 Tertullianicum,
3465 5409 3657 5465 medi.

2055 5474 2516 5547 care,’etc.;1Vo-n
2540 5474 2775 5545 poterit,
2798 5474 2926 5543 ete.,
2969 5490 3069 5550 pro
3100 5493 3115 5531 :
3148 5477 3361 5534 Nonne.
