4062 6178
486 323 615 381 H27

1540 313 1625 369 AD
1664 311 1947 371 GENUINA
1983 304 2419 368 TERTULLIANI
2458 301 2693 363 OPERA.

3630 302 3774 359 “‘28

479 446 685 505 um
712 448 755 499 Α
790 444 835 481 13
881 443 992 498 Deo
1048 441 1321 511 digressos
1361 436 1589 509 pepulos
1640 436 1954 505 facinusque
1982 450 2063 489 se-
2100 452 2146 529 Α
2185 429 2348 498 Cujus
2377 428 2445 482 de
2473 426 2611 529 facie
2637 427 2726 482 lux
2754 433 2807 481 et
2828 423 2971 480 nitor
2988 438 3085 529 ore
3112 422 3355 529 refulsit;

1632 525 1906 599 [quentes,

480 624 655 679 Deum
685 622 817 677 furit
846 620 898 674 in
932 619 1089 674 terris
1119 617 1425 687 refugarum
1460 615 1614 671 turba
1636 618 1934 681 latronum;

482 714 818 782 Sacrilegum
842 726 1012 780 genus
1043 720 1101 762 ut
1131 706 1339 776 fugeret
1368 703 1582 760 crudele
1621 703 1924 776 gigantum,

477 801 711 857 Consilio
741 797 1041 861 revocabat,
1081 796 1137 851 in
1167 795 1417 849 omnibus
1445 794 1558 863 ipse
1587 792 1782 847 ﬁdelis.

484 890 692 962 Ingenti
724 888 922 962 gemitu
945 884 1162 957 placuit,
1186 884 1487 952 meritoque
1518 883 1701 937 labore

475 979 813 1033 'l‘ranslatum
844 990 1038 1046 magno
1068 974 1266 1047 pignus
1287 980 1523 1027 servatur
1549 973 1772 1027 honore.

475 1063 748 1118 Perfectus
776 1061 933 1114 laude
961 1070 1014 1112 et
1040 1058 1157 1112 sine
1186 1058 1343 1127 culpa
1371 1056 1482 1110 Noe
1522 1064 1762 1124 repertus
1789 1055 1906 1127 (47)

473 1151 814 1207 Testiﬁcante
843 1150 959 1202 Deo
988 1148 1168 1216 justus
1197 1145 1252 1197 in
1281 1145 1528 1199 adultera
1568 1146 1741 1215 plebe,

472 1242 560 1296 Bis
580 1238 969 1312 quinquagenis
997 1250 1173 1290 arcam
1211 1234 1302 1304 qui
1343 1232 1506 1288 texuit
1527 1234 1699 1299 annis,

469 1332 765 1387 Venturum
788 1327 1052 1382 excidium
1085 1324 1238 1377 factis
1266 1330 1318 1375 et
1350 1337 1477 1377 voce
1515 1321 1752 1396 ferebat;

468 1416 771 1473 Promeruit
800 1415 958 1469 tantis
980 1423 1198 1483 ereptus
1235 1416 1425 1465 mortis
1453 1411 1521 1466 ab
1552 1410 1730 1481 undis,

470 1509 681 1563 Etcum
704 1505 850 1575 prole
879 1519 973 1558 sua
1004 1508 1270 1556 servatus.
1306 1500 1478 1556 Gente
1518 1507 1772 1572 sequente

471 1598 564 1652 Est
594 1596 886 1662 Abraham,
914 1592 1068 1661 cujus
1096 1600 1285 1661 gnatos
1314 1605 1410 1645 vos
1432 1605 1551 1644 esse
1581 1590 1805 1664 negatis,

468 1686 574 1755 Qui
602 1683 825 1756 primus,
858 1695 1055 1752 genere
1087 1687 1139 1732 et
1160 1676 1327 1747 patria
1355 1687 1406 1731 et
1431 1677 1672 1746 genitore
1700 1678 1886 1734 relicto
1904 1720 1917 1743 ,

470 1776 614 1828 Voce
630 1772 730 1826 Dei
769 1784 977 1835 suasus,
1019 1765 1234 1821 secessit
1255 1766 1309 1819 in
1338 1772 1517 1818 extera
1535 1781 1725 1836 regna,

468 1866 637 1921 Tanto
666 1861 761 1916 Dei
786 1857 979 1915 meruit
1009 1856 1254 1911 sublimis
1272 1855 1470 1927 dignus
1502 1857 1710 1911 honore
1749 1858 1817 1924 ιε,

469 1950 731 2009 Gentibus
760 1955 825 2001 ut
847 1955 995 2016 pater
1032 1952 1085 1999 et
1113 1943 1325 2015 pOpulis
1352 1944 1691 2000 credentibus
1721 1956 1887 2003 esset.

469 2044 598 2097 Cum
629 2036 871 2109 patribus
896 2033 1085 2103 Jacob,
1116 2048 1345 2105 quorum
1384 2043 1535 2105 pater
1582 2034 1729 2106 ipse,
1762 2051 1859 2106 per
1894 2051 2055 2092 omne

472 2129 606 2185 Vitae
638 2142 747 2181 suae
779 2126 1009 2198 Spatium
1052 2122 1327 2179 laetissima
1361 2134 1602 2194 tempora
1632 2125 1826 2181 Christi

469 2215 777 2273 Prazcecinit
814 2212 1014 2283 vetbis,
1045 2221 1184 2279 actu,
1224 2212 1445 2280 virtute,
1473 2211 1689 2269 labore.

468 2309 620 2363 Hunc
669 2304 907 2377 sequitur
932 2302 1153 2371 Joseph,
1173 2302 1333 2358 foedae
1372 2302 1489 2356 sine
1520 2302 1684 2358 sorde
1710 2305 1969 2373 juventae,

463 2397 706 2450 Carceris
735 2404 789 2448 et
819 2394 969 2447 duras
990 2388 1219 2445 conﬁcta
1248 2390 1515 2444 calumnia
1537 2407 1743 2463 paena);

462 2484 653 2539 Gloria
690 2488 814 2551 post
850 2478 1106 2551 gemitus,
1140 2477 1400 2548 regnique
1431 2482 1667 2533 secunda
1696 2496 1916 2552 corona,

466 2575 633 2644 Inque
666 2572 805 2624 fame
834 2567 991 2639 panis
1022 2566 1289 2620 tribuendi
1320 2566 1468 2637 larga
1507 2576 1766 2638 potestas.

475 2665 608 2718 Tam
636 2662 854 2731 propria
884 2656 1097 2725 Christi,
1130 2664 1236 2710 tam
1267 2656 1441 2711 lucida
1461 2656 1596 2713 lucis
1622 2657 1803 2731 imago

473 2751 737 2810 Omnibus
765 2757 848 2804 est
877 2746 1177 2813 manifesta,
1209 2745 1409 2817 quibus
1445 2754 1572 2802 sunt
1608 2747 1810 2803 lumina
1862 2750 2045 2821 menti,

462 2843 531 2900 Ut
556 2842 783 2913 speculo
814 2838 997 2895 vultus
1024 2834 1233 2891 ﬁrmam
1262 2852 1412 2908 spem
1441 2852 1660 2893 cernere
1683 2839 1908 2909 possint.

472 2933 634 2988 Judas
670 2931 785 3001 ipse
813 2937 987 2999 pater,
1022 2925 1215 3000 regalis
1243 2927 1404 2982 sortis
1440 2929 1619 3001 origo,
1692 2955 1707 2975 .

462 3020 616 3076 Unde
636 3019 801 3073 duces
820 3014 1012 3087 geniti,
1039 3014 1193 3085 cujus
1220 3013 1288 3069 de
1325 3012 1529 3070 semine
1570 3031 1731 3089 reges

459 3112 750 3183 Nunquam
778 3108 1079 3172 defuerunt,
1110 3106 1282 3161 donec
1308 3113 1528 3162 ventura
1545 3116 1780 3178 potestas

458 3201 721 3257 Gentibus
749 3204 1058 3268 exspectata
1072 3194 1164 3250 diu
1196 3197 1462 3266 promissa
1486 3197 1716 3253 veniret.

1084 3284 1310 3341 CAPUT
1338 3285 1426 3339 ΙΙΙ.

528 3382 649 3438 Dux
677 3377 864 3451 populi
892 3378 1087 3441 Moses,
1120 3373 1216 3446 qui
1234 3373 1418 3429 limina
1447 3375 1781 3449 regialiquit,

460 3472 732 3543 Spernens
763 3466 980 3523 divitias
1003 3467 1253 3521 ﬂorentes
1282 3473 1521 3537 tempore
1561 3483 1747 3539 parvo,

456 3561 642 3616 Maluit
669 3557 917 3615 adﬂictus
937 3555 1118 3626 pOpuli
1142 3562 1359 3627 portare
1382 3556 1591 3612 labores

458 3651 695 3708 Subnixa
716 3647 943 3712 cervice,
975 3646 1135 3700 minis
1156 3660 1265 3701 non
1287 3645 1508 3701 territus
1553 3646 1702 3718 ullis,

454 3739 627 3809 Quam
656 3738 759 3793 sibi
781 3737 999 3791 delicias
1032 3735 1332 3806 multasque
1360 3735 1637 3791 remittere
1667 3752 1876 3809 paenas,

451 3831 554 3885 Pro
576 3840 887 3899 magnaque
916 3825 1042 3891 ﬁde,
1076 3839 1174 3894 pro
1196 3832 1343 3878 tanto
1366 3824 1533 3879 mirus
1573 3840 1778 3894 amore,

447 3922 702 3978 Armatus
733 3914 928 3970 virtute
957 3913 1058 3968 Dei
1082 3912 1345 3983 magnalia
1373 3914 1573 3984 gessit:

447 4003 717 4064 Percussit
744 4008 959 4077 gentem
986 4000 1187 4075 plagis,
1218 4009 1525 4073 terramque
1547 4003 1782 4076 reliquit,

447 4094 744 4157 Confundit
768 4106 955 4165 regem
984 4093 1194 4159 durum,
1228 4091 1590 4165 populumque
1610 4097 1842 4165 reducit;

446 4186 682 4247 Calcavit
709 4184 927 4251 ﬂuctus,
956 4182 1137 4242 hostes
1158 4182 1418 4239 demersit
1447 4184 1504 4239 in
1535 4184 1728 4255 undis;

447 4279 593 4337 Fecit
649 4293 840 4351 aquam
878 4274 1089 4331 dulcem
1122 4289 1222 4346 per
1248 4272 1480 4347 lignum,
1509 4290 1720 4346 semper
1772 4290 2032 4351 amaram,

446 4373 581 4430 Cum
612 4367 806 4425 Christi
832 4365 1034 4440 pOpulo
1061 4363 1345 4422 manifeste
1374 4366 1547 4422 multa
1574 4366 1809 4435 locutus,

2178 521 2467 588 Acceptam
2494 517 2675 587 legem
2705 531 2802 587 per
2830 530 3027 585 paucos
3057 513 3194 570 fudit
3219 515 3275 568 in
3304 514 3513 581 orbem,
3595 511 3773 583 (rum,

2179 604 2404 663 I072
2431 604 2684 676 Exempla
2724 604 2985 675 implicita
3031 605 3377 675 prOpriorum
3414 608 3561 658 certa
3604 602 3775 655 labo—

2167 696 2436 752 Percussit
2465 706 2696 765 petram,
2724 696 2908 764 jussus
2937 709 3152 764 quoque
3180 693 3401 748 ﬂumina
3437 692 3605 755 fudit;

2166 786 2525 857 Extenditque
2554 800 2763 848 manus,
2793 792 2855 839 ut
2881 784 3039 854 signo
3069 782 3305 838 vinceret
3332 784 3566 837 hostem.

2167 874 2360 929 Omnia
2381 875 2446 928 de
2482 873 2713 939 Christo,
2745 887 2843 942 per
2889 871 3165 927 Christum
3213 879 3404 927 cuncta
3441 871 3767 942 loquuntur.

2172 964 2266 1020 Hic
2296 965 2496 1033 probus
2516 972 2569 1017 et
2597 978 2824 1035 magnus
2853 976 2977 1016 cum
3009 960 3186 1015 laudis
3205 977 3335 1032 pace
3364 963 3583 1033 quievit.

2170 1056 2243 1108 At
2271 1054 2430 1108 .lesus
2455 1053 2601 1107 Nave
2631 1050 2794 1119 ﬁlius,
2827 1052 3002 1106 Auses
3030 1060 3157 1105 ante
3185 1060 3427 1121 vocatus,

2166 1144 2399 1215 Spiritus
2458 1144 2603 1197 hunc
2647 1148 2858 1196 sanctus
2895 1140 3097 1195 socium
3144 1140 3251 1195 sibi
3305 1140 3519 1196 nomine
3543 1141 3765 1212 junxit;

2168 1234 2302 1289 Hinc
2325 1231 2547 1287 ﬂuvium
2584 1230 2759 1300 scidit,
2790 1240 2843 1285 et
2871 1230 3132 1301 p0pulum
3165 1230 3389 1285 transire
3414 1232 3596 1305 coegit
3627 1248 3642 1299 ;

2130 1308 2449 1375 ‘Distribuit
2476 1328 2669 1374 terram
2701 1318 2883 1390 gratis,
2916 1318 3183 1390 promissa
3216 1329 3477 1390 paterna;

2166 1412 2347 1467 Solem
2376 1427 2495 1466 cum
2524 1410 2651 1466 luna
2678 1408 2882 1474 statuit,
2912 1409 3039 1463 dum
3067 1407 3302 1465 vinceret
3318 1411 3555 1480 hostem;

2164 1501 2384 1571 Expulit
2403 1507 2651 1556 externas
2681 1506 2870 1572 gentes
2896 1498 3212 1570 prolemque
3239 1500 3552 1572 gigantum;

2166 1587 2379 1643 Excidit
2406 1586 2577 1657 lucos,
2596 1602 2715 1641 aras
2746 1593 2799 1642 et
2820 1585 3023 1657 templa
3052 1586 3298 1659 subegit;

2162 1676 2349 1733 Omnia
2376 1676 2616 1748 legitima
2645 1675 2906 1732 solemnia
2934 1683 3111 1732 mente
3142 1679 3380 1751 peregit;

2084 1748 2129 1825 Β
2157 1764 2403 1822 Nominis
2440 1766 2747 1837 exemplum
2774 1764 2993 1833 Christi,
3032 1748 3241 1823 virtutis
3280 1748 3480 1842 imago.

2763 1904 2990 1963 CAPUT
3037 1906 3127 1964 1V.

2230 2030 2371 2098 Quid
2393 2032 2461 2088 de
2488 2030 2771 2087 Iudicibus
2798 2030 2983 2103 populi
3013 2046 3112 2104 per
3138 2030 3350 2103 singula
3388 2030 3606 2088 dicam?

2162 2119 2407 2187 Quorum
2428 2122 2649 2176 virtutes
2676 2120 2719 2174 si
2740 2120 3144 2177 conscribantur
3165 2122 3220 2175 in
3248 2137 3439 2189 unum,

2166 2211 2463 2266 Verborum
2482 2212 2657 2282 spatio
2684 2225 2972 2265 numerosa
2998 2209 3273 2265 volumina
3300 2212 3594 2284 complent.

2157 2306 2411 2362 Attamen
2438 2322 2511 2362 ex
2538 2305 2719 2362 multis
2747 2320 3047 2376 paucorum
3066 2306 3242 2361 dicere
3272 2307 3457 2378 vitam,

2158 2394 2411 2467 Corporis
2451 2394 2701 2467 explendi
2729 2395 3017 2450 verborum
3041 2395 3271 2466 postulat
3297 2397 3456 2453 ordo.

2156 2485 2235 2539 Ex
2264 2484 2461 2556 quibus
2486 2492 2545 2540 ut
2574 2484 2799 2541 Gedeon
2840 2485 2947 2539 dux
2976 2484 3228 2556 agminis,
3267 2502 3388 2543 acer
3425 2488 3479 2544 in
3505 2491 3726 2547 hostem

2156 2573 2278 2630 Non
2305 2574 2498 2633 virtute
2526 2589 2621 2629 sua
2649 2574 2873 2631 tutelam
2904 2577 3184 2645 acquirere
3215 2578 3380 2649 genti,

2154 2662 2526 2734 Firmatusque
2546 2661 2652 2717 ﬁde
2683 2662 2899 2733 signum
2926 2664 3062 2734 petit
3086 2664 3259 2719 excita
3297 2670 3487 2737 menti,

2150 2742 2274 2821 Quo
2310 2751 2398 2810 vel
2425 2766 2537 2807 non
2566 2758 2750 2824 posset
2769 2752 2853 2808 vel
2885 2760 3062 2823 posset
3089 2754 3301 2810 vincere
3321 2755 3531 2824 bellum,

2156 2842 2345 2898 Vellus
2363 2850 2421 2897 ut
2449 2840 2505 2896 in
2522 2850 2736 2897 noctem
2764 2841 2998 2912 positum
3026 2842 3093 2898 de
3120 2858 3243 2899 rore
3273 2846 3529 2916 maderet,

2155 2933 2222 2987 Et
2252 2932 2413 2987 tellus
2442 2930 2618 2987 omnis
2646 2929 2848 2987 circum
2868 2929 3297 3002 siccatajaceret,

2083 3037 2127 3116 ε
2152 3023 2265 3079 Hoc
2285 3018 2627 3078 inimicorum
2657 3020 2886 3092 palmam
2914 3021 3219 3078 coalescere
3256 3025 3487 3095 mundo;

2155 3112 2335 3183 Atque
2356 3110 2550 3166 iterum
2583 3110 2701 3166 solo
2731 3111 3026 3165 remanenti
3055 3111 3258 3167 vellere
3286 3112 3429 3170 sicco
3461 3113 3509 3152 ¹⁸

2156 3202 2270 3258 Hoc
2302 3200 2489 3256 eadem
2524 3199 2684 3255 tellus
2703 3203 2906 3255 roraret
2934 3209 3091 3254 nocte
3120 3198 3359 3272 liquore;

2156 3293 2268 3347 Hoc
2296 3289 2495 3346 etenim
2526 3288 2681 3359 signo
2710 3287 3026 3359 praedonum
3057 3290 3245 3345 stravit
3281 3307 3525 3363 acervos,

2155 3380 2490 3451 Congressus
2523 3378 2721 3448 p0pulo
2740 3374 2957 3442 Christi,
2981 3376 3101 3431 sine
3128 3377 3299 3435 milite
3322 3388 3505 3453 multo,

2150 3471 2482 3525 Tercenteno
2506 3468 2687 3537 equite
2717 3466 2995 3538 (numerus
3025 3468 3140 3523 Tau
3198 3469 3369 3526 littera
3406 3473 3601 3531 Graeca
3626 3477 3741 3547 (48)

2152 3557 2385 3614 Armatis
2412 3556 2725 3629 facibusque
2754 3559 2810 3611 et
2839 3555 3091 3613 cornibus
3118 3572 3214 3613 ore
3244 3570 3557 3630 canentum.

2158 3648 2340 3704 Vellus
2369 3657 2483 3702 erat
2512 3646 2742 3718 pOpulus
2770 3646 2951 3701 ovium
2972 3647 3039 3701 de
3067 3647 3269 3703 semine
3297 3660 3521 3724 sancto;

2151 3737 2290 3792 Nam
2316 3737 2470 3790 tellus
2500 3734 2658 3791 variae
2675 3742 2861 3805 gentes
2887 3735 3130 3809 fusieque
3159 3754 3254 3807 per
3283 3740 3502 3814 orbem;

2147 3825 2383 3882 Verbum
2414 3823 2559 3896 quod
2587 3823 2771 3890 nutrit,
2805 3825 2899 3879 sed
2932 3840 3033 3881 nox
3054 3838 3136 3882 est
3156 3830 3340 3884 mortis
3368 3830 3570 3904 imago,

2146 3914 2257 3971 Tan
2289 3914 2504 3986 signum
2531 3913 2728 3984 crucis,
2757 3923 2810 3970 et
2838 3930 3005 3971 cornu
3032 3918 3300 3987 praeconia
3329 3920 3469 3988 vitaz,
3516 3978 3519 3983 ν

2146 4005 2520 4074 Lucentesque
2539 4001 2686 4059 faces
2716 4003 2770 4058 in
2800 4003 3056 4077 ulychno,
3081 4005 3302 4076 spiritus
3328 4014 3522 4066 ardens

2146 4093 2362 4151 Scilicet
2384 4093 2489 4148 hoc
2529 4099 2791 4149 testamen
2821 4101 2935 4148 erat
2970 4094 3187 4151 virtutis
3214 4095 3415 4170 imago,

2065 4207 2111 4283 ο
2143 4184 2265 4239 Non
2293 4183 2444 4256 prius
2468 4182 2715 4255 angelica
2734 4183 2927 4239 mortis
2957 4182 3069 4240 fera
3102 4186 3283 4256 praelia
3307 4189 3471 4260 vinci,

2143 4273 2318 4343 Quam
2337 4271 2542 4345 populo
2559 4271 2777 4329 indocili
2804 4272 2999 4329 merito
3025 4289 3125 4330 sua
3151 4276 3312 4346 culpa
3341 4278 3551 4352 relicto,

2141 4363 2528 4435 Florentesque
2545 4359 2650 4417 ﬁde
2677 4370 2861 4436 gentes
2888 4361 2944 4417 in
2966 4363 3124 4421 laude
3155 4373 3406 4438 receptae.

1340 4603 1350 4610 _
1813 4538 2005 4602 Varias
2047 4541 2357 4602 lectiones.

516 4656 565 4701 1³
585 4656 636 4715 Α
664 4654 820 4713 abest
847 4668 940 4727 ap.
978 4650 1160 4711 Obert.
1193 4647 1240 4690 1⁸
1268 4648 1467 4705 Tantos
1491 4646 1729 4702 honores
1762 4645 1945 4706 Obert.
1978 4646 2024 4686 15
2051 4646 2196 4703 Fuco
2224 4647 2407 4703 Paris.

1830 4769 2329 4835 Commentarius.

513 4892 625 4964 (47)
647 4892 940 4964 Perfectus
967 4884 1133 4964 laude
1154 4887 1209 4939 et
1240 4883 1363 4964 sive
1384 4882 1552 4963 culpa
1575 4881 1702 4944 Noe,
1737 4877 2033 4964 etcz‘Quod

440 4952 653 5020 de‘Noe
682 4952 859 5025 tradit,
903 4958 1075 5027 magis
1128 4970 1249 5009 cum
1293 4956 1569 5027 Scriptura
1617 4952 1885 5027 convenit,
1931 4952 2030 5027 ubi

439 5052 557 5091 cum
598 5037 802 5105 legatur
836 5048 849 5085 :
885 5025 1071 5105 Erant
1111 5027 1224 5081 dies
1270 5025 1506 5105 illorum
1565 5027 1802 5105 centum
1828 5025 2031 5105 viginti

438 5097 743 5172 armoru’m,
820 5102 976 5156 tacite
1036 5097 1709 5172 interpretatnr(omissis
1772 5098 2033 5172 duntaxat

437 5183 505 5234 20
525 5176 701 5240 annis,
729 5168 870 5230 forte
910 5173 1053 5244 quod
1093 5169 1148 5224 in
1192 5183 1409 5244 carmen
1454 5178 1720 5244 non_tam_
1745 5168 2029 5244 commode

434 5237 852 5323 possetreferri)
883 5237 950 5298 de
997 5244 1171 5315 Spatia
1200 5238 1534 5313 paenitentiae
1573 5237 1753 5309 impiis
1811 5240 2025 5305 relicto,

432 5320 564 5381 dum
593 5320 722 5376 dicit
754 5335 768 5374 :

618 5398 702 5450 Bis
738 5394 1110 5465 quinquagenis
1140 5409 1308 5465 arcam
1342 5393 1432 5465 qui
1467 5391 1625 5442 texuit
1672 5389 1846 5465 ann-is.
1957 5453 1986 5465 η
2014 5454 2025 5465 ι

500 5466 614 5539 (48)
646 5453 919 5539 Numerus
968 5453 1095 5539 Tati
1138 5463 1330 5516 littera
1354 5453 1590 5537 'erca,
1640 5466 1747 5512 etc.
1768 5456 1882 5509 Hoc
1926 5453 2029 5509 sibi

432 5536 560 5605 vult,
600 5536 724 5594 'Tau
756 5537 1013 5591 litteram
1057 5536 1309 5589 ercam
1365 5536 1675 5609 exprimere.
1720 5542 2027 5609 numerum

432 5600 823 5668 tercentenum
834 5609 1002 5679 quod,
1017 5616 1373 5677 praterquam
1394 5600 1539 5671 quod
1566 5600 1746 5656 notius
1766 5600 1834 5654 sit
1862 5614 2023 5672 quam

2137 4883 2197 4931 ut
2237 4874 2562 4952 probatione
2606 4875 2865 4952 indigeat,
2916 4878 3071 4935 etiam
3108 4897 3272 4952 supra
3315 4888 3588 4938 ostensum
3648 4893 3738 4940 est

2138 4964 2209 5029 ex
2235 4947 2582 5029 'l‘ertulliano,
2616 4947 2841 5029 Ireu'ze),
2872 4964 2924 5008 et
2970 4954 3109 5029 aliis
3135 4947 3232 5029 lib.
3281 4954 3347 5010 de
3380 4958 3732 5029 Prrarscript.

2137 5020 2261 5095 adv.
2307 5020 2449 5088 her.,
2478 5035 2623 5095 cap._
2648 5025 2735 5095 50,
2779 5024 2909 5077 haer.
2955 5027 3043 5093 15,
3075 5024 3140 5079 de
3182 5026 3387 5081 haeresi
3427 5020 3739 5092 Marcifex

2138 5093 2452 5180 Graecarum
2506 5092 2831 5180 :Alphab‘etol.‘
2875 5094 2973 5180 ilic
3020 5092 3152 5176 Vero
3210 5106 3496 5180 prOpterEa
3535 5101 3639 5180 huc
3669 5100 3738 5180 il-‘

2138 5164 2227 5216 lud
2256 5162 2432 5241 alfert,
2466 5174 2524 5219 ut
2552 5162 2744 5232 probet
2791 5167 3089 5241 Gedeoan
3122 5168 3174 5222 in
3205 5162 3383 5239 figura
3427 5172 3536 5225 Tau
3581 5172 3743 5241 signi

2136 5234 2322 5311 crucis
2354 5240 2676 5311 tercenteno
2707 5240 2893 5311 equite
2914 5238 3025 5309 (ubi
3050 5234 3274 5311 accepit'
3285 5242 3517 5311 equitem
3547 5234 3749 5296 car'mi-

2135 5306 2221 5360 nis
2250 5306 2444 5377 gratia,
2474 5322 2572 5376 pro
2628 5306 2776 5362 omni
2823 5306 3010 5365 milite.
3069 5306 3205 5366 Nam
3250 5306 3364 5366 10s.
3418 5327 3495 5367 vn
3552 5318 3743 5369 solum

2135 5378 2332 5454 legitur
2360 5384 2427 5433 de
2458 5381 2525 5454 ξο
2558 5379 2702 5454 viris)
2735 5383 3001 5439 stravisse
3024 5382 3359 5454 praedonum
3388 5400 3631 5442 acervos.
3656 5387 3744 5443 De

2136 5449 2244 5523 quo
2273 5449 2431 5530 signo
2466 5452 2574 5530 Tan
2618 5449 2970 5530 plura_su_pra
3017 5449 3111 5511 lib.
3143 5470 3206 5509 ιιι
3256 5456 3473 5513 advers.
3523 5458 3736 5530 _Marc.,

2137 5537 2262 5603 cap.
2294 5524 2362 5578 23
2394 5534 2448 5579 et
2475 5523 2571 5582 lib.
2614 5524 2740 5603 adv.
2765 5523 2894 5582 Iud.
2927 5540 3049 5598 cap.
3093 5531 3180 5581 11.
3214 5530 3377 5600 Atqui
3414 5527 3574 5601 paulo
3606 5523 3739 5603 post

2135 5597 2416 5652 testamen
2436 5603 2658 5669 usurpat
2677 5597 2886 5655 Auctor
2922 5597 3018 5671 pro
3048 5597 3405 5658 testamento.
