4062 6178
511 342 641 400 1131

1134 525 1353 581 CAPUT
1385 528 1473 584 VI.

574 645 778 711 Esaias,
808 641 1049 713 locuples
1069 650 1233 707 vates,
1259 644 1347 699 cui
1379 644 1553 700 fontes
1578 646 1777 715 aperti,

506 735 638 788 Tam
665 732 947 787 manifesta
977 730 1130 796 tides,
1164 733 1387 787 verbum
1410 732 1505 789 Dei
1536 750 1630 790 ore
1671 734 1929 804 profudit,

501 825 781 895 Largaque
805 838 904 892 per
935 822 1205 876 Christum
1232 822 1404 877 Patris
1435 832 1518 876 est
1547 824 1812 893 promissa
1827 827 2097 893 voluntas,

502 913 811 967 Prmtestata
838 910 978 966 viam
1009 910 1133 965 vitae
1163 918 1321 982 atque
1354 913 1577 982 probata
1609 929 1704 983 per
1764 915 1936 985 ipsum
1969 927 2051 971 est
2082 934 2094 973 :

501 1001 675 1067 Quem
709 998 938 1071 populus
968 1007 1177 1055 sectum
1208 998 1354 1072 ligno
1383 1000 1496 1055 sine
1525 1001 1643 1056 labe
1676 1012 1967 1073 repertum,

502 1089 834 1145 Immeritum
863 1089 1086 1144 demens
1112 1089 1314 1145 crudeli
1360 1098 1532 1146 morte
1560 1094 1808 1163 peremit.

501 1178 729 1234 Sanctus
757 1177 1058 1233 Hieremias
1099 1193 1262 1250 quem
1311 1180 1559 1251 gentibus
1596 1196 1718 1239 esse
1772 1184 2093 1254 prophetam

500 1268 705 1324 Λειοτηὶ
736 1268 907 1324 virtus
924 1267 1109 1337 jussit,
1150 1268 1389 1339 dixitque
1412 1268 1646 1325 futurum
1682 1288 1696 1340 ;

501 1356 603 1425 Qui
642 1354 895 1428 quoniam
942 1356 1117 1426 plebis
1147 1354 1291 1413 facta
1328 1356 1651 1413 inlaudanda
1673 1360 1919 1430 revolvit,

499 1445 565 1500 Et
593 1445 707 1501 fore
739 1445 1024 1515 captivam,
1055 1444 1158 1500 nisi
1180 1446 1515 1515 paenituisset
1543 1449 1778 1520 iniquos,

498 1536 559 1590 In
580 1533 815 1591 famulos
836 1533 954 1589 ﬁeri
988 1550 1229 1606 praesaga
1259 1550 1393 1591 voce
1424 1537 1660 1605 locutus,

495 1624 725 1679 Vincula
761 1624 896 1681 dura
912 1623 1055 1691 tulit,
1086 1624 1349 1695 squalenti
1378 1640 1593 1681 carcere
1623 1625 1669 1663 18
1695 1626 1931 1693 clausus,

495 1710 663 1784 Inque
693 1713 804 1768 luto
831 1712 979 1781 putei
1011 1712 1179 1766 fames
1211 1713 1384 1769 hausit
1421 1713 1597 1769 tabida
1628 1717 1901 1771 membra:

496 1800 607 1856 Sed
638 1808 924 1872 postquam
952 1816 1074 1872 quae
1104 1801 1393 1857 noluerant
1426 1802 1472 1841 19
1510 1803 1697 1860 audire
1734 1805 2002 1876 probavit,

496 1892 670 1961 Atque
708 1889 892 1944 hostes
946 1888 1180 1943 vinctum
1224 1889 1484 1961 p0pulum
1526 1892 1734 1949 duxere
1780 1894 2091 1965 triumphis,

502 1973 727 2031 ⁸1075
751 1974 976 2030 Horrida
1002 1974 1089 2033 vix
1113 1976 1327 2031 tandem
1357 1978 1527 2035 caruit
1545 1994 1641 2034 sua
1661 1981 1845 2037 dextra
1865 1984 2094 2052 catenis;

496 2064 658 2120 Nulla
686 2072 858 2121 morte
896 2065 1069 2121 virum
1100 2073 1332 2133 constat,
1363 2083 1543 2139 neque
1563 2070 1709 2126 caede
1730 2079 2092 2144 peremptum.

494 2153 737 2209 Ezechiel
770 2153 913 2209 fidus
932 2156 1000 2221 20,
1026 2155 1176 2211 dives
1202 2157 1291 2212 cui
1309 2157 1478 2231 gratia
1507 2159 1658 2214 verbi

496 2242 771 2300 Concessa
799 2254 914 2314 est;
940 2252 1289 2314 peccatorum
1319 2254 1528 2301 secreta
1548 2248 1751 2317 videre,

492 2331 740 2388 Alﬂictus
770 2333 952 2404 lugere
972 2348 1119 2398 suos,
1145 2333 1461 2405 veniamque
1481 2337 1708 2407 precari,

494 2419 724 2476 Cernere
752 2421 1041 2476 vindictam
1070 2429 1374 2476 sanctorum
1402 2423 1547 2479 caede
1576 2424 1832 2491 futuram,

496 2510 926 2581 Sanctorumque
957 2510 1139 2565 locum
1170 2511 1343 2585 regni,
1368 2512 1654 2585 carnisque
1683 2515 1912 2572 salutem

491 2598 692 2669 Spiritu
721 2598 1031 2669 implicitus,
1062 2615 1280 2673 gressus
1306 2600 1591 2674 aditusque
1619 2603 1824 2660 videre.

492 2687 653 2754 Osea,
684 2690 867 2756 Amos,
903 2696 955 2744 et
984 2690 1241 2758 Micheas,
1272 2689 1385 2745 Joel
1408 2691 1479 2760 21,
1527 2690 1725 2761 Abdia,
1765 2693 1931 2749 Jonas
1970 2700 2082 2768 (53)

488 2777 669 2848 Atque
698 2779 873 2834 Naum
902 2777 1169 2847 Ilabacuc,
1214 2778 1540 2851 Sepbonias,
1583 2780 1946 2854 Aggasusque,

487 2865 899 2921 Zachariasvim
931 2882 1138 2938 passus,
1181 2874 1235 2923 et
1290 2868 1517 2941 angelus
1580 2868 1699 2940 ipse
1754 2871 2073 2941 Malachim;

488 2953 557 3009 Ili
595 2964 741 3012 vates
786 2954 1025 3021 Domini,
1053 2971 1281 3027 quorum
1311 2958 1510 3012 chorus
1548 2974 1718 3029 usque
1760 2970 2067 3028 canentum,

494 3041 573 3097 Ac
608 3042 807 3113 pariter
834 3043 1008 3097 laudis
1037 3044 1315 3115 prOpriam
1348 3060 1591 3101 meruere
1626 3062 1905 3105 coronam.

494 3130 670 3199 Quam
713 3146 939 3204 magnus
961 3132 1151 3187 Daniel
1188 3132 1199 3188 !
1234 3133 1409 3203 qualis
1437 3132 1539 3189 virl
1571 3142 1769 3208 quanta
1800 3145 2041 3209 potestas
2072 3128 2084 3183 Ι
2120 3119 2163 3197 C

495 3217 600 3285 Qui
632 3220 973 3275 falsoslestcs
997 3220 1239 3291 ipsorum
1266 3222 1503 3293 prodidit
1525 3239 1617 3279 ore
1640 3224 1757 3297 (54)

488 3306 837 3379 Servavitque
862 3308 1092 3363 animam
1123 3308 1426 3366 damnatam
1459 3311 1685 3368 crimine
1713 3313 1863 3381 ficto,

488 3395 715 3452 Somnia
743 3406 952 3453 secreta
979 3404 1033 3451 et
1064 3397 1208 3471 regis
1244 3397 1393 3470 prior
1422 3414 1517 3455 ore
1548 3401 1795 3471 resolvit;

483 3484 737 3542 Prmvidit
757 3484 1023 3541 Christum
1057 3502 1348 3559 regnorum
1380 3486 1588 3543 solvere
1618 3490 1861 3546 membra
1893 3508 1909 3563 ;

484 3570 589 3626 Pro
618 3572 847 3626 Domino
882 3588 1003 3627 reus
1032 3579 1133 3637 est,
1167 3571 1339 3626 factus
1358 3588 1572 3643 quoque
1604 3575 1785 3643 praeda
1809 3576 2071 3647 ,leonum;

492 3658 848 3729 Servatisque
877 3661 1053 3730 palam
1077 3660 1304 3726 cunctis,
1336 3660 1389 3713 in
1406 3677 1535 3730 pace
1554 3663 1775 3733 quievit.

484 3747 658 3815 Hujus
689 3753 801 3802 tres
829 3746 961 3802 socii
992 3746 1080 3803 vix
1110 3747 1275 3818 digna
1304 3748 1464 3803 laude
1494 3749 1722 3805 canendi
1751 3751 1889 3822 (55),

482 3834 565 3887 Ex
596 3850 821 3890 numero
853 3842 998 3890 tanto
1038 3834 1321 3889 decretum
1351 3837 1495 3909 regis
1526 3837 1769 3909 iniquum

480 3921 863 3992 Contempsere
892 3922 988 3993 pii,
1009 3936 1240 3993 quorum
1253 3922 1375 3977 data
1413 3938 1641 3996 corpora
1670 3925 1931 3995 ﬂammis,

468 4010 709 4067 Tradere
738 4026 795 4065 se
828 4012 1002 4081 poenis
1035 4010 1220 4080 potius
1260 4026 1360 4081 pro
1389 4014 1615 4071 nomine
1646 4031 1867 4088 magno,

479 4099 651 4169 Quam
671 4101 900 4173 genibus
929 4099 1038 4155 nixi
1069 4098 1357 4157 simulacro
1378 4102 1614 4173 pandere
1646 4104 1887 4176 palmas:

1586 342 1674 401 AD
1713 342 2004 405 GENUINA
2044 343 2487 410 TERTULLIANI
2525 350 2739 413 OPERA

2140 485 2186 563 Α
2223 475 2424 532 Esdras
2454 487 2619 549 vates,
2654 479 2793 554 legis
2821 482 3012 539 doctor
3041 492 3093 540 et
3130 484 3245 556 ipse
3274 487 3547 555 sacerdos,

3661 366 3807 427 1132

2214 575 2318 644 Qui
2347 577 2607 648 pOpulum
2636 582 2850 645 captum
2880 578 3003 643 post
3032 580 3275 645 tempora
3303 578 3462 649 plena
3489 578 3728 649 reduxit,

2212 666 2436 735 Ignibus
2464 673 2513 719 et
2569 665 2739 720 multa
2800 665 3428 747 consumpta‘volumina
3473 678 3652 724 vatum
3686 672 3810 741 (56)

2210 753 2442 825 Spiritus
2470 754 2790 825 completus,
2813 755 3039 810 memori
3065 755 3242 811 omnia
3278 756 3510 815 reddidit
3534 775 3651 817 ore.

2818 873 3041 929 CAPUT
3070 873 3189 929 VII.

2278 979 2509 1035 Grandis
2552 982 2786 1037 Joannes
2813 998 2976 1054 super
3004 998 3193 1039 omnes
3220 982 3425 1041 semine
3466 994 3619 1040 natos
3655 1003 3673 1052 ;

2206 1066 2372 1138 Cujus
2392 1068 2609 1126 difficile
2640 1071 2933 1142 poterimus
2962 1071 3141 1128 dicere
3159 1071 3366 1129 laudes:

2203 1157 2439 1215 Ablutor
2466 1159 2664 1227 carnis,
2696 1160 2913 1218 Domini
2943 1177 3243 1234 praecursor
3261 1172 3498 1234 apertus,

2204 1248 2435 1304 Ablutor
2463 1248 2683 1316 Christi,
2717 1250 2866 1321 prior
2895 1250 3013 1322 ipse
3041 1259 3263 1309 renatus
3290 1253 3358 1307 ab
3387 1254 3508 1319 illo,

2202 1336 2440 1393 Foederis
2468 1338 2560 1393 ille
2587 1338 2711 1395 novi
2741 1340 2946 1411 primus
2972 1340 3286 1415 veterisque
3321 1358 3627 1414 supremus,

2199 1427 2410 1498 Proque
2432 1427 2517 1485 via
2546 1444 2668 1484 vera
2699 1429 2847 1500 prior
2874 1431 3050 1487 hostia
3077 1446 3250 1488 caesus
3268 1431 3456 1489 obivit.

2199 1516 2337 1573 Ecce
2360 1517 2505 1573 Deus
2535 1517 2781 1576 Christus
2812 1536 2827 1576 :
2856 1520 3054 1591 pariter
3082 1521 3302 1578 bissena
3328 1523 3605 1593 juventus,

2198 1604 2462 1663 Omnibus
2488 1623 2592 1665 una
2631 1606 2784 1679 ﬁdes,
2805 1625 2955 1667 amor
2983 1627 3124 1667 unus
3152 1617 3205 1667 et
3233 1627 3342 1667 una
3362 1618 3618 1683 potestas,

2197 1695 2236 1751 I
2249 1695 2426 1755 076
2439 1700 2563 1756 Flos
2581 1698 3087 1769 hominum,mundo
3108 1701 3554 1761 lucenteslumine
3574 1702 3796 1775 Christi,

2127 1780 2170 1856 Β
2198 1785 2266 1842 Ει
2285 1787 2508 1846 comites
2535 1798 2589 1847 et
2612 1790 2919 1861 apostolici,
2949 1790 3044 1863 qui
3072 1805 3203 1848 vera
3225 1789 3414 1857 locuti,

2208 1877 2446 1934 Auribus
2475 1880 2750 1946 audivere,
2782 1880 2953 1937 oculis
2975 1880 3160 1938 videre
3178 1880 3431 1949 salutem,

2201 1964 2521 2025 Tractavere
2549 1985 2711 2026 manu
2731 1984 2931 2042 corpus
2959 1970 3027 2025 de
3058 1977 3231 2026 morte
3253 1981 3549 2041 receptum,

2201 2056 2495 2113 Convixere
2522 2058 2645 2115 cibo
2666 2059 2906 2126 assidue,
2932 2066 3196 2115 testantur
3225 2065 3284 2115 ut
3304 2058 3429 2131 ipsi.

2202 2145 2357 2201 Hune
2374 2148 2874 2219 Paulus,praelectus
2896 2150 3175 2220 apostolus
3198 2150 3255 2205 in
3281 2149 3401 2207 vice
3429 2149 3627 2206 missus
3649 2150 3795 2223 (57),

2200 2236 2261 2291 In
2283 2238 2451 2293 caelos
2480 2250 2665 2309 raptus
2684 2239 2814 2296 vidit
2842 2254 3092 2312 quoque;
3124 2239 3323 2297 missus
3345 2241 3415 2296 ab
3442 2239 3556 2307 illo,

2198 2324 2441 2383 Bai-naba
2460 2344 2585 2383 cum
2623 2329 2844 2399 comite,
2868 2330 3141 2400 sociisque
3165 2329 3452 2402 prioribus,
3474 2346 3588 2386 uno

2195 2414 2421 2472 Fuzdere
2451 2419 2778 2487 conjunctis,
2811 2434 2905 2490 per
2932 2429 3123 2492 gentes
3152 2418 3311 2474 tradit
3339 2418 3539 2490 ubique

2191 2502 2324 2559 Esse
2351 2514 2513 2575 caput
2539 2505 2826 2577 Christum,
2859 2516 2982 2562 sunt
3000 2508 3155 2578 cujus
3184 2507 3425 2564 Ecclesia
3450 2507 3712 2573 membra,

2190 2592 2449 2664 Corporis
2478 2595 2595 2665 ipse
2616 2596 2783 2665 salus,
2813 2596 3182 2652 membrorum
3204 2597 3309 2655 vita
3340 2596 3622 2667 perennis;

2188 2680 2311 2753 Ipse
2330 2699 2454 2739 caro
2483 2684 2677 2757 factus,
2701 2701 2798 2755 pro
2828 2688 3037 2741 cunctis
3069 2686 3186 2757 ipse
3210 2695 3538 2758 peremptus,

2189 2773 2312 2843 Ipse
2343 2775 2640 2830 resurrexit
2666 2775 2892 2845 primus,
2924 2792 3049 2846 spes
3084 2790 3191 2830 una
3219 2773 3425 2847 salutis,

2188 2861 2583 2935 Discipulisque
2614 2863 2728 2919 suis
2756 2864 2984 2920 formam
3014 2864 3163 2921 dedit
3196 2879 3210 2921 :
3244 2863 3299 2919 hi
3340 2862 3501 2921 simul
3518 2878 3710 2921 omnes

2188 2954 2440 3026 Indignas
2462 2955 2609 3014 varie
2638 2971 2828 3029 poenas
2859 2972 2958 3028 pro
2987 2955 3205 3012 nomine
3236 2956 3397 3027 passi.

2792 3080 3015 3138 CAPUT
3045 3079 3180 3137 VIII.

2259 3208 2408 3264 Talia
2430 3209 2669 3265 membra
2696 3207 2833 3282 gerit
2852 3208 3103 3279 specioso
3132 3220 3361 3279 corpore
3388 3215 3562 3261 mater

2190 3299 2404 3368 Libera,
2438 3299 2583 3370 quod
2598 3312 2875 3370 nunquam
2895 3296 3111 3353 Domini
3132 3304 3399 3367 praecepta
3428 3294 3667 3367 reliquit,

2195 3389 2363 3459 Inque
2394 3387 2556 3445 domo
2586 3387 2781 3457 senuit,
2799 3387 3032 3444 Domino
3059 3385 3355 3443 lectissima
3381 3399 3619 3455 semper,

2193 3476 2477 3546 Invidiam,
2497 3492 2688 3550 poenas
2705 3478 2824 3545 ejus
2858 3490 2956 3549 pro
2984 3476 3201 3534 nomine
3231 3490 3389 3546 passa
3432 3490 3446 3525 :

2190 3566 2328 3622 Nam
2347 3567 2546 3624 sterilis
2573 3566 2849 3639 quoniam,
2879 3565 3116 3623 nondum
3148 3581 3336 3623 secura
3358 3564 3542 3633 futuri,

2190 3657 2439 3713 Ediderit
2467 3648 2726 3729 populum
2754 3656 2956 3714 caelesti
2989 3656 3195 3713 semine
3213 3665 3417 3712 natum.

2189 3747 2368 3817 Atque
2396 3762 2508 3801 suae
2542 3744 2777 3814 famulae,
2808 3744 3041 3816 portavit
3068 3751 3247 3817 Spreta
3274 3744 3543 3815 dolorem,

2186 3835 2339 3890 Hanc
2378 3833 2616 3906 sterilem,
2651 3833 2941 3906 quondam,
2972 3849 3114 3890 nunc
3142 3839 3359 3906 tempus
3383 3849 3605 3891 cernere
3664 3850 3803 3895 ma-.

2186 3924 2470 3981 Haeredem
2500 3932 2686 3981 natum
2716 3941 2829 3980 suae
2857 3924 3117 3980 libertatis
3138 3923 3354 3994 habere,
3618 3922 3795 3997 [trem

2184 4014 2305 4071 Non
2334 4015 2562 4071 similem
2584 4014 2821 4083 famulae,
2852 4030 3161 4088 quanquam
3190 4014 3257 4070 de
3280 4013 3482 4070 semine
3511 4012 3644 4070 caeli

2176 4102 2509 4175 Conceptum
2541 4104 2746 4175 genuit,
2778 4103 2882 4160 sibi
2911 4103 3223 4161 conditione
3247 4103 3529 4176 jugatum:

476 4193 595 4248 Jam
634 4192 890 4263 praeclara
922 4189 1073 4259 ﬁdes,
1102 4189 1213 4260 jam
1243 4207 1368 4262 spes
1396 4208 1558 4264 super
1611 4196 1794 4252 omnia
1848 4195 2066 4271 fulgens
2100 4191 2145 4268 ο
2178 4192 2336 4249 Absit
2357 4199 2415 4247 ut
2434 4191 2629 4247 illicitis
2656 4191 2857 4263 verbis,
2887 4191 3171 4248 temeraria
3209 4204 3341 4247 voce

479 4281 746 4338 Exstinxit
766 4280 979 4339 rabidos
996 4280 1169 4355 ignes,
1201 4291 1254 4339 et
1282 4282 1409 4341 vicit
1438 4283 1675 4356 iniquos.

2184 4280 2454 4355 Egregios
2473 4280 2743 4350 homines,
2776 4279 3018 4337 ardentia
3045 4279 3217 4338 sidera
3248 4279 3393 4347 coeli,

1919 4386 2113 4448 Variae
2140 4385 2448 4446 lectiones.

552 4462 599 4501 ιθ
621 4461 852 4519 Currere
883 4464 1011 4520 alii.
1058 4463 1103 4503 ‘9
1140 4462 1437 4520 Voluerant
1467 4465 1591 4521 alii.
1625 4465 1677 4505 2ο
1704 4464 1865 4521 Sidus
1883 4466 2008 4522 alii.
2042 4467 2088 4503 ²ι
2127 4462 2297 4520 Simul
2332 4462 2513 4520 Obert.

1952 4538 2455 4601 Commentarius.

544 4616 878 4689 (53))05eas,
900 4618 1061 4689 Amos
1092 4621 1148 4672 et
1179 4615 1444 4689 Micheas,
1478 4617 1615 4684 Joel,
1639 4616 1844 4689 iAbdia,
1879 4619 2069 4689 Jonas,

474 4696 579 4744 etc.
626 4687 884 4744 Similiter
924 4696 974 4742 et
1011 4687 1097 4741 hic
1124 4687 1435 4743 necessario
1482 4688 1849 4743 substituimus
1883 4706 1896 4742 :
1930 4687 2065 4747 Joel.

479 4775 575 4829 pro
594 4760 791 4825 simul,
827 4766 1013 4829 utpote
1041 4774 1162 4832 cum
1191 4759 1328 4813 inter
1352 4762 1415 4832 12
1461 4760 1755 4832 prophetas
1804 4759 2065 4832 minores,

478 4848 613 4903 quos
644 4838 1049 4894 commemorat,
1082 4830 1173 4884 ille
1194 4846 1334 4885 unus
1364 4830 1451 4885 sit.

550 4904 781 4973 (54)Qui
816 4903 986 4973 falsos
1016 4907 1184 4959 testes
1228 4903 1480 4972 ipsorum
1508 4901 1755 4970 prodidit
1788 4920 1905 4970 ore,
1955 4911 2061 4960 etc.

472 4972 647 5027 Etiam
679 4972 1179 5029 hinc'contirmatur
1225 4972 1447 5028 historia
1488 4976 1768 5040 Susannae,
1830 4974 2067 5031 Dauielis

472 5058 598 5109 xm,
630 5060 790 5115 quam
821 5060 941 5099 cum
973 5045 1177 5118 Graecis
1219 5044 1353 5101 inter
1407 5046 1581 5118 prima
1636 5046 1871 5102 Dauielis
1929 5046 2063 5102 facta

477 5125 719 5191 recenset
747 5125 951 5191 auctor,
984 5118 1051 5191 de
1088 5117 1240 5185 cujus
1305 5117 1620 5191 auctoritate
1668 5118 1829 5173 latius
1901 5134 2064 5191 supra

470 5196 601 5260 tom.
660 5186 851 5255 II,lib.
883 5189 947 5243 de
988 5190 1201 5246 Corona
1254 5188 1431 5243 milit.
1482 5205 1599 5260 cap.
1643 5192 1697 5257 4,
1753 5204 1902 5260 num.
1970 5186 2062 5246 l3.

469 5257 564 5315 Est
601 5266 780 5317 autem
809 5262 1090 5328 obscurus,
1115 5268 1170 5314 et
1200 5260 1442 5316 fortassis
1468 5257 1760 5317 mendosus
1807 5259 1895 5316 ille
1933 5276 2060 5318 ver-

467 5345 563 5389 SIIS
587 5348 601 5387 Ζ

649 5457 978 5521 Servatisque
1007 5454 1176 5518 palam
1201 5451 1395 5503 cunctis
1426 5451 1479 5503 in
1507 5467 1630 5515 pace
1663 5453 1873 5517 quievit.

542 5548 658 5620 (55)
694 5548 1030 5620 Hujustres
1078 5546 1234 5620 socii,
1310 5548 1411 5620 etc.
1461 5541 1727 5620 Intellegit
1767 5541 2053 5620 Ananiam,

473 5613 717 5675 Azariam
746 5613 799 5676 εἰ
828 5617 1125 5685 Misaelem,
1154 5617 1223 5675 de
1252 5615 1452 5687 quibus
1478 5613 1571 5671 ubi
1628 5613 1782 5675 dicit:
1820 5616 2056 5676 Tradere

2179 4615 2485 4741 se_dpmni.ls
2520 4656 2534 4681 ,
2591 4621 2722 4682 etc.,
2781 4613 3299 4689 subintelligendum
3351 4613 3628 4680 malentes,
3689 4627 3801 4673 aut

2179 4703 2267 4741 (IIII
2334 4702 2456 4740 81ml
2480 4701 2529 4741 Ε.

2218 4701 2306 4741 1110
2334 4701 2529 4742 Simile.

2178 4703 2618 4829 ᾳυέἓδῗιπῦἑῑὶαε
2655 4764 2709 4814 et
2752 4760 2939 4816 multa
2986 4762 3319 4831 consumpta
3360 4758 3651 4831 volumina
3686 4774 3804 4815 va-

2178 4833 2300 4885 tum
2320 4828 2427 4884 etc.
2455 4830 2533 4884 De
2554 4832 2712 4886 omni
2737 4833 3125 4889 instrumento
3147 4828 3401 4887 Iudaica:
3430 4828 3804 4888 litteratura

2172 4917 2277 4972 per
2304 4900 2545 4955 Esdram
2580 4903 2923 4968 instaurato,
2962 4902 3085 4959 vide
3126 4917 3294 4972 supra
3323 4910 3453 4958 tom.
3477 4900 3555 4972 II,
3590 4900 3687 4954 lib.
3729 4904 3807 4959 de

2174 4971 2602 5029 Habitmmlieb.
2633 4989 2751 5044 cap.
2785 4978 2837 5040 3,
2868 4990 3018 5029 num.
3051 4971 3359 5040 33.Quibus
3387 4971 3525 5044 adde
3548 4974 3706 5043 quod
3742 4974 3804 5028 id

2174 5044 2300 5098 satis
2333 5044 2603 5112 judicetur
2634 5042 2719 5100 his
2756 5046 2957 5115 verbis,
2988 5046 3010 5100 I
3037 5044 3195 5099 Esdr.
3231 5061 3341 5099 vn:
3375 5042 3583 5099 Esdras
3603 5058 3807 5115 para-

2170 5115 2255 5169 vit
2284 5132 2379 5189 cor
2408 5132 2573 5173 suum
2602 5121 2957 5189 utquazreret
2982 5119 3153 5188 legem
3182 5117 3436 5189 Domini,
3468 5120 3523 5167 et
3551 5115 3809 5175 :Esdrtz

2168 5187 2471 5314 gacerdoti,
2502 5187 2700 5245 scriba}
2737 5189 2869 5246 libri
2905 5187 3232 5247 sermonum
3260 5187 3806 5261 mandatorumque

2216 5275 2414 5314 omim.

2216 5275 2414 5315 ογηιηι.

2241 5331 2357 5405 (57)
2388 5333 2551 5405 Hunc
2590 5332 2806 5405 Paulus
2848 5332 3152 5405 prwlectus
3182 5330 3491 5405 apostolus,
3533 5330 3803 5405 etc_.ASic

2169 5402 2562 5475 castigavimus
2593 5404 2737 5460 hunc
2754 5402 3004 5475 versum,
3034 5418 3132 5475 pro
3162 5402 3400 5475 ecquod
3429 5407 3542 5475 erat
3576 5402 3796 5460 :Hinc.

2167 5471 2435 5546 Loquitur
2455 5474 2609 5546 enim
2642 5475 2710 5531 de
2738 5474 2971 5545 Christo,
3017 5471 3176 5546 quem
3237 5471 3437 5546 Paulus
3492 5472 3547 5527 iu
3606 5475 3802 5531 caelos

2166 5544 2351 5628 raptus
2378 5544 2531 5613 vidit,
2584 5544 2711 5628 item
2746 5561 2760 5601 :
2805 5544 3129 5628 plissusjb.
3160 5546 3283 5628 illo.
3328 5544 3562 5601 Rursum
3595 5554 3800 5605 autem

2164 5617 2239 5671 ibi
2273 5634 2285 5670 :
2312 5632 2418 5691 pro
2438 5619 2688 5687 nomine,
2715 5618 2977 5690 accipitur
3005 5617 3202 5675 Christi
3227 5632 3446 5677 nomen.
