4058 6172
376 305 517 366 1133

372 431 592 487 Semine
624 429 940 498 coniunctos
971 435 1197 495 tantum,
1231 426 1314 483 vel
1345 427 1607 500 sanguine
1647 426 1812 498 plebi,

368 529 429 584 In
460 527 692 585 solidum
724 525 919 599 passim
961 525 1224 581 famulum
1253 523 1445 580 dicatis
1478 531 1737 593 atrocem,

368 617 480 671 Aut
509 616 763 688 populum
794 615 1009 671 Domini
1036 614 1172 686 legis
1200 613 1452 670 mandata
1477 621 1745 679 secutum,

368 703 564 760 Servili
590 703 770 773 Specie
789 703 1069 775 quisquam
1099 711 1246 774 putet
1274 717 1396 758 esse
1428 703 1778 773 loquendum.

366 792 472 848 Sed
502 799 843 863 peccatorum
879 808 1106 848 vacuam
1135 791 1250 847 sine
1273 799 1456 846 mente
1488 801 1778 855 catervam,

366 881 474 949 Qui
503 883 768 952 promissa
796 880 916 948 Dei,
947 880 1107 934 dubia
1134 895 1248 950 spe,
1279 879 1442 936 corde
1475 879 1739 944 locarunt,

365 970 654 1026 Praisentis
681 969 804 1027 vitae
844 968 1045 1023 misera
1074 966 1359 1024 dulcedine
1388 969 1579 1032 victos,

364 1058 555 1113 Debita
591 1057 808 1114 servitio
837 1056 1033 1128 capitis
1072 1073 1169 1112 sua
1196 1057 1351 1126 culpa
1379 1054 1638 1116 subisset.

362 1146 419 1202 Si
445 1145 622 1219 legem
651 1145 796 1219 plebi
826 1145 1031 1218 peccati
1058 1160 1247 1202 caussa
1269 1144 1498 1216 jugabit.

360 1236 496 1291 Nam
524 1237 725 1292 servire
752 1236 892 1303 Deo,
914 1243 1136 1307 totoque
1167 1233 1482 1290 incumbere
1509 1233 1671 1290 corde

359 1324 686 1381 Intemerata
715 1324 873 1390 ﬁdes,
903 1325 1129 1381 libertas
1166 1333 1361 1397 sponte
1388 1330 1629 1396 paratur.

366 1413 403 1469 I
417 1413 589 1471 077
613 1415 756 1487 Ergo
777 1421 960 1486 patres
977 1413 1128 1484 justi,
1164 1413 1362 1482 sancti,
1381 1413 1498 1469 sine
1517 1412 1635 1468 labe
1656 1411 1948 1486 prepbetaa,

359 1504 664 1562 Adventum
696 1503 916 1561 Domini
943 1503 1094 1560 multi
1126 1503 1372 1560 cecinere
1397 1501 1631 1557 futurum
1647 1523 1666 1571 ,-

357 1594 752 1666 Testanturque
772 1592 883 1648 ﬁde
909 1592 1159 1648 coelestia
1183 1593 1339 1662 jussa
1371 1591 1635 1662 profanis,

357 1681 496 1739 Cum
535 1683 732 1754 quibus
762 1681 1028 1738 immanes
1056 1681 1234 1737 satiati
1266 1681 1440 1754 gloria
1460 1680 1680 1748 Christi,

360 1771 655 1828 Consortes
683 1771 912 1842 virtutis,
945 1771 1111 1826 verba
1139 1779 1347 1826 sacrata
1373 1771 1644 1840 replentes

363 1859 674 1921 Firmaverc
690 1858 873 1926 ﬁdem,
906 1858 1058 1917 factis
1088 1859 1340 1930 praedicta
1359 1859 1659 1930 probando.

953 2011 1183 2069 CAPUT
1238 2012 1338 2070 IX.

418 2128 666 2199 Quorum
692 2126 965 2198 discipuli,
997 2127 1089 2200 qui
1120 2143 1430 2184 successere
1452 2143 1550 2198 per
1580 2127 1788 2196 orbem,

347 2218 577 2278 Conilati
607 2217 808 2275 virtute
835 2215 953 2284 viri,
988 2216 1270 2288 nostrique
1308 2216 1568 2290 magistri,

349 2305 675 2378 Conjunctos
706 2304 888 2376 Operis
916 2303 1080 2361 nobis
1111 2304 1344 2362 tribuere
1375 2304 1628 2362 honores.

344 2397 430 2452 Ex
468 2395 665 2467 quibus
698 2393 930 2451 electum
961 2408 1218 2464 magnum
1244 2391 1497 2463 plebique
1518 2393 1802 2464 probatum

344 2484 470 2540 Haec
497 2484 774 2552 cathedra,
805 2484 993 2538 Petrus
1023 2499 1126 2554 qua
1156 2483 1369 2537 sederat
1390 2481 1529 2552 ipse,
1560 2481 1796 2539 locatum

341 2571 572 2628 Maxima
602 2573 770 2627 Roma
799 2570 1010 2633 Linum,
1044 2570 1278 2642 primum
1312 2570 1591 2626 considere
1623 2571 1805 2641 jussit.

1444 299 1778 362 APPENDIX
1817 299 1860 358 Ι.
1898 329 1968 342 -
1997 298 2150 358 ADV.
2192 300 2601 364 MARCIONEM.

1992 441 2038 519 Α
2071 425 2194 519 Post
2224 443 2380 519 quem
2412 429 2592 519 Cletus
2622 437 2674 486 et
2704 431 2820 501 ipse
2851 445 3070 503 gregem
3099 436 3338 508 suscepit
3369 439 3544 498 ovilis.

3533 318 3668 378 1134

2073 516 2244 585 Hujus
2272 516 2563 573 Anacletus
2591 535 2871 575 successor
2900 529 3045 576 sorte
3073 521 3278 580 locatus
3305 545 3317 580 :

2069 600 2240 671 Quem
2281 606 2524 679 sequitur
2554 607 2825 677 Clemens;
2859 609 2905 664 is
2949 611 3260 680 apostolicis
3307 617 3442 675 bene
3488 632 3651 680 notus

2069 694 2344 752 Evaristus
2372 698 2438 751 ab
2471 699 2572 754 hoc
2603 699 2744 753 rexit
2771 697 2888 754 sine
2916 695 3144 756 crimine
3175 703 3369 776 legem.

2068 784 2264 841 Sextus
2291 786 2594 842 Alexander
2623 788 2773 843 Sixto
2805 790 3148 845 commendat
3177 793 3320 849 ovile
3345 815 3358 854 :

2066 873 2194 928 Post
2224 875 2440 947 expleta
2479 879 2560 932 sui
2591 878 2682 949 qui
2710 877 2864 933 lustri
2897 886 3138 950 tempora
3169 883 3329 938 tradit

2072 964 2235 1022 I07
2243 965 2294 1023 8
2345 967 2676 1039 Telesphore
2705 987 2717 1023 :
2760 970 3029 1026 excellens
3060 972 3148 1027 hic
3186 985 3316 1042 erat,
3350 987 3658 1051 martyr-que

2064 1054 2190 1110 Post
2207 1055 2356 1110 illum
2386 1056 2569 1114 socius
2594 1057 2744 1129 legis,
2777 1064 3063 1132 certusque
3092 1063 3389 1136 magister;
3423 1065 3617 1138 [ﬁdelis
3642 1085 3656 1124 :

2065 1143 2200 1198 Cum
2222 1145 2388 1201 vestri
2419 1146 2647 1202 sceleris
2687 1148 2891 1214 socius,
2926 1165 3232 1218 praecursor
3260 1161 3313 1209 et
3354 1164 3547 1211 auctor

2063 1232 2302 1288 Advenit
2331 1235 2551 1292 Romam
2583 1236 2777 1304 Cerdo,
2799 1253 2940 1296 nova
2970 1240 3193 1298 vulnera
3220 1253 3478 1316 gestans:

2061 1323 2336 1391 Detectus,
2367 1325 2620 1396 quoniam
2646 1341 2810 1383 voces
2837 1335 2892 1383 et
2919 1329 3086 1385 verba
3114 1333 3308 1388 veneni

2065 1412 2365 1487 Spargebat
2395 1413 2607 1483 furtim,
2637 1423 2971 1489 quaprOpter
3008 1419 3074 1474 ab
3103 1422 3322 1492 agmine
3352 1423 3560 1494 pulsus,

2059 1501 2394 1573 Sacrilegum
2423 1520 2596 1574 genus
2621 1505 2725 1560 hoc
2753 1505 2941 1578 genuit
2967 1506 3206 1578 spirante
3235 1509 3490 1569 dracone.

2065 1589 2354 1645 Constabat
2376 1591 2574 1660 pietate
2601 1592 2798 1666 vigens
2824 1593 3064 1650 Ecclesia
3092 1597 3280 1654 Romae

2067 1678 2380 1750 Composita
2409 1695 2440 1734 a
2460 1682 2639 1747 Petro,
2681 1683 2842 1752 cujus
2872 1699 3155 1742 successor
3190 1694 3246 1742 et
3275 1687 3394 1759 ipse

1987 1802 2030 1878 8
2060 1770 2288 1840 Jamque
2320 1769 2438 1826 loco
2466 1784 2607 1824 nono
2635 1770 2942 1828 cathedram
2973 1774 3212 1844 suscepit
3239 1775 3502 1846 Hyginus.

2063 1858 2184 1878 nn.
2218 1857 2358 1878 ιημ
2397 1858 2575 1878 μη,
2617 1857 2739 1878 ηεη,
2795 1859 3013 1878 ..-ηρ
3349 1865 3360 1875 .
3489 1865 3502 1878 ι

2063 1858 2190 1913 Post
2218 1857 2362 1913 hunc
2390 1858 2580 1915 deinde
2617 1857 2763 1925 Pius,
2795 1859 3022 1916 Hermas
3058 1862 3141 1916 cui
3191 1865 3436 1936 gemine
3485 1865 3649 1924 frater

2057 1946 2348 2018 Angelicus
2375 1956 2582 2019 pastor,
2620 1947 2748 2020 quia
2774 1947 2967 2005 tradita
2990 1950 3157 2007 verba
3181 1950 3429 2010 locutus:

2057 2039 2236 2107 Atque
2275 2036 2365 2106 pio
2394 2035 2631 2107 suscepit
2655 2035 2914 2092 Anicetus
2941 2036 3128 2094 ordine
3155 2046 3355 2096 sortem
3381 2058 3394 2095 :

2073 2126 2184 2181 Sub
2211 2140 2320 2196 quo
2346 2124 2582 2182 Marcion
2610 2125 2696 2181 hic
2725 2125 2966 2196 veniens,
3000 2142 3144 2184 nova
3185 2130 3406 2186 Pontica
3454 2132 3638 2201 pestis,

2053 2214 2305 2270 Nondum
2335 2223 2597 2272 secretum
2628 2215 2837 2272 facinus
2866 2231 2964 2272 suo
2985 2218 3148 2274 corde
3169 2219 3462 2284 reclusum,

2053 2302 2260 2358 Passim
2289 2301 2448 2374 vulgo
2469 2304 2700 2375 loquens
2732 2304 3006 2361 latebrosa
3037 2305 3276 2375 perfidus
3302 2315 3435 2363 arte.

2051 2391 2156 2448 Sed
2193 2399 2478 2464 postquam
2516 2392 2682 2464 coepit
2711 2393 2902 2448 mortis
2937 2394 3181 2464 proferre
3210 2397 3456 2468 sagittas,

2055 2481 2316 2551 Abjectus
2345 2481 2540 2538 merito
2571 2489 2674 2538 tam
2713 2481 2843 2538 saevi
2875 2481 3117 2537 criminis
3146 2493 3354 2555 auctor,

2049 2569 2098 2626 Α
2117 2571 2319 2627 sanctis
2350 2573 2634 2643 reprobus,
2657 2571 2830 2641 patuit
2865 2571 3109 2628 mirabile
3136 2582 3460 2630 monstrum.

376 2676 3600 2708 mw

1553 2794 1862 2885 LIBER
1925 2791 2436 2904 QUARTUS

548 2976 1161 3122 INCERTI,
1275 2975 1456 3090 DE
1514 2972 2268 3091 MARCIONIS
2354 2973 3412 3097 ANTITHESIBUS.

1303 3238 1540 3307 Quartus
1558 3244 1611 3294 et
1638 3237 1756 3308 ipse
1785 3233 1950 3309 refert
1979 3232 2442 3309 obscurapiacula
2481 3233 2640 3309 Legis

1291 3305 1427 3369 Esse
1467 3305 1897 3382 typum—veteris,
1927 3321 2047 3378 quae
2076 3305 2249 3382 paruit
2268 3305 2617 3382 hostiavere,

1364 3376 1686 3436 Jamdudum
1717 3376 2022 3449 exspectata
2051 3377 2154 3447 piis
2181 3392 2301 3432 cum
2333 3376 2540 3432 semine
2571 3385 2774 3434 sancto.

332 3481 540 3550 Quibus
565 3480 764 3548 verbis,
793 3481 941 3537 alias
970 3480 1113 3537 satis
1151 3479 1419 3546 obscuris,
1453 3479 1669 3536 indicat
1689 3475 2001 3550 pia-cula,id
2026 3478 2121 3550 est
2139 3475 2424 3550 sacriﬁcia
2444 3477 2646 3550 veteris
2681 3477 3020 3550 tegis,fuz'sse
3052 3483 3250 3550 typum
3271 3497 3413 3538 verae
3435 3483 3631 3540 hostiae

405 3553 640 3612 Christi.
678 3554 718 3622 Ω

723 3545 794 3609 ua
824 3554 1210 3626 explicatione
1239 3569 1366 3608 cum
1406 3545 1716 3608 antitheses
1765 3548 2059 3606 Marcionis
2087 3545 2518 3619 dissoluat,quas
2551 3547 2650 3602 hoc
2684 3545 2822 3604 libro
2842 3545 3256 3608 'wmulaiiienta
3275 3562 3576 3626 nuncupat
3608 3576 3626 3622 ,-

404 3623 536 3680 libri
557 3624 726 3696 hujus
769 3623 937 3681 titulo
969 3624 1281 3696 adjecimus
1313 3641 1326 3678 :
1379 3638 1454 3679 ns
1483 3636 1788 3680 uanetoms
1815 3631 2245 3676 ANTITHESIBUS.

838 3774 1060 3833 CAPUT
1118 3774 1397 3833 PRIMUM.

394 3897 521 3954 Haec
557 3900 759 3970 pepulo
784 3900 992 3969 juveni,
1032 3898 1124 3972 qui
1160 3899 1332 3969 dives,
1362 3899 1500 3954 liber
1525 3906 1577 3954 et
1604 3896 1916 3968 haeres(58)

325 3984 574 4042 Possidet
603 3995 860 4042 azternam
891 4003 1044 4058 spem
1075 3987 1248 4042 laudis
1265 3987 1388 4056 jure
1419 3986 1666 4050 dicatam,

315 4075 441 4130 Non
471 4084 529 4131 ut
556 4076 805 4134 doctores
834 4077 1002 4147 (solus
1031 4076 1180 4132 daret
1204 4075 1384 4131 omnia
1408 4074 1698 4145 Christus),

311 4163 426 4219 Sed
447 4164 677 4222 famulos
703 4165 918 4233 Christi,
941 4167 1097 4235 jubet
1128 4164 1381 4222 inviolata
1421 4170 1657 4236 potestas

313 4254 530 4324 Ingenti
558 4254 672 4310 zelo
699 4254 1005 4328 flagrantes,
1039 4255 1188 4327 pacis
1217 4270 1402 4311 amore

310 4345 582 4411 Armatos,
617 4345 816 4401 molem
847 4345 973 4402 belli
1001 4345 1271 4401 deducere
1301 4352 1456 4400 terra:

307 4429 566 4487 Excelsas
597 4441 792 4500 turres,
825 4441 877 4490 et
905 4433 1104 4489 moenia
1133 4449 1272 4490 saeva
1301 4433 1584 4498 malorum,

304 4517 714 4594 Surgentesque
743 4522 935 4589 minas,
970 4523 1152 4595 pepuli
1189 4531 1376 4580 contra
1413 4521 1631 4595 agmina
1653 4519 1824 4577 sancti

306 4608 624 4683 Detrahere,
656 4628 854 4670 vacuas
882 4627 1042 4670 voces
1072 4612 1368 4670 dissolvere
1394 4620 1570 4669 vento.

301 4695 648 4770 QuaprOpter
676 4701 872 4756 merito
901 4716 1002 4758 nos
1029 4701 1402 4757 aemulamenta
1430 4701 1593 4757 locuti

301 4784 480 4855 Ipsius
505 4803 572 4842 ex
602 4789 796 4859 verbis,
828 4789 988 4845 etiam
1018 4799 1364 4847 monumenta
1389 4790 1575 4846 salutis

298 4873 535 4932 Nitimur
561 4879 888 4950 exprimere,
919 4895 1041 4952 quae
1079 4880 1256 4954 gratia
1291 4880 1443 4954 larga
1472 4879 1731 4957 profudit,

1949 3732 1992 3810 ε
2024 3712 2405 3810 Prmdonisque
2430 3712 2652 3810 plagam
2682 3716 2883 3772 sanctis
2914 3718 3126 3788 aperire
3153 3726 3427 3788 copertam

2025 3803 2105 3857 Ex
2126 3802 2419 3874 improviso
2442 3819 2510 3859 ne
2542 3803 2661 3876 quis
2689 3805 2857 3875 rudis,
2889 3806 3106 3872 inscius,
3138 3808 3309 3865 audax

1971 3928 1978 3932 -
2024 3892 2246 3960 Iucidat,
2278 3901 2332 3950 et
2360 3900 2553 3965 captus
2584 3893 2834 3951 cmlestia
2862 3895 3005 3952 dona
3035 3897 3328 3969 relinquat.

2647 4035 2992 4122 CAPUT.IL

2085 4157 2234 4229 Ergo
2251 4157 2399 4212 Deus
2417 4157 2618 4213 cunctis
2639 4159 2961 4214 mortatibus
2984 4175 3125 4214 unus
3147 4157 3345 4230 ubique
3366 4169 3445 4215 est
3470 4162 3606 4232 (=‘i9),

2013 4245 2286 4299 IEternum
2317 4261 2563 4316 regnum,
2599 4246 2882 4316 profundae
2909 4247 3042 4301 lucis
3070 4247 3246 4318 origo,

2011 4332 2154 4388 Fons
2180 4332 2321 4398 vitze,
2355 4341 2516 4402 potus
2543 4333 2808 4403 sapientia
2842 4333 3102 4389 conditus
3140 4333 3308 4389 omni.

2008 4421 2235 4478 Protulit
2263 4421 2381 4491 ipse
2409 4421 2615 4490 orbem,
2648 4422 2806 4491 cujus
2839 4419 2994 4476 sinus
3033 4421 3216 4477 omnia
3239 4422 3412 4496 cingit
3439 4445 3453 4480 :

2005 4511 2165 4566 Nulla
2195 4510 2345 4565 illum
2375 4509 2547 4580 regio,
2579 4509 2759 4565 nullus
2787 4509 2934 4565 locus
2967 4509 3176 4566 ambitu
3207 4511 3441 4577 claudit;

2005 4597 2254 4656 Materies
2284 4598 2434 4653 nulla
2463 4606 2543 4654 est
2571 4596 2728 4664 facta,
2763 4607 2820 4654 ut
2849 4597 2890 4652 si
2923 4606 3117 4669 sponte
3149 4600 3421 4670 perennis,

2001 4688 2136 4758 Quae
2165 4687 2322 4744 luerit
2348 4703 2582 4758 semper,
2604 4689 2750 4742 nullo
2780 4686 2915 4743 facto
2937 4695 3206 4757 recreata;

2002 4778 2296 4842 Ctelorum,
2328 4784 2511 4844 terrae,
2544 4778 2708 4832 maris
2743 4776 3048 4847 infernique
3080 4777 3300 4832 locator.

2002 4867 2235 4940 Spiritus
2265 4867 2407 4924 aeris
2439 4873 2524 4922 est
2545 4865 2770 4939 divisor,
2804 4865 3076 4938 conditor,
3106 4874 3313 4935 auctor,

1689 4979 2189 5046 Commentarius.

303 5082 490 5161 "_(5_8)
525 5081 647 5161 Haec
709 5083 914 5161 popqu
937 5087 1161 5161 juveni,
1195 5091 1301 5141 etc.
1332 5082 1788 5142 Obscurissimum
1818 5097 1901 5144 est

302 5150 464 5216 illud,
492 5162 544 5209 et
575 5150 820 5211 fortassis
849 5150 1171 5213 mendosum
1205 5174 1218 5210 :

375 5225 521 5306 Non_
549 5229 618 5280 ut
645 5227 899 5284 doctores
927 5227 1099 5300 (solus
1155 5227 1319 5284 daret
1348 5229 1538 5285 omnia
1591 5227 1892 5302 Christus).

297 5293 653 5354 Correximus
682 5314 808 5356 vero
849 5316 864 5355 :

426 5417 661 5472 Excelsas
691 5427 871 5482 turres,
892 5429 942 5472 et
971 5421 1154 5473 moenia
1189 5435 1322 5471 θωνα
1346 5422 1613 5482 malorum,
1645 5432 1737 5476 etc.

295 5579 308 5589 ο
376 5507 709 5575 Detrahere,
744 5526 891 5584 pro:
945 5510 1297 5589 Detraheret.
1321 5511 1532 5586 Accipit
1576 5522 1772 5589 autem,
1821 5516 1897 5571 uti

292 5583 359 5634 in
407 5583 759 5652 argumento
809 5597 1020 5657 quoque
1057 5583 1260 5641 dictum
1309 5593 1409 5653 est,
1454 5583 1894 5656 temulamenta,

1932 5111 1976 5186 Β
2010 5102 2128 5186 pro
2157 5086 2568 5186 antithesibus:
2606 5102 2836 5186 gnarum
2883 5086 3138 5159 frequens
3177 5087 3380 5143 mentio
3409 5103 3590 5160 supra,

2010 5159 2161 5215 libris
2184 5160 2423 5231 quinque
2453 5159 2575 5217 adv.
2607 5160 2862 5215 Marcion.

2078 5229 2364 5303 (59)’Ergo
2394 5233 2534 5289 Deus
2555 5232 2781 5288 cunctis
2797 5232 3139 5288 mortalibus
3170 5247 3345 5298 unus,
3369 5239 3473 5286 etc.
3496 5229 3593 5283 Hic

2002 5301 2346 5383 di-stinirimus
2366 5307 2569 5383 :_potus
2585 5305 2871 5383 sapientia
2898 5304 3158 5383 conditus
3178 5304 3352 5383 omni,
3390 5310 3590 5383 utmsa-

1999 5376 2221 5446 pientia
2249 5371 2528 5430 Ablativus
2557 5376 2626 5429 sit
2647 5371 2800 5431 inore
2827 5375 3084 5440 auctoris,
3115 5381 3363 5443 correpta
3408 5371 3595 5446 ultima

2002 5441 2244 5516 syllaba:
2277 5446 2367 5500 ubi
2396 5446 2780 5515 castigavimus
2812 5465 2825 5501 :
2858 5447 3134 5507 conditus,
3176 5441 3286 5516 pro
3323 5441 3593 5496 creditus.

2001 5515 2254 5590 Legimus
2283 5517 2438 5573 etiam
2471 5517 2500 5589 :|
2526 5520 2591 5576 Ut
2615 5521 2692 5574 sit
2723 5521 2919 5590 sponte
2952 5515 3236 5590 perennis,
3268 5526 3366 5584 pro
3394 5527 3595 5584 peren-

2004 5587 2212 5658 m’,"etc.
2240 5607 2254 5646 :
2288 5587 2620 5662 Infernique
2649 5587 2879 5659 locator,
2899 5587 2996 5660 pro
3017 5587 3255 5644 locatur.
