4062 6178
529 354 667 414 1135

524 477 682 532 Solus
710 478 1004 545 perpetuus
1032 470 1177 523 Deus
1203 472 1306 532 est,
1338 465 1601 519 immensa
1630 470 1889 533 potestas.

526 568 681 621 Ilunc
708 564 791 618 lex
822 576 943 616 esse
973 561 1141 613 Deum
1176 556 1377 628 pOpulo
1409 560 1795 609 monstraverat
1824 565 2007 615 unum,

530 650 761 708 I079
787 652 952 719 Cujus
982 664 1085 705 vox
1106 646 1242 702 Mosi
1263 645 1471 715 pollens
1504 644 1556 697 in
1588 649 1769 697 monte
1798 641 1975 695 locuta
2015 644 2114 694 est.

528 743 680 796 Illius
709 743 826 795 haec
855 741 1044 803 virtus,
1079 734 1362 806 sapientia,
1396 732 1589 804 gloria,
1621 732 1864 796 verbum,

524 831 715 895 Filius,
748 818 1010 884 immenso
1041 824 1281 897 genitum
1313 822 1378 876 de
1408 821 1611 877 lumine
1644 821 1844 885 lumen,

526 922 625 975 Per
651 927 833 974 vatum
864 931 1029 972 voces
1059 916 1201 969 hunc
1226 928 1391 967 unum
1422 909 1659 964 clamitat
1688 924 1824 963 esse.

527 1008 730 1064 Ordine
760 1005 1061 1074 suscipiens
1090 1002 1308 1071 Paulus,
1340 1000 1420 1055 sic
1459 998 1619 1053 tradit
1641 1006 1692 1054 et
1714 998 1829 1068 ipse

527 1098 700 1153 Unum
721 1097 864 1150 hunc
884 1109 1001 1148 esse
1026 1094 1259 1156 Patrem,
1283 1105 1379 1161 per
1396 1104 1558 1160 quem
1585 1095 1711 1142 sunt
1737 1084 1918 1141 omnia
1938 1082 2107 1151 facta;

523 1189 700 1257 Atque
727 1199 893 1237 unum
916 1181 1205 1245 Christum,
1238 1194 1333 1248 per
1361 1194 1523 1248 quem
1571 1179 1718 1232 Deus
1752 1174 1931 1230 omnia
1962 1172 2108 1241 fecit,

520 1276 601 1329 Ad
630 1289 790 1345 quem
821 1288 880 1328 se
908 1285 1134 1328 curvare
1163 1285 1307 1339 genu
1339 1267 1494 1339 plane
1522 1282 1683 1321 omne
1710 1264 1930 1331 fatetur,

522 1361 605 1415 Ex
636 1376 742 1432 quo
771 1358 948 1415 omnis
978 1356 1155 1427 patria
1186 1356 1238 1409 in
1278 1353 1418 1410 ctelo
1444 1361 1690 1424 terraque
1718 1358 1940 1407 vocatur
1960 1349 2104 1420 (60);

520 1449 621 1516 Qui
653 1450 789 1503 zelat
822 1448 1078 1518 pOpulum
1108 1459 1316 1498 summo
1348 1442 1562 1513 pietatis
1590 1456 1773 1496 amore

520 1541 589 1595 Ut
618 1539 799 1603 Pater,
829 1544 882 1591 et
908 1543 1090 1589 sancte
1110 1532 1225 1587 vult
1252 1547 1467 1587 omnem
1500 1532 1674 1588 vivere
1704 1542 1943 1591 carnem,

519 1629 793 1699 Apparere
824 1625 925 1679 sibi
966 1623 1215 1678 mundam
1255 1623 1370 1675 sine
1400 1619 1621 1676 crimine
1652 1618 1886 1687 plebem,

520 1718 631 1771 Hoc
660 1717 776 1772 zelo
815 1724 1049 1769 nostram
1089 1710 1326 1767 custodit
1356 1710 1475 1779 lege
1504 1707 1752 1773 salutem,

516 1805 809 1877 Legitimos
841 1810 1023 1855 monet
1052 1815 1192 1865 esse,
1223 1800 1394 1867 jubet,
1426 1796 1657 1867 castigat
1677 1802 1730 1850 et
1768 1794 1944 1859 instat,

515 1893 827 1964 Corripiens
856 1890 1073 1944 Galatas
1093 1887 1286 1942 fratres
1314 1890 1368 1941 et
1396 1886 1672 1957 apostolus
1692 1884 1856 1947 idem,

515 1981 705 2034 Talem
735 1994 794 2032 se
824 1978 1019 2031 Paulus
1056 1974 1231 2030 zelum
1270 1990 1328 2029 se
1360 1973 1578 2045 scripsit
1600 1973 1819 2029 habere.

1122 2064 1347 2119 CAPUT
1399 2064 1492 2118 III.

587 2155 839 2214 Reddidit
858 2170 987 2226 ergo
1016 2154 1161 2209 Deus
1192 2153 1360 2225 gratis
1387 2162 1608 2224 peccata
1636 2158 1854 2222 paterna

512 2247 573 2301 In
601 2244 922 2316 cataclysmo
972 2259 1203 2299 enecans
1232 2242 1433 2313 pariter
1461 2257 1581 2295 cum
1632 2240 1784 2311 prole
1811 2248 2099 2309 parentes;

514 2335 795 2405 Genteque
823 2334 934 2402 jam
962 2343 1150 2403 quarta
1179 2331 1391 2402 genitos
1421 2329 1489 2384 de
1519 2328 1691 2397 stirpe
1720 2334 1966 2396 nepotes,

512 2426 643 2478 Cum
673 2423 785 2476 fere
817 2426 1126 2489 nongentos
1155 2420 1253 2472 hos
1284 2425 1412 2472 tunc
1437 2415 1699 2484 adjuverit
1728 2430 1918 2470 annos.

506 2510 775 2567 Judicium
806 2510 1019 2573 durum,
1053 2506 1321 2562 sententia
1348 2520 1495 2561 saeva
1524 2505 1759 2574 videtur,

511 2598 773 2655 Parvulas
800 2607 852 2653 et
882 2596 1128 2654 Sodomis
1179 2596 1352 2650 adhuc
1381 2595 1589 2665 insons,
1621 2592 1819 2659 mollis,
1850 2592 2091 2663 inermis,

512 2691 577 2745 Ut
605 2696 784 2744 careat
823 2688 965 2755 vita;
995 2687 1126 2758 quid
1144 2686 1285 2741 enim
1313 2691 1633 2756 peccaverat
1670 2682 1883 2738 infans?

507 2777 665 2847 Quod
693 2777 909 2833 crudele
937 2784 1117 2849 putes,
1139 2777 1244 2830 hoc
1277 2781 1359 2830 est
1386 2773 1602 2845 pietatis
1631 2774 1948 2840 honestum;

499 2872 760 2923 Auctores
790 2865 1026 2931 sceleris,
1069 2863 1275 2920 facinus
1313 2879 1380 2918 ne
1411 2870 1677 2919 cresceret
1712 2861 1872 2928 ultra,

499 2955 773 3011 Exstinxit
802 2954 1155 3024 subolemque
1186 2959 1397 3023 patrum
1427 2961 1641 3022 peccata
1669 2958 2010 3022 sequentum.

499 3044 605 3099 Sed
636 3060 744 3099 non
781 3060 903 3099 cum
932 3043 1171 3114 patribus
1200 3058 1389 3113 pinnas
1422 3042 1673 3097 innoxius
1703 3040 1878 3095 infans

499 3135 792 3203 Perpetuas
838 3132 965 3201 luit;
998 3130 1241 3203 ignarus,
1270 3146 1445 3200 neque
1474 3128 1715 3185 criminis
1737 3137 1946 3194 auctus,

494 3221 575 3275 Ne
605 3218 756 3276 fieret
794 3220 1007 3288 seleris,
1040 3235 1264 3276 consors
1293 3219 1469 3274 aetatis
1496 3218 1709 3287 adultae,

497 3311 700 3384 Sponte
718 3311 893 3367 futura
916 3310 1073 3376 mala,
1109 3326 1256 3366 mors
1283 3308 1571 3365 immatura
1596 3308 1838 3366 resolvit.

1124 3452 1354 3509 CAPUT
1392 3450 1485 3507 IV.

566 3580 671 3635 Cur
698 3581 846 3637 Deus
882 3593 1015 3653 ergo
1058 3579 1212 3649 jubet
1241 3593 1494 3650 pecorum
1527 3576 1631 3632 sibi
1669 3577 1933 3648 sanguine
1962 3576 2088 3634 fun-

1820 3664 1895 3736 [di
1926 3664 2089 3737 (61)?

488 3757 742 3827 Legeque
772 3754 1109 3826 constringit,
1136 3770 1203 3808 ne
1231 3754 1353 3824 quis
1382 3753 1729 3809 transcender
1751 3763 1803 3809 et
1832 3770 2018 3809 errans

486 3845 545 3897 In
570 3842 790 3912 populo,
831 3842 1070 3911 lapidum
1102 3843 1358 3911 praesenti
1396 3850 1570 3897 morte
1599 3843 1875 3897 minatus?

486 3934 665 4001 Atque
693 3929 887 3984 iterum
920 3932 1033 3984 haec
1062 3930 1338 4000 reprobat,
1372 3940 1539 4003 negat
1570 3932 1686 3986 haec
1715 3930 1817 3985 sibi
1864 3948 2087 3989 munera

485 4018 798 4088 Corripiens
828 4019 1043 4090 plebem
1072 4020 1281 4089 peccati
1302 4018 1552 4075 examine
1581 4022 1862 4091 pressam?
1885 4021 2082 4095 [grata,

480 4109 602 4180 Ipse
624 4107 780 4181 jubet
810 4124 985 4175 verax,
1030 4110 1209 4179 justus
1239 4107 1397 4163 simul
1425 4110 1545 4180 ipse
1577 4109 1787 4181 repellit
1819 4128 1832 4169 :

483 4198 539 4253 Si
570 4197 767 4270 qumris
795 4214 1007 4265 causas,
1039 4214 1231 4253 errans
1256 4198 1464 4254 desiste
1495 4199 1738 4270 moveri;

481 4288 655 4343 Causa
684 4288 879 4343 etenim
913 4287 1038 4343 fidei
1069 4287 1294 4343 rationis
1322 4288 1559 4360 imagine
1591 4289 1793 4359 major.

477 4377 679 4446 ASpice
712 4393 808 4448 per
839 4378 1116 4448 speculum
1146 4377 1407 4450 fulgentis
1447 4378 1667 4433 luminis
1695 4382 1966 4447 umbram,

478 4465 618 4533 Quid
646 4466 827 4523 vitulis
873 4468 1112 4540 sanguis,
1142 4466 1325 4523 vitul-ae
1355 4467 1511 4537 cinis,
1546 4469 1728 4524 hircus
1750 4476 1998 4541 uterque;

478 4555 576 4610 Hic
601 4554 856 4609 dimissus
886 4556 1016 4624 abit,
1045 4556 1186 4612 cadit
1217 4558 1352 4613 alter
1383 4564 1442 4611 ut
1474 4556 1653 4612 hostia
1688 4558 1928 4630 templo:

1605 339 1695 398 AD
1733 335 2020 399 GENUINA
2055 331 2224 394 TERT
2236 331 2502 393 ULLIANI
2539 331 2753 393 OPERA

2231 457 2508 528 Sanguine
2546 472 2665 511 nam
2697 454 2850 512 vituli
2882 453 3159 525 p0pulum,
3189 454 3347 509 simul
3376 455 3559 511 omnia
3595 472 3749 531 vasa,

3682 332 3839 392 1136

2228 546 2402 617 Atque
2430 548 2740 602 sacerdotes
2759 553 2810 601 et
2830 543 3030 615 scripta
3060 544 3333 601 volumina
3374 544 3529 618 legis,

2233 633 2460 690 I080
2490 634 2697 707 Sparsit
2727 650 2879 707 aqua:
2899 634 3068 688 mixto
3089 640 3243 689 vates
3272 633 3355 688 sic
3367 633 3556 703 jussus
3587 635 3656 688 ab
3678 636 3825 701 alto,

2224 724 2345 777 Non
2372 725 2420 760 22
2450 723 2724 795 pr0priam
2754 740 2925 795 spem,
2959 737 3066 777 nec
3096 721 3331 793 speciem
3378 722 3579 779 virtute
3618 739 3836 779 vacan-

2224 810 2489 881 Exemplo
2510 810 2663 868 vituli
2683 826 2969 881 passurum
2997 810 3051 863 in
3078 824 3307 880 corpore
3328 810 3596 865 Christum
3622 829 3635 880 ;
3660 810 3831 883 [tem,

2223 897 2323 966 Qui
2353 901 2488 970 juga
2517 901 2649 954 dura
2677 898 2856 954 ferens
2885 898 3392 967 humeris,temonis
3420 907 3597 955 aratro

2222 987 2452 1043 Fortiter
2480 988 2694 1059 abrupit
2724 1004 2823 1043 sua
2853 1000 3064 1058 pectora
3094 1003 3319 1043 vomere
3350 987 3498 1057 ferri,

2225 1075 2529 1131 Infundens
2560 1076 2725 1133 sulcis
2756 1076 2948 1132 anima:
2980 1076 3065 1131 sui
3095 1075 3381 1149 sanguinis
3400 1076 3599 1131 undam
3653 1096 3668 1133 :

2220 1166 2355 1221 Nam
2384 1166 2568 1237 templi
2598 1183 2725 1222 vasa
2756 1170 2871 1223 haec
2892 1166 3179 1238 designant
3205 1181 3438 1237 corpora
3465 1174 3669 1222 nostra.

2219 1258 2342 1329 Ipse
2373 1259 2473 1314 Dei
2505 1258 2767 1330 templum
2797 1273 3007 1323 verum,
3042 1273 3154 1315 non
3184 1266 3307 1313 ante
3333 1258 3590 1325 dicatum,

2233 1347 2476 1418 Namque
2495 1363 2595 1403 suo
2619 1349 2793 1404 socios
2812 1346 3062 1402 homines
3095 1346 3201 1406 sibi
3229 1347 3499 1419 sanguine
3537 1346 3662 1403 fecit

2216 1436 2393 1508 Atque
2414 1437 2717 1493 sacerdotes
2748 1436 2918 1492 voluit
2944 1435 3027 1492 sui
3048 1435 3292 1507 corporis
3319 1450 3442 1491 esse
3468 1436 3608 1507 (62),

2216 1525 2339 1596 Ipse
2370 1526 2538 1580 Patris
2566 1525 2762 1580 summi
2790 1524 3060 1597 perfectus
3083 1526 3210 1595 jure
3240 1525 3520 1581 sacerdos.

2217 1613 2496 1681 Auditum,
2528 1615 2721 1682 visum,
2742 1630 2993 1686 gressum
3022 1612 3293 1668 mandavit
3320 1612 3569 1682 inertem,

2216 1702 2562 1773 Aspersitque
2595 1703 2732 1759 libro
2762 1710 2926 1759 testes
2958 1717 3203 1774 praesaga
3236 1703 3465 1767 locutus,

2218 1791 2607 1847 Demonstrans
2635 1792 2810 1865 legem
2837 1807 2935 1848 suo
2966 1791 3199 1848 vinctam
3227 1789 3488 1863 sanguine
3517 1798 3729 1860 sancto,

2217 1880 2365 1936 Hanc
2393 1888 2444 1935 et
2469 1897 2569 1952 per
2596 1880 2814 1939 vitulam
2845 1878 3148 1936 manifestat
3175 1879 3389 1935 victima
3416 1894 3664 1946 causam,

2218 1968 2490 2042 Sanguine
2518 1970 2585 2025 de
2614 1971 2772 2039 cujus
2799 1986 2897 2041 pro
2928 1968 3085 2040 plebe
3126 1967 3333 2040 piacula
3370 1984 3591 2024 sumens

2215 2060 2361 2115 Intra
2390 2060 2635 2116 velamen
2668 2059 2874 2129 primus
2895 2059 3053 2116 levita
3075 2058 3300 2128 ferebat,

2214 2150 2525 2204 Castrorum
2554 2160 2701 2205 extra
2730 2148 2872 2204 fores
2900 2163 3096 2218 corpus
3122 2148 3389 2219 jussuque
3407 2148 3695 2218 cremavit,

2214 2239 2381 2309 Cujus
2411 2238 2475 2293 de
2505 2238 2682 2293 cinere
2712 2235 3009 2291 mundabat
3037 2251 3267 2307 corpora
3298 2237 3449 2305 lapsa

2210 2332 2319 2385 Hoc
2348 2331 2612 2386 Dominus
2634 2338 2831 2400 noster,
2861 2329 2954 2401 qui
2990 2343 3092 2385 nos
3120 2344 3215 2382 sua
3243 2338 3414 2384 morte
3442 2328 3698 2396 redemit,

2208 2419 2369 2475 Extra
2396 2428 2590 2491 castra,
2622 2420 2809 2476 volens
2839 2419 3024 2489 populi
3056 2417 3164 2476 vim
3186 2434 3377 2490 passus
3395 2418 3587 2490 iniqui,

2208 2510 2456 2582 Implevit
2485 2511 2682 2582 legem,
2714 2507 2871 2564 factis
2898 2507 3158 2578 praedicta
3189 2506 3487 2577 probando,

2203 2599 2307 2669 Qui
2335 2615 2462 2658 vere
2491 2598 2714 2654 mundat
2734 2598 2949 2669 plebem
2978 2598 3280 2654 cantamine
3306 2597 3548 2669 plenam,

2204 2690 2402 2746 Omnia
2430 2689 2753 2755 concedens,
2788 2687 2946 2758 quasi
2977 2686 3138 2742 dives
3157 2686 3401 2758 corporis
3428 2694 3637 2759 auctor,

2202 2781 2345 2835 Intra
2369 2778 2613 2833 velamen
2641 2776 2763 2833 coeli
2793 2791 2916 2831 cum
2944 2776 3204 2849 sanguine
3233 2791 3472 2846 gressus,

2200 2867 2445 2924 Effundit
2464 2882 2624 2939 quem
2656 2882 2752 2936 pro
2780 2866 3068 2921 multorum
3098 2864 3359 2921 mortibus
3380 2880 3543 2923 unus.

2202 2958 2347 3030 Ergo
2375 2956 2709 3013 sacerdotem
2740 2971 2996 3027 magnum
3027 2954 3180 3027 decet
3216 2954 3391 3009 hostia
3419 2961 3627 3020 sancta,

2200 3045 2373 3115 Quam
2404 3044 2568 3119 digne
2604 3042 2879 3116 perfectus
2899 3043 3125 3109 habens,
3158 3042 3361 3099 offerre
3399 3044 3706 3115 probetur:

2200 3135 2411 3205 Corpus
2436 3135 2619 3203 habet,
2641 3134 2754 3187 haec
2782 3140 2865 3188 est
2901 3130 3217 3187 mortalibus
3244 3132 3421 3188 hostia
3450 3132 3567 3190 viva
3591 3149 3605 3188 :

2204 3225 2354 3281 Hanc
2390 3224 2609 3295 dignam
2639 3224 2874 3295 magnis,
2905 3238 3004 3294 pro
3034 3222 3246 3278 cunctis
3275 3210 3473 3279 obtulit
3504 3237 3697 3293 unam,

2200 3315 2478 3371 Hircorum
2500 3312 2707 3383 species
2738 3311 2985 3367 homines
3021 3311 3164 3368 dicat
3189 3328 3309 3369 esse
3331 3312 3581 3383 repulsos

2199 3405 2277 3459 Ex
2306 3403 2517 3459 duobus
2545 3400 2771 3473 populis
2790 3400 3027 3472 steriles,
3060 3401 3184 3458 sine
3214 3400 3480 3458 fructibus
3510 3402 3716 3470 ambos,

2198 3492 2349 3562 Quos
2384 3492 2439 3547 in
2456 3490 2747 3564 Evangelio
2772 3490 3035 3545 Dominus
3059 3506 3275 3563 quoque
3316 3489 3473 3559 dixit,
3508 3499 3562 3547 et
3608 3490 3794 3547 haedos

2194 3581 2306 3636 Abs
2356 3580 2555 3637 ovibus
2582 3579 2728 3637 cerni
2758 3586 2963 3635 stantes
3008 3579 3063 3636 in
3094 3587 3241 3651 parte
3269 3578 3506 3652 sinistra,

2195 3671 2328 3726 Esse
2357 3670 2575 3741 quidem
2601 3669 2867 3739 quosdam
2897 3669 3115 3724 Domini
3158 3683 3257 3740 pro
3298 3668 3521 3725 nomine
3565 3683 3801 3743 passos;

2199 3759 2292 3817 Sic
2319 3767 2498 3814 actum
2524 3758 2784 3829 sterilem,
2815 3756 3049 3814 fructum
3080 3759 3319 3831 velasse,
3352 3773 3603 3829 supremo

2198 3850 2310 3904 Hos
2340 3846 2532 3903 merito
2559 3846 2759 3918 dignos
2788 3863 2915 3917 arae,
2950 3847 3106 3904 decet
3133 3863 3254 3903 esse
3280 3847 3613 3919 prophetas;

2196 3936 2457 4005 Abjectos
2482 3937 2638 4006 alios,
2667 3940 2870 3994 Lazaro
2907 3946 2964 3993 ut
2994 3938 3145 3996 dives
3182 3938 3423 4010 iniquus,

2194 4024 2253 4081 In
2283 4042 2383 4084 sua
2410 4025 2604 4083 duritie
2630 4027 2724 4099 qui
2756 4043 3101 4098 permansere
3130 4026 3357 4099 repulsi.

2815 4204 3042 4262 CAPUT
3098 4204 3163 4261 V.

2256 4384 2391 4439 Nam
2438 4383 2612 4439 velum
2649 4382 2705 4439 in
2756 4383 2935 4439 medio
2982 4382 3230 4454 pendens
3294 4383 3552 4440 cernebat
3598 4392 3797 4442 utros-

2186 4473 2352 4545 Inque
2380 4474 2516 4530 duas
2543 4483 2726 4545 partes
2754 4473 2926 4529 aedem
2954 4443 3207 4530 diviserat
3253 4490 3435 4531 unam.
3474 4473 3603 4548 [que
3644 4476 3796 4547 (63),

2188 4563 2447 4619 Interiora
2476 4563 2697 4634 quidem
2724 4570 3037 4619 sanctorum
3068 4571 3253 4620 sancta
3284 4572 3494 4622 vocata.

1855 4633 2043 4695 Varia:
2086 4642 2391 4706 lectiones.

636 4705 773 4762 Nam
807 4708 993 4766 Obert.

1870 4784 2375 4856 Commentarius.

547 4862 779 4937 (60)_Ex
799 4878 903 4934 quo
933 4864 1118 4918 omnis
1147 4863 1346 4937 patria
1375 4862 1439 4915 in
1468 4862 1602 4937 caelo
1626 4865 1890 4937 terraque
1910 4882 2079 4925 voca-

478 4934 596 5006 t_u7_'.
656 4934 943 4989 Rcservata
979 4943 1069 5006 est
1114 4934 1181 4986 ab
1267 4939 1482 5006 auctore
1536 4933 1591 4987 in
1654 4935 1755 4989 hac
1792 4933 2082 5006 scriptura

473 5000 779 5083 Ephes._m
821 5003 1504 5083 -V:O_)K.Grieca_zatpt&,nde
1550 5019 1653 5083 qua
1703 5006 1764 5083 B_.
1812 5000 2081 5083 Hierony-

474 5086 614 5152 mus,
639 5074 760 5128 adv.
820 5074 1026 5131 llelvid.
1059 5075 1343 5152 scribens,_
1398 5074 1593 5130 fatetur
1631 5076 1847 5152 Latinos
1897 5074 2078 5151 pater-

473 5146 668 5198 nitates
711 5159 921 5220 vocare,
971 5160 1109 5220 quos
1169 5146 1346 5220 Graeci
1419 5146 1909 5220 Y008Di41ta7pt&,i
1958 5170 2078 5210 cum

470 5227 537 5268 ex
559 5230 671 5287 una
700 5214 878 5269 radice
907 5214 1071 5269 multa
1101 5219 1313 5287 generis
1341 5219 1499 5273 turba
1526 5214 1869 5277 diffunditur.

544 5285 653 5364 (6t)
712 5286 994 5364 Cur__Dcu_s
1034 5285 1160 5357 ergo
1180 5288 1341 5364 j_-ubet
1366 5306 1637 5364 pecorum
1673 5292 1778 5347 sibi
1804 5297 2081 5364 sanguine

467 5355 658 5440 fundi,
683 5365 796 5440 _etc._
820 5357 1048 5440 Pulchre
1074 5355 1304 5440 explicat
1335 5355 1613 5440 sacrificia,
1640 5355 2073 5440 vituligviulaz,

466 5440 526 5555 e5
732 5432 1029 5503 utriusque
1068 5450 1087 5487 :
1119 5429 1361 5488 alludens
1410 5432 1603 5488 iterum
1631 5434 1697 5486 ad
1734 5448 1783 5488 c.
1818 5435 1850 5487 9
1901 5429 2073 5507 Epist:

466 5516 491 5556 a
611 5519 639 5556 e
680 5518 723 5555 r.

460 5516 526 5556 aa
559 5516 723 5557 HCDI.

509 5572 643 5653 _(62)
673 5575 851 5653 {itque
879 5572 1189 5653 sacerdotes
1210 5576 1383 5653 coluit
1430 5576 1519 5632 sui
1542 5576 1787 5653 corporis
1810 5592 1940 5646 esse,
1968 5588 2050 5636 etc

458 5643 552 5701 His
577 5643 768 5705 verbis
784 5644 1091 5704 confirmari
1118 5647 1413 5706 veritatem
1463 5643 1709 5718 corporis
1745 5653 1803 5705 et
1832 5643 2070 5723 sangui-

2188 4872 2282 4926 nis
2310 4867 2555 4931 Domini,
2586 4881 2751 4937 supra
2787 4865 3166 4923 adnotavimus
3196 4881 3236 4923 t.
3257 4881 3335 4934 Iv,
3360 4867 3483 4923 adv.
3518 4867 3688 4924 Marc.
3732 4886 3791 4925 .

2193 4940 2282 5009 40,
2312 4955 2369 4994 n.
2400 4940 2525 5010 662,
2558 4938 2648 4993 ubi
2667 4953 2731 4993 ea
2762 4937 2829 4993 de
2856 4954 2915 4994 re
2943 4938 3132 4994 latius.
3166 4938 3377 4994 Rursus
3396 4950 3571 4994 autem
3617 4940 3793 5010 paulo

2192 5020 2334 5083 post,
2378 5009 2505 5083 dum
2543 5011 2743 5066 vitulw
2770 5012 3072 5083 victimam,
3111 5010 3559 5083 explicat,utitur
3605 5009 3784 5083 voce:

2189 5081 2533 5151 cantamine,
2567 5097 2664 5152 pro
2694 5081 3195 5139 contaminatione.
3217 5081 3380 5152 Atqui
3410 5082 3685 5152 deinceps,
3715 5082 3792 5138 de

2186 5154 2396 5210 duobus
2430 5153 2603 5210 hircis
2634 5155 2770 5223 agit.

2259 5226 2376 5296 (63)
2392 5226 2533 5281 Nam
2549 5222 2736 5282 velum
2757 5225 2818 5281 in
2838 5223 3023 5281 medio
3044 5222 3298 5296 pendens
3309 5223 3574 5281 cernebat
3595 5228 3794 5281 utros.

2188 5295 2310 5371 que,
2345 5295 2759 5371 etc.Acci_pitur
2790 5295 3075 5371 cernebat,
3097 5310 3226 5367 pro:
3260 5297 3648 5363 discernebat;
3686 5306 3790 5352 ut-

2186 5367 2309 5441 pote
2328 5367 2475 5441 quod
2498 5368 2849 5441 distingueret
2878 5367 3015 5421 inter
3046 5369 3257 5423 Sancta
3283 5372 3645 5441 sanctorum,
3670 5384 3791 5437 quo

2186 5437 2362 5496 solus
2402 5437 2800 5510 ingrediebatur
2861 5454 3105 5510 summus
3170 5438 3427 5510 pontifex,
3477 5449 3531 5494 et
3592 5449 3792 5495 sancta

2184 5511 2296 5570 sive
2326 5509 2749 5638 tgbernaculum,
2785 5510 2837 5564 in
2867 5509 3012 5580 quod
3052 5509 3549 5567 intremittebantur
3587 5512 3786 5567 caeteri

2184 5599 2334 5638 sacer
2376 5590 2511 5638 otes.

2181 5590 2511 5641 SRCBIdOlCS.
