  <div class='ocr_page' id='page_1' title='image "/cluster/home/n/w/nwhite01/storage/ocr_20150623/2/hvd.32044096580329/575.png"; bbox 0 0 4062 6178; ppageno 0'>
   <div class='ocr_carea' id='block_1_1' title="bbox 519 288 3806 398">
    <p class='ocr_par' dir='ltr' id='par_1_1' title="bbox 519 288 3806 398">
     <span class='ocr_line' id='line_1_1' title="bbox 519 288 3806 398; baseline -0.015 -1"><span class='ocrx_word' id='word_1_1' title='bbox 519 337 656 398; x_wconf 80' lang='lat'>1139</span> <span class='ocrx_word' id='word_1_2' title='bbox 1584 319 1668 378; x_wconf 79' lang='lat' dir='ltr'>Al)</span> <span class='ocrx_word' id='word_1_3' title='bbox 1707 314 1995 377; x_wconf 78' lang='lat' dir='ltr'>GENUINA</span> <span class='ocrx_word' id='word_1_4' title='bbox 2032 308 2475 372; x_wconf 77' lang='lat' dir='ltr'>TERTULLIANI</span> <span class='ocrx_word' id='word_1_5' title='bbox 2519 305 2734 367; x_wconf 83' lang='lat' dir='ltr'>OPERA</span> <span class='ocrx_word' id='word_1_6' title='bbox 3664 288 3806 352; x_wconf 69' lang='grc'>1140</span> 
     </span>
    </p>
   </div>
   <div class='ocr_carea' id='block_1_2' title="bbox 513 426 3477 530">
    <p class='ocr_par' dir='ltr' id='par_1_2' title="bbox 513 426 3477 530">
     <span class='ocr_line' id='line_1_2' title="bbox 513 426 3477 530; baseline -0.014 -10"><span class='ocrx_word' id='word_1_7' title='bbox 513 466 656 520; x_wconf 81' lang='lat' dir='ltr'>Arca</span> <span class='ocrx_word' id='word_1_8' title='bbox 689 458 858 516; x_wconf 82' lang='lat' dir='ltr'>Patris</span> <span class='ocrx_word' id='word_1_9' title='bbox 888 454 1104 519; x_wconf 89' lang='lat' dir='ltr'>summi,</span> <span class='ocrx_word' id='word_1_10' title='bbox 1138 469 1235 525; x_wconf 87' lang='lat' dir='ltr'>per</span> <span class='ocrx_word' id='word_1_11' title='bbox 1274 466 1434 523; x_wconf 90' lang='lat' dir='ltr'>quem</span> <span class='ocrx_word' id='word_1_12' title='bbox 1464 449 1609 504; x_wconf 80' lang='lat' dir='ltr'>dedit</span> <span class='ocrx_word' id='word_1_13' title='bbox 1636 444 1812 501; x_wconf 85' lang='lat' dir='ltr'>omnia</span> <span class='ocrx_word' id='word_1_14' title='bbox 1838 443 2006 498; x_wconf 85' lang='lat' dir='ltr'>dives.</span> <span class='ocrx_word' id='word_1_15' title='bbox 2131 453 2177 530; x_wconf 65' lang='grc' dir='ltr'>Α</span> <span class='ocrx_word' id='word_1_16' title='bbox 2206 433 2484 530; x_wconf 68' lang='lat' dir='ltr'>Signiﬁcat</span> <span class='ocrx_word' id='word_1_17' title='bbox 2510 434 2673 530; x_wconf 79' lang='lat' dir='ltr'>verbo</span> <span class='ocrx_word' id='word_1_18' title='bbox 2695 430 2851 487; x_wconf 88' lang='lat' dir='ltr'>simul</span> <span class='ocrx_word' id='word_1_19' title='bbox 2873 430 3055 530; x_wconf 82' lang='lat' dir='ltr'>omnia</span> <span class='ocrx_word' id='word_1_20' title='bbox 3084 428 3265 485; x_wconf 87' lang='lat' dir='ltr'>clausa</span> <span class='ocrx_word' id='word_1_21' title='bbox 3281 426 3477 530; x_wconf 75' lang='lat' dir='ltr'>videri;</span> 
     </span>
    </p>
   </div>
   <div class='ocr_carea' id='block_1_3' title="bbox 518 513 3697 623">
    <p class='ocr_par' dir='ltr' id='par_1_3' title="bbox 518 513 3697 623">
     <span class='ocr_line' id='line_1_3' title="bbox 518 513 3697 623; baseline -0.014 -14"><span class='ocrx_word' id='word_1_22' title='bbox 518 513 774 623; x_wconf 38' lang='lat' dir='ltr'>litvir&#39;ga</span> <span class='ocrx_word' id='word_1_23' title='bbox 803 547 1028 617; x_wconf 75' lang='lat' dir='ltr'>styracis</span> <span class='ocrx_word' id='word_1_24' title='bbox 1064 513 1265 598; x_wconf 70' lang='lat' dir='ltr'>fructus</span> <span class='ocrx_word' id='word_1_25' title='bbox 1291 513 1447 595; x_wconf 78' lang='lat' dir='ltr'>nucis</span> <span class='ocrx_word' id='word_1_26' title='bbox 1476 537 1662 592; x_wconf 79' lang='lat' dir='ltr'>adtulit</span> <span class='ocrx_word' id='word_1_27' title='bbox 1691 535 1815 605; x_wconf 87' lang='lat' dir='ltr'>ipsa</span> <span class='ocrx_word' id='word_1_28' title='bbox 2131 513 2177 530; x_wconf 85' lang='grc'>’“</span> <span class='ocrx_word' id='word_1_29' title='bbox 2206 526 2337 580; x_wconf 87' lang='lat' dir='ltr'>Nam</span> <span class='ocrx_word' id='word_1_30' title='bbox 2372 523 2595 579; x_wconf 88' lang='lat' dir='ltr'>vitreum</span> <span class='ocrx_word' id='word_1_31' title='bbox 2624 522 2855 623; x_wconf 50' lang='lat' dir='ltr'>tlammnae</span> <span class='ocrx_word' id='word_1_32' title='bbox 2887 518 3108 623; x_wconf 72' lang='lat' dir='ltr'>mixtum</span> <span class='ocrx_word' id='word_1_33' title='bbox 3131 532 3297 623; x_wconf 70' lang='lat' dir='ltr'>mare,</span> <span class='ocrx_word' id='word_1_34' title='bbox 3329 515 3472 570; x_wconf 90' lang='lat' dir='ltr'>dona</span> <span class='ocrx_word' id='word_1_35' title='bbox 3496 514 3697 623; x_wconf 63' lang='lat' dir='ltr'>lavacri</span> 
     </span>
    </p>
   </div>
   <div class='ocr_carea' id='block_1_4' title="bbox 522 604 3687 713">
    <p class='ocr_par' dir='ltr' id='par_1_4' title="bbox 522 604 3687 713">
     <span class='ocr_line' id='line_1_4' title="bbox 522 604 3687 713; baseline -0.014 -15"><span class='ocrx_word' id='word_1_36' title='bbox 522 604 793 713; x_wconf 36' lang='lat' dir='ltr'>{liii-giliis</span> <span class='ocrx_word' id='word_1_37' title='bbox 813 604 928 691; x_wconf 57' lang='lat' dir='ltr'>hinc</span> <span class='ocrx_word' id='word_1_38' title='bbox 951 633 1183 705; x_wconf 87' lang='lat' dir='ltr'>species,</span> <span class='ocrx_word' id='word_1_39' title='bbox 1209 629 1401 702; x_wconf 78' lang='lat' dir='ltr'>genuit</span> <span class='ocrx_word' id='word_1_40' title='bbox 1428 643 1547 698; x_wconf 84' lang='lat' dir='ltr'>quae</span> <span class='ocrx_word' id='word_1_41' title='bbox 1568 604 1833 690; x_wconf 74' lang='lat' dir='ltr'>sanguine</span> <span class='ocrx_word' id='word_1_42' title='bbox 1853 620 2097 690; x_wconf 89' lang='lat' dir='ltr'>corpus).</span> <span class='ocrx_word' id='word_1_43' title='bbox 2209 612 2424 713; x_wconf 38' lang='lat'>1084.</span> <span class='ocrx_word' id='word_1_44' title='bbox 2455 611 2657 713; x_wconf 55' lang='lat' dir='ltr'>Spiritu</span> <span class='ocrx_word' id='word_1_45' title='bbox 2686 610 2926 713; x_wconf 38' lang='lat' dir='ltr'>conflato.</span> <span class='ocrx_word' id='word_1_46' title='bbox 2946 604 3687 713; x_wconf 35' lang='lat' dir='ltr'>credentibus-esseutributa.</span> 
     </span>
    </p>
   </div>
   <div class='ocr_carea' id='block_1_5' title="bbox 517 692 3652 799">
    <p class='ocr_par' dir='ltr' id='par_1_5' title="bbox 517 692 3652 799">
     <span class='ocr_line' id='line_1_5' title="bbox 517 692 3652 799; baseline -0.014 -12"><span class='ocrx_word' id='word_1_47' title='bbox 517 692 811 799; x_wconf 43' lang='lat' dir='ltr'>Con—jiincta</span> <span class='ocrx_word' id='word_1_48' title='bbox 840 725 895 778; x_wconf 91' lang='lat' dir='ltr'>in</span> <span class='ocrx_word' id='word_1_49' title='bbox 924 692 1095 795; x_wconf 51' lang='lat' dir='ltr'>liéno,</span> <span class='ocrx_word' id='word_1_50' title='bbox 1124 692 1333 776; x_wconf 60' lang='lat' dir='ltr'>sedabit</span> <span class='ocrx_word' id='word_1_51' title='bbox 1361 692 1557 771; x_wconf 82' lang='lat' dir='ltr'>mortis</span> <span class='ocrx_word' id='word_1_52' title='bbox 1574 729 1817 769; x_wconf 91' lang='lat' dir='ltr'>amarum</span> <span class='ocrx_word' id='word_1_53' title='bbox 2208 702 2339 799; x_wconf 67' lang='lat' dir='ltr'>Quae</span> <span class='ocrx_word' id='word_1_54' title='bbox 2368 701 2540 799; x_wconf 74' lang='lat' dir='ltr'>pietas</span> <span class='ocrx_word' id='word_1_55' title='bbox 2568 697 2808 799; x_wconf 77' lang='lat' dir='ltr'>Domini!</span> <span class='ocrx_word' id='word_1_56' title='bbox 2841 697 2970 795; x_wconf 38' lang='lat' dir='ltr'>quis.</span> <span class='ocrx_word' id='word_1_57' title='bbox 2993 704 3196 799; x_wconf 86' lang='lat' dir='ltr'>tantum</span> <span class='ocrx_word' id='word_1_58' title='bbox 3224 692 3652 799; x_wconf 33' lang='lat' dir='ltr'>dicerenpossit,’</span> 
     </span>
    </p>
   </div>
   <div class='ocr_carea' id='block_1_6' title="bbox 516 781 3681 876">
    <p class='ocr_par' dir='ltr' id='par_1_6' title="bbox 516 781 3681 876">
     <span class='ocr_line' id='line_1_6' title="bbox 516 781 3681 876; baseline -0.014 0"><span class='ocrx_word' id='word_1_59' title='bbox 516 781 1003 876; x_wconf 18' lang='lat' dir='ltr'>rfructuni</span> <span class='ocrx_word' id='word_1_60' title='bbox 1032 781 1268 876; x_wconf 82' lang='lat' dir='ltr'>dulcem,</span> <span class='ocrx_word' id='word_1_61' title='bbox 1304 807 1371 863; x_wconf 90' lang='lat' dir='ltr'>de</span> <span class='ocrx_word' id='word_1_62' title='bbox 1402 806 1603 876; x_wconf 87' lang='lat' dir='ltr'>Spiritu</span> <span class='ocrx_word' id='word_1_63' title='bbox 1638 808 1842 870; x_wconf 83' lang='lat' dir='ltr'>sancto,</span> <span class='ocrx_word' id='word_1_64' title='bbox 2211 793 2349 845; x_wconf 85' lang='lat' dir='ltr'>Ante</span> <span class='ocrx_word' id='word_1_65' title='bbox 2388 789 2670 853; x_wconf 87' lang='lat' dir='ltr'>tribunale,</span> <span class='ocrx_word' id='word_1_66' title='bbox 2700 794 2825 843; x_wconf 89' lang='lat' dir='ltr'>ante</span> <span class='ocrx_word' id='word_1_67' title='bbox 2857 784 3218 876; x_wconf 76' lang='lat' dir='ltr'>pavimentum</span> <span class='ocrx_word' id='word_1_68' title='bbox 3250 798 3372 853; x_wconf 64' lang='lat' dir='ltr'>quae</span> <span class='ocrx_word' id='word_1_69' title='bbox 3392 781 3440 876; x_wconf 24' lang='lat' dir='ltr'>A23</span> <span class='ocrx_word' id='word_1_70' title='bbox 3468 781 3681 852; x_wconf 86' lang='lat' dir='ltr'>paravit</span> 
     </span>
    </p>
   </div>
   <div class='ocr_carea' id='block_1_7' title="bbox 516 872 3585 973">
    <p class='ocr_par' dir='ltr' id='par_1_7' title="bbox 516 872 3585 973">
     <span class='ocr_line' id='line_1_7' title="bbox 516 872 3585 973; baseline -0.007 -9"><span class='ocrx_word' id='word_1_71' title='bbox 690 872 888 960; x_wconf 12' lang='lat' dir='ltr'>iEsaias</span> <span class='ocrx_word' id='word_1_72' title='bbox 918 902 1124 973; x_wconf 79' lang='lat' dir='ltr'>virgam</span> <span class='ocrx_word' id='word_1_73' title='bbox 1158 898 1224 952; x_wconf 85' lang='lat' dir='ltr'>de</span> <span class='ocrx_word' id='word_1_74' title='bbox 1254 872 1462 951; x_wconf 80' lang='lat' dir='ltr'>semine</span> <span class='ocrx_word' id='word_1_75' title='bbox 1490 896 1643 950; x_wconf 85' lang='lat' dir='ltr'>Jesse</span> <span class='ocrx_word' id='word_1_76' title='bbox 2213 879 2283 934; x_wconf 65' lang='lat' dir='ltr'>Ut</span> <span class='ocrx_word' id='word_1_77' title='bbox 2314 880 2430 934; x_wconf 65' lang='lat' dir='ltr'>fora</span> <span class='ocrx_word' id='word_1_78' title='bbox 2452 876 2829 948; x_wconf 66' lang='grc' dir='ltr'>ἱιιάίαὶυιηίιιιθ</span> <span class='ocrx_word' id='word_1_79' title='bbox 2858 873 2962 930; x_wconf 71' lang='lat' dir='ltr'>Sibi</span> <span class='ocrx_word' id='word_1_80' title='bbox 2990 872 3292 973; x_wconf 49' lang='grc' dir='ltr'>δηξίῧίρεξτίῖ</span> <span class='ocrx_word' id='word_1_81' title='bbox 3321 873 3585 973; x_wconf 51' lang='grc' dir='ltr'>γοξεηίεδν</span> 
     </span>
    </p>
   </div>
   <div class='ocr_carea' id='block_1_8' title="bbox 514 958 3410 1056">
    <p class='ocr_par' dir='ltr' id='par_1_8' title="bbox 514 958 3410 1056">
     <span class='ocr_line' id='line_1_8' title="bbox 514 958 3410 1056; baseline -0.013 -4"><span class='ocrx_word' id='word_1_82' title='bbox 514 958 774 1051; x_wconf 53' lang='lat' dir='ltr'>Prmdixit</span> <span class='ocrx_word' id='word_1_83' title='bbox 803 958 1033 1047; x_wconf 54' lang='lat' dir='ltr'>Marian:</span> <span class='ocrx_word' id='word_1_84' title='bbox 1053 989 1120 1042; x_wconf 92' lang='lat' dir='ltr'>de</span> <span class='ocrx_word' id='word_1_85' title='bbox 1149 1003 1253 1056; x_wconf 91' lang='lat' dir='ltr'>qua</span> <span class='ocrx_word' id='word_1_86' title='bbox 1284 986 1382 1041; x_wconf 78' lang='lat' dir='ltr'>flos</span> <span class='ocrx_word' id='word_1_87' title='bbox 1422 984 1533 1038; x_wconf 83' lang='lat' dir='ltr'>exit</span> <span class='ocrx_word' id='word_1_88' title='bbox 1565 982 1623 1035; x_wconf 89' lang='lat' dir='ltr'>in</span> <span class='ocrx_word' id='word_1_89' title='bbox 1653 982 1859 1037; x_wconf 91' lang='lat' dir='ltr'>orbem.</span> <span class='ocrx_word' id='word_1_90' title='bbox 2214 968 2281 1022; x_wconf 85' lang='lat' dir='ltr'>Et</span> <span class='ocrx_word' id='word_1_91' title='bbox 2304 968 2570 1040; x_wconf 79' lang='lat' dir='ltr'>fugerent,</span> <span class='ocrx_word' id='word_1_92' title='bbox 2588 973 2733 1021; x_wconf 89' lang='lat' dir='ltr'>esset</span> <span class='ocrx_word' id='word_1_93' title='bbox 2756 961 3072 1036; x_wconf 88' lang='lat' dir='ltr'>properanti</span> <span class='ocrx_word' id='word_1_94' title='bbox 3094 961 3251 1034; x_wconf 86' lang='lat' dir='ltr'>cOpia</span> <span class='ocrx_word' id='word_1_95' title='bbox 3279 958 3410 1015; x_wconf 84' lang='lat' dir='ltr'>latal</span> 
     </span>
    </p>
   </div>
   <div class='ocr_carea' id='block_1_9' title="bbox 522 1064 2012 1139">
    <p class='ocr_par' dir='ltr' id='par_1_9' title="bbox 522 1064 2012 1139">
     <span class='ocr_line' id='line_1_9' title="bbox 522 1064 2012 1139; baseline -0.015 1"><span class='ocrx_word' id='word_1_96' title='bbox 522 1080 755 1139; x_wconf 80' lang='lat' dir='ltr'>I083</span> <span class='ocrx_word' id='word_1_97' title='bbox 793 1080 901 1135; x_wconf 82' lang='lat' dir='ltr'>Ara</span> <span class='ocrx_word' id='word_1_98' title='bbox 935 1078 1111 1132; x_wconf 87' lang='lat' dir='ltr'>nitens</span> <span class='ocrx_word' id='word_1_99' title='bbox 1138 1090 1268 1129; x_wconf 90' lang='lat' dir='ltr'>auro</span> <span class='ocrx_word' id='word_1_100' title='bbox 1308 1074 1504 1128; x_wconf 85' lang='lat' dir='ltr'>coelum</span> <span class='ocrx_word' id='word_1_101' title='bbox 1536 1070 1767 1125; x_wconf 84' lang='lat' dir='ltr'>declarat</span> <span class='ocrx_word' id='word_1_102' title='bbox 1797 1066 1851 1120; x_wconf 92' lang='lat' dir='ltr'>in</span> <span class='ocrx_word' id='word_1_103' title='bbox 1882 1064 2012 1129; x_wconf 85' lang='lat' dir='ltr'>alto,</span> 
     </span>
    </p>
   </div>
   <div class='ocr_carea' id='block_1_10' title="bbox 516 1155 3218 1243">
    <p class='ocr_par' dir='ltr' id='par_1_10' title="bbox 516 1155 3218 1243">
     <span class='ocr_line' id='line_1_10' title="bbox 516 1155 3218 1243; baseline -0.013 -15"><span class='ocrx_word' id='word_1_104' title='bbox 516 1173 636 1242; x_wconf 88' lang='lat' dir='ltr'>Quo</span> <span class='ocrx_word' id='word_1_105' title='bbox 669 1178 863 1225; x_wconf 68' lang='lat' dir='ltr'>sancta)</span> <span class='ocrx_word' id='word_1_106' title='bbox 894 1167 1108 1221; x_wconf 83' lang='lat' dir='ltr'>subiere</span> <span class='ocrx_word' id='word_1_107' title='bbox 1138 1179 1350 1235; x_wconf 80' lang='lat' dir='ltr'>preces,</span> <span class='ocrx_word' id='word_1_108' title='bbox 1374 1163 1489 1215; x_wconf 87' lang='lat' dir='ltr'>sine</span> <span class='ocrx_word' id='word_1_109' title='bbox 1510 1158 1731 1215; x_wconf 91' lang='lat' dir='ltr'>crimine</span> <span class='ocrx_word' id='word_1_110' title='bbox 1753 1155 1959 1221; x_wconf 67' lang='lat' dir='ltr'>missae;</span> <span class='ocrx_word' id='word_1_111' title='bbox 2783 1184 3003 1243; x_wconf 69' lang='lat' dir='ltr'>CAPUT</span> <span class='ocrx_word' id='word_1_112' title='bbox 3080 1184 3218 1242; x_wconf 45' lang='lat' dir='ltr'>VI&quot;.</span> 
     </span>
    </p>
   </div>
   <div class='ocr_carea' id='block_1_11' title="bbox 515 1242 1930 1322">
    <p class='ocr_par' dir='ltr' id='par_1_11' title="bbox 515 1242 1930 1322">
     <span class='ocr_line' id='line_1_11' title="bbox 515 1242 1930 1322; baseline -0.013 -7"><span class='ocrx_word' id='word_1_113' title='bbox 515 1262 663 1315; x_wconf 86' lang='lat' dir='ltr'>Ilanc</span> <span class='ocrx_word' id='word_1_114' title='bbox 692 1274 836 1314; x_wconf 88' lang='lat' dir='ltr'>aram</span> <span class='ocrx_word' id='word_1_115' title='bbox 864 1256 1129 1310; x_wconf 87' lang='lat' dir='ltr'>Dominus</span> <span class='ocrx_word' id='word_1_116' title='bbox 1159 1252 1314 1319; x_wconf 80' lang='lat' dir='ltr'>dixit,</span> <span class='ocrx_word' id='word_1_117' title='bbox 1346 1266 1451 1322; x_wconf 90' lang='lat' dir='ltr'>qua</span> <span class='ocrx_word' id='word_1_118' title='bbox 1481 1262 1706 1303; x_wconf 89' lang='lat' dir='ltr'>munera</span> <span class='ocrx_word' id='word_1_119' title='bbox 1736 1244 1783 1298; x_wconf 90' lang='lat' dir='ltr'>si</span> <span class='ocrx_word' id='word_1_120' title='bbox 1807 1242 1930 1315; x_wconf 87' lang='lat' dir='ltr'>quis</span> 
     </span>
    </p>
   </div>
   <div class='ocr_carea' id='block_1_12' title="bbox 515 1332 3551 1416">
    <p class='ocr_par' dir='ltr' id='par_1_12' title="bbox 515 1332 3551 1416">
     <span class='ocr_line' id='line_1_12' title="bbox 515 1332 3551 1416; baseline -0.01 -11"><span class='ocrx_word' id='word_1_121' title='bbox 515 1348 710 1413; x_wconf 85' lang='lat' dir='ltr'>Offert,</span> <span class='ocrx_word' id='word_1_122' title='bbox 744 1355 803 1402; x_wconf 87' lang='lat' dir='ltr'>ut</span> <span class='ocrx_word' id='word_1_123' title='bbox 833 1346 1065 1416; x_wconf 88' lang='lat' dir='ltr'>primum</span> <span class='ocrx_word' id='word_1_124' title='bbox 1099 1357 1284 1413; x_wconf 86' lang='lat' dir='ltr'>pacem</span> <span class='ocrx_word' id='word_1_125' title='bbox 1317 1355 1438 1394; x_wconf 91' lang='lat' dir='ltr'>cum</span> <span class='ocrx_word' id='word_1_126' title='bbox 1469 1338 1633 1393; x_wconf 63' lang='lat' dir='ltr'>fratre</span> <span class='ocrx_word' id='word_1_127' title='bbox 1662 1340 1928 1395; x_wconf 86' lang='lat' dir='ltr'>retractet,</span> <span class='ocrx_word' id='word_1_128' title='bbox 2287 1341 2376 1398; x_wconf 75' lang='lat' dir='ltr'>Sic</span> <span class='ocrx_word' id='word_1_129' title='bbox 2406 1339 2571 1411; x_wconf 56' lang='lat' dir='ltr'>igitur</span> <span class='ocrx_word' id='word_1_130' title='bbox 2608 1340 2714 1395; x_wconf 68' lang='lat' dir='ltr'>Lex</span> <span class='ocrx_word' id='word_1_131' title='bbox 2744 1345 2796 1393; x_wconf 68' lang='grc' dir='ltr'>ει</span> <span class='ocrx_word' id='word_1_132' title='bbox 2825 1335 2947 1391; x_wconf 66' lang='lat' dir='ltr'>miri</span> <span class='ocrx_word' id='word_1_133' title='bbox 2977 1332 3223 1392; x_wconf 66' lang='lat' dir='ltr'>cecinere</span> <span class='ocrx_word' id='word_1_134' title='bbox 3254 1333 3551 1405; x_wconf 60' lang='lat' dir='ltr'>prophetae,</span> 
     </span>
    </p>
   </div>
   <div class='ocr_carea' id='block_1_13' title="bbox 514 1420 3664 1505">
    <p class='ocr_par' dir='ltr' id='par_1_13' title="bbox 514 1420 3664 1505">
     <span class='ocr_line' id='line_1_13' title="bbox 514 1420 3664 1505; baseline -0.011 0"><span class='ocrx_word' id='word_1_135' title='bbox 514 1438 602 1493; x_wconf 73' lang='lat' dir='ltr'>Sic</span> <span class='ocrx_word' id='word_1_136' title='bbox 630 1438 846 1492; x_wconf 67' lang='lat' dir='ltr'>demum</span> <span class='ocrx_word' id='word_1_137' title='bbox 876 1432 1101 1505; x_wconf 60' lang='lat' dir='ltr'>ﬂagrare</span> <span class='ocrx_word' id='word_1_138' title='bbox 1131 1444 1319 1499; x_wconf 64' lang='lat' dir='ltr'>Preces</span> <span class='ocrx_word' id='word_1_139' title='bbox 1346 1427 1408 1482; x_wconf 72' lang='lat' dir='ltr'>ad</span> <span class='ocrx_word' id='word_1_140' title='bbox 1443 1428 1620 1481; x_wconf 61' lang='lat' dir='ltr'>Sidera</span> <span class='ocrx_word' id='word_1_141' title='bbox 1648 1428 1893 1495; x_wconf 69' lang='grc' dir='ltr'>Ροδευῐηι</span> <span class='ocrx_word' id='word_1_142' title='bbox 2216 1429 2410 1486; x_wconf 89' lang='lat' dir='ltr'>Omnia</span> <span class='ocrx_word' id='word_1_143' title='bbox 2437 1431 2516 1484; x_wconf 89' lang='lat' dir='ltr'>sic</span> <span class='ocrx_word' id='word_1_144' title='bbox 2544 1429 2831 1496; x_wconf 87' lang='lat' dir='ltr'>conjuncta</span> <span class='ocrx_word' id='word_1_145' title='bbox 2860 1425 3066 1495; x_wconf 80' lang='lat' dir='ltr'>vigent,</span> <span class='ocrx_word' id='word_1_146' title='bbox 3097 1422 3395 1493; x_wconf 83' lang='lat' dir='ltr'>veterisque</span> <span class='ocrx_word' id='word_1_147' title='bbox 3424 1420 3664 1489; x_wconf 86' lang='lat' dir='ltr'>novique</span> 
     </span>
    </p>
   </div>
   <div class='ocr_carea' id='block_1_14' title="bbox 515 1507 3649 1591">
    <p class='ocr_par' dir='ltr' id='par_1_14' title="bbox 515 1507 3649 1591">
     <span class='ocr_line' id='line_1_14' title="bbox 515 1507 3649 1591; baseline -0.011 3"><span class='ocrx_word' id='word_1_148' title='bbox 515 1529 629 1582; x_wconf 75' lang='lat' dir='ltr'>H00</span> <span class='ocrx_word' id='word_1_149' title='bbox 659 1524 932 1591; x_wconf 54' lang='lat' dir='ltr'>Christus:</span> <span class='ocrx_word' id='word_1_150' title='bbox 963 1521 1141 1576; x_wconf 66' lang='grc' dir='ltr'>νίθιοτ</span> <span class='ocrx_word' id='word_1_151' title='bbox 1178 1519 1336 1574; x_wconf 68' lang='lat'>501115</span> <span class='ocrx_word' id='word_1_152' title='bbox 1367 1516 1685 1587; x_wconf 59' lang='lat' dir='ltr'>Primusque</span> <span class='ocrx_word' id='word_1_153' title='bbox 1713 1508 1968 1566; x_wconf 59' lang='lat' dir='ltr'>sacerdos</span> <span class='ocrx_word' id='word_1_154' title='bbox 2216 1518 2479 1584; x_wconf 71' lang='lat' dir='ltr'>Fmderis,</span> <span class='ocrx_word' id='word_1_155' title='bbox 2513 1517 2600 1572; x_wconf 89' lang='lat' dir='ltr'>illa</span> <span class='ocrx_word' id='word_1_156' title='bbox 2627 1531 2775 1571; x_wconf 90' lang='lat' dir='ltr'>sacra</span> <span class='ocrx_word' id='word_1_157' title='bbox 2805 1522 2858 1569; x_wconf 91' lang='lat' dir='ltr'>et</span> <span class='ocrx_word' id='word_1_158' title='bbox 2885 1513 3172 1569; x_wconf 86' lang='lat' dir='ltr'>verborum</span> <span class='ocrx_word' id='word_1_159' title='bbox 3202 1509 3458 1566; x_wconf 85' lang='lat' dir='ltr'>immania</span> <span class='ocrx_word' id='word_1_160' title='bbox 3483 1507 3649 1562; x_wconf 86' lang='lat' dir='ltr'>dicta.</span> 
     </span>
    </p>
   </div>
   <div class='ocr_carea' id='block_1_15' title="bbox 513 1599 3448 1681">
    <p class='ocr_par' dir='ltr' id='par_1_15' title="bbox 513 1599 3448 1681">
     <span class='ocr_line' id='line_1_15' title="bbox 513 1599 3448 1681; baseline -0.011 -9"><span class='ocrx_word' id='word_1_161' title='bbox 513 1614 723 1672; x_wconf 87' lang='lat' dir='ltr'>Obtulit</span> <span class='ocrx_word' id='word_1_162' title='bbox 752 1614 1051 1676; x_wconf 89' lang='lat' dir='ltr'>incensum,</span> <span class='ocrx_word' id='word_1_163' title='bbox 1086 1608 1337 1681; x_wconf 88' lang='lat' dir='ltr'>precibus</span> <span class='ocrx_word' id='word_1_164' title='bbox 1368 1621 1477 1661; x_wconf 93' lang='lat' dir='ltr'>non</span> <span class='ocrx_word' id='word_1_165' title='bbox 1504 1606 1697 1658; x_wconf 89' lang='lat' dir='ltr'>arbore</span> <span class='ocrx_word' id='word_1_166' title='bbox 1726 1605 1932 1653; x_wconf 89' lang='lat' dir='ltr'>natum.</span> <span class='ocrx_word' id='word_1_167' title='bbox 2217 1609 2306 1663; x_wconf 65' lang='lat' dir='ltr'>Sic</span> <span class='ocrx_word' id='word_1_168' title='bbox 2332 1616 2384 1663; x_wconf 70' lang='grc' dir='ltr'>ει</span> <span class='ocrx_word' id='word_1_169' title='bbox 2412 1605 2717 1677; x_wconf 54' lang='lat' dir='ltr'>apostolicae</span> <span class='ocrx_word' id='word_1_170' title='bbox 2746 1618 2912 1660; x_wconf 65' lang='lat' dir='ltr'>voces</span> <span class='ocrx_word' id='word_1_171' title='bbox 2938 1608 3204 1657; x_wconf 54' lang='lat' dir='ltr'>testamur</span> <span class='ocrx_word' id='word_1_172' title='bbox 3228 1599 3448 1669; x_wconf 60' lang='lat' dir='ltr'>ubique,</span> 
     </span>
    </p>
   </div>
   <div class='ocr_carea' id='block_1_16' title="bbox 511 1687 3807 1769">
    <p class='ocr_par' dir='ltr' id='par_1_16' title="bbox 511 1687 3807 1769">
     <span class='ocr_line' id='line_1_16' title="bbox 511 1687 3807 1769; baseline -0.005 -14"><span class='ocrx_word' id='word_1_173' title='bbox 511 1705 649 1761; x_wconf 86' lang='lat' dir='ltr'>Nam</span> <span class='ocrx_word' id='word_1_174' title='bbox 676 1699 947 1759; x_wconf 85' lang='lat' dir='ltr'>Cherubin</span> <span class='ocrx_word' id='word_1_175' title='bbox 976 1714 1097 1754; x_wconf 87' lang='lat' dir='ltr'>cum</span> <span class='ocrx_word' id='word_1_176' title='bbox 1129 1696 1195 1751; x_wconf 94' lang='lat' dir='ltr'>sit</span> <span class='ocrx_word' id='word_1_177' title='bbox 1225 1696 1306 1751; x_wconf 85' lang='lat' dir='ltr'>bis</span> <span class='ocrx_word' id='word_1_178' title='bbox 1337 1694 1476 1748; x_wconf 80' lang='lat' dir='ltr'>binis</span> <span class='ocrx_word' id='word_1_179' title='bbox 1503 1692 1740 1747; x_wconf 76' lang='lat' dir='ltr'>vultibus</span> <span class='ocrx_word' id='word_1_180' title='bbox 1771 1701 1960 1745; x_wconf 75' lang='grc' dir='ltr'>υηιιῐῖιο</span> <span class='ocrx_word' id='word_1_181' title='bbox 2142 1745 2181 1769; x_wconf 64' lang='grc' dir='ltr'>η</span> <span class='ocrx_word' id='word_1_182' title='bbox 2212 1698 2326 1753; x_wconf 86' lang='lat' dir='ltr'>Nec</span> <span class='ocrx_word' id='word_1_183' title='bbox 2353 1696 2641 1769; x_wconf 82' lang='lat' dir='ltr'>quidquam</span> <span class='ocrx_word' id='word_1_184' title='bbox 2662 1693 2864 1749; x_wconf 88' lang='lat' dir='ltr'>veteris</span> <span class='ocrx_word' id='word_1_185' title='bbox 2883 1699 3084 1747; x_wconf 87' lang='lat' dir='ltr'>nonest</span> <span class='ocrx_word' id='word_1_186' title='bbox 3110 1705 3251 1745; x_wconf 92' lang='lat' dir='ltr'>novo</span> <span class='ocrx_word' id='word_1_187' title='bbox 3267 1689 3497 1760; x_wconf 89' lang='lat' dir='ltr'>denique</span> <span class='ocrx_word' id='word_1_188' title='bbox 3521 1687 3807 1755; x_wconf 88' lang='lat' dir='ltr'>junctum.</span> 
     </span>
    </p>
   </div>
   <div class='ocr_carea' id='block_1_17' title="bbox 513 1745 3586 1856">
    <p class='ocr_par' dir='ltr' id='par_1_17' title="bbox 513 1745 3586 1856">
     <span class='ocr_line' id='line_1_17' title="bbox 513 1745 3540 1769; baseline -0.002 -11"><span class='ocrx_word' id='word_1_189' title='bbox 679 1745 947 1759; x_wconf 58' lang='grc' dir='ltr'>μηνηη-.-</span> <span class='ocrx_word' id='word_1_190' title='bbox 979 1745 1097 1754; x_wconf 61' lang='grc' dir='ltr'>η.--</span> <span class='ocrx_word' id='word_1_191' title='bbox 1129 1745 1193 1751; x_wconf 79' lang='lat'>---</span> <span class='ocrx_word' id='word_1_192' title='bbox 1225 1745 1303 1751; x_wconf 74' lang='lat'>---</span> <span class='ocrx_word' id='word_1_193' title='bbox 1518 1745 1523 1747; x_wconf 84' lang='lat'>.</span> <span class='ocrx_word' id='word_1_194' title='bbox 2215 1745 2325 1753; x_wconf 64' lang='grc' dir='ltr'>-.η</span> <span class='ocrx_word' id='word_1_195' title='bbox 2357 1745 2641 1769; x_wconf 55' lang='grc' dir='ltr'>πηγη---</span> <span class='ocrx_word' id='word_1_196' title='bbox 2931 1745 2943 1747; x_wconf 54' lang='lat'>-</span> <span class='ocrx_word' id='word_1_197' title='bbox 3015 1745 3022 1746; x_wconf 33' lang='grc' dir='ltr'><em>γ</em></span> <span class='ocrx_word' id='word_1_198' title='bbox 3412 1745 3429 1760; x_wconf 79' lang='grc'><em>,</em></span> <span class='ocrx_word' id='word_1_199' title='bbox 3521 1745 3540 1755; x_wconf 87' lang='grc'>-</span> 
     </span>
     <span class='ocr_line' id='line_1_18' title="bbox 513 1745 3586 1856; baseline -0.007 -5"><span class='ocrx_word' id='word_1_200' title='bbox 513 1794 611 1848; x_wconf 83' lang='lat' dir='ltr'>Est</span> <span class='ocrx_word' id='word_1_201' title='bbox 641 1806 805 1846; x_wconf 85' lang='lat' dir='ltr'>unum</span> <span class='ocrx_word' id='word_1_202' title='bbox 836 1788 1075 1850; x_wconf 67' lang='lat' dir='ltr'>verbum,</span> <span class='ocrx_word' id='word_1_203' title='bbox 1110 1801 1208 1856; x_wconf 72' lang='lat' dir='ltr'>Per</span> <span class='ocrx_word' id='word_1_204' title='bbox 1235 1788 1483 1855; x_wconf 74' lang='lat' dir='ltr'>quattuor</span> <span class='ocrx_word' id='word_1_205' title='bbox 1508 1779 1698 1836; x_wconf 70' lang='lat' dir='ltr'>0rdille</span> <span class='ocrx_word' id='word_1_206' title='bbox 1723 1780 1971 1847; x_wconf 61' lang='lat' dir='ltr'>ductum,</span> <span class='ocrx_word' id='word_1_207' title='bbox 2141 1745 2183 1822; x_wconf 77' lang='grc' dir='ltr'><strong>Β</strong></span> <span class='ocrx_word' id='word_1_208' title='bbox 2215 1786 2305 1841; x_wconf 90' lang='lat' dir='ltr'>Sic</span> <span class='ocrx_word' id='word_1_209' title='bbox 2332 1792 2530 1851; x_wconf 87' lang='lat' dir='ltr'>errant,</span> <span class='ocrx_word' id='word_1_210' title='bbox 2570 1793 2623 1840; x_wconf 91' lang='lat' dir='ltr'>et</span> <span class='ocrx_word' id='word_1_211' title='bbox 2651 1784 2920 1839; x_wconf 89' lang='lat' dir='ltr'>dictorum</span> <span class='ocrx_word' id='word_1_212' title='bbox 2949 1781 3025 1836; x_wconf 91' lang='lat' dir='ltr'>sic</span> <span class='ocrx_word' id='word_1_213' title='bbox 3064 1780 3200 1835; x_wconf 77' lang='lat' dir='ltr'>facta</span> <span class='ocrx_word' id='word_1_214' title='bbox 3239 1782 3586 1846; x_wconf 84' lang='lat' dir='ltr'>retorquent,</span> 
     </span>
    </p>
   </div>
   <div class='ocr_carea' id='block_1_18' title="bbox 512 1868 2116 1944">
    <p class='ocr_par' dir='ltr' id='par_1_18' title="bbox 512 1870 1928 1944">
     <span class='ocr_line' id='line_1_19' title="bbox 512 1870 1928 1944; baseline -0.006 -9"><span class='ocrx_word' id='word_1_215' title='bbox 512 1881 591 1935; x_wconf 90' lang='lat' dir='ltr'>De</span> <span class='ocrx_word' id='word_1_216' title='bbox 621 1881 774 1933; x_wconf 88' lang='lat' dir='ltr'>Patre</span> <span class='ocrx_word' id='word_1_217' title='bbox 802 1890 924 1944; x_wconf 81' lang='lat' dir='ltr'>quae</span> <span class='ocrx_word' id='word_1_218' title='bbox 952 1872 1196 1928; x_wconf 88' lang='lat' dir='ltr'>Christus</span> <span class='ocrx_word' id='word_1_219' title='bbox 1228 1870 1535 1942; x_wconf 89' lang='lat' dir='ltr'>plenissima</span> <span class='ocrx_word' id='word_1_220' title='bbox 1564 1871 1781 1941; x_wconf 89' lang='lat' dir='ltr'>pertulit</span> <span class='ocrx_word' id='word_1_221' title='bbox 1810 1870 1928 1944; x_wconf 89' lang='lat' dir='ltr'>ipse</span> 
     </span>
    </p>
   </div>
   <div class='ocr_carea' id='block_1_19' title="bbox 2058 1868 3662 1944">
    <p class='ocr_par' dir='ltr' id='par_1_19' title="bbox 2209 1868 3662 1943">
     <span class='ocr_line' id='line_1_20' title="bbox 2209 1868 3662 1943; baseline -0.009 -13"><span class='ocrx_word' id='word_1_222' title='bbox 2209 1874 2313 1943; x_wconf 89' lang='lat' dir='ltr'>Qui</span> <span class='ocrx_word' id='word_1_223' title='bbox 2354 1875 2520 1931; x_wconf 87' lang='lat' dir='ltr'>falsas</span> <span class='ocrx_word' id='word_1_224' title='bbox 2548 1874 2751 1930; x_wconf 79' lang='lat' dir='ltr'>tinxere</span> <span class='ocrx_word' id='word_1_225' title='bbox 2781 1873 2922 1943; x_wconf 86' lang='lat' dir='ltr'>vias;</span> <span class='ocrx_word' id='word_1_226' title='bbox 2953 1870 3348 1939; x_wconf 87' lang='lat' dir='ltr'>Dominumque</span> <span class='ocrx_word' id='word_1_227' title='bbox 3374 1868 3662 1935; x_wconf 88' lang='lat' dir='ltr'>Deumque</span> 
     </span>
    </p>
   </div>
   <div class='ocr_carea' id='block_1_20' title="bbox 511 1957 3556 2037">
    <p class='ocr_par' dir='ltr' id='par_1_20' title="bbox 511 1957 3556 2037">
     <span class='ocr_line' id='line_1_21' title="bbox 511 1957 3556 2037; baseline -0.005 -13"><span class='ocrx_word' id='word_1_228' title='bbox 511 1966 761 2023; x_wconf 81' lang='lat' dir='ltr'>Mandata</span> <span class='ocrx_word' id='word_1_229' title='bbox 790 1970 1002 2032; x_wconf 80' lang='lat' dir='ltr'>sperata</span> <span class='ocrx_word' id='word_1_230' title='bbox 1030 1960 1176 2024; x_wconf 74' lang='lat' dir='ltr'>novi,</span> <span class='ocrx_word' id='word_1_231' title='bbox 1205 1958 1399 2014; x_wconf 75' lang='lat' dir='ltr'>SOlalia</span> <span class='ocrx_word' id='word_1_232' title='bbox 1426 1960 1574 2014; x_wconf 58' lang='lat' dir='ltr'>vim.</span> <span class='ocrx_word' id='word_1_233' title='bbox 2210 1966 2485 2020; x_wconf 68' lang='lat' dir='ltr'>zEternum</span> <span class='ocrx_word' id='word_1_234' title='bbox 2514 1979 2718 2037; x_wconf 80' lang='lat' dir='ltr'>regem,</span> <span class='ocrx_word' id='word_1_235' title='bbox 2748 1963 2841 2034; x_wconf 92' lang='lat' dir='ltr'>qui</span> <span class='ocrx_word' id='word_1_236' title='bbox 2862 1968 3065 2015; x_wconf 89' lang='lat' dir='ltr'>tantum</span> <span class='ocrx_word' id='word_1_237' title='bbox 3099 1958 3320 2031; x_wconf 89' lang='lat' dir='ltr'>protulit</span> <span class='ocrx_word' id='word_1_238' title='bbox 3350 1957 3556 2021; x_wconf 90' lang='lat' dir='ltr'>orbem,</span> 
     </span>
    </p>
   </div>
   <div class='ocr_carea' id='block_1_21' title="bbox 512 2045 2116 2125">
    <p class='ocr_par' dir='ltr' id='par_1_21' title="bbox 512 2047 1978 2125">
     <span class='ocr_line' id='line_1_22' title="bbox 512 2047 1978 2125; baseline -0.005 -14"><span class='ocrx_word' id='word_1_239' title='bbox 512 2056 607 2111; x_wconf 78' lang='lat' dir='ltr'>Ast</span> <span class='ocrx_word' id='word_1_240' title='bbox 638 2060 828 2125; x_wconf 89' lang='lat' dir='ltr'>quater</span> <span class='ocrx_word' id='word_1_241' title='bbox 856 2052 959 2107; x_wconf 86' lang='lat' dir='ltr'>alae</span> <span class='ocrx_word' id='word_1_242' title='bbox 997 2065 1093 2105; x_wconf 86' lang='lat' dir='ltr'>sex</span> <span class='ocrx_word' id='word_1_243' title='bbox 1123 2048 1259 2122; x_wconf 86' lang='lat'>(&#39;70),</span> <span class='ocrx_word' id='word_1_244' title='bbox 1292 2047 1490 2104; x_wconf 82' lang='lat' dir='ltr'>veteris</span> <span class='ocrx_word' id='word_1_245' title='bbox 1517 2048 1785 2118; x_wconf 87' lang='lat' dir='ltr'>praeconia</span> <span class='ocrx_word' id='word_1_246' title='bbox 1803 2049 1978 2115; x_wconf 88' lang='lat' dir='ltr'>verbi,</span> 
     </span>
    </p>
   </div>
   <div class='ocr_carea' id='block_1_22' title="bbox 1962 2045 3566 2125">
    <p class='ocr_par' dir='ltr' id='par_1_22' title="bbox 1965 2045 3566 2123">
     <span class='ocr_line' id='line_1_23' title="bbox 1965 2045 3566 2123; baseline -0.011 -8"><span class='ocrx_word' id='word_1_247' title='bbox 1965 2092 1978 2115; x_wconf 69' lang='grc' dir='ltr'><strong>ν</strong></span> <span class='ocrx_word' id='word_1_248' title='bbox 2210 2055 2553 2122; x_wconf 86' lang='lat' dir='ltr'>Detrectant;</span> <span class='ocrx_word' id='word_1_249' title='bbox 2591 2052 2733 2107; x_wconf 89' lang='lat' dir='ltr'>aliud</span> <span class='ocrx_word' id='word_1_250' title='bbox 2764 2060 3010 2123; x_wconf 67' lang='lat' dir='ltr'>quaerunt</span> <span class='ocrx_word' id='word_1_251' title='bbox 3040 2048 3139 2104; x_wconf 92' lang='lat' dir='ltr'>sub</span> <span class='ocrx_word' id='word_1_252' title='bbox 3171 2045 3385 2102; x_wconf 91' lang='lat' dir='ltr'>nomine</span> <span class='ocrx_word' id='word_1_253' title='bbox 3416 2045 3566 2111; x_wconf 83' lang='lat' dir='ltr'>ﬁcto;</span> 
     </span>
    </p>
   </div>
   <div class='ocr_carea' id='block_1_23' title="bbox 512 2136 2116 2212">
    <p class='ocr_par' dir='ltr' id='par_1_23' title="bbox 512 2136 1835 2212">
     <span class='ocr_line' id='line_1_24' title="bbox 512 2136 1835 2212; baseline -0.005 -13"><span class='ocrx_word' id='word_1_254' title='bbox 512 2142 872 2199; x_wconf 83' lang='lat' dir='ltr'>Testiticantis</span> <span class='ocrx_word' id='word_1_255' title='bbox 900 2156 963 2195; x_wconf 89' lang='lat' dir='ltr'>ea</span> <span class='ocrx_word' id='word_1_256' title='bbox 998 2156 1119 2212; x_wconf 69' lang='lat' dir='ltr'>quae</span> <span class='ocrx_word' id='word_1_257' title='bbox 1150 2146 1337 2208; x_wconf 90' lang='lat' dir='ltr'>postea</span> <span class='ocrx_word' id='word_1_258' title='bbox 1366 2136 1506 2193; x_wconf 90' lang='lat' dir='ltr'>facta</span> <span class='ocrx_word' id='word_1_259' title='bbox 1534 2137 1795 2194; x_wconf 90' lang='lat' dir='ltr'>docemur</span> <span class='ocrx_word' id='word_1_260' title='bbox 1822 2161 1835 2208; x_wconf 87' lang='lat'><strong>;</strong></span> 
     </span>
    </p>
   </div>
   <div class='ocr_carea' id='block_1_24' title="bbox 1832 2136 3436 2212">
    <p class='ocr_par' dir='ltr' id='par_1_24' title="bbox 1832 2136 3436 2212">
     <span class='ocr_line' id='line_1_25' title="bbox 1832 2136 3436 2212; baseline -0.008 -11"><span class='ocrx_word' id='word_1_261' title='bbox 1832 2187 1835 2201; x_wconf 82' lang='lat'>.</span> <span class='ocrx_word' id='word_1_262' title='bbox 2212 2142 2478 2198; x_wconf 81' lang='lat' dir='ltr'>Mentibus</span> <span class='ocrx_word' id='word_1_263' title='bbox 2509 2141 2704 2210; x_wconf 86' lang='lat' dir='ltr'>orbati,</span> <span class='ocrx_word' id='word_1_264' title='bbox 2735 2155 2870 2212; x_wconf 92' lang='lat' dir='ltr'>quas</span> <span class='ocrx_word' id='word_1_265' title='bbox 2907 2138 3137 2193; x_wconf 88' lang='lat' dir='ltr'>amisere</span> <span class='ocrx_word' id='word_1_266' title='bbox 3167 2136 3436 2205; x_wconf 75' lang='lat' dir='ltr'>furentes;</span> 
     </span>
    </p>
   </div>
   <div class='ocr_carea' id='block_1_25' title="bbox 510 2224 3544 2303">
    <p class='ocr_par' dir='ltr' id='par_1_25' title="bbox 510 2224 3544 2303">
     <span class='ocr_line' id='line_1_26' title="bbox 510 2224 3544 2303; baseline -0.003 -16"><span class='ocrx_word' id='word_1_267' title='bbox 510 2232 608 2288; x_wconf 91' lang='lat' dir='ltr'>His</span> <span class='ocrx_word' id='word_1_268' title='bbox 637 2230 793 2285; x_wconf 87' lang='lat' dir='ltr'>etiam</span> <span class='ocrx_word' id='word_1_269' title='bbox 825 2230 1023 2285; x_wconf 84' lang='lat' dir='ltr'>Christi</span> <span class='ocrx_word' id='word_1_270' title='bbox 1054 2228 1274 2301; x_wconf 85' lang='lat' dir='ltr'>sanguis</span> <span class='ocrx_word' id='word_1_271' title='bbox 1306 2235 1585 2284; x_wconf 86' lang='lat' dir='ltr'>contextus</span> <span class='ocrx_word' id='word_1_272' title='bbox 1614 2227 1862 2295; x_wconf 87' lang='lat' dir='ltr'>habetur,</span> <span class='ocrx_word' id='word_1_273' title='bbox 2212 2232 2511 2287; x_wconf 83' lang='lat' dir='ltr'>Externum</span> <span class='ocrx_word' id='word_1_274' title='bbox 2543 2231 2647 2303; x_wconf 79' lang='lat' dir='ltr'>legi</span> <span class='ocrx_word' id='word_1_275' title='bbox 2681 2229 2954 2285; x_wconf 89' lang='lat' dir='ltr'>Christum</span> <span class='ocrx_word' id='word_1_276' title='bbox 2982 2224 3249 2281; x_wconf 82' lang='lat' dir='ltr'>afﬁrmare</span> <span class='ocrx_word' id='word_1_277' title='bbox 3278 2224 3544 2286; x_wconf 89' lang='lat' dir='ltr'>volentes,</span> 
     </span>
    </p>
   </div>
   <div class='ocr_carea' id='block_1_26' title="bbox 510 2309 3721 2390">
    <p class='ocr_par' dir='ltr' id='par_1_26' title="bbox 510 2309 3721 2390">
     <span class='ocr_line' id='line_1_27' title="bbox 510 2309 3721 2390; baseline -0.005 -11"><span class='ocrx_word' id='word_1_278' title='bbox 510 2321 766 2377; x_wconf 74' lang='lat' dir='ltr'>Obscurze</span> <span class='ocrx_word' id='word_1_279' title='bbox 795 2328 977 2376; x_wconf 81' lang='lat' dir='ltr'>vatum</span> <span class='ocrx_word' id='word_1_280' title='bbox 1007 2332 1256 2390; x_wconf 64' lang='lat' dir='ltr'>praesago</span> <span class='ocrx_word' id='word_1_281' title='bbox 1296 2316 1468 2370; x_wconf 76' lang='lat' dir='ltr'>dictus</span> <span class='ocrx_word' id='word_1_282' title='bbox 1500 2317 1566 2370; x_wconf 81' lang='lat' dir='ltr'>ab</span> <span class='ocrx_word' id='word_1_283' title='bbox 1597 2331 1707 2369; x_wconf 71' lang='lat' dir='ltr'>ore.</span> <span class='ocrx_word' id='word_1_284' title='bbox 2214 2321 2327 2376; x_wconf 87' lang='lat' dir='ltr'>Nec</span> <span class='ocrx_word' id='word_1_285' title='bbox 2346 2319 2533 2373; x_wconf 91' lang='lat' dir='ltr'>mundi</span> <span class='ocrx_word' id='word_1_286' title='bbox 2553 2318 2860 2385; x_wconf 89' lang='lat' dir='ltr'>Dominum,</span> <span class='ocrx_word' id='word_1_287' title='bbox 2892 2314 3070 2372; x_wconf 86' lang='lat' dir='ltr'>carnis</span> <span class='ocrx_word' id='word_1_288' title='bbox 3097 2330 3275 2386; x_wconf 89' lang='lat' dir='ltr'>neque</span> <span class='ocrx_word' id='word_1_289' title='bbox 3301 2312 3440 2370; x_wconf 87' lang='lat' dir='ltr'>velle</span> <span class='ocrx_word' id='word_1_290' title='bbox 3460 2309 3721 2374; x_wconf 81' lang='lat' dir='ltr'>salutem,</span> 
     </span>
    </p>
   </div>
   <div class='ocr_carea' id='block_1_27' title="bbox 509 2401 3592 2474">
    <p class='ocr_par' dir='ltr' id='par_1_27' title="bbox 509 2401 3592 2474">
     <span class='ocr_line' id='line_1_28' title="bbox 509 2401 3592 2474; baseline -0.002 -15"><span class='ocrx_word' id='word_1_291' title='bbox 509 2408 739 2463; x_wconf 81' lang='lat' dir='ltr'>Alarum</span> <span class='ocrx_word' id='word_1_292' title='bbox 770 2422 1033 2461; x_wconf 90' lang='lat' dir='ltr'>numerus</span> <span class='ocrx_word' id='word_1_293' title='bbox 1061 2403 1281 2474; x_wconf 89' lang='lat' dir='ltr'>antiqua</span> <span class='ocrx_word' id='word_1_294' title='bbox 1307 2402 1585 2457; x_wconf 86' lang='lat' dir='ltr'>volumina</span> <span class='ocrx_word' id='word_1_295' title='bbox 1615 2401 1813 2474; x_wconf 82' lang='lat' dir='ltr'>signat,</span> <span class='ocrx_word' id='word_1_296' title='bbox 2215 2408 2332 2463; x_wconf 89' lang='lat' dir='ltr'>Nec</span> <span class='ocrx_word' id='word_1_297' title='bbox 2353 2407 2547 2462; x_wconf 85' lang='lat' dir='ltr'>virtute</span> <span class='ocrx_word' id='word_1_298' title='bbox 2579 2406 2767 2474; x_wconf 87' lang='lat' dir='ltr'>Patris,</span> <span class='ocrx_word' id='word_1_299' title='bbox 2801 2406 3060 2461; x_wconf 82' lang='lat' dir='ltr'>factorem</span> <span class='ocrx_word' id='word_1_300' title='bbox 3090 2401 3339 2473; x_wconf 89' lang='lat' dir='ltr'>corporis</span> <span class='ocrx_word' id='word_1_301' title='bbox 3370 2401 3549 2472; x_wconf 91' lang='lat' dir='ltr'>ipsum</span> <span class='ocrx_word' id='word_1_302' title='bbox 3573 2420 3592 2467; x_wconf 90' lang='lat'><strong><em>;</em></strong></span> 
     </span>
    </p>
   </div>
   <div class='ocr_carea' id='block_1_28' title="bbox 508 2488 3544 2565">
    <p class='ocr_par' dir='ltr' id='par_1_28' title="bbox 508 2488 3544 2565">
     <span class='ocr_line' id='line_1_29' title="bbox 508 2488 3544 2565; baseline -0.004 -11"><span class='ocrx_word' id='word_1_303' title='bbox 508 2494 640 2551; x_wconf 85' lang='lat' dir='ltr'>Esse</span> <span class='ocrx_word' id='word_1_304' title='bbox 670 2494 803 2549; x_wconf 84' lang='lat' dir='ltr'>satis</span> <span class='ocrx_word' id='word_1_305' title='bbox 829 2502 976 2550; x_wconf 84' lang='lat' dir='ltr'>certa</span> <span class='ocrx_word' id='word_1_306' title='bbox 1005 2492 1195 2565; x_wconf 74' lang='lat' dir='ltr'>viginti</span> <span class='ocrx_word' id='word_1_307' title='bbox 1230 2498 1483 2561; x_wconf 74' lang='lat' dir='ltr'>quattuor</span> <span class='ocrx_word' id='word_1_308' title='bbox 1516 2492 1631 2555; x_wconf 75' lang='grc' dir='ltr'>ἱειὶι,</span> <span class='ocrx_word' id='word_1_309' title='bbox 2218 2496 2367 2564; x_wconf 91' lang='lat' dir='ltr'>Quos</span> <span class='ocrx_word' id='word_1_310' title='bbox 2396 2495 2658 2550; x_wconf 88' lang='lat' dir='ltr'>obturatis</span> <span class='ocrx_word' id='word_1_311' title='bbox 2678 2494 2991 2565; x_wconf 72' lang='lat' dir='ltr'>fugiendum</span> <span class='ocrx_word' id='word_1_312' title='bbox 3021 2501 3100 2549; x_wconf 88' lang='lat' dir='ltr'>est</span> <span class='ocrx_word' id='word_1_313' title='bbox 3132 2491 3354 2547; x_wconf 90' lang='lat' dir='ltr'>auribus</span> <span class='ocrx_word' id='word_1_314' title='bbox 3384 2488 3544 2553; x_wconf 88' lang='lat' dir='ltr'>ultro,</span> 
     </span>
    </p>
   </div>
   <div class='ocr_carea' id='block_1_29' title="bbox 509 2577 3446 2652">
    <p class='ocr_par' dir='ltr' id='par_1_29' title="bbox 509 2577 3446 2652">
     <span class='ocr_line' id='line_1_30' title="bbox 509 2577 3446 2652; baseline -0.002 -14"><span class='ocrx_word' id='word_1_315' title='bbox 509 2583 643 2652; x_wconf 73' lang='lat' dir='ltr'>Qua:</span> <span class='ocrx_word' id='word_1_316' title='bbox 673 2582 892 2638; x_wconf 89' lang='lat' dir='ltr'>Domini</span> <span class='ocrx_word' id='word_1_317' title='bbox 924 2581 1171 2637; x_wconf 88' lang='lat' dir='ltr'>cecinere</span> <span class='ocrx_word' id='word_1_318' title='bbox 1199 2579 1313 2635; x_wconf 87' lang='lat' dir='ltr'>vias</span> <span class='ocrx_word' id='word_1_319' title='bbox 1336 2587 1388 2634; x_wconf 92' lang='lat' dir='ltr'>et</span> <span class='ocrx_word' id='word_1_320' title='bbox 1419 2586 1661 2650; x_wconf 88' lang='lat' dir='ltr'>tempora</span> <span class='ocrx_word' id='word_1_321' title='bbox 1688 2580 1862 2650; x_wconf 90' lang='lat' dir='ltr'>pacis.</span> <span class='ocrx_word' id='word_1_322' title='bbox 2219 2586 2294 2639; x_wconf 87' lang='lat' dir='ltr'>Ne</span> <span class='ocrx_word' id='word_1_323' title='bbox 2319 2599 2569 2639; x_wconf 90' lang='lat' dir='ltr'>sermone</span> <span class='ocrx_word' id='word_1_324' title='bbox 2591 2597 2689 2638; x_wconf 92' lang='lat' dir='ltr'>suo</span> <span class='ocrx_word' id='word_1_325' title='bbox 2720 2582 2992 2638; x_wconf 89' lang='lat' dir='ltr'>maculent</span> <span class='ocrx_word' id='word_1_326' title='bbox 3020 2579 3241 2635; x_wconf 86' lang='lat' dir='ltr'>innoxia</span> <span class='ocrx_word' id='word_1_327' title='bbox 3260 2577 3446 2634; x_wconf 87' lang='lat' dir='ltr'>corda.</span> 
     </span>
    </p>
   </div>
   <div class='ocr_carea' id='block_1_30' title="bbox 508 2667 3591 2746">
    <p class='ocr_par' dir='ltr' id='par_1_30' title="bbox 508 2667 3591 2746">
     <span class='ocr_line' id='line_1_31' title="bbox 508 2667 3591 2746; baseline -0.002 -19"><span class='ocrx_word' id='word_1_328' title='bbox 508 2672 639 2727; x_wconf 68' lang='lat' dir='ltr'>Haec</span> <span class='ocrx_word' id='word_1_329' title='bbox 667 2672 935 2726; x_wconf 70' lang='lat' dir='ltr'>cohaerere</span> <span class='ocrx_word' id='word_1_330' title='bbox 980 2682 1118 2724; x_wconf 84' lang='lat' dir='ltr'>novo</span> <span class='ocrx_word' id='word_1_331' title='bbox 1147 2683 1269 2723; x_wconf 92' lang='lat' dir='ltr'>cum</span> <span class='ocrx_word' id='word_1_332' title='bbox 1297 2667 1498 2723; x_wconf 85' lang='lat' dir='ltr'>foedere</span> <span class='ocrx_word' id='word_1_333' title='bbox 1527 2676 1714 2723; x_wconf 90' lang='lat' dir='ltr'>cuncta</span> <span class='ocrx_word' id='word_1_334' title='bbox 1742 2669 2003 2725; x_wconf 84' lang='lat' dir='ltr'>videmus:</span> <span class='ocrx_word' id='word_1_335' title='bbox 2220 2676 2330 2729; x_wconf 88' lang='lat' dir='ltr'>Nos</span> <span class='ocrx_word' id='word_1_336' title='bbox 2360 2673 2544 2746; x_wconf 80' lang='lat' dir='ltr'>igitur,</span> <span class='ocrx_word' id='word_1_337' title='bbox 2584 2689 2719 2743; x_wconf 90' lang='lat' dir='ltr'>quos</span> <span class='ocrx_word' id='word_1_338' title='bbox 2748 2680 2895 2726; x_wconf 90' lang='lat' dir='ltr'>tanta</span> <span class='ocrx_word' id='word_1_339' title='bbox 2925 2672 3022 2726; x_wconf 93' lang='lat' dir='ltr'>Dei</span> <span class='ocrx_word' id='word_1_340' title='bbox 3053 2669 3287 2741; x_wconf 79' lang='lat' dir='ltr'>perfudit</span> <span class='ocrx_word' id='word_1_341' title='bbox 3315 2670 3591 2735; x_wconf 88' lang='lat' dir='ltr'>honestas,</span> 
     </span>
    </p>
   </div>
   <div class='ocr_carea' id='block_1_31' title="bbox 510 2756 3448 2833">
    <p class='ocr_par' dir='ltr' id='par_1_31' title="bbox 510 2756 3448 2833">
     <span class='ocr_line' id='line_1_32' title="bbox 510 2756 3448 2833; baseline -0.001 -18"><span class='ocrx_word' id='word_1_342' title='bbox 510 2760 601 2815; x_wconf 89' lang='lat' dir='ltr'>Sic</span> <span class='ocrx_word' id='word_1_343' title='bbox 627 2775 841 2831; x_wconf 89' lang='lat' dir='ltr'>quoque</span> <span class='ocrx_word' id='word_1_344' title='bbox 869 2760 1124 2822; x_wconf 86' lang='lat' dir='ltr'>Joannes,</span> <span class='ocrx_word' id='word_1_345' title='bbox 1149 2758 1228 2812; x_wconf 90' lang='lat' dir='ltr'>sic</span> <span class='ocrx_word' id='word_1_346' title='bbox 1259 2757 1443 2827; x_wconf 85' lang='lat' dir='ltr'>pandit</span> <span class='ocrx_word' id='word_1_347' title='bbox 1479 2756 1701 2827; x_wconf 88' lang='lat' dir='ltr'>spiritus</span> <span class='ocrx_word' id='word_1_348' title='bbox 1730 2757 1804 2812; x_wconf 92' lang='lat' dir='ltr'>illi</span> <span class='ocrx_word' id='word_1_349' title='bbox 2223 2763 2469 2833; x_wconf 70' lang='lat' dir='ltr'>Veraque</span> <span class='ocrx_word' id='word_1_350' title='bbox 2492 2761 2727 2817; x_wconf 90' lang='lat' dir='ltr'>doctoris</span> <span class='ocrx_word' id='word_1_351' title='bbox 2754 2760 2997 2816; x_wconf 65' lang='lat' dir='ltr'>coelestia</span> <span class='ocrx_word' id='word_1_352' title='bbox 3019 2760 3181 2814; x_wconf 86' lang='lat' dir='ltr'>verba</span> <span class='ocrx_word' id='word_1_353' title='bbox 3210 2757 3448 2831; x_wconf 82' lang='lat' dir='ltr'>magistri</span> 
     </span>
    </p>
   </div>
   <div class='ocr_carea' id='block_1_32' title="bbox 510 2846 3586 2915">
    <p class='ocr_par' dir='ltr' id='par_1_32' title="bbox 510 2846 3586 2915">
     <span class='ocr_line' id='line_1_33' title="bbox 510 2846 3586 2915; baseline -0.003 -7"><span class='ocrx_word' id='word_1_354' title='bbox 510 2850 611 2905; x_wconf 84' lang='grc' dir='ltr'>Τοι</span> <span class='ocrx_word' id='word_1_355' title='bbox 639 2863 864 2904; x_wconf 77' lang='lat' dir='ltr'>numero</span> <span class='ocrx_word' id='word_1_356' title='bbox 894 2847 1032 2902; x_wconf 71' lang='lat'>$0110</span> <span class='ocrx_word' id='word_1_357' title='bbox 1061 2846 1366 2901; x_wconf 71' lang='lat' dir='ltr'>senioribus</span> <span class='ocrx_word' id='word_1_358' title='bbox 1399 2846 1620 2914; x_wconf 76' lang='lat' dir='ltr'>insuper</span> <span class='ocrx_word' id='word_1_359' title='bbox 1650 2846 1805 2913; x_wconf 81' lang='lat' dir='ltr'>albiS,</span> <span class='ocrx_word' id='word_1_360' title='bbox 2221 2852 2509 2906; x_wconf 85' lang='lat' dir='ltr'>Instituere</span> <span class='ocrx_word' id='word_1_361' title='bbox 2538 2850 2714 2915; x_wconf 91' lang='lat' dir='ltr'>bonis,</span> <span class='ocrx_word' id='word_1_362' title='bbox 2748 2858 2894 2905; x_wconf 89' lang='lat' dir='ltr'>recta</span> <span class='ocrx_word' id='word_1_363' title='bbox 2923 2859 2977 2904; x_wconf 88' lang='lat' dir='ltr'>et</span> <span class='ocrx_word' id='word_1_364' title='bbox 3006 2858 3352 2904; x_wconf 85' lang='lat' dir='ltr'>monumenta</span> <span class='ocrx_word' id='word_1_365' title='bbox 3373 2846 3586 2909; x_wconf 86' lang='lat' dir='ltr'>dedere,</span> 
     </span>
    </p>
   </div>
   <div class='ocr_carea' id='block_1_33' title="bbox 510 2934 3745 3009">
    <p class='ocr_par' dir='ltr' id='par_1_33' title="bbox 510 2934 3745 3009">
     <span class='ocr_line' id='line_1_34' title="bbox 510 2934 3745 3009; baseline -0.002 -16"><span class='ocrx_word' id='word_1_366' title='bbox 510 2940 686 3007; x_wconf 82' lang='lat' dir='ltr'>Atque</span> <span class='ocrx_word' id='word_1_367' title='bbox 712 2936 984 2991; x_wconf 86' lang='lat' dir='ltr'>coronatis</span> <span class='ocrx_word' id='word_1_368' title='bbox 1012 2934 1389 2991; x_wconf 90' lang='lat' dir='ltr'>cohibentibus</span> <span class='ocrx_word' id='word_1_369' title='bbox 1418 2934 1598 2990; x_wconf 90' lang='lat' dir='ltr'>omnia</span> <span class='ocrx_word' id='word_1_370' title='bbox 1628 2934 1806 2991; x_wconf 88' lang='lat' dir='ltr'>mitra.</span> <span class='ocrx_word' id='word_1_371' title='bbox 2218 2940 2445 3009; x_wconf 78' lang='lat' dir='ltr'>semper</span> <span class='ocrx_word' id='word_1_372' title='bbox 2476 2940 2803 2995; x_wconf 84' lang='lat' dir='ltr'>honorcmus</span> <span class='ocrx_word' id='word_1_373' title='bbox 2834 2938 3140 3003; x_wconf 89' lang='lat' dir='ltr'>Dominum,</span> <span class='ocrx_word' id='word_1_374' title='bbox 3172 2937 3290 2992; x_wconf 86' lang='lat' dir='ltr'>sine</span> <span class='ocrx_word' id='word_1_375' title='bbox 3321 2936 3423 2991; x_wconf 77' lang='lat' dir='ltr'>fine</span> <span class='ocrx_word' id='word_1_376' title='bbox 3452 2949 3745 2998; x_wconf 88' lang='lat' dir='ltr'>canamus,</span> 
     </span>
    </p>
   </div>
   <div class='ocr_carea' id='block_1_34' title="bbox 511 3023 3414 3103">
    <p class='ocr_par' dir='ltr' id='par_1_34' title="bbox 511 3023 3414 3103">
     <span class='ocr_line' id='line_1_35' title="bbox 511 3023 3414 3103; baseline 0 -23"><span class='ocrx_word' id='word_1_377' title='bbox 511 3026 593 3080; x_wconf 79' lang='lat' dir='ltr'>Ad</span> <span class='ocrx_word' id='word_1_378' title='bbox 625 3024 819 3080; x_wconf 85' lang='lat' dir='ltr'>solium</span> <span class='ocrx_word' id='word_1_379' title='bbox 849 3023 1085 3089; x_wconf 91' lang='lat' dir='ltr'>Domini,</span> <span class='ocrx_word' id='word_1_380' title='bbox 1116 3024 1342 3078; x_wconf 83' lang='lat' dir='ltr'>vitreum</span> <span class='ocrx_word' id='word_1_381' title='bbox 1373 3033 1425 3080; x_wconf 90' lang='lat' dir='ltr'>et</span> <span class='ocrx_word' id='word_1_382' title='bbox 1452 3040 1620 3089; x_wconf 89' lang='lat' dir='ltr'>mare,</span> <span class='ocrx_word' id='word_1_383' title='bbox 1652 3033 1795 3080; x_wconf 88' lang='lat' dir='ltr'>stare</span> <span class='ocrx_word' id='word_1_384' title='bbox 1825 3026 1926 3080; x_wconf 90' lang='lat' dir='ltr'>sub</span> <span class='ocrx_word' id='word_1_385' title='bbox 1958 3026 2103 3100; x_wconf 78' lang='lat' dir='ltr'>igne,</span> <span class='ocrx_word' id='word_1_386' title='bbox 2141 3023 2183 3101; x_wconf 75' lang='grc' dir='ltr'>ο</span> <span class='ocrx_word' id='word_1_387' title='bbox 2215 3029 2527 3084; x_wconf 90' lang='lat' dir='ltr'>Gaudentes</span> <span class='ocrx_word' id='word_1_388' title='bbox 2558 3044 2793 3101; x_wconf 89' lang='lat' dir='ltr'>puraque</span> <span class='ocrx_word' id='word_1_389' title='bbox 2833 3027 2934 3082; x_wconf 84' lang='lat' dir='ltr'>ﬁde</span> <span class='ocrx_word' id='word_1_390' title='bbox 2963 3035 3215 3098; x_wconf 88' lang='lat' dir='ltr'>certaque</span> <span class='ocrx_word' id='word_1_391' title='bbox 3245 3025 3414 3103; x_wconf 86' lang='lat' dir='ltr'>salute</span> 
     </span>
    </p>
   </div>
   <div class='ocr_carea' id='block_1_35' title="bbox 511 3112 3404 3189">
    <p class='ocr_par' dir='ltr' id='par_1_35' title="bbox 511 3112 3404 3189">
     <span class='ocr_line' id='line_1_36' title="bbox 511 3112 3404 3189; baseline 0 -22"><span class='ocrx_word' id='word_1_392' title='bbox 511 3112 779 3182; x_wconf 87' lang='lat' dir='ltr'>Quattuor</span> <span class='ocrx_word' id='word_1_393' title='bbox 807 3112 1009 3184; x_wconf 85' lang='lat' dir='ltr'>aligera</span> <span class='ocrx_word' id='word_1_394' title='bbox 1030 3119 1190 3184; x_wconf 87' lang='lat' dir='ltr'>atque</span> <span class='ocrx_word' id='word_1_395' title='bbox 1221 3112 1395 3168; x_wconf 84' lang='lat' dir='ltr'>oculis</span> <span class='ocrx_word' id='word_1_396' title='bbox 1426 3112 1673 3168; x_wconf 89' lang='lat' dir='ltr'>animalia</span> <span class='ocrx_word' id='word_1_397' title='bbox 1701 3113 1884 3185; x_wconf 89' lang='lat' dir='ltr'>plena.</span> <span class='ocrx_word' id='word_1_398' title='bbox 2208 3116 2352 3189; x_wconf 85' lang='lat' dir='ltr'>(Nati</span> <span class='ocrx_word' id='word_1_399' title='bbox 2385 3133 2512 3172; x_wconf 84' lang='lat' dir='ltr'>vero</span> <span class='ocrx_word' id='word_1_400' title='bbox 2540 3119 2653 3173; x_wconf 91' lang='lat' dir='ltr'>Deo</span> <span class='ocrx_word' id='word_1_401' title='bbox 2693 3116 2961 3173; x_wconf 89' lang='lat' dir='ltr'>nutrimur</span> <span class='ocrx_word' id='word_1_402' title='bbox 2992 3132 3131 3186; x_wconf 91' lang='lat' dir='ltr'>pane</span> <span class='ocrx_word' id='word_1_403' title='bbox 3162 3113 3404 3185; x_wconf 89' lang='lat' dir='ltr'>perenni)</span> 
     </span>
    </p>
   </div>
   <div class='ocr_carea' id='block_1_36' title="bbox 511 3201 3354 3276">
    <p class='ocr_par' dir='ltr' id='par_1_36' title="bbox 511 3201 3354 3276">
     <span class='ocr_line' id='line_1_37' title="bbox 511 3201 3354 3276; baseline -0 -20"><span class='ocrx_word' id='word_1_404' title='bbox 511 3202 661 3257; x_wconf 89' lang='lat' dir='ltr'>Intus</span> <span class='ocrx_word' id='word_1_405' title='bbox 688 3208 741 3256; x_wconf 89' lang='lat' dir='ltr'>et</span> <span class='ocrx_word' id='word_1_406' title='bbox 768 3201 1022 3266; x_wconf 88' lang='lat' dir='ltr'>exterius,</span> <span class='ocrx_word' id='word_1_407' title='bbox 1049 3216 1171 3271; x_wconf 84' lang='lat' dir='ltr'>quae</span> <span class='ocrx_word' id='word_1_408' title='bbox 1201 3209 1327 3256; x_wconf 88' lang='lat' dir='ltr'>sunt</span> <span class='ocrx_word' id='word_1_409' title='bbox 1354 3216 1546 3255; x_wconf 84' lang='lat' dir='ltr'>arcana</span> <span class='ocrx_word' id='word_1_410' title='bbox 1574 3210 1778 3273; x_wconf 88' lang='lat' dir='ltr'>patere,</span> <span class='ocrx_word' id='word_1_411' title='bbox 2210 3205 2483 3260; x_wconf 69' lang='lat' dir='ltr'>Eternam</span> <span class='ocrx_word' id='word_1_412' title='bbox 2506 3213 2615 3264; x_wconf 87' lang='lat' dir='ltr'>toto</span> <span class='ocrx_word' id='word_1_413' title='bbox 2636 3211 2918 3276; x_wconf 87' lang='lat' dir='ltr'>sperantes</span> <span class='ocrx_word' id='word_1_414' title='bbox 2940 3211 3155 3275; x_wconf 86' lang='lat' dir='ltr'>pectore</span> <span class='ocrx_word' id='word_1_415' title='bbox 3176 3201 3354 3257; x_wconf 85' lang='lat' dir='ltr'>vitam.</span> 
     </span>
    </p>
   </div>
   <div class='ocr_carea' id='block_1_37' title="bbox 1871 3302 2403 3367">
    <p class='ocr_par' dir='ltr' id='par_1_37' title="bbox 1871 3302 2403 3367">
     <span class='ocr_line' id='line_1_38' title="bbox 1871 3302 2403 3367; baseline 0.002 -2"><span class='ocrx_word' id='word_1_416' title='bbox 1871 3302 2061 3365; x_wconf 72' lang='lat' dir='ltr'>Varia:</span> <span class='ocrx_word' id='word_1_417' title='bbox 2095 3303 2403 3367; x_wconf 88' lang='lat' dir='ltr'>lectiones.</span> 
     </span>
    </p>
   </div>
   <div class='ocr_carea' id='block_1_38' title="bbox 584 3405 1575 3478">
    <p class='ocr_par' dir='ltr' id='par_1_38' title="bbox 584 3405 1575 3478">
     <span class='ocr_line' id='line_1_39' title="bbox 584 3405 1575 3478; baseline -0.003 -16"><span class='ocrx_word' id='word_1_418' title='bbox 584 3407 633 3446; x_wconf 73' lang='grc'><strong>2³</strong></span> <span class='ocrx_word' id='word_1_419' title='bbox 662 3406 1135 3478; x_wconf 87' lang='lat' dir='ltr'>Pavimcntumque</span> <span class='ocrx_word' id='word_1_420' title='bbox 1170 3405 1353 3463; x_wconf 83' lang='lat' dir='ltr'>Obert.</span> <span class='ocrx_word' id='word_1_421' title='bbox 1393 3407 1575 3461; x_wconf 79' lang='lat' dir='ltr'>Paris.</span> 
     </span>
    </p>
   </div>
   <div class='ocr_carea' id='block_1_39' title="bbox 1876 3506 2374 3572">
    <p class='ocr_par' dir='ltr' id='par_1_39' title="bbox 1876 3506 2374 3572">
     <span class='ocr_line' id='line_1_40' title="bbox 1876 3506 2374 3572; baseline 0.002 -3"><span class='ocrx_word' id='word_1_422' title='bbox 1876 3506 2374 3572; x_wconf 89' lang='lat' dir='ltr'>Commentarius.</span> 
     </span>
    </p>
   </div>
   <div class='ocr_carea' id='block_1_40' title="bbox 582 3610 3816 3683">
    <p class='ocr_par' dir='ltr' id='par_1_40' title="bbox 582 3610 3816 3683">
     <span class='ocr_line' id='line_1_41' title="bbox 582 3610 3816 3683; baseline -0.001 -16"><span class='ocrx_word' id='word_1_423' title='bbox 582 3613 694 3683; x_wconf 83' lang='lat'>(70)</span> <span class='ocrx_word' id='word_1_424' title='bbox 724 3616 821 3668; x_wconf 80' lang='lat' dir='ltr'>Ast</span> <span class='ocrx_word' id='word_1_425' title='bbox 857 3617 1053 3683; x_wconf 81' lang='lat' dir='ltr'>quater</span> <span class='ocrx_word' id='word_1_426' title='bbox 1097 3611 1206 3683; x_wconf 66' lang='lat' dir='ltr'>alte</span> <span class='ocrx_word' id='word_1_427' title='bbox 1233 3625 1354 3677; x_wconf 70' lang='lat' dir='ltr'>sex,</span> <span class='ocrx_word' id='word_1_428' title='bbox 1408 3618 1509 3665; x_wconf 86' lang='lat' dir='ltr'>etc.</span> <span class='ocrx_word' id='word_1_429' title='bbox 1562 3611 1776 3665; x_wconf 87' lang='lat' dir='ltr'>Rursus</span> <span class='ocrx_word' id='word_1_430' title='bbox 1834 3610 1919 3683; x_wconf 87' lang='lat' dir='ltr'>hic</span> <span class='ocrx_word' id='word_1_431' title='bbox 1956 3626 2107 3666; x_wconf 91' lang='lat' dir='ltr'>more</span> <span class='ocrx_word' id='word_1_432' title='bbox 2218 3613 2350 3667; x_wconf 92' lang='lat' dir='ltr'>Cum</span> <span class='ocrx_word' id='word_1_433' title='bbox 2387 3621 2560 3669; x_wconf 90' lang='lat' dir='ltr'>autem</span> <span class='ocrx_word' id='word_1_434' title='bbox 2591 3612 2881 3669; x_wconf 86' lang='lat' dir='ltr'>subnectit:</span> <span class='ocrx_word' id='word_1_435' title='bbox 2917 3615 3151 3668; x_wconf 85' lang='lat' dir='ltr'>alarum</span> <span class='ocrx_word' id='word_1_436' title='bbox 3196 3627 3501 3683; x_wconf 80' lang='lat' dir='ltr'>numerus,</span> <span class='ocrx_word' id='word_1_437' title='bbox 3534 3618 3667 3683; x_wconf 60' lang='grc' dir='ltr'>(τις)Ἶ</span> <span class='ocrx_word' id='word_1_438' title='bbox 3716 3611 3816 3664; x_wconf 81' lang='lat' dir='ltr'>ad-</span> 
     </span>
    </p>
   </div>
   <div class='ocr_carea' id='block_1_41' title="bbox 512 3681 3819 3753">
    <p class='ocr_par' dir='ltr' id='par_1_41' title="bbox 512 3681 3819 3753">
     <span class='ocr_line' id='line_1_42' title="bbox 512 3681 3819 3753; baseline -0 -17"><span class='ocrx_word' id='word_1_439' title='bbox 512 3698 617 3753; x_wconf 89' lang='lat' dir='ltr'>suo</span> <span class='ocrx_word' id='word_1_440' title='bbox 647 3681 902 3753; x_wconf 80' lang='lat' dir='ltr'>extribus</span> <span class='ocrx_word' id='word_1_441' title='bbox 934 3682 1108 3753; x_wconf 74' lang='lat' dir='ltr'>locis,</span> <span class='ocrx_word' id='word_1_442' title='bbox 1150 3681 1299 3753; x_wconf 81' lang='lat' dir='ltr'>sicut</span> <span class='ocrx_word' id='word_1_443' title='bbox 1346 3697 1508 3752; x_wconf 86' lang='lat' dir='ltr'>supra</span> <span class='ocrx_word' id='word_1_444' title='bbox 1565 3697 1682 3752; x_wconf 90' lang='lat' dir='ltr'>cap.</span> <span class='ocrx_word' id='word_1_445' title='bbox 1717 3685 1748 3735; x_wconf 79' lang='grc'>5</span> <span class='ocrx_word' id='word_1_446' title='bbox 1784 3682 1915 3753; x_wconf 17' lang='lat' dir='ltr'>7(ut&#39;r</span> <span class='ocrx_word' id='word_1_447' title='bbox 1934 3683 2106 3753; x_wconf 90' lang='lat' dir='ltr'>ipsius</span> <span class='ocrx_word' id='word_1_448' title='bbox 2219 3684 2368 3739; x_wconf 90' lang='lat' dir='ltr'>ludet</span> <span class='ocrx_word' id='word_1_449' title='bbox 2398 3687 2462 3737; x_wconf 87' lang='lat' dir='ltr'>ad</span> <span class='ocrx_word' id='word_1_450' title='bbox 2510 3684 2713 3739; x_wconf 87' lang='lat' dir='ltr'>veteris</span> <span class='ocrx_word' id='word_1_451' title='bbox 2769 3684 3098 3740; x_wconf 79' lang='lat' dir='ltr'>Testamenti</span> <span class='ocrx_word' id='word_1_452' title='bbox 3128 3682 3396 3739; x_wconf 84' lang='lat' dir='ltr'>volumina</span> <span class='ocrx_word' id='word_1_453' title='bbox 3452 3681 3647 3753; x_wconf 80' lang='lat' dir='ltr'>viginti</span> <span class='ocrx_word' id='word_1_454' title='bbox 3678 3698 3819 3752; x_wconf 86' lang='lat' dir='ltr'>qua-</span> 
     </span>
    </p>
   </div>
   <div class='ocr_carea' id='block_1_42' title="bbox 511 3750 3817 3829">
    <p class='ocr_par' dir='ltr' id='par_1_42' title="bbox 511 3750 3817 3829">
     <span class='ocr_line' id='line_1_43' title="bbox 511 3750 3817 3829; baseline 0.001 -24"><span class='ocrx_word' id='word_1_455' title='bbox 511 3751 714 3829; x_wconf 40' lang='lat' dir='ltr'>verbis-</span> <span class='ocrx_word' id='word_1_456' title='bbox 746 3750 972 3829; x_wconf 75' lang='lat' dir='ltr'>IOquar),</span> <span class='ocrx_word' id='word_1_457' title='bbox 1034 3750 1339 3829; x_wconf 79' lang='lat' dir='ltr'>centenario</span> <span class='ocrx_word' id='word_1_458' title='bbox 1382 3750 1531 3805; x_wconf 83' lang='lat' dir='ltr'>more</span> <span class='ocrx_word' id='word_1_459' title='bbox 1572 3750 1753 3829; x_wconf 71' lang='lat' dir='ltr'>unam</span> <span class='ocrx_word' id='word_1_460' title='bbox 1775 3750 1903 3829; x_wconf 84' lang='lat' dir='ltr'>faei_t</span> <span class='ocrx_word' id='word_1_461' title='bbox 1935 3750 2105 3829; x_wconf 58' lang='lat' dir='ltr'>{nam</span> <span class='ocrx_word' id='word_1_462' title='bbox 2215 3762 2339 3809; x_wconf 90' lang='lat' dir='ltr'>tuor</span> <span class='ocrx_word' id='word_1_463' title='bbox 2375 3755 2635 3811; x_wconf 89' lang='lat' dir='ltr'>Hebraica</span> <span class='ocrx_word' id='word_1_464' title='bbox 2661 3763 2714 3811; x_wconf 89' lang='lat' dir='ltr'>et</span> <span class='ocrx_word' id='word_1_465' title='bbox 2743 3755 2930 3812; x_wconf 81' lang='lat' dir='ltr'>Graeca</span> <span class='ocrx_word' id='word_1_466' title='bbox 2961 3770 3174 3829; x_wconf 88' lang='lat' dir='ltr'>quoquc</span> <span class='ocrx_word' id='word_1_467' title='bbox 3194 3755 3492 3812; x_wconf 88' lang='lat' dir='ltr'>litterarum</span> <span class='ocrx_word' id='word_1_468' title='bbox 3513 3750 3817 3808; x_wconf 66' lang='lat' dir='ltr'>clemchta.</span> 
     </span>
    </p>
   </div>
   <div class='ocr_carea' id='block_1_43' title="bbox 511 3821 2101 3893">
    <p class='ocr_par' dir='ltr' id='par_1_43' title="bbox 511 3821 2101 3893">
     <span class='ocr_line' id='line_1_44' title="bbox 511 3821 2101 3893; baseline 0.003 -19"><span class='ocrx_word' id='word_1_469' title='bbox 511 3821 640 3875; x_wconf 88' lang='lat' dir='ltr'>illud</span> <span class='ocrx_word' id='word_1_470' title='bbox 680 3822 744 3877; x_wconf 84' lang='lat' dir='ltr'>de</span> <span class='ocrx_word' id='word_1_471' title='bbox 774 3826 973 3893; x_wconf 81' lang='lat' dir='ltr'>quater</span> <span class='ocrx_word' id='word_1_472' title='bbox 991 3837 1093 3876; x_wconf 66' lang='lat' dir='ltr'>sea;</span> <span class='ocrx_word' id='word_1_473' title='bbox 1120 3821 1226 3876; x_wconf 76' lang='lat' dir='ltr'>alis</span> <span class='ocrx_word' id='word_1_474' title='bbox 1286 3822 1397 3876; x_wconf 91' lang='lat' dir='ltr'>sive</span> <span class='ocrx_word' id='word_1_475' title='bbox 1426 3821 1619 3892; x_wconf 89' lang='lat' dir='ltr'>pennis</span> <span class='ocrx_word' id='word_1_476' title='bbox 1647 3822 1845 3893; x_wconf 82' lang='lat' dir='ltr'>legitur</span> <span class='ocrx_word' id='word_1_477' title='bbox 1863 3823 2101 3879; x_wconf 81' lang='lat' dir='ltr'>Ezecb.1.</span> 
     </span>
    </p>
   </div>
   <div class='ocr_carea' id='block_1_44' title="bbox 1765 4125 2581 4236">
    <p class='ocr_par' dir='ltr' id='par_1_44' title="bbox 1765 4125 2581 4236">
     <span class='ocr_line' id='line_1_45' title="bbox 1765 4125 2581 4236; baseline 0.01 -24"><span class='ocrx_word' id='word_1_478' title='bbox 1765 4125 2080 4217; x_wconf 84' lang='lat' dir='ltr'><strong>LIBER</strong></span> <span class='ocrx_word' id='word_1_479' title='bbox 2112 4127 2581 4236; x_wconf 82' lang='lat' dir='ltr'>QUINTUS</span> 
     </span>
    </p>
   </div>
   <div class='ocr_carea' id='block_1_45' title="bbox 857 4281 3443 4404">
    <p class='ocr_par' dir='ltr' id='par_1_45' title="bbox 857 4281 3443 4404">
     <span class='ocr_line' id='line_1_46' title="bbox 857 4281 3443 4404; baseline 0.002 -6"><span class='ocrx_word' id='word_1_480' title='bbox 857 4284 1035 4399; x_wconf 90' lang='lat' dir='ltr'>DE</span> <span class='ocrx_word' id='word_1_481' title='bbox 1140 4281 1612 4402; x_wconf 83' lang='lat' dir='ltr'>VARIIS</span> <span class='ocrx_word' id='word_1_482' title='bbox 1726 4283 2489 4402; x_wconf 81' lang='lat' dir='ltr'>MARCIONIS</span> <span class='ocrx_word' id='word_1_483' title='bbox 2591 4285 3443 4404; x_wconf 62' lang='lat' dir='ltr'>HiERESIBUS.</span> 
     </span>
    </p>
   </div>
   <div class='ocr_carea' id='block_1_46' title="bbox 1960 4585 2363 4628">
    <p class='ocr_par' dir='ltr' id='par_1_46' title="bbox 1960 4585 2363 4628">
     <span class='ocr_line' id='line_1_47' title="bbox 1960 4585 2363 4628; baseline 0.002 -3"><span class='ocrx_word' id='word_1_484' title='bbox 1960 4585 2363 4628; x_wconf 75' lang='lat' dir='ltr'>ARGUMENTUM.</span> 
     </span>
    </p>
   </div>
   <div class='ocr_carea' id='block_1_47' title="bbox 1649 4669 3009 4742">
    <p class='ocr_par' dir='ltr' id='par_1_47' title="bbox 1649 4669 3009 4742">
     <span class='ocr_line' id='line_1_48' title="bbox 1649 4669 3009 4742; baseline 0.002 -18"><span class='ocrx_word' id='word_1_485' title='bbox 1649 4670 1746 4724; x_wconf 85' lang='lat' dir='ltr'>Hic</span> <span class='ocrx_word' id='word_1_486' title='bbox 1782 4669 1997 4740; x_wconf 89' lang='lat' dir='ltr'>quintus</span> <span class='ocrx_word' id='word_1_487' title='bbox 2026 4670 2223 4742; x_wconf 83' lang='lat' dir='ltr'>multos</span> <span class='ocrx_word' id='word_1_488' title='bbox 2251 4685 2419 4742; x_wconf 87' lang='lat' dir='ltr'>nexus</span> <span class='ocrx_word' id='word_1_489' title='bbox 2448 4670 2728 4742; x_wconf 89' lang='lat' dir='ltr'>nodosque</span> <span class='ocrx_word' id='word_1_490' title='bbox 2766 4670 3009 4739; x_wconf 88' lang='lat' dir='ltr'>resolvit,</span> 
     </span>
    </p>
   </div>
   <div class='ocr_carea' id='block_1_48' title="bbox 1643 4740 3092 4815">
    <p class='ocr_par' dir='ltr' id='par_1_48' title="bbox 1643 4740 3092 4815">
     <span class='ocr_line' id='line_1_49' title="bbox 1643 4740 3092 4815; baseline 0.003 -20"><span class='ocrx_word' id='word_1_491' title='bbox 1643 4742 1701 4796; x_wconf 90' lang='lat' dir='ltr'>In</span> <span class='ocrx_word' id='word_1_492' title='bbox 1730 4742 1953 4813; x_wconf 90' lang='lat' dir='ltr'>planum</span> <span class='ocrx_word' id='word_1_493' title='bbox 1984 4740 2122 4795; x_wconf 89' lang='lat' dir='ltr'>mala</span> <span class='ocrx_word' id='word_1_494' title='bbox 2151 4741 2424 4798; x_wconf 87' lang='lat' dir='ltr'>convolvit</span> <span class='ocrx_word' id='word_1_495' title='bbox 2454 4740 2807 4815; x_wconf 83' lang='lat' dir='ltr'>quaecumque</span> <span class='ocrx_word' id='word_1_496' title='bbox 2835 4743 3092 4800; x_wconf 89' lang='lat' dir='ltr'>latebant.</span> 
     </span>
    </p>
   </div>
   <div class='ocr_carea' id='block_1_49' title="bbox 519 4866 3832 4944">
    <p class='ocr_par' dir='ltr' id='par_1_49' title="bbox 519 4866 3832 4944">
     <span class='ocr_line' id='line_1_50' title="bbox 519 4866 3832 4944; baseline 0.002 -21"><span class='ocrx_word' id='word_1_497' title='bbox 519 4869 745 4924; x_wconf 77' lang='lat' dir='ltr'>Tractat</span> <span class='ocrx_word' id='word_1_498' title='bbox 772 4868 923 4923; x_wconf 83' lang='lat' dir='ltr'>enim</span> <span class='ocrx_word' id='word_1_499' title='bbox 987 4882 1129 4939; x_wconf 85' lang='lat' dir='ltr'>pene</span> <span class='ocrx_word' id='word_1_500' title='bbox 1168 4882 1360 4924; x_wconf 83' lang='lat' dir='ltr'>omnes</span> <span class='ocrx_word' id='word_1_501' title='bbox 1405 4866 1700 4944; x_wconf 63' lang='lat' dir='ltr'>Marciouis</span> <span class='ocrx_word' id='word_1_502' title='bbox 1743 4867 2000 4944; x_wconf 69' lang='lat' dir='ltr'>haereses,</span> <span class='ocrx_word' id='word_1_503' title='bbox 2051 4872 2104 4924; x_wconf 77' lang='lat' dir='ltr'>et</span> <span class='ocrx_word' id='word_1_504' title='bbox 2144 4867 2216 4921; x_wconf 90' lang='lat' dir='ltr'>ad</span> <span class='ocrx_word' id='word_1_505' title='bbox 2243 4872 2587 4937; x_wconf 80' lang='lat' dir='ltr'>argumenta</span> <span class='ocrx_word' id='word_1_506' title='bbox 2624 4869 2743 4939; x_wconf 86' lang='lat' dir='ltr'>ejus</span> <span class='ocrx_word' id='word_1_507' title='bbox 2769 4870 2967 4940; x_wconf 78' lang='lat' dir='ltr'>paucis</span> <span class='ocrx_word' id='word_1_508' title='bbox 3013 4871 3351 4944; x_wconf 81' lang='lat' dir='ltr'>respondet:</span> <span class='ocrx_word' id='word_1_509' title='bbox 3384 4887 3488 4943; x_wconf 88' lang='lat' dir='ltr'>quo</span> <span class='ocrx_word' id='word_1_510' title='bbox 3514 4870 3583 4941; x_wconf 76' lang='lat' dir='ltr'>ﬁt</span> <span class='ocrx_word' id='word_1_511' title='bbox 3626 4878 3705 4928; x_wconf 81' lang='lat' dir='ltr'>ut</span> <span class='ocrx_word' id='word_1_512' title='bbox 3741 4875 3832 4929; x_wconf 74' lang='lat' dir='ltr'>ti—</span> 
     </span>
    </p>
   </div>
   <div class='ocr_carea' id='block_1_50' title="bbox 1402 4938 2817 5009">
    <p class='ocr_par' dir='ltr' id='par_1_50' title="bbox 1402 4938 2817 5009">
     <span class='ocr_line' id='line_1_51' title="bbox 1402 4938 2817 5009; baseline 0.003 -17"><span class='ocrx_word' id='word_1_513' title='bbox 1402 4939 1520 4993; x_wconf 82' lang='lat' dir='ltr'>tqu</span> <span class='ocrx_word' id='word_1_514' title='bbox 1549 4938 1923 5009; x_wconf 80' lang='lat' dir='ltr'>adjecerimus</span> <span class='ocrx_word' id='word_1_515' title='bbox 1956 4954 1973 4990; x_wconf 89' lang='lat'><strong><em>:</em></strong></span> <span class='ocrx_word' id='word_1_516' title='bbox 2001 4954 2070 4993; x_wconf 86' lang='lat' dir='ltr'>DE</span> <span class='ocrx_word' id='word_1_517' title='bbox 2103 4952 2287 4993; x_wconf 70' lang='lat' dir='ltr'>vamrs</span> <span class='ocrx_word' id='word_1_518' title='bbox 2315 4953 2443 4994; x_wconf 83' lang='lat' dir='ltr'>EJUS</span> <span class='ocrx_word' id='word_1_519' title='bbox 2472 4938 2817 4996; x_wconf 56' lang='lat' dir='ltr'>mensarius.</span> 
     </span>
    </p>
   </div>
   <div class='ocr_carea' id='block_1_51' title="bbox 2140 5061 3466 5154">
    <p class='ocr_par' dir='ltr' id='par_1_51' title="bbox 2140 5061 3466 5154">
     <span class='ocr_line' id='line_1_52' title="bbox 2140 5061 3466 5154; baseline 0.005 -39"><span class='ocrx_word' id='word_1_520' title='bbox 2140 5078 2184 5154; x_wconf 71' lang='grc' dir='ltr'><strong>Β</strong></span> <span class='ocrx_word' id='word_1_521' title='bbox 2215 5061 2348 5117; x_wconf 85' lang='lat' dir='ltr'>llinc</span> <span class='ocrx_word' id='word_1_522' title='bbox 2376 5061 2535 5117; x_wconf 86' lang='lat' dir='ltr'>etiam</span> <span class='ocrx_word' id='word_1_523' title='bbox 2558 5064 2737 5119; x_wconf 89' lang='lat' dir='ltr'>carnis</span> <span class='ocrx_word' id='word_1_524' title='bbox 2765 5079 2893 5137; x_wconf 88' lang='lat' dir='ltr'>spes</span> <span class='ocrx_word' id='word_1_525' title='bbox 2922 5075 2975 5122; x_wconf 91' lang='lat' dir='ltr'>et</span> <span class='ocrx_word' id='word_1_526' title='bbox 2998 5066 3219 5123; x_wconf 87' lang='lat' dir='ltr'>victoria</span> <span class='ocrx_word' id='word_1_527' title='bbox 3248 5067 3466 5133; x_wconf 87' lang='lat' dir='ltr'>Christi,</span> 
     </span>
    </p>
   </div>
   <div class='ocr_carea' id='block_1_52' title="bbox 2226 5152 3496 5222">
    <p class='ocr_par' dir='ltr' id='par_1_52' title="bbox 2226 5152 3496 5222">
     <span class='ocr_line' id='line_1_53' title="bbox 2226 5152 3496 5222; baseline 0.006 -17"><span class='ocrx_word' id='word_1_528' title='bbox 2226 5152 2292 5206; x_wconf 86' lang='lat' dir='ltr'>Et</span> <span class='ocrx_word' id='word_1_529' title='bbox 2323 5152 2532 5222; x_wconf 90' lang='lat' dir='ltr'>species</span> <span class='ocrx_word' id='word_1_530' title='bbox 2559 5152 2788 5208; x_wconf 70' lang='lat' dir='ltr'>breviter</span> <span class='ocrx_word' id='word_1_531' title='bbox 2818 5155 3071 5210; x_wconf 87' lang='lat' dir='ltr'>falsarum</span> <span class='ocrx_word' id='word_1_532' title='bbox 3098 5155 3235 5211; x_wconf 88' lang='lat' dir='ltr'>dicta</span> <span class='ocrx_word' id='word_1_533' title='bbox 3265 5156 3496 5213; x_wconf 89' lang='lat' dir='ltr'>viarum.</span> 
     </span>
    </p>
   </div>
   <div class='ocr_carea' id='block_1_53' title="bbox 586 5234 3585 5317">
    <p class='ocr_par' dir='ltr' id='par_1_53' title="bbox 586 5234 3585 5317">
     <span class='ocr_line' id='line_1_54' title="bbox 586 5234 3585 5317; baseline 0.004 -28"><span class='ocrx_word' id='word_1_534' title='bbox 586 5234 797 5289; x_wconf 89' lang='lat' dir='ltr'>Primus</span> <span class='ocrx_word' id='word_1_535' title='bbox 856 5240 968 5290; x_wconf 86' lang='lat' dir='ltr'>erat</span> <span class='ocrx_word' id='word_1_536' title='bbox 1024 5235 1138 5306; x_wconf 85' lang='grc'>(71)</span> <span class='ocrx_word' id='word_1_537' title='bbox 1194 5235 1432 5293; x_wconf 84' lang='lat' dir='ltr'>referens</span> <span class='ocrx_word' id='word_1_538' title='bbox 1500 5237 1701 5293; x_wconf 90' lang='lat' dir='ltr'>inimici</span> <span class='ocrx_word' id='word_1_539' title='bbox 1786 5254 1852 5294; x_wconf 89' lang='lat' dir='ltr'>ex</span> <span class='ocrx_word' id='word_1_540' title='bbox 1916 5240 2107 5295; x_wconf 88' lang='lat' dir='ltr'>ordine</span> <span class='ocrx_word' id='word_1_541' title='bbox 2217 5241 2344 5294; x_wconf 87' lang='lat' dir='ltr'>[nde</span> <span class='ocrx_word' id='word_1_542' title='bbox 2374 5257 2607 5313; x_wconf 90' lang='lat' dir='ltr'>sequens</span> <span class='ocrx_word' id='word_1_543' title='bbox 2635 5243 2919 5313; x_wconf 87' lang='lat' dir='ltr'>conjuncta</span> <span class='ocrx_word' id='word_1_544' title='bbox 2954 5245 3114 5301; x_wconf 90' lang='lat' dir='ltr'>docet</span> <span class='ocrx_word' id='word_1_545' title='bbox 3142 5246 3399 5317; x_wconf 82' lang='lat' dir='ltr'>mysteria</span> <span class='ocrx_word' id='word_1_546' title='bbox 3428 5245 3585 5317; x_wconf 83' lang='lat' dir='ltr'>legis,</span> 
     </span>
    </p>
   </div>
   <div class='ocr_carea' id='block_1_54' title="bbox 508 5322 3550 5407">
    <p class='ocr_par' dir='ltr' id='par_1_54' title="bbox 508 5322 3550 5407">
     <span class='ocr_line' id='line_1_55' title="bbox 508 5322 3550 5407; baseline 0.003 -25"><span class='ocrx_word' id='word_1_547' title='bbox 508 5324 644 5395; x_wconf 69' lang='lat' dir='ltr'>Quae</span> <span class='ocrx_word' id='word_1_548' title='bbox 674 5323 863 5396; x_wconf 81' lang='lat' dir='ltr'>refuga</span> <span class='ocrx_word' id='word_1_549' title='bbox 892 5322 1076 5381; x_wconf 89' lang='lat' dir='ltr'>illicite</span> <span class='ocrx_word' id='word_1_550' title='bbox 1107 5323 1325 5407; x_wconf 88' lang='lat' dir='ltr'>molitus</span> <span class='ocrx_word' id='word_1_551' title='bbox 1357 5327 1577 5396; x_wconf 86' lang='lat' dir='ltr'>protulit</span> <span class='ocrx_word' id='word_1_552' title='bbox 1594 5343 1813 5393; x_wconf 89' lang='lat' dir='ltr'>amens;</span> <span class='ocrx_word' id='word_1_553' title='bbox 1900 5326 2104 5400; x_wconf 87' lang='lat' dir='ltr'>[verba,</span> <span class='ocrx_word' id='word_1_554' title='bbox 2218 5330 2384 5401; x_wconf 88' lang='lat' dir='ltr'>Inque</span> <span class='ocrx_word' id='word_1_555' title='bbox 2411 5346 2550 5388; x_wconf 81' lang='lat' dir='ltr'>novo</span> <span class='ocrx_word' id='word_1_556' title='bbox 2578 5332 2727 5388; x_wconf 90' lang='lat' dir='ltr'>Deus</span> <span class='ocrx_word' id='word_1_557' title='bbox 2756 5350 2874 5403; x_wconf 80' lang='lat' dir='ltr'>quae</span> <span class='ocrx_word' id='word_1_558' title='bbox 2905 5333 3110 5394; x_wconf 70' lang='lat' dir='ltr'>foedere</span> <span class='ocrx_word' id='word_1_559' title='bbox 3148 5334 3366 5397; x_wconf 88' lang='lat' dir='ltr'>tradidit</span> <span class='ocrx_word' id='word_1_560' title='bbox 3394 5351 3550 5390; x_wconf 85' lang='lat' dir='ltr'>unus.</span> 
     </span>
    </p>
   </div>
   <div class='ocr_carea' id='block_1_55' title="bbox 1903 5422 3163 5489">
    <p class='ocr_par' dir='ltr' id='par_1_55' title="bbox 1903 5422 3163 5489">
     <span class='ocr_line' id='line_1_56' title="bbox 1903 5422 3163 5489; baseline 0.005 -3"><span class='ocrx_word' id='word_1_561' title='bbox 1903 5422 2397 5489; x_wconf 85' lang='lat' dir='ltr'>Commentarius.</span> <span class='ocrx_word' id='word_1_562' title='bbox 3127 5470 3163 5481; x_wconf 83' lang='grc'><strong>-</strong></span> 
     </span>
    </p>
   </div>
   <div class='ocr_carea' id='block_1_56' title="bbox 573 5529 3836 5607">
    <p class='ocr_par' dir='ltr' id='par_1_56' title="bbox 573 5529 3836 5607">
     <span class='ocr_line' id='line_1_57' title="bbox 573 5529 3836 5607; baseline 0.004 -22"><span class='ocrx_word' id='word_1_563' title='bbox 573 5534 628 5603; x_wconf 82' lang='lat'>(7</span> <span class='ocrx_word' id='word_1_564' title='bbox 640 5532 689 5602; x_wconf 87' lang='grc'>1)</span> <span class='ocrx_word' id='word_1_565' title='bbox 719 5531 1528 5607; x_wconf 51' lang='lat' dir='ltr'>Primuseratfefereus,etc.</span> <span class='ocrx_word' id='word_1_566' title='bbox 1564 5529 2097 5607; x_wconf 57' lang='lat' dir='ltr'>Marcionerarefu-</span> <span class='ocrx_word' id='word_1_567' title='bbox 2209 5531 2409 5607; x_wconf 73' lang='lat' dir='ltr'>tliolica</span> <span class='ocrx_word' id='word_1_568' title='bbox 2438 5532 2747 5607; x_wconf 84' lang='lat' dir='ltr'>desciverit,</span> <span class='ocrx_word' id='word_1_569' title='bbox 2786 5536 3246 5606; x_wconf 82' lang='lat' dir='ltr'>quemadmodum</span> <span class='ocrx_word' id='word_1_570' title='bbox 3295 5538 3453 5594; x_wconf 89' lang='lat' dir='ltr'>latius</span> <span class='ocrx_word' id='word_1_571' title='bbox 3486 5538 3680 5595; x_wconf 83' lang='lat' dir='ltr'>videre</span> <span class='ocrx_word' id='word_1_572' title='bbox 3739 5552 3836 5597; x_wconf 84' lang='lat' dir='ltr'>est</span> 
     </span>
    </p>
   </div>
   <div class='ocr_carea' id='block_1_57' title="bbox 500 5600 3829 5687">
    <p class='ocr_par' dir='ltr' id='par_1_57' title="bbox 500 5600 3829 5687">
     <span class='ocr_line' id='line_1_58' title="bbox 500 5600 3829 5687; baseline 0.003 -27"><span class='ocrx_word' id='word_1_573' title='bbox 500 5600 629 5673; x_wconf 65' lang='lat' dir='ltr'>gain</span> <span class='ocrx_word' id='word_1_574' title='bbox 658 5600 767 5659; x_wconf 88' lang='lat' dir='ltr'>non</span> <span class='ocrx_word' id='word_1_575' title='bbox 798 5604 966 5660; x_wconf 90' lang='lat' dir='ltr'>semel</span> <span class='ocrx_word' id='word_1_576' title='bbox 996 5604 1080 5659; x_wconf 89' lang='lat' dir='ltr'>bis</span> <span class='ocrx_word' id='word_1_577' title='bbox 1109 5600 1262 5658; x_wconf 87' lang='lat' dir='ltr'>libris</span> <span class='ocrx_word' id='word_1_578' title='bbox 1310 5601 1560 5674; x_wconf 86' lang='lat' dir='ltr'>appellat,</span> <span class='ocrx_word' id='word_1_579' title='bbox 1595 5600 1739 5672; x_wconf 92' lang='lat' dir='ltr'>quod</span> <span class='ocrx_word' id='word_1_580' title='bbox 1781 5617 1815 5656; x_wconf 89' lang='lat' dir='ltr'>a</span> <span class='ocrx_word' id='word_1_581' title='bbox 1858 5602 1961 5656; x_wconf 86' lang='lat' dir='ltr'>tide</span> <span class='ocrx_word' id='word_1_582' title='bbox 2001 5618 2094 5659; x_wconf 86' lang='lat' dir='ltr'>ca-</span> <span class='ocrx_word' id='word_1_583' title='bbox 2207 5602 2303 5658; x_wconf 89' lang='lat' dir='ltr'>lib.</span> <span class='ocrx_word' id='word_1_584' title='bbox 2336 5600 2760 5687; x_wconf 56' lang='lat' dir='ltr'>dePrwscript&#39;.</span> <span class='ocrx_word' id='word_1_585' title='bbox 2792 5600 3008 5668; x_wconf 75' lang='lat' dir='ltr'>advers.</span> <span class='ocrx_word' id='word_1_586' title='bbox 3042 5610 3181 5668; x_wconf 79' lang='grc' dir='ltr'>Ιιιεν.</span> <span class='ocrx_word' id='word_1_587' title='bbox 3233 5626 3355 5684; x_wconf 87' lang='lat' dir='ltr'>cap.</span> <span class='ocrx_word' id='word_1_588' title='bbox 3406 5614 3495 5677; x_wconf 90' lang='lat'>30,</span> <span class='ocrx_word' id='word_1_589' title='bbox 3541 5619 3601 5667; x_wconf 83' lang='lat' dir='ltr'>et</span> <span class='ocrx_word' id='word_1_590' title='bbox 3652 5610 3773 5668; x_wconf 83' lang='lat' dir='ltr'>lib.</span> <span class='ocrx_word' id='word_1_591' title='bbox 3806 5629 3829 5669; x_wconf 85' lang='grc' dir='ltr'>ι</span> 
     </span>
    </p>
   </div>
   <div class='ocr_carea' id='block_1_58' title="bbox 1018 5104 1611 5161">
    <p class='ocr_par' dir='ltr' id='par_1_58' title="bbox 1018 5104 1611 5161">
     <span class='ocr_line' id='line_1_59' title="bbox 1018 5104 1611 5161; baseline 0.003 -4"><span class='ocrx_word' id='word_1_592' title='bbox 1018 5104 1246 5160; x_wconf 89' lang='lat' dir='ltr'>CAPUT</span> <span class='ocrx_word' id='word_1_593' title='bbox 1330 5105 1611 5161; x_wconf 77' lang='lat' dir='ltr'>PRIMUM.</span> 
     </span>
    </p>
   </div>
  </div>
