4058 6172
325 241 458 302 1141
686 240 690 242 ’
1354 247 1689 310 APPENDIX
1729 249 1768 309 Ι.
1831 282 1905 294 —-

2021 255 2100 312 IV.
2158 254 2574 317 MARCIONEM.
3473 261 3617 321 1142

318 367 532 425 Tertius
560 370 793 444 ingenua
823 381 1036 446 gentem
1065 375 1134 430 de
1161 381 1334 431 matre
1365 386 1616 444 creatam,
1945 401 1992 480 Α
2020 380 2222 437 Omnes
2247 383 2504 455 eXpulsas
2533 382 2736 440 animas
2775 385 2891 442 sine
2922 402 3150 458 corpore
3181 389 3381 458 passim

318 457 543 480 ‘IT-A:L___
581 468 625 480 ,ι
665 462 896 480 ---ι-·ι---
938 478 982 480 ---
1008 469 1153 480 ---.--
1207 479 1216 480 -
1412 465 1424 476 ο
1471 464 1483 476 ο
1521 475 1530 480 .
2019 471 2060 480 -
2093 471 2104 480 .
2715 474 2748 480 --
2922 476 2954 480 --

318 457 545 515 Vatibus
573 468 628 517 et
663 462 903 533 patribus
930 469 1168 520 sacratos
1196 479 1315 521 esse
1352 464 1652 531 ministros,
1945 457 1992 480 "
2018 471 2261 544 Eripere,
2287 482 2340 528 et
2366 487 2584 529 carnem
2613 474 2892 544 spoliatam
2921 457 3167 547 linquere
3185 457 3352 533 terrae
3377 499 3391 547 ;

318 547 471 616 Quos
499 565 728 607 numero
756 551 842 608 bis
870 567 964 608 sex
993 552 1058 608 de
1087 554 1312 623 cunctis,
1362 554 1596 624 Christe,
1646 555 1901 629 legebas;
2018 560 2135 616 Una
2173 560 2260 616 die
2290 562 2489 632 pariter
2525 564 2796 634 complere
2823 563 3084 623 cadavere
3121 568 3399 633 mundum,

315 637 580 708 Majorum
602 647 729 696 natu
756 655 881 696 cum
907 641 1396 715 nominetempora
1427 644 1582 700 lustri
2017 648 2294 708 Evacuare
2321 651 2529 714 orbem,
2563 661 2723 724 atque
2749 652 2957 710 animas
2985 654 3252 711 adtollere
3284 657 3446 714 coelo.

314 726 586 799 Tempora
615 728 835 796 servati,
867 730 1092 786 sceleris
1124 731 1210 786 cui
1242 731 1420 804 paruit
1449 741 1638 791 auctor
2021 739 2308 811 Pragenies
2336 739 2613 795 hominum
2642 741 2788 797 nasci
2818 750 3083 799 cessasset
3114 744 3166 798 in
3201 761 3384 811 unum,

316 817 559 888 Ignotus,
588 817 711 874 sine
739 818 883 892 lege,
914 835 1106 894 vagus,
1125 835 1252 878 cum
1277 822 1428 893 prole
1459 823 1702 879 relictus.
2020 827 2085 882 Et
2111 827 2260 884 nulla
2288 830 2510 899 posthac
2538 830 2757 903 generis
2785 831 3042 904 prosapia
3070 834 3236 890 vestri

319 905 551 976 Quartus
578 916 633 964 et
659 906 777 980 ipse
799 907 963 965 refert
989 910 1216 967 obscura
1247 910 1455 980 piacula
1484 911 1624 986 legis
2019 917 2156 972 Nata
2184 915 2340 984 foret,
2384 927 2698 990 pestemque
2719 936 2913 976 novam
2953 919 3177 977 fudisset
3208 923 3261 977 in
3293 923 3503 980 orbem.

321 998 456 1054 Esse
481 1005 673 1069 typum
701 997 912 1065 veteris,
943 1015 1066 1071 quas
1104 999 1282 1070 paruit
1309 1000 1482 1056 hostia
1518 1017 1666 1068 vere,
2018 1006 2116 1063 Vel
2145 1007 2273 1080 quia
2301 1014 2428 1064 tunc
2452 1007 2585 1062 nihil
2618 1023 2683 1063 ex
2712 1008 2796 1064 his
2827 1009 3024 1066 factum
3055 1011 3364 1068 ostenditur
3393 1028 3534 1082 esse,

318 1084 640 1143 Iamdudum
669 1094 978 1159 exspectata
1001 1087 1106 1160 piis
1133 1104 1258 1145 cum
1284 1089 1488 1146 semine
1519 1097 1733 1147 sancto.
2019 1096 2283 1152 Debuerat
2311 1095 2472 1152 finem
2503 1097 2684 1172 generi
2716 1100 2964 1155 statuisse
2998 1100 3198 1171 futuro,

321 1176 422 1234 Hic
447 1174 670 1248 quintus
701 1176 899 1233 multos
920 1193 1092 1234 nexus
1121 1178 1402 1249 nodosque
1431 1180 1692 1251 resolvit;
2021 1185 2285 1241 Connubii
2315 1186 2492 1242 solido
2524 1187 2834 1258 complexus
2863 1188 3024 1244 corde
3055 1190 3329 1260 replesset,

320 1265 380 1320 In
407 1265 628 1338 planum
657 1266 796 1321 mala
821 1265 1096 1325 convolvit
1113 1282 1467 1339 quaecumque
1495 1269 1766 1324 latebant:
2021 1273 2256 1331 Fecisset
2281 1290 2508 1345 corpore
2538 1276 2702 1342 viros,
2733 1276 2850 1332 sine
2877 1276 3122 1348 germine
3149 1278 3375 1349 fructus,

319 1357 651 1426 Argumenta
671 1355 912 1423 trahens,
945 1355 1040 1413 sed
1060 1370 1169 1411 non
1199 1356 1316 1412 sine
1347 1364 1481 1413 teste
1509 1358 1802 1430 propheta.
2021 1363 2257 1419 Feminei
2288 1379 2448 1420 sexus
2473 1365 2684 1421 cubitus
2714 1366 2912 1422 undere
2941 1367 3197 1434 dedisset,

327 1443 542 1502 I085
570 1445 641 1501 Et
661 1444 907 1518 quamvis
935 1444 1120 1501 hostes
1139 1445 1329 1502 muniti
1358 1445 1585 1502 fortibus
1607 1446 1775 1502 armis
1793 1445 1912 1518 (72)
2020 1450 2309 1509 Clausisset
2335 1452 2548 1524 penitus
2575 1455 2751 1510 carnis
2779 1454 3032 1527 genitalia
3053 1457 3316 1524 membra,
3395 1458 3610 1530 [cullas.

317 1534 643 1602 Vincamus;
676 1541 861 1590 tamen
888 1532 1111 1599 inlicita,
1144 1534 1370 1604 polluta,
1402 1534 1658 1605 nefanda,
2022 1537 2248 1596 I086
2272 1541 2437 1597 Nulla
2455 1533 2907 1600 voluntas'nostro
2936 1545 3139 1614 animo,
3163 1562 3336 1619 neque
3357 1563 3515 1618 posse
3535 1546 3615 1602 fa-

319 1623 720 1680 Commaculata
747 1622 1040 1702 simulnsic
1058 1622 1276 1678 miscuit
1302 1624 1484 1679 omnia
1513 1639 1763 1696 serpens,
1945 1684 1986 1706 n
2018 1627 2146 1684 Post
2170 1629 2286 1685 hmc
2313 1639 2496 1699 posset
2527 1640 2580 1686 et
2612 1632 2836 1689 interior
2864 1634 3025 1691 homo
3063 1636 3322 1706 sanguine
3346 1635 3550 1706 junctis

918 1684 956 1702 .,
1606 1684 1623 1696 ,
1751 1684 1760 1689 -
2269 1684 2368 1699 -,-
2539 1684 2577 1686 ν-
2865 1684 3020 1691 -------
3063 1684 3275 1706 "ne---

319 1711 599 1771 Grecorum
624 1711 745 1767 sine
774 1711 894 1768 luce
921 1711 1082 1772 viam.
1111 1711 1418 1769 contamina
1437 1727 1632 1781 ,vocem
1658 1730 1675 1784 ς
1945 1684 1988 1760 Β
2022 1717 2238 1773 Haerere
2265 1716 2476 1773 infusus
2501 1722 2669 1787 carni,
2701 1736 3021 1796 semperque
3050 1723 3275 1795 periret.

319 1803 394 1858 Ut
420 1801 552 1856 dum
581 1800 833 1856 factorem
862 1800 1048 1856 mundi
1075 1801 1451 1856 contendimus
1480 1801 1659 1873 ipsum
2018 1805 2246 1879 Semper
2273 1807 2388 1864 ovis
2418 1807 2575 1879 perit,
2608 1824 2741 1882 ergo
2773 1826 2874 1865 nec
2903 1819 2986 1868 est
3014 1828 3229 1868 servare
3262 1821 3495 1884 potestas
3515 1815 3543 1867 ?

317 1887 455 1945 Esse
483 1891 657 1945 Deum
684 1889 880 1960 solum,
911 1897 1092 1946 vatum
1119 1903 1337 1962 quo'tue
1365 1904 1498 1947 voce
1538 1889 1802 1955 loculum,
2021 1896 2156 1952 Cum
2186 1911 2403 1967 semper
2429 1906 2687 1954 nascatur
2717 1899 2900 1968 homo,
2934 1902 3035 1957 sub
3072 1902 3296 1958 crimine
3325 1902 3515 1958 mortis

318 1978 679 2052 Ignotumque
705 1977 866 2033 alium
916 1993 1238 2050 quemquam
1268 1994 1375 2034 non
1419 1994 1540 2036 esse
1584 1981 1906 2050 probamus;
2020 1984 2176 2055 Quod
2199 1986 2432 2057 pastoris
2462 2001 2617 2059 Opus,
2650 1987 2696 2042 si
2727 1988 2804 2044 sic
2830 1988 3049 2047 inventa
3081 1991 3342 2046 docentur
3363 1992 3392 2044 εἰ

321 2066 430 2123 Vix
462 2067 714 2120 mundam
744 2066 988 2139 linguam
1016 2067 1285 2124 sermonis
1312 2068 1471 2140 culpa
1500 2078 1758 2134 reservet,
2019 2075 2308 2147 Inquaesita
2342 2091 2493 2148 ergo,
2524 2077 2620 2133 sed
2649 2093 2758 2133 non
2788 2086 2974 2148 erepta
3013 2079 3296 2150 probatur.

320 2154 618 2228 Complexu
647 2155 798 2211 vario
828 2166 1020 2212 notum
1049 2157 1181 2212 dum
1209 2157 1365 2212 laude
1391 2164 1683 2228 sequentes
2021 2165 2175 2220 Nunc
2201 2179 2329 2221 vero
2359 2164 2600 2221 delectus
2629 2167 2784 2224 adest
2821 2167 3089 2223 connubia
3119 2166 3290 2236 adire,

324 2245 726 2316 Culpamusque
761 2243 894 2299 alias
926 2244 1098 2316 ignoti
1129 2253 1375 2316 tempora
1402 2261 1566 2316 sera;
2023 2253 2092 2307 Ut
2121 2268 2336 2322 semper
2373 2253 2489 2320 fuit,
2522 2271 2682 2325 quem
2708 2257 2888 2326 junxit
2915 2264 3058 2312 certa
3086 2271 3350 2332 prepago,

321 2334 428 2392 Sed
456 2339 656 2406 cogunt
686 2347 785 2387 nos
813 2333 982 2390 multa
1009 2333 1119 2390 doli
1147 2334 1338 2390 caelata
1367 2349 1600 2402 venena,
2021 2341 2328 2397 Nascuntur
2357 2350 2551 2417 gentes
2578 2351 2632 2399 et
2656 2343 2745 2398 vix
2776 2346 3112 2401 numerabile
3141 2345 3357 2419 vulgus,

318 2421 556 2494 Ancipiti
593 2437 914 2495 quamquam
943 2437 1068 2478 eum
1097 2422 1340 2488 crimine,
1375 2421 1615 2493 pandere
1644 2421 1828 2478 verba.
2024 2428 2314 2501 Accipiunt
2342 2431 2547 2486 animas
2575 2440 2885 2488 nascentum
2916 2449 3148 2506 corpora
3173 2435 3334 2502 viva;

2021 2519 2135 2574 Nec
2159 2520 2379 2574 Paulum
2409 2519 2611 2589 decuit,
2640 2522 2888 2592 quamvis
2919 2539 3019 2593 pro
3038 2531 3276 2594 tempore
3324 2524 3550 2597 quosvis
3569 2523 3619 2561 26

957 2564 1182 2622 CAPUT
1209 2565 1274 2620 ῙῘ·
2024 2607 2258 2673 Hortari,
2290 2608 2437 2664 velut
2464 2609 2579 2680 ipse
2595 2564 2726 2676 his,
2761 2612 2879 2678 pari
2907 2564 3051 2667 sorte
3079 2564 3320 2683 meruere,

393 2691 652 2764 Quisnam
681 2706 814 2766 ergo
842 2691 990 2746 Deus
1008 2691 1036 2746 ‘2
1062 2705 1225 2763 quem
1253 2705 1441 2746 verum
1470 2688 1648 2745 dicitis
1683 2703 1807 2746 esse
2024 2695 2306 2766 Temporis
2334 2696 2546 2769 angusti
2574 2711 2799 2753 cernens
2835 2699 3083 2754 instantia
3114 2701 3315 2764 multa;

324 2783 573 2854 Ignotum
605 2781 842 2853 populis,
864 2780 1108 2837 alienum
1136 2779 1370 2850 denique
1399 2779 1601 2834 mundo
1624 2780 1652 2834 Ἰ
2024 2785 2154 2838 Nam
2187 2795 2400 2842 teneras
2428 2785 2564 2840 alias
2593 2794 2780 2848 aetates
2808 2787 3012 2842 nubere
3035 2787 3218 2856 jussit,

329 2872 478 2928 Hunc
507 2886 669 2942 quem
697 2885 855 2928 nemo
883 2868 1036 2941 prius
1064 2876 1239 2936 norat,
1271 2869 1358 2924 hic
1382 2867 1531 2926 venit
1561 2868 1627 2922 ab
1656 2866 1807 2924 alto?
2024 2874 2137 2930 Nec
2164 2890 2222 2930 se
2249 2873 2506 2946 fraudari,
2538 2875 2635 2930 sed
2665 2873 2848 2930 debita
2884 2875 3108 2931 reddere
3149 2881 3326 2946 pacto,

325 2961 384 3017 Si
410 2977 527 3028 sua,
559 2975 654 3017 cur
687 2969 790 3016 tam
820 2975 941 3016 sera
969 2959 1144 3030 petit?
1175 2958 1224 3014 si
1252 2973 1358 3013 non
1386 2972 1504 3026 sua,
1537 2972 1703 3026 quare
1951 2986 1993 3064 ε
2026 2963 2134 3019 Vos
2159 2971 2341 3018 autem
2365 2969 2541 3018 astuta
2567 2963 2689 3034 quis
2725 2961 2890 3018 suasit
2918 2963 3104 3020 fraude
3144 2979 3383 3028 manere,

323 3052 393 3108 Ut
419 3049 605 3122 praado
633 3050 790 3122 rapit,
822 3055 875 3105 et
895 3047 1153 3122 pepulum
1176 3047 1278 3102 sub
1307 3047 1439 3119 lege
1464 3052 1768 3102 morantem
1952 3047 1993 3064 "
2020 3049 2228 3106 Divisio
2257 3049 2425 3122 prolis
2452 3065 2673 3107 securos
2702 3051 2899 3123 degere
2929 3067 3134 3119 amore,

331 3139 540 3212 Ignotis
571 3138 770 3196 totiens
795 3155 896 3210 per
925 3139 1104 3211 legem
1134 3136 1361 3194 vocibus
1398 3135 1634 3208 opplet?
2021 3138 2240 3195 Crimen
2265 3137 2520 3194 adulterii
2554 3138 2915 3206 committere,
2947 3140 3178 3209 perdere
3203 3139 3363 3196 vitam
3385 3140 3414 3193 ?

322 3230 378 3286 Si
411 3228 652 3284 misereri
678 3228 836 3284 etiam
863 3228 1007 3284 venit
1032 3231 1090 3282 et
1117 3241 1427 3282 succurrere
1454 3223 1682 3287 cunctis.
2023 3229 2090 3282 Et
2117 3242 2440 3299 quamquam
2471 3229 2628 3299 perit,
2661 3228 2716 3284 id
2749 3228 2944 3285 falsare
2975 3229 3258 3300 agnomina
3285 3227 3484 3285 verbi?

323 3320 392 3376 Et
423 3318 665 3375 relevare
693 3317 847 3389 gravi
875 3315 1160 3372 devinctos
1187 3315 1371 3372 funere
1400 3314 1610 3381 mortis,
2022 3317 2358 3388 QuaprOpter
2387 3318 2534 3374 vocis
2561 3326 2669 3373 tam
2700 3318 2877 3375 dulcia
2914 3326 3108 3375 cuncta
3141 3318 3420 3390 profundit

324 3407 517 3466 Carnis
543 3415 596 3462 et
621 3408 886 3463 obscaeno
913 3405 1184 3478 spiramen
1212 3406 1419 3463 solvere
1446 3403 1642 3472 vinclo,
2021 3405 2278 3477 Impavidi
2317 3406 2578 3478 quidquid
2609 3408 2802 3478 placet,
2835 3417 2897 3464 ut
2925 3407 3134 3465 faciatis
3163 3411 3394 3478 oportet,

325 3498 432 3568 Qui
458 3496 736 3552 cohibetur
764 3496 926 3552 homo
956 3493 1200 3562 interior,
1225 3494 1474 3550 concisus
1502 3494 1704 3564 inique,
2023 3498 2081 3551 In
2110 3494 2298 3552 faciem
2326 3495 2477 3561 casti,
2511 3497 2761 3552 maculati
2794 3496 3016 3554 crimine
3047 3496 3252 3562 furtim,

327 3589 436 3644 Cur
467 3596 575 3642 tam
602 3601 724 3642 sero
767 3585 890 3657 pius
917 3585 967 3624 2³
994 3584 1245 3658 vigilans,
1286 3599 1604 3655 semperque
1647 3580 1916 3654 benignus
2023 3587 2134 3641 Hac
2162 3600 2324 3640 causa
2349 3599 2449 3640 vos
2477 3585 2754 3642 connubio
2789 3586 3018 3657 privavit
3044 3586 3293 3642 honesto.

325 3677 430 3747 Qui
462 3691 757 3746 numquam
779 3675 929 3746 prius
957 3674 1181 3730 omnino
1208 3689 1266 3728 se
1295 3672 1525 3746 praebuit
1548 3671 1643 3726 ulli
2024 3674 2128 3729 Sed
2155 3673 2284 3745 quid
2313 3674 2468 3745 plura
2488 3675 2518 3729 Ὺ
2545 3674 2685 3730 bene
2715 3681 2800 3730 est
2826 3674 3124 3744 disjunctos
3154 3673 3356 3729 scilicet
3380 3687 3523 3737 esse,

324 3765 684 3822 Transmissis
721 3779 949 3820 numero
986 3763 1197 3819 alienos
1225 3778 1320 3819 ore
1350 3761 1648 3834 requirens,
2025 3761 2261 3835 Expedit
2289 3770 2344 3818 et
2373 3762 2596 3833 mundo,
2631 3779 2700 3820 ne
2725 3763 2892 3819 vestri
2919 3762 3182 3836 germinis
3209 3761 3349 3817 ullus

324 3857 611 3930 Nunquam
639 3861 999 3926 exspectatus,
1028 3868 1150 3923 non
1177 3862 1360 3918 notus,
1397 3852 1596 3906 missus
1622 3851 1677 3905 in
1704 3849 1915 3905 orbem.
2025 3852 2309 3924 Nascatur,
2335 3851 2548 3910 tandem
2580 3855 2871 3910 cessabunt
2899 3868 3104 3925 organa
3134 3851 3338 3908 mortis.

945 3993 1170 4050 CAPUT
1202 3993 1296 4048 III.

2641 4048 2870 4105 CAPUT
2915 4049 3010 4105 IV.

404 4122 500 4177 Pa~
510 4128 597 4177 tor
608 4135 763 4177 ovem
793 4135 1041 4192 quaerens
1060 4120 1194 4191 ('73),
1218 4133 1374 4190 quam
1398 4131 1508 4172 non
1533 4116 1787 4172 amiserat
1803 4123 1925 4172 ante

331 4210 531 4268 Debuit
557 4218 754 4266 exutus
784 4163 1020 4280 carnem,
1049 4163 1405 4281 quasillum
1433 4214 1487 4262 et
1506 4207 1554 4244 2³
1582 4205 1698 4276 ipse
1959 4163 2005 4238 υ
2107 4203 2315 4256 Partem
2343 4198 2596 4266 hominis,
2649 4198 2776 4252 dum
2825 4199 3055 4270 speratis
3086 4199 3324 4255 retinere
3371 4199 3626 4264 salutem,

333 4300 587 4374 Spiritus,
618 4309 678 4356 ut
703 4298 876 4355 fuerat
901 4315 1132 4369 semper,
1165 4297 1407 4369 talesque
1435 4295 1664 4365 volebat,
2035 4289 2198 4345 'l‘otus
2221 4290 2384 4343 homo
2412 4296 2587 4343 vester
2614 4286 2862 4356 deperdit
2898 4296 3076 4342 mente
3106 4286 3347 4358 profana,

1699 4416 1890 4479 Varia:
1932 4417 2244 4477 lectiones.

420 4568 468 4606 24
494 4565 653 4622 Prius
684 4564 866 4621 Paris.
897 4563 947 4601 2⁵
976 4561 1043 4618 Ut
1074 4560 1256 4618 Obert.
1286 4556 1335 4596 ²⁶
1362 4553 1638 4627 Quosdam
1671 4552 1852 4610 Obert.

1728 4673 2228 4740 Commentarius.

347 4820 479 4878 adv.
515 4819 682 4875 Mare.
718 4811 1112 4887 Castigavimus
1141 4817 1323 4887 autem
1348 4815 1465 4887 tum
1504 4805 1558 4860 in
1603 4800 1938 4887 argumentis
2304 4884 2410 4887 mu
2439 4872 2530 4887 ’ψ
2569 4869 2787 4887 mum
2825 4838 3036 4887 --μμ-Ξ

347 4867 1058 4964 singulis"'libriswprt'veﬁxis,
1083 4893 1194 4938 tum
1216 4883 1319 4936 hoc
1348 4881 1466 4962 loco
1491 4895 1510 4963 ,ε
1551 4898 1574 4928 ι
1605 4867 1776 4964 [rique
1799 4887 1940 4964 novo
2173 4872 2267 4921 Vix
2303 4872 2537 4920 mundam
2569 4869 2790 4932 linguam
2822 4869 3069 4919 sermonis
3100 4867 3251 4931 culpa
3283 4874 3513 4917 reservet.

345 4945 496 5019 ὗειῗε
541 4975 659 5033 qua:
707 4945 932 5033 foedere,
997 4945 1177 5011 «'etc.
1233 4967 1332 5033 pro
1375 4952 1546 5014 Divis,
1589 4951 1646 5003 et
1687 4945 1943 5033 ‘piaeula
2057 5025 2091 5033 ﬂ
2305 5024 2330 5033 Α
2420 5030 2428 5033 _
2519 5021 2551 5033 ﬂ
2802 5020 2815 5033 ‘
3034 5021 3048 5033 _
3143 5022 3154 5032 ο

353 5018 509 5106 legis,
544 5018 641 5104 pro
670 5032 836 5102 regis.
858 5018 1944 5106 _Optassemus'eti_§mglnss._[pxe’rnplft‘rria
2051 5025 2173 5092 Quo
2205 5024 2434 5106 pertinet
2482 5021 2641 5106 etiam
2689 5019 2818 5106 illud
2865 5039 2882 5106 ξ
2945 5043 2966 5072 ‹‹
3022 5020 3641 5106 Αηοίρὶιῐηψξτηῃςιωξη]

350 5075 1703 5172 aayiegog’nostcevndum'quod-hic-affertdelibro
1735 5075 1945 5156 tertio;
2205 5075 2543 5172 {crimine-Jb
2603 5092 2739 5172 Su_n_t
2791 5101 2970 5147 autem
3027 5075 3209 5172 rursus
3266 5075 3644 5150 Tr'rtullianica

353 5163 503 5252 quod
532 5163 667 5230 adEo
693 5189 816 5230 cum
847 5163 1137 5228 obscurum
1171 5175 1336 5252 esset,
1368 5173 1432 5246 et.
1452 5163 1692 5219 fortassis
1719 5177 1944 5230 corrup-
2056 5167 2310 5252 inlicita:
2343 5165 2600 5252 producta
2630 5164 2832 5227 ultima,
2864 5173 2915 5218 et
2943 5166 3288 5252 contq‘inine.
3319 5235 3350 5252 ν

356 5235 491 5310 tum,
527 5253 845 5311 argumento
877 5257 1039 5316 supra
1077 5254 1185 5295 non
1219 5237 1456 5316 adjunsi.
1565 5304 1578 5316 ‘
1869 5308 1879 5316 Δ
2112 5239 2244 5316 ’(73)
2267 5240 2466 5316 Pastor
2486 5252 2641 5316 ovem
2663 5252 2936 5316 qugercns,
2957 5247 3060 5292 etc.
3084 5235 3252 5303 Quasi
3287 5235 3427 5316 aliud
3458 5250 3645 5316 agens,

427 5291 1536 5389 II-i‘vligl'lgxosvlés.éld::P_ulchcr
1565 5304 1714 5384 locus
1762 5308 1950 5359 contra
2060 5291 2238 5365 adhuc
2284 5291 2580 5389 persistens
2611 5291 3062 5389 in:absurdi'tate,
3095 5291 3216 5378 qua:
3247 5307 3419 5389 oritur
3448 5291 3524 5361 οἷ
3545 5305 3647 5357 deo

360 5376 458 5448 eos
486 5376 578 5462 qui
599 5376 830 5442 libenter
859 5390 1142 5442 versantur
1161 5381 1213 5436 in
1237 5380 1391 5462 libris
1412 5376 1808 5462 haereticorum,
1832 5389 1951 5462 {illul
2054 5397 2224 5462 novo,
2254 5376 2440 5434 transit
2469 5381 2530 5462 ad
2560 5379 3019 5462 confirmationem
3059 5376 3648 5462 co‘ngg‘ubierunt.quae

360 5445 446 5519 vel
479 5445 533 5517 in
562 5457 905 5532 argumentis
937 5470 1125 5512 eorum
1155 5450 1523 5517 confutandis,
1562 5445 1647 5503 hic
1678 5454 1811 5502 teste
1840 5446 1944 5500 Ter
2053 5452 2289 5507 Marcion
2320 5453 2626 5532 respuebat,
2659 5453 2728 5507 de
2751 5452 2950 5522 quibus
2971 5466 3138 5521 supra
3169 5449 3302 5502 |ib.l
3331 5448 3454 5503 adv.
3483 5450 3646 5504 Marc.

412 5543 471 5590 tu
496 5524 667 5587 Πίεληὸ
712 5550 738 5582 ·.
2053 5539 2170 5595 cap.
2204 5524 2412 5595 penult.
