4058 6172
323 229 462 316 1145'

317 379 837 454 Compungitcaput,
872 388 924 437 et
952 381 1101 455 ligno
1135 377 1408 450 sufﬁgitur
1437 376 1575 448 ipse.

316 473 536 527 Potatur
564 471 800 526 scriblita
829 471 945 542 (76)
976 478 1030 525 et
1060 469 1128 525 fel
1157 469 1413 523 miscetnr
1440 471 1622 533 aceto,

320 559 587 616 Dividitur
614 561 798 626 vestis,
826 566 1000 614 sortes
1029 559 1307 615 mittuntur
1337 557 1392 610 in
1413 555 1503 610 illa
1529 571 1545 625 ;

319 649 474 720 Quod
513 649 690 720 rapuit
718 649 820 704 sibi
846 648 1077 720 quisque
1111 657 1278 714 tenet;
1313 645 1548 716 caligine
1577 641 1766 706 multa,

318 738 631 810 Exspirante
658 739 772 792 Deo
801 737 953 792 tacite
986 738 1052 793 de
1089 751 1316 807 corpore
1347 734 1542 802 carnis,

320 830 378 884 In
408 826 644 884 tenebris
673 827 980 883 tremefacta
1009 826 1126 882 dies
1152 841 1278 882 cum
1310 825 1422 879 sole
1452 821 1679 894 refugit;

320 917 408 974 Bis
437 915 546 971 fuit
569 932 672 970 una
700 916 830 984 dies,
858 916 1085 972 mediam
1117 931 1224 969 nox
1266 922 1379 969 atra
1407 911 1647 984 coperuit
1679 923 1691 963 :

321 1007 366 1062 Α
395 1005 759 1062 fundamentis
790 1014 996 1061 montes
1024 1005 1296 1076 agitantur
1324 1003 1378 1057 in
1411 1003 1621 1066 orbem,

318 1095 594 1152 Commota
624 1103 703 1150 est
735 1095 911 1161 tellus,
946 1103 1166 1166 patuere
1196 1092 1482 1166 sepulchra
1512 1090 1743 1162 piorum,

317 1183 626 1256 Cunctaque
655 1200 815 1257 quem
847 1193 1062 1248 norunt,
1091 1199 1314 1254 passum
1343 1183 1570 1237 timuere
1595 1179 1798 1236 videre.

315 1273 638 1328 Exanimum
668 1273 778 1330 telo
809 1273 964 1328 miles
993 1272 1136 1328 latus
1165 1273 1344 1327 haurit
1369 1272 1584 1340 aperto;

317 1361 538 1418 Proﬁuit
574 1370 628 1417 et
654 1362 896 1436 sanguis,
927 1379 1029 1418 nec
1058 1377 1196 1433 aqua
1217 1361 1392 1415 minus
1420 1361 1544 1414 inde
1573 1365 1761 1414 secuta
1784 1398 1798 1410 .

317 1451 442 1507 Hec
468 1451 544 1506 illi
577 1459 732 1522 pacto
763 1453 957 1516 celant,
989 1452 1284 1520 noluntque
1313 1448 1471 1506 fateri

314 1539 551 1596 Admissi
579 1539 801 1606 factum,
835 1540 980 1596 nefas
1003 1541 1276 1596 occultare
1305 1539 1568 1594 volentes.

307 1627 542 1700 Spiritus
569 1644 700 1702 ergo
729 1637 909 1702 potest
928 1645 1117 1703 gerere
1145 1629 1260 1685 sine
1297 1641 1526 1699 corpore
1556 1634 1779 1695 vestem,

314 1716 428 1773 Aut
461 1733 678 1788 pinnam
707 1719 867 1790 capit,
899 1727 992 1776 aut
1020 1717 1123 1775 fert
1151 1717 1411 1774 violentia
1437 1716 1638 1772 vulnus
1664 1719 1694 1772 ?

314 1806 424 1860 Aut
457 1805 708 1874 moritur,
737 1807 1038 1879 surgitque,
1067 1817 1122 1864 et
1149 1808 1374 1880 sanguis
1405 1804 1649 1862 funditur
1677 1802 1804 1858 inde

315 1893 400 1948 De
429 1910 536 1966 qua
566 1910 748 1962 carne,
778 1897 906 1968 quia
932 1895 1085 1952 illum
1118 1913 1212 1953 vos
1238 1895 1488 1951 habuisse
1516 1891 1731 1964 negatis
1751 1893 1779 1946 ?

315 1980 428 2037 Aut
449 1983 602 2038 ﬁnxit
627 1983 827 2054 potius,
860 1985 906 2040 si
935 2002 1031 2043 vos
1057 1986 1238 2042 dicere
1269 1996 1443 2042 tutum
1471 1997 1553 2043 est
1578 1990 1609 2042 ?

316 2067 661 2143 Quamquam
696 2074 997 2144 praecipites
1028 2075 1232 2144 dicatis,
1259 2076 1414 2149 plura
1442 2079 1688 2137 tacendo.

317 2159 439 2215 Non
470 2175 599 2232 ergo
627 2162 911 2218 manifesta
930 2163 1084 2230 ﬁdes,
1110 2181 1214 2220 non
1248 2169 1429 2222 omnia
1466 2167 1572 2224 ﬁxa

320 2247 460 2304 Ante
488 2248 656 2316 diem,
679 2265 840 2321 quam
857 2269 980 2307 cum
1009 2262 1283 2324 pateretur
1311 2257 1517 2312 Pascha
1541 2256 1834 2324 celebrans,

321 2337 719 2410 Discipulisque
747 2339 860 2395 suis
897 2342 1118 2396 tradens
1145 2344 1498 2399 memorabile
1528 2345 1728 2401 factum
1753 2365 1768 2416 ;

321 2428 614 2496 Acceptum
645 2443 834 2498 panem
857 2429 1057 2498 pariter
1086 2430 1311 2502 vitisque
1341 2432 1622 2502 liquorem,

331 2513 561 2572 I089
605 2517 812 2588 Corpus
853 2517 946 2586 ait,
968 2518 1294 2591 sanguisque
1345 2536 1502 2576 meus
1527 2522 1621 2594 qui
1672 2521 1913 2577 funditur

325 2604 428 2662 Pro
457 2605 636 2676 vobis;
669 2604 784 2660 ﬁeri
814 2622 1030 2676 semper
1049 2608 1191 2679 quod
1225 2617 1412 2678 postea
1437 2611 1619 2681 jussit.
1742 2611 1914 2684 [hicce

324 2692 507 2762 Quave
531 2704 778 2750 creatura
809 2711 994 2767 panem
1028 2700 1322 2770 vinumque
1352 2701 1550 2770 putatis

326 2783 460 2838 Esse
489 2799 643 2838 suum
673 2800 870 2854 corpus
889 2801 1011 2841 cum
1041 2788 1345 2857 sanguine?
1365 2805 1592 2861 quaeque
1630 2789 1846 2846 fatenda
1883 2792 1912 2846 ‘1

327 2870 442 2927 Non
463 2887 522 2928 se
554 2871 810 2930 factorem
835 2875 1015 2929 mundi
1049 2891 1148 2946 per
1173 2875 1314 2933 facta
1343 2879 1606 2948 probavit,

321 2959 388 3018 Et
419 2970 637 3032 portare
664 2963 824 3019 simul
852 2964 920 3020 de
939 2981 1100 3021 carne
1126 2972 1181 3020 et
1208 2966 1472 3039 sanguine
1499 2982 1700 3039 corpus
1723 2968 1752 3022 ?

930 3151 1153 3209 CAPUT
1189 3153 1262 3208 IX

392 3318 492 3375 Hic
527 3319 694 3388 Deus,
729 3319 818 3377 hic
847 3329 901 3376 et
933 3322 1094 3377 homo
1143 3337 1320 3393 verus,
1352 3341 1646 3398 verumque
1681 3329 1914 3404 locutus,

316 3409 400 3464 De
423 3409 578 3466 Patre
614 3409 958 3481 principium,
990 3411 1228 3482 genitum
1260 3414 1326 3469 de
1354 3413 1554 3472 lumine
1582 3419 1786 3490 lumen,

320 3496 554 3567 Spiritus
575 3507 629 3552 et
656 3498 918 3567 Verbum,
950 3500 1126 3556 Patris
1157 3501 1394 3575 imagine
1422 3505 1471 3542 ³2
1501 3505 1697 3574 virtus;

321 3585 456 3641 Cum
489 3587 643 3642 Patre
674 3603 890 3659 semper
918 3598 1051 3658 erat,
1085 3591 1268 3647 unitus
1289 3593 1462 3667 gloria
1492 3604 1548 3650 et
1575 3612 1719 3664 aevo;

319 3673 721 3731 Omnitenentis
750 3682 891 3732 enim
914 3679 1062 3734 solus
1082 3680 1207 3751 quia
1226 3683 1392 3737 verba
1416 3683 1698 3754 ministrat,

317 3765 492 3835 Quem
531 3764 674 3836 capit
701 3766 758 3820 in
787 3766 957 3835 terris,
989 3775 1043 3822 et
1069 3784 1166 3840 per
1186 3786 1350 3841 quem
1378 3781 1570 3830 cuncta
1597 3775 1817 3830 creavit.

320 3853 491 3910 Filius
522 3853 640 3925 ipse
670 3854 786 3924 Dei,
816 3856 1167 3913 charissimus
1186 3858 1304 3929 ipse
1335 3860 1580 3916 minister
1612 3880 1628 3917 :

317 3942 456 3999 Hinc
482 3956 673 4016 genus,
718 3944 842 4002 hinc
899 3953 953 4001 et
1007 3949 1205 4002 nomen
1263 3949 1440 4018 hab:t,
1505 3949 1625 4007 hinc
1679 3953 1912 4026 denique

1640 4040 1908 4113 [regnum,

316 4118 400 4173 De
429 4119 662 4178 Domino
690 4121 972 4188 Dominus,
1005 4125 1198 4180 fluvius
1231 4127 1295 4181 de
1325 4127 1469 4184 fonte
1494 4129 1742 4200 perenni,

317 4206 416 4264 llic
443 4211 682 4280 patribus
713 4213 909 4267 sanctis
937 4229 1129 4282 parens
1159 4216 1224 4270 ab
1254 4216 1444 4288 orgine
1474 4217 1685 4286 mundi,

314 4294 479 4354 Teste
509 4300 641 4364 Deo,
669 4300 996 4374 quicumque
1027 4305 1197 4358 Deum
1227 4306 1452 4362 vidissse
1480 4305 1694 4364 fatetur.

317 4385 593 4444 Promissa
621 4397 675 4446 et
705 4391 1053 4448 memoranda
1080 4393 1249 4450 Patris
1277 4394 1531 4464 patefecit
1560 4396 1628 4450 ab
1655 4396 1792 4466 alto,

317 4473 516 4533 Eduxit
544 4479 822 4552 pepulum,
854 4490 1073 4553 gentem
1103 4482 1367 4554 percussit
1394 4482 1666 4556 iniquam;

1381 251 1721 314 APPBNDIX
1763 253 1805 312 l.
1848 284 1920 294 —
1963 247 2118 310 ADV.
2162 245 2565 308 MARCIONEM.

1939 388 1986 466 Α
2013 371 2136 466 ipse
2162 370 2415 466 columna
2445 371 2545 426 fuit
2575 371 2711 429 lucis
2740 373 3010 466 nubisque
3036 375 3267 466 rigoris;

3481 252 3616 316 1146

2015 459 2353 532 Siccavitque
2387 476 2551 527 mare,
2571 468 2624 516 et
2641 463 2873 533 populos
2895 463 3052 533 jubet
3081 464 3160 519 ire
3192 480 3290 535 per
3318 467 3510 534 undas,

2019 549 2276 605 Hostibus
2305 549 2604 621 implicitis,
2635 552 2912 623 ﬂuctuque
2934 552 3176 624 fretoque
3206 557 3473 628 copertis;

2020 639 2122 693 Per
2151 639 2360 693 deserta
2392 638 2534 694 viam
2565 639 2690 695 fecit
2719 656 2814 695 sua
2837 641 2989 710 jussa
3021 642 3218 698 secutis
3246 661 3260 708 ;

2020 725 2099 781 De
2127 727 2266 783 cmlo
2296 727 2496 799 populo
2528 744 2720 798 panem
2753 729 2956 785 dimisit
2989 730 3043 783 in
3073 732 3311 802 umbris;

2021 814 2300 887 Eripitque
2333 826 2554 886 petram,
2590 817 2834 874 sitientes
2867 819 3006 873 unda
3036 819 3250 890 rigavit,

2020 903 2069 957 Α
2102 904 2208 960 Deo
2236 905 2553 960 mandatum
2585 905 2724 978 legis
2747 907 2989 978 Mosique
3019 908 3230 964 locutus

2018 993 2152 1048 Cum
2184 995 2382 1048 tonitru
2414 1002 2678 1066 cantuque
2712 995 2872 1061 tubae,
2905 996 3242 1070 ﬂammaeque
3264 999 3512 1056 columna

2017 1081 2264 1138 Terribili
2296 1082 2428 1149 visu,
2465 1084 2814 1140 trcmebundo
2844 1085 3007 1140 corde
3039 1077 3300 1143 virorum.

2020 1171 2146 1226 Post
2172 1171 2255 1227 bis
2281 1171 2497 1229 vicenos
2526 1173 2807 1244 completis
2834 1175 3109 1230 mensibus
3139 1191 3331 1244 annos,

2017 1260 2248 1314 Iordane
2275 1259 2467 1327 diviso,
2502 1261 2676 1332 patuit
2708 1261 2810 1328 via,
2843 1263 3085 1318 constitit
3122 1267 3294 1334 unda;

2017 1347 2315 1420 Partirique
2347 1349 2520 1404 tribus
2553 1361 2745 1406 terram
2778 1352 3044 1422 promissa
3076 1362 3314 1424 paterna.

2021 1435 2246 1494 I090
2273 1440 2396 1510 Ipse
2425 1439 2811 1511 prophetarum
2864 1441 3100 1496 Verbum
3138 1442 3309 1498 Patris
3337 1459 3430 1500 ore
3458 1445 3616 1503 locu-

2015 1526 2254 1597 Esseque
2273 1536 2553 1582 venturum
2575 1528 2750 1593 terris,
2778 1530 3158 1601 hominemque
3187 1530 3428 1588 futurum
3491 1532 3616 1605 [tus,

1945 1637 1988 1714 Β
2021 1614 2292 1682 Praedixit,
2329 1615 2599 1672 Christum
2629 1617 2790 1672 terris
2821 1618 3098 1674 manifeste
3126 1619 3391 1692 profatus.

2649 1829 2878 1886 CAPUT
2919 1832 2993 1886 X.

2091 2007 2447 2077 Exspectatus
2486 2006 2538 2062 in
2567 2007 2843 2077 auxilium,
2877 2025 2998 2079 spes
3030 2011 3187 2068 unica
3216 2011 3358 2081 vitae,

2021 2096 2309 2152 Mundatur
2339 2096 2517 2153 carnis
2550 2097 2694 2164 ferae,
2729 2099 3030 2170 mortisque
3060 2099 3311 2173 fugator:

2023 2185 2262 2239 Tandem
2290 2185 2438 2241 venit
2471 2183 2538 2240 ab
2567 2185 2792 2258 imperio
2822 2187 2994 2242 Patris
3033 2189 3438 2263 omnipotentis,

2024 2272 2282 2328 Humanis
2314 2288 2432 2329 sese
2460 2274 2675 2331 vestivit
2702 2283 2754 2330 et
2792 2277 3016 2330 artubus
3049 2277 3154 2334 ille.

2022 2361 2218 2430 Adam,
2247 2361 2422 2434 virgo,
2456 2363 2638 2428 draco,
2674 2362 2901 2436 lignum,
2935 2382 3058 2437 quae
3095 2381 3287 2423 caussa
3315 2369 3512 2441 ruinae,

2024 2449 2091 2503 Et
2112 2450 2198 2507 via
2235 2467 2339 2523 qua
2369 2467 2469 2506 nos
2500 2467 2642 2508 mors
2674 2452 2964 2508 temeraria
2992 2454 3193 2512 vicerat
3231 2471 3440 2529 omnes,

2025 2538 2136 2594 Hac
2163 2541 2349 2595 eadem
2377 2540 2632 2614 gradiens
2663 2549 2860 2612 pastor,
2891 2544 3261 2617 pecudemque
3292 2549 3611 2622 requirens;

2025 2629 2257 2702 Angelo,
2288 2629 2521 2702 virgine,
2553 2645 2713 2685 carne
2753 2646 2872 2696 sua,
2899 2631 3141 2704 lignique
3181 2635 3415 2692 medela.

2025 2717 2105 2771 Ex
2142 2733 2248 2788 quo
2279 2717 2450 2773 victos
2477 2719 2662 2786 homo,
2697 2719 2866 2774 victos
2892 2721 3166 2788 periturus
3190 2721 3404 2790 obibat;

2027 2805 2161 2861 Hinc
2179 2804 2535 2878 interpositus
2557 2821 2653 2876 pro
2673 2806 2852 2878 captis
2879 2807 3130 2864 omnibus
3151 2827 3315 2878 unus,

2020 2893 2282 2949 Sustinuit
2317 2895 2527 2965 patiens
2556 2895 2827 2952 inimicam
2860 2896 2913 2950 in
2945 2913 3172 2967 corpore
3205 2915 3446 2969 poenam,

2027 2984 2196 3038 Morte
2224 2999 2321 3038 sua
2355 2983 2593 3053 spolians
2621 2993 2866 3052 mortem,
2901 2984 2962 3040 ﬁt
2990 3001 3183 3042 caussa
3210 2989 3423 3059 salutis,

2022 3073 2132 3127 Nec
2163 3086 2270 3127 non
2300 3071 2354 3126 in
2383 3071 2542 3127 terris
2569 3088 2668 3131 suo
2698 3081 2982 3145 postquam
3011 3090 3235 3148 corpore
3262 3088 3445 3136 sancto

2026 3159 2223 3216 Omnia
2252 3177 2565 3232 perpessus,
2610 3162 2865 3231 persolvit
2896 3163 3079 3219 debita
3110 3175 3322 3233 nostra;

2026 3247 2291 3303 Infernum
2313 3249 2487 3320 petit;
2511 3249 2598 3305 hic
2624 3251 2832 3304 animas
2861 3267 2961 3322 pro
2983 3253 3207 3309 crimine
3231 3254 3455 3324 vinctas,

2025 3336 2159 3406 Quae
2188 3337 2301 3392 sine
2328 3337 2600 3409 praesidio,
2634 3339 2902 3395 conclusae
2931 3341 3177 3412 pondere
3210 3342 3373 3414 legis,

2024 3426 2166 3482 Olim
2189 3427 2475 3498 promissa,
2505 3435 2558 3482 et
2588 3435 2823 3497 sperata,
2855 3439 2907 3484 ct
2937 3430 3086 3485 tarda
3116 3434 3401 3504 rogabant,

2023 3515 2342 3570 Sanctorum
2373 3515 2428 3570 in
2449 3516 2692 3586 requiem
2730 3515 2894 3583 dedit,
2915 3527 2969 3572 et
2999 3533 3125 3573 cum
3154 3517 3272 3574 luce
3303 3520 3547 3574 retraxit.

2022 3603 2206 3660 Tertia
2234 3619 2467 3676 namque
2500 3604 2588 3660 die
2619 3604 2840 3660 subiens
2868 3622 2989 3660 cum
3021 3621 3250 3677 corpore
3281 3607 3469 3676 victor,

2023 3694 2249 3750 Immani
2289 3695 2488 3752 virtute
2517 3695 2706 3763 Patris,
2731 3695 2820 3749 via
2851 3694 2986 3751 facta
3015 3695 3234 3761 salutis;

2023 3784 2190 3856 Inque
2220 3791 2462 3840 creatura
2484 3791 2702 3854 portans
2730 3784 3108 3855 hominemque
3139 3785 3442 3854 Deumque,

2024 3871 2352 3928 Conscendit
2379 3871 2566 3938 ccelos,
2603 3872 2840 3944 captivas
2869 3871 2958 3928 ille
2989 3872 3254 3928 reducens

2022 3959 2310 4026 Primitias,
2334 3978 2530 4016 munus
2561 3961 2791 4017 Domino
2823 3961 3146 4034 charamque
3175 3960 3400 4035 ﬁguram
3427 3979 3442 4031 ;

2027 4046 2388 4118 Conseditque
2436 4048 2578 4102 Patri
2617 4047 2750 4104 lucis
2798 4048 2991 4104 virtute
3052 4058 3285 4118 recepta,

2021 4134 2211 4190 Gloria
2241 4151 2346 4205 qua
2374 4135 2615 4189 munitus
2642 4143 2772 4203 erat,
2807 4135 2932 4189 dum
2963 4136 3205 4191 vinceret
3233 4137 3461 4205 hostem,

2027 4221 2228 4293 Spiritu
2249 4221 2572 4290 coniunctus
2601 4221 2668 4276 de
2697 4221 2854 4276 nobis
2883 4237 3042 4277 carne
3072 4223 3289 4296 ligatus,
3321 4223 3623 4296 [Deumque

1945 4305 1990 4380 ο
2026 4310 2178 4366 Hunc
2233 4309 2388 4363 Pater
2443 4316 2497 4362 et
2525 4308 2809 4363 Dominum
2861 4315 2914 4363 et
2979 4309 3249 4366 Christum
3311 4310 3625 4384 Regemque

2025 4397 2236 4453 Judicio
2266 4411 2542 4467 regnoque
2563 4396 2688 4452 dato
2719 4394 2988 4451 missurus
3016 4396 3069 4450 in
3097 4397 3285 4452 orbem
3317 4407 3414 4452 est.

1693 4716 1882 4781 Varia:
1928 4721 2236 4782 lectiones.

388 4871 441 4912 ³2
466 4871 660 4930 Christi
688 4873 789 4929 sub
819 4871 1050 4946 imagine
1109 4873 1290 4931 Obert.

1730 5055 2230 5118 Comnientarius.

390 5270 501 5346 (76)
534 5270 774 5326 Potatur
806 5271 1088 5336 Scriblita,
1123 5275 1225 5322 etc.
1267 5268 1530 5346 Scribli‘ta
1561 5266 1743 5346 etiam
1782 5282 1918 5336 pen-

1100 5348 1369 5408 correpta,
1429 5341 1661 5393 abutitur
1727 5349 1917 5393 auctor

316 5338 506 5394 ultima
550 5349 738 5396 contra
781 5350 1029 5395 naturam

315 5427 419 5482 pro
453 5412 673 5482 potione
704 5429 882 5466 amara
900 5411 1110 5466 Christo
1150 5429 1176 5464 ει
1206 5411 1409 5465 Iudaeis
1439 5409 1741 5482 pr0pinata,
1788 5425 1907 5463 cum

314 5484 517 5554 alioqui
554 5484 742 5560 Plauto
783 5485 838 5539 et
863 5483 1054 5560 Catoni
1080 5484 1256 5554 potius
1303 5482 1374 5537 sit
1401 5483 1527 5560 cibi‘
1547 5497 1642 5536 seu
1689 5483 1910 5560 placent

318 5564 390 5610 tae
450 5553 650 5626 genus.
711 5554 968 5629 Sequitur
1015 5553 1328 5612 Graecorum
1406 5553 1732 5620 lectionem,
1815 5553 1913 5622 qui

2028 5270 2253 5323 acetum
2280 5267 2452 5336 lignnt
2473 5283 2602 5322 cum
2631 5269 2766 5337 felle
2789 5269 3032 5336 mixtum,
3060 5285 3156 5337 pro
3177 5284 3239 5322 eo
3258 5266 3621 5338 quodVLatiue

2026 5339 2270 5410 plerique
2301 5355 2678 5410 mnu-nimum
2707 5340 2937 5394 varietas
2986 5350 3108 5394 nata
3157 5356 3217 5394 ex
3269 5337 3467 5393 vicinia
3514 5353 3616 5392 vo—

2023 5405 2143 5463 Cum
2183 5405 2295 5470 ’ὅξος
2349 5418 2404 5464 et
2450 5405 2599 5472 οἷνοςζ
2643 5409 2864 5467 Ruﬁnus
2912 5412 2966 5465 in
3025 5410 3282 5479 Symbolo
3336 5416 3622 5480 utrumque

2020 5484 2304 5552 expressit,
2332 5481 2515 5539 viuum
2540 5483 2870 5554 myrrhatum
2899 5491 2951 5539 et
2979 5489 3214 5542 acetum.
