4062 6178
428 207 569 268 1147

1489 215 1580 276 AD
1617 213 1905 277 GENUINA
1942 213 2389 276 TBRTULLIANI
2424 212 2641 276 OPERA
3590 208 3734 270 1148

500 444 791 517 Sequentia
817 462 1039 521 quoque
1070 450 1327 506 Poemata
1356 448 1459 504 sub
1496 447 1807 505 Tertulliani
1836 446 2054 504 nomine
2100 445 2264 520 vulgo
2294 448 2600 503 traduntur.
2632 448 2746 505 Nos
2804 454 3009 504 tantum
3040 447 3213 503 virum
3256 456 3360 504 tam
3419 446 3583 502 iratas
3625 462 3739 501 un-

429 550 597 613 quam
635 543 889 603 habuisse
910 546 1092 601 Musas
1110 560 1219 601 non
1246 545 1540 603 credimus.
1563 545 1642 601 Ea
1670 554 1852 601 tamen
1880 542 2290 616 qualiacumque
2317 545 2555 609 sunt,hic
2594 543 2787 615 subjici
2808 543 3062 615 patimur,
3085 543 3215 614 quia
3233 541 3372 599 lucis
3400 542 3563 598 etiam
3586 557 3740 598 non-

429 640 562 695 nihil
596 640 930 699 Tertulliano
984 642 1270 701 conferunt
1300 659 1314 711 ;
1348 658 1449 698 nec
1493 642 1684 715 procul
1718 643 1785 699 ab
1814 639 1956 696 illius
1985 656 2100 697 aevo
2137 639 2462 713 Carthagine
2509 640 2724 698 condita
2754 639 3034 697 videntur.
3092 640 3161 695 Et
3199 638 3482 696 miratores
3535 638 3744 694 habeat

430 739 597 796 etiam
641 754 763 796 cum
786 740 1008 799 faecibus
1028 741 1141 797 suis
1169 742 1444 813 amphorae
1474 740 1690 798 Punicae
1718 748 1991 798 senectus.
2025 739 2150 796 Βισ.

680 1034 1197 1226 lNlllllll‘l
1318 1026 1943 1225 lUCT0llIS
2040 916 2220 1307 illi
2363 1032 2865 1224 lllllllllll
2960 1032 3467 1229 00mm.

963 1390 1191 1449 CAPUT
1218 1390 1508 1480 PRIMUM.
1805 1478 1817 1480 _
2062 1402 2108 1480 Α
2141 1385 2349 1480 Saecula
2378 1396 2567 1446 cuncta
2600 1397 2812 1480 tenens,
2842 1397 2967 1445 ante
2996 1388 3183 1480 omnia
3209 1389 3413 1446 saecula
3438 1390 3589 1445 solus

512 1478 642 1547 Quis
672 1478 801 1536 mihi
822 1479 1082 1537 ruricolas
1109 1478 1564 1551 aptabitcarmine
1585 1480 1762 1533 Musas
1798 1478 1826 1532 ?

441 1568 509 1624 Et
533 1569 682 1624 verni
710 1584 896 1626 roseas
924 1570 1153 1626 titulabit
1183 1568 1407 1624 ﬂoribus
1436 1582 1599 1622 auras
1627 1566 1654 1620 ?

441 1656 766 1730 Estivaaque
776 1674 964 1732 graves
980 1665 1215 1713 maturas
1237 1656 1425 1712 messis
1452 1655 1644 1711 aristas
1670 1656 1699 1709 ‘?

441 1745 579 1815 Quis
606 1746 755 1802 dabit
782 1756 835 1803 et
864 1746 1098 1801 tumidas
1125 1745 1365 1801 autumni
1393 1745 1593 1801 vitibus
1622 1758 1753 1799 uvas
1780 1744 1810 1797 ?

442 1834 642 1905 Quisve
670 1835 849 1906 hyemi
887 1834 1122 1907 placidas
1150 1849 1365 1905 semper
1402 1832 1643 1889 laudabit
1660 1832 1871 1888 olivas?

444 1922 804 1994 Recludetque
825 1922 960 1995 ipsis
988 1930 1272 1980 renovatas
1310 1921 1547 1979 fontibus
1573 1921 1745 1978 undas
1774 1920 1802 1974 ?

444 2012 890 2085 Frondentesque
922 2000 1060 2085 vago
1092 2012 1266 2068 caedet
1302 2011 1370 2068 de
1399 2010 1643 2086 gramine
1670 2009 1831 2066 ﬂores
1859 2010 1887 2065 ?

446 2100 696 2157 Protinus
713 2102 931 2158 aetherei
964 2102 1280 2159 modulabor
1307 2101 1527 2157 luminis
1555 2115 1735 2157 auras.

443 2190 563 2246 Jam
582 2190 715 2246 mihi
741 2190 992 2248 luciferas
1019 2190 1174 2248 liceat
1208 2190 1522 2263 contingere
1550 2190 1755 2256 Musas,

447 2280 687 2336 Pandere
705 2292 943 2337 secretas
969 2279 1170 2335 ﬂuviali
1200 2280 1401 2336 vertice
1430 2279 1713 2349 lymphas;

448 2369 514 2425 Et
540 2368 688 2424 laetas
715 2369 820 2425 alio
850 2368 1051 2439 p05itas
1082 2369 1184 2423 sub
1225 2368 1404 2422 sidere
1434 2365 1637 2439 sylvas,

446 2458 803 2528 JEternasque
833 2456 996 2512 simul
1029 2455 1351 2511 modulabor
1378 2454 1611 2511 carmine
1640 2455 1903 2520 ﬂammas,

449 2545 604 2602 Unde
633 2561 779 2601 mare
810 2546 1094 2613 tumidum,
1129 2544 1391 2599 immensa
1418 2544 1640 2599 ﬂuctuet
1660 2542 1828 2609 unda,

447 2633 581 2703 Quae
600 2633 775 2690 virtus
803 2633 1007 2691 solidas
1028 2640 1349 2706 moveatque
1388 2631 1695 2690 tremiscere
1725 2640 1917 2698 terras,

449 2724 515 2780 Et
535 2725 627 2781 lux
656 2724 799 2780 unde
839 2739 985 2781 novo
1026 2723 1351 2796 praefulserit
1378 2737 1540 2777 aurea
1568 2719 1792 2788 mundo,

451 2810 649 2882 Quisve
671 2812 939 2869 hominem
972 2814 1094 2869 laeto
1127 2810 1613 2883 posuissetfingcre
1643 2809 1793 2876 limo,

455 2901 610 2958 Unde
648 2918 822 2974 genus
849 2916 1017 2959 vacuo
1038 2900 1304 2973 potuisset
1334 2915 1581 2956 crescere
1612 2898 1772 2955 saeclo
1797 2914 1813 2964 ;

454 2991 525 3046 Et
560 2988 907 3061 quaevivendi
940 2990 1146 3064 populo
1173 2989 1243 3044 sit
1274 2989 1439 3045 multa
1468 2986 1690 3059 cupido,

454 3078 655 3149 Quaeve
683 3086 864 3134 creata
894 3078 1057 3148 malo,
1091 3078 1359 3135 moriendi
1392 3092 1580 3150 quaeve
1608 3088 1869 3148 propago,

456 3167 610 3224 Unde
631 3167 806 3224 bonus
832 3166 1002 3225 roseis
1030 3168 1101 3223 sit
1128 3168 1370 3241 odorque
1399 3167 1672 3237 ruborque
1700 3162 1937 3220 coronis.

457 3255 599 3327 Quid
627 3256 784 3313 faciat
810 3257 947 3314 laetis
975 3265 1034 3315 ut
1061 3256 1187 3313 vitis
1212 3257 1473 3312 abaestuet
1500 3254 1640 3323 uvis,

462 3346 524 3401 Et
553 3347 713 3418 plena
750 3362 781 3403 e
802 3346 997 3404 teneris
1027 3346 1317 3404 tendantur
1347 3352 1402 3401 ut
1433 3344 1627 3400 horrea
1655 3340 1865 3409 culmis,

464 3437 638 3493 Arbor
657 3445 716 3493 ut
744 3436 798 3492 in
821 3436 991 3509 glacie
1020 3436 1191 3510 nigris
1221 3436 1488 3508 pubescat
1516 3430 1698 3489 olivis.

459 3524 808 3582 Germinibus
836 3521 960 3598 quis
980 3526 1071 3582 det
1098 3526 1227 3584 varii
1260 3526 1587 3581 incrementa
1615 3518 1839 3595 vigoris,

462 3615 716 3672 Mollibus
733 3623 786 3670 et
816 3616 1038 3670 matrem
1072 3615 1341 3685 pullorum
1370 3620 1629 3684 protegat
1656 3607 1882 3663 umbris.

459 3704 649 3761 Omnia
666 3718 827 3758 nosse
856 3704 1060 3758 bonum
1089 3718 1209 3774 quae
1240 3701 1353 3757 sint
1373 3697 1632 3758 miracula
1658 3714 1859 3763 rerum,

464 3792 534 3849 Ut
556 3790 842 3847 Dominum
863 3790 1020 3847 liceat
1050 3808 1145 3860 per
1171 3800 1364 3847 cuncta
1394 3801 1697 3862 agnoscere
1720 3800 1931 3850 verum,

471 3879 508 3934 I
521 3876 679 3934 θυι
696 3877 800 3948 Qui
821 3878 993 3933 lucem
1009 3878 1175 3935 maria
1188 3887 1240 3933 et
1253 3877 1470 3946 omium,
1487 3885 1795 3947 terramque
1828 3871 2054 3944 paravit,

466 3966 795 4041 Ornavitque
815 3982 1015 4026 novum
1052 3966 1257 4024 variato
1282 3965 1459 4021 sidere
1497 3963 1754 4019 mundum
1790 3981 1806 4032 ;

467 4057 531 4112 Et
562 4057 797 4128 pecudes
823 4056 1059 4131 primum
1107 4066 1161 4113 et
1178 4055 1424 4115 volucres
1442 4055 1742 4128 procedere
1757 4051 1939 4123 jussit,

466 4149 532 4205 Et
556 4145 707 4203 dedit
733 4162 1014 4221 aequoreas
1048 4137 1307 4217 compleri
1338 4144 1572 4215 piscibus
1600 4141 1793 4208 undas,

467 4238 534 4293 Et
559 4237 893 4295 fmeundatas
910 4236 1201 4315 animabus
1222 4234 1380 4307 cogit
1408 4249 1614 4289 arenas.

470 4326 619 4383 Talia
638 4314 1233 4399 compositﬁdeducam
1262 4322 1505 4381 carmina
1535 4320 1718 4391 Musis,

476 4418 649 4489 Atque
676 4414 939 4471 salutares
961 4428 1230 4487 exponam
1260 4412 1504 4468 fontibus
1524 4409 1716 4477 undas,

475 4505 543 4560 Et
575 4503 760 4561 laetum
790 4503 1010 4575 placidis
1040 4502 1343 4561 venientem
1364 4501 1599 4555 nubibus
1628 4498 1877 4566 imbrem,

477 4594 643 4664 Inque
671 4592 879 4648 animas
907 4592 1187 4648 hominum
1218 4591 1457 4663 penitus,
1490 4589 1741 4660 ultroque
1770 4589 2028 4645 ﬂuentem
2050 4627 2065 4657 ,

482 4681 723 4755 Excipiat
741 4682 916 4755 plenis
942 4682 997 4738 in
1018 4690 1206 4737 nostra
1234 4678 1448 4737 novalia
1476 4677 1633 4735 rivis.

1113 4769 1337 4826 CAPUT
1366 4769 1434 4824 ll.

550 4860 705 4920 Nunc
731 4876 1115 4933 age,securum
1142 4858 1431 4931 vivamque
1460 4856 1743 4930 adtingere
1773 4856 2066 4929 lympham,

482 4950 548 5006 Et
573 4951 775 5006 celeres
802 4950 964 5007 vitam
989 4948 1239 5005 amissam
1269 4964 1520 5019 reparare
1540 4963 1635 5018 per
1670 4946 1842 5001 undas

483 5038 542 5094 Si
570 5037 721 5107 velit,
753 5048 970 5094 aeternae
998 5046 1051 5094 et
1082 5053 1270 5110 poenas
1301 5038 1534 5093 evadere
1559 5035 1809 5102 ﬂammas,

482 5130 826 5202 ignarusque
854 5126 970 5193 Dei,
1011 5127 1329 5200 venturique
1359 5125 1562 5181 inscius
1606 5125 1727 5189 aevi,

488 5218 549 5273 Et
576 5216 755 5291 potius
787 5225 1025 5275 ventura:
1055 5216 1279 5289 adipisci
1310 5216 1531 5288 praemia
1560 5214 1722 5281 vitae;

490 5308 642 5367 Hunc
668 5324 832 5364 unum
847 5307 1154 5367 meminisse
1173 5308 1345 5362 Deum
1364 5346 1379 5371 ,
1414 5305 1701 5372 solumque
1731 5300 2079 5374 precandum,

490 5398 597 5468 Qui
626 5406 795 5455 totum
826 5398 880 5457 in
909 5397 1045 5457 libra
1073 5395 1255 5468 posuit
1282 5395 1381 5448 sub
1404 5393 1585 5448 limine
1623 5391 1902 5454 mundum,

490 5488 879 5563 Eternumque
907 5500 1152 5555 manens,
1184 5496 1500 5557 semperque
1540 5480 1755 5538 futurus
1783 5478 1838 5539 in
1887 5494 2084 5545 aevum,

2142 1476 2435 1548 Iogenitus,
2468 1479 2584 1533 sine
2612 1476 2718 1535 fine
2750 1479 2922 1545 Deus,
2954 1479 3244 1550 sedemque
3273 1493 3561 1550 supernam

2143 1564 2302 1622 Solus
2331 1566 2560 1633 habens,
2593 1569 2742 1623 solus
2769 1567 2942 1624 caelos
2977 1566 3347 1639 supereminet
3372 1568 3526 1633 altos,

2144 1654 2499 1725 Omnipotens
2526 1656 2690 1723 solus,
2724 1657 2807 1713 cui
2838 1665 3031 1729 parent
3059 1656 3244 1712 omnia
3276 1672 3489 1727 rerum;

2144 1742 2247 1811 Qui
2286 1742 2391 1799 sibi
2422 1745 2795 1816 complacitum
2828 1745 3097 1802 hominem
3118 1745 3365 1801 formavit
3393 1744 3443 1799 in
3472 1761 3672 1809 aevum,

2148 1835 2418 1890 Pastorem
2447 1835 2729 1904 pecudum,
2758 1844 2810 1891 et
2837 1835 3113 1891 dominum
3143 1834 3291 1890 dedit
3326 1850 3445 1889 esse
3473 1833 3751 1899 ferarum;

2147 1921 2250 1991 Qui
2275 1938 2529 1980 sermone
2568 1931 2725 1979 tenus
2754 1924 2929 1997 potuit
2956 1923 3282 1995 protendere
3309 1924 3536 1993 coelum,

2149 2012 2215 2067 Et
2233 2011 2462 2068 solidam
2481 2013 2645 2069 verbo
2676 2013 2848 2083 potuit
2876 2013 3206 2086 suspendere
3238 2021 3457 2079 terram,

2148 2102 2216 2156 Et
2245 2100 2388 2157 dioto
2421 2101 2583 2157 citius
2613 2101 2950 2173 disjunxerat
2978 2101 3213 2175 aequoris
3242 2101 3467 2167 undam,

2148 2189 2230 2247 Ac
2258 2189 2507 2246 manibus
2534 2192 2749 2247 charam
2778 2192 2966 2248 dilexit
2992 2190 3197 2265 fingere
3226 2190 3475 2255 formam,

2151 2281 2328 2349 Atque
2356 2294 2505 2335 suam
2528 2279 2701 2336 voluit
2727 2279 2917 2337 faciem
2937 2296 3153 2353 quoque
3181 2280 3361 2337 inesse
3391 2280 3676 2344 decoram,

2148 2368 2459 2440 Spiriluque
2496 2368 2715 2425 adﬂavit
2742 2370 2959 2427 vivendi
2983 2370 3223 2426 vultibus
3250 2385 3455 2426 auram.

2762 2548 2989 2605 CAPUT
3018 2548 3106 2604 ΙΙΙ.

2221 2688 2508 2744 Immemor
2535 2687 2627 2744 ille
2657 2688 2780 2756 Dei,
2815 2698 3016 2746 temere
3038 2688 3378 2747 committere
3410 2686 3515 2741 tale

2151 2776 2270 2833 Non
2300 2778 2438 2832 ultra
2459 2777 2717 2833 monitum
2758 2778 3051 2850 quidquam
3080 2778 3422 2851 contingeret
3451 2789 3624 2830 unum

2154 2867 2309 2923 Unde
2340 2866 2534 2922 malum
2561 2866 2746 2934 sciret,
2770 2868 2970 2939 pariter
3000 2870 3344 2939 dignosceret
3374 2879 3609 2936 aequum.

2154 2954 2405 3011 Protinus
2430 2955 2692 3013 inlicitum
2721 2956 2890 3013 vetuit
2916 2958 3230 3030 contingere
3259 2970 3497 3028 pomum.

2155 3042 2368 3112 Quanta
2388 3044 2532 3100 Deus
2558 3044 2765 3101 homini
2794 3046 3034 3118 permisit
3064 3061 3287 3102 munera
3308 3042 3532 3099 mundi?

2156 3132 2220 3188 Et
2249 3133 2524 3206 praedulce
2552 3134 2635 3190 sui
2665 3135 2898 3208 signavit
2926 3136 3127 3207 pignus
3153 3134 3352 3191 amoris
3369 3133 3398 3187 ?

2155 3222 2356 3295 Jusque
2402 3222 2550 3278 dedit
2587 3224 2888 3289 volucrum,
2929 3232 3262 3296 pontumque
3309 3222 3598 3291 solumque
3644 3220 3756 3276 do-

2160 3311 2318 3367 Utilia
2346 3320 2400 3366 et
2427 3313 2602 3368 charae
2631 3313 2817 3369 tribuit
2844 3313 3092 3369 mandata
3121 3311 3330 3368 salutis.
3443 3309 3750 3382 [manlum,

2159 3400 2270 3457 Sub
2299 3400 2503 3457 ditione
2534 3401 2680 3458 dedit
2701 3410 2871 3458 terras
2891 3402 3203 3473 animasque
3244 3403 3537 3469 volantum,

2164 3492 2562 3563 Pennatumque
2591 3507 2779 3563 genus,
2810 3491 3076 3562 pecudum
3123 3507 3298 3563 genus
3327 3507 3489 3549 omne
3530 3494 3772 3551 ferarum

2164 3579 2227 3633 Et
2256 3594 2430 3653 genus
2458 3595 2788 3652 aequoreum,
2807 3590 2859 3637 et
2892 3580 3157 3636 deformia
3186 3589 3423 3637 monstra
3463 3592 3770 3641 natantum.

2163 3668 2270 3723 Sed
2298 3667 2553 3739 quoniam
2589 3670 2760 3736 primo
2795 3678 3137 3744 trangressus
3163 3669 3391 3727 crimine
3428 3672 3629 3744 legem,

2097 3779 2140 3858 ε
2166 3757 2390 3858 iamiam
2421 3756 2625 3830 primus
2653 3757 2817 3858 homo
2849 3758 3065 3814 Domini
3096 3759 3350 3858 mandata
3381 3760 3627 3832 reliquit,

2169 3845 2413 3919 Conjuge
2438 3862 2561 3919 quae
2591 3847 2727 3901 mala
2764 3858 2957 3904 cuncta
2988 3848 3177 3918 suasit,
3226 3859 3400 3905 morte
3430 3850 3665 3919 peribat.

2169 3934 2494 4007 Peceatique
2523 3937 2722 3991 malum
2752 3937 3023 3994 commisit
3052 3937 3257 3994 femina
3286 3938 3539 4009 primum,

2169 4025 2634 4098 Transgressaque
2660 4041 2820 4082 suum
2844 4025 3057 4100 decepit
3086 4028 3207 4099 lege
3237 4027 3510 4093 maritum,

2170 4114 2283 4170 Eva
2310 4113 2531 4171 inducta
2558 4115 2685 4172 dolo
2712 4115 2961 4187 patefecit
2989 4116 3175 4172 limina
3195 4116 3361 4185 letho,

2173 4205 2243 4259 Et
2269 4204 2369 4260 sibi
2407 4219 2527 4261 cum
2555 4220 2757 4277 genere
2790 4205 3090 4277 procreavit
3119 4204 3308 4262 funera
3336 4213 3473 4273 toto,

2174 4292 2939 4360 Hincnefasincautum,mors
2958 4294 3086 4352 hinc
3105 4295 3261 4367 quasi
3282 4311 3465 4351 semen
3496 4296 3548 4351 in
3593 4312 3781 4355 arvum

2172 4380 2479 4455 Spargitur,
2500 4382 2628 4439 inde
2656 4383 2830 4457 magis
2858 4382 3068 4441 facinus
3096 4384 3408 4456 percrebuit
3432 4392 3611 4453 atrox,

2173 4472 2353 4543 Atque
2387 4472 2543 4530 labor
2569 4482 2880 4544 corruptum
2912 4472 3135 4547 agitavit
3161 4474 3355 4531 saevior
3389 4474 3601 4531 orbem.

2173 4560 2412 4618 Callidus
2437 4562 2542 4618 hoc
2567 4561 2681 4618 zelo
2706 4576 2929 4634 serpens
2959 4561 3152 4618 inlexit
3180 4561 3235 4617 in
3264 4562 3406 4634 ipso,

2175 4648 2304 4706 Inde
2332 4649 2505 4723 magis
2526 4650 2710 4722 populi
2739 4658 3018 4708 accersunt
3036 4651 3325 4709 commissa
3354 4650 3641 4708 malorum.

2182 4740 2359 4812 Atque
2379 4737 2611 4795 nefanda
2640 4739 2799 4798 malis
2826 4747 3159 4812 pepererunt
3189 4739 3398 4797 semina
3430 4738 3604 4795 factis.

2778 4899 3008 4957 CAPUT
3047 4899 3133 4955 IV.

2257 5041 2464 5098 Idcirco
2492 5040 2757 5097 Dominus
2803 5042 2971 5108 solus,
3007 5040 3095 5098 cui
3123 5056 3333 5100 summa
3356 5046 3612 5113 potestas,

2193 5129 2416 5187 ιθςη
2446 5131 2517 5186 Ει
2542 5146 2706 5201 super
2734 5131 2841 5186 alta
2868 5138 3058 5187 tenens
3094 5130 3291 5186 summi
3353 5127 3566 5201 fastigia
3622 5126 3758 5183 coeli
3780 5171 3796 5194 ,

2189 5220 2375 5276 Altum
2398 5220 2451 5275 in
2475 5220 2746 5293 praecelsis
2761 5219 3009 5277 habitans
3042 5219 3097 5276 in
3122 5220 3318 5277 saecula
3347 5218 3551 5285 lumen,

2192 5310 2584 5383 Praesentisque
2613 5325 2837 5380 memor,
2870 5325 3085 5382 quoque
3124 5309 3387 5381 praescius
3430 5315 3551 5362 ante
3592 5306 3797 5369 futuri,

2192 5401 2515 5476 Progeniem
2532 5398 2708 5456 meriti
2739 5396 3015 5456 decretum
3046 5406 3224 5456 servat
3252 5398 3305 5453 in
3334 5412 3529 5460 aevum,

2196 5490 2261 5548 Et
2288 5500 2511 5551 cunctas
2540 5490 2768 5559 animas,
2809 5496 2925 5546 tum
2944 5503 3173 5562 corpora
3195 5487 3345 5544 tarda
3372 5486 3719 5559 gubernans,
