4058 6172
393 254 530 312 1149

387 465 458 522 Ut
484 465 720 536 primum
750 468 914 540 positi
943 468 1304 523 membrorum
1333 464 1573 536 pondera
1601 465 1830 533 cedunt;

386 553 748 625 Terrenisque
776 555 921 611 leves
948 554 1198 610 resolutis
1225 553 1452 608 nexibus
1479 551 1657 622 ibunt,

383 644 465 698 Ac
493 641 735 713 praprias
761 643 970 713 capient
993 642 1218 698 diversis
1249 641 1486 711 partibus
1513 654 1639 696 oras

383 728 480 784 Ast
506 730 635 784 alias
665 730 802 786 laetis
830 729 1069 786 revocari
1099 730 1348 800 protinus
1375 730 1546 797 auris,

385 817 606 874 Servari
645 818 854 886 penitus
881 819 1112 874 decretae
1141 819 1208 873 ad
1236 819 1456 888 praemia
1484 817 1638 888 legis,

383 909 522 962 Dum
555 908 713 964 motis
739 907 934 965 iterum
965 908 1290 965 revirescant
1316 923 1543 979 corpora
1573 907 1855 964 membris.

382 997 494 1050 Illic
522 996 744 1052 occultis
773 996 1090 1052 claudentur
1118 1012 1284 1067 prava
1312 996 1566 1054 tenebris.

382 1084 534 1139 Tunc
563 1083 809 1140 homines
837 1084 1027 1156 primae
1059 1101 1284 1155 pensare
1315 1086 1537 1155 praemia
1562 1085 1687 1143 vitae

381 1172 662 1244 Incipient,
697 1174 1005 1248 crimenque
1032 1189 1188 1228 suum
1225 1173 1522 1246 culpasquc
1546 1181 1755 1244 putare,

378 1260 448 1316 Et
475 1260 651 1330 poenis
681 1260 931 1327 retinere,
964 1261 1151 1332 procul
1183 1261 1250 1316 de
1288 1270 1464 1318 morte
1494 1261 1710 1328 futuris,

376 1347 705 1421 Judiciisqne
736 1350 831 1404 Dei
857 1365 1126 1405 memores
1147 1350 1359 1406 adstare
1398 1351 1633 1424 piorum,

377 1436 700 1508 ExSpectare
727 1453 879 1492 suam
917 1453 1242 1511 suorumque
1273 1456 1337 1495 ex
1366 1439 1589 1495 crimine
1618 1455 1870 1510 pennam;

378 1525 639 1582 Funditus
666 1535 757 1583 aut
783 1541 1039 1598 pecorum
1067 1527 1183 1583 sine
1213 1527 1432 1584 nomine
1461 1529 1641 1586 vivere
1669 1529 1860 1598 vitam,

377 1613 761 1687 Incassumque
790 1616 904 1672 Deo
927 1616 1040 1686 jam
1070 1617 1236 1672 surdo
1263 1616 1488 1674 fundere
1508 1618 1716 1676 ﬂetum.

1009 1757 1233 1816 CAPUT
1273 1760 1342 1816 V.

451 1877 538 1932 An
567 1878 711 1935 Deus
740 1879 1104 1951 omnipotens,
1136 1882 1290 1952 cujus
1319 1883 1420 1937 sub
1447 1883 1566 1955 lege
1597 1893 1857 1954 reguntur

377 1963 592 2030 Omnia,
625 1981 734 2022 non
763 1969 929 2024 valeat
959 1979 1084 2041 post
1111 1978 1341 2026 mortem
1369 1971 1598 2028 reddere
1627 1973 1833 2030 vitam?

380 2057 490 2109 Aut
518 2053 722 2124 aliquid
752 2057 1018 2113 Dominus
1046 2075 1226 2115 rerum
1255 2075 1362 2117 non
1392 2075 1554 2131 posse
1580 2062 1832 2119 videtur?

375 2140 434 2197 Si
464 2141 640 2211 potuit
670 2145 906 2201 tenebris
936 2147 1107 2216 pulsis
1135 2149 1423 2205 extendere
1449 2151 1647 2217 lucem,

374 2231 550 2302 Atque
584 2244 800 2286 omnem
829 2235 998 2290 verbo
1032 2237 1210 2292 subito
1240 2253 1569 2309 componere
1597 2241 1817 2309 molem,

376 2317 571 2375 Omnia
597 2318 664 2374 de
694 2319 861 2375 nihilo
891 2336 1110 2394 quoque
1139 2341 1272 2382 voce
1302 2334 1518 2398 potente
1548 2343 1755 2400 parare,

376 2408 485 2464 Cur
508 2423 616 2464 non
646 2424 712 2464 ex
741 2410 921 2483 aliquo
959 2413 1128 2481 possit
1158 2429 1485 2482 componere
1513 2425 1718 2484 notam,

377 2496 509 2567 Quae
539 2497 711 2554 fuerat
737 2500 1032 2572 quondam,
1061 2518 1220 2572 quam
1252 2502 1480 2561 ﬁnxerat
1505 2513 1652 2575 ante,
1681 2506 1897 2579 ﬁgura?

374 2584 804 2657 Adsimilemque
832 2588 933 2642 sibi
961 2590 1148 2658 jubeat
1185 2608 1467 2664 resurgere
1497 2593 1722 2651 formam
1745 2598 1774 2652 ?

374 2675 509 2730 Cum
548 2675 657 2731 sint
685 2684 874 2732 cuncta
903 2679 1021 2748 Dei,
1055 2680 1233 2735 reddit
1261 2683 1435 2754 magis
1465 2684 1649 2739 omnia
1681 2685 1860 2758 tellus,

374 2764 531 2818 Jussa
561 2770 766 2819 retexet
793 2765 940 2818 enim
972 2767 1228 2838 quidquid
1257 2778 1565 2825 contexerat
1593 2771 1744 2828 olim.

379 2851 432 2908 Si
461 2868 622 2924 quem
648 2852 786 2923 forte
815 2853 960 2928 rogis
986 2856 1224 2913 abolevit
1251 2857 1462 2912 ﬂamma
1499 2861 1795 2933 sepultum,

374 2939 484 2996 Aut
512 2941 749 3012 aliquem
789 2945 947 3000 caecis
973 2944 1252 3012 disiecerit
1279 2962 1464 3018 aequor
1493 2947 1549 3003 in
1579 2951 1756 3016 undis,

375 3029 432 3085 Si
462 3032 728 3102 cujusque
755 3030 896 3088 fame
926 3033 1188 3090 satiarunt
1215 3036 1422 3090 viscera
1451 3035 1650 3107 pisces,

374 3117 488 3174 Aut
511 3117 676 3175 ﬁxere
716 3119 844 3177 ferae
875 3121 1113 3177 crudelia
1152 3123 1339 3178 funera
1369 3126 1648 3196 membris,

375 3206 609 3264 Alitibns
633 3209 800 3278 jacuit
824 3218 1032 3280 raptato
1057 3227 1288 3282 corpore
1317 3216 1557 3287 sanguis,

374 3298 574 3356 Ultima
601 3315 710 3356 non
741 3300 968 3358 Domino
1001 3301 1208 3373 rapient
1237 3319 1332 3359 sua
1361 3320 1581 3361 munera
1609 3318 1811 3378 magno

375 3388 657 3459 Apparere
685 3390 800 3445 Deo
831 3389 984 3446 vivos
1013 3391 1079 3445 de
1111 3402 1284 3448 morte
1315 3408 1535 3450 necesse
1561 3401 1664 3464 est,

373 3475 793 3550 Resumptisque
822 3477 933 3534 suis
958 3480 1208 3536 homines
1235 3483 1447 3538 adstare
1475 3482 1680 3554 ﬁguris.

372 3564 543 3619 Arida
567 3565 644 3621 sic
668 3566 851 3622 vacuis
875 3568 1172 3625 redduntur
1201 3571 1407 3627 semina
1436 3572 1609 3637 terris,

374 3655 445 3709 Et
475 3655 691 3725 penitus
720 3657 840 3713 ﬁxis
869 3665 1184 3728 putrescunt
1212 3670 1420 3716 mortua
1453 3661 1636 3717 sulcis.

374 3744 570 3800 Nonne
600 3746 864 3802 animatur
893 3757 946 3802 et
973 3747 1096 3803 hinc
1123 3749 1382 3819 reparatis
1407 3751 1621 3806 culmen
1658 3751 1854 3823 aristis,

373 3832 554 3904 Atque
583 3834 777 3889 iterum
807 3835 942 3894 vivis
970 3835 1263 3894 ﬂavescunt
1293 3837 1450 3894 fortia
1479 3840 1688 3910 granis,

374 3921 826 3994 Consurguntque
857 3940 1009 3982 novae
1041 3925 1188 3981 vario
1218 3942 1340 3982 cum
1371 3925 1580 3982 foenore
1607 3929 1842 3985 messes?

373 4009 564 4066 Sidera
593 4021 784 4067 cuncta
811 4015 1024 4080 cadunt,
1059 4014 1358 4086 iterumque
1389 4023 1575 4071 renata
1602 4015 1891 4074 nitescunt.

371 4099 444 4154 Et
480 4098 598 4156 dies
627 4100 680 4155 in
717 4101 884 4157 densa
912 4102 1137 4158 moritur
1163 4118 1284 4157 cum
1323 4102 1528 4158 lumine
1556 4112 1735 4174 nocte,

369 4187 584 4246 Occidit
612 4197 665 4244 et
692 4189 801 4259 jam
830 4205 932 4246 nox
967 4191 1129 4245 rebus
1158 4205 1284 4246 mox
1310 4191 1426 4246 luce
1458 4191 1690 4258 retectis,

367 4278 600 4349 Jamque
628 4278 740 4333 suis
769 4279 874 4335 alia
903 4287 1062 4352 atque
1091 4280 1198 4335 alia
1223 4279 1339 4336 dies
1369 4279 1542 4351 surgit
1570 4283 1637 4336 ab
1665 4282 1842 4349 astris,

371 4365 578 4438 Solque
603 4367 766 4433 cadit,
799 4367 1194 4439 splendorifero
1224 4367 1316 4440 qui
1355 4368 1564 4426 lumine
1595 4369 1809 4438 clarus;

369 4453 485 4509 Lux
510 4455 652 4527 perit
680 4458 928 4512 umbrato
952 4457 1188 4515 venienti
1219 4473 1439 4529 vespere
1468 4457 1673 4516 mundo

369 4543 441 4598 Et
471 4553 725 4603 renovata
750 4559 850 4601 suo
882 4546 1011 4602 vivit
1038 4545 1269 4619 fuligine
1299 4546 1540 4618 phoenix,

371 4631 438 4687 Et
463 4648 562 4688 sua
591 4647 716 4688 mox
753 4633 992 4691 volucris
1021 4634 1264 4707 (mirum)
1296 4645 1418 4708 post
1444 4637 1600 4694 busta
1638 4639 1897 4712 resurgit.

371 4719 634 4791 Tempore
663 4723 807 4778 nuda
835 4723 950 4779 suis
981 4723 1126 4780 foliis
1155 4741 1372 4798 quoque
1401 4726 1614 4783 fruticat
1642 4728 1826 4800 arbor,

374 4809 770 4883 Pomorumque
801 4812 992 4868 iterum
1019 4821 1306 4871 curvantur
1335 4815 1580 4888 germine
1608 4817 1771 4873 rami.“

1432 247 1767 310 APPENDIX
1805 250 1850 308 ι.
1888 278 1956 292 -
1999 245 2084 309 DB
2118 245 2368 308 JUDICIO
2401 244 2636 308 DOMINI

387 377 520 446 Quae
551 377 759 436 ratione
787 387 1005 436 movent
1031 378 1302 436 hominem
1333 393 1432 448 per
1460 374 1630 431 multa
1655 382 1974 448 vagantem;
2011 390 2057 469 Α

3545 252 3688 312 1150

2706 371 2932 430 CAPUT
2970 373 3062 430 VI.

2161 463 2247 519 Ad
2272 477 2458 521 vocem
2485 476 2618 535 ergo
2648 461 2746 519 Dei
2772 463 2976 520 mundo
3030 479 3128 536 per
3154 473 3347 521 cuncta
3388 474 3676 532 tremente,

2086 552 2150 606 Et
2181 552 2341 607 motis
2369 550 2584 623 p‘nitus
2610 551 2901 608 virtutibus
2929 553 3070 608 aeris
3098 552 3212 620 alti,

2088 639 2240 696 Tunc
2260 640 2441 713 fragor
2471 639 2737 707 insolitus,
2760 649 2888 697 tunc
2907 640 3138 698 maxima
3157 657 3436 698 murmura
3455 642 3602 710 creti,

2093 727 2318 786 I093
2345 729 2676 785 Adveniente
2705 730 2834 798 Deo,
2869 730 3036 787 totius
3058 732 3244 801 judice
3271 731 3484 786 mundi.

2083 819 2335 875 Protinus
2363 817 2628 874 innumeri
2653 827 2981 874 concurrunt
3011 819 3089 874 ire
3120 820 3369 886 ministri,

2083 907 2502 980 Convallanmue
2529 908 2704 962 Deum
2732 924 2854 964 cum
2886 908 3160 976 majestate
3190 925 3456 980 superna;

2083 994 2348 1067 Angelica
2377 996 2431 1050 in
2462 1004 2631 1050 terras
2651 995 2974 1052 descendent
3001 996 3224 1070 agmina
3252 998 3423 1066 coelo;

2081 1085 2304 1151 Omnes,
2335 1085 2499 1140 turba
2525 1084 2644 1152 Dei,
2679 1083 2878 1156 quibus
2907 1095 2990 1141 est
3017 1085 3198 1142 divina
3227 1084 3492 1156 facultas,

2082 1173 2334 1230 Vultibus
2363 1181 2420 1227 et
2447 1172 2619 1228 forma
2642 1171 2854 1228 virtutis
2883 1172 3108 1242 spiritus
3135 1187 3342 1229 omnes.

2079 1263 2276 1333 Igneus
2303 1261 2388 1316 his
2415 1261 2569 1333 vigor
2597 1270 2697 1327 est,
2730 1259 2999 1316 rutilantia
3027 1275 3274 1332 corpora,
3305 1260 3429 1316 coeli

2082 1352 2176 1407 Vis
2203 1351 2385 1406 divina
2417 1349 2594 1418 micat,
2628 1348 2754 1404 hinc
2784 1356 2930 1403 totus
2957 1357 3256 1406 murmurat
3283 1350 3452 1419 orbis,

2081 1439 2216 1495 Hinc
2235 1438 2508 1510 trepidans
2536 1437 2778 1508 penitus,
2798 1437 2888 1492 vel
2913 1444 3111 1507 quanta
3130 1445 3234 1504 est,
3259 1445 3402 1494 terra
3421 1438 3676 1509 remugit,

2083 1527 2394 1583 Parturiens
2423 1526 2691 1597 homines,
2722 1540 2860 1597 quos
2889 1525 3117 1584 reddere
3141 1526 3298 1596 jussa
3321 1526 3557 1582 docebit.

2003 1635 2048 1713 Β
2077 1614 2281 1671 Omnes
2310 1614 2594 1681 mirantur,
2627 1615 2909 1669 turbantur
2935 1614 3173 1686 denique
3203 1615 3389 1680 nimbi,

2085 1707 2354 1777 Astraque
2383 1711 2527 1759 mota
2557 1712 2767 1774 pavent,
2799 1702 2990 1758 subitae
3021 1703 3238 1758 virtutis
3269 1703 3336 1758 ab
3365 1702 3494 1759 alto.

2085 1794 2174 1850 Sic
2201 1793 2448 1852 veniente
2474 1793 2610 1861 Deo,
2642 1791 2853 1847 sonitus
2879 1807 3003 1847 cum
3031 1806 3166 1848 voce
3197 1791 3457 1862 potentis;

2086 1882 2282 1940 Omnia
2305 1883 2561 1938 continuo
2592 1880 2767 1950 ruptis
2799 1895 2894 1951 per
2915 1895 3081 1954 regna
3108 1879 3394 1951 sepulcris,

2087 1971 2278 2028 Omnis
2306 1972 2506 2025 humus
2539 1970 2662 2025 latis
2690 1968 2914 2025 effundit
2943 1969 3182 2026 hiatibus
3210 1984 3356 2039 ossa,

2085 2060 2444 2132 Viventesque
2474 2070 2662 2132 patens
2691 2060 2922 2130 populos
2951 2066 3160 2115 eructat
3191 2075 3378 2126 arena,

2084 2152 2301 2206 Haerent
2334 2150 2570 2204 membra
2598 2149 2792 2220 comis,
2820 2153 3213 2221 nectunturque
3253 2163 3378 2205 ossa
3407 2149 3684 2216 medullis,

2083 2237 2437 2308 Consertique
2473 2247 2670 2309 regunt
2694 2236 2953 2307 spirantia
2981 2251 3210 2307 corpora
3239 2237 3413 2304 nervi,

2082 2325 2147 2380 Et
2173 2324 2332 2379 simul
2352 2323 2532 2380 infuso
2561 2332 2832 2379 metantur
2849 2326 3119 2398 sanguine
3141 2341 3320 2392 venae,

2083 2411 2444 2482 Dimissisque
2473 2413 2642 2478 cavis,
2674 2411 2867 2467 animae
2897 2413 3192 2469 redduntur
3220 2414 3450 2487 apertis,
3528 2437 3532 2440 ~

2086 2498 2304 2573 Organa
2331 2515 2561 2572 quaeque
2589 2515 2689 2556 sua
2717 2507 2972 2572 repetunt
2999 2501 3281 2574 surgentia
3308 2509 3476 2573 parte.

2085 2589 2245 2656 Proh,
2279 2589 2525 2644 miranda
2561 2589 2719 2658 ﬁdes,
2750 2589 2875 2645 hinc
2911 2591 3089 2646 omnis
3115 2591 3346 2661 pullulat
3369 2600 3502 2648 aetas
3528 2592 3675 2662 (77);

2084 2679 2313 2734 Pullulat
2342 2679 2564 2749 antiquo
2605 2686 2945 2734 mortuorum
2975 2679 3204 2749 pulvere
3233 2681 3416 2746 turba";
3491 2693 3494 2698 λ

2079 2769 2273 2823 Matres
2300 2774 2466 2836 atque
2496 2774 2680 2837 patres
2718 2765 2943 2836 repetita
2971 2765 3092 2821 luce
3123 2773 3433 2837 resurgunt,

2006 2875 2050 2952 ε
2081 2855 2404 2952 ἒίδβηδηξηιί
2429 2855 2674 2924 juvenes,
2707 2853 2882 2952 pueri,
2905 2853 3254 2952 innuptaeque
3267 2854 3498 2952 puellae,

2083 2943 2445 3015 Defunctique
2473 2957 2634 2998 senes
2661 2943 2858 2998 animis
2881 2943 3183 3000 virentibus
3211 2945 3448 3016 adstant,

2092 3032 2468 3103 lnfantumque
2494 3046 2720 3103 gemens
2749 3041 2963 3088 resonat
2988 3031 3260 3107 vagitibus
3288 3033 3460 3106 orbis,

2081 3121 2212 3177 Tam
2240 3119 2404 3176 variae
2433 3127 2627 3190 gentes
2656 3119 2878 3178 venient
2904 3121 2972 3176 de
3003 3120 3222 3178 sedibus
3252 3122 3394 3189 imis,

2080 3210 2360 3282 Eoumque
2386 3222 2603 3273 manus,
2626 3217 2681 3264 et
2708 3225 2844 3280 quas
2870 3208 3016 3265 videt
3042 3210 3229 3266 ultima
3255 3211 3434 3275 tellus.

2081 3297 2326 3371 Quaeque
2355 3300 2541 3356 colunt
2566 3297 2732 3354 medii
2761 3299 2970 3354 devexo
2999 3298 3054 3353 in
3081 3298 3299 3355 climate
3325 3294 3532 3365 mundi,

2081 3391 2446 3468 Riphaeasque
2475 3399 2656 3446 tenent
2681 3388 2914 3461 algentis
2940 3388 3132 3444 sideris
3158 3405 3334 3446 arces.

2079 3479 2270 3537 Omnis
2296 3482 2467 3550 adest,
2500 3479 2725 3553 pavidus
2753 3477 2876 3532 ﬁnis
2903 3477 3193 3549 cujusque;
3224 3478 3474 3546 colonus,

2077 3567 2353 3636 Rusticus,
2385 3568 2602 3625 Atrides
2629 3566 2805 3638 posito
2843 3565 3144 3621 diademate
3173 3567 3348 3639 regni,

2077 3659 2411 3729 Pauperibus
2439 3657 2640 3713 mixtus
2666 3653 2956 3729 coaequalis
2981 3655 3037 3710 in
3064 3654 3282 3728 agmine
3309 3655 3478 3713 dives.

2073 3748 2227 3802 Altus
2256 3746 2460 3818 ubique
2488 3753 2708 3811 tremor,
2741 3744 2998 3817 precibus
3020 3752 3151 3800 tunc
3179 3742 3404 3816 ingemit
3431 3744 3602 3801 orbis.

2072 3836 2377 3893 Tendentes
2396 3850 2500 3908 que
2527 3849 2718 3891 manus
2737 3832 2923 3906 populi
2933 3832 3169 3890 clamore
3191 3842 3530 3906 stupescunt.

2685 3975 2910 4032 CAPUT
2958 3974 3071 4031 VII.

2151 4105 2274 4176 Ipse
2300 4103 2500 4160 sedens
2526 4101 2818 4169 Dominus,
2845 4098 3060 4155 sublimi
3088 4099 3292 4155 lumine
3319 4099 3520 4166 clarus,

2078 4197 2255 4264 Atque
2285 4200 2478 4264 potens
2503 4189 2708 4246 cunctis
2744 4189 2911 4244 micat
2939 4188 2992 4243 in
3022 4187 3308 4244 virtutibus
3336 4186 3500 4260 ignis,

2079 4281 2414 4351 Excelsoque
2436 4281 2628 4335 throno
2656 4276 2866 4334 caelesti
2886 4276 3014 4332 sede
3041 4283 3320 4346 coruscat;

2079 4369 2410 4442 Martyribus
2438 4372 2646 4440 septus,
2674 4380 2900 4422 numero
2928 4364 3195 4421 candente
3221 4364 3484 4433 virorum,

2080 4460 2426 4531 Delectisque
2471 4457 2584 4512 suis
2609 4454 2895 4514 comitatus
2924 4453 3137 4513 vatibus
3165 4461 3362 4521 exstat,

2079 4550 2230 4606 Clara
2261 4549 2458 4623 quibus
2483 4546 2656 4604 niveis
2684 4544 2946 4619 effulgent
2970 4558 3202 4615 corpora
3229 4544 3404 4601 stolis.

2081 4639 2307 4712 Jamque
2345 4636 2650 4695 sacerdotes
2675 4634 2856 4692 nitidis
2882 4633 2940 4690 in
2968 4633 3212 4691 vestibus
3240 4633 3470 4702 adstant,

2085 4726 2310 4784 I094
2341 4728 2622 4783 Gestantes
2662 4725 2851 4780 rutilas
2876 4722 3078 4796 insigni
3108 4722 3288 4779 fronte
3313 4737 3562 4787 coronas,

2085 4816 2460 4889 Submissique
2488 4830 2679 4872 omnes
2707 4813 2941 4888 genibus
2969 4820 3290 4870 veneranter
3315 4811 3560 4870 adorant.

1758 4969 1962 5032 Comm
1973 4973 2258 5033 entarius.

446 5097 566 5169 (⁸77)
595 5097 735 5174 (line
764 5099 948 5174 pinnis
975 5098 1228 5169 pullulat
1259 5105 1412 5174 aetas,
1444 5105 1550 5154 etc.
1582 5100 1786 5156 Eodem
1820 5117 1974 5174 spec-

369 5175 446 5224 tat
476 5170 621 5240 quod
653 5169 870 5238 subjicit
895 5181 1078 5225 auctor
1109 5187 1122 5222 :
1156 5171 1343 5241 pueri,
1376 5181 1429 5226 et
1471 5189 1483 5224 :

523 5282 879 5358 Infantumque
905 5308 1104 5357 gemens
1135 5302 1329 5342 resonat
1362 5294 1615 5359 vagitibus
1646 5297 1810 5347 orbis.

368 5381 477 5436 Sed
518 5399 649 5438 sane
677 5384 795 5439 haec
826 5383 1172 5457 intelligenda
1213 5393 1350 5450 sunt,
1381 5385 1524 5456 quod
1565 5402 1758 5457 nempe
1806 5386 1966 5443 etiam

363 5457 534 5525 pueri
564 5464 617 5509 et
649 5457 904 5528 infantes
944 5460 1266 5528 resurgent;
1299 5471 1404 5528 non
1454 5469 1628 5514 tamen
1677 5458 1728 5511 in
1776 5460 1963 5515 eadem

370 5531 544 5590 aetate,
579 5525 672 5582 sed
716 5527 885 5596 (juxta
921 5528 1069 5599 quod
1107 5525 1398 5598 Apostolus
1436 5528 1620 5586 scribit
1658 5531 1858 5603 Ephes.
1899 5530 1963 5601 ll)

2083 5103 2142 5156 in
2219 5114 2526 5174 mensuram
2593 5101 2766 5156 aetatis
2835 5099 3180 5174 plenitudinis
3243 5100 3458 5160 Christi.
3534 5103 3674 5174 Quia

2080 5175 2427 5247 unusqnique
2474 5173 2762 5247 (inquit_B.
2813 5172 2956 5247 Aug.
3007 5172 3100 5228 lib.
3136 5187 3262 5228 xxn
3308 5175 3374 5230 de
3396 5175 3518 5247 Civ.
3553 5172 3670 5244 Dei,

2079 5262 2158 5317 οη
2198 5245 2293 5317 15)
2327 5243 2493 5317 suam
2542 5243 2765 5317 recipiet
2828 5243 3134 5317 mensuram
3193 5246 3457 5317 corporis,
3508 5243 3667 5315 quam

2079 5315 2164 5372 vel
2214 5315 2402 5371 habuit
2450 5317 2502 5370 in
2548 5314 2853 5385 juventutc,
2887 5316 3045 5372 etiam
3093 5315 3138 5370 si
3189 5314 3349 5371 senex
3397 5314 3553 5384 obiit,
3585 5321 3665 5371 vel

2077 5388 2250 5444 fuerat
2299 5385 2596 5452 habiturus,
2629 5385 2675 5441 si
2724 5394 2848 5446 ante
2881 5395 2961 5444 est
3007 5385 3312 5444 defunctus.
3345 5385 3491 5442 ditas
3541 5401 3664 5443 vero

2073 5459 2172 5516 erit
2236 5459 2344 5526 illa,
2413 5459 2481 5514 ad
2544 5474 2706 5532 quam
2769 5459 3020 5532 pervenit
3075 5456 3337 5524 Christus,
3398 5457 3532 5515 citra
3599 5461 3664 5515 ’δυ

2070 5547 2136 5587 an
2142 5545 2240 5587 nos
2248 5572 2260 5584 .
