4062 6178
414 210 548 273 115.1

414 336 605 409 Hagie,
636 334 812 407 hagie,
845 340 1027 389 sancte
1043 334 1218 401 Deus;
1248 348 1353 389 vox
1381 333 1630 390 omnibus
1657 349 1765 390 una
1792 343 1891 391 est.

412 423 511 479 Hic
543 422 809 477 Dominus
837 422 1109 494 geminam
1134 421 1411 477 mandabit
1438 422 1629 478 sistere
1653 422 1893 494 plebem;

417 513 649 581 Imperat
676 518 728 565 et
754 510 906 582 juxta
934 526 1219 565 numerum
1246 510 1551 566 discernere
1579 525 1798 582 pravos,

413 600 707 671 Appellans
733 598 960 669 placidis
998 599 1176 655 verbis
1206 615 1302 654 sua
1328 600 1481 669 jussa
1510 608 1744 666 secutos,

414 689 743 757 Indutosque
768 687 947 755 jubet,
981 687 1187 743 devicta
1215 698 1406 755 morte,
1435 688 1700 761 vigorem,

415 778 639 846 Semper
665 776 1017 833 inexslinctas
1046 776 1288 832 habitare
1312 778 1380 831 ad
1410 777 1629 833 luminis
1658 795 1841 851 auras;

414 866 497 921 Ire
526 880 623 936 per
652 864 928 937 antiquum
958 878 1175 937 semper
1205 864 1448 920 ﬂorentia
1476 882 1640 936 regna

416 953 711 1008 Promissas
739 969 836 1024 per
863 968 1013 1022 Opes,
1046 970 1143 1023 per
1173 970 1386 1023 semper
1414 970 1626 1010 amoena
1654 955 1842 1023 vireta,

418 1042 629 1115 Degere
658 1049 977 1114 perpetuam
1008 1042 1272 1113 praeclaro
1314 1043 1369 1097 in
1400 1059 1623 1115 corpore
1649 1046 1832 1102 vitam.

1016 1181 1242 1238 CAPUT
1274 1183 1412 1237 VIII.

487 1308 587 1363 Est
616 1308 773 1364 locus
800 1306 930 1364 Eois
958 1307 1191 1365 Domino
1220 1308 1448 1365 dilectus
1476 1308 1531 1363 in
1563 1310 1693 1377 oris,

416 1398 531 1454 Lux
559 1398 657 1454 ubi
690 1398 853 1465 clara,
886 1397 1082 1465 nitens,
1116 1398 1386 1470 spiratque
1424 1398 1689 1457 salubrior
1716 1416 1865 1467 aura,

420 1488 791 1560 .IEternusque
816 1486 954 1557 dies,
985 1494 1146 1558 atque
1176 1488 1510 1543 immutabile
1541 1499 1779 1560 tempus;

418 1575 516 1632 Est
544 1585 746 1631 secreta
773 1576 888 1630 Deo
919 1576 1090 1649 regio,
1124 1575 1383 1630 ditissima
1413 1576 1642 1645 campis,

417 1665 590 1737 Atque
619 1664 771 1721 beata
800 1663 979 1729 nimis,
1013 1664 1270 1734 sudzeque
1298 1665 1353 1718 in
1382 1664 1599 1719 cardine
1629 1666 1793 1722 sedis.

417 1754 525 1809 Aer
550 1752 707 1807 laetus
734 1752 827 1816 ibi,
859 1768 1184 1822 semperque
1213 1753 1267 1806 in
1300 1753 1415 1807 luce
1446 1752 1681 1822 futurus,

418 1840 580 1899 Lenis
607 1849 659 1895 et
686 1840 967 1909 adspirans
996 1840 1173 1893 vitalia
1204 1840 1413 1894 ﬂamina
1444 1850 1656 1897 ventus.

418 1929 611 1986 Omnia
645 1927 744 1983 fert
775 1928 1044 1992 foecunda,
1070 1930 1185 1983 solo
1214 1929 1514 1999 praedivite,
1548 1932 1723 1993 tellus,

419 2018 607 2074 Flores
635 2015 688 2070 in
722 2016 890 2086 pratis
918 2016 1177 2091 fragrant,
1209 2029 1261 2073 et
1284 2034 1522 2089 purpura
1552 2018 1757 2090 campis

419 2103 614 2162 Omnia
641 2106 910 2173 praerutila
940 2105 1121 2160 miscet
1152 2122 1260 2161 non
1293 2107 1470 2164 invida
1505 2108 1643 2163 luce.

418 2192 543 2248 Flos
572 2192 739 2247 alium
768 2193 922 2249 laetus
951 2209 1049 2250 suo
1078 2194 1280 2249 lumine
1307 2196 1463 2250 vestit
1493 2196 1741 2265 amictus,

419 2279 754 2353 Roscidaquc
785 2282 878 2337 hic
904 2283 1074 2337 multo
1104 2284 1376 2338 variantur
1403 2285 1608 2339 semine
1637 2300 1781 2352 rura,

417 2371 488 2426 Et
514 2370 680 2425 roseis
708 2369 864 2425 nivea
893 2371 1195 2440 crispentur
1216 2370 1440 2425 ﬂoribus
1468 2387 1616 2428 arva.

416 2457 667 2514 Nescitur
695 2457 894 2529 quibus
922 2474 1093 2529 usque
1125 2458 1262 2513 locis
1291 2458 1502 2514 felicior
1530 2474 1687 2528 aura,

415 2545 551 2615 Quae
580 2545 771 2601 melior
796 2545 993 2616 specie,
1027 2545 1111 2601 vel
1143 2546 1266 2618 plus
1294 2546 1564 2618 praecellat
1592 2548 1817 2604 honore.

413 2634 561 2691 Talia
587 2634 852 2706 ﬂorigeris
880 2650 1171 2705 numquam
1203 2642 1500 2692 nascuntur
1526 2635 1581 2691 in
1608 2635 1782 2692 hortis

414 2722 568 2793 Lilia,
596 2739 698 2779 nec
726 2722 927 2779 nostris
955 2722 1209 2779 efﬂorent
1236 2723 1359 2779 talia
1389 2724 1612 2795 campis,

414 2814 529 2869 Nec
554 2813 631 2869 sic
657 2820 783 2867 nata
809 2813 1024 2879 rubent,
1058 2827 1181 2868 mox
1210 2824 1269 2868 ut
1297 2828 1419 2869 rosa
1448 2814 1703 2886 panditur
1731 2828 1856 2869 aura

414 2902 659 2973 Purpura
683 2917 782 2957 nec
813 2902 976 2972 Tyrio
1004 2901 1082 2957 sic
1111 2910 1195 2957 est
1223 2902 1445 2960 intincta
1475 2903 1693 2959 rubore.

413 2989 643 3045 Gemma
668 2989 917 3045 coloratis
942 2989 1117 3064 fulget
1144 2991 1398 3061 speciosa
1425 2990 1643 3062 lapillis;

413 3079 543 3135 Inde
567 3080 699 3136 nitet
728 3079 979 3151 prasinus
1010 3082 1148 3150 (78),
1172 3081 1319 3137 illinc
1344 3082 1705 3138 carbunculus
1724 3080 1895 3147 ardet,

414 3168 763 3242 Herbosaque
791 3169 926 3225 viret
952 3170 1293 3241 praegrandis
1330 3170 1449 3226 luce
1479 3172 1826 3239 smaragdus;

416 3258 513 3315 Hic
542 3266 594 3314 et
622 3257 909 3315 odoriferis
945 3269 1236 3315 nascuntur
1273 3275 1539 3331 cynnama
1566 3259 1735 3335 virgis
1764 3260 1897 3331 (’79),

415 3348 483 3405 Et
511 3348 684 3420 spisso
713 3349 889 3404 laetum
920 3348 1049 3405 folio
1078 3349 1376 3422 conﬂagrat
1402 3364 1699 3407 amomum.

416 3438 515 3495 Hic
538 3440 685 3509 jacet
709 3437 1008 3513 ingenitum
1038 3438 1291 3495 radiantis
1329 3438 1542 3494 luminis
1580 3454 1792 3505 aurum,

416 3529 487 3584 Et
523 3543 744 3585 nemora
772 3530 880 3583 alta
907 3536 1089 3584 tenent
1117 3529 1331 3585 ﬂorenti
1370 3537 1614 3599 tempore
1644 3528 1863 3594 caelum,

415 3618 772 3687 Virentesque
807 3628 1030 3688 gravant
1057 3617 1333 3673 uberrima
1361 3618 1608 3690 germina
1637 3633 1839 3674 ramos.

416 3705 659 3761 Porrexit
688 3705 892 3759 similes
914 3721 1023 3760 non
1055 3706 1162 3761 illis
1194 3706 1345 3760 India
1373 3707 1543 3769 lucos,

421 3794 541 3849 Non
572 3792 645 3847 ita
682 3792 851 3846 densa
877 3792 1020 3848 levat
1047 3793 1102 3846 in
1134 3802 1315 3850 monte
1340 3795 1619 3850 cacumina
1650 3794 1831 3865 pinus,

421 3882 537 3937 Nec
562 3880 638 3935 sic
661 3878 909 3934 alticoma
936 3889 1018 3934 est
1047 3882 1238 3935 umbra
1265 3882 1503 3952 crispata
1531 3898 1853 3955 cupressus;

421 3969 535 4025 Nec
562 3983 765 4024 vernus
793 3967 987 4023 melius
1016 3968 1171 4024 ﬂoret
1197 3983 1318 4023 cum
1350 3978 1595 4043 tempore
1624 3987 1828 4028 ramus.

423 4057 521 4114 Hic
543 4057 749 4113 abictes
778 4055 923 4112 celso
952 4058 1143 4113 ﬂorent
1170 4059 1226 4113 in
1253 4058 1452 4114 vertice
1483 4059 1672 4132 nigrae.

1479 208 1570 267 AD
1624 207 1913 271 GENUINA
1950 206 2385 271 TERTULLIANI
2422 205 2637 267 OPERA

3561 202 3706 264 1152

2035 350 2082 430 A
2114 334 2202 394 Sic
2230 334 2374 391 foliis
2402 334 2639 405 speciem
2678 332 2915 404 praefert,
2948 333 3027 389 sic
3062 332 3229 403 Spirat
3260 331 3499 387 odorem.

2113 426 2290 481 Arbos
2320 432 2442 489 stat,
2482 440 2604 478 cum
2634 423 2767 479 ﬂore
2796 438 2955 486 novo,
2987 421 3353 493 pulcherrima
3382 420 3580 492 pomis,

2114 512 2337 567 Vitalem
2367 522 2418 568 et
2445 511 2659 583 frugem
2692 510 2866 566 felicia
2898 510 3092 565 robora
3122 510 3366 563 densant.

2112 598 2265 654 Mella
2291 600 2540 655 viridanti
2568 598 2900 672 conﬂagrant
2929 598 3154 669 pinguia
3177 613 3365 665 canna,

2115 686 2218 742 Lac
2245 688 2405 742 etiam
2434 688 2608 759 plenis
2645 696 2824 742 manat
2855 685 3086 756 potabile
3118 686 3271 755 rivis;

2115 775 2289 831 Vitam
2319 776 2518 847 aspirat
2545 776 2619 831 ibi
2653 776 2902 848 quicquid
2933 776 3020 846 pia
3051 784 3192 831 terra
3222 775 3450 844 virescit,

2114 867 2179 921 Et
2209 866 2424 935 pulchre
2450 866 2659 921 redolet
2687 882 2886 922 munus
2923 864 3235 920 medicabile
3262 866 3452 920 Cretaa.

2116 955 2257 1011 Fons
2285 954 2392 1010 illic
2418 954 2639 1024 placidis
2682 954 2781 1010 levi
2810 954 2926 1009 ﬂuit
2957 954 3172 1026 agmine
3200 954 3431 1025 campis;

2115 1042 2376 1110 Quattuor
2406 1043 2530 1099 inde
2557 1044 2733 1115 rigant
2774 1043 2992 1114 partitas
3019 1043 3237 1097 ﬂumina
3268 1052 3449 1097 terras.

2117 1134 2243 1199 Ver,
2273 1140 2418 1203 puto,
2451 1147 2666 1203 semper
2697 1132 2808 1203 agit
2832 1134 3055 1189 vestitus
3085 1132 3303 1187 ﬂoribus
3332 1132 3537 1195 hortus,

2116 1222 2235 1277 Non
2266 1220 2439 1293 frigus
2468 1220 2638 1278 variat
2666 1220 2871 1275 hiberni
2901 1220 3094 1276 sideris
3121 1236 3327 1274 auram.

2117 1310 2186 1364 Et
2214 1310 2386 1365 reﬁcit
2418 1309 2603 1367 fcetam
2635 1310 2843 1365 meliori
2873 1308 3084 1364 ﬂamine
3114 1318 3327 1363 terram.

2116 1400 2229 1453 Nox
2260 1397 2333 1452 ibi
2362 1399 2529 1465 nulla,
2559 1415 2685 1453 suas
2717 1398 3013 1454 defendunt
3042 1405 3186 1453 astra
3216 1397 3490 1461 tenebras;

2116 1486 2323 1557 Iraeque
2351 1487 2666 1558 insidiaeque
2695 1487 2910 1550 absunt,
2941 1494 2995 1541 et
3024 1487 3140 1541 dira
3169 1486 3382 1555 cupido,

2119 1575 2482 1647 Exclususque
2513 1584 2706 1640 metus,
2747 1575 2915 1645 pulsae
2952 1576 3020 1630 de
3048 1575 3232 1629 limine
3261 1590 3426 1629 curae.

2045 1639 2088 1717 Β
2118 1664 2214 1718 Hic
2243 1663 2417 1718 malus
2444 1664 2696 1729 extorris,
2721 1663 2918 1735 dignas
2945 1663 3109 1719 exivit
3138 1662 3192 1717 in
3223 1678 3367 1717 oras.

2118 1754 2230 1808 Nec
2256 1754 2450 1809 vetitos
2480 1769 2715 1825 unquam
2744 1754 2897 1807 datur
2926 1752 3052 1808 huic
3080 1751 3390 1823 contingere
3418 1753 3587 1820 lucos,

2117 1841 2233 1898 Illic
2261 1842 2435 1912 prisca
2466 1842 2597 1897 fides
2626 1843 2797 1897 electa
2835 1841 2887 1896 in
2920 1842 3051 1898 sede
3080 1840 3330 1914 quiescit,

2116 1930 2322 1987 Insistit
2348 1931 2593 2001 gaudens
2623 1939 2821 1986 aeterno
2850 1929 2904 1984 in
2935 1929 3137 1985 ledCI'C
3168 1931 3295 1997 vita,

2119 2019 2185 2074 Et
2213 2035 2400 2075 secura
2431 2021 2578 2075 salus
2608 2020 2832 2091 placidis
2862 2020 3073 2075 laetatur
3102 2020 3158 2075 in
3185 2019 3347 2088 arvis,

2119 2108 2344 2179 Semper
2370 2108 2602 2177 victura,
2635 2124 2958 2180 semperque
2983 2109 3036 2162 in
3076 2109 3197 2165 luce
3225 2108 3419 2164 futura.

2118 2197 2214 2253 llic
2244 2197 2568 2269 quicumque
2598 2197 2740 2267 pius,
2769 2196 3020 2267 aequique
3048 2197 3290 2268 bonique
3318 2197 3562 2264 colonus,

2116 2285 2329 2358 Quique
2356 2287 2530 2341 Deum
2560 2286 2750 2341 metuit
2776 2286 2985 2342 sincera
3018 2294 3195 2341 mente
3223 2294 3524 2353 tonantem,

2116 2378 2289 2447 Atque
2327 2382 2456 2429 suos
2484 2374 2648 2430 coluit
2674 2391 2823 2430 sacra
2851 2374 3052 2446 pietate
3081 2382 3356 2445 parentes,

2115 2466 2183 2518 Et
2210 2463 2357 2537 degit
2387 2462 2646 2535 reliquam
2677 2479 2893 2534 semper
2923 2464 3040 2520 sine
3068 2462 3290 2517 crimine
3319 2462 3499 2527 vitam,

2114 2555 2223 2608 Aut
2245 2553 2461 2623 inopem
2491 2552 2612 2607 ﬁdis
2641 2552 2836 2623 Opibus
2865 2553 3068 2608 solatus
3094 2552 3323 2607 amicum
3352 2561 3454 2621 est,

2114 2644 2291 2714 Atque
2319 2643 2577 2698 laboranti
2609 2643 2837 2698 nimium
2874 2643 3126 2699 subvenit
3162 2657 3359 2715 egeno,

2115 2734 2376 2803 Pauperis
2404 2733 2639 2803 adjutor,
2669 2733 3095 2805 pupillorumque
3127 2742 3407 2805 patronus,

2118 2821 2273 2877 Eruit
2300 2821 2581 2887 innocuos,
2614 2821 2862 2876 subvenit
2892 2820 3115 2876 crimine
3148 2821 3368 2891 pressis,

2117 2910 2424 2979 llospitibus
2452 2909 2615 2981 largae
2649 2908 2835 2963 tribuit
2864 2924 2963 2963 sua
2994 2907 3225 2979 pignora
3254 2924 3474 2975 mtnsae,

2117 2998 2309 3053 Omnia
2340 2997 2516 3055 divine
2541 2998 2726 3068 gessit,
2762 2997 2849 3068 pia
2884 3012 3112 3052 munera
3138 2997 3323 3067 jussit,

2117 3088 2238 3141 Non
2267 3086 2427 3141 alicui
2458 3087 2660 3154 nocuit,
2694 3102 2802 3141 non
2843 3101 3079 3157 unquam
3109 3084 3281 3139 aliena
3308 3084 3529 3155 cupivit,

2115 3174 2200 3231 Illi
2238 3175 2571 3229 exsultantes
2601 3174 2801 3229 divinis
2831 3173 3080 3229 laudibus
3118 3188 3326 3238 omnes,

2120 3264 2510 3334 Ilortantesque
2540 3263 2698 3317 simul
2728 3263 2961 3317 referunt
2999 3262 3063 3316 ad
3105 3261 3285 3316 sidera
3324 3277 3505 3327 voces,

2117 3351 2413 3407 Psallentes
2442 3353 2670 3408 Domino
2708 3351 2984 3406 celebrant
3022 3367 3113 3421 per
3153 3350 3347 3422 gaudia
3376 3358 3588 3424 grates,

2114 3439 2511 3512 lnnocuamque
2538 3441 2677 3495 viam
2708 3438 2914 3495 nuntiis
2942 3438 3325 3495 comitantibus
3352 3439 3531 3494 ibunt.

2733 3578 2960 3633 CAPUT
2997 3578 3095 3632 IX.

2188 3704 2314 3760 Ilaec
2344 3711 2628 3776 postquam
2661 3704 2920 3759 Dominus
2950 3703 3121 3759 felicia
3150 3702 3293 3757 dona
3326 3704 3555 3774 peregit,

2117 3796 2186 3851 Et
2214 3794 2411 3865 pariter
2435 3795 2612 3863 justos
2641 3802 2837 3849 aeterna
2870 3793 2923 3846 in
2953 3809 3123 3865 regna
3151 3791 3357 3847 remisit
3382 3808 3398 3857 ;

2118 3884 2252 3939 Tum
2284 3880 2587 3938 miseranda
2618 3886 2778 3948 venit,
2814 3883 3001 3953 lugens
3029 3898 3126 3938 sua
3154 3882 3379 3936 crimina
3407 3880 3584 3946 turba,

2118 3972 2363 4029 Effundit
2392 3972 2629 4044 gemitus
2659 3972 2907 4041 lacrymls
2934 3971 3209 4025 arentibus
3238 3986 3447 4038 omnes,

2122 4063 2189 4117 Et
2227 4078 2321 4115 sua
2354 4068 2575 4116 testatur
2616 4060 2822 4115 crebris
2853 4059 3141 4115 ululatibus
3168 4066 3305 4123 acta,

425 4142 644 4203 I095
694 4146 1083 4217 Eternumque
1157 4148 1330 4204 virent
1376 4148 1505 4204 solm
1572 4149 1690 4206 sine
1749 4150 2012 4223 grandine
2048 4115 2090 4191 ο
2124 4151 2392 4205 Flammas
2420 4164 2518 4222 pro
2549 4149 2771 4217 meritis,
2806 4150 3105 4220 stagnantia
3136 4150 3237 4203 tela
3269 4149 3603 4204 tremiscunt.

423 4235 581 4290 Nulla
600 4235 794 4291 cadunt
823 4234 972 4299 folia,
992 4243 1046 4291 et
1064 4236 1207 4292 nullo
1228 4237 1327 4293 ﬂos
1356 4247 1594 4309 tempore
1625 4238 1770 4295 defit.
1805 4240 2008 4312 [sylvau

422 4323 548 4380 Flos
579 4338 794 4397 quoque
821 4324 975 4380 ﬂoret
1004 4325 1080 4380 ibi
1114 4327 1337 4392 rubeus,
1368 4342 1465 4382 cen
1504 4344 1741 4398 purpura
1766 4329 1938 4394 Tarsi,

418 4411 545 4468 Flos
573 4411 680 4478 hic,
729 4414 912 4480 credo,
946 4429 1071 4471 rosa
1118 4423 1220 4481 est,
1254 4415 1421 4472 rubor
1453 4426 1611 4486 atque
1642 4418 1775 4474 odor
1802 4433 1923 4473 acer
1955 4417 2007 4472 in

1848 4505 2006 4576 Ιίρεο,

2121 4239 2357 4309 Corripit
2393 4238 2671 4310 angeticus
2710 4247 2904 4303 ccetus,
2937 4237 3298 4310 prohibetque
3338 4237 3567 4307 precari,

2121 4329 2187 4381 Et
2216 4328 2466 4399 prohibet
2493 4343 2641 4382 seras
2670 4328 2953 4383 clamando
2983 4326 3205 4381 fundere
3236 4340 3423 4395 voces;

2120 4418 2341 4473 Sublata
2379 4416 2555 4486 venia,
2588 4416 2814 4471 fundum
2839 4414 3111 4486 jaciunlur
3138 4414 3192 4468 in
3222 4414 3410 4470 imum.

2116 4506 2162 4563 O
2192 4505 2391 4576 miseri,
2425 4506 2642 4577 quoties
2672 4507 2922 4575 majestas
2952 4504 3170 4576 cognita
3201 4503 3383 4561 vobis!

1818 4656 2315 4721 Commentarius.

491 4816 611 4887 (’78)
645 4817 776 4873 Inde
833 4818 980 4873 nitet
1030 4815 1316 4888 prasinus,
1350 4825 1455 4888 etc.
1488 4813 1804 4884 Appellalur
1840 4815 2009 4870 Plinio

421 4886 670 4961 prasius,
715 4888 828 4942 sive
877 4888 953 4943 uti
982 4886 1173 4961 auctor
1227 4886 1565 4959 :prasinus,
1598 4901 1628 4961 c
1676 4902 2009 4959 gemmarum

420 4958 767 5031 viridantium
797 4973 1015 5031 genere,
1049 4958 1160 5031 lib._
1190 4958 1413 5031 xxxv",
1444 4974 1564 5031 cap.
1600 4960 1629 5009 8
1668 4970 1766 5031 :_at
1817 4961 2011 5031 prasi-

424 5045 535 5085 nus
566 5027 822 5084 colorem'
850 5028 1071 5084 viridem
1119 5028 1403 5098 signiﬁcat.
1465 5028 1545 5082 De
1586 5027 1929 5086 carbunculo
1958 5036 2013 5087 et

421 5100 718 5170 smaragdo
766 5100 888 5155 vide
918 5116 1079 5171 supra
1127 5100 1223 5155 lib.
1276 5116 1336 5165 ιι,
1386 5100 1510 5154 adu.
1557 5100 1719 5157 Marc.
1771 5118 1888 5171 cap.
1926 5107 2012 5169 10,

421 5186 567 5227 num.
601 5174 688 5226 64.

492 5242 607 5313 (79)
638 5244 736 5299 Hic
769 5246 821 5301 et
853 5242 1146 5315 odoriferis
1178 5246 1789 5313 nascunturcynnama
1824 5243 2013 5314 virgis,

424 5316 493 5387 Et
553 5316 729 5387 spisso
781 5316 978 5371 [cetum
1015 5318 1154 5387 folio
1203 5316 1511 5387 conﬂagrnt
1552 5331 1859 5387 amomum,
1910 5324 2016 5368 etc.

424 5383 715 5443 Auctorem
738 5402 845 5442 non
873 5383 1032 5441 modo
1064 5386 1116 5440 in
1142 5383 1351 5440 caeteris
1375 5383 1532 5451 hujus
1553 5385 1763 5453 capitis,
1796 5386 1889 5437 sed
1914 5400 2021 5437 ma-

428 5456 570 5513 xime
620 5458 674 5514 in
707 5460 808 5513 hoc
856 5458 975 5514 loco
1004 5456 1218 5512 videtur
1267 5454 1500 5509 imitatus
1559 5455 1864 5511 Lactantius
1890 5470 2017 5513 car-

427 5527 570 5585 mine
600 5529 668 5586 de
701 5529 989 5624 Pbaenice,’
1008 5528 1098 5585 ubi
1126 5526 1259 5585 dixit
1289 5543 1303 5582 :

2240 4813 2728 4925 CZ‘nnamatdehine,
2752 4827 3027 4877 auramque
3052 4814 3232 4876 procul
3263 4810 3510 4875 spirantis
3530 4810 3721 4859 amomi

2319 4889 2491 4925 onaerz

2319 4889 2577 4925 onaeru...

2274 4891 2378 4925 L011
2414 4891 2577 4925 ενα...

2119 4940 2199 4993 De
2241 4891 2520 5011 eynnglimo
2565 4954 2714 5003 vero,
2747 4940 2860 4995 sive
2908 4954 3285 5011 cynnamomo,
3315 4936 3436 5011 vide
3480 4933 3721 5011 Plinium

2121 5011 2215 5066 lib.
2248 5008 2397 5078 nixu,
2426 5027 2548 5080 cap.
2584 5014 2667 5065 I9.
2704 5014 2782 5066 De
2812 5008 3031 5068 amento
3066 5010 3311 5081 ejusdem
3343 5010 3438 5063 lib.
3470 5022 3589 5075 cap.
3628 5008 3725 5060 l3.

2121 5082 2536 5137 Emendavimus
2562 5098 2702 5154 vero
2742 5084 3121 5154 virentesque,
3161 5093 3266 5138 etc.
3306 5095 3515 5145 ramos,
3557 5092 3655 5147 pro
3705 5091 3721 5128 ἒ

2122 5155 2494 5225 viventesque,
2528 5153 2682 5209 sicuti
2718 5164 2837 5224 post
2872 5153 3077 5226 aliquot
3106 5154 3272 5208 lineas
3305 5168 3320 5209 :

2276 5240 2337 5290 Et
2370 5242 2578 5304 pulchre
2611 5242 2805 5291 redolet
2837 5256 3018 5292 munus
3052 5240 3345 5291 medicabile
3382 5239 3560 5295 Cretas,

2126 5330 2222 5384 pro
2263 5332 2276 5368 :
2319 5315 2577 5370 Pulchra:
2623 5316 2913 5381 redolent;
2959 5314 3045 5370 ubi
3086 5314 3267 5369 alludit
3317 5313 3380 5366 ad
3414 5310 3726 5384 herbarum

2132 5382 2479 5443 Cretensium
2510 5386 2655 5441 varia
2683 5403 2900 5458 genera,
2934 5403 3160 5453 quorum
3192 5385 3244 5438 in
3285 5382 3564 5458 medicinis
3588 5396 3734 5458 usus

2128 5464 2210 5511 est
2255 5458 2601 5527 praecipuus,
2655 5448 2840 5529 utpote
2884 5448 3027 5529 quod
3078 5457 3133 5512 in
3181 5472 3247 5512 ea
3291 5453 3464 5511 insula
3511 5448 3730 5506 nullum

2129 5537 2450 5585 venenatum
2479 5527 2730 5585 nascatur
2753 5527 2967 5584 animal.
