4058 6172
325 372 465 434 1153

322 499 568 555 Audistis
597 499 822 566 sonitus,
853 497 1060 555 vidistis
1089 496 1306 570 fulgura
1335 497 1485 564 cmli,

323 585 585 640 Assiduas
613 586 841 657 pluvias,
873 593 1153 643 ventorum
1184 595 1237 640 et
1265 585 1544 657 grandinis
1573 585 1683 640 iras

323 674 569 745 Experti!
602 674 812 745 quoties
840 683 1125 744 noctesque
1154 673 1382 745 diesque
1418 673 1596 730 sereni
1621 736 1627 740 θ

322 764 592 834 Tempora
616 761 926 818 foecundant
954 763 1190 834 pulchris
1219 762 1321 818 Dei
1357 777 1587 819 munera
1615 759 1794 825 donis,

324 851 734 923 Vernabantque
765 867 922 917 rosae,
950 851 1169 923 frugum
1200 868 1302 909 nec
1334 850 1510 908 defuit
1539 857 1721 917 aestas,

324 942 628 994 Autumnus
648 941 797 996 varie
819 939 1073 996 fundebat
1099 941 1283 996 mollia
1303 955 1483 1010 poma,

329 1027 366 1081 I
378 1025 558 1082 096
569 1028 776 1098 Aspera
791 1030 982 1098 hyems
995 1028 1243 1100 quamvis
1263 1027 1519 1100 glaciales
1537 1025 1698 1098 fregit
1710 1024 1908 1088 olivas;

323 1117 525 1172 Cuncta
553 1117 696 1171 Deus
725 1116 936 1187 tribuit,
960 1117 1178 1173 bonitas
1191 1133 1291 1172 nec
1319 1117 1490 1172 defuit
1518 1118 1657 1186 ejus,

319 1204 486 1260 Terra
513 1206 687 1260 Deum
723 1204 972 1270 tremuit,
991 1214 1188 1274 pontus
1217 1204 1285 1260 de
1313 1219 1447 1261 voce
1473 1202 1736 1276 pependit

319 1293 384 1346 Et
404 1291 599 1348 ﬂuvius
619 1291 790 1348 siccas
821 1292 1063 1364 trepidus
1093 1292 1288 1366 refugit
1321 1307 1552 1363 arenas;

319 1381 383 1435 Et
410 1381 660 1453 genitura
689 1382 862 1436 Deum
883 1382 1088 1453 quaevis
1115 1398 1211 1453 per
1240 1393 1432 1439 cuncta
1463 1381 1697 1449 fatetur;

319 1467 430 1524 Vos
459 1469 663 1542 miseri,
695 1469 986 1526 Dominum
1015 1470 1138 1526 caeli
1171 1479 1438 1544 terraeque
1467 1476 1731 1543 negastis,

317 1558 702 1632 Praeconesque
731 1560 827 1615 Dei
856 1560 1233 1633 (horrendum)
1262 1575 1405 1631 saepe
1432 1557 1682 1631 fugastis,

317 1647 384 1704 Et
413 1649 585 1718 justos
613 1649 796 1720 potius
818 1648 1023 1706 crudeli
1046 1650 1192 1706 caede
1219 1649 1473 1719 necastis,

318 1737 388 1792 Et
415 1737 563 1793 fraus
585 1739 640 1792 in
670 1739 823 1795 vobis
852 1746 975 1808 post
1001 1737 1202 1795 crimen
1234 1754 1450 1809 semper
1479 1734 1715 1792 inhaesit.

317 1825 467 1894 Ergo
500 1826 754 1881 sementis
782 1825 1013 1882 fructum
1041 1827 1258 1899 capietis
1277 1827 1510 1899 iniqua:

316 1913 552 1968 Nescitis
580 1931 720 1981 esse,
744 1915 1027 1988 Deumque
1050 1925 1228 1972 tamen
1257 1915 1434 1972 ridere
1460 1914 1680 1981 soletis;

316 2001 469 2055 Ibitis
498 2003 552 2057 in
582 2004 831 2059 tenebras
861 2004 999 2075 ignis
1029 2013 1080 2060 et
1109 2005 1389 2078 sulphuris
1409 2004 1564 2072 altas,

313 2086 536 2142 Passuri
563 2090 1000 2161 ardentesjustas
1026 2093 1075 2131 33
1101 2093 1431 2150 cruciatibus
1459 2093 1587 2160 iras,

313 2175 548 2230 ΛΕΜ-ηεξ
567 2176 718 2232 Deus
734 2193 859 2232 ossa
875 2180 1028 2247 jubet
1055 2181 1378 2237 descendere
1409 2197 1604 2252 pinnat,

312 2264 396 2320 Ire
417 2265 517 2319 sub
545 2266 794 2322 ardorem
817 2268 1020 2323 rabida
1041 2269 1160 2324 sine
1191 2269 1296 2327 fine
1323 2272 1607 2344 gehennae,

314 2353 505 2426 Urgeri
535 2354 729 2410 molem
758 2371 855 2426 per
883 2366 1078 2428 stagna
1110 2357 1337 2412 rotantia
1361 2358 1613 2425 ﬂammae,

312 2444 372 2497 In
404 2441 780 2516 ﬂammamque
806 2444 957 2514 jubet
986 2445 1229 2501 converti
1287 2445 1552 2500 elementa
1595 2444 1905 2510 minantem,

311 2531 485 2604 Atque
506 2548 720 2588 omnem
750 2535 872 2589 coeli
899 2533 1236 2590 descendere
1253 2534 1490 2591 nubibus
1511 2533 1713 2606 ignem.

931 2623 1161 2679 CAPUT
1199 2624 1274 2680 X.

381 2709 525 2766 Tunc
553 2711 741 2766 avidus
770 2712 956 2782 rapido
986 2721 1069 2768 est
1097 2713 1338 2769 inclusus
1371 2719 1595 2768 tartarus
1613 2710 1764 2785 igne,

315 2800 490 2872 Atque
510 2801 1048 2870 procellosisﬂamma
1086 2802 1229 2857 intus
1258 2801 1481 2858 ﬂuctuat
1511 2800 1693 2865 undis,

315 2889 549 2962 Totaque
569 2898 838 2947 vertentes
866 2890 1152 2948 confundit
1191 2897 1332 2947 terra
1372 2890 1598 2947 favillas.

311 2978 614 3036 Flammeus
642 2990 726 3037 est
753 2981 961 3050 sulcus,
994 2982 1186 3038 dentes
1212 2989 1494 3037 vertuntur
1523 2978 1688 3050 acuti,

309 3065 573 3122 Omnibus
608 3078 663 3124 et
701 3077 912 3125 torrens
941 3069 1235 3125 armabitur
1255 3069 1452 3144 igneus
1475 3068 1653 3123 annis.

307 3156 518 3228 [mpetu
547 3156 597 3194 34
628 3163 859 3212 tartareo
883 3156 1134 3213 frondent
1155 3157 1402 3213 incendia
1424 3156 1650 3222 mundo,

306 3245 421 3300 Illic
451 3245 710 3316 praecipiti
730 3261 894 3302 cursu
923 3247 1260 3302 torrenturin
1281 3255 1436 3314 aestu,

308 3335 443 3389 Hinc
463 3333 695 3404 fugiunt,
717 3334 868 3390 illinc
895 3352 1059 3391 cursu
1087 3336 1398 3391 referuntur
1426 3343 1618 3404 acuto;

307 3424 481 3482 Obvia
510 3424 566 3478 ﬁt
591 3439 744 3481 saevae
761 3423 991 3480 ﬂamma;
1024 3423 1346 3496 fugientibus
1373 3425 1472 3492 ira,

307 3513 736 3584 Agnoscuntquc
766 3530 915 3569 suam
930 3515 1041 3584 jam
1065 3522 1178 3568 tum
1200 3515 1266 3569 de
1284 3513 1510 3570 crimine
1537 3531 1778 3587 poenam.

303 3603 536 3672 Jamque
555 3617 690 3672 vaga
719 3618 750 3655 a
781 3601 928 3658 nullo
961 3603 1114 3657 tellus
1143 3618 1393 3673 possessa
1446 3604 1660 3671 colono,

305 3690 561 3763 Equoris
576 3698 817 3746 extremo
838 3706 1028 3762 pressa
1057 3701 1110 3747 et
1137 3692 1240 3747 sub
1277 3690 1384 3748 fine
1412 3692 1703 3764 profundo,

305 3779 425 3848 Qua
454 3779 536 3836 sol
567 3795 788 3837 emenso
819 3781 975 3836 radio
995 3779 1560 3852 disterminatorbem,

306 3867 372 3922 Et
399 3883 507 3940 qua
535 3875 806 3924 transacto
827 3869 1132 3924 conduntur
1172 3868 1352 3924 sidera
1377 3871 1614 3940 mundo;

305 3955 494 4011 Ether
521 3955 721 4029 gliscit,
751 3958 880 4012 atris
911 3957 1161 4012 obstrusa
1191 3957 1308 4012 luce
1339 3957 1592 4026 tenebris,

306 4045 509 4102 Ultima
537 4045 760 4103 secretis
779 4053 1028 4119 stagnant
1049 4045 1377 4101 ﬂammantia
1400 4047 1551 4104 rivis.

304 4133 375 4189 Et
404 4141 596 4191 natura
615 4133 720 4190 loci
748 4134 972 4206 signatis
1011 4134 1172 4207 ignea
1191 4135 1394 4205 poenis,

301 4221 639 4295 Infernisque
668 4221 822 4294 palus
843 4223 1083 4278 candens
1112 4223 1398 4278 ardoribus
1417 4231 1588 4278 atrox.

307 4310 526 4367 Intonat
553 4310 817 4368 horriﬁcis
836 4311 1042 4368 facinus
1061 4313 1277 4384 poenale
1306 4311 1554 4383 caminis,

303 4401 530 4469 Estuat,
556 4410 610 4456 et
636 4401 840 4472 rapitur
869 4401 977 4457 lato
1008 4402 1076 4457 de
1113 4400 1315 4458 vortice
1345 4400 1594 4470 ﬂammae,

303 4488 364 4543 In
394 4496 659 4545 tormenta
688 4506 871 4559 ruens,
901 4491 1177 4562 ﬂuctuque
1205 4497 1259 4546 et
1278 4490 1489 4563 gurgite
1515 4505 1679 4562 saevo,

302 4577 540 4633 Turbida
571 4594 784 4636 caenoso
813 4579 981 4635 fundo
1001 4581 1253 4636 miscetur
1279 4592 1465 4635 arena;

304 4666 423 4723 Huc
451 4668 661 4739 captiva
697 4684 920 4742 gemens
948 4668 1188 4724 mittetur
1218 4669 1373 4724 turba
1403 4669 1690 4735 malorum,

304 4755 682 4832 Arsurumque
713 4757 890 4814 nefast
919 4757 1165 4815 scelerati
1183 4758 1428 4830 corporis
1447 4775 1662 4834 agmen,

1362 368 1700 430 APPENDIX
1738 367 1780 430 ι.
1807 399 1881 412 -
1923 365 2006 426 DE
2039 362 2291 426 JUDICIO
2327 362 2577 428 DOMINI.

1946 509 1992 588 Α
2023 493 2254 564 Magnus
2276 493 2509 566 plangor
2531 493 2608 550 ibi
2641 492 2824 549 luctus
2851 493 3096 550 sociante
3116 497 3304 567 boatu,

3475 374 3612 434 1154

2024 584 2088 640 Et
2116 582 2312 639 stridor
2341 582 2580 650 rabidus,
2613 582 2854 640 ululatus
2884 591 2939 639 et
2970 584 3092 640 inde
3109 587 3412 644 dolentum.

2020 673 2322 742 Exsurgent
2348 670 2682 742 flammaeque
2712 674 2928 742 procul,
2961 683 3220 746 artusque
3245 674 3451 746 sonori,

2021 761 2172 832 Ignis
2199 760 2499 814 inardescet
2524 759 2862 832 gemitusque
2894 762 3093 819 feretur
3113 763 3178 817 ad
3205 780 3387 833 auras,

2021 851 2172 905 Tunc
2189 850 2422 904 humana
2447 849 2576 902 mali
2599 849 2791 916 pendet
2817 851 3102 908 commissa
3134 868 3399 926 propago,

2021 938 2355 1010 Incipietque
2385 953 2513 994 suas
2541 938 2610 992 ad
2635 937 2831 993 caelum
2862 940 3084 996 tendere
3103 942 3332 1014 palmas,

2019 1029 2084 1081 Et
2115 1026 2400 1082 Dominum
2426 1033 2554 1081 tunc
2593 1041 2752 1081 nosse
2797 1027 2959 1100 volet,
2983 1044 3143 1101 quem
3181 1044 3344 1086 nosse
3387 1031 3609 1088 volebat

2019 1121 2190 1173 Antea
2218 1131 2346 1182 non,
2369 1131 2488 1171 cum
2521 1130 2679 1170 nosse
2711 1115 2818 1170 illis
2847 1115 2986 1173 foret
3003 1117 3132 1173 utile
3156 1126 3368 1190 tempus
3399 1140 3419 1188 ,-

2020 1205 2133 1261 Illic
2153 1205 2378 1277 quisque
2406 1221 2520 1261 suae
2548 1203 2886 1276 proﬁtebitur
2903 1205 3070 1263 effera
3105 1206 3250 1272 vitae,

2023 1293 2359 1364 lujustasque
2378 1311 2587 1362 manus,
2620 1305 2675 1350 et
2703 1309 2861 1351 saevae
2889 1295 3117 1351 crimina
3136 1296 3349 1363 mentis,

2022 1382 2412 1456 Horrescetque
2435 1399 2548 1440 suae
2562 1400 2684 1456 qua:
2711 1383 2944 1440 moverit
2972 1385 3139 1458 impia
3168 1387 3313 1444 vitai.

2020 1471 2140 1525 Jam
2171 1472 2400 1542 primum
2429 1472 2760 1544 quicumque
2800 1473 2976 1529 Deum
3018 1474 3156 1530 male
3200 1474 3430 1532 senserit
3459 1483 3603 1542 ante,

2022 1559 2089 1614 Et
2115 1576 2252 1629 vaga
2281 1561 2509 1616 mentito
2529 1562 2790 1617 coluisset
2822 1563 3042 1619 numine
3069 1578 3217 1629 saxa,

2027 1646 2248 1704 I097
2273 1647 2450 1720 Atque
2479 1649 2820 1706 cruentiferis
2843 1651 3013 1724 signis
3041 1653 3330 1708 sacraverit
3360 1667 3500 1717 aras,

2014 1739 2082 1794 Et
2110 1738 2400 1810 picturatas
2429 1737 2606 1794 timuit
2635 1738 2752 1794 sine
2783 1755 2922 1796 voce
2953 1739 3169 1811 ﬁguras,

1938 1823 1981 1900 Β
2012 1828 2090 1883 Ac
2121 1829 2234 1883 falsi
2269 1836 2458 1884 tenues
2488 1838 2780 1884 veneratus
2810 1829 3051 1885 numinis
3079 1831 3318 1895 umbras,

2017 1917 2080 1972 Et
2110 1931 2479 1988 quoscumque
2508 1915 2682 1970 malus
2709 1916 2922 1972 seduxit
2951 1918 3197 1989 protinus
3217 1933 3390 1974 error.

2018 2005 2076 2060 Si
2104 2006 2225 2078 quis
2253 2004 2463 2060 adulter
2482 2003 2685 2074 erat,'si
2717 2015 2872 2061 natos
2907 2022 3038 2063 ense
3076 2014 3310 2076 necarat,

2019 2095 2077 2150 Si
2124 2101 2306 2166 raptor
2329 2101 2610 2165 grassatus
2638 2102 2775 2160 erat,
2801 2093 2847 2148 si
2879 2094 3064 2150 fraude
3092 2095 3316 2152 clientes

2017 2182 2330 2248 Distulerat,
2367 2183 2410 2238 si
2443 2191 2626 2238 mente
2656 2197 2852 2253 parum
2881 2189 3132 2240 versatus
3169 2184 3380 2256 amica;

2017 2271 2141 2327 Sive
2189 2287 2313 2326 suas
2357 2270 2633 2326 hominum
2707 2272 3001 2328 macularat
3059 2273 3324 2346 sanguine
3379 2273 3602 2346 palmas,

2016 2359 2364 2414 Miscueratve
2395 2359 2667 2428 latebrosa
2698 2358 2744 2412 si
2780 2367 2954 2414 morte
2982 2375 3274 2431 venenum,

2017 2451 2124 2504 Aut
2153 2446 2198 2502 si
2226 2447 2449 2504 vestitus
2469 2448 2726 2504 scelerato
2757 2457 2978 2519 pectora
2992 2447 3137 2514 fuco,

2016 2537 2142 2592 Sive
2170 2536 2311 2593 malo
2341 2535 2583 2602 alterius,
2618 2535 2766 2592 lucro
2797 2545 2852 2592 et
2878 2537 3145 2610 gaudebat
3173 2537 3359 2610 iniquo
3389 2559 3406 2611 ;

2016 2626 2246 2682 Admisit
2271 2625 2591 2696 quicumque
2610 2625 2762 2680 nefas
2792 2626 3170 2698 quodcumque
3197 2628 3460 2684 malorum
3493 2647 3509 2700 ς

2017 2714 2216 2789 Ingens
2242 2714 2404 2770 ardor
2434 2731 2578 2781 eum,
2597 2721 2757 2785 atque
2778 2714 2920 2788 ignis
2948 2715 3224 2788 torquebit
3252 2730 3486 2772 amarus.

2020 2803 2470 2875 Suppliciumque
2500 2803 2704 2856 dabunt
2733 2803 3026 2873 peracerbo
3060 2802 3251 2857 funere
3269 2805 3466 2860 cuncti.

2018 2891 2250 2947 Plurima
2270 2891 2347 2947 sic
2372 2891 2656 2947 hominum
2683 2899 3005 2949 maerentum
3034 2892 3190 2949 turba
3213 2891 3430 2961 jacebit.

2639 2979 2870 3036 CAPUT
2898 2980 2996 3036 XI.

2088 3070 2204 3125 Hoc
2225 3067 2432 3140 quoties
2462 3067 2592 3123 olim
2612 3069 2783 3124 sancti
2797 3069 3045 3126 cecinere
3071 3073 3370 3145 prephelae,

2015 3155 2165 3211 Flatn
2181 3165 2235 3212 et
2256 3171 2401 3227 saepe
2417 3156 2514 3211 Dei
2547 3157 2730 3212 moniti
2759 3157 2946 3214 dixere
2974 3160 3153 3216 futura
3187 3179 3202 3227 ;

2011 3245 2184 3301 Nemo
2237 3259 2364 3300 suas
2389 3245 2692 3316 (miserum)
2723 3262 2904 3313 nemo,
2943 3247 3078 3303 eheu
3114 3250 3126 3303 !
3163 3250 3392 3320 praebuit
3421 3266 3598 3307 aures.

2013 3335 2120 3392 Sed
2150 3337 2295 3392 Deus
2316 3336 2659 3409 omnipotens
2687 3337 2858 3393 voluit
2896 3353 2993 3392 sua
3019 3341 3240 3409 praemia
3267 3342 3441 3407 nosci,

2014 3425 2192 3496 Atque
2221 3423 2393 3480 minas
2426 3423 2612 3494 positae
2633 3441 2727 3494 per
2755 3424 2985 3494 plurima
3015 3425 3138 3480 talia
3167 3426 3323 3500 legis.

2014 3511 2271 3568 Mittendo
2299 3512 2483 3568 statuit
2511 3512 2710 3584 plures,
2743 3521 2798 3568 et
2823 3514 2989 3568 verba
3019 3521 3278 3570 sonantes

2015 3601 2237 3669 Divina;
2264 3600 2576 3674 excitosque
2602 3601 2754 3670 jubet
2779 3601 2998 3672 prodire
3026 3603 3288 3672 sepulcris

2015 3689 2230 3758 Secum,
2272 3705 2392 3744 cum
2423 3689 2590 3744 fracto
2622 3697 2932 3746 surrexerat
2960 3691 3078 3762 ipse
3106 3693 3378 3762 sepulcro.

2014 3776 2356 3850 Obstupuere
2403 3778 2621 3849 quidem
2676 3779 2856 3849 plures
2913 3781 3158 3850 patuisse
3215 3781 3487 3854 sepulcra,

2015 3867 2084 3922 Et
2112 3868 2262 3924 cerni
2291 3868 2343 3922 in
2364 3867 2506 3923 clara
2526 3877 2852 3939 pramortua
2879 3883 3110 3941 corpora
3139 3869 3288 3944 luce;

2016 3957 2298 4029 Miratique
2317 3959 2438 4028 pios
2468 3971 2772 4025 sermones,
2804 3957 2983 4015 dulcia
3012 3957 3178 4025 dicta,

1962 4106 1967 4110 ,
2016 4046 2139 4117 Ipsa
2165 4062 2298 4103 voce
2315 4061 2442 4101 suas
2465 4048 2690 4102 tendunt
2720 4047 2786 4101 ad
2817 4047 2999 4104 sidera
3029 4049 3256 4119 palmas,

2021 4133 2418 4206 Gratanturque
2447 4136 2586 4203 Deo,
2610 4143 2663 4189 et
2686 4135 2880 4191 victori
2912 4136 3036 4191 talia
3055 4137 3288 4202 Christo,

2015 4223 2142 4279 Illos
2169 4238 2279 4278 non
2301 4224 2536 4279 tumulos
2563 4231 2768 4279 certum
2789 4231 2873 4278 est
2900 4223 3163 4294 repetisse
3183 4224 3425 4289 silentes,

2021 4311 2263 4383 Amplius
2285 4320 2377 4367 aut
2405 4319 2563 4367 terrm
2593 4312 2808 4368 retineri
2835 4312 3046 4368 viscere
3075 4313 3290 4367 clausos
3320 4332 3336 4382 ;

2019 4402 2248 4472 Reliqua
2280 4402 2374 4456 sed
2405 4401 2623 4457 recubat
2651 4416 2796 4458 nunc
2819 4403 2976 4457 turba
3001 4401 3412 4458 cubilibusimis
3443 4421 3460 4471 ;

2023 4489 2354 4548 I098ﬂle
2389 4491 2503 4547 dies
2537 4490 2732 4557 donec,
2766 4490 3034 4560 completo
3063 4498 3329 4562 tempore,
3372 4507 3604 4563 magnus

2016 4581 2101 4640 Ad
2109 4581 2284 4636 veniat
2313 4597 2324 4633 :
2342 4580 2532 4636 Cuncti
2544 4581 2832 4636 Dominum
2843 4577 2960 4649 jam
2973 4579 3252 4651 agnoscite
3265 4595 3454 4638 verum
3466 4581 3602 4652 (80),

2015 4671 2121 4740 Qui
2147 4671 2297 4726 solus
2324 4670 2449 4726 facit
2466 4671 2602 4726 hanc
2621 4670 2859 4725 animam
2887 4684 2983 4723 sua
3011 4685 3237 4727 cernere
3255 4670 3397 4742 luce,

2016 4759 2381 4831 Eamdemque
2409 4767 2583 4832 potest
2611 4759 2668 4814 in
2687 4766 2882 4815 tartara
2926 4758 3160 4816 subdere
3193 4759 3390 4832 poenis,

1682 4882 1874 4948 Variae
1919 4887 2235 4949 lectiones.

377 4989 429 5030 33
457 4991 621 5049 Justis
649 4995 893 5064 fortasse
922 4991 1150 5048 melius.
1184 4990 1232 5030 ³4
1261 4991 1461 5048 Annon
1484 4992 1681 5063 potius
1710 4990 1927 5062 impete.

1713 5105 2211 5171 Commentarius.

381 5215 497 5287 (80)
530 5216 737 5272 Cuncti
762 5217 1064 5274 Dominum
1095 5215 1227 5287 jam,
1251 5215 1536 5284 agnoscite
1581 5227 1799 5271 verum.
1831 5241 1903 5255 --

306 5286 651 5360 CaStigamus
677 5302 803 5343 vero
833 5304 936 5343 sua
964 5301 1191 5360 cernere
1213 5286 1355 5354 luce,
1375 5299 1474 5355 pro
1495 5301 1658 5340 suam
1677 5301 1905 5342 cernere

310 5357 522 5414 luserit.
574 5361 611 5414 E
634 5375 782 5415 more
797 5357 1131 5430 suoraccipit
1174 5364 1398 5412 auctor:
1430 5373 1639 5427 quam,
1671 5372 1771 5427 pro
1799 5371 1904 5411 an-

309 5441 555 5501 tequam,
577 5445 702 5488 cum
733 5429 954 5500 subjicit
984 5447 998 5485 :

899 5590 1058 5651 Quam
1091 5588 1331 5639 terminus
1351 5588 1447 5638 aevi

536 5649 1004 5720 Obruatbincaut'os,
1027 5661 1075 5704 et
1093 5653 1263 5704 nescia
1295 5651 1490 5702 lumina
1523 5649 1704 5701 solvat.

2019 5212 2258 5289 Ultimus
2295 5210 2697 5289 iltedies;_ubi
2727 5210 2782 5266 in
2829 5227 2895 5270 eo
2921 5212 3063 5284 quod
3105 5214 3369 5289 sequitur,
3416 5231 3607 5289 emen-

2013 5285 2231 5341 damus:
2266 5285 2469 5360 mortis
2495 5287 2625 5360 quia
2655 5286 2767 5360 tege
2799 5288 3029 5343 tenetur
3049 5302 3148 5356 pro
3178 5285 3293 5360 Elui,
3331 5287 3604 5360 incipien-

2017 5362 2098 5412 tes
2128 5371 2317 5411 novam
2353 5355 2628 5426 periodum
2653 5356 2749 5412 ibi.

2088 5427 2245 5494 Quod
2271 5428 2523 5500 pretium
2550 5433 2823 5501 superest,
2855 5445 3005 5488 certe
3049 5429 3344 5501 invigilate
3389 5429 3572 5501 saluti
3583 5451 3604 5498 ,-

2017 5514 2345 5570 quamquam
2360 5515 2462 5558 vox
2493 5499 2744 5573 pretium
2776 5511 3028 5574 corrupta
3055 5501 3146 5570 sit,
3174 5499 3284 5556 nisi
3313 5499 3608 5575 accipiatur

2016 5586 2116 5641 pro
2146 5587 2400 5644 precum.
