4058 6172
543 338 687 402 1155
1618 330 1707 389 AD
1744 327 2038 390 cauum
2076 323 2517 387 TERTULLIANI
2554 323 2772 387 orans
3312 278 3328 288 ”
3634 338 3737 399 ιιδδ

2165 470 2210 548 Α
2242 452 2373 548 Tum
2394 460 2567 548 rectas
2596 462 2655 548 et
2681 451 2825 548 adite
2861 450 2990 518 vias,
3033 459 3087 548 et
3115 461 3287 548 saneta
3307 463 3484 548 tenete.

2242 542 2378 599 Hinc
2400 541 2538 598 laetis
2571 541 2765 596 animis
2801 556 3022 613 pravum
3050 541 3293 614 depellite
3318 543 3529 603 crimen:

2237 633 2303 688 Et
2332 641 2579 691 concreta
2594 632 2687 687 diu
2716 630 2992 701 proluatur
3018 638 3229 701 pectore
3255 634 3417 703 culpa,

2237 719 2674 791 Commissasque
2698 721 2826 775 mali
2847 720 2994 776 labes
3013 720 3219 777 abolete
3250 722 3504 780 nefandas.

2238 810 2577 883 jEternisque
2599 812 2771 865 Deum
2807 809 3064 881 precibus
3094 810 3292 880 placate
3321 814 3635 875 tremendum.

2239 900 2478 957 Pessima
2517 907 2710 956 cuncta
2740 899 2897 956 bonis
2924 900 3116 956 cedant
3142 901 3375 957 mortalia
3400 903 3539 967 vivis,

2236 990 2303 1045 Et
2325 996 2534 1049 servate
2554 1005 2744 1049 novam
2780 990 3003 1059 jamjam
3033 989 3150 1044 sine
3180 990 3393 1047 crimine
3409 991 3576 1055 vitam,

2238 1078 2603 1150 Incipiantque
2629 1078 2785 1135 bonis
2813 1078 3057 1151 verisque
3083 1093 3381 1135 assuescere
3410 1088 3602 1149 mentes,

2238 1168 2511 1224 Laudibus
2538 1176 2591 1223 et
2632 1167 2814 1224 faciles
2842 1167 3040 1223 divinis
3055 1168 3259 1223 reddite
3277 1184 3449 1226 voces.

534 469 601 523 Et
625 465 711 522 cui
729 470 919 520 cuncta
940 467 1084 534 patet
1112 460 1235 516 vita:
1266 456 1564 529 mortisque
1592 462 1846 527 potestas,

533 558 698 612 Posse
724 554 917 617 Deum,
953 565 1079 606 nam
1118 548 1259 605 velle
1288 556 1369 603 sat
1390 553 1493 611 est,
1528 545 1831 617 factumque
1868 542 2131 616 loquendo

536 644 748 716 Implet,
780 648 836 697 et
855 640 1122 696 obstando
1150 638 1311 710 plane
1342 638 1472 693 nihil
1490 635 1711 708 impedit
1744 634 1913 691 illum.

537 734 631 788 Ille
648 748 802 787 mens
823 731 990 798 solus,
1013 729 1100 785 cui
1130 728 1293 784 credo
1313 726 1561 782 sensibus
1604 724 1746 781 imis.

536 824 608 879 At
638 820 891 896 quoniam
910 821 1021 875 leto
1041 834 1232 875 cursus
1258 817 1594 873 concluditur
1617 814 1811 883 omnis,

539 912 873 983 Quicumque
894 916 976 966 est
1013 908 1196 973 hodie,
1227 922 1405 962 secum
1441 912 1591 978 putet
1610 904 1791 960 omnia
1811 912 2012 973 mente,

537 1004 709 1073 Atque
726 999 845 1056 ideo
875 999 1005 1055 dum
1035 1001 1141 1055 vita
1171 1006 1369 1061 manet,
1412 996 1541 1050 dum
1570 1009 1799 1050 cernere
1819 994 2021 1063 lucem,

537 1091 679 1145 Dum
699 1090 861 1144 vitam
893 1096 1099 1142 mutare
1122 1087 1277 1154 licet;
1314 1101 1475 1156 quam
1506 1082 1767 1140 terminus
1794 1080 1892 1139 aevi

537 1180 746 1238 Obruat
772 1180 1032 1244 incautos,
1064 1186 1119 1233 et
1144 1175 1321 1233 nescia
1352 1174 1555 1230 lumina
1582 1173 1752 1229 solvat

516 1270 771 1327 [Ultimus
790 1268 880 1325 ille
909 1268 1047 1335 dies,
1073 1266 1261 1323 mortis
1290 1263 1418 1337 quia
1440 1264 1561 1337 lege
1582 1270 1833 1328 tenetur;

536 1364 692 1435 Quod
720 1360 953 1437 pretium
982 1363 1248 1429 superest,
1280 1369 1418 1411 carae
1447 1352 1719 1423 invigilate
1747 1350 1923 1418 saluti,

534 1455 604 1510 Et
629 1453 817 1509 faciles
844 1447 1085 1521 certique
1112 1447 1313 1501 bonum
1344 1442 1611 1500 decurrite
1637 1457 1872 1497 cursum.

538 1543 869 1616 Abstergete
897 1537 1004 1610 piis
1049 1534 1339 1592 commissa
1368 1531 1576 1603 piacula
1598 1531 1782 1598 sacris,

539 1634 716 1704 Atque
742 1645 909 1703 vagas
938 1626 1175 1682 nimium
1196 1620 1383 1680 mundi
1407 1621 1574 1677 vitate
1595 1617 1888 1690 procellas;

1184 1871 1755 1993 INCERTI
1810 1867 2506 1991 AUCTORIS
2575 1870 3199 2000 GENESIS.

2241 1257 2329 1313 Sic
2352 1257 2571 1314 meliora
2591 1256 2696 1330 piis
2723 1256 3028 1329 ﬂagrabunt
3054 1258 3233 1313 omnia
3259 1257 3421 1325 vobis,

2237 1347 2327 1403 Sic
2361 1362 2581 1420 quoque
2610 1346 2850 1403 coelestia
2875 1347 3104 1418 capietis
3124 1362 3339 1402 munera
3356 1348 3486 1414 vitae,

2239 1436 2484 1508 Cumque
2515 1437 2632 1492 Deo
2663 1436 2884 1510 longum
2912 1452 3129 1507 semper
3145 1435 3328 1493 vivetis
3355 1437 3407 1493 in
3428 1452 3601 1508 mvum,

2239 1525 2424 1584 Aurea
2443 1525 2637 1583 siderei
2665 1532 2950 1584 cernentes
2987 1525 3187 1598 gaudia
3213 1527 3382 1600 regni.

548 1744 3747 1780 ________________________.__________

2163 2226 2207 2303 Β
2247 2301 2291 2303 η
2327 2211 2500 2303 Quem
2522 2222 2805 2287 postquam
2837 2216 3020 2289 effigie
3052 2216 3360 2279 formatum,
3398 2228 3486 2270 ceu
3516 2226 3598 2267 sua
3638 2210 3683 2303 αξ
3699 2209 3756 2303 vi-

2242 2301 2459 2358 Metitur
2488 2303 2532 2343 ιιι
2556 2303 2734 2360 solum
2764 2307 3045 2363 mordaces
3066 2306 3280 2363 solvere
3299 2319 3462 2359 curas.
3671 2296 3756 2368 [(Ιὶιι

2241 2388 2410 2448 lllicet
2429 2391 2636 2465 irriguo
2665 2396 2935 2463 persuadit
2964 2394 3175 2450 lumina
3201 2408 3407 2457 somno,

2240 2480 2452 2537 Mollius
2488 2489 2547 2538 ut
2574 2483 2721 2539 vulsa
2749 2482 3007 2539 formetur
3038 2482 3243 2539 femina
3277 2490 3442 2545 costa,

2239 2569 2420 2642 Atque
2449 2577 2600 2627 artus
2629 2572 2798 2627 mixtu
2846 2572 3068 2645 gemino
3109 2571 3402 2629 substantia
3431 2568 3603 2623 firmet.

2238 2658 2442 2716 Inditur
2460 2670 2508 2716 et
2541 2676 2743 2716 nomen
2772 2661 2915 2731 vitae,
2944 2662 3091 2734 quod
3114 2663 3313 2719 dicitur
3332 2660 3458 2717 Eva.

2238 2745 2575 2821 Quapropter
2602 2749 2712 2805 nati
2738 2750 2986 2824 linquunt
3006 2749 3072 2807 dc
3112 2758 3288 2808 morte
3317 2754 3571 2822 parentes.

2237 2838 2683 2913 Conjugibusque
2713 2840 2826 2895 suis
2854 2840 3046 2910 positis
3066 2857 3198 2897 cum
3218 2841 3434 2895 sedibus
3450 2838 3655 2892 luerent:

2239 2926 2479 2998 Septima
2507 2929 2723 3001 quando
2745 2929 2886 2986 Deus
2906 2929 3194 3000 factorum,
3212 2928 3317 2987 fine
3329 2928 3535 3001 quievit,

2237 3017 2453 3072 Sacrata
2491 3026 2732 3075 statuens
2760 3019 2971 3075 venturi
2999 3021 3205 3092 gaudia
3230 3021 3279 3059 ¹ι²
3299 3017 3437 3075 smcli
3475 3035 3491 3085 ;

2231 3106 2398 3162 Illicet
2423 3107 2703 3179 :cxhibitus
2722 3108 3051 3164 animantum
3062 3125 3132 3166 ex
3154 3109 3345 3166 ordine
3371 3104 3547 3170 turbis,

2235 3196 2448 3253 Viritim
2479 3196 2527 3235 ίι²
2561 3198 2770 3254 cunctis
2798 3213 2995 3254 nomen
3021 3198 3178 3269 quod
3201 3203 3473 3271 permanet
3500 3192 3634 3259 indit,

2234 3285 2427 3339 Adami
2445 3301 2475 3340 a
2502 3286 2731 3343 Domino
2761 3287 2959 3343 donata
2973 3287 3203 3343 scientia
3239 3289 3290 3326 ἀει
3306 3287 3489 3345 solers.

2233 3373 2411 3442 Quem
2437 3375 2588 3431 Deus
2611 3376 2866 3449 alloquio,
2897 3377 3143 3447 junctam
3172 3378 3428 3449 dignatur
3455 3382 3505 3432 et
3532 3371 3694 3427 Evam:

2235 3463 2469 3520 Crescite
2484 3464 2802 3521 multimodo
2830 3473 3055 3523 ventura
3087 3466 3146 3521 in
3169 3477 3414 3538 tempora
3434 3472 3600 3536 partu.

2234 3553 2305 3610 Ut
2334 3554 2493 3625 polus
2512 3564 2563 3610 et
2591 3556 2767 3627 plenae
2786 3564 2966 3612 vestro
2996 3555 3107 3611 sint
3138 3556 3383 3630 germine
3413 3562 3578 3616 terrae,

2232 3643 2593 3715 Haeredesque
2623 3644 2747 3712 mei,
2771 3645 2947 3703 varios
2973 3645 3250 3718 decerpite
3272 3645 3491 3709 fructus,

2230 3731 2379 3801 Quos
2420 3748 2639 3789 nemora
2656 3742 2709 3790 et
2749 3734 2937 3807 pingui
2974 3734 3211 3791 reddunt
3241 3735 3290 3773 "5
3320 3734 3388 3791 de
3418 3731 3606 3802 cespite
3620 3719 3765 3790 θεωρία

2236 3822 2361 3877 Haec
2392 3822 2482 3877 ubi
2512 3823 2782 3891 disseruit,
2817 3823 2939 3879 laeta
2960 3824 3252 3896 paradisus
3279 3826 3333 3879 in
3359 3823 3476 3879 aula

2232 3910 2538 3981 Instruitur,
2586 3912 2857 3985 primique
2888 3922 3129 3979 aspectat
3154 3914 3365 3969 lumina
3394 3912 3537 3968 solis.

2232 4000 2487 4074 Gignitur
2515 4002 2613 4059 hac
2641 4004 2799 4070 inter,
2837 4002 3017 4074 pomis
3044 4002 3301 4059 letalibus
3330 4001 3506 4067 arbor,

2230 4090 2595 4162 Conjunctum
2627 4108 2888 4166 generans
2918 4092 3040 4147 vitae
3070 4093 3375 4165 mortisque
3403 4100 3653 4161 saporem.

2232 4181 2528 4238 Edibusin
2559 4182 2753 4238 mediis
2783 4196 2920 4253 puro
2950 4180 3047 4237 fuit
3067 4184 3289 4253 agmine
3318 4180 3537 4242 ﬂumen,

2237 4269 2393 4338 Quod
2416 4272 2553 4346 rigat
2581 4270 2823 4344 insignes
2844 4271 3067 4344 liquidis
3105 4271 3173 4327 de
3194 4270 3455 4327 ﬂuctibus
3482 4272 3638 4333 ortus,

2228 4357 2678 4433 Quadrifidesque
2708 4362 3101 4418 secatundantc
3122 4377 3192 4417 ex
3223 4360 3373 4417 fonte
3404 4365 3617 4412 meatus.

2228 4450 2430 4506 Phison
2460 4449 2711 4508 auriferis
2745 4449 3009 4523 praedives
3037 4450 3264 4507 ﬂuctuat
3304 4447 3498 4514 undis,’
3616 4508 3619 4509 ν

2226 4540 2665 4611 Conspicuasque
2689 4541 2813 4597 terit
2841 4555 3004 4596 rauco
3033 4540 3101 4595 de
3118 4540 3343 4612 gurgite
3371 4548 3630 4608 gemmas;

2214 4630 2473 4686 Prasinus
2515 4629 2640 4686 huic
2686 4644 2903 4697 nomen,
2944 4628 3023 4683 illi
3070 4637 3152 4684 est
3190 4624 3555 4685 carbunculus
3600 4616 3768 4675 ardens.

609 2221 882 2294 Principio
902 2221 1167 2278 Dominus
1193 2219 1392 2279 coelum
1408 2225 1708 2288 terramque
1723 2212 1940 2280 creavit,
1974 2211 2023 2251 35

541 2312 787 2384 Namque
814 2319 931 2367 erat
959 2309 1229 2376 informis,
1277 2308 1553 2378 ﬂuctuque
1601 2303 1911 2359 abscondita
1942 2300 2127 2371 tellus,

542 2403 954 2472 Immensusque
995 2401 1138 2456 Deus
1158 2413 1323 2469 super
1351 2411 1577 2468 mquora
1596 2401 1744 2451 vasta
1765 2393 1999 2456 meabat,

547 2472 686 2545 Dum
716 2491 881 2547 chaos
912 2496 966 2544 et
997 2488 1174 2561 nigra!
1205 2485 1485 2542 fuscabant
1505 2490 1701 2539 cuncta
1732 2482 1991 2541 tenebrae.

540 2579 648 2635 Has
668 2579 797 2634 dum
818 2577 1031 2651 dijungi
1053 2576 1212 2648 jussit
1242 2575 1311 2631 de
1339 2573 1575 2639 cardine,
1608 2572 1775 2627 fatur:

538 2665 653 2722 Lux
675 2665 785 2739 fiat,
808 2665 956 2723 claro
983 2674 1037 2721 et
1054 2665 1103 2704 ³6
1133 2665 1415 2720 nituerunt
1441 2662 1625 2718 omnia
1653 2659 1878 2715 mundo.

533 2756 671 2812 Cum
702 2754 971 2812 Dominus
991 2753 1151 2826 primi
1185 2752 1516 2824 complesset
1546 2749 1686 2806 facta
1716 2748 1845 2815 diei,

532 2843 792 2901 Condidit
820 2844 1088 2899 albentem
1113 2841 1327 2897 nebulis
1356 2839 1704 2895 nascentibus
1734 2852 1909 2903 axem,

531 2932 739 3003 Accipit
770 2933 1066 2988 immensus
1090 2931 1363 2986 verrentia
1391 2929 1437 2967 37
1472 2928 1652 2984 littora
1682 2936 1899 2999 pontus,

529 3021 864 3093 Multiplices
885 3021 1101 3091 sapiens
1120 3019 1315 3077 validis
1328 3035 1448 3076 cum
1465 3019 1719 3076 tractibus
1737 3032 1944 3073 amnes.

529 3108 705 3164 Tertia
736 3108 826 3164 lux
848 3108 1034 3164 faciem
1057 3116 1315 3165 terrarum
1348 3108 1493 3165 fulva
1522 3104 1731 3173 retexit,

530 3196 699 3254 Arida
718 3212 852 3253 mox
873 3197 1047 3269 posito
1067 3207 1315 3253 narratur
1342 3195 1562 3251 nomine
1592 3205 1770 3257 terrae,

529 3285 721 3341 Florea
750 3286 985 3343 ventosis
1004 3294 1344 3356 consurgunt
1372 3281 1621 3356 germina
1645 3283 1871 3352 campis,

528 3373 897 3449 Pomiferique
926 3376 1086 3433 simul
1109 3383 1437 3448 procurvant
1470 3370 1687 3429 brachia
1716 3372 1870 3426 rami.

528 3461 729 3532 Quarta
758 3466 872 3523 dies
890 3473 1111 3538 generat
1130 3463 1262 3522 solis
1292 3480 1417 3521 cum
1443 3461 1689 3535 lampade
1720 3460 1921 3527 lunam,

528 3553 596 3609 Et
624 3554 806 3610 stellas
826 3558 1057 3613 tremulo
1076 3555 1345 3611 radiantes
1364 3551 1567 3608 lumine
1586 3550 1764 3623 tingit,

529 3642 656 3698 Haec
684 3643 950 3699 elementa
981 3643 1127 3699 dedit
1153 3643 1399 3712 subjecto
1422 3639 1655 3712 insignia
1684 3638 1906 3705 mundo,

525 3729 796 3799 Tempora
825 3745 946 3801 quae
990 3731 1222 3785 doceant
1259 3729 1435 3786 varios
1490 3726 1745 3785 mutanda
1799 3741 1897 3797 per
1944 3729 2118 3782 ortus.

527 3823 602 3877 At
621 3822 810 3893 quinta
839 3823 1110 3895 accipiunt
1132 3823 1390 3895 liquentia
1424 3821 1651 3879 ﬂumina
1673 3821 1870 3893 pisces,

526 3911 595 3967 Et
629 3911 883 3967 volucres
900 3911 1080 3967 varias
1106 3912 1445 3983 suspendunt
1464 3926 1589 3966 aere
1605 3910 1654 3948 38
1684 3925 1906 3981 pennas.

529 3998 697 4055 Sexta
722 3999 1050 4072 praegelidos
1071 3999 1127 4056 in
1156 3999 1333 4072 spiras
1371 3997 1603 4055 lubricat
1632 4014 1859 4070 angues.

524 4088 1055 4162 Quadrupedumque
1083 4106 1279 4165 greges
1314 4097 1461 4146 totos
1490 4088 1743 4144 diffundit
1774 4089 1828 4143 in
1868 4103 2055 4163 agros;

523 4180 837 4252 Cunctaque
866 4179 1152 4251 multiplici
1180 4178 1455 4237 mandavit
1480 4194 1726 4236 crescere
1749 4178 1954 4252 passim

522 4269 801 4340 Germine,
821 4277 873 4325 et
900 4269 1184 4327 immensis
1194 4285 1375 4326 errare
1396 4278 1448 4325 et
1478 4284 1695 4340 pascere
1713 4268 1885 4327 terris.

522 4360 649 4417 Haec
667 4358 761 4415 ubi
790 4359 1070 4417 constituit
1098 4358 1283 4416 divina
1314 4359 1554 4433 potentia
1578 4360 1757 4429 jussu,

524 4449 814 4506 Rectorem
841 4450 1135 4529 inspiciens
1163 4450 1454 4507 mundanis
1482 4448 1667 4505 defore
1687 4449 1847 4503 rebus
1867 4488 1882 4518 ,

522 4535 749 4595 I099
792 4537 919 4596 Haac
954 4547 1220 4597 memorat
1251 4538 1501 4595 :Nostris
1537 4538 1813 4594 hominem
1855 4536 2115 4592 faciamus

1661 4626 1746 4699 [ad
1777 4627 1825 4665 39
1847 4642 2101 4701 unguem,

522 4715 774 4776 Vultibus
803 4717 1124 4787 adsimilem,
1157 4727 1270 4776 toto
1299 4718 1392 4793 qui
1423 4725 1610 4789 regnet
1626 4717 1679 4772 in
1702 4716 1856 4786 orbe,

519 4805 590 4861 Et
613 4806 739 4863 licet
777 4807 922 4863 hunc
947 4824 1055 4866 uno
1096 4817 1278 4878 posset
1305 4822 1634 4880 componere
1654 4808 1839 4877 verbo,

518 4894 640 4965 Ipse
670 4902 848 4951 tamen
878 4904 1064 4952 sancta
1093 4896 1345 4969 dignatus
1373 4898 1567 4953 ducere
1591 4900 1803 4967 dextra,

514 4982 746 5057 lnspirat
777 4985 996 5042 brutum
1026 4984 1208 5043 divino
1236 5002 1268 5043 a
1287 4995 1503 5060 pectore
1520 4996 1727 5058 pectus.

2218 4720 2648 4792 Perspicuusquc
2679 4720 2831 4775 vadis
2850 4728 3046 4775 terram
3068 4716 3372 4790 przelambit
3402 4713 3586 4769 Evilat.

2142 4783 2188 4859 Β
2216 4783 2513 4866 Post-hunc
2543 4783 2819 4879 jEthiopas
2846 4809 3013 4864 Gaeon
3044 4783 3296 4877 adlapsus
3324 4803 3546 4877 opimat,
3592 4852 3595 4855 γ

2218 4897 2434 4954 Tertius
2465 4905 2548 4954 est
2578 4897 2774 4968 Tigris,
2801 4896 3058 4968 Euphrati
3091 4895 3382 4964 adjunctus
3410 4902 3630 4954 amoeno,

2218 4988 2499 5060 Assyriam
2529 4986 2691 5045 celeri
2722 4987 2995 5043 discretim
3024 4985 3246 5042 ﬂumine
3274 4984 3504 5041 sulcans.

1876 5192 2068 5256 Varim
2127 5196 2442 5259 lectiones.

590 5350 640 5391 ³⁵
672 5351 919 5424 Locavit,
963 5352 1088 5409 cod.
1136 5351 1462 5408 Victorinus.
1513 5351 1572 5424 ἓξ
1623 5352 1816 5424 Claro.
1872 5348 1960 5404 Sic
2015 5350 2282 5424 Pamelius

2329 5360 2448 5424 post
2499 5351 2820 5409 Fabricium.
2886 5353 3040 5408 Clart'
3093 5349 3379 5424 Morel_.._et
3434 5342 3547 5424 cod.

517 5422 566 5463 31
626 5400 920 5490 magis:
966 5400 1165 5479 ἷῶἱηζ
1185 5400 1309 5477 ’Ἑῖ
1325 5400 1495 5493 ’ἶιόἱιζ
1512 5400 2040 5493 νίειῖῶνὶῐοῖῥὸνεζ
2060 5400 2281 5493 iraa."
2299 5400 2839 5487 ςὸἆῗνῖεἷόὲῗέδῖἇὶ,
2873 5400 3062 5479 asia.
3093 5400 3234 5476 eod.
3252 5400 3456 5476 Victor;
3485 5416 3532 5454 θο
3556 5400 3763 5493 Ληιψςξδ

513 5479 925 5567 [cristatam—iri
954 5492 1437 5567 z'magz'nerteditor
1465 5479 2239 5567 OxonicnsisLBaluzg’IliNon
2265 5498 2493 5567 patitur
2529 5479 2722 5566 eonj'ic.
2744 5479 2989 5567 Bal'uzius
3016 5494 3065 5531 42
3096 5494 3395 5567 Sam-utam
3423 5504 3543 5567 sua.
3566 5479 3632 5537 ad
3653 5488 3761 5567 9ft!-

515 5549 635 5635 Άῖὰ,
654 5549 1256 5623 icvod."\lictor.§al.ﬁ‘33
1276 5566 1601 5622 Distinctim
1632 5564 1763 5621 edit.
1792 5549 1969 5621 onn.
2001 5565 2052 5604 ⁴ίι
2080 5549 2856 5625 Ρνιὶάθῖιξίάηδίοιῖέὶἶῐάἁπιει.
2888 5566 3131 5623 Adamus
3168 5565 3381 5621 donata
3425 5558 3525 5618 sibi
3549 5549 3757 5629 prudeﬁ'

515 5638 620 5693 tia.
651 5636 775 5692 cod.
802 5636 939 5695 Vict.
972 5637 1022 5676 4⁵
1052 5634 1299 5693 Reddent
1328 5635 1463 5694 Vict.
