4058 6172
314 367 458 430 1157

313 494 413 551 Hic
437 498 648 569 positus
674 508 858 557 custos
882 499 1120 557 Adamns
1150 515 1272 557 cum
1301 502 1535 573 conjuge
1563 498 1688 566 fida,

312 586 491 657 Atque
527 587 733 658 opifex,
765 591 858 646 tali
887 590 1149 647 formatur
1177 604 1311 646 voce
1338 590 1596 644 Tonantis
1627 605 1642 642 :

310 675 391 730 Ne
419 676 684 747 trepidate
712 678 871 733 simul
899 678 1076 735 licitos
1112 693 1453 751 praecerpere
1483 677 1712 745 fructus,

311 761 461 830 Quos
496 780 690 820 nemus
722 766 991 822 intonsum
1029 782 1181 823 ramo
1212 767 1500 823 frondente
1530 766 1729 824 creavit
1760 783 1773 822 :

313 851 538 907 Solliciti
569 869 635 908 ne
663 853 805 909 forte
833 856 1031 911 malum
1062 854 1255 910 noxale
1284 855 1496 929 legatis,

311 937 469 1007 Quod
501 940 639 997 viret
665 958 729 998 ex
756 943 975 1015 gemino
1003 944 1243 999 discreto
1271 944 1336 998 ad
1365 942 1549 999 munia
1579 958 1761 1000 succo.

308 1029 426 1085 Nec
450 1030 632 1085 minus
667 1031 876 1088 interea
904 1047 1081 1089 caecos
1109 1048 1217 1089 nox
1245 1031 1351 1087 alta
1384 1033 1620 1101 tenebat,

316 1117 394 1175 Ac
421 1118 581 1176 modo
610 1118 870 1178 formatos
896 1136 999 1179 nec
1019 1120 1187 1177 vestis
1218 1128 1423 1178 texerat
1461 1128 1630 1181 artus.

387 1297 492 1354 llas
520 1296 658 1356 inter
685 1297 868 1373 sedes,
900 1310 954 1358 et
981 1298 1161 1357 baccis
1190 1298 1409 1356 mitibus
1449 1307 1625 1366 ortus,

315 1390 581 1459 Spumeus
609 1398 781 1447 astuto
809 1389 1030 1447 vincens
1059 1389 1309 1445 animalia
1339 1404 1520 1457 sensu,

315 1476 578 1548 Serpebat
606 1478 764 1535 tacite
788 1479 951 1552 spiris
979 1478 1301 1551 frigentibus
1330 1477 1551 1553 anguis;

316 1564 501 1627 Livida
537 1568 772 1623 mordaci
803 1569 1024 1625 volvens
1052 1566 1333 1623 mendacia
1369 1582 1550 1631 sensu,

316 1655 576 1714 Femineo
603 1665 773 1713 tentat
801 1656 902 1712 sub
931 1664 1154 1729 pectore
1193 1655 1376 1712 mollia
1405 1654 1591 1712 cerda.

316 1743 414 1799 Dic
442 1743 576 1799 mihi
606 1761 703 1801 cur
733 1754 945 1801 metuas
982 1744 1160 1802 felicia
1187 1744 1431 1818 germina
1472 1742 1641 1800 mali?

314 1830 590 1902 Numquid
623 1848 782 1903 poma
806 1832 959 1889 Deus
995 1850 1105 1889 non
1134 1832 1316 1889 omnia
1343 1840 1469 1889 nota
1497 1831 1771 1891 sacravit?

320 1917 366 1971 E
395 1918 552 1989 queis
580 1918 625 1973 si
655 1918 875 1975 studeas
903 1918 1141 1976 mellitos
1163 1935 1384 1991 carpere
1410 1919 1603 1988 victus,

316 2007 530 2061 Aureus
559 2006 825 2080 astrigero
856 2010 1122 2065 remeabit
1149 2008 1371 2065 cardine
1408 2008 1665 2068 mundus.

323 2091 363 2146 I
379 2090 654 2149 I001l’a
675 2103 853 2167 negat,
874 2096 1176 2168 vetitosque
1197 2096 1348 2155 timet
1367 2096 1681 2171 contingere
1702 2112 1914 2169 ramos;

320 2178 430 2235 Sed
462 2189 639 2236 tamen
671 2181 885 2238 inﬁrmo
914 2184 1207 2241 vincuntur
1245 2194 1467 2256 pectora
1495 2202 1679 2242 sensu.

320 2269 495 2326 Illicet
524 2278 582 2325 ut
607 2269 765 2326 niveo
789 2272 905 2340 jam
936 2272 1086 2327 mitia
1114 2273 1277 2347 dente
1306 2274 1617 2341 momordit,

320 2356 556 2413 Adfulsit
586 2357 729 2413 nulla
758 2353 1085 2415 maculatum
1126 2362 1271 2416 nube
1308 2377 1580 2417 serenum.

321 2446 457 2501 Tum
488 2461 651 2516 sapor
676 2446 991 2501 illecebram
1020 2447 1239 2503 mellitis
1269 2447 1517 2505 faucibus
1545 2447 1755 2520 indens,

322 2535 593 2607 Compulit
621 2534 831 2591 insueto
860 2551 1061 2591 munus
1087 2534 1299 2592 deferre
1328 2537 1544 2594 marito.

322 2624 480 2695 Quod
505 2624 661 2680 simul
691 2640 752 2681 ac
781 2627 1027 2696 sumpsit,
1060 2627 1273 2683 detersa
1299 2636 1477 2697 nocte,
1508 2626 1742 2687 nitentes

322 2713 605 2769 Emicuere
635 2713 800 2785 oculi,
823 2713 1025 2770 mundo
1052 2714 1370 2786 splendente
1388 2757 1402 2785 ,
1436 2718 1632 2775 sereni.

324 2804 471 2875 Ergo
498 2803 591 2858 ubi
622 2804 880 2860 nudatum
920 2803 1199 2875 prospexit
1224 2819 1424 2876 corpus
1449 2813 1701 2879 uterque,
1858 2872 1869 2880 ί

327 2893 565 2964 Cumque
594 2894 845 2964 pudenda
870 2891 1073 2961 vident,
1096 2892 1306 2949 ficulnis
1332 2894 1615 2952 frondibus
1642 2895 1915 2954 umbraut.

325 2978 484 3037 Forte
521 2982 623 3036 sub
652 2981 879 3038 occiduo
919 2980 1137 3037 Domini
1163 2982 1274 3051 jam
1303 2982 1507 3040 lumine
1533 2983 1666 3040 solis

323 3067 642 3141 Agnoscunt
670 3068 925 3138 sonitum,
960 3061 1265 3141 trepidique
1293 3070 1361 3126 ad
1388 3071 1548 3129 devia
1571 3072 1812 3129 tendunt.

323 3157 463 3212 Tum
493 3158 755 3215 Dominus
783 3158 903 3215 coeli
934 3166 1189 3215 moestum
1219 3160 1507 3233 compellat
1534 3152 1849 3219 Adamum”:

323 3244 426 3301 Dic
454 3245 546 3300 ubi
576 3261 719 3301 nunc
746 3247 914 3318 degas
933 3247 962 3302 ?
997 3246 1302 3319 Respondit
1331 3248 1456 3304 talia
1484 3250 1713 3323 supplex
1748 3269 1762 3307 :

326 3331 374 3389 Ο
401 3333 651 3402 Domine,
680 3335 894 3391 adfatus
922 3335 1118 3407 pavido
1148 3338 1248 3393 sub
1276 3337 1440 3394 corde
1475 3340 1745 3407 tremisco,

326 3424 544 3495 Magne,
572 3431 722 3497 tuos;
756 3426 1039 3499 nudusque
1080 3435 1231 3483 metu
1268 3427 1498 3498 frigente
1525 3429 1744 3505 fatigor.

325 3514 467 3569 Tum
506 3513 806 3570 Dominus:
839 3511 972 3582 Quis
1001 3532 1163 3588 poma
1189 3516 1336 3575 dedit
1364 3519 1581 3575 noxalia
1619 3521 1818 3579 vobis?

328 3601 574 3658 Tradidit
600 3604 714 3658 haec
741 3603 953 3674 mulier,
982 3604 1111 3659 dum
1149 3605 1277 3661 dicit
1315 3605 1516 3663 lumina
1548 3608 1836 3681 promptim
1884 3594 1897 3599 '

328 3691 593 3747 Candenti
621 3692 843 3763 perfusa
869 3692 977 3759 die,
1009 3692 1380 3766 liquidumque
1410 3712 1658 3755 serenum

331 3779 631 3835 Adfulsisse
662 3780 792 3851 sibi,
821 3780 1097 3853 solemque
1126 3790 1181 3838 et
1208 3783 1391 3839 sidera
1420 3785 1569 3842 coeli.

329 3868 685 3926 Protinusira
712 3870 811 3925 Dei
843 3870 1104 3926 turbatam
1135 3872 1340 3929 territat
1367 3873 1553 3942 Evam,

330 3958 619 4015 Auctorem
647 3958 796 4014 vetiti
825 3958 955 4013 dum
983 3959 1176 4030 quierit
1203 3960 1468 4016 maximus
1493 3962 1617 4018 acti.

330 4044 426 4101 llla
452 4047 557 4103 sub
586 4048 702 4103 haec
734 4046 914 4119 pandit
946 4065 960 4103 :
991 4048 1268 4119 Serpentis
1295 4065 1457 4104 suasa
1482 4050 1755 4122 loquentis

332 4135 556 4208 Accepi,
587 4135 805 4191 fallente
841 4136 987 4206 dolo,
1020 4137 1325 4209 blandoque
1354 4146 1584 4209 rogatu;

332 4223 467 4279 Nam
499 4239 595 4278 sua
624 4223 856 4295 vipereis
883 4222 1133 4280 intexens
1160 4226 1324 4280 verba
1351 4225 1592 4293 venenis,

334 4314 467 4369 Haec
504 4312 632 4368 mihi
661 4328 769 4384 prae
797 4312 1001 4369 cunctis
1029 4314 1266 4373 narravit
1293 4314 1467 4371 dulcia
1496 4316 1692 4387 pomis.

337 4401 486 4458 Ilicet
513 4402 857 4474 omnipotens
885 4403 1214 4460 condemnat
1240 4414 1390 4479 gesta
1417 4405 1691 4475 draconis,

338 4490 665 4563 Praecipiens
693 4493 901 4548 cunctis
929 4490 1162 4548 invisum
1192 4492 1367 4551 visere
1397 4502 1718 4563 monstrum,

338 4582 567 4637 Pectore
594 4597 716 4637 mox
758 4581 880 4636 fuso
908 4597 1220 4655 prorepere,
1250 4591 1364 4639 tum
1396 4584 1512 4641 sola
1539 4599 1720 4642 morsu

340 4673 614 4740 Mandere,
654 4688 910 4729 mansuro
939 4688 1293 4745 quaecumque
1328 4674 1383 4729 in
1422 4682 1666 4747 tempora
1696 4674 1863 4743 bello,

341 4762 619 4819 Humanos
648 4763 787 4819 inter
812 4779 1023 4832 sensus,
1052 4763 1338 4836 ipsumque
1370 4764 1671 4837 labantem,

341 4851 556 4909 Vertice
583 4859 641 4908 ut
670 4853 886 4923 abjecto
915 4868 1120 4924 pronus
1151 4863 1271 4925 post
1300 4869 1459 4911 crura
1488 4854 1726 4913 virorum

340 4942 616 5012 Serperet,
654 4949 712 4997 ut
741 4942 911 4999 calcet
946 4943 1078 4998 dum
1107 4942 1293 4999 labens
1321 4945 1566 5000 cominus
1593 4946 1776 5002 instat.

341 5028 566 5087 Femina
594 5030 916 5105 fraudigeris
944 5032 1139 5089 misere
1166 5031 1390 5105 decepta
1418 5032 1667 5106 loquelis,

1524 371 1863 434 APPBNDIX
1899 369 1942 432 ι.
1982 400 2056 419 --
2089 367 2383 434 GBNBSIS.

3471 370 3610 436 1158

1936 512 1983 592 Α
2015 496 2323 592 ξτωεξρίωιυ
2349 496 2487 555 duro
2511 495 2815 592 discrimine
2843 511 3048 592 ponere
3076 507 3310 592 partum,

2015 585 2409 657 Servitiumque
2446 584 2529 642 sui
2566 586 2745 643 studio
2782 585 3022 659 perferre
3053 589 3249 645 mariti.

2014 674 2098 731 Tu
2126 689 2254 731 vero
2283 674 2373 731 cui
2403 673 2518 732 visa
2544 673 2645 731 fuit
2672 675 2948 731 sententia
2974 691 3139 733 verax

2012 762 2292 835 Conjugis,
2320 763 2510 820 immiti
2538 763 2703 822 cessit
2729 780 2853 836 quae
2882 763 3021 821 victa
3058 765 3302 833 draconi,

2016 851 2252 907 Deflebis
2281 853 2536 909 miserum
2576 868 2674 925 per
2703 859 2947 924 tempora
2977 853 3140 926 longa
3167 855 3431 926 laborem,

2013 940 2150 995 Nam
2182 940 2276 997 tibi
2305 941 2529 997 triticea:
2558 948 2746 1013 surget
2776 957 2872 1012 pro
2901 942 3147 1014 germine
3176 944 3366 1000 messis

2014 1026 2281 1096 Carduns,
2324 1039 2378 1086 et
2408 1029 2577 1101 spinis
2603 1030 2832 1086 multum
2872 1031 3115 1102 paliurus
3143 1034 3316 1089 acutis
3348 1048 3359 1086 :

2015 1118 2086 1175 Ut
2113 1133 2234 1174 cum
2264 1117 2565 1177 visceribus
2594 1117 2748 1175 lassis
2783 1127 2837 1176 et
2866 1130 3082 1193 pectore
3111 1131 3327 1189 maesto,

2015 1206 2249 1262 Plurima
2276 1206 2532 1267 sollicitos
2559 1215 2818 1281 praestent
2845 1208 3081 1282 suspiria
3111 1210 3282 1269 victus
3313 1230 3327 1267 :

2015 1294 2201 1353 Donec
2221 1296 2277 1352 in
2307 1296 2532 1354 occiduo
2560 1297 2823 1355 venientis
2847 1306 3090 1372 tempore
3118 1299 3334 1369 mortis,

2016 1383 2176 1440 Unde
2203 1383 2353 1458 geris
2377 1400 2575 1456 corpus
2607 1395 2761 1442 terrae
2791 1386 3020 1443 reddare
3041 1386 3261 1459 jacenti.

2017 1471 2115 1527 His
2143 1472 2295 1543 actis,
2326 1472 2591 1530 Dominus
2620 1474 2846 1546 trepidis
2875 1474 2967 1531 dat
2997 1474 3153 1533 taedia
3180 1476 3324 1548 vitae,

2014 1562 2376 1633 Dejectosque
2407 1563 2595 1633 procul
2624 1562 2847 1620 sacratis
2873 1563 3114 1622 dimovet
3142 1565 3333 1634 hortis,

2014 1646 2394 1720 Obversosque
2423 1651 2580 1717 locat,
2621 1650 2905 1723 medioque
2933 1650 3173 1710 eliminat
3202 1653 3340 1729 igni,

2018 1737 2078 1792 In
2107 1753 2215 1810 quo
2253 1737 2511 1809 perceleri
2538 1739 2816 1795 Cherubin
2846 1740 3114 1798 evolvitur
3142 1751 3300 1809 aestu,

2021 1826 2160 1882 Dum
2197 1825 2403 1883 calidus
2433 1827 2674 1883 defervet
2702 1842 2860 1898 apex,
2893 1826 3246 1902 ﬂammasque
3274 1832 3502 1890 volutat.

2024 1912 2191 1985 Queis
2230 1914 2513 1984 Dominus,
2544 1914 2701 1987 pigro
2728 1930 2799 1972 ne
2839 1915 3046 1989 frigore
3073 1918 3319 1976 membra
3364 1919 3625 1994 rigerent,

2024 2003 2251 2061 Consuit
2278 2005 2494 2062 evulsas
2523 2004 2788 2077 pecudum
2817 2004 2886 2062 de
2914 2006 3121 2064 viscere
3151 2007 3341 2080 pelles,

2026 2092 2292 2166 Operiens
2318 2093 2495 2151 nudos
2522 2093 2710 2150 calidis
2734 2093 2804 2151 de
2833 2095 3079 2152 vestibus
3098 2103 3269 2156 artus.

2102 2181 2245 2253 Ergo
2273 2182 2366 2237 ubi
2401 2182 2656 2256 conjugio
2683 2198 2807 2239 sese
2830 2184 2945 2253 jam
2972 2182 3115 2240 fidus
3141 2184 3386 2242 Adamus

2033 2268 2073 2325 I
2094 2268 2248 2325 IOI
2286 2271 2425 2327 Esse
2452 2270 2628 2326 virum
2665 2269 2859 2342 sensit,
2888 2286 3089 2330 nomen
3117 2273 3402 2345 genitricis
3439 2285 3631 2333 amatae

2029 2357 2261 2413 Exhibet
2290 2357 2473 2416 uxori.
2501 2357 2638 2414 Bino
2667 2358 2762 2430 qui
2792 2358 3035 2431 germine
3062 2358 3239 2418 factus
3261 2362 3313 2401 ἰθ

2027 2445 2296 2503 Continuo
2326 2445 2562 2518 genitor,
2595 2444 2827 2502 diversis
2856 2456 3133 2521 nuncupat
3161 2449 3301 2505 orsis
3330 2466 3345 2506 :

2028 2537 2204 2609 Atque
2231 2534 2361 2591 Cain
2388 2534 2479 2592 hic
2502 2551 2699 2592 nomen
2730 2536 2915 2602 habet,
2947 2537 3034 2592 cui
3060 2538 3278 2608 junctus
3307 2540 3529 2597 Abelus.

2028 2625 2292 2681 Innocuas
2318 2623 2486 2695 hujus
2511 2624 2764 2681 servabat
2790 2641 2922 2682 cura
2949 2625 3216 2693 bidentes,

2027 2714 2132 2769 Ast
2168 2712 2304 2769 alius
2329 2727 2500 2770 curvo
2528 2720 2726 2770 terram
2754 2714 2997 2769 vertebat
3035 2723 3234 2773 aratro.

2029 2801 2093 2857 lli
2124 2817 2248 2858 cum
2271 2810 2532 2873 perpetuo
2562 2800 2765 2857 ferrent
2795 2816 2893 2859 sua
2920 2800 3063 2858 dona
3090 2803 3343 2871 Tonanti,

2027 2891 2330 2949 Dissimiles
2356 2890 2565 2948 fructus
2596 2906 2761 2947 sensu
2800 2890 3065 2948 suadente
3088 2891 3310 2951 dedere.

2028 2981 2163 3035 Nam
2219 2979 2369 3052 prior
2396 2978 2650 3036 uberibus
2677 2979 2890 3037 fuerant
2919 2996 3040 3053 quae
3068 2991 3286 3053 prosata
3323 2982 3523 3057 glebis,

1957 3089 2000 3168 ε
2024 3067 2255 3168 ρδμιιὶις
2293 3078 2377 3125 ast
2402 3067 2545 3167 alius
2575 3068 2690 3125 miti
2719 3084 2781 3127 se
2808 3069 3034 3168 devovet
3060 3085 3224 3144 agno,

2030 3158 2169 3213 Exta
2195 3173 2360 3213 manu
2388 3155 2598 3215 sincera
2625 3173 2843 3231 gerens,
2863 3158 3188 3233 adipemque
3215 3160 3483 3229 nivalem;

2033 3243 2438 3316 Confestimque
2466 3245 2639 3316 placet
2664 3244 2896 3303 Domino
2926 3247 3017 3319 pia
3045 3252 3168 3305 vota
3196 3250 3385 3308 tuenti.

2033 3332 2191 3404 Quod
2222 3341 2444 3407 propter
2471 3333 2651 3407 gelida
2675 3334 2810 3392 Cain
2844 3335 3123 3395 incanduit
3150 3339 3250 3395 ira.

2033 3421 2205 3492 Queis
2228 3424 2376 3480 Deus
2403 3422 2656 3495 adloquio
2684 3424 2959 3500 dignatus,
2991 3416 3190 3485 talibus
3219 3427 3338 3485 inﬁt
3368 3446 3383 3485 :

2035 3512 2133 3569 Dic
2161 3511 2310 3578 mihi,
2343 3513 2388 3568 si
2419 3521 2623 3571 rectum
2662 3515 2829 3582 vivas,
2861 3524 2916 3572 et
2943 3516 3104 3573 noxia
3139 3532 3353 3588 cernas,

2034 3602 2241 3672 Degere
2269 3615 2381 3658 non
2407 3602 2587 3673 possis
2615 3606 2898 3661 contracto
2926 3621 2957 3660 a
2985 3604 3209 3662 crimine
3239 3605 3450 3679 purus?

2041 3688 2081 3743 ‘I
2102 3686 2265 3745 I02
2294 3688 2498 3746 Desine
2527 3690 2765 3749 mordaci
2809 3690 3026 3749 fratrem
3058 3692 3389 3765 disperdere
3426 3710 3593 3764 sensu
3624 3716 3641 3766 ;

2037 3777 2143 3847 Qui
2169 3776 2263 3835 tibi
2295 3794 2395 3836 ceu
2422 3778 2643 3837 domino
2675 3779 2958 3851 subjectus
2987 3782 3127 3840 colla
3152 3783 3377 3840 daturus
3408 3803 3425 3843 :

2036 3868 2151 3924 Nec
2181 3875 2362 3926 tamen
2391 3867 2475 3924 bis
2500 3868 2723 3934 fractus,
2748 3870 2974 3929 fratrem
3008 3870 3229 3929 deducit
3253 3875 3319 3929 ad
3349 3888 3503 3937 arva,

2040 3959 2219 4031 Atque
2255 3959 2349 4015 ubi
2378 3958 2703 4032 deprensum
2731 3958 2946 4018 deserto
2976 3960 3031 4017 in
3062 3961 3310 4035 gramine
3353 3962 3497 4029 vidit,

2038 4045 2223 4115 Elidit,
2263 4046 2497 4120 geminis
2523 4048 2780 4120 frangens
2799 4050 2849 4088 ἰτ
2880 4048 2970 4121 pia
2998 4058 3221 4122 guttura
3245 4051 3468 4122 palmis.

2040 4133 2192 4203 Quod
2225 4133 2422 4191 factum
2450 4135 2706 4192 dominus
2731 4137 2873 4195 caelo
2900 4137 3216 4208 speculatus
3242 4139 3310 4194 ab
3338 4141 3468 4206 alto,

2044 4221 2328 4295 Disquirit,
2357 4237 2592 4294 quonam
2622 4231 2885 4281 terrarum
2914 4226 3079 4300 degat
3102 4225 3311 4282 Abelus
3338 4226 3367 4282 ?

1971 4341 2016 4419 Β
2047 4311 2143 4367 Ille
2172 4319 2333 4383 negat
2367 4312 2596 4419 ppositum
2625 4311 2906 4369 custodem
2936 4328 2998 4368 se
3029 4313 3144 4371 fore
3170 4313 3369 4371 fratris.

2047 4401 2146 4458 Cui
2176 4402 2324 4457 Deus
2352 4399 2550 4458 effatur
2581 4417 2596 4459 :
2627 4403 2897 4460 Numnam
2915 4403 2967 4441 ’⁵⁸
2996 4417 3101 4461 vox
3129 4403 3416 4477 sanguinis
3440 4405 3562 4475 ejus

2048 4491 2132 4547 Ad
2160 4506 2248 4547 me
2278 4489 2445 4546 missa
2465 4498 2641 4563 sonat,
2669 4489 2982 4565 celsumque
3009 4491 3253 4551 ascendit
3282 4492 3352 4550 ad
3380 4494 3577 4552 axem?

2046 4582 2225 4638 Nosce
2255 4580 2420 4652 igitur
2447 4597 2698 4638 mansura
2727 4580 2823 4637 tibi
2855 4596 2955 4653 pro
2981 4580 3209 4639 crimine
3239 4591 3391 4641 tanto
3425 4600 3441 4641 :

2045 4671 2183 4728 Nam
2210 4671 2374 4728 modo
2403 4686 2525 4744 quae
2553 4671 2759 4728 maduit
2788 4672 3031 4743 germani
3051 4672 3319 4746 sanguine
3351 4683 3510 4743 terra,

2046 4760 2225 4819 Inviso
2254 4760 2539 4817 maledicta
2577 4760 2671 4817 tibi
2710 4760 2999 4817 commissa
3026 4762 3247 4835 negabit

2048 4852 2287 4917 Semina,
2318 4854 2375 4907 et
2401 4851 2701 4924 adsumptis
2730 4850 2966 4908 fructum
2996 4866 3106 4909 non
3156 4850 3395 4925 proferet
3437 4850 3649 4926 herbis,

2045 4942 2317 5016 Torpidus
2344 4951 2405 5000 ut
2430 4941 2598 5000 multo
2628 4941 2891 5000 collidens
2938 4944 3179 5000 membra
3206 4951 3458 5002 tremore.

1717 5186 1911 5252 Varias
1979 5190 2287 5251 lectiones.

418 5319 472 5360 ἰθ
499 5322 668 5380 Binos
696 5337 747 5395 q.
774 5330 833 5395 ‘g.
863 5322 1064 5393 factos.
1086 5320 1206 5379 cod.
1234 5320 1372 5379 Vict.
1395 5319 1441 5359 ἰτ
1467 5320 1781 5391 Fraudant,
1809 5319 2001 5378 Morel.
2034 5318 2085 5358 ἰε
2113 5320 2307 5379 Nonne
2344 5318 2536 5377 Morel.
