4062 6178
478 352 617 414 1159
1549 338 1636 396 AD
1674 336 1964 399 GENUINA
2001 335 2107 396 ἸῈῐ

2179 333 2444 395 ULLIANI
2480 331 2693 393 OPEBA
3632 320 3779 382 1160

486 454 3767 501 _______________________________________

1124 678 1688 799 INCERTI
1750 673 2453 793 AUCTORIS
2520 669 3130 790 SODOMA.

2108 1057 2154 1135 Α
2187 1043 2322 1135 Loth
2355 1052 2544 1135 contra
2573 1044 2795 1118 supplex
2820 1063 2832 1100 :
2866 1043 2948 1099 Ne
2969 1058 3071 1135 vos
3099 1056 3243 1096 nunc
3274 1045 3425 1111 pacta
3452 1037 3500 1075 53
3520 1034 3686 1091 libido

978 1092 1205 1150 CAPUT
1245 1088 1542 1146 PRIMUM-
2108 1088 2154 1135 "
2189 1088 3493 1204 ιιῖέεξίιᾶξίζᾞῖινέἑιέζζ”ἷρὲέιὲι”ςᾶἇεὶῖξξῐινέῖιὶξιῖτι;

549 1231 667 1285 Jam
698 1232 843 1285 Deus
873 1227 1215 1300 omnipotens
1245 1225 1491 1296 primam!
1523 1234 1764 1293 tempora
1802 1219 1966 1287 saecli,
2189 1220 2309 1289 Quo
2340 1223 2490 1280 lucus
2517 1222 2766 1293 genitura
2801 1227 2961 1277 vocat
2990 1220 3018 1273 ?
3043 1234 3151 1291 quo
3191 1216 3397 1272 semina
3426 1213 3668 1269 frustra?

480 1319 703 1376 Vindice
731 1317 955 1386 diluvio,
988 1316 1198 1372 cunctis
1228 1313 1539 1370 aboleverat
1566 1311 1743 1380 undiS,
2188 1312 2310 1381 Quo
2339 1312 2497 1367 nullae
2528 1319 2748 1383 nuptant
2777 1310 3002 1377 animm;
3038 1324 3143 1365 non
3166 1308 3335 1363 lustra
3360 1305 3629 1369 colentes;

480 1410 625 1477 Quas
652 1409 846 1463 ccelum
868 1404 1067 1478 sparsit
1096 1413 1276 1471 terrae,
1308 1402 1475 1457 maris
1503 1399 1725 1472 exspuit
1754 1412 1965 1470 aequor;

2188 1402 2307 1456 Non
2336 1401 2560 1458 stabulis
2575 1402 2827 1468 reduces,
2849 1416 2957 1455 non
2986 1397 3147 1453 undis
3174 1397 3355 1450 subter
3383 1393 3629 1457 hiantes;

481 1501 774 1565 Hactenus,
809 1495 953 1550 haud
982 1494 1189 1564 liquido
1212 1508 1402 1563 poenas
1432 1491 1718 1545 decernere
1750 1493 1938 1561 pactus
2188 1491 2301 1548 Nec
2328 1508 2447 1563 qum
2484 1506 2780 1561 pennarum
2809 1487 3049 1545 modulis
3082 1501 3248 1558 prope
3299 1482 3483 1538 nubila
3521 1480 3782 1552 pendent,

479 1586 723 1651 Excidio,
756 1584 969 1657 quoties
998 1583 1223 1655 hyemes
1253 1580 1533 1637 induceret
1562 1595 1684 1645 aer;
2188 1578 2303 1635 Nec
2331 1596 2448 1649 quae
2480 1594 2581 1650 per
2620 1589 2816 1633 terram
2845 1585 3113 1647 protracto
3145 1587 3373 1645 corpore
3403 1576 3641 1624 manant.

483 1673 799 1729 Fraanandis
827 1672 1031 1729 varium
1062 1669 1263 1741 pluviis
1284 1668 1623 1722 mandaverat
1655 1680 1858 1728 arcum,
2188 1668 2361 1724 Omne
2388 1684 2578 1740 genus,
2612 1668 2769 1723 luxus
2796 1681 2974 1738 genus
3001 1673 3084 1718 est
3115 1680 3131 1733 ς
3162 1661 3265 1717 nisi
3296 1659 3489 1716 femina
3510 1658 3707 1727 conqu

481 1764 757 1835 Purpureo
788 1768 841 1815 Θῐ
1058 1760 1365 1831 signantem
1388 1756 1571 1811 nubila
1602 1754 1789 1809 limbo.
2190 1759 2477 1824 Omnibus,
2506 1766 2559 1813 et
2594 1771 2869 1828 nunquam
2896 1754 3149 1825 cuiquam
3178 1750 3285 1806 nisi
3336 1749 3534 1805 femina
3586 1756 3784 1803 mater.

1121 1888 1347 1945 CAPUT
1385 1889 1453 1942 ιι,
2188 1846 2415 1945 ljunesi
2446 1846 2521 1900 fas
2546 1844 2800 1945 juvenilis
2830 1837 3520 1945 habeavastarepudorem

2191 1937 2328 1991 Sunt
2358 1936 2500 1991 intus
2527 1944 2666 1989 natae
2696 1933 2913 2003 bijuges
2942 1930 3093 1996 mihi,
3126 1928 3320 1985 nubilis
3340 1935 3490 1993 aetas,

2189 2027 2481 2099 V'irginitas
2508 2025 2560 2080 in
2592 2026 2729 2081 ﬂore
2775 2031 2962 2087 tumet,
2991 2023 3105 2091 jam
3136 2020 3313 2075 dedita
3340 2016 3526 2085 messi,

2194 2120 2363 2189 Signa
2393 2114 2590 2187 cupido
2611 2114 2758 2180 viris,
2792 2110 2975 2169 tulerit
3002 2126 3164 2181 quam
3192 2119 3372 2165 vestra
3399 2107 3684 2175 voluptas;

2183 2209 2331 2269 Cedo
2362 2216 2515 2279 pater
2542 2219 2754 2277 proque
2782 2200 3083 2272 hospitibus
3114 2198 3352 2271 pensabo
3380 2196 3648 2251 dolorem.

2184 2299 2393 2370 Vulgus
2440 2293 2503 2348 ad
2549 2295 2663 2347 haec
2690 2292 2915 2346 demens
2947 2307 2959 2345 :
2996 2288 3129 2357 Quis
3158 2304 3280 2342 nam
3310 2294 3384 2351 tu,
3427 2292 3680 2356 quantus,
3733 2295 3789 2340 et

2186 2388 2290 2459 Qui
2320 2384 2475 2442 nobis
2502 2380 2813 2445 domineris,
2848 2378 2942 2444 ait,
2969 2377 3227 2451 legesque
3253 2374 3534 2433 recondas.
3569 2371 3740 2444 [unde
3761 2371 3789 2425 Ῡ

2184 2479 2493 2533 Transvena
2522 2481 2792 2527 corrector
2811 2470 2860 2506 5"
2881 2468 3240 2524 Sodomorum
3259 2466 3287 2519 ‘?
3309 2462 3543 2535 duplicat
3564 2462 3615 2499 55
3646 2462 3792 2516 iras:

2186 2561 2419 2621 I103
2446 2561 2602 2617 Nunc
2638 2558 2804 2632 igitur
2834 2567 2947 2613 tute
2977 2557 3095 2628 ipse
3126 2554 3265 2620 lues,
3303 2553 3449 2625 quod
3478 2558 3664 2606 nostra
3688 2564 3792 2605 cu-

3501 2640 3674 2713 [pido
3707 2648 3794 2695 est

2186 2744 2287 2799 Pro
2326 2740 2486 2812 natis,
2526 2754 2746 2812 quoque
2772 2736 3103 2809 hOSpitibus;
3128 2733 3261 2791 satis
3288 2747 3429 2788 unus
3470 2729 3527 2784 in
3569 2744 3789 2785 omnes.

2190 2834 2341 2889 Dicta
2370 2841 2425 2888 et
2454 2830 2593 2885 facta
2619 2829 2805 2893 simul,
2836 2827 2984 2897 vulgi
3015 2839 3164 2880 mora
3184 2822 3328 2877 nulla
3356 2822 3605 2876 furentis.

2190 2921 2464 2977 Turbidus
2490 2919 2717 2973 hiberno
2760 2924 2821 2971 ut
2858 2915 2989 2969 dum
3026 2911 3255 2970 volvitur
3304 2910 3503 2982 impete
3533 2916 3722 2965 torens

2188 3011 2449 3067 Rivorum
2470 3008 2522 3062 in
2552 3020 2808 3061 numeros
2836 3004 2886 3041 ⁵6
2914 3018 3020 3058 uno
3045 3000 3184 3074 pede
3210 3000 3379 3055 fertur
3425 2998 3477 3052 in
3497 3013 3693 3054 omnes
3724 2999 3799 3063 ετ,

2191 3100 2243 3157 Si
2271 3115 2376 3172 qua
2406 3098 2517 3153 illic
2546 3098 2704 3153 arbor
2724 3093 2927 3165 rapidis
2955 3091 3247 3148 offenditur
3275 3088 3458 3157 undis,

2190 3189 2341 3243 Haud
2369 3200 2625 3242 mansura
2654 3184 2779 3252 diu;
2808 3189 3065 3255 quantum
3086 3180 3271 3239 radice
3290 3178 3471 3235 licebit

2191 3278 2419 3333 Crinitas
2447 3280 2641 3331 durare
2673 3289 2870 3337 moras,
2913 3271 3003 3327 ubi
3038 3271 3223 3326 subter
3253 3269 3467 3325 adesam

2193 3367 2371 3423 Perdit
2400 3367 2622 3421 humum
2654 3360 3010 3419 cireumfosso
3031 3375 3160 3416 cum
3187 3358 3411 3415 caudice
3442 3355 3710 3427 pendens,

2190 3457 2305 3511 Huc
2332 3455 2456 3512 illuc
2484 3461 2685 3510 certam
2716 3452 2897 3507 differt
2922 3450 3130 3506 incerta
3166 3449 3371 3503 ruinam
3407 3464 3419 3504 :

2195 3544 2350 3599 Haud
2376 3544 2529 3599 aliter
2556 3543 2690 3598 Loth
2718 3542 2771 3595 in
2800 3539 2981 3595 media
3020 3539 3281 3610 vertigine
3309 3536 3478 3607 vulgi,

2194 3634 2425 3688 Nutabat
2453 3631 2596 3691 vinci
2627 3646 2794 3702 prope
2809 3630 2919 3699 jam
2947 3646 2961 3697 ;
2994 3628 3088 3684 sed
3118 3626 3239 3685 diva
3268 3633 3507 3697 potestas

2197 3722 2488 3788 Subvenit;
2530 3719 2762 3792 angelici
2786 3720 3012 3787 juvenes
3043 3716 3111 3772 de
3137 3715 3323 3771 limine
3354 3723 3564 3786 raptum

2194 3810 2502 3868 Restituunt
2532 3808 2703 3874 teetis,
2736 3808 2963 3863 demens
2990 3805 3086 3861 sed
3105 3807 3299 3878 vulgus
3342 3804 3542 3859 ibidem

2194 3900 2480 3956 Poenarum
2510 3897 2767 3971 auspiciis
2804 3897 3065 3952 multatur
3099 3894 3307 3951 lumine
3338 3893 3452 3951 dira
3479 3893 3548 3947 58.

485 2000 591 2057 Sed
623 1996 856 2055 recidiva
887 1995 1166 2050 hominum
1198 1994 1395 2065 pariter
1425 2011 1543 2050 cum
1574 1996 1736 2064 gente
1766 1992 2006 2048 secunda

484 2089 759 2158 Impietas,
793 2086 1098 2155 iterumque
1126 2084 1248 2137 mali
1271 2098 1407 2140 nova
1438 2083 1672 2155 pullulat
1701 2088 1849 2148 aetas,

483 2174 707 2231 Excidio
733 2174 845 2243 jam
876 2188 983 2229 non
1010 2172 1210 2227 imbres
1241 2174 1448 2239 sortita,
1481 2170 1576 2226 sed
1604 2170 1787 2243 ignes.

486 2264 575 2320 Sic
601 2263 892 2318 Sodomum
920 2262 1114 2317 meruit
1145 2261 1305 2316 tellus
1332 2260 1647 2314 ardentibus
1678 2259 1763 2314 uri

486 2354 721 2409 Roribus
748 2354 798 2390 49
826 2359 878 2406 et
911 2352 1032 2406 linis
1060 2350 1386 2421 portendere
1414 2350 1574 2419 signa
1602 2348 1764 2402 futuri
2108 2339 2152 2415 Β

486 2442 670 2496 Effera
698 2438 931 2493 luxuries
960 2438 1089 2499 illic,
1121 2436 1341 2490 inimica
1367 2437 1612 2505 pudoris,

486 2532 660 2585 Instar
690 2529 828 2601 legis
856 2534 988 2594 erat,
1023 2525 1233 2596 fugeret
1259 2540 1417 2595 quam
1462 2524 1719 2595 praescius
1746 2525 1983 2596 hospes;

488 2620 627 2675 Ante
653 2618 735 2673 vel
765 2615 831 2670 ad
860 2615 1154 2687 Scythicas,
1180 2614 1268 2668 vel
1298 2614 1439 2684 apud
1469 2614 1733 2669 Busiridis
1754 2628 1877 2670 aras

490 2711 767 2780 Exoptans
789 2724 885 2778 per
912 2720 1066 2760 sacra
1094 2720 1303 2775 necem,
1325 2719 1607 2775 CZBSUSQUC
1636 2720 1881 2760 cruorem

488 2798 741 2853 Fundere
771 2794 1115 2867 Bebrycium,
1142 2805 1197 2850 et
1225 2795 1455 2864 Libycas
1477 2794 1674 2849 satiare
1706 2794 2002 2865 palaestras,

489 2888 736 2955 Anteque
766 2882 851 2940 vel
881 2882 1069 2938 Circea
1096 2896 1261 2937 novas
1290 2897 1388 2952 per
1419 2882 1608 2953 pocula
1630 2880 1831 2936 formas

488 2974 733 3038 Sumere,
765 2987 921 3041 quam
955 2970 1142 3027 laesum
1171 2970 1421 3026 Sodomis
1441 2970 1681 3026 amittere
1701 2988 1913 3027 sexum.

492 3061 781 3119 Pulsabant
812 3060 1007 3115 malum
1035 3058 1258 3127 invidia,
1290 3057 1554 3115 connubia
1585 3059 1753 3116 mixta

490 3150 699 3205 Incesta
728 3148 907 3218 parili,
939 3147 1158 3219 generis
1186 3158 1381 3201 natura
1412 3146 1652 3212 rebellis,

491 3239 549 3292 1n
589 3251 727 3301 sese,
761 3235 1057 3305 laesumque
1086 3234 1189 3290 viri
1227 3250 1349 3290 cum
1380 3249 1609 3304 corpore
1638 3250 1855 3291 nomen.

492 3328 757 3399 Tempore
784 3326 879 3381 sed
911 3334 1060 3381 certo
1091 3325 1235 3380 Deus
1263 3324 1445 3380 omnia
1473 3326 1899 3396 perspeculatus,

492 3417 705 3474 Judicat
733 3416 967 3486 iniustos
993 3415 1222 3486 patiens,
1254 3414 1342 3471 ubi
1374 3414 1615 3469 criminis
1644 3424 1772 3471 tetas

494 3506 753 3564 Cessandi
780 3508 1011 3577 spatium
1037 3505 1121 3562 vis
1148 3504 1301 3560 nulla.
1314 3503 1551 3575 coegerit
1576 3503 1691 3562 irae.

495 3596 721 3667 Jamque
748 3596 864 3651 dies
894 3595 1055 3651 ultrix
1077 3595 1278 3659 aderat,
1312 3594 1420 3648 duo
1449 3593 1516 3648 de
1546 3607 1718 3664 grege
1747 3592 1900 3649 missi

492 3686 760 3757 Angelico
786 3686 837 3723 50
868 3684 1038 3739 forma
1061 3685 1308 3752 juvenes,
1342 3681 1433 3752 qui
1454 3681 1674 3751 spiritus
1706 3681 1864 3736 ambo

494 3772 630 3829 Diva
654 3770 952 3827 ministerio
982 3771 1199 3825 Domini
1230 3770 1476 3826 mandata
1505 3770 1769 3835 ferebant,

494 3858 797 3915 Succedunt
824 3857 1105 3925 Sodomis;
1138 3858 1249 3914 illic
1277 3858 1345 3912 de
1371 3860 1537 3929 stirpe
1566 3858 1781 3927 piorum

496 3949 813 4002 Transvena
852 3946 985 4001 Loth
1016 3944 1222 4009 aderat,
1256 3943 1493 4016 sapiens,
1548 3945 1787 4019 justique
1842 3946 2084 4016 colonus,

496 4035 647 4091 Unus
675 4044 791 4089 erat
811 4031 1123 4089 meminisse
1144 4033 1348 4099 Deum;
1381 4033 1520 4089 solet
1550 4034 1694 4091 utilis
1713 4035 1873 4093 arbor

499 4126 556 4181 In
585 4122 754 4196 sylvis
782 4122 991 4178 latitare
1011 4120 1143 4178 feris
1170 4122 1216 4161 ⁵¹
1247 4122 1402 4179 velut
1433 4123 1645 4194 hospita
1676 4125 1869 4181 fructu.
2798 4106 3037 4164 CAPUT
3074 4108 3163 4163 ΙΠ-

498 4212 551 4268 Is
582 4221 707 4269 tunc
734 4227 832 4283 pro
860 4217 1015 4283 porta
1040 4210 1287 4266 residens
1314 4209 1429 4282 (vix
1462 4210 1659 4266 moenia
1687 4211 1911 4268 adibant

500 4300 791 4373 Caelicolae)
821 4315 1147 4372 quamquam
1179 4298 1394 4355 divinos
1421 4300 1658 4371 nescius,
1688 4301 1830 4358 ultro

2266 4318 2416 4375 Tunc
2437 4317 2653 4373 decreta
2674 4316 2723 4355 59
2736 4316 2834 4371 Dei
2861 4314 3351 4387 reserant,dignam
3373 4312 3555 4369 adfore
3579 4328 3819 4384 poenam

496 4391 762 4488 ᾒάνορξιίν
797 4389 1051 4488 appellaii
1082 4389 1256 4488 Ρδίτίο
1284 4397 1571 4488 Ῡθξιθιξδῑυῐ·
1599 4392 1824 4457 honore:
2196 4408 2277 4463 De
2316 4407 2454 4463 coelo
2485 4406 2752 4473 Sodomis,
2783 4405 2958 4477 ipsum
2990 4403 3249 4459 meruisse
3270 4408 3495 4459 salutem

497 4477 1248 4569 ξιοξρίιίφίιυθ-νοοεινηιοηςε
1268 4478 1544 4569 stabulare
1572 4486 1853 4550 parantes;
2196 4497 2423 4553 Justitize
2454 4497 2626 4552 titulo.
2671 4494 2811 4563 Quin
2844 4510 2976 4569 ergo
3006 4494 3308 4567 accingeris
3330 4494 3521 4549 isthinc

499 4568 701 4623 Enisus
719 4567 899 4640 longis
928 4567 1194 4635 precibus,
1227 4566 1317 4637 pia
1345 4567 1573 4639 pignora
1600 4583 1785 4623 mensa

500 4654 818 4726 Ofﬁciisque
845 4655 1030 4726 probis
1058 4656 1236 4711 studio
1264 4656 1542 4726 dispungit
1568 4658 1789 4715 amicos.

499 4744 619 4802 Nox
648 4745 889 4816 requiem
910 4745 1153 4811 dederat,
1185 4745 1275 4799 lux
1296 4745 1529 4803 solverat
1548 4745 1715 4801 altera
1746 4754 1978 4813 noctem,

500 4833 570 4889 Et
600 4832 839 4891 Sodoma
886 4833 944 4889 in
989 4832 1203 4890 foribus
1253 4832 1494 4905 strepitat
1541 4842 1837 4907 conquesta
1884 4836 2086 4891 ruden-

1812 4923 1827 4996 [
1860 4924 1988 4981 dum
2007 4926 2077 4981 δα.

2203 4586 2479 4642 Festinare
2510 4585 2719 4657 fugam,
2752 4584 3068 4657 pariterque
3095 4584 3324 4638 educere
3353 4584 3395 4637 si
3426 4582 3555 4653 quid

2195 4675 2386 4731 Gentis
2412 4674 2582 4729 habes
2613 4675 2642 4729 ‘I
2672 4689 2769 4729 nos
2800 4674 3016 4728 exitium
3044 4673 3156 4741 jam
3176 4671 3481 4728 inducimus
3510 4670 3648 4726 urbi.

2199 4764 2330 4820 Loth
2361 4779 2591 4836 generos
2642 4764 2779 4817 citus
2837 4763 3165 4833 adloquitur,
3198 4762 3296 4817 sed
3351 4761 3485 4816 dura
3514 4759 3822 4815 hominum

2123 4863 2167 4941 υ
2198 4853 2432 4911 Credere
2461 4852 2705 4924 despexit
2735 4852 3020 4921 monitum,
3046 4852 3273 4925 risitque
3294 4852 3561 4907 timorem.
3623 4847 3826 4922 [mens

1871 5076 2061 5141 Variae
2103 5082 2414 5142 lectiones.

578 5203 628 5280 ’{9
666 5204 937 5280 [flammis
958 5203 1173 5280 Fabric.
1205 5204 1404 5261 Pamel.
1451 5204 1701 5280 fascibus
1727 5206 2011 5280 Cauchius,
2044 5208 2287 5280 fontibus
2313 5204 2437 5280 cod.
2471 5202 2607 5280 Vict.
2655 5202 2891 5280 fac:_lms_
2931 5202 3117 5280 M_or_el.
3145 5210 3201 5257 at
3238 5202 3697 5280 roribas_Baluz.
3745 5221 3828 5260 ex

506 5277 630 5333 cod.
664 5277 816 5332 Colb.
857 5277 908 5315 ⁵ο
926 5278 1192 5347 Angelica
1220 5280 1327 5333 duo
1365 5274 1495 5332 mss.
1528 5278 1763 5333 codices.
1815 5279 1858 5314 ⁵¹
1892 5274 2060 5334 Feras
2097 5280 2206 5333 alii.
2248 5279 2299 5315 ⁵²
2341 5279 2470 5333 Cum
2512 5278 2643 5348 lege,
2668 5274 2928 5348 pudenda
2969 5275 3151 5332 Baluz.
3176 5346 3185 5348 _
3215 5291 3280 5329 ex
3309 5276 3429 5330 cod.
3464 5275 3615 5329 Colb.
3663 5291 3827 5331 cum

510 5350 623 5429 lege
648 5346 1137 5429 τίιάεηιιαηνη’ὶῖίρῐἐ
1165 5354 1425 5429 congesta
1454 5349 1958 5429 rudentumpoxo‘n.
1983 5347 2033 5385 ⁵³
2060 5348 2563 5429 Ραδιαβόε-,Οχοω
2606 5346 2836 5429 ’Νψη
2869 5351 3053 5401 rector
3074 5346 3279 5429 .Baluz.
3332 5350 3622 5429 conrector
3662 5351 3822 5429 “cod.

510 5417 647 5477 Vict.
706 5438 819 5478 non
851 5425 1055 5502 .regtor
1100 5417 1337 5502 Colbeit:
1362 5421 1435 5502 55h
1456 5422 1519 5502 ιίρ
1562 5422 1782 5489 ingerat
1819 5420 2271 5502 Baluzzexncod.
2325 5421 2495 5502 Vict.“
2513 5425 2565 5502 et
2610 5418 2797 5472 Morel.
2836 5422 3023 5502 atque
3062 5419 3295 5487 ingerit,
3428 5418 3621 5502 Οιίοιι,⁸
3637 5417 3705 5502 ⁵6.
3742 5420 3822 5475 In

507 5508 798 5574 numeros,
820 5492 897 5574 sic
924 5494 1106 5574 I_i_aluz.
1135 5492 1365 5574 εὶς-ροίξλ
1397 5490 1546 5574 ροξὺ.
1578 5506 1842 5574 rzmneros
1862 5490 1972 5572 alii.
2021 5491 2067 5529 5"
2087 5490 2644 5574 ‘Amneshsic‘Baluz:
2668 5505 2731 5544 ex
2746 5492 2877 5574 cod...
2913 5489 3047 5544 Vict.
3082 5506 3275 5570 omnes
3301 5489 3409 5556 alii,
3441 5503 3556 5574 pro
3586 5491 3821 5559 fertur,

508 5564 741 5619 vehitur
768 5566 892 5619 cod.
932 5566 1070 5620 Vict.
1130 5564 1278 5617 Colb.
1318 5561 1367 5597 ⁵⁸
1387 5560 1695 5633 Interdum
1728 5563 1950 5617 tantine
1976 5564 2252 5629 multant,
2296 5560 2499 5633 Morel.
2534 5570 2586 5617 et
2614 5560 2726 5617 duo
2759 5560 2974 5617 codices
3008 5576 3139 5616 mss.
3173 5559 3277 5615 nisi
3306 5568 3449 5633 quod
3497 5559 3826 5616 Victorinus

506 5634 667 5690 habet
694 5635 939 5702 lumina,
971 5633 1228 5691 Interdiu
1258 5632 1549 5707 legendum
1576 5634 1786 5691 videtur
1807 5634 2043 5693 Baluzio.
2074 5636 2124 5675 ⁵9
2154 5636 2383 5693 Secreta
2411 5632 2647 5689 Colbert.

2941 5490 2951 5498 ν

2940 5502 2945 5515 Ι
