4058 6172
327 347 458 410 1161

1569 349 1906 414 ΑΡΡΕΝΒΙΧ
1944 353 1986 414 Ι.
2027 385 2098 398 —-
2132 355 2412 416 SODOMA.

3489 363 3621 424 1162

325 475 592 548 Tempore
621 491 744 532 mox
775 491 883 549 quo
913 475 1000 532 lux
1032 476 1284 533 tenebras
1313 475 1684 534 conscendere
1733 487 1919 548 tentat,
1952 497 2000 576 Α
2033 481 2286 539 Protinus
2315 499 2379 538 ex
2409 497 2528 540 sese
2557 492 2816 556 suggestu
2845 485 3078 540 vulnera
3105 487 3360 559 complet.

325 567 392 622 Et
421 565 632 624 bicolor
657 568 784 625 coeli
813 567 978 624 facies
1006 567 1076 624 de
1104 577 1259 625 nocte
1284 568 1484 639 dieque
1508 579 1607 636 est,

325 657 603 711 Instabant
629 657 860 726 juvenes
894 657 1198 714 Chaldmam
1228 658 1459 715 educere
1499 668 1716 730 gentem

327 745 403 799 Ex
437 743 713 810 Sodomis,
736 745 1056 818 justamque
1095 747 1320 801 domum
1351 747 1556 804 donare
1584 748 1738 804 saluti
1775 769 1785 804 :

325 835 440 898 Eia,
475 849 594 908 age,
631 835 749 904 Lot,
789 851 1026 909 exsurge
1059 844 1310 907 tuamque
1346 837 1574 894 arlsume
1598 839 1852 912 iugalem,

325 931 392 985 Et
421 937 574 983 natas
601 929 865 1000 duplices,
897 937 1056 1002 atque
1083 932 1210 988 hinc
1237 933 1562 990 exterminus
1589 933 1687 990 ito.

325 1016 664 1073 Praeveniens
681 1017 974 1074 Sodomum
1004 1033 1190 1088 pinnas
1217 1019 1488 1089 (manibus
1514 1021 1930 1094 quoquejamicis

327 1106 636 1162 Producunt
667 1107 934 1178 trepidos)
967 1115 1126 1181 atque
1145 1109 1263 1164 haec
1295 1109 1386 1164 tibi
1416 1118 1610 1166 caetera
1636 1111 1868 1178 mando;

329 1197 517 1263 Serva,
549 1195 668 1266 Lot,
703 1197 958 1266 animam,
991 1213 1058 1252 ne
1089 1197 1261 1254 visum
1292 1198 1348 1252 in
1389 1206 1536 1272 terga
1559 1209 1854 1256 retrorsum

327 1285 552 1340 Vertere
583 1283 720 1341 forte
748 1285 902 1355 velis,
934 1295 1168 1357 emptum
1194 1287 1280 1344 vel
1312 1287 1501 1342 sistere
1531 1303 1792 1359 gressum.

327 1377 384 1427 In
405 1381 645 1428 montem
675 1390 922 1446 propera.
957 1375 1163 1431 Timuit
1196 1377 1298 1432 Lot
1322 1375 1490 1431 ardua
1509 1377 1662 1434 tardo

326 1463 578 1533 Ereptare
625 1479 815 1535 granu,
847 1465 1096 1520 cmlestes
1126 1481 1194 1522 ne
1223 1467 1377 1537 prius
1405 1466 1499 1521 irin

329 1549 734 1624 Opprimerent,
765 1552 898 1608 alios
927 1553 1096 1624 igitur
1126 1555 1424 1626 deposcere
1452 1561 1640 1624 portus

327 1639 676 1712 Adgreditur,
717 1657 934 1712 parvam
962 1659 1123 1716 quam
1160 1651 1350 1699 contra
1391 1651 1671 1715 aspexerat
1707 1645 1918 1706 urbem.

325 1726 464 1799 Huc,
493 1728 687 1799 inquit,
721 1731 986 1787 contendo
1018 1731 1196 1804 fugas,
1229 1731 1316 1786 vix
1355 1733 1635 1790 mmnibus
1669 1733 1720 1772 6°
1747 1747 1922 1794 exstat

326 1817 442 1872 Nec
468 1818 768 1891 longe,nec
786 1834 1001 1893 magna.
1032 1820 1114 1874 Illi
1135 1819 1312 1876 favere
1342 1821 1546 1891 petenti
1575 1823 1644 1889 δι,

331 1903 490 1960 Urbis
519 1905 762 1976 etipsius
791 1907 986 1978 pariter
1025 1923 1240 1980 gessere
1271 1910 1518 1966 salutem.

329 1990 462 2046 Inde
492 1992 666 2064 Segor
687 1994 838 2051 vico:
879 2011 1078 2051 nomen
1107 2011 1208 2052 vox
1237 1998 1468 2053 barbara
1487 1999 1654 2055 novit.

329 2079 480 2134 Tunc
509 2081 610 2137 Lot
637 2082 944 2155 ingreditur
984 2086 1175 2158 Segor;
1208 2087 1368 2142 simul
1397 2089 1637 2144 exoritur
1663 2089 1763 2154 sol,

331 2167 667 2224 Ultimusille
692 2172 1000 2243 quidem,in
1024 2175 1421 2248 Sodomamque
1451 2177 1926 2234 incendiafervcns

332 2256 498 2312 Infert
532 2273 692 2325 ;nam
723 2267 868 2316 totos
897 2263 1080 2318 radios
1108 2272 1411 2320 armaverat
1439 2267 1600 2338 ignis,

330 2345 542 2400 Emula
570 2348 916 2420 subsequitur
943 2351 1120 2422 caligo
1151 2353 1423 2409 includere
1453 2355 1630 2411 lucem

328 2435 603 2506 C(nptans,
645 2447 804 2508 atque
827 2440 1021 2510 globos
1049 2441 1274 2496 confuso
1303 2442 1548 2498 intexere
1576 2445 1744 2511 caelo;

330 2523 620 2580 Fumantes
640 2534 837 2581 coeunt
862 2527 1056 2592 nubes,
1095 2544 1270 2584 novus
1299 2529 1454 2585 irruit
1481 2531 1670 2600 imber,
1714 2533 1921 2605 [ξῐξιιιον³

336 2615 374 2670 Ι
399 2612 562 2669 ιθι
601 2615 870 2687 Sulphura
909 2633 1030 2674 cum
1069 2617 1298 2674 ﬂammis
1342 2620 1695 2692 ﬂagrantibus
1737 2629 1924 2678 :estuat

328 2703 562 2758 Exustus
586 2705 813 2777 crepitat
839 2705 1057 2777 liquidis
1087 2707 1368 2764 ardoribus
1395 2711 1582 2769 aether.

329 2793 466 2848 Hinc
497 2795 656 2850 habet
685 2794 740 2848 in
769 2794 904 2851 falso
935 2797 1002 2851 de
1031 2811 1161 2852 vero
1193 2796 1376 2851 fabula
1395 2797 1589 2854 famam

334 2882 476 2937 Solis
506 2883 818 2956 prOgeniem
847 2900 1038 2941 currus
1066 2893 1280 2956 Optasse
1310 2895 1580 2956 paternos,

333 2971 446 3026 Nec
476 2972 706 3027 valuisse
735 2972 909 3028 levem
939 2989 1162 3046 puerum
1203 2973 1411 3030 frenare
1446 2975 1712 3044 superbos

333 3059 483 3129 Ignis
507 3077 700 3132 equos,
734 3061 930 3118 arsisse
954 3063 1146 3118 orbem
1172 3079 1184 3131 ;
1220 3069 1346 3118 tunc
1367 3063 1584 3117 fulmine
1604 3069 1820 3132 raptum

332 3147 592 3219 Aurigam
625 3169 640 3218 ;
677 3151 916 3205 illicitum
947 3153 1214 3222 planctum
1244 3159 1485 3207 mutasse
1513 3167 1746 3208 sorores.

332 3238 544 3296 Viderit
571 3239 862 3311 Eridanus,
888 3241 932 3295 si
962 3257 1070 3312 qua
1099 3241 1208 3296 illic
1237 3243 1471 3312 pepulus
1487 3241 1646 3308 albet,

329 3326 446 3382 Aut
473 3327 518 3382 si
543 3327 668 3398 quis
697 3328 905 3398 plumat
935 3329 1088 3384 senio
1127 3329 1452 3385 modulatior
1481 3331 1614 3384 ales.

331 3417 435 3472 Hic
454 3417 605 3472 aliter
627 3432 796 3472 versas
821 3425 1052 3472 mcerent
1079 3417 1331 3474 miracula
1367 3417 1575 3476 format.

331 3595 559 3649 Femina
588 3612 688 3650 non
721 3597 954 3666 patiens,
989 3596 1174 3652 divina
1203 3597 1270 3650 ad
1303 3613 1578 3652 murmura
1607 3596 1730 3653 σαιιὶ

325 3682 580 3738 Audaces
607 3685 794 3740 oculos
825 3701 891 3740 ne
919 3685 1212 3756 quidquam
1241 3686 1356 3742 sola
1385 3689 1622 3758 retorsit,

325 3775 446 3828 Nec
467 3773 714 3828 habitura
747 3774 891 3847 loqui
917 3775 1060 3846 quod
1089 3775 1280 3832 viderit
1311 3796 1324 3844 ;
1349 3785 1400 3832 et
1425 3777 1584 3832 simul
1614 3776 1723 3832 illic

329 3865 392 3918 In
423 3863 682 3936 fragilem
712 3875 915 3919 mutata
955 3867 1433 3936 salem.stetitipsa
1463 3869 1789 3937 sepulcrum,

333 3951 565 4024 Ipsaque
587 3955 764 4026 imago
799 3955 900 4009 sibi
943 3953 1173 4009 formam
1213 3956 1330 4011 sine
1359 3971 1586 4027 corpore
1627 3971 1846 4015 servans
1876 3956 1946 4012 6³.

329 4041 500 4096 Durat
527 4043 701 4097 adhuc
731 4043 934 4097 etenim
965 4043 1114 4097 nuda
1141 4043 1372 4099 statione
1415 4046 1514 4099 sub
1543 4043 1788 4109 aethram,

331 4130 454 4184 Nec
483 4131 683 4200 pluviis
707 4131 914 4202 dilapsa
949 4133 1076 4201 situ,
1111 4147 1209 4187 nec
1246 4133 1421 4188 diruta
1459 4133 1652 4188 ventis.

321 4215 473 4284 Quin
506 4219 662 4275 etiam
694 4221 738 4274 si
781 4221 903 4292 quis
933 4221 1266 4278 mutilaverit
1294 4222 1499 4278 advena
1530 4221 1776 4287 formam,

1778 3418 1938 3492 [legis

329 3505 578 3577 Namque
607 3521 790 3562 comes
819 3507 1047 3576 conjux,
1076 3507 1182 3563 heu
1226 3522 1310 3561 me
1345 3509 1356 3562 !
1390 3509 1528 3563 male
1571 3515 1684 3562 tum
1723 3522 1938 3580 quoque

2034 571 2241 627 Dicitur
2265 581 2321 626 et
2349 570 2534 627 vivens
2562 571 2666 627 alio
2695 574 2806 642 jam
2837 587 3086 644 corpore,
3121 590 3282 632 sexus

2035 659 2317 716 Muniticos
2347 659 2504 714 solito
2533 661 2864 732 dispungere
2893 663 3159 735 sanguine
3191 681 3427 722 menses.

2034 752 2309 820 Nusquam
2343 756 2466 803 sunt
2486 750 2996 822 Sodomi,nusquam
3021 751 3232 807 illorum
3257 752 3422 824 impia
3443 756 3624 814 lucent

2034 839 2228 896 Moenia
2252 856 2397 908 ;cum
2423 839 2653 894 dominis
2665 841 2860 894 domus
2882 840 3058 895 omnis
3087 841 3244 912 ineps
3265 844 3336 898 ita
3359 861 3619 918 nusquam

2033 931 2170 985 Tota
2194 945 2360 1002 rogus
2387 929 2538 1000 regio
2567 939 2648 985 est
2680 975 2694 999 ,
2735 931 2860 986 hinc
2887 937 3006 985 atro
3033 933 3254 986 horrore
3283 931 3498 1002 favilla},

2032 1019 2274 1090 Hincque
2299 1017 2407 1074 situ
2427 1035 2562 1074 cano
2589 1018 2796 1075 cineres
2825 1019 3073 1075 incendia
3100 1020 3336 1094 signant.

2033 1108 2242 1166 Occidit
2269 1107 2363 1162 illa
2399 1108 2550 1180 prior
2579 1107 2762 1162 feritas
2780 1107 2830 1146 53
2849 1123 3010 1178 quam
3041 1110 3375 1182 prOSpiciens
3404 1111 3522 1180 Lot,

2032 1197 2221 1251 Nullus
2251 1203 2365 1251 arat
2391 1196 2589 1250 frustra
2613 1197 2789 1265 piceas
2811 1195 3032 1268 fuligine
3063 1197 3270 1270 glebas.

2033 1285 2458 1357 Semiperempta
2485 1286 2643 1340 etiam
2677 1285 2722 1338 si
2743 1302 2850 1357 qua
2887 1285 2996 1340 illic
3020 1287 3217 1358 jugera
3246 1287 3396 1344 laetas
3495 1315 3498 1322 -

2031 1376 2285 1431 Autumni
2307 1384 2566 1432 conantur
2591 1391 2742 1445 opes,
2785 1374 2939 1431 facile
2966 1377 3166 1446 optima
3197 1392 3321 1432 sese

2035 1466 2364 1522 Promittant
2401 1465 2595 1530 oculis,
2627 1465 2767 1535 pira,
2793 1465 3023 1535 persica,
3047 1473 3100 1521 et
3128 1467 3308 1522 omnia
3345 1469 3499 1534 mala,

2030 1553 2216 1609 Donec
2245 1563 2536 1622 carpuntur
2560 1570 2574 1622 ;
2607 1569 2727 1607 nam
2755 1554 3001 1625 protinus
3029 1554 3204 1611 indice
3235 1564 3434 1612 tactum

2030 1641 2266 1700 Solvitur
2295 1641 2349 1696 in
2378 1641 2632 1706 cinerem,
2663 1641 2720 1698 fit
2748 1659 2884 1698 vana
2915 1643 3201 1715 favillaque
3231 1659 3456 1714 pomum
3483 1645 3553 1701 ⁸4.

2032 1730 2126 1787 Sic
2153 1731 2322 1802 igitur
2351 1731 2488 1786 cmlo
2519 1731 2720 1802 pariter
2746 1739 2998 1802 terraque
3025 1732 3278 1804 sepultis,

2031 1820 2140 1875 Nec
2167 1835 2318 1876 mare
2369 1821 2503 1878 vixit
2529 1821 2626 1886 ibi,
2655 1835 2800 1876 mors
2829 1831 2914 1877 est
2940 1820 3105 1876 maris
3133 1820 3222 1874 illa
3250 1821 3438 1893 quieti,

2031 1907 2190 1977 Quod
2217 1909 2397 1964 nullos
2419 1909 2615 1966 animat
2637 1909 2686 1946 (⁵⁵
2715 1925 2812 1981 per
2836 1909 3030 1964 anhela
3049 1908 3328 1965 volumina
3346 1909 3538 1966 ﬂuctus
3556 1911 3625 1975 65;

2033 1997 2298 2069 Quodque
2326 1997 2485 2053 etiam
2525 1998 2698 2070 patrio
2739 2013 3014 2068 nunquam
3043 1996 3279 2067 suspirat
3319 1999 3386 2052 ab
3425 2007 3629 2064 austro,

2034 2087 2302 2157 Quodque
2333 2087 2518 2157 nequit
2547 2085 2788 2157 proferre
2803 2086 3035 2158 aliquam
3067 2088 3134 2141 de
3164 2085 3378 2158 gurgite
3415 2097 3632 2159 gentem

2036 2177 2460 2249 Squamigeram,
2491 2175 2678 2232 laevive
2705 2175 2816 2231 cuti
2848 2176 2934 2230 vel
2965 2175 3162 2231 cortice
3189 2183 3416 2245 septam,

2035 2265 2132 2320 Vel
2151 2265 2380 2334 crispam
2403 2266 2684 2331 concham,
2700 2273 2792 2320 aut
2811 2263 3012 2336 duplici
3033 2263 3350 2335 compagine
3373 2265 3629 2320 clausam.

2035 2352 2224 2409 Solum
2253 2353 2361 2408 illic
2389 2353 2612 2425 prOprio
2644 2353 2898 2408 mentitur
2932 2352 3086 2424 fruge
3115 2353 3380 2421 bitumen,

2034 2441 2224 2498 Exusti
2253 2441 2425 2514 fuligo
2451 2441 2617 2496 maris
2645 2459 2659 2508 ;
2703 2443 2849 2513 quod
2880 2441 3092 2497 vividus
3121 2443 3285 2498 ardor

2033 2533 2226 2588 Subter
2253 2540 2440 2604 stagna
2468 2546 2728 2603 coquens,
2792 2531 2860 2587 de
2881 2531 3161 2602 sulphuris
3192 2539 3244 2588 et
3270 2531 3397 2588 salis
3424 2543 3558 2589 aestu

2033 2621 2318 2691 Temperat
2349 2621 2515 2692 inque
2545 2620 2720 2689 picem
2751 2621 2842 2674 dat
2869 2629 3028 2674 terrae
3087 2621 3288 2676 haerere
3353 2623 3635 2691 marinam,

2029 2711 2306 2768 Invehitur
2329 2709 2548 2781 proprio
2579 2723 2700 2763 cum
2733 2717 2972 2777 tempore
3003 2708 3204 2780 pingue
3231 2719 3482 2766 cremata}

2037 2800 2194 2854 Virus
2225 2813 2398 2868 aquae,
2429 2797 2747 2868 epumisque
2777 2795 2921 2850 cutis
2947 2811 3116 2866 super
3146 2812 3364 2868 aequora
3395 2800 3551 2870 nigra

2033 2886 2246 2944 I105
2275 2885 2521 2956 Texitur;
2549 2885 2822 2954 appellunt
2844 2885 3001 2956 queis
3029 2893 3112 2939 est
3141 2899 3203 2939 ea
3231 2886 3407 2956 captio
3425 2891 3642 2945 mercis.

2034 2977 2325 3033 Acclimant
2343 2975 2488 3029 leves
2507 2975 2730 3027 laterum
2752 2971 3032 3028 libramine
3051 2973 3282 3041 lembos,

2037 3067 2109 3122 Ut
2135 3063 2296 3120 semel
2327 3061 2630 3132 impositam
2655 3062 2886 3117 doceant
2915 3063 3274 3118 conscendere
3291 3061 3510 3120 'venam.

2037 3157 2173 3211 Nam
2204 3169 2263 3209 se
2292 3163 2482 3222 sponte
2515 3151 2695 3208 levans
2724 3151 2940 3207 adnabit
2961 3152 3153 3207 mercis
3188 3153 3254 3208 ad
3284 3169 3375 3210 ora

2041 3243 2278 3318 Navigii,
2313 3241 2662 3313 pretiumque
2701 3240 2852 3294 dabit
2881 3256 2978 3311 pro
3009 3256 3236 3296 munere
3267 3241 3435 3312 largo,

2043 3332 2110 3386 Ni
2140 3332 2299 3403 plaga
2328 3329 2636 3401 contigerit,
2668 3345 2828 3400 quam
2858 3329 3058 3384 mensis
3077 3329 3280 3383 femina
3299 3329 3478 3386 vestit.

2048 3423 2188 3477 Ecce
2218 3419 2365 3475 aliud
2397 3425 2696 3474 monstrum
2727 3419 2901 3492 pelagi
2933 3419 3000 3474 de
3028 3417 3181 3474 clade
3215 3426 3430 3475 notatur
3457 3435 3472 3482 ;

2051 3510 2258 3565 Cuncta
2295 3507 2406 3562 illic
2436 3506 2675 3561 immissa
2703 3507 2752 3544 66
2781 3514 2965 3560 natant
2998 3524 3012 3576 ;
3045 3513 3238 3562 natura
3265 3505 3490 3561 recessit

2057 3595 2094 3652 I
2117 3595 2290 3652 106
2317 3594 2622 3666 Mergendis
2649 3595 2770 3649 data
2803 3594 3151 3664 corporibus;
3183 3595 3228 3648 si
3261 3593 3494 3664 denique
3513 3599 3646 3648 teste

2052 3685 2352 3743 Luciferam
2383 3699 2564 3738 narem
2593 3683 2870 3748 insistens,
2901 3699 3008 3754 qua
3037 3683 3262 3754 spiritus
3289 3683 3407 3755 igni
3437 3691 3540 3751 est,

2057 3773 2351 3832 Veliﬁcavit
2377 3789 2538 3846 apex,
2571 3772 2800 3827 ﬂammae
2829 3773 2872 3827 si
2905 3771 3118 3826 ﬂamma
3147 3780 3426 3842 perempta
3458 3778 3558 3834 est,

2057 3865 2158 3920 lbit
2187 3865 2374 3920 subter
2403 3878 2568 3934 aquas
2597 3861 2886 3918 destructio
2916 3861 3178 3932 naufraga
3207 3859 3360 3916 lucis.

2061 3955 2154 4008 Hae
2185 3954 2482 4009 Sodomum
2511 3961 2564 4007 et
2591 3952 2890 4008 Gomorum
2913 3949 3139 4022 signata:
3168 3949 3221 4004 in
3251 3949 3444 4003 saecula
3473 3963 3649 4018 poena:

2060 4043 2330 4098 Gentibus
2357 4041 2595 4112 injustis,
2633 4041 2788 4112 queis
2816 4050 3031 4110 pectora
3061 4039 3194 4092 dura
3220 4039 3266 4076 57
3300 4039 3541 4093 timorem

1978 4128 2024 4202 Β
2059 4132 2357 4185 Deseruere
2385 4129 2522 4196 Dei;
2556 4129 2624 4182 de
2657 4127 2797 4182 (mlo
2822 4127 2943 4194 jura
2966 4125 3123 4190 tueri,

2055 4220 2224 4289 Inque
2254 4233 2419 4272 unum
2453 4231 2634 4272 rerum
2663 4215 2949 4270 Dominum
2981 4221 3227 4284 spectare
3257 4213 3540 4269 docebunt.

1699 4399 1886 4462 Varia:
1921 4399 2230 4462 lectiones.

407 4556 460 4594 θο
489 4561 751 4636 Γαθᾳηεὶ
778 4565 929 4616 certe
961 4562 1230 4618 manibus
1260 4558 1498 4636 Qol_b.__51
1541 4557 1674 4636 llhhi
1699 4561 1788 4636 est
1813 4576 1832 4613 :
1879 4557 2072 4636 [avere
2101 4553 2362 4636 precanti
2391 4547 2565 4636 Gell);
2581 4548 2736 4636 Vict...
2760 4551 2944 4636 Morel,
2988 4550 3098 4633 nisi
3128 4553 3272 4636 quod
3325 4553 3435 4636 iste
3473 4556 3596 4626 legit
3631 4598 3645 4624 ,

327 4631 547 4700 favete.
579 4620 631 4668 333
657 4620 847 4688 Carne
873 4649 1174 4689 reservans
1201 4632 1482 4687 cod.Colb.
1526 4633 1716 4708 forma
1745 4620 1934 4708 Morel,
1976 4642 2078 4699 pro
2101 4620 2389 4708 'f'qrnza-m.
2439 4623 2736 4708 ﬁg‘qccidit
2775 4620 3338 4708 ἐυεργέων.Ἰὶηήἰςςε.
3375 4620 3652 4708 Obscurus

327 4695 552 4774 versus,
585 4702 678 4756 ubi
699 4703 744 4756 si
773 4705 984 4774 [irritas
1016 4719 1114 4772 pro
1143 4705 1408 4774 fortitatc
1437 4695 1732 4772 accipiatur
1760 4695 1994 4756 ratione'
2013 4695 2287 4766 carminis,
2317 4695 2584 4752 constabit
2603 4711 2814 4763 sensus,
2849 4695 2925 4748 uti
2964 4695 3170 4763 feﬂtas
3199 4709 3233 4750 α
3252 4699 3478 4764 [urendo
3507 4699 3650 4752 dica-

331 4779 453 4846 tur:
484 4773 600 4829 Vox
630 4788 696 4828 eo
728 4773 1040 4846 significatu
1068 4773 1212 4829 nunc
1241 4774 1508 4846 obsoleta.
1531 4775 1671 4828 Pam.

413 4844 742 4916 Corruptum
773 4837 958 4902 l'ocum
986 4845 1066 4901 sic
1096 4845 1373 4902 emendari
1403 4853 1458 4901 et
1484 4847 1688 4917 expleri
1716 4859 1878 4917 posse
1913 4847 2065 4916 putat
2091 4839 2266 4896 editor
2293 4837 2616 4910 Oxoniensis
2648 4854 2660 4889 :

1101 4969 1318 5028 Occidit
1343 4971 1448 5026 illa
1465 4971 1622 5042 prior
1651 4971 1877 5042 species,
1901 4983 2074 5042 quam
2098 4965 2446 5042 prospicith
2477 4964 2574 5018 Lot

1091 5043 1408 5100 Deseruisse
1435 5035 1522 5114 ρ’ἱὶ
1540 5035 1730 5113 fertur
1756 5035 2332 5108 commercia’frati-is.
2363 5035 2561 5089 BALUZ.

403 5165 670 5242 Mul’acyt'
691 5165 1005 5242 [avitisque
1023 5167 1181 5242 pomi
1211 5165 1334 5242 duo_
1351 5163 1472 5219 cod.
1507 5163 1712 5242 ηιξ-εκεῖ)
1741 5163 1896 5242 Quod
1919 5161 2350 5242 nulloiqnz'mat
2383 5154 2754 5242 flol‘b.“Morel.
2790 5155 2957 5242 quue
2977 5157 3171 5242 anima
3199 5160 3414 5242 mullus
3441 5159 3648 5242 Eahric.

315 5245 384 5292 et
414 5235 552 5293 edit.
589 5227 766 5292 Oxon.
799 5237 850 5275 66
881 5227 1071 5293 Inidia
1100 5238 1208 5293 duo
1237 5235 1359 5292 cod.
1395 5252 1528 5291 mss.
1554 5235 1600 5273 6⁷
1637 5227 1812 5292 Corda
1844 5235 2056 5293 obdura
2087 5231 2269 5289 Baluz.
2301 5229 2424 5286 cod.
2459 5227 2610 5285 Colb.
2643 5227 2873 5302 corpord
2912 5229 3054 5284 dura
3083 5230 3266 5285 Morel.
3297 5234 3415 5287 cod.
3441 5233 3646 5288 Victor.

321 5308 498 5364 Paulo
528 5315 652 5382 post
679 5310 823 5380 jura
851 5309 1042 5366 veteri.
1078 5308 1228 5365 Colb.

599 5773 842 5836 ΡΑτιιοι..
879 5775 950 5836 Il.

3365 5769 3434 5826 37
