4058 6172
550 329 690 389 1163

1609 324 1697 383 AD
1736 323 2027 385 GENUINA
2063 322 2516 385 TERTULLIANI
2550 325 2767 386 OPERA

3632 332 3739 395 ιιει

1142 605 1922 699 ARGUMENTUM
1990 605 2283 697 LIBRI
2345 606 2492 698 AD
2545 605 3245 729 SENATOREM,

687 784 769 830 EX
809 780 1165 830 CHRISTIANA
1202 779 1529 827 RELIGIONE
1568 780 1645 824 AD
1683 777 1991 824 IDOLORUM
2038 777 2412 826 SERVITUTEM
2453 778 2843 835 CONVERSUM;
2884 781 3001 828 PER
3055 744 3329 828 JACOBUM‘
3351 781 3644 831 PAMELIUM.

554 895 885 955 Senatorem
913 896 1163 970 graviter
1181 895 1465 968 increpat,
1501 892 1643 968 quod
1679 896 1852 950 antea
1890 892 2255 949 Christianus
2284 897 2340 950 et
2377 893 2592 960 consul,
2624 894 2788 952 Isidis
2822 910 2923 953 seu
2963 894 3167 952 Matris
3197 897 3361 954 Deum
3402 897 3624 955 sacerdos
3657 898 3753 968 ﬁeri

612 1013 730 1054 non
775 997 852 1053 sit
891 998 1106 1055 veritus
1134 1013 1153 1064 ,-
1185 994 1449 1052 hortatur
1475 994 1668 1066 itaque
1683 996 1750 1049 ut
1775 991 1979 1048 saltem
2006 990 2391 1049 insenectute
2410 994 2910 1067 resipiscat.Porro
2939 1009 3070 1052 cum
3098 996 3270 1052 etiam
3317 993 3400 1052 hic
3423 994 3647 1069 quadam
3668 996 3759 1052 sint

623 1094 1056 1161 Tertullianiea,
1082 1106 1174 1162 ego
1205 1091 1300 1147 illi
1325 1089 1604 1149 ascribere
1630 1087 1821 1146 malui
1847 1102 2012 1161 quam
2059 1088 2118 1141 B.
2157 1087 2458 1163 Cypriane.

1886 1364 1993 1428 AD
2042 1364 2509 1431 SENATOREM

967 1512 1072 1577 Ea:
1103 1510 1477 1579 Christiana
1502 1508 1811 1594 religione
1841 1505 1928 1571 ad
1954 1504 2280 1571 idolorum
2309 1508 2675 1574 servitutem
2713 1529 3118 1580 conversum.

1056 1727 1282 1784 CAPUT
1320 1724 1606 1782 PRIMUM.

542 1859 683 1915 Cum
712 1866 768 1911 te
797 1852 1026 1911 diversis
1048 1852 1241 1909 iterum
1272 1849 1532 1921 vanisque
1556 1847 1795 1906 viderem

544 1945 814 2002 Inservire
842 1942 1028 2013 sacris,
1059 1940 1347 2014 priscoque
1375 1953 1561 1996 errore
1590 1935 1787 2003 teneri;

554 2032 808 2103 Obstipui
832 2031 1068 2089 monitus
1095 2031 1223 2103 (81);
1272 2029 1397 2103 quia
1415 2026 1654 2083 carmina
1677 2040 1893 2096 semper
1922 2022 2139 2092 amasti,

544 2123 792 2179 Carmine
820 2120 1176 2193 respondens,
1208 2115 1494 2192 prOperaVi
1523 2114 1762 2171 scribere
1789 2128 2015 2182 versus;

544 2212 612 2270 Ut
640 2219 694 2270 te
720 2211 1072 2282 corriperem,
1093 2209 1343 2265 tenebras
1371 2219 1687 2277 prmponere
1713 2204 1835 2260 luci.

547 2299 684 2370 Quis
717 2300 947 2374 patiatur
976 2299 1138 2366 enim,
1170 2305 1223 2354 te
1259 2297 1491 2352 Matrem
1519 2294 1745 2350 credere
1773 2307 2031 2363 magnam

542 2391 714 2465 Posse
743 2391 909 2446 Deam
937 2387 1062 2453 dici,
1095 2399 1391 2456 rursusque
1428 2390 1617 2455 putare
1644 2381 1977 2449 colendam,

544 2477 719 2550 Cujus
748 2475 989 2536 cultores
1016 2472 1236 2528 infamia
1274 2470 1447 2543 turpis
1475 2468 1644 2526 inurit
1670 2470 1698 2527 ‘l

540 2566 788 2639 Namque
814 2561 1118 2620 sacerdotes
1146 2560 1260 2633 (82)
1290 2559 1479 2616 tunicis
1508 2558 1863 2615 muliebribus
1898 2556 2063 2614 iidem

540 2654 775 2711 Interius
802 2653 967 2708 ritum
997 2650 1144 2706 cultu
1172 2647 1427 2704 interiore
1457 2646 1717 2715 fatentur;

538 2742 709 2816 quue
727 2742 888 2799 licere
907 2746 1117 2813 putant,
1140 2737 1284 2810 quod
1307 2752 1417 2793 non
1452 2736 1612 2805 licet;
1637 2733 1779 2791 unde
1805 2749 1904 2806 per
1945 2734 2134 2791 orbem

538 2831 747 2890 Leviter
775 2830 1049 2897 incedunt,
1079 2826 1283 2883 mollita
1329 2841 1462 2882 voce
1488 2824 1799 2896 loquentes,

541 2921 903 2991 Lapsatosque
917 2924 1101 2973 tenent
1112 2923 1341 2971 extenso
1359 2914 1556 2986 pollice
1586 2912 1820 2978 lumbos,

540 3008 606 3062 Et
629 3006 904 3078 preprium
934 3012 1143 3061 mutant
1170 3003 1386 3073 vulgato
1415 3000 1642 3057 crimine
1668 3015 1878 3057 sexum.

543 3095 786 3166 Cumque
814 3109 945 3151 suos
974 3092 1246 3150 celebrant
1274 3091 1430 3160 ritus,
1453 3090 1541 3146 his
1576 3105 1695 3146 esse
1723 3089 1916 3145 diebus

538 3185 610 3241 Se
628 3192 807 3241 castos
825 3191 1125 3239 memorant
1143 3179 1280 3253 (83);
1304 3188 1358 3236 at
1377 3179 1424 3234 si
1442 3177 1814 3234 tantummodo
1837 3184 1963 3233 tunc
1980 3185 2125 3246 su..t,

538 3272 611 3328 Ut
633 3271 936 3343 perhibent,
960 3269 1121 3343 casti;
1153 3268 1365 3341 reliquo
1394 3268 1502 3339 jam
1526 3273 1769 3338 tempore
1796 3264 1924 3337 quid
1955 3264 2128 3343 sunt?

539 3340 649 3418 Sed
680 3362 806 3434 quia
835 3340 1321 3436 cogunturlsaltem
1350 3355 1515 3413 semel
1543 3370 1663 3411 esse
1692 3352 1895 3426 pudici,
2000 3340 2013 3348 ’

535 3449 715 3504 Mente
734 3446 986 3515 fremunt,
1006 3447 1245 3503 lacerant
1261 3460 1482 3517 corpus,
1505 3440 1840 3515 funduntque
1859 3455 2123 3497 cruorem.

542 3534 712 3603 Quale
742 3551 961 3593 sacrum
990 3545 1073 3593 est
1099 3550 1248 3606 vero,
1271 3532 1419 3605 quod
1448 3531 1617 3588 fertur
1639 3531 1859 3587 nomine
1879 3526 2128 3602 sanguis?

1190 3672 1422 3729 CAPUT
1452 3673 1521 3727 Il.

540 3800 703 3856 Nunc
732 3797 894 3853 etiam
921 3795 1078 3867 dicis,
1106 3795 1251 3867 quod
1278 3805 1328 3852 te
1354 3810 1465 3851 non
1507 3791 1690 3850 fecerit
1717 3801 1871 3863 aetas,

536 3886 644 3943 Sed
677 3894 767 3941 tua
795 3885 984 3958 religio
1013 3884 1246 3956 calvum,
1277 3882 1552 3958 caligaque
1590 3890 1793 3937 remota
1835 3880 1950 3951 (84)

538 3975 773 4047 Gallica,
805 3973 875 4028 sit
902 3972 1129 4046 pedibus
1159 3971 1307 4028 molli
1333 3970 1578 4028 redimita
1606 3986 1833 4042 papyro.

540 4063 651 4119 Res
680 4062 917 4118 miranda
946 4061 1079 4116 satis
1105 4061 1417 4132 dejectaque
1447 4059 1677 4114 culmine
1706 4073 1938 4114 summo.

545 4153 602 4211 Si
631 4152 759 4225 quis
788 4153 856 4207 ab
870 4151 1042 4208 Isiaco
1061 4150 1248 4207 consul
1263 4147 1518 4221 procedat
1541 4147 1597 4203 in
1616 4148 1828 4216 urbem,

538 4244 701 4300 Risus
730 4241 840 4298 oris
866 4240 970 4297 erit
999 4258 1011 4295 :
1044 4240 1169 4312 quis
1199 4247 1252 4295 te
1285 4252 1396 4294 non
1426 4236 1599 4293 rideat
1624 4246 1826 4307 autem,

539 4332 646 4402 Qui
675 4331 845 4387 fueris
873 4330 1080 4400 consul,
1110 4345 1253 4385 nunc
1288 4327 1445 4385 Isidis
1473 4342 1594 4383 esse
1623 4325 1962 4382 ministrum?

544 4422 812 4494 Quodque
840 4420 1011 4492 pudet
1039 4418 1234 4492 primo,
1268 4427 1318 4474 te
1354 4434 1462 4475 non
1494 4417 1659 4489 pudet
1689 4432 1810 4473 esse
1847 4414 2079 4471 secundo
2113 4433 2126 4471 :

538 4511 927 4584 Ingeniumque
956 4518 1107 4568 tuum
1142 4518 1325 4581 turpes
1352 4508 1606 4564 damnare
1637 4522 1732 4578 per
1760 4507 1990 4584 hymnos

2170 1685 2218 1763 Α
2248 1668 2503 1763 Respond
2522 1678 2643 1729 ente
2668 1672 2763 1728 tibi
2790 1672 2952 1750 vulgo
2976 1680 3029 1731 et
3061 1674 3333 1730 lacerante
3360 1674 3550 1737 senatu,

2247 1756 2435 1829 Teque
2454 1759 2615 1818 domo
2644 1764 2866 1834 propria
2902 1764 3106 1835 pictum
3135 1778 3262 1821 cum
3280 1758 3498 1817 fascibus
3531 1763 3653 1822 ante,

2250 1846 2408 1904 Nunc
2435 1865 2649 1923 quoque
2668 1866 2794 1907 cum
2824 1852 2987 1909 sistro
3015 1851 3220 1909 faciem
3250 1857 3454 1923 portare
3479 1844 3702 1902 caninam.

2250 1933 2377 1991 Haec
2403 1950 2512 1993 non
2550 1938 2823 2001 humilitas
2850 1939 2946 1996 sed
2977 1938 3293 1997 humilitatis
3316 1937 3489 2009 imago
3506 1937 3599 1991 est.

2246 2021 2473 2079 Edibus
2501 2025 2591 2081 illa
2620 2026 2728 2083 tuis
2754 2043 2968 2100 semper
2996 2035 3352 2086 monumenta
3378 2024 3655 2080 manebunt.

2246 2109 2452 2168 Rumor
2479 2114 2527 2169 ei
2556 2114 2625 2169 ad
2654 2123 2869 2173 nostras
2898 2118 3138 2189 pervenit
3165 2115 3419 2188 publicus
3444 2125 3605 2179 aures,

2246 2197 2322 2255 Te
2353 2199 2595 2258 dixisse:
2629 2203 2761 2270 Dea,
2794 2206 2994 2275 erravi,
3028 2206 3284 2278 ignosce,
3316 2201 3500 2259 redivi.

2242 2286 2341 2343 Dic
2370 2289 2500 2344 mihi
2528 2290 2573 2344 si
2610 2291 2807 2360 valeas,
2839 2309 2961 2350 cum
2992 2293 3114 2350 talis
3141 2308 3294 2363 saepe
3318 2303 3545 2365 rogares,

2242 2376 2311 2433 Et
2337 2377 2547 2436 veniam
2569 2386 2814 2452 peteres;
2851 2398 2972 2455 quae
3000 2391 3180 2440 tecum
3211 2382 3375 2442 verba
3402 2381 3566 2435 locuta
3588 2372 3695 2431 est?

2244 2464 2384 2522 Vere
2409 2474 2589 2523 mente
2619 2483 2790 2539 cares,
2824 2471 3067 2542 sequeris
3097 2470 3198 2543 qui
3231 2477 3406 2526 mente
3432 2472 3663 2523 carentes.

2241 2553 2367 2611 Haec
2392 2556 2590 2612 iterum
2617 2558 2839 2630 repetis,
2868 2575 2970 2616 nec
2998 2566 3051 2616 te
3068 2559 3384 2632 delinquere
3414 2553 3588 2611 sentis.

2238 2641 2379 2712 Quid
2405 2661 2644 2702 mereare
2682 2647 2843 2720 vide;
2877 2648 3056 2705 minus
3084 2664 3243 2706 esses
3270 2647 3407 2704 forte
3431 2638 3690 2702 notandus,

2241 2731 2300 2788 Si
2328 2740 2531 2791 tantum
2558 2736 2661 2793 hoc
2686 2736 2872 2807 scires,
2902 2747 2957 2794 et
2984 2737 3039 2792 iu
3068 2737 3174 2794 hoc
3204 2751 3391 2794 errore
3417 2744 3671 2796 maneres:

2239 2825 2307 2879 At
2336 2839 2457 2880 cum
2486 2824 2735 2884 vericolae
2761 2828 3128 2899 penetraveris
3154 2827 3300 2885 ostia
3328 2824 3480 2899 legis,

2237 2915 2308 2969 Et
2327 2913 2424 2971 tibi
2454 2929 2617 2971 nosse
2638 2917 2808 2972 Deum
2835 2917 3027 2990 paucis
3055 2916 3358 2975 accesserit
3381 2913 3547 2983 annis;

2162 2981 2206 3059 Β
2234 3002 2343 3058 Cur
2370 3002 2659 3075 linquenda
2688 2981 2855 3074 tenes;
2893 3014 2987 3062 aut
3012 3023 3106 3065 cur
3144 3005 3429 3063 retinenda
3456 2981 3719 3069 relinquis?

2233 3091 2433 3164 Nilque
2463 3095 2619 3166 colis,
2650 3094 2778 3151 dum
2807 3103 2996 3152 cuncta
3021 3096 3201 3167 colis;
3234 3110 3335 3152 nec
3362 3090 3522 3150 corde
3568 3094 3770 3144 retractas

2237 3181 2375 3237 Vera
2402 3182 2529 3253 quid
2558 3199 2590 3238 a
2616 3182 2788 3251 falsis,
2820 3183 2943 3257 quid
2975 3185 3046 3239 ab
3095 3183 3314 3241 umbris
3377 3180 3569 3239 lumina
3608 3175 3775 3231 distent.

2232 3269 2621 3342 Philosophum
2640 3270 2819 3348 ﬁngis,
2850 3290 2973 3329 cum
3002 3282 3053 3331 te
3082 3273 3358 3330 sententia
3385 3277 3577 3337 mutet;

2233 3357 2370 3413 Nam
2402 3357 2498 3414 tibi
2526 3360 2573 3415 si
2601 3362 2936 3418 stomachum
2973 3362 3262 3434 popularis
3290 3357 3520 3416 moverit
3545 3372 3686 3421 aura;

2235 3446 2303 3501 Et
2329 3447 2553 3505 Iudaeus
2581 3449 2707 3517 eris,
2738 3457 2991 3521 totusque
3020 3450 3270 3508 incertus
3308 3444 3551 3504 haberis.

2236 3534 2459 3607 Indulge
2488 3536 2667 3605 dictis,
2700 3537 2966 3611 sapientia
2993 3554 3102 3596 non
3129 3539 3314 3610 placet
3340 3538 3475 3604 alta;

2236 3623 2410 3679 Omne
2428 3625 2573 3696 quod
2592 3635 2673 3682 est
2691 3628 2937 3695 nimium,
2970 3635 3162 3685 contra
3179 3628 3350 3695 cadit,
3367 3638 3534 3682 unum
3552 3619 3779 3692 ορεηιιιιιτ

2242 3711 2281 3767 Ι
2302 3711 2463 3769 107
2495 3716 2564 3770 Et
2610 3715 2753 3772 calor
2773 3726 2829 3772 et
2848 3716 3044 3791 frigus;
3076 3717 3160 3774 sic
3187 3718 3318 3783 hoc,
3353 3715 3435 3772 sic
3477 3711 3605 3769 illud
3621 3701 3778 3766 adurit;

2238 3800 2328 3857 Sic
2349 3803 2581 3858 tenebrae
2609 3803 2807 3874 visum,
2840 3807 2920 3862 sic
2948 3807 3030 3863 sol
3078 3806 3391 3864 contrarius
3416 3799 3624 3865 aufert;

2238 3891 2305 3946 Et
2333 3892 2541 3963 pariter
2569 3894 2771 3950 laedunt
2801 3895 3043 3967 gelidum
3074 3894 3413 3967 fervensque
3441 3892 3711 3952 lavacrum;

2237 3980 2376 4036 Esca
2412 3981 2581 4037 alitur
2606 3998 2827 4057 corpus,
2859 4001 3057 4058 corpus
3085 3983 3460 4055 corrumpitur
3486 3992 3605 4035 esca
3632 3992 3646 4041 ἱ

2236 4069 2467 4142 Vimque
2495 4086 2645 4125 suam
2669 4071 2880 4143 minuit,
2908 4073 2956 4128 si
2985 4074 3112 4141 quid
3138 4071 3490 4144 protenditur
3517 4064 3665 4124 ultra.

2166 4154 2210 4232 ε
2238 4155 2483 4229 Denique
2510 4156 2556 4211 si
2585 4159 2797 4226 sedeas,
2830 4160 3048 4233 requies
3075 4170 3155 4216 est
3182 4175 3389 4233 magna
3417 4154 3608 4212 laboris
3636 4165 3648 4203 :

2238 4243 2296 4300 Si
2326 4245 2550 4300 multum
2579 4247 2801 4319 sedeas,
2821 4249 2975 4305 labor
3005 4256 3107 4304 est.
3139 4249 3297 4306 Maro
3328 4257 3562 4316 namque
3586 4237 3727 4310 Ροει³

2241 4334 2347 4389 Pro
2376 4349 2540 4403 poena
2564 4337 2747 4407 posuit
2780 4351 2794 4392 :
2826 4338 3009 4406 Sedet,
3040 4349 3425 4410 aeternumque
3454 4325 3655 4388 sedebit

2236 4419 2426 4477 Infelix
2458 4422 2701 4480 Theseus
2730 4426 2879 4498 (85);
2904 4440 3125 4497 semper
3151 4432 3314 4482 nocet
3341 4422 3477 4479 utile
3504 4419 3739 4487 longum.

2238 4509 2468 4588 Ifrandia
2495 4509 2664 4585 longa
2695 4517 2908 4583 nocent,
2939 4513 3144 4586 jejunia
3172 4514 3342 4588 longa
3367 4508 3621 4581 fatigant;

1873 4578 2370 4649 Commentarius.

559 4662 566 4670 ‘
610 4691 731 4765 (81)
764 4691 1012 4765 Obstipui
1038 4688 1582 4765 monitus,__et_c.__E_st
1624 4687 1739 4742 haec
1781 4686 1994 4765 phrasis
2024 4703 2130 4765 non

539 4758 720 4843 modo
747 4758 1086 4843 Cyprianica,
1128 4777 1235 4843 qua
1278 4760 1403 4843 alibi
1434 4759 1566 4815 dixit
1592 4774 1801 4843 tinens
1829 4758 2120 4843 obstipuit,

2167 4709 2211 4786 Β
2317 4689 2441 4769 (83).
2469 4691 2703 4774 Hisesse
2730 4694 2916 4776 diebus
2949 4709 3009 4776 se
3034 4697 3215 4751 castos
3243 4688 3592 4771 memorant,
3618 4686 3711 4733 etc.
3736 4671 3791 4725 De

2249 4760 2429 4815 Castzs
2459 4762 2611 4815 [endis
2641 4780 2808 4815 sacris
2832 4767 2949 4815 Vide
2996 4765 3134 4815 infra
3180 4764 3577 4815 Tertullianum
3621 4738 3791 4815 tom

2291 4738 2441 4815 astis'
2459 4762 2611 4818 lsndis
2832 4738 3590 4820 videwirifraw'l‘ei‘tullianum'
3621 4738 3791 4820 tom

538 4810 720 4910 ξὲἆῗέι
746 4810 1161 4910 stetisses?
1172 4810 1426 4910 Siculis}:
1434 4810 2042 4910 13;;"riass"est’1'is."
2053 4810 2124 4891 ἇέ
2231 4810 2425 4887 suae
2459 4810 3213 4910 istaista:ignitis...“
3229 4810 3520 4889 “egissit
3571 4822 3714 4880 etiam
3732 4810 3796 4867 ille

537 4906 718 4963 ludio.
743 4907 983 4975 Domini,
1014 4921 1131 4975 cup.
1166 4919 1222 4974 ιι,
1255 4902 1349 4959 ubi
1385 4902 1583 4975 legitur
1612 4919 1626 4960 :

664 4973 1192 5039 Obstipuerequiilem
1222 4976 1408 5036 plures,
1436 4973 1658 5037 patuisse
1693 4973 1938 5037 sepulcra.

538 5039 935 5107 Castigavimus
973 5048 1152 5092 autem
1181 5040 1457 5102 monitus,
1488 5052 1586 5107 pro
1614 5040 1823 5094 motus.

2230 4917 2421 4977 versus
2458 4907 2742 4977 obscurus,
2791 4916 2846 4964 et
2873 4907 3011 4964 forte
3043 4907 3336 4963 mendosus
3369 4921 3384 4958 :

2296 4972 2452 5033 Quale
2483 4989 2681 5028 sacrum
2702 4951 2777 5029 e,st
2793 4951 2945 5038 Ve};
2967 4951 3306 5043 quod'fei'l'u;
3326 4971 3533 5025 nomine
3564 4951 3772 5079 33.059“?

2308 5037 2426 5079 (RM
2461 5040 2755 5079 (inlinit/nu)
2784 5046 2998 5079 momnfn
3071 5051 3152 5079 nln
3205 5041 3286 5079 nn
3312 5036 3535 5079 militia.
3587 5042 3651 5079 ϐα
3675 5020 3772 5079 £00"

2274 5020 3287 5115 _ancaiisaa1rtaz'ta:'agns
3312 5020 3535 5115 suam
3587 5020 3794 5115 celsae

608 5088 1002 5193 (asinina;
1011 5088 1357 5193 iacerent;
1373 5088 1925 5193 ξζὸἶΕἱςιὲιῖιὶιᾷἐ-ἷίηιιε
1956 5107 2133 5193 ἰίἀθηξ
2236 5088 2359 5193 vide
2376 5088 2799 5193 ξιιῇἷιζῗῷὖῗὶις
2817 5088 3243 5193 titinius};
3258 5088 3392 5192 est;
3405 5088 3503 5189 is,
3536 5088 3790 5193 numslf'l:

537 5172 636 5251 pro
668 5172 837 5249 idem,
869 5172 920 5236 ei
950 5180 1107 5250 paulo
1128 5187 1252 5252 post
1277 5198 1297 5254 :_
1325 5172 1540 5251 reliquo
1558 5181 1686 5254 jam
1700 5179 2133 5254 _t_empore_quid
2240 5172 2718 5254 Atquicbrripitur
2745 5172 2903 5241 etiam
2930 5202 2962 5240 a
3013 5184 3067 5240 in
3115 5172 3352 5254 ablativo
3394 5172 3497 5251 qui
3527 5172 3749 5242 sequitur
3782 5172 3792 5210 ε

532 5250 695 5325 sunt,
728 5269 825 5325 pro
863 5267 1108 5325 corpore.
1130 5250 1302 5322 'Atqui
1340 5254 1408 5325 de
1445 5250 1837 5325 sacerdotibus
1881 5250 2138 5325 Isidis__et

2384 5251 2594 5319 Gallica,
2624 5255 2689 5304 sit
2721 5255 2933 5319 pedibus
2962 5255 3103 5306 molli
3136 5251 3374 5319 redimita
3400 5259 3605 5319 papxrog

532 5324 652 5395 ipsa
677 5310 820 5379 'Is'ide
869 5310 1033 5394 supra
1072 5337 1182 5377 non
1230 5310 1402 5395 semel
1455 5320 1584 5374 satis
1621 5321 1830 5375 dictum
1878 5321 2138 5395 est._ﬂic
2243 5310 2639 5395 Castigavirnus
2665 5310 3065 5395 véro_recens:_
3090 5317 3301 5375 Consul
3326 5310 3592 5395 procedat
3618 5310 3675 5363 in
3710 5315 3791 5395 τις

530 5392 635 5449 illis
647 5395 833 5451 tribuit
856 5392 1083 5452 tunicas
1098 5393 1418 5461 muliebres,
1432 5395 1724 5446 mutatum
1755 5408 1975 5456 sexum,
1998 5392 2144 5447 lace-

2247 5382 2528 5460 bemfpro
2556 5392 2761 5448 orbem.
2794 5391 2858 5444 Et
2886 5406 3009 5446 mox
3040 5391 3163 5445 Ηιεσ
3190 5382 3670 5446 ποκ’ἠτιηιίιίιαε,
3712 5382 3793 5446 pro

527 5468 813 5524 rationem
842 5467 1088 5536 corporis
1135 5479 1200 5518 ac
1229 5465 1512 5536 fusionem
1560 5464 1796 5536 cruoris,
1850 5464 2141 5536 calvitiem
2249 5469 2375 5522 Haec
2417 5463 2519 5536 tua
2549 5462 2867 5536 humilitas.

527 5542 583 5615 et
608 5538 771 5615 pedes
815 5538 1105 5615 Gallicana
1148 5550 1260 5606 pap

521 5606 695 5662 sistro
718 5608 928 5678 faciem
950 5606 1243 5664 caninam.

1264 5550 1363 5606 yro
1402 5532 1722 5599 redemitos,
1747 5534 1981 5605 denique
2012 5550 2142 5589 cum

2324 5512 3094 5607 {titilmsedethtEternumque
3141 5528 3352 5589 sedebit
3409 5524 3614 5599 infelix
3676 5512 3786 5574 The-

2249 5624 2395 5671 scus.
