4058 6172
183 325 195 334 ’
254 350 397 413 1165

239 476 331 533 Sic
354 476 586 534 nimium
613 494 805 552 sapere
837 470 1062 536 stultum
1091 479 1219 537 facit
1239 479 1488 554 improba
1514 490 1684 539 secta.

238 567 325 622 Me
345 566 444 623 dea
470 565 549 622 sic
576 567 779 634 docuit,
811 568 1159 626 moderamen
1196 570 1449 642 amabile,
1484 571 1637 628 dixit.

239 654 349 711 Sed
377 663 436 712 tu
491 671 596 712 nec
624 666 825 714 sectam
855 658 1040 730 modo,
1072 673 1172 714 nec
1192 660 1560 718 moderamina
1580 678 1758 728 curas,

238 743 391 799 Mens
413 751 594 800 autem
625 746 831 802 stabilis
858 747 1010 803 nullo
1040 750 1368 820 pervertitur
1405 759 1559 819 aestu,

238 832 466 904 Ipsaque
503 832 821 903 simplicitas
854 851 1126 907 nunquam
1157 837 1292 892 mala
1322 839 1518 910 cogitat
1546 841 1672 897 ulla.

243 922 380 978 Hinc
399 920 607 978 sincera
638 921 769 979 fides
798 935 1002 979 aeterna
1025 924 1130 981 fide
1160 924 1408 995 fruetur;

244 1012 314 1065 Et
340 1018 526 1067 contra
554 1010 711 1069 dolus
740 1012 902 1085 longo
930 1012 1258 1070 cruciabitur
1286 1015 1422 1090 igni.

259 1097 298 1152 Ι
319 1095 481 1153 I08
514 1097 666 1172 Elige
687 1099 817 1171 quid
846 1100 1002 1168 velis,
1032 1108 1091 1156 ut
1110 1101 1272 1175 digna
1302 1103 1511 1174 piacula
1536 1104 1690 1162 vites.

245 1185 332 1242 Sic
361 1195 538 1242 tamen
567 1187 707 1244 hanc
748 1188 961 1247 veniam
992 1197 1261 1246 mereatur
1289 1191 1541 1263 creditor,
1574 1192 1792 1267 inquam
1816 1211 1832 1267 ;

244 1274 315 1331 Ut
341 1275 455 1331 leve
480 1274 682 1331 crimen
712 1277 836 1344 erit,
866 1276 913 1332 si
945 1278 1085 1334 nolis
1114 1280 1336 1337 noscere
1364 1296 1530 1351 vera;

244 1363 366 1420 Non
402 1362 522 1421 leve
541 1363 747 1421 crimen
775 1363 900 1435 erit,
932 1366 976 1422 si
1008 1367 1226 1442 cognita
1256 1384 1385 1426 vera
1422 1369 1722 1444 relinquas.

247 1451 354 1510 Sed
383 1460 436 1511 te
464 1461 769 1512 correctum
796 1453 979 1512 forsan
1008 1463 1216 1514 matura
1243 1466 1497 1517 senectus

1307 352 1639 419 APPBNDIX
1676 359 1720 418 ι.
1756 386 1830 402 -
1867 355 1951 417 DB
1985 354 2148 418 .IONA
2182 353 2263 415 ΒΤ
2289 349 2541 415 NINIVE.

3402 356 3540 419 1166

1867 501 1914 580 A
1948 481 2009 536 In
2038 480 2229 537 melius
2257 489 2471 535 revocat
2500 478 2749 534 satiatum
2778 477 3058 534 erroribus
3087 478 3203 535 istis
3235 498 3248 533 :

1945 570 2179 642 Tempus
2205 568 2350 625 enim
2381 575 2553 624 mutat
2591 567 2746 632 mala,
2781 566 2977 638 digerit
3006 570 3188 624 omnia
3226 577 3459 641 tempus.

1937 658 2089 714 Tunc
2118 657 2284 730 igitur
2313 673 2440 715 cum
2471 664 2521 711 te
2550 657 2794 712 consulta
2824 656 3093 712 reduxerit
3121 667 3271 730 aetas,

1942 747 2101 804 Disce
2128 749 2240 805 Deo
2269 762 2480 807 servare
2509 745 2689 811 fidem,
2726 761 2795 801 ne
2825 745 2963 801 forte
2991 746 3075 802 bis
3102 763 3269 803 unum

1942 838 2191 892 Incurras
2222 839 2450 909 lapsum,
2484 836 2610 909 quia
2648 850 2772 891 vere
2799 835 2994 891 dicitur
3025 837 3153 892 illud
3194 854 3209 891 :

1866 994 1873 999 _
1941 924 2047 995 Qui
2077 926 2229 997 pedis
2258 924 2455 981 offensi
2472 924 2713 996 lapidem
2746 923 2914 979 vitare
2943 924 3186 981 secundo

1943 1014 2141 1082 Nescit,
2172 1023 2225 1070 et
2255 1015 2499 1070 incautus
2526 1014 2718 1069 iterum
2750 1014 3016 1071 vexaverit
3044 1023 3210 1085 artus,

1946 1105 2175 1175 Imputet
2204 1105 2322 1176 ipse
2352 1102 2475 1170 sibi,
2514 1118 2617 1158 nec
2643 1102 2859 1158 casibus
2894 1103 3119 1174 imputet
3149 1104 3291 1160 ullis.

1947 1194 2173 1266 Corrige
2201 1193 2452 1249 delictum
2483 1190 2734 1248 ﬁdamine
2763 1190 2899 1264 (86),
2939 1192 3149 1264 corrige
3177 1202 3434 1253 mentem.

1945 1281 2170 1338 Suffecit
2204 1297 2423 1354 peccare
2461 1282 2651 1351 semel,
2680 1281 2878 1337 desiste
2908 1282 3083 1337 vereri
3114 1300 3128 1340 :

1872 1363 1916 1441 Β
1946 1370 2071 1429 Non
2099 1371 2203 1429 erit
2230 1372 2284 1429 in
2311 1372 2486 1443 culpa,
2516 1387 2674 1444 quem
2700 1372 2927 1444 poenitet
2962 1379 3084 1429 ante
3112 1370 3303 1432 fuisse.

1640 1605 2145 1672 Commentarius.

253 1747 364 1795 etc.
417 1738 566 1795 Istud
616 1738 1083 1809 Virgilianum'est
1131 1756 1200 1796 ex
1245 1756 1302 1797 Vl
1350 1742 1630 1801 Aineidos.
1666 1743 1836 1801 Pror-

252 1826 348 1865 sus
377 1819 554 1882 autem
584 1809 749 1882 lego;
778 1812 887 1882 Nec
914 1810 1133 1882 casibus
1160 1814 1406 1882 imputet
1432 1814 1587 1871 ullis.

328 1881 445 1949 (86)
473 1879 695 1951 Corripe
715 1879 988 1937 delictum
1002 1879 1287 1951 ﬁdamz‘ne,
1319 1893 1421 1939 etc.
1445 1885 1720 1940 Fidamen
1741 1898 1838 1954 pro

1947 1741 2158 1811 ﬁducia
2199 1755 2316 1813 seu
2343 1756 2439 1813 spe
2479 1739 2650 1813 magis
2697 1739 2839 1813 baud
2905 1739 3071 1797 dubie
3122 1741 3550 1802 Tertullianicam

1951 1809 2171 1884 phrasin
2201 1809 2345 1884 sapit
2366 1809 2527 1884 quam
2558 1809 2950 1883 Cyprianicam.

761 2160 1346 2283 CARMEN
1446 2165 1623 2281 DE
1735 2161 2096 2281 JONA
2203 2165 2386 2280 ET
2488 2166 3015 2313 NINIVE,

710 2391 937 2485 CUM
1009 2392 1962 2491 ADNOTATIONIBUS
2036 2392 2609 2488 FRANCISCI
2671 2396 3093 2491 JURETI.

800 2696 1312 2756 ARGUMENTUM.

326 2786 556 2844 Carmen
592 2786 714 2855 hoc,
764 2802 1035 2859 nunquam
1082 2794 1238 2844 antea
1274 2786 1450 2843 visum
1495 2801 1598 2844 nec
1646 2787 1846 2846 lectum

254 2884 527 2949 repertum
556 2876 661 2934 fuit
693 2876 750 2932 in
778 2885 995 2934 vetusto
1023 2876 1210 2934 codice
1256 2876 1640 2949 manuscripto,
1686 2878 1847 2949 cujus

254 2964 468 3038 copiam
496 2964 631 3020 mihi
657 2966 783 3021 fecit
813 2966 870 3020 P.
905 2965 1137 3021 Pithoeus
1174 2964 1213 3019 i.
1256 2980 1305 3023 c.
1357 2966 1512 3021 saluti
1554 2965 1852 3037 priscorum

251 3060 540 3111 auctorum
592 3061 776 3112 natus.
833 3052 1144 3109 Tertulliani
1193 3067 1329 3109 vero
1390 3053 1686 3126 genuinum
1734 3069 1854 3112 esse

251 3160 420 3217 opus,
448 3144 570 3202 duae
608 3160 700 3202 res
729 3144 921 3201 docent
957 3161 971 3199 :
1002 3143 1261 3216 primum,
1289 3143 1413 3215 quia
1435 3144 1488 3198 in
1506 3144 1696 3200 eodem
1720 3159 1773 3200 v.
1799 3159 1851 3201 c.

253 3234 590 3292 Tertulliano
647 3232 930 3300 tribuitur,
978 3231 1435 3297 quemadmodum
1491 3232 1652 3288 etiam
1708 3231 1853 3287 aliud

253 3338 480 3380 carmen
516 3325 585 3380 de
633 3321 885 3379 Sodomis
930 3321 1073 3393 quod
1113 3329 1449 3394 postremum
1491 3320 1621 3378 olim
1659 3321 1856 3393 prodiit

253 3413 313 3469 in
346 3414 517 3470 lucem
563 3413 666 3471 sub
695 3412 912 3468 nomine
950 3412 1059 3471 divi
1088 3411 1361 3484 Cypriani,
1411 3411 1508 3467 sed
1556 3427 1733 3484 nuper
1761 3428 1853 3468 as-

254 3509 471 3560 sertum
516 3502 863 3568 Tertulliano,
893 3517 958 3558 ex
1007 3502 1342 3571 conjectura,
1374 3517 1405 3556 a
1452 3501 1566 3558 Jac.
1610 3501 1854 3558 Parnelio

252 3591 384 3651 viro
409 3592 594 3647 multae
623 3591 861 3649 lectionis
888 3601 942 3647 et
964 3589 1174 3661 judicii.
1232 3590 1387 3646 Unde
1424 3590 1603 3655 obiter
1648 3589 1855 3647 contir-

254 3680 431 3737 mabo
478 3679 793 3735 sententiam
843 3679 1013 3751 ipsius
1060 3678 1301 3750 Pamelii,
1351 3686 1405 3734 et
1448 3679 1681 3736 monebo
1732 3687 1854 3736 stu-

258 3768 451 3825 diosos
480 3785 548 3823 ne
577 3767 808 3841 amplius
825 3766 1143 3824 addubitent
1189 3768 1257 3824 de
1302 3783 1430 3828 vero
1459 3776 1679 3824 auctore
1733 3783 1857 3825 car-

259 3857 426 3913 minis
453 3859 522 3914 de
551 3856 823 3914 Sodomis.
864 3855 1071 3912 Deinde
1120 3872 1343 3927 prorsus
1380 3856 1589 3914 redolet
1618 3856 1856 3928 pbrasim

263 3947 718 4013 Tcrtullianicam,
748 3954 810 4002 ut
850 3946 1136 4003 obscuram
1165 3952 1220 4000 et
1265 3961 1531 4018 asperam,
1564 3945 1644 4000 sic
1692 3945 1854 4001 etiam

261 4035 555 4093 eruditam.
587 4034 728 4090 Illud
777 4034 1070 4090 dolendum
1110 4040 1189 4090 est
1218 4034 1360 4105 quod
1415 4033 1471 4089 in
1527 4033 1857 4088 membranis

1877 2715 1923 2795 ε
1951 2699 2341 2795 inscribebatur
2370 2700 2427 2757 in
2454 2718 2507 2758 ν.
2530 2716 2584 2795 _c.
2617 2700 2684 2795 de
2741 2704 2961 2795 Ninive.
2987 2703 3091 2760 Sed
3121 2719 3247 2761 cum
3268 2712 3384 2795 tota
3415 2723 3555 2795 nar-

1958 2790 2096 2847 ratio
2150 2790 2418 2861 pertineat
2474 2789 2544 2845 ad
2607 2790 2818 2855 Jonam,
2878 2790 3051 2847 visum
3125 2798 3206 2847 est
3263 2790 3560 2850 inscribere

1961 2879 2127 2936 etiam
2157 2895 2171 2933 :
2205 2878 2271 2935 de
2314 2880 2477 2935 Iona.
2524 2877 2769 2950 Suspicio
2808 2887 2983 2936 tamen
3034 2889 3118 2937 est
3164 2880 3555 2937 Tertullianum

1960 2967 2294 3039 expressisse
2349 2966 2585 3022 carmine
2638 2967 2908 3039 integram
2958 2958 3236 3025 liistoriﬁn
3284 2970 3457 3037 Jonae,
3498 2980 3558 3028 ut

1960 3056 2014 3111 in
2052 3055 2218 3112 sacris
2244 3055 2429 3111 Bibliis
2458 3062 2647 3112 exstat.

1960 3147 2088 3202 Post
2108 3145 2400 3202 Sodomum
2423 3154 2474 3201 et
2495 3143 2788 3201 Gomorum
2812 3144 3049 3201 viventia
3079 3147 3266 3203 funera
3289 3148 3340 3203 in
3363 3164 3556 3220 terum,

1962 3235 2032 3290 Et
2058 3235 2300 3290 cinerum
2333 3233 2485 3289 senio
2515 3233 2724 3305 signata
2753 3235 2870 3307 (87)
2900 3234 3171 3309 incendia,
3201 3252 3398 3309 poenae,

1962 3322 2027 3376 Et
2057 3322 2262 3377 frustra
2290 3321 2420 3378 solis
2451 3322 2622 3377 oculis
2652 3323 2928 3378 nascentia
2957 3340 3146 3394 pauca,

1961 3412 2029 3467 Et
2058 3412 2262 3483 pariter
2297 3410 2420 3467 facti
2450 3421 2678 3468 mortem
2712 3413 2879 3466 maris
2909 3413 3023 3485 (88)
3053 3424 3106 3469 et
3135 3413 3266 3470 solis
3295 3414 3403 3470 illic

1963 3498 2022 3555 Si
2049 3499 2175 3571 quid
2206 3500 2369 3555 homo
2408 3508 2488 3554 est
2530 3515 2742 3571 poenam
2778 3509 2979 3555 mutato
3019 3516 3246 3571 corpore
3274 3516 3495 3557 servans
3535 3521 3549 3560 :

1962 3590 2104 3647 Pene
2133 3589 2269 3645 alios
2300 3588 2453 3662 ignes
2482 3590 2593 3660 (89)
2624 3588 2808 3661 superi
2837 3588 3153 3646 decusserat
3183 3590 3390 3656 imbris,

1963 3680 2104 3738 Urbs
2133 3678 2272 3751 aequi
2296 3677 2539 3749 justique
2567 3678 2783 3734 fuerant
2826 3679 2941 3751 (90)
2972 3687 3307 3752 transgressa
3341 3679 3555 3738 Ninive.

1960 3770 2095 3825 Nam
2125 3769 2247 3841 quis
2275 3768 2546 3827 subversae
2576 3766 2742 3823 menti
2773 3775 2948 3824 metus
2976 3769 3157 3825 omnia
3183 3767 3346 3841 vulgo

1963 3858 2252 3913 Poenarum
2283 3856 2600 3912 documenta
2633 3864 2840 3929 vacant,
2876 3857 2966 3911 ubi
3000 3858 3234 3928 possidet
3262 3874 3434 3915 error.

1966 3946 2040 4001 At
2067 3947 2245 4002 bonus
2273 3945 2408 4019 (91),
2442 3955 2493 4003 et
2523 3945 2698 4002 nostri
2725 3945 2953 4016 patiens,
2973 3953 3026 4000 et
3056 3947 3287 4018 plectere
3317 3962 3487 4016 serus,

1968 4034 2323 4106 Omnipotens
2351 4035 2621 4089 Dominus
2648 4036 2845 4089 nullam
2873 4035 3200 4105 jaculabitur
3226 4035 3382 4102 iram,

259 4123 515 4197 imperite
570 4139 710 4196 Opus
767 4122 1103 4194 descriptum
1153 4122 1356 4178 exstitit
1410 4122 1480 4176 ab
1537 4120 1860 4194 antiquaria.
1896 4114 1942 4190 Ι)
1970 4122 2038 4176 Ni
2069 4122 2219 4192 prius
2249 4123 2552 4188 admoneat,
2580 4121 2874 4192 durataque
2905 4130 3125 4193 pectora
3154 4123 3349 4194 pulset,

262 4213 531 4284 Proposui
559 4212 726 4286 igitur
770 4214 910 4269 bona
956 4210 1062 4267 ﬁde
1112 4211 1402 4269 lectionem
1448 4227 1500 4268 ν.
1546 4226 1595 4266 c.
1644 4216 1698 4266 et
1738 4225 1867 4266 con-

1974 4212 2255 4283 Prtesagos
2284 4211 2491 4279 agitans
2520 4218 2746 4281 angusta
2773 4218 2975 4279 mente,
3016 4212 3331 4281 prephetam
3361 4210 3476 4283 (92)

260 4302 492 4372 junctim
522 4301 945 4368 emendationes,
973 4316 1044 4357 ne
1073 4300 1159 4356 cui
1200 4299 1383 4358 fucum
1410 4298 1663 4366 facerem,
1696 4299 1867 4355 donec
1973 4299 2215 4369 Namque
2244 4298 2536 4354 Ninivitum
2564 4297 2769 4354 meritis
2799 4297 3077 4353 mandarat
3098 4298 3290 4352 Jonam

262 4391 415 4448 aliud
454 4393 730 4464 exemplar
760 4392 1177 4464 manuscriptum
1212 4390 1325 4447 erui
1358 4388 1550 4462 possit,
1583 4390 1728 4448 unde
1759 4405 1865 4446 cas-
1975 4386 2197 4444 Praafari
2227 4384 2449 4444 exitium
2480 4385 2774 4454 Dominus;
2816 4385 2912 4441 sed
2942 4384 3192 4441 conscius
3219 4385 3309 4443 ille

266 4489 401 4538 terae
450 4481 707 4539 labeculae
752 4481 1021 4539 eluantur.
1063 4480 1221 4552 Quod
1264 4481 1456 4538 attinet
1500 4479 1568 4535 ad
1626 4479 1862 4546 titulum,

1671 4624 2173 4690 Commentarius.

352 4733 469 4808 (87)
505 4735 773 4808 Cinaram
805 4735 963 4793 senio
985 4736 1227 4808 signata.
1252 4734 1334 4808 _Ita
1365 4730 1589 4808 correxi,
1626 4745 1733 4808 pro
1764 4746 1875 4803 quo

272 4802 485 4863 eratin
514 4822 566 4861 ν.
607 4821 656 4878 c_.
703 4807 977 4863 cinerum
1025 4802 1205 4878 ἑθηίοδ
1238 4805 1462 4878 ignara.
1503 4802 1877 4878 ϐορὶεοῑὲῐέδηὲ

272 4890 467 4931 meam
511 4876 792 4949 confirmat
838 4886 1024 4949 aperte
1070 4877 1199 4949 alter
1259 4872 1497 4948 Ejusdem
1563 4872 1880 4932 Tertulliani

272 4962 485 5004 versus
515 4947 583 5003 de
614 4947 889 5021 Sodomis,
924 4949 1016 5005 ubi
1044 4948 1122 5004 sic
1154 4964 1168 5005 :

445 5071 574 5121 Tota
597 5086 744 5133 rogus
778 5074 914 5135 regio
955 5081 1047 5131 est,
1078 5073 1198 5124 hinc
1226 5079 1335 5122 atro
1369 5073 1572 5123 horrore
1603 5071 1798 5122 favillae.

445 5135 573 5184 Inde
604 5136 710 5185 situ
743 5150 868 5185 cano
892 5136 1086 5186 cineres
1118 5136 1357 5186 incendia
1386 5136 1603 5198 signant.

298 5226 394 5301 Sic
422 5227 573 5282 enim
602 5226 776 5301 obiter
804 5227 927 5301 lego
949 5242 1022 5301 ex
1061 5224 1306 5301 vestigiis
1334 5243 1385 5283 v.
1421 5240 1468 5284 c.
1510 5224 1564 5280 in
1591 5239 1733 5296 quo:
1761 5225 1891 5282 hinc
1994 5218 2101 5300 νει.
2130 5220 2281 5301 justi
2307 5219 2471 5288 ﬁnes,
2521 5224 2579 5271 ut
2626 5222 2814 5301 censet
2859 5215 3003 5269 idem
3058 5215 3299 5301 Pithoeus
3348 5234 3361 5273 :

294 5298 368 5355 de
382 5301 504 5371 (situ
527 5318 547 5365 ;
576 5298 743 5371 vulgo
770 5298 895 5353 est‘:
938 5299 1188 5371 [linoque
1206 5298 1344 5371 situ.

368 5369 488 5440 (88)
516 5367 702 5426 Facti”
724 5373 964 5428 mortem
992 5367 1189 5433 maris,
1248 5367 1504 5440 lntelligit
1547 5383 1697 5440 mare
1735 5368 1890 5425 Mor-

289 5438 475 5508 tuum,
507 5440 577 5496 de
606 5455 714 5514 quo
745 5441 970 5512 ipsemet
997 5441 1051 5496 in
1080 5440 1316 5497 carmine
1345 5440 1413 5495 de
1429 5438 1702 5496 “Sodomis
1735 5456 1748 5494 :

456 5568 559 5621 Nec
580 5584 720 5622 mare
752 5569 883 5623 vivit
898 5569 990 5631 ibi,
1012 5582 1148 5620 mors
1181 5575 1260 5620 est
1282 5566 1455 5627 maris,
1479 5565 1569 5617 illa
1594 5564 1770 5630 quieti.

374 5658 495 5734 (89)
554 5666 703 5722 Pene
747 5664 889 5722 alios
931 5664 1112 5736 ignes.
1173 5661 1363 5719 Placet
1406 5660 1525 5719 haec
1575 5655 1895 5723 emendatio,

1985 4731 2149 4789 ducta
2199 4732 2509 4801 conjectura
2558 4731 2621 4785 P.
2669 4729 2864 4803 Pitbcei
2916 4746 2929 4783 :
2982 4727 3187 4786 accedit
3225 4729 3369 4784 enim
3406 4745 3575 4803 prope

1986 4804 2053 4858 ad
2081 4803 2307 4875 vestigia
2331 4803 2607 4872 scriptura:
2637 4816 2693 4861 v.
2724 4816 2773 4857 c.
2804 4801 2858 4856 in
2886 4815 2995 4870 quo
3026 4819 3039 4856 :

2147 4949 2284 5001 Pane
2313 4946 2413 4999 alio
2442 4947 2583 5011 ignes
2613 4945 2807 5013 superis
2839 4945 3115 4996 decesserat
3138 4944 3332 4996 imbris.

2069 5077 2182 5148 (90)
2214 5076 2466 5148 Justique
2492 5076 2749 5145 fuerant.
2782 5071 2967 5148 Varias
2995 5071 3184 5148 recipit
3211 5074 3580 5148 conjecturas:

1995 5144 2218 5203 dubium
2247 5144 2390 5201 enim
2413 5144 2499 5202 est
2512 5162 2577 5200 an
2598 5152 2781 5201 auctor
2802 5144 3078 5212 scripserit
3096 5147 3358 5219 justique
3387 5149 3585 5217 forem,

1995 5218 2081 5267 vel
2138 5220 2281 5267 iusti
2311 5219 2471 5267 fines-
2521 5224 2579 5267 ut
2631 5222 2814 5267 censet
2859 5215 3003 5267 idem
3058 5215 3299 5267 Pilhmus
3348 5234 3361 5267 ε
3411 5221 3589 5267 statim

2001 5232 2082 5275 vel
2130 5232 2278 5291 justi
2307 5232 2471 5288 pnes,
2521 5232 2579 5271 ut
2631 5232 2814 5271 censet
2859 5232 3003 5269 idem
3059 5232 3299 5272 t'itnceus
3348 5234 3361 5273 :
3411 5232 3593 5294 statim

2001 5289 2219 5375 scripsi,
2239 5294 2583 5361 transgressa
2614 5288 2811 5344 Ninive
2840 5304 2938 5359 pro
2966 5302 3072 5359 quo
3102 5303 3159 5344 v.
3180 5304 3230 5343 c.
3256 5293 3591 5357 transgressi

2002 5364 2291 5420 Ninivitaa.

2077 5433 2195 5487 (9H
2227 5432 2294 5486 At
2325 5430 2516 5487 bonus.
2549 5428 2614 5485 V.
2645 5444 2695 5484 c.
2728 5431 2791 5484 at
2820 5429 2968 5487 boni.

2101 5436 2163 5487 91
2227 5433 2294 5486 At
2325 5433 2516 5487 bonus.
2549 5433 2614 5485 V.
2645 5444 2695 5484 c.
2728 5433 2791 5484 at
2820 5433 2968 5487 boni.

2074 5433 2195 5576 (92)
2230 5502 2409 5558 Mente
2433 5502 2791 5575 prophetam.
2822 5499 2979 5558 Forte
3007 5499 3326 5573 prophetas,
3358 5504 3415 5553 ut
3459 5513 3595 5555 can-

2000 5576 2280 5647 jungatur,
2312 5589 2438 5632 cum
2468 5588 2597 5631 voce
2624 5588 2923 5646 praesagos.
