  <div class='ocr_page' id='page_1' title='image "/cluster/home/n/w/nwhite01/storage/ocr_20150623/2/hvd.32044096580329/589.png"; bbox 0 0 4062 6178; ppageno 0'>
   <div class='ocr_carea' id='block_1_1' title="bbox 540 363 677 423">
    <p class='ocr_par' dir='ltr' id='par_1_1' title="bbox 540 363 677 423">
     <span class='ocr_line' id='line_1_1' title="bbox 540 363 677 423; baseline -0.015 0"><span class='ocrx_word' id='word_1_1' title='bbox 540 363 677 423; x_wconf 88' lang='grc'>1167</span> 
     </span>
    </p>
   </div>
   <div class='ocr_carea' id='block_1_2' title="bbox 541 482 2125 557">
    <p class='ocr_par' dir='ltr' id='par_1_2' title="bbox 541 482 2125 557">
     <span class='ocr_line' id='line_1_2' title="bbox 541 482 2125 557; baseline -0.003 -14"><span class='ocrx_word' id='word_1_2' title='bbox 541 486 575 543; x_wconf 81' lang='grc'><strong>1</strong></span> <span class='ocrx_word' id='word_1_3' title='bbox 595 484 756 544; x_wconf 84' lang='lat' dir='ltr'>I09</span> <span class='ocrx_word' id='word_1_4' title='bbox 769 488 994 542; x_wconf 84' lang='lat' dir='ltr'>Parcere</span> <span class='ocrx_word' id='word_1_5' title='bbox 1015 483 1298 554; x_wconf 79' lang='lat' dir='ltr'>subjectis,</span> <span class='ocrx_word' id='word_1_6' title='bbox 1314 489 1367 538; x_wconf 88' lang='lat' dir='ltr'>et</span> <span class='ocrx_word' id='word_1_7' title='bbox 1385 482 1565 539; x_wconf 87' lang='lat' dir='ltr'>debito</span> <span class='ocrx_word' id='word_1_8' title='bbox 1584 485 1773 540; x_wconf 89' lang='lat' dir='ltr'>cedere</span> <span class='ocrx_word' id='word_1_9' title='bbox 1791 500 1970 554; x_wconf 80' lang='lat' dir='ltr'>poenae</span> <span class='ocrx_word' id='word_1_10' title='bbox 1984 485 2125 557; x_wconf 77' lang='lat'>(92*)</span> 
     </span>
    </p>
   </div>
   <div class='ocr_carea' id='block_1_3' title="bbox 532 573 2047 648">
    <p class='ocr_par' dir='ltr' id='par_1_3' title="bbox 532 573 2047 648">
     <span class='ocr_line' id='line_1_3' title="bbox 532 573 2047 648; baseline -0.004 -13"><span class='ocrx_word' id='word_1_11' title='bbox 532 577 899 648; x_wconf 82' lang='lat' dir='ltr'>Supplicibus;</span> <span class='ocrx_word' id='word_1_12' title='bbox 931 573 1248 645; x_wconf 83' lang='lat' dir='ltr'>facilemque</span> <span class='ocrx_word' id='word_1_13' title='bbox 1275 573 1423 644; x_wconf 89' lang='lat' dir='ltr'>boni,</span> <span class='ocrx_word' id='word_1_14' title='bbox 1454 575 1698 630; x_wconf 83' lang='lat' dir='ltr'>cessabat</span> <span class='ocrx_word' id='word_1_15' title='bbox 1735 575 1884 630; x_wconf 90' lang='lat' dir='ltr'>abire</span> <span class='ocrx_word' id='word_1_16' title='bbox 1913 576 2047 644; x_wconf 89' lang='lat'>(93),</span> 
     </span>
    </p>
   </div>
   <div class='ocr_carea' id='block_1_4' title="bbox 527 663 1834 733">
    <p class='ocr_par' dir='ltr' id='par_1_4' title="bbox 527 663 1834 733">
     <span class='ocr_line' id='line_1_4' title="bbox 527 663 1834 733; baseline -0.003 -11"><span class='ocrx_word' id='word_1_17' title='bbox 527 667 610 722; x_wconf 88' lang='lat' dir='ltr'>Ne</span> <span class='ocrx_word' id='word_1_18' title='bbox 640 681 835 721; x_wconf 89' lang='lat' dir='ltr'>vanum</span> <span class='ocrx_word' id='word_1_19' title='bbox 864 671 1099 732; x_wconf 87' lang='lat' dir='ltr'>caneret,</span> <span class='ocrx_word' id='word_1_20' title='bbox 1131 677 1349 718; x_wconf 89' lang='lat' dir='ltr'>cessura</span> <span class='ocrx_word' id='word_1_21' title='bbox 1374 678 1508 733; x_wconf 89' lang='lat' dir='ltr'>pace</span> <span class='ocrx_word' id='word_1_22' title='bbox 1539 663 1834 718; x_wconf 89' lang='lat' dir='ltr'>minarum.</span> 
     </span>
    </p>
   </div>
   <div class='ocr_carea' id='block_1_5' title="bbox 525 751 2081 829">
    <p class='ocr_par' dir='ltr' id='par_1_5' title="bbox 525 751 2081 829">
     <span class='ocr_line' id='line_1_5' title="bbox 525 751 2081 829; baseline -0.003 -16"><span class='ocrx_word' id='word_1_23' title='bbox 525 759 646 815; x_wconf 88' lang='lat' dir='ltr'>Mox</span> <span class='ocrx_word' id='word_1_24' title='bbox 675 756 800 829; x_wconf 86' lang='lat' dir='ltr'>fuga</span> <span class='ocrx_word' id='word_1_25' title='bbox 830 751 1135 822; x_wconf 83' lang='lat' dir='ltr'>consilium,</span> <span class='ocrx_word' id='word_1_26' title='bbox 1166 752 1212 807; x_wconf 90' lang='lat' dir='ltr'>si</span> <span class='ocrx_word' id='word_1_27' title='bbox 1253 767 1360 824; x_wconf 89' lang='lat' dir='ltr'>qua</span> <span class='ocrx_word' id='word_1_28' title='bbox 1387 760 1470 808; x_wconf 91' lang='lat' dir='ltr'>est</span> <span class='ocrx_word' id='word_1_29' title='bbox 1499 760 1682 807; x_wconf 88' lang='lat' dir='ltr'>tamen</span> <span class='ocrx_word' id='word_1_30' title='bbox 1712 753 1814 807; x_wconf 87' lang='lat' dir='ltr'>ista</span> <span class='ocrx_word' id='word_1_31' title='bbox 1841 752 2081 823; x_wconf 84' lang='lat' dir='ltr'>facultas,</span> 
     </span>
    </p>
   </div>
   <div class='ocr_carea' id='block_1_6' title="bbox 526 840 1880 914">
    <p class='ocr_par' dir='ltr' id='par_1_6' title="bbox 526 840 1880 914">
     <span class='ocr_line' id='line_1_6' title="bbox 526 840 1880 914; baseline -0.004 -13"><span class='ocrx_word' id='word_1_32' title='bbox 526 847 743 902; x_wconf 89' lang='lat' dir='ltr'>Evitare</span> <span class='ocrx_word' id='word_1_33' title='bbox 767 845 964 910; x_wconf 92' lang='lat' dir='ltr'>Deum,</span> <span class='ocrx_word' id='word_1_34' title='bbox 997 840 1326 914; x_wconf 89' lang='lat' dir='ltr'>Dominique</span> <span class='ocrx_word' id='word_1_35' title='bbox 1366 842 1590 897; x_wconf 84' lang='lat' dir='ltr'>evadere</span> <span class='ocrx_word' id='word_1_36' title='bbox 1617 841 1880 912; x_wconf 83' lang='lat' dir='ltr'>dextram,</span> 
     </span>
    </p>
   </div>
   <div class='ocr_carea' id='block_1_7' title="bbox 530 930 2082 1003">
    <p class='ocr_par' dir='ltr' id='par_1_7' title="bbox 530 930 2082 1003">
     <span class='ocr_line' id='line_1_7' title="bbox 530 930 2082 1003; baseline -0.001 -15"><span class='ocrx_word' id='word_1_37' title='bbox 530 934 647 1002; x_wconf 89' lang='lat' dir='ltr'>Qua</span> <span class='ocrx_word' id='word_1_38' title='bbox 676 933 859 988; x_wconf 85' lang='lat' dir='ltr'>subter</span> <span class='ocrx_word' id='word_1_39' title='bbox 885 931 1002 1001; x_wconf 78' lang='grc'>(94)</span> <span class='ocrx_word' id='word_1_40' title='bbox 1034 939 1176 986; x_wconf 89' lang='lat' dir='ltr'>totus</span> <span class='ocrx_word' id='word_1_41' title='bbox 1224 930 1497 1000; x_wconf 91' lang='lat' dir='ltr'>trepidans</span> <span class='ocrx_word' id='word_1_42' title='bbox 1526 931 1886 1003; x_wconf 85' lang='lat' dir='ltr'>compescitur</span> <span class='ocrx_word' id='word_1_43' title='bbox 1914 932 2082 999; x_wconf 89' lang='lat' dir='ltr'>orbis,</span> 
     </span>
    </p>
   </div>
   <div class='ocr_carea' id='block_1_8' title="bbox 529 1020 2115 1090">
    <p class='ocr_par' dir='ltr' id='par_1_8' title="bbox 529 1020 2115 1090">
     <span class='ocr_line' id='line_1_8' title="bbox 529 1020 2115 1090; baseline -0.003 -13"><span class='ocrx_word' id='word_1_44' title='bbox 529 1025 597 1078; x_wconf 84' lang='lat' dir='ltr'>At</span> <span class='ocrx_word' id='word_1_45' title='bbox 618 1030 763 1076; x_wconf 91' lang='lat' dir='ltr'>ratus</span> <span class='ocrx_word' id='word_1_46' title='bbox 783 1029 864 1076; x_wconf 93' lang='lat' dir='ltr'>est</span> <span class='ocrx_word' id='word_1_47' title='bbox 893 1023 1004 1088; x_wconf 78' lang='grc'>(95)</span> <span class='ocrx_word' id='word_1_48' title='bbox 1035 1021 1176 1090; x_wconf 89' lang='lat' dir='ltr'>quod</span> <span class='ocrx_word' id='word_1_49' title='bbox 1199 1021 1310 1090; x_wconf 87' lang='lat' dir='ltr'>agit</span> <span class='ocrx_word' id='word_1_50' title='bbox 1335 1027 1519 1074; x_wconf 90' lang='lat' dir='ltr'>sancto</span> <span class='ocrx_word' id='word_1_51' title='bbox 1540 1020 1608 1074; x_wconf 91' lang='lat' dir='ltr'>de</span> <span class='ocrx_word' id='word_1_52' title='bbox 1629 1021 1790 1076; x_wconf 89' lang='lat' dir='ltr'>corde</span> <span class='ocrx_word' id='word_1_53' title='bbox 1810 1021 2115 1090; x_wconf 87' lang='lat' dir='ltr'>prephetes.</span> 
     </span>
    </p>
   </div>
   <div class='ocr_carea' id='block_1_9' title="bbox 597 1106 1930 1177">
    <p class='ocr_par' dir='ltr' id='par_1_9' title="bbox 597 1106 1930 1177">
     <span class='ocr_line' id='line_1_9' title="bbox 597 1106 1930 1177; baseline 0 -13"><span class='ocrx_word' id='word_1_54' title='bbox 597 1109 818 1164; x_wconf 88' lang='lat' dir='ltr'>Littoris</span> <span class='ocrx_word' id='word_1_55' title='bbox 845 1108 899 1161; x_wconf 93' lang='lat' dir='ltr'>in</span> <span class='ocrx_word' id='word_1_56' title='bbox 930 1107 1072 1162; x_wconf 86' lang='lat' dir='ltr'>labio</span> <span class='ocrx_word' id='word_1_57' title='bbox 1103 1107 1217 1177; x_wconf 87' lang='lat'>(96)</span> <span class='ocrx_word' id='word_1_58' title='bbox 1250 1116 1410 1177; x_wconf 91' lang='lat' dir='ltr'>portu</span> <span class='ocrx_word' id='word_1_59' title='bbox 1440 1108 1792 1163; x_wconf 88' lang='lat' dir='ltr'>celeberrima</span> <span class='ocrx_word' id='word_1_60' title='bbox 1822 1106 1930 1164; x_wconf 83' lang='lat' dir='ltr'>ﬁdo</span> 
     </span>
    </p>
   </div>
   <div class='ocr_carea' id='block_1_10' title="bbox 527 1195 1904 1267">
    <p class='ocr_par' dir='ltr' id='par_1_10' title="bbox 527 1195 1904 1267">
     <span class='ocr_line' id='line_1_10' title="bbox 527 1195 1904 1267; baseline 0 -13"><span class='ocrx_word' id='word_1_61' title='bbox 527 1199 670 1255; x_wconf 91' lang='lat' dir='ltr'>Urbs</span> <span class='ocrx_word' id='word_1_62' title='bbox 693 1213 786 1253; x_wconf 91' lang='lat' dir='ltr'>ora</span> <span class='ocrx_word' id='word_1_63' title='bbox 815 1205 894 1252; x_wconf 91' lang='lat' dir='ltr'>est</span> <span class='ocrx_word' id='word_1_64' title='bbox 924 1195 1166 1262; x_wconf 86' lang='lat' dir='ltr'>Cilicum,</span> <span class='ocrx_word' id='word_1_65' title='bbox 1209 1203 1402 1252; x_wconf 90' lang='lat' dir='ltr'>contra</span> <span class='ocrx_word' id='word_1_66' title='bbox 1424 1197 1652 1254; x_wconf 85' lang='lat' dir='ltr'>libratur</span> <span class='ocrx_word' id='word_1_67' title='bbox 1673 1197 1904 1267; x_wconf 89' lang='lat' dir='ltr'>Joppen.</span> 
     </span>
    </p>
   </div>
   <div class='ocr_carea' id='block_1_11' title="bbox 529 1285 2116 1359">
    <p class='ocr_par' dir='ltr' id='par_1_11' title="bbox 529 1285 2116 1359">
     <span class='ocr_line' id='line_1_11' title="bbox 529 1285 2116 1359; baseline 0.001 -18"><span class='ocrx_word' id='word_1_68' title='bbox 529 1287 656 1343; x_wconf 88' lang='lat' dir='ltr'>Inde</span> <span class='ocrx_word' id='word_1_69' title='bbox 684 1286 851 1359; x_wconf 81' lang='lat' dir='ltr'>igitur</span> <span class='ocrx_word' id='word_1_70' title='bbox 879 1286 1112 1341; x_wconf 87' lang='lat' dir='ltr'>Tharsos</span> <span class='ocrx_word' id='word_1_71' title='bbox 1141 1285 1253 1356; x_wconf 83' lang='lat'>(97)</span> <span class='ocrx_word' id='word_1_72' title='bbox 1276 1300 1541 1358; x_wconf 87' lang='lat' dir='ltr'>preperus</span> <span class='ocrx_word' id='word_1_73' title='bbox 1571 1295 1680 1342; x_wconf 89' lang='lat' dir='ltr'>rate</span> <span class='ocrx_word' id='word_1_74' title='bbox 1700 1286 1908 1343; x_wconf 86' lang='lat' dir='ltr'>scandit</span> <span class='ocrx_word' id='word_1_75' title='bbox 1934 1287 2116 1342; x_wconf 86' lang='lat' dir='ltr'>Jonas.</span> 
     </span>
    </p>
   </div>
   <div class='ocr_carea' id='block_1_12' title="bbox 526 1374 1892 1448">
    <p class='ocr_par' dir='ltr' id='par_1_12' title="bbox 526 1374 1892 1448">
     <span class='ocr_line' id='line_1_12' title="bbox 526 1374 1892 1448; baseline 0 -18"><span class='ocrx_word' id='word_1_76' title='bbox 526 1375 786 1446; x_wconf 86' lang='lat' dir='ltr'>Ejusdem</span> <span class='ocrx_word' id='word_1_77' title='bbox 813 1374 920 1431; x_wconf 87' lang='lat' dir='ltr'>fert</span> <span class='ocrx_word' id='word_1_78' title='bbox 947 1381 1062 1431; x_wconf 90' lang='lat' dir='ltr'>acta</span> <span class='ocrx_word' id='word_1_79' title='bbox 1091 1374 1258 1440; x_wconf 90' lang='lat' dir='ltr'>Deus,</span> <span class='ocrx_word' id='word_1_80' title='bbox 1289 1390 1389 1430; x_wconf 91' lang='lat' dir='ltr'>nec</span> <span class='ocrx_word' id='word_1_81' title='bbox 1419 1374 1648 1448; x_wconf 89' lang='lat' dir='ltr'>denique</span> <span class='ocrx_word' id='word_1_82' title='bbox 1678 1376 1892 1441; x_wconf 89' lang='lat' dir='ltr'>mirum,</span> 
     </span>
    </p>
   </div>
   <div class='ocr_carea' id='block_1_13' title="bbox 527 1462 1968 1536">
    <p class='ocr_par' dir='ltr' id='par_1_13' title="bbox 527 1462 1968 1536">
     <span class='ocr_line' id='line_1_13' title="bbox 527 1462 1968 1536; baseline -0.001 -15"><span class='ocrx_word' id='word_1_83' title='bbox 527 1465 584 1521; x_wconf 91' lang='lat' dir='ltr'>Si</span> <span class='ocrx_word' id='word_1_84' title='bbox 613 1464 902 1522; x_wconf 90' lang='lat' dir='ltr'>Dominum</span> <span class='ocrx_word' id='word_1_85' title='bbox 933 1465 985 1519; x_wconf 90' lang='lat' dir='ltr'>in</span> <span class='ocrx_word' id='word_1_86' title='bbox 1023 1463 1178 1518; x_wconf 89' lang='lat' dir='ltr'>terris</span> <span class='ocrx_word' id='word_1_87' title='bbox 1206 1462 1436 1536; x_wconf 82' lang='lat' dir='ltr'>fugiens,</span> <span class='ocrx_word' id='word_1_88' title='bbox 1470 1464 1672 1520; x_wconf 88' lang='lat' dir='ltr'>invenit</span> <span class='ocrx_word' id='word_1_89' title='bbox 1703 1465 1756 1520; x_wconf 87' lang='lat' dir='ltr'>in</span> <span class='ocrx_word' id='word_1_90' title='bbox 1792 1466 1968 1520; x_wconf 88' lang='lat' dir='ltr'>undis.</span> 
     </span>
    </p>
   </div>
   <div class='ocr_carea' id='block_1_14' title="bbox 526 1551 1865 1617">
    <p class='ocr_par' dir='ltr' id='par_1_14' title="bbox 526 1551 1865 1617">
     <span class='ocr_line' id='line_1_14' title="bbox 526 1551 1865 1617; baseline -0.001 -9"><span class='ocrx_word' id='word_1_91' title='bbox 526 1554 751 1611; x_wconf 86' lang='lat' dir='ltr'>Parvula</span> <span class='ocrx_word' id='word_1_92' title='bbox 780 1570 901 1608; x_wconf 90' lang='lat' dir='ltr'>nam</span> <span class='ocrx_word' id='word_1_93' title='bbox 932 1551 1112 1609; x_wconf 89' lang='lat' dir='ltr'>subito</span> <span class='ocrx_word' id='word_1_94' title='bbox 1141 1553 1500 1610; x_wconf 84' lang='lat' dir='ltr'>maculaverat</span> <span class='ocrx_word' id='word_1_95' title='bbox 1529 1570 1653 1608; x_wconf 90' lang='lat' dir='ltr'>aera</span> <span class='ocrx_word' id='word_1_96' title='bbox 1678 1553 1865 1617; x_wconf 88' lang='lat' dir='ltr'>nubes,</span> 
     </span>
    </p>
   </div>
   <div class='ocr_carea' id='block_1_15' title="bbox 523 1641 1872 1712">
    <p class='ocr_par' dir='ltr' id='par_1_15' title="bbox 523 1641 1872 1712">
     <span class='ocr_line' id='line_1_15' title="bbox 523 1641 1872 1712; baseline -0.002 -15"><span class='ocrx_word' id='word_1_97' title='bbox 523 1643 698 1699; x_wconf 81' lang='lat' dir='ltr'>Feller</span> <span class='ocrx_word' id='word_1_98' title='bbox 728 1643 965 1698; x_wconf 85' lang='lat' dir='ltr'>sulfureo</span> <span class='ocrx_word' id='word_1_99' title='bbox 998 1643 1067 1696; x_wconf 90' lang='lat' dir='ltr'>de</span> <span class='ocrx_word' id='word_1_100' title='bbox 1099 1641 1305 1696; x_wconf 89' lang='lat' dir='ltr'>semine</span> <span class='ocrx_word' id='word_1_101' title='bbox 1333 1643 1538 1697; x_wconf 89' lang='lat' dir='ltr'>concita</span> <span class='ocrx_word' id='word_1_102' title='bbox 1568 1643 1706 1695; x_wconf 90' lang='lat' dir='ltr'>venti</span> <span class='ocrx_word' id='word_1_103' title='bbox 1739 1643 1872 1712; x_wconf 89' lang='lat'>(98),</span> 
     </span>
    </p>
   </div>
   <div class='ocr_carea' id='block_1_16' title="bbox 521 1729 1899 1802">
    <p class='ocr_par' dir='ltr' id='par_1_16' title="bbox 521 1729 1899 1802">
     <span class='ocr_line' id='line_1_16' title="bbox 521 1729 1899 1802; baseline -0.002 -17"><span class='ocrx_word' id='word_1_104' title='bbox 521 1730 890 1802; x_wconf 87' lang='lat' dir='ltr'>Paulatimque</span> <span class='ocrx_word' id='word_1_105' title='bbox 917 1730 1113 1801; x_wconf 81' lang='lat' dir='ltr'>globus</span> <span class='ocrx_word' id='word_1_106' title='bbox 1139 1729 1337 1799; x_wconf 87' lang='lat' dir='ltr'>pariter</span> <span class='ocrx_word' id='word_1_107' title='bbox 1366 1744 1486 1784; x_wconf 89' lang='lat' dir='ltr'>cum</span> <span class='ocrx_word' id='word_1_108' title='bbox 1517 1730 1628 1784; x_wconf 91' lang='lat' dir='ltr'>sole</span> <span class='ocrx_word' id='word_1_109' title='bbox 1655 1730 1899 1800; x_wconf 71' lang='lat' dir='ltr'>cohaesit,</span> 
     </span>
    </p>
   </div>
   <div class='ocr_carea' id='block_1_17' title="bbox 521 1817 1956 1890">
    <p class='ocr_par' dir='ltr' id='par_1_17' title="bbox 521 1817 1956 1890">
     <span class='ocr_line' id='line_1_17' title="bbox 521 1817 1956 1890; baseline -0.001 -16"><span class='ocrx_word' id='word_1_110' title='bbox 521 1820 925 1890; x_wconf 89' lang='lat' dir='ltr'>Deceptumque</span> <span class='ocrx_word' id='word_1_111' title='bbox 952 1817 1091 1872; x_wconf 89' lang='lat' dir='ltr'>diem</span> <span class='ocrx_word' id='word_1_112' title='bbox 1125 1817 1238 1889; x_wconf 92' lang='lat'>(99)</span> <span class='ocrx_word' id='word_1_113' title='bbox 1269 1817 1511 1889; x_wconf 82' lang='lat' dir='ltr'>caliginis</span> <span class='ocrx_word' id='word_1_114' title='bbox 1538 1817 1752 1890; x_wconf 79' lang='lat' dir='ltr'>agmine</span> <span class='ocrx_word' id='word_1_115' title='bbox 1779 1819 1956 1875; x_wconf 89' lang='lat' dir='ltr'>clusit.</span> 
     </span>
    </p>
   </div>
   <div class='ocr_carea' id='block_1_18' title="bbox 1611 357 2761 422">
    <p class='ocr_par' dir='ltr' id='par_1_18' title="bbox 1611 357 2761 422">
     <span class='ocr_line' id='line_1_18' title="bbox 1611 357 2761 422; baseline 0.002 -4"><span class='ocrx_word' id='word_1_116' title='bbox 1611 359 1699 418; x_wconf 86' lang='lat' dir='ltr'>AD</span> <span class='ocrx_word' id='word_1_117' title='bbox 1741 357 2032 422; x_wconf 85' lang='lat' dir='ltr'>GENUINA</span> <span class='ocrx_word' id='word_1_118' title='bbox 2069 358 2510 422; x_wconf 78' lang='lat' dir='ltr'>TERTULLIANI</span> <span class='ocrx_word' id='word_1_119' title='bbox 2545 361 2761 421; x_wconf 81' lang='lat' dir='ltr'>OPERA</span> 
     </span>
    </p>
   </div>
   <div class='ocr_carea' id='block_1_19' title="bbox 3689 359 3825 421">
    <p class='ocr_par' dir='ltr' id='par_1_19' title="bbox 3689 359 3825 421">
     <span class='ocr_line' id='line_1_19' title="bbox 3689 359 3825 421; baseline 0.015 -2"><span class='ocrx_word' id='word_1_120' title='bbox 3689 359 3825 421; x_wconf 81' lang='grc'>1168</span> 
     </span>
    </p>
   </div>
   <div class='ocr_carea' id='block_1_20' title="bbox 2230 483 3826 557">
    <p class='ocr_par' dir='ltr' id='par_1_20' title="bbox 2230 483 3826 557">
     <span class='ocr_line' id='line_1_20' title="bbox 2230 483 3826 557; baseline 0.001 -16"><span class='ocrx_word' id='word_1_121' title='bbox 2230 485 2444 541; x_wconf 76' lang='grc' dir='ltr'>ιιιθ</span> <span class='ocrx_word' id='word_1_122' title='bbox 2486 486 2568 542; x_wconf 87' lang='lat' dir='ltr'>Fit</span> <span class='ocrx_word' id='word_1_123' title='bbox 2614 485 2891 557; x_wconf 79' lang='lat' dir='ltr'>speculum</span> <span class='ocrx_word' id='word_1_124' title='bbox 2936 483 3059 540; x_wconf 82' lang='lat' dir='ltr'>cceli</span> <span class='ocrx_word' id='word_1_125' title='bbox 3109 483 3359 556; x_wconf 80' lang='lat' dir='ltr'>pelagus,</span> <span class='ocrx_word' id='word_1_126' title='bbox 3392 483 3548 555; x_wconf 89' lang='lat' dir='ltr'>niger</span> <span class='ocrx_word' id='word_1_127' title='bbox 3591 485 3826 543; x_wconf 86' lang='lat' dir='ltr'>ambitus</span> 
     </span>
    </p>
   </div>
   <div class='ocr_carea' id='block_1_21' title="bbox 2228 571 3824 649">
    <p class='ocr_par' dir='ltr' id='par_1_21' title="bbox 2228 571 3824 649">
     <span class='ocr_line' id='line_1_21' title="bbox 2228 571 3824 649; baseline 0.001 -20"><span class='ocrx_word' id='word_1_128' title='bbox 2228 574 2422 644; x_wconf 86' lang='lat' dir='ltr'>Inficit,</span> <span class='ocrx_word' id='word_1_129' title='bbox 2451 577 2502 630; x_wconf 90' lang='lat' dir='ltr'>in</span> <span class='ocrx_word' id='word_1_130' title='bbox 2527 575 2782 632; x_wconf 88' lang='lat' dir='ltr'>tenebras</span> <span class='ocrx_word' id='word_1_131' title='bbox 2804 573 2912 629; x_wconf 90' lang='lat' dir='ltr'>ruit</span> <span class='ocrx_word' id='word_1_132' title='bbox 2941 574 3128 640; x_wconf 81' lang='lat' dir='ltr'>aether,</span> <span class='ocrx_word' id='word_1_133' title='bbox 3160 583 3211 628; x_wconf 94' lang='lat' dir='ltr'>et</span> <span class='ocrx_word' id='word_1_134' title='bbox 3238 586 3385 628; x_wconf 90' lang='lat' dir='ltr'>mare</span> <span class='ocrx_word' id='word_1_135' title='bbox 3415 573 3603 644; x_wconf 81' lang='lat' dir='ltr'>surgit.</span> <span class='ocrx_word' id='word_1_136' title='bbox 3631 571 3824 649; x_wconf 86' lang='lat' dir='ltr'>[undas</span> 
     </span>
    </p>
   </div>
   <div class='ocr_carea' id='block_1_22' title="bbox 2226 661 3702 736">
    <p class='ocr_par' dir='ltr' id='par_1_22' title="bbox 2226 661 3702 736">
     <span class='ocr_line' id='line_1_22' title="bbox 2226 661 3702 736; baseline 0 -18"><span class='ocrx_word' id='word_1_137' title='bbox 2226 665 2599 736; x_wconf 86' lang='lat' dir='ltr'>Nequidquam</span> <span class='ocrx_word' id='word_1_138' title='bbox 2631 665 2832 720; x_wconf 86' lang='lat' dir='ltr'>medios</span> <span class='ocrx_word' id='word_1_139' title='bbox 2862 662 3061 718; x_wconf 84' lang='lat' dir='ltr'>ﬂuctus</span> <span class='ocrx_word' id='word_1_140' title='bbox 3089 661 3221 716; x_wconf 90' lang='lat' dir='ltr'>dum</span> <span class='ocrx_word' id='word_1_141' title='bbox 3250 661 3435 716; x_wconf 91' lang='lat' dir='ltr'>nubila</span> <span class='ocrx_word' id='word_1_142' title='bbox 3469 671 3702 735; x_wconf 84' lang='lat' dir='ltr'>tangunt</span> 
     </span>
    </p>
   </div>
   <div class='ocr_carea' id='block_1_23' title="bbox 2227 750 3585 823">
    <p class='ocr_par' dir='ltr' id='par_1_23' title="bbox 2227 750 3585 823">
     <span class='ocr_line' id='line_1_23' title="bbox 2227 750 3585 823; baseline -0.002 -14"><span class='ocrx_word' id='word_1_143' title='bbox 2227 752 2411 809; x_wconf 89' lang='lat' dir='ltr'>Gloria</span> <span class='ocrx_word' id='word_1_144' title='bbox 2439 763 2720 809; x_wconf 90' lang='lat' dir='ltr'>ventorum</span> <span class='ocrx_word' id='word_1_145' title='bbox 2749 768 2889 823; x_wconf 86' lang='lat' dir='ltr'>quos</span> <span class='ocrx_word' id='word_1_146' title='bbox 2917 766 3107 808; x_wconf 92' lang='lat' dir='ltr'>omnes</span> <span class='ocrx_word' id='word_1_147' title='bbox 3132 750 3346 807; x_wconf 88' lang='lat' dir='ltr'>turbine</span> <span class='ocrx_word' id='word_1_148' title='bbox 3374 753 3585 808; x_wconf 88' lang='lat' dir='ltr'>miscet.</span> 
     </span>
    </p>
   </div>
   <div class='ocr_carea' id='block_1_24' title="bbox 2227 839 3618 913">
    <p class='ocr_par' dir='ltr' id='par_1_24' title="bbox 2227 839 3618 913">
     <span class='ocr_line' id='line_1_24' title="bbox 2227 839 3618 913; baseline -0.001 -17"><span class='ocrx_word' id='word_1_149' title='bbox 2227 841 2485 898; x_wconf 90' lang='lat' dir='ltr'>Diversus</span> <span class='ocrx_word' id='word_1_150' title='bbox 2515 841 2660 898; x_wconf 89' lang='lat' dir='ltr'>furor</span> <span class='ocrx_word' id='word_1_151' title='bbox 2695 841 2751 896; x_wconf 90' lang='lat' dir='ltr'>in</span> <span class='ocrx_word' id='word_1_152' title='bbox 2782 840 3070 913; x_wconf 86' lang='lat' dir='ltr'>profugum</span> <span class='ocrx_word' id='word_1_153' title='bbox 3101 839 3379 895; x_wconf 86' lang='lat' dir='ltr'>frendebat</span> <span class='ocrx_word' id='word_1_154' title='bbox 3404 840 3618 896; x_wconf 87' lang='lat' dir='ltr'>Jonam.</span> 
     </span>
    </p>
   </div>
   <div class='ocr_carea' id='block_1_25' title="bbox 2228 927 3522 1002">
    <p class='ocr_par' dir='ltr' id='par_1_25' title="bbox 2228 927 3522 1002">
     <span class='ocr_line' id='line_1_25' title="bbox 2228 927 3522 1002; baseline -0.002 -16"><span class='ocrx_word' id='word_1_155' title='bbox 2228 931 2348 986; x_wconf 90' lang='lat' dir='ltr'>Una</span> <span class='ocrx_word' id='word_1_156' title='bbox 2375 931 2508 987; x_wconf 88' lang='lat' dir='ltr'>ratis</span> <span class='ocrx_word' id='word_1_157' title='bbox 2534 941 2802 986; x_wconf 88' lang='lat' dir='ltr'>certamen</span> <span class='ocrx_word' id='word_1_158' title='bbox 2831 938 2946 986; x_wconf 92' lang='lat' dir='ltr'>erat</span> <span class='ocrx_word' id='word_1_159' title='bbox 2975 929 3226 1000; x_wconf 88' lang='lat' dir='ltr'>coeloque</span> <span class='ocrx_word' id='word_1_160' title='bbox 3252 927 3522 1002; x_wconf 88' lang='lat' dir='ltr'>fretoque,</span> 
     </span>
    </p>
   </div>
   <div class='ocr_carea' id='block_1_26' title="bbox 2228 1017 3698 1082">
    <p class='ocr_par' dir='ltr' id='par_1_26' title="bbox 2228 1017 3698 1082">
     <span class='ocr_line' id='line_1_26' title="bbox 2228 1017 3698 1082; baseline 0 -8"><span class='ocrx_word' id='word_1_161' title='bbox 2228 1020 2494 1074; x_wconf 91' lang='lat' dir='ltr'>Tunditur</span> <span class='ocrx_word' id='word_1_162' title='bbox 2523 1021 2650 1074; x_wconf 89' lang='lat' dir='ltr'>hinc</span> <span class='ocrx_word' id='word_1_163' title='bbox 2679 1019 2844 1082; x_wconf 90' lang='lat' dir='ltr'>illinc,</span> <span class='ocrx_word' id='word_1_164' title='bbox 2878 1019 3056 1073; x_wconf 89' lang='lat' dir='ltr'>tremit</span> <span class='ocrx_word' id='word_1_165' title='bbox 3085 1018 3264 1074; x_wconf 91' lang='lat' dir='ltr'>omnis</span> <span class='ocrx_word' id='word_1_166' title='bbox 3293 1017 3425 1075; x_wconf 89' lang='lat' dir='ltr'>silva</span> <span class='ocrx_word' id='word_1_167' title='bbox 3453 1019 3553 1072; x_wconf 93' lang='lat' dir='ltr'>sub</span> <span class='ocrx_word' id='word_1_168' title='bbox 3585 1017 3698 1074; x_wconf 91' lang='lat' dir='ltr'>ictu</span> 
     </span>
    </p>
   </div>
   <div class='ocr_carea' id='block_1_27' title="bbox 2228 1106 3728 1180">
    <p class='ocr_par' dir='ltr' id='par_1_27' title="bbox 2228 1106 3728 1180">
     <span class='ocr_line' id='line_1_27' title="bbox 2228 1106 3728 1180; baseline 0.001 -17"><span class='ocrx_word' id='word_1_169' title='bbox 2228 1108 2554 1180; x_wconf 85' lang='lat' dir='ltr'>Fluctifrago</span> <span class='ocrx_word' id='word_1_170' title='bbox 2585 1108 2684 1179; x_wconf 88' lang='grc'>(1),</span> <span class='ocrx_word' id='word_1_171' title='bbox 2719 1109 2906 1164; x_wconf 88' lang='lat' dir='ltr'>subter</span> <span class='ocrx_word' id='word_1_172' title='bbox 2932 1123 3192 1164; x_wconf 89' lang='lat' dir='ltr'>concussa</span> <span class='ocrx_word' id='word_1_173' title='bbox 3222 1114 3305 1162; x_wconf 90' lang='lat' dir='ltr'>est</span> <span class='ocrx_word' id='word_1_174' title='bbox 3333 1106 3480 1177; x_wconf 90' lang='lat' dir='ltr'>spira</span> <span class='ocrx_word' id='word_1_175' title='bbox 3507 1109 3728 1164; x_wconf 61' lang='lat' dir='ltr'>carina.</span> 
     </span>
    </p>
   </div>
   <div class='ocr_carea' id='block_1_28' title="bbox 2229 1195 3818 1269">
    <p class='ocr_par' dir='ltr' id='par_1_28' title="bbox 2229 1195 3818 1269">
     <span class='ocr_line' id='line_1_28' title="bbox 2229 1195 3818 1269; baseline 0.001 -17"><span class='ocrx_word' id='word_1_176' title='bbox 2229 1197 2451 1268; x_wconf 88' lang='lat' dir='ltr'>Palpitat</span> <span class='ocrx_word' id='word_1_177' title='bbox 2477 1205 2745 1254; x_wconf 90' lang='lat' dir='ltr'>antemma</span> <span class='ocrx_word' id='word_1_178' title='bbox 2759 1197 2990 1252; x_wconf 84' lang='lat' dir='ltr'>stridens</span> <span class='ocrx_word' id='word_1_179' title='bbox 3009 1195 3108 1268; x_wconf 95' lang='lat'>(2),</span> <span class='ocrx_word' id='word_1_180' title='bbox 3129 1195 3284 1252; x_wconf 91' lang='lat' dir='ltr'>labor</span> <span class='ocrx_word' id='word_1_181' title='bbox 3304 1195 3485 1252; x_wconf 90' lang='lat' dir='ltr'>horret</span> <span class='ocrx_word' id='word_1_182' title='bbox 3501 1195 3568 1251; x_wconf 89' lang='lat' dir='ltr'>ab</span> <span class='ocrx_word' id='word_1_183' title='bbox 3592 1197 3702 1255; x_wconf 89' lang='lat' dir='ltr'>alto</span> <span class='ocrx_word' id='word_1_184' title='bbox 3720 1201 3818 1269; x_wconf 88' lang='lat'>(3),</span> 
     </span>
    </p>
   </div>
   <div class='ocr_carea' id='block_1_29' title="bbox 2229 1283 3592 1358">
    <p class='ocr_par' dir='ltr' id='par_1_29' title="bbox 2229 1283 3592 1358">
     <span class='ocr_line' id='line_1_29' title="bbox 2229 1283 3592 1358; baseline 0 -18"><span class='ocrx_word' id='word_1_185' title='bbox 2229 1287 2352 1358; x_wconf 90' lang='lat' dir='ltr'>Ipsa</span> <span class='ocrx_word' id='word_1_186' title='bbox 2379 1287 2537 1344; x_wconf 93' lang='lat' dir='ltr'>etiam</span> <span class='ocrx_word' id='word_1_187' title='bbox 2566 1285 2788 1358; x_wconf 84' lang='lat' dir='ltr'>infringi</span> <span class='ocrx_word' id='word_1_188' title='bbox 2815 1285 3065 1342; x_wconf 89' lang='lat' dir='ltr'>dubitans</span> <span class='ocrx_word' id='word_1_189' title='bbox 3093 1283 3382 1340; x_wconf 86' lang='lat' dir='ltr'>inﬂectitur</span> <span class='ocrx_word' id='word_1_190' title='bbox 3410 1285 3592 1340; x_wconf 93' lang='lat' dir='ltr'>arbor.</span> 
     </span>
    </p>
   </div>
   <div class='ocr_carea' id='block_1_30' title="bbox 2228 1372 3818 1446">
    <p class='ocr_par' dir='ltr' id='par_1_30' title="bbox 2228 1372 3818 1446">
     <span class='ocr_line' id='line_1_30' title="bbox 2228 1372 3818 1446; baseline -0.001 -16"><span class='ocrx_word' id='word_1_191' title='bbox 2228 1376 2492 1432; x_wconf 89' lang='lat' dir='ltr'>Nauticus</span> <span class='ocrx_word' id='word_1_192' title='bbox 2521 1375 2723 1431; x_wconf 86' lang='lat' dir='ltr'>interea</span> <span class='ocrx_word' id='word_1_193' title='bbox 2768 1374 3015 1446; x_wconf 83' lang='lat' dir='ltr'>geminus</span> <span class='ocrx_word' id='word_1_194' title='bbox 3063 1374 3266 1429; x_wconf 89' lang='lat' dir='ltr'>clamor</span> <span class='ocrx_word' id='word_1_195' title='bbox 3289 1372 3376 1444; x_wconf 86' lang='grc'>(4)</span> <span class='ocrx_word' id='word_1_196' title='bbox 3405 1372 3584 1428; x_wconf 87' lang='lat' dir='ltr'>omnia</span> <span class='ocrx_word' id='word_1_197' title='bbox 3625 1381 3818 1441; x_wconf 89' lang='lat' dir='ltr'>tentat,</span> 
     </span>
    </p>
   </div>
   <div class='ocr_carea' id='block_1_31' title="bbox 2228 1461 3821 1536">
    <p class='ocr_par' dir='ltr' id='par_1_31' title="bbox 2228 1461 3821 1536">
     <span class='ocr_line' id='line_1_31' title="bbox 2228 1461 3821 1536; baseline 0.001 -16"><span class='ocrx_word' id='word_1_198' title='bbox 2228 1467 2329 1521; x_wconf 94' lang='lat' dir='ltr'>Pro</span> <span class='ocrx_word' id='word_1_199' title='bbox 2363 1474 2473 1520; x_wconf 89' lang='lat' dir='ltr'>rate</span> <span class='ocrx_word' id='word_1_200' title='bbox 2494 1479 2702 1536; x_wconf 88' lang='lat' dir='ltr'>proque</span> <span class='ocrx_word' id='word_1_201' title='bbox 2722 1463 2919 1528; x_wconf 89' lang='lat' dir='ltr'>anima,</span> <span class='ocrx_word' id='word_1_202' title='bbox 2945 1462 3118 1532; x_wconf 88' lang='lat' dir='ltr'>spiras</span> <span class='ocrx_word' id='word_1_203' title='bbox 3137 1461 3214 1533; x_wconf 74' lang='grc'>(4)</span> <span class='ocrx_word' id='word_1_204' title='bbox 3240 1461 3501 1518; x_wconf 90' lang='lat' dir='ltr'>mundare</span> <span class='ocrx_word' id='word_1_205' title='bbox 3541 1473 3821 1522; x_wconf 81' lang='lat' dir='ltr'>morantes</span> 
     </span>
    </p>
   </div>
   <div class='ocr_carea' id='block_1_32' title="bbox 2226 1551 3817 1627">
    <p class='ocr_par' dir='ltr' id='par_1_32' title="bbox 2226 1551 3817 1627">
     <span class='ocr_line' id='line_1_32' title="bbox 2226 1551 3817 1627; baseline 0 -19"><span class='ocrx_word' id='word_1_206' title='bbox 2226 1552 2564 1625; x_wconf 87' lang='lat' dir='ltr'>Oblaqueare</span> <span class='ocrx_word' id='word_1_207' title='bbox 2593 1553 2841 1608; x_wconf 90' lang='lat' dir='ltr'>mithram</span> <span class='ocrx_word' id='word_1_208' title='bbox 2872 1554 2972 1627; x_wconf 67' lang='lat'>(.5),</span> <span class='ocrx_word' id='word_1_209' title='bbox 3024 1551 3297 1607; x_wconf 88' lang='lat' dir='ltr'>clavorum</span> <span class='ocrx_word' id='word_1_210' title='bbox 3347 1551 3615 1622; x_wconf 85' lang='lat' dir='ltr'>stringere</span> <span class='ocrx_word' id='word_1_211' title='bbox 3643 1553 3817 1618; x_wconf 88' lang='lat' dir='ltr'>nisus,</span> 
     </span>
    </p>
   </div>
   <div class='ocr_carea' id='block_1_33' title="bbox 2227 1641 3538 1712">
    <p class='ocr_par' dir='ltr' id='par_1_33' title="bbox 2227 1641 3538 1712">
     <span class='ocr_line' id='line_1_33' title="bbox 2227 1641 3538 1712; baseline 0 -16"><span class='ocrx_word' id='word_1_212' title='bbox 2227 1643 2321 1698; x_wconf 84' lang='lat' dir='ltr'>Vel</span> <span class='ocrx_word' id='word_1_213' title='bbox 2350 1643 2667 1699; x_wconf 89' lang='lat' dir='ltr'>reluctantes</span> <span class='ocrx_word' id='word_1_214' title='bbox 2697 1641 2971 1712; x_wconf 89' lang='lat' dir='ltr'>impellere</span> <span class='ocrx_word' id='word_1_215' title='bbox 3003 1651 3217 1712; x_wconf 89' lang='lat' dir='ltr'>pectore</span> <span class='ocrx_word' id='word_1_216' title='bbox 3234 1655 3396 1711; x_wconf 82' lang='lat' dir='ltr'>gyros</span> <span class='ocrx_word' id='word_1_217' title='bbox 3423 1641 3496 1711; x_wconf 89' lang='lat'>(7)</span> <span class='ocrx_word' id='word_1_218' title='bbox 3525 1659 3538 1696; x_wconf 92' lang='lat'>:</span> 
     </span>
    </p>
   </div>
   <div class='ocr_carea' id='block_1_34' title="bbox 2223 1728 3746 1804">
    <p class='ocr_par' dir='ltr' id='par_1_34' title="bbox 2223 1728 3746 1804">
     <span class='ocr_line' id='line_1_34' title="bbox 2223 1728 3746 1804; baseline 0.001 -18"><span class='ocrx_word' id='word_1_219' title='bbox 2223 1731 2354 1786; x_wconf 88' lang='lat' dir='ltr'>Pars</span> <span class='ocrx_word' id='word_1_220' title='bbox 2369 1731 2534 1786; x_wconf 89' lang='lat' dir='ltr'>maris</span> <span class='ocrx_word' id='word_1_221' title='bbox 2561 1730 2757 1786; x_wconf 87' lang='lat' dir='ltr'>interni</span> <span class='ocrx_word' id='word_1_222' title='bbox 2783 1738 3003 1802; x_wconf 86' lang='lat' dir='ltr'>puteum</span> <span class='ocrx_word' id='word_1_223' title='bbox 3037 1728 3349 1804; x_wconf 87' lang='lat' dir='ltr'>graveolere</span> <span class='ocrx_word' id='word_1_224' title='bbox 3382 1729 3464 1800; x_wconf 92' lang='lat'>(8)</span> <span class='ocrx_word' id='word_1_225' title='bbox 3485 1729 3746 1787; x_wconf 87' lang='lat' dir='ltr'>vicissim.</span> 
     </span>
    </p>
   </div>
   <div class='ocr_carea' id='block_1_35' title="bbox 1883 1944 2382 2012">
    <p class='ocr_par' dir='ltr' id='par_1_35' title="bbox 1883 1944 2382 2012">
     <span class='ocr_line' id='line_1_35' title="bbox 1883 1944 2382 2012; baseline -0.008 -5"><span class='ocrx_word' id='word_1_226' title='bbox 1883 1944 2382 2012; x_wconf 86' lang='lat' dir='ltr'>Commentarius.</span> 
     </span>
    </p>
   </div>
   <div class='ocr_carea' id='block_1_36' title="bbox 593 2020 2109 2147">
    <p class='ocr_par' dir='ltr' id='par_1_36' title="bbox 593 2020 2109 2147">
     <span class='ocr_line' id='line_1_36' title="bbox 593 2020 2109 2147; baseline 0.001 -69"><span class='ocrx_word' id='word_1_227' title='bbox 593 2022 728 2093; x_wconf 80' lang='lat'>(92‘)</span> <span class='ocrx_word' id='word_1_228' title='bbox 761 2020 957 2078; x_wconf 82' lang='lat' dir='ltr'>Debita</span> <span class='ocrx_word' id='word_1_229' title='bbox 1009 2020 1202 2077; x_wconf 79' lang='lat' dir='ltr'>cedere</span> <span class='ocrx_word' id='word_1_230' title='bbox 1226 2038 1452 2147; x_wconf 69' lang='lat' dir='ltr'>dpazme.</span> <span class='ocrx_word' id='word_1_231' title='bbox 1513 2021 1592 2076; x_wconf 88' lang='lat' dir='ltr'>Ita</span> <span class='ocrx_word' id='word_1_232' title='bbox 1630 2023 1930 2091; x_wconf 90' lang='lat' dir='ltr'>emendavi,</span> <span class='ocrx_word' id='word_1_233' title='bbox 1988 2041 2109 2081; x_wconf 90' lang='lat' dir='ltr'>cum</span> 
     </span>
     <span class='ocr_line' id='line_1_37' title="bbox 593 2092 2108 2147; baseline 0 0"><span class='ocrx_word' id='word_1_234' title='bbox 593 2104 771 2147; x_wconf 87' lang='lat' dir='ltr'>rrunte</span> <span class='ocrx_word' id='word_1_235' title='bbox 798 2104 941 2147; x_wconf 89' lang='lat' dir='ltr'>esset</span> <span class='ocrx_word' id='word_1_236' title='bbox 972 2092 1024 2146; x_wconf 93' lang='lat' dir='ltr'>in</span> <span class='ocrx_word' id='word_1_237' title='bbox 1056 2109 1111 2147; x_wconf 92' lang='lat' dir='ltr'>v.</span> <span class='ocrx_word' id='word_1_238' title='bbox 1144 2109 1194 2147; x_wconf 88' lang='lat' dir='ltr'>c.</span> <span class='ocrx_word' id='word_1_239' title='bbox 1263 2095 1471 2147; x_wconf 75' lang='lat' dir='ltr'>ebitam</span> <span class='ocrx_word' id='word_1_240' title='bbox 1501 2093 1692 2147; x_wconf 80' lang='lat' dir='ltr'>cedere</span> <span class='ocrx_word' id='word_1_241' title='bbox 1720 2113 1945 2147; x_wconf 75' lang='lat' dir='ltr'>numam</span> <span class='ocrx_word' id='word_1_242' title='bbox 1967 2117 1985 2147; x_wconf 89' lang='lat'>.-</span> <span class='ocrx_word' id='word_1_243' title='bbox 2017 2112 2108 2147; x_wconf 83' lang='lat' dir='ltr'>ce-</span> 
     </span>
    </p>
   </div>
   <div class='ocr_carea' id='block_1_37' title="bbox 519 2092 2108 2168">
    <p class='ocr_par' dir='ltr' id='par_1_37' title="bbox 519 2092 2108 2168">
     <span class='ocr_line' id='line_1_38' title="bbox 519 2092 2108 2168; baseline 0.001 -18"><span class='ocrx_word' id='word_1_244' title='bbox 519 2092 771 2168; x_wconf 87' lang='lat' dir='ltr'>corrupte</span> <span class='ocrx_word' id='word_1_245' title='bbox 798 2104 941 2168; x_wconf 88' lang='lat' dir='ltr'>esset</span> <span class='ocrx_word' id='word_1_246' title='bbox 972 2092 1024 2146; x_wconf 91' lang='lat' dir='ltr'>in</span> <span class='ocrx_word' id='word_1_247' title='bbox 1056 2109 1111 2148; x_wconf 91' lang='lat' dir='ltr'>v.</span> <span class='ocrx_word' id='word_1_248' title='bbox 1144 2109 1194 2168; x_wconf 81' lang='lat' dir='ltr'>c.</span> <span class='ocrx_word' id='word_1_249' title='bbox 1226 2092 1471 2149; x_wconf 77' lang='lat' dir='ltr'>debitam</span> <span class='ocrx_word' id='word_1_250' title='bbox 1501 2093 1692 2153; x_wconf 83' lang='lat' dir='ltr'>cedere</span> <span class='ocrx_word' id='word_1_251' title='bbox 1716 2113 1985 2168; x_wconf 67' lang='lat' dir='ltr'>poenam,-</span> <span class='ocrx_word' id='word_1_252' title='bbox 2017 2112 2108 2152; x_wconf 87' lang='lat' dir='ltr'>ce-</span> 
     </span>
    </p>
   </div>
   <div class='ocr_carea' id='block_1_38' title="bbox 518 2165 1324 2235">
    <p class='ocr_par' dir='ltr' id='par_1_38' title="bbox 518 2165 1324 2235">
     <span class='ocr_line' id='line_1_39' title="bbox 518 2165 1324 2235; baseline -0.005 -13"><span class='ocrx_word' id='word_1_253' title='bbox 518 2167 646 2223; x_wconf 87' lang='lat' dir='ltr'>dere</span> <span class='ocrx_word' id='word_1_254' title='bbox 676 2165 852 2235; x_wconf 88' lang='lat' dir='ltr'>posuit</span> <span class='ocrx_word' id='word_1_255' title='bbox 883 2180 977 2234; x_wconf 86' lang='lat' dir='ltr'>pro</span> <span class='ocrx_word' id='word_1_256' title='bbox 1018 2166 1324 2221; x_wconf 78' lang='lat' dir='ltr'>remittere.</span> 
     </span>
    </p>
   </div>
   <div class='ocr_carea' id='block_1_39' title="bbox 591 2236 2111 2307">
    <p class='ocr_par' dir='ltr' id='par_1_39' title="bbox 591 2236 2111 2307">
     <span class='ocr_line' id='line_1_40' title="bbox 591 2236 2111 2307; baseline 0.001 -17"><span class='ocrx_word' id='word_1_257' title='bbox 591 2238 708 2307; x_wconf 90' lang='lat'>(93)</span> <span class='ocrx_word' id='word_1_258' title='bbox 742 2236 1194 2307; x_wconf 15' lang='lat' dir='ltr'>Cessabatgobire.</span> <span class='ocrx_word' id='word_1_259' title='bbox 1233 2236 1293 2288; x_wconf 91' lang='lat' dir='ltr'>Id</span> <span class='ocrx_word' id='word_1_260' title='bbox 1321 2243 1423 2300; x_wconf 92' lang='lat' dir='ltr'>est,</span> <span class='ocrx_word' id='word_1_261' title='bbox 1464 2239 1750 2293; x_wconf 90' lang='lat' dir='ltr'>recusabat</span> <span class='ocrx_word' id='word_1_262' title='bbox 1798 2239 1961 2292; x_wconf 88' lang='lat' dir='ltr'>Jonas</span> <span class='ocrx_word' id='word_1_263' title='bbox 2011 2238 2111 2292; x_wconf 94' lang='lat' dir='ltr'>im-</span> 
     </span>
    </p>
   </div>
   <div class='ocr_carea' id='block_1_40' title="bbox 521 2305 2112 2378">
    <p class='ocr_par' dir='ltr' id='par_1_40' title="bbox 521 2305 2112 2378">
     <span class='ocr_line' id='line_1_41' title="bbox 521 2305 2112 2378; baseline 0.001 -16"><span class='ocrx_word' id='word_1_264' title='bbox 521 2305 939 2378; x_wconf 36' lang='lat' dir='ltr'>plere&#39;ofﬁcium</span> <span class='ocrx_word' id='word_1_265' title='bbox 970 2305 1318 2378; x_wconf 87' lang='lat' dir='ltr'>admonendi.</span> <span class='ocrx_word' id='word_1_266' title='bbox 1351 2307 1513 2362; x_wconf 91' lang='lat' dir='ltr'>Plane</span> <span class='ocrx_word' id='word_1_267' title='bbox 1541 2309 1730 2363; x_wconf 90' lang='lat' dir='ltr'>eodem</span> <span class='ocrx_word' id='word_1_268' title='bbox 1760 2308 1941 2364; x_wconf 83' lang='lat' dir='ltr'>colore</span> <span class='ocrx_word' id='word_1_269' title='bbox 1970 2311 2112 2364; x_wconf 83' lang='lat' dir='ltr'>Pru-</span> 
     </span>
    </p>
   </div>
   <div class='ocr_carea' id='block_1_41' title="bbox 521 2377 2113 2448">
    <p class='ocr_par' dir='ltr' id='par_1_41' title="bbox 521 2377 2113 2448">
     <span class='ocr_line' id='line_1_42' title="bbox 521 2377 2113 2448; baseline 0.002 -15"><span class='ocrx_word' id='word_1_270' title='bbox 521 2377 735 2434; x_wconf 90' lang='lat' dir='ltr'>dentius</span> <span class='ocrx_word' id='word_1_271' title='bbox 765 2384 997 2448; x_wconf 14' lang='lat' dir='ltr'>excusat,</span> <span class='ocrx_word' id='word_1_272' title='bbox 1016 2377 1230 2446; x_wconf 89' lang='lat' dir='ltr'>Jonam,</span> <span class='ocrx_word' id='word_1_273' title='bbox 1263 2378 1462 2448; x_wconf 81' lang='lat' dir='ltr'>hymno</span> <span class='ocrx_word' id='word_1_274' title='bbox 1487 2380 1520 2432; x_wconf 85' lang='grc'><strong>7</strong></span> <span class='ocrx_word' id='word_1_275' title='bbox 1555 2380 1832 2448; x_wconf 85' lang='lat' dir='ltr'>Cathem.,</span> <span class='ocrx_word' id='word_1_276' title='bbox 1875 2381 1968 2436; x_wconf 91' lang='lat' dir='ltr'>ubi</span> <span class='ocrx_word' id='word_1_277' title='bbox 1997 2383 2113 2437; x_wconf 72' lang='lat' dir='ltr'>haec</span> 
     </span>
    </p>
   </div>
   <div class='ocr_carea' id='block_1_42' title="bbox 525 2447 1138 2505">
    <p class='ocr_par' dir='ltr' id='par_1_42' title="bbox 525 2447 1138 2505">
     <span class='ocr_line' id='line_1_43' title="bbox 525 2447 1138 2505; baseline -0.003 -2"><span class='ocrx_word' id='word_1_278' title='bbox 525 2449 745 2505; x_wconf 89' lang='lat' dir='ltr'>historia</span> <span class='ocrx_word' id='word_1_279' title='bbox 775 2447 1094 2502; x_wconf 89' lang='lat' dir='ltr'>describitur</span> <span class='ocrx_word' id='word_1_280' title='bbox 1126 2466 1138 2501; x_wconf 91' lang='lat'><strong>:</strong></span> 
     </span>
    </p>
   </div>
   <div class='ocr_carea' id='block_1_43' title="bbox 681 2542 1742 2605">
    <p class='ocr_par' dir='ltr' id='par_1_43' title="bbox 681 2542 1742 2605">
     <span class='ocr_line' id='line_1_44' title="bbox 681 2542 1742 2605; baseline 0.003 -12"><span class='ocrx_word' id='word_1_281' title='bbox 681 2544 858 2593; x_wconf 88' lang='lat' dir='ltr'>Jonam</span> <span class='ocrx_word' id='word_1_282' title='bbox 889 2542 1190 2605; x_wconf 86' lang='lat' dir='ltr'>prophetam</span> <span class='ocrx_word' id='word_1_283' title='bbox 1225 2543 1361 2592; x_wconf 90' lang='lat' dir='ltr'>mitis</span> <span class='ocrx_word' id='word_1_284' title='bbox 1396 2545 1533 2593; x_wconf 88' lang='lat' dir='ltr'>ultor</span> <span class='ocrx_word' id='word_1_285' title='bbox 1559 2546 1742 2596; x_wconf 86' lang='lat' dir='ltr'>excitat</span> 
     </span>
    </p>
   </div>
   <div class='ocr_carea' id='block_1_44' title="bbox 681 2605 1764 2670">
    <p class='ocr_par' dir='ltr' id='par_1_44' title="bbox 681 2605 1764 2670">
     <span class='ocr_line' id='line_1_45' title="bbox 681 2605 1764 2670; baseline 0.006 -18"><span class='ocrx_word' id='word_1_286' title='bbox 681 2608 844 2670; x_wconf 70' lang='lat' dir='ltr'>Poenae</span> <span class='ocrx_word' id='word_1_287' title='bbox 876 2606 1184 2670; x_wconf 84' lang='lat' dir='ltr'>imminentis</span> <span class='ocrx_word' id='word_1_288' title='bbox 1209 2605 1304 2654; x_wconf 89' lang='lat' dir='ltr'>iret</span> <span class='ocrx_word' id='word_1_289' title='bbox 1340 2613 1398 2655; x_wconf 89' lang='lat' dir='ltr'>ut</span> <span class='ocrx_word' id='word_1_290' title='bbox 1431 2610 1764 2670; x_wconf 74' lang='lat' dir='ltr'>prmnuntius,</span> 
     </span>
    </p>
   </div>
   <div class='ocr_carea' id='block_1_45' title="bbox 682 2668 1762 2720">
    <p class='ocr_par' dir='ltr' id='par_1_45' title="bbox 682 2668 1762 2720">
     <span class='ocr_line' id='line_1_46' title="bbox 682 2668 1762 2720; baseline 0.004 -3"><span class='ocrx_word' id='word_1_291' title='bbox 682 2668 779 2717; x_wconf 91' lang='lat' dir='ltr'>Sed</span> <span class='ocrx_word' id='word_1_292' title='bbox 811 2676 983 2716; x_wconf 89' lang='lat' dir='ltr'>nosset</span> <span class='ocrx_word' id='word_1_293' title='bbox 1013 2669 1098 2717; x_wconf 91' lang='lat' dir='ltr'>ille</span> <span class='ocrx_word' id='word_1_294' title='bbox 1127 2682 1240 2716; x_wconf 88' lang='lat' dir='ltr'>cum</span> <span class='ocrx_word' id='word_1_295' title='bbox 1265 2668 1514 2718; x_wconf 76' lang='lat' dir='ltr'>minacem</span> <span class='ocrx_word' id='word_1_296' title='bbox 1535 2671 1762 2720; x_wconf 87' lang='lat' dir='ltr'>Judicem</span> 
     </span>
    </p>
   </div>
   <div class='ocr_carea' id='block_1_46' title="bbox 683 2730 1800 2796">
    <p class='ocr_par' dir='ltr' id='par_1_46' title="bbox 683 2730 1800 2796">
     <span class='ocr_line' id='line_1_47' title="bbox 683 2730 1800 2796; baseline 0.004 -17"><span class='ocrx_word' id='word_1_297' title='bbox 683 2730 891 2796; x_wconf 67' lang='lat' dir='ltr'>Servare</span> <span class='ocrx_word' id='word_1_298' title='bbox 914 2731 1076 2796; x_wconf 28' lang='lat' dir='ltr'>‘malle</span> <span class='ocrx_word' id='word_1_299' title='bbox 1112 2744 1268 2796; x_wconf 86' lang='lat' dir='ltr'>quam</span> <span class='ocrx_word' id='word_1_300' title='bbox 1300 2732 1448 2796; x_wconf 51' lang='lat' dir='ltr'>ferige</span> <span class='ocrx_word' id='word_1_301' title='bbox 1482 2747 1541 2782; x_wconf 84' lang='lat' dir='ltr'>ac</span> <span class='ocrx_word' id='word_1_302' title='bbox 1571 2734 1800 2796; x_wconf 88' lang='lat' dir='ltr'>plectere,</span> 
     </span>
    </p>
   </div>
   <div class='ocr_carea' id='block_1_47' title="bbox 680 2791 1870 2859">
    <p class='ocr_par' dir='ltr' id='par_1_47' title="bbox 680 2791 1870 2859">
     <span class='ocr_line' id='line_1_48' title="bbox 680 2791 1870 2859; baseline 0.003 -16"><span class='ocrx_word' id='word_1_303' title='bbox 680 2793 882 2843; x_wconf 88' lang='lat' dir='ltr'>Tectam</span> <span class='ocrx_word' id='word_1_304' title='bbox 912 2791 1296 2843; x_wconf 47' lang='lat' dir='ltr'>latenter—vertit</span> <span class='ocrx_word' id='word_1_305' title='bbox 1324 2794 1374 2842; x_wconf 89' lang='lat' dir='ltr'>in</span> <span class='ocrx_word' id='word_1_306' title='bbox 1394 2791 1611 2845; x_wconf 72' lang='lat' dir='ltr'>Tharsds</span> <span class='ocrx_word' id='word_1_307' title='bbox 1639 2791 1870 2859; x_wconf 78' lang='lat' dir='ltr'>ﬁguram.</span> 
     </span>
    </p>
   </div>
   <div class='ocr_carea' id='block_1_48' title="bbox 523 2881 2110 2959">
    <p class='ocr_par' dir='ltr' id='par_1_48' title="bbox 523 2881 2110 2959">
     <span class='ocr_line' id='line_1_49' title="bbox 523 2881 2110 2959; baseline 0.004 -19"><span class='ocrx_word' id='word_1_308' title='bbox 523 2885 726 2959; x_wconf 73' lang='lat' dir='ltr'>Yerum</span> <span class='ocrx_word' id='word_1_309' title='bbox 776 2881 1210 2959; x_wconf 37' lang='lat' dir='ltr'>alii‘scriptores</span> <span class='ocrx_word' id='word_1_310' title='bbox 1263 2883 1412 2959; x_wconf 79' lang='lat' dir='ltr'>aiunt</span> <span class='ocrx_word' id='word_1_311' title='bbox 1446 2886 1638 2940; x_wconf 85' lang='lat' dir='ltr'>Jonam</span> <span class='ocrx_word' id='word_1_312' title='bbox 1689 2896 2000 2959; x_wconf 87' lang='lat' dir='ltr'>contemptu</span> <span class='ocrx_word' id='word_1_313' title='bbox 2058 2890 2110 2947; x_wconf 94' lang='lat' dir='ltr'>id</span> 
     </span>
    </p>
   </div>
   <div class='ocr_carea' id='block_1_49' title="bbox 526 2944 2109 3022">
    <p class='ocr_par' dir='ltr' id='par_1_49' title="bbox 526 2944 2109 3022">
     <span class='ocr_line' id='line_1_50' title="bbox 526 2944 2109 3022; baseline 0.006 -12"><span class='ocrx_word' id='word_1_314' title='bbox 526 2956 735 3011; x_wconf 85' lang='lat' dir='ltr'>fecisse.</span> <span class='ocrx_word' id='word_1_315' title='bbox 794 2944 1295 3022; x_wconf 44' lang='lat' dir='ltr'>D.‘lier-onymus,</span> <span class='ocrx_word' id='word_1_316' title='bbox 1358 2956 1671 3014; x_wconf 80' lang='lat' dir='ltr'>Comment.</span> <span class='ocrx_word' id='word_1_317' title='bbox 1729 2961 1792 3013; x_wconf 76' lang='lat' dir='ltr'>in</span> <span class='ocrx_word' id='word_1_318' title='bbox 1841 2944 2109 3019; x_wconf 46' lang='lat' dir='ltr'>lateam;</span> 
     </span>
    </p>
   </div>
   <div class='ocr_carea' id='block_1_50' title="bbox 531 3024 2110 3098">
    <p class='ocr_par' dir='ltr' id='par_1_50' title="bbox 531 3024 2110 3098">
     <span class='ocr_line' id='line_1_51' title="bbox 531 3024 2110 3098; baseline 0.008 -23"><span class='ocrx_word' id='word_1_319' title='bbox 531 3047 552 3075; x_wconf 78' lang='grc' dir='ltr'>α</span> <span class='ocrx_word' id='word_1_320' title='bbox 604 3024 863 3098; x_wconf 84' lang='lat' dir='ltr'>Conscius</span> <span class='ocrx_word' id='word_1_321' title='bbox 892 3035 1008 3079; x_wconf 85' lang='lat' dir='ltr'>erat</span> <span class='ocrx_word' id='word_1_322' title='bbox 1047 3025 1187 3097; x_wconf 77' lang='lat' dir='ltr'>fugae</span> <span class='ocrx_word' id='word_1_323' title='bbox 1229 3034 1286 3098; x_wconf 85' lang='lat' dir='ltr'>et</span> <span class='ocrx_word' id='word_1_324' title='bbox 1321 3029 1526 3097; x_wconf 86' lang='lat' dir='ltr'>peccati</span> <span class='ocrx_word' id='word_1_325' title='bbox 1569 3045 1675 3098; x_wconf 88' lang='lat' dir='ltr'>quo</span> <span class='ocrx_word' id='word_1_326' title='bbox 1714 3030 1932 3085; x_wconf 90' lang='lat' dir='ltr'>Domini</span> <span class='ocrx_word' id='word_1_327' title='bbox 1970 3049 2110 3098; x_wconf 87' lang='lat' dir='ltr'>prae-</span> 
     </span>
    </p>
   </div>
   <div class='ocr_carea' id='block_1_51' title="bbox 524 3095 2103 3170">
    <p class='ocr_par' dir='ltr' id='par_1_51' title="bbox 524 3095 2103 3170">
     <span class='ocr_line' id='line_1_52' title="bbox 524 3095 2103 3170; baseline 0.004 -18"><span class='ocrx_word' id='word_1_328' title='bbox 524 3103 679 3166; x_wconf 88' lang='lat' dir='ltr'>cepta</span> <span class='ocrx_word' id='word_1_329' title='bbox 707 3095 1034 3170; x_wconf 68' lang='lat' dir='ltr'>neglexerat.</span> <span class='ocrx_word' id='word_1_330' title='bbox 1087 3095 1134 3149; x_wconf 64' lang='grc' dir='ltr'><em>ί</em></span> <span class='ocrx_word' id='word_1_331' title='bbox 1157 3095 1558 3170; x_wconf 80' lang='lat' dir='ltr'>D._Gregorius</span> <span class='ocrx_word' id='word_1_332' title='bbox 1587 3095 1698 3156; x_wconf 49' lang='lat' dir='ltr'>&#39;lib.</span> <span class='ocrx_word' id='word_1_333' title='bbox 1729 3115 1786 3156; x_wconf 75' lang='lat' dir='ltr'>vr</span> <span class='ocrx_word' id='word_1_334' title='bbox 1818 3103 1879 3157; x_wconf 85' lang='lat' dir='ltr'>in</span> <span class='ocrx_word' id='word_1_335' title='bbox 1907 3095 2023 3159; x_wconf 79' lang='lat' dir='ltr'>Job.</span> <span class='ocrx_word' id='word_1_336' title='bbox 2055 3121 2103 3160; x_wconf 93' lang='lat' dir='ltr'>c.</span> 
     </span>
    </p>
   </div>
   <div class='ocr_carea' id='block_1_52' title="bbox 525 3167 2103 3244">
    <p class='ocr_par' dir='ltr' id='par_1_52' title="bbox 525 3167 2103 3244">
     <span class='ocr_line' id='line_1_53' title="bbox 525 3167 2103 3244; baseline 0.006 -22"><span class='ocrx_word' id='word_1_337' title='bbox 525 3172 591 3222; x_wconf 79' lang='lat' dir='ltr'>I3</span> <span class='ocrx_word' id='word_1_338' title='bbox 625 3186 637 3220; x_wconf 92' lang='lat'>:</span> <span class='ocrx_word' id='word_1_339' title='bbox 676 3185 700 3218; x_wconf 76' lang='grc' dir='ltr'>α</span> <span class='ocrx_word' id='word_1_340' title='bbox 734 3167 844 3244; x_wconf 74' lang='lat' dir='ltr'>Illic</span> <span class='ocrx_word' id='word_1_341' title='bbox 888 3175 1133 3244; x_wconf 67' lang='lat' dir='ltr'>gestante</span> <span class='ocrx_word' id='word_1_342' title='bbox 1163 3167 1347 3244; x_wconf 76' lang='lat' dir='ltr'>bellua</span> <span class='ocrx_word' id='word_1_343' title='bbox 1378 3167 1618 3244; x_wconf 68' lang='lat' dir='ltr'>pervenit</span> <span class='ocrx_word' id='word_1_344' title='bbox 1648 3188 1757 3242; x_wconf 91' lang='lat' dir='ltr'>quo</span> <span class='ocrx_word' id='word_1_345' title='bbox 1801 3172 1881 3228; x_wconf 92' lang='lat' dir='ltr'>ire</span> <span class='ocrx_word' id='word_1_346' title='bbox 1911 3185 2103 3244; x_wconf 80' lang='lat' dir='ltr'>Sponte</span> 
     </span>
    </p>
   </div>
   <div class='ocr_carea' id='block_1_53' title="bbox 517 3237 2098 3312">
    <p class='ocr_par' dir='ltr' id='par_1_53' title="bbox 517 3237 2098 3312">
     <span class='ocr_line' id='line_1_54' title="bbox 517 3237 2098 3312; baseline 0.004 -19"><span class='ocrx_word' id='word_1_347' title='bbox 517 3239 856 3312; x_wconf 81' lang='lat' dir='ltr'>contempsit.</span> <span class='ocrx_word' id='word_1_348' title='bbox 888 3239 1023 3292; x_wconf 85' lang='lat' dir='ltr'>Ecce</span> <span class='ocrx_word' id='word_1_349' title='bbox 1068 3237 1352 3312; x_wconf 79' lang='lat' dir='ltr'>fugitivum</span> <span class='ocrx_word' id='word_1_350' title='bbox 1379 3237 1492 3312; x_wconf 57' lang='lat' dir='ltr'>&#39;Dei</span> <span class='ocrx_word' id='word_1_351' title='bbox 1543 3237 1833 3312; x_wconf 79' lang='lat' dir='ltr'>tempestas</span> <span class='ocrx_word' id='word_1_352' title='bbox 1878 3237 2098 3312; x_wconf 76' lang='lat' dir='ltr'>invenit,</span> 
     </span>
    </p>
   </div>
   <div class='ocr_carea' id='block_1_54' title="bbox 518 3309 2107 3386">
    <p class='ocr_par' dir='ltr' id='par_1_54' title="bbox 518 3309 2107 3386">
     <span class='ocr_line' id='line_1_55' title="bbox 518 3309 2107 3386; baseline 0.005 -22"><span class='ocrx_word' id='word_1_353' title='bbox 518 3324 638 3365; x_wconf 89' lang='lat' dir='ltr'>sors</span> <span class='ocrx_word' id='word_1_354' title='bbox 684 3309 877 3386; x_wconf 79' lang='lat' dir='ltr'>litigat,</span> <span class='ocrx_word' id='word_1_355' title='bbox 920 3324 1067 3386; x_wconf 76' lang='lat' dir='ltr'>mare</span> <span class='ocrx_word' id='word_1_356' title='bbox 1109 3309 1355 3386; x_wconf 80' lang='lat' dir='ltr'>suscipit,</span> <span class='ocrx_word' id='word_1_357' title='bbox 1390 3311 1564 3386; x_wconf 83' lang='lat' dir='ltr'>bellua</span> <span class='ocrx_word' id='word_1_358' title='bbox 1595 3309 1833 3380; x_wconf 83' lang='lat' dir='ltr'>includit,</span> <span class='ocrx_word' id='word_1_359' title='bbox 1888 3328 1942 3371; x_wconf 90' lang='lat' dir='ltr'>et</span> <span class='ocrx_word' id='word_1_360' title='bbox 1979 3309 2107 3386; x_wconf 83' lang='lat' dir='ltr'>quia</span> 
     </span>
    </p>
   </div>
   <div class='ocr_carea' id='block_1_55' title="bbox 513 3381 2105 3457">
    <p class='ocr_par' dir='ltr' id='par_1_55' title="bbox 513 3381 2105 3457">
     <span class='ocr_line' id='line_1_56' title="bbox 513 3381 2105 3457; baseline 0.004 -21"><span class='ocrx_word' id='word_1_361' title='bbox 513 3382 716 3457; x_wconf 79' lang='lat' dir='ltr'>auctori</span> <span class='ocrx_word' id='word_1_362' title='bbox 764 3396 861 3436; x_wconf 90' lang='lat' dir='ltr'>suo</span> <span class='ocrx_word' id='word_1_363' title='bbox 891 3381 1113 3436; x_wconf 90' lang='lat' dir='ltr'>obedire</span> <span class='ocrx_word' id='word_1_364' title='bbox 1154 3382 1362 3450; x_wconf 90' lang='lat' dir='ltr'>nititur,</span> <span class='ocrx_word' id='word_1_365' title='bbox 1412 3383 1478 3436; x_wconf 88' lang='lat' dir='ltr'>ad</span> <span class='ocrx_word' id='word_1_366' title='bbox 1524 3385 1700 3440; x_wconf 91' lang='lat' dir='ltr'>locum</span> <span class='ocrx_word' id='word_1_367' title='bbox 1751 3401 1860 3457; x_wconf 89' lang='lat' dir='ltr'>quo</span> <span class='ocrx_word' id='word_1_368' title='bbox 1908 3381 2105 3445; x_wconf 81' lang='lat' dir='ltr'>missus</span> 
     </span>
    </p>
   </div>
   <div class='ocr_carea' id='block_1_56' title="bbox 512 3453 2098 3524">
    <p class='ocr_par' dir='ltr' id='par_1_56' title="bbox 512 3453 2098 3524">
     <span class='ocr_line' id='line_1_57' title="bbox 512 3453 2098 3524; baseline 0.003 -14"><span class='ocrx_word' id='word_1_369' title='bbox 512 3453 703 3520; x_wconf 85' lang='lat' dir='ltr'>fuerat,</span> <span class='ocrx_word' id='word_1_370' title='bbox 749 3467 848 3510; x_wconf 91' lang='lat' dir='ltr'>suo</span> <span class='ocrx_word' id='word_1_371' title='bbox 891 3468 1018 3508; x_wconf 89' lang='lat' dir='ltr'>reus</span> <span class='ocrx_word' id='word_1_372' title='bbox 1061 3467 1278 3508; x_wconf 83' lang='lat' dir='ltr'>carcere</span> <span class='ocrx_word' id='word_1_373' title='bbox 1330 3462 1591 3524; x_wconf 88' lang='lat' dir='ltr'>portatur.</span> <span class='ocrx_word' id='word_1_374' title='bbox 1646 3478 1671 3504; x_wconf 72' lang='grc' dir='ltr'><strong>υ</strong></span> <span class='ocrx_word' id='word_1_375' title='bbox 1724 3453 1964 3513; x_wconf 84' lang='lat' dir='ltr'>Isidorus</span> <span class='ocrx_word' id='word_1_376' title='bbox 2008 3460 2098 3515; x_wconf 90' lang='lat' dir='ltr'>lib.</span> 
     </span>
    </p>
   </div>
   <div class='ocr_carea' id='block_1_57' title="bbox 509 3526 2105 3600">
    <p class='ocr_par' dir='ltr' id='par_1_57' title="bbox 509 3526 2105 3600">
     <span class='ocr_line' id='line_1_58' title="bbox 509 3526 2105 3600; baseline 0.001 -18"><span class='ocrx_word' id='word_1_377' title='bbox 509 3526 574 3600; x_wconf 82' lang='lat' dir='ltr'>de</span> <span class='ocrx_word' id='word_1_378' title='bbox 603 3528 721 3581; x_wconf 79' lang='lat' dir='ltr'>vita</span> <span class='ocrx_word' id='word_1_379' title='bbox 751 3529 806 3580; x_wconf 85' lang='lat' dir='ltr'>et</span> <span class='ocrx_word' id='word_1_380' title='bbox 833 3528 1444 3600; x_wconf 82' lang='lat' dir='ltr'>m_orte_sanctor._cap.</span> <span class='ocrx_word' id='word_1_381' title='bbox 1469 3528 1537 3583; x_wconf 81' lang='grc'>45</span> <span class='ocrx_word' id='word_1_382' title='bbox 1569 3545 1582 3582; x_wconf 83' lang='lat' dir='ltr'><strong><em>z</em></strong></span> <span class='ocrx_word' id='word_1_383' title='bbox 1621 3548 1644 3578; x_wconf 70' lang='grc' dir='ltr'>ε</span> <span class='ocrx_word' id='word_1_384' title='bbox 1676 3528 1845 3584; x_wconf 87' lang='lat' dir='ltr'>Jonas</span> <span class='ocrx_word' id='word_1_385' title='bbox 1873 3529 1939 3582; x_wconf 88' lang='lat' dir='ltr'>ad</span> <span class='ocrx_word' id='word_1_386' title='bbox 1970 3546 2105 3600; x_wconf 86' lang='lat' dir='ltr'>gen-</span> 
     </span>
    </p>
   </div>
   <div class='ocr_carea' id='block_1_58' title="bbox 510 3596 2099 3668">
    <p class='ocr_par' dir='ltr' id='par_1_58' title="bbox 510 3596 2099 3668">
     <span class='ocr_line' id='line_1_59' title="bbox 510 3596 2099 3668; baseline 0.005 -19"><span class='ocrx_word' id='word_1_387' title='bbox 510 3598 640 3650; x_wconf 90' lang='lat' dir='ltr'>tium</span> <span class='ocrx_word' id='word_1_388' title='bbox 671 3596 939 3668; x_wconf 73' lang='lat' dir='ltr'>prteconia</span> <span class='ocrx_word' id='word_1_389' title='bbox 956 3596 1214 3668; x_wconf 80' lang='lat' dir='ltr'>mittitur,</span> <span class='ocrx_word' id='word_1_390' title='bbox 1247 3596 1446 3652; x_wconf 90' lang='lat' dir='ltr'>missus</span> <span class='ocrx_word' id='word_1_391' title='bbox 1493 3600 1811 3668; x_wconf 86' lang='lat' dir='ltr'>contemnit,</span> <span class='ocrx_word' id='word_1_392' title='bbox 1855 3596 2099 3656; x_wconf 57' lang='lat' dir='ltr'>cont&#39;em-</span> 
     </span>
    </p>
   </div>
   <div class='ocr_carea' id='block_1_59' title="bbox 504 3665 1517 3738">
    <p class='ocr_par' dir='ltr' id='par_1_59' title="bbox 504 3665 1517 3738">
     <span class='ocr_line' id='line_1_60' title="bbox 504 3665 1517 3738; baseline 0.003 -18"><span class='ocrx_word' id='word_1_393' title='bbox 504 3666 823 3738; x_wconf 81' lang='lat' dir='ltr'>nensfugit,</span> <span class='ocrx_word' id='word_1_394' title='bbox 854 3665 1071 3738; x_wconf 80' lang='lat' dir='ltr'>fugiens</span> <span class='ocrx_word' id='word_1_395' title='bbox 1096 3666 1319 3738; x_wconf 88' lang='lat' dir='ltr'>dormit,</span> <span class='ocrx_word' id='word_1_396' title='bbox 1355 3687 1378 3716; x_wconf 65' lang='grc' dir='ltr'>ιθ</span> <span class='ocrx_word' id='word_1_397' title='bbox 1412 3675 1517 3723; x_wconf 91' lang='lat' dir='ltr'>etc.</span> 
     </span>
    </p>
   </div>
   <div class='ocr_carea' id='block_1_60' title="bbox 570 3735 1707 3812">
    <p class='ocr_par' dir='ltr' id='par_1_60' title="bbox 570 3735 1707 3812">
     <span class='ocr_line' id='line_1_61' title="bbox 570 3735 1707 3812; baseline 0.008 -25"><span class='ocrx_word' id='word_1_398' title='bbox 570 3735 690 3812; x_wconf 50' lang='lat' dir='ltr'>(9a)</span> <span class='ocrx_word' id='word_1_399' title='bbox 727 3735 844 3812; x_wconf 73' lang='lat' dir='ltr'>Qua</span> <span class='ocrx_word' id='word_1_400' title='bbox 874 3735 1238 3812; x_wconf 62' lang='lat' dir='ltr'>subter.Erat</span> <span class='ocrx_word' id='word_1_401' title='bbox 1266 3737 1321 3790; x_wconf 90' lang='lat' dir='ltr'>in</span> <span class='ocrx_word' id='word_1_402' title='bbox 1349 3755 1402 3794; x_wconf 78' lang='grc' dir='ltr'><strong>ν.</strong></span> <span class='ocrx_word' id='word_1_403' title='bbox 1435 3754 1484 3793; x_wconf 93' lang='lat' dir='ltr'>c.</span> <span class='ocrx_word' id='word_1_404' title='bbox 1515 3755 1707 3812; x_wconf 83' lang='lat' dir='ltr'>super.</span> 
     </span>
    </p>
   </div>
   <div class='ocr_carea' id='block_1_61' title="bbox 569 3807 2093 3885">
    <p class='ocr_par' dir='ltr' id='par_1_61' title="bbox 569 3807 2093 3885">
     <span class='ocr_line' id='line_1_62' title="bbox 569 3807 2093 3885; baseline 0.006 -25"><span class='ocrx_word' id='word_1_405' title='bbox 569 3807 985 3885; x_wconf 44' lang='lat' dir='ltr'>(96)_.{ttnral_us</span> <span class='ocrx_word' id='word_1_406' title='bbox 1016 3810 1118 3862; x_wconf 83' lang='lat' dir='ltr'>est.</span> <span class='ocrx_word' id='word_1_407' title='bbox 1153 3807 1417 3885; x_wconf 71' lang='lat' dir='ltr'>corrupte</span> <span class='ocrx_word' id='word_1_408' title='bbox 1446 3807 1631 3885; x_wconf 79' lang='lat' dir='ltr'>rursus</span> <span class='ocrx_word' id='word_1_409' title='bbox 1679 3812 1734 3865; x_wconf 91' lang='lat' dir='ltr'>in</span> <span class='ocrx_word' id='word_1_410' title='bbox 1781 3811 2093 3885; x_wconf 88' lang='lat' dir='ltr'>exemplari,</span> 
     </span>
    </p>
   </div>
   <div class='ocr_carea' id='block_1_62' title="bbox 499 3875 2094 3953">
    <p class='ocr_par' dir='ltr' id='par_1_62' title="bbox 499 3875 2094 3953">
     <span class='ocr_line' id='line_1_63' title="bbox 499 3875 2094 3953; baseline 0.006 -22"><span class='ocrx_word' id='word_1_411' title='bbox 499 3893 578 3931; x_wconf 86' lang='lat' dir='ltr'>an</span> <span class='ocrx_word' id='word_1_412' title='bbox 617 3878 756 3931; x_wconf 74' lang='lat' dir='ltr'>rati.</span> <span class='ocrx_word' id='word_1_413' title='bbox 787 3875 976 3953; x_wconf 63' lang='lat' dir='ltr'>Statim</span> <span class='ocrx_word' id='word_1_414' title='bbox 1009 3878 1228 3945; x_wconf 90' lang='lat' dir='ltr'>reposui</span> <span class='ocrx_word' id='word_1_415' title='bbox 1256 3875 1542 3948; x_wconf 34' lang='lat' dir='ltr'>cie—corde,</span> <span class='ocrx_word' id='word_1_416' title='bbox 1578 3895 1674 3953; x_wconf 89' lang='lat' dir='ltr'>pro</span> <span class='ocrx_word' id='word_1_417' title='bbox 1702 3897 1810 3953; x_wconf 90' lang='lat' dir='ltr'>quo</span> <span class='ocrx_word' id='word_1_418' title='bbox 1843 3900 1895 3939; x_wconf 94' lang='lat' dir='ltr'>v.</span> <span class='ocrx_word' id='word_1_419' title='bbox 1927 3875 1977 3939; x_wconf 84' lang='grc' dir='ltr'>(Ξ.</span> <span class='ocrx_word' id='word_1_420' title='bbox 2027 3875 2094 3940; x_wconf 68' lang='lat' dir='ltr'>de</span> 
     </span>
    </p>
   </div>
   <div class='ocr_carea' id='block_1_63' title="bbox 499 3946 2093 4024">
    <p class='ocr_par' dir='ltr' id='par_1_63' title="bbox 499 3946 2093 4024">
     <span class='ocr_line' id='line_1_64' title="bbox 499 3946 2093 4024; baseline 0.007 -24"><span class='ocrx_word' id='word_1_421' title='bbox 499 3946 1056 4024; x_wconf 83' lang='lat' dir='ltr'>corpore._Removct</span> <span class='ocrx_word' id='word_1_422' title='bbox 1108 3954 1297 4001; x_wconf 84' lang='lat' dir='ltr'>auctor</span> <span class='ocrx_word' id='word_1_423' title='bbox 1352 3964 1382 4002; x_wconf 91' lang='lat' dir='ltr'>a</span> <span class='ocrx_word' id='word_1_424' title='bbox 1440 3946 1983 4024; x_wconf 63' lang='lat' dir='ltr'>prephcta&#39;culpam,</span> <span class='ocrx_word' id='word_1_425' title='bbox 2035 3963 2093 4011; x_wconf 90' lang='lat' dir='ltr'>ut</span> 
     </span>
    </p>
   </div>
   <div class='ocr_carea' id='block_1_64' title="bbox 498 4015 968 4072">
    <p class='ocr_par' dir='ltr' id='par_1_64' title="bbox 498 4015 968 4072">
     <span class='ocr_line' id='line_1_65' title="bbox 498 4015 968 4072; baseline -0.006 -1"><span class='ocrx_word' id='word_1_426' title='bbox 498 4015 722 4072; x_wconf 80' lang='lat' dir='ltr'>excuset</span> <span class='ocrx_word' id='word_1_427' title='bbox 750 4015 968 4071; x_wconf 87' lang='lat' dir='ltr'>factum.</span> 
     </span>
    </p>
   </div>
   <div class='ocr_carea' id='block_1_65' title="bbox 565 4086 2089 4169">
    <p class='ocr_par' dir='ltr' id='par_1_65' title="bbox 565 4086 2089 4169">
     <span class='ocr_line' id='line_1_66' title="bbox 565 4086 2089 4169; baseline 0.009 -28"><span class='ocrx_word' id='word_1_428' title='bbox 565 4088 682 4169; x_wconf 80' lang='lat'>(96)</span> <span class='ocrx_word' id='word_1_429' title='bbox 701 4088 1016 4169; x_wconf 44' lang='grc' dir='ltr'>Μῃονὶς-Μ</span> <span class='ocrx_word' id='word_1_430' title='bbox 1040 4086 1428 4169; x_wconf 39' lang='grc' dir='ltr'>ἱαρξοηδὶηιὶιῑβ</span> <span class='ocrx_word' id='word_1_431' title='bbox 1451 4092 1659 4169; x_wconf 75' lang='lat' dir='ltr'>phrasis</span> <span class='ocrx_word' id='word_1_432' title='bbox 1680 4094 1922 4152; x_wconf 65' lang='lat' dir='ltr'>Sisennae</span> <span class='ocrx_word' id='word_1_433' title='bbox 1944 4098 2089 4169; x_wconf 91' lang='lat' dir='ltr'>apud</span> 
     </span>
    </p>
   </div>
   <div class='ocr_carea' id='block_1_66' title="bbox 491 4158 2089 4231">
    <p class='ocr_par' dir='ltr' id='par_1_66' title="bbox 491 4158 2089 4231">
     <span class='ocr_line' id='line_1_67' title="bbox 491 4158 2089 4231; baseline 0.006 -17"><span class='ocrx_word' id='word_1_434' title='bbox 491 4158 728 4215; x_wconf 87' lang='lat' dir='ltr'>Nouium</span> <span class='ocrx_word' id='word_1_435' title='bbox 757 4158 1007 4215; x_wconf 82' lang='lat' dir='ltr'>Marcel.:</span> <span class='ocrx_word' id='word_1_436' title='bbox 1039 4179 1060 4209; x_wconf 77' lang='grc' dir='ltr'><strong>α</strong></span> <span class='ocrx_word' id='word_1_437' title='bbox 1097 4160 1358 4231; x_wconf 89' lang='lat' dir='ltr'>Sistitque</span> <span class='ocrx_word' id='word_1_438' title='bbox 1398 4158 1626 4221; x_wconf 54' lang='lat' dir='ltr'>in&#39;labro</span> <span class='ocrx_word' id='word_1_439' title='bbox 1665 4183 1873 4224; x_wconf 89' lang='lat' dir='ltr'>summo</span> <span class='ocrx_word' id='word_1_440' title='bbox 1905 4158 2089 4224; x_wconf 48' lang='lat' dir='ltr'>ﬂu‘mi-</span> 
     </span>
    </p>
   </div>
   <div class='ocr_carea' id='block_1_67' title="bbox 494 4231 2088 4308">
    <p class='ocr_par' dir='ltr' id='par_1_67' title="bbox 494 4231 2088 4308">
     <span class='ocr_line' id='line_1_68' title="bbox 494 4231 2088 4308; baseline 0.006 -22"><span class='ocrx_word' id='word_1_441' title='bbox 494 4233 597 4308; x_wconf 81' lang='lat' dir='ltr'>nis.</span> <span class='ocrx_word' id='word_1_442' title='bbox 628 4251 650 4281; x_wconf 67' lang='lat' dir='ltr'>in</span> <span class='ocrx_word' id='word_1_443' title='bbox 679 4231 1075 4308; x_wconf 53' lang='lat' dir='ltr'>Et_itl,_&#39;l‘t_tllit_t_s</span> <span class='ocrx_word' id='word_1_444' title='bbox 1096 4247 1153 4287; x_wconf 86' lang='lat' dir='ltr'>os</span> <span class='ocrx_word' id='word_1_445' title='bbox 1171 4238 1370 4301; x_wconf 82' lang='lat' dir='ltr'>portus</span> <span class='ocrx_word' id='word_1_446' title='bbox 1391 4234 1642 4308; x_wconf 87' lang='lat' dir='ltr'>similiter</span> <span class='ocrx_word' id='word_1_447' title='bbox 1667 4239 1828 4308; x_wconf 86' lang='lat' dir='ltr'>dixit;</span> <span class='ocrx_word' id='word_1_448' title='bbox 1861 4255 1983 4294; x_wconf 91' lang='lat' dir='ltr'>nam</span> <span class='ocrx_word' id='word_1_449' title='bbox 2010 4241 2088 4297; x_wconf 91' lang='lat' dir='ltr'>sic</span> 
     </span>
    </p>
   </div>
   <div class='ocr_carea' id='block_1_68' title="bbox 493 4302 2086 4384">
    <p class='ocr_par' dir='ltr' id='par_1_68' title="bbox 493 4302 2086 4384">
     <span class='ocr_line' id='line_1_69' title="bbox 493 4302 2086 4384; baseline 0.008 -28"><span class='ocrx_word' id='word_1_450' title='bbox 493 4303 558 4357; x_wconf 84' lang='lat' dir='ltr'>de</span> <span class='ocrx_word' id='word_1_451' title='bbox 584 4302 885 4384; x_wconf 75' lang='lat' dir='ltr'>suppliciis</span> <span class='ocrx_word' id='word_1_452' title='bbox 914 4304 979 4357; x_wconf 81' lang='lat' dir='ltr'>in</span> <span class='ocrx_word' id='word_1_453' title='bbox 1022 4304 1278 4359; x_wconf 78' lang='lat' dir='ltr'>Verrem:</span> <span class='ocrx_word' id='word_1_454' title='bbox 1315 4325 1337 4355; x_wconf 75' lang='grc' dir='ltr'><strong><em>α</em></strong></span> <span class='ocrx_word' id='word_1_455' title='bbox 1371 4307 1506 4360; x_wconf 86' lang='lat' dir='ltr'>Nam</span> <span class='ocrx_word' id='word_1_456' title='bbox 1534 4310 1588 4364; x_wconf 90' lang='lat' dir='ltr'>in</span> <span class='ocrx_word' id='word_1_457' title='bbox 1617 4309 1736 4380; x_wconf 90' lang='lat' dir='ltr'>ipso</span> <span class='ocrx_word' id='word_1_458' title='bbox 1766 4302 1909 4366; x_wconf 88' lang='lat' dir='ltr'>aditu</span> <span class='ocrx_word' id='word_1_459' title='bbox 1927 4321 2086 4384; x_wconf 88' lang='lat' dir='ltr'>atque</span> 
     </span>
    </p>
   </div>
   <div class='ocr_carea' id='block_1_69' title="bbox 492 4381 890 4442">
    <p class='ocr_par' dir='ltr' id='par_1_69' title="bbox 492 4381 890 4442">
     <span class='ocr_line' id='line_1_70' title="bbox 492 4381 890 4442; baseline -0.008 -14"><span class='ocrx_word' id='word_1_460' title='bbox 492 4389 588 4429; x_wconf 88' lang='lat' dir='ltr'>ore</span> <span class='ocrx_word' id='word_1_461' title='bbox 621 4381 829 4442; x_wconf 87' lang='lat' dir='ltr'>portus.</span> <span class='ocrx_word' id='word_1_462' title='bbox 863 4393 890 4424; x_wconf 72' lang='grc' dir='ltr'>ι)</span> 
     </span>
    </p>
   </div>
   <div class='ocr_carea' id='block_1_70' title="bbox 563 4445 2089 4570">
    <p class='ocr_par' dir='ltr' id='par_1_70' title="bbox 563 4445 2089 4570">
     <span class='ocr_line' id='line_1_71' title="bbox 563 4445 2089 4570; baseline 0.009 -74"><span class='ocrx_word' id='word_1_463' title='bbox 563 4445 714 4570; x_wconf 33' lang='grc' dir='ltr'>(Εὒῖίί).ἰ</span> <span class='ocrx_word' id='word_1_464' title='bbox 729 4445 975 4504; x_wconf 78' lang='lat' dir='ltr'>Tharsos.</span> <span class='ocrx_word' id='word_1_465' title='bbox 1010 4445 1080 4500; x_wconf 90' lang='lat' dir='ltr'>V.</span> <span class='ocrx_word' id='word_1_466' title='bbox 1115 4461 1164 4501; x_wconf 92' lang='lat' dir='ltr'>c.</span> <span class='ocrx_word' id='word_1_467' title='bbox 1223 4446 1454 4506; x_wconf 84' lang='lat' dir='ltr'>Tharros</span> <span class='ocrx_word' id='word_1_468' title='bbox 1479 4466 1758 4523; x_wconf 82' lang='lat' dir='ltr'>properus</span> <span class='ocrx_word' id='word_1_469' title='bbox 1793 4457 1918 4509; x_wconf 87' lang='lat' dir='ltr'>rate</span> <span class='ocrx_word' id='word_1_470' title='bbox 1959 4471 2089 4512; x_wconf 81' lang='lat' dir='ltr'>con-</span> 
     </span>
     <span class='ocr_line' id='line_1_72' title="bbox 563 4531 735 4570; baseline -0.006 0"><span class='ocrx_word' id='word_1_471' title='bbox 563 4531 623 4570; x_wconf 79' lang='lat' dir='ltr'>m</span> <span class='ocrx_word' id='word_1_472' title='bbox 668 4533 686 4570; x_wconf 81' lang='grc' dir='ltr'>ι</span> <span class='ocrx_word' id='word_1_473' title='bbox 722 4557 735 4569; x_wconf 95' lang='grc'><strong>.</strong></span> 
     </span>
    </p>
   </div>
   <div class='ocr_carea' id='block_1_71' title="bbox 489 4531 735 4572">
    <p class='ocr_par' dir='ltr' id='par_1_71' title="bbox 489 4531 735 4572">
     <span class='ocr_line' id='line_1_73' title="bbox 489 4531 735 4572; baseline -0.012 0"><span class='ocrx_word' id='word_1_474' title='bbox 489 4531 735 4572; x_wconf 76' lang='lat' dir='ltr'>scenazt.</span> 
     </span>
    </p>
   </div>
   <div class='ocr_carea' id='block_1_72' title="bbox 563 4588 2089 4671">
    <p class='ocr_par' dir='ltr' id='par_1_72' title="bbox 563 4588 2089 4671">
     <span class='ocr_line' id='line_1_74' title="bbox 563 4588 2089 4671; baseline 0.009 -29"><span class='ocrx_word' id='word_1_475' title='bbox 563 4589 670 4658; x_wconf 90' lang='lat'>(98)</span> <span class='ocrx_word' id='word_1_476' title='bbox 709 4588 937 4671; x_wconf 65' lang='lat' dir='ltr'>Concita</span> <span class='ocrx_word' id='word_1_477' title='bbox 957 4591 1136 4671; x_wconf 62' lang='lat' dir='ltr'>venti.</span> <span class='ocrx_word' id='word_1_478' title='bbox 1170 4589 1322 4660; x_wconf 90' lang='lat' dir='ltr'>Puto,</span> <span class='ocrx_word' id='word_1_479' title='bbox 1346 4605 1472 4648; x_wconf 89' lang='lat' dir='ltr'>vere</span> <span class='ocrx_word' id='word_1_480' title='bbox 1502 4591 1574 4647; x_wconf 91' lang='lat' dir='ltr'>ita</span> <span class='ocrx_word' id='word_1_481' title='bbox 1605 4595 1833 4662; x_wconf 90' lang='lat' dir='ltr'>correxi,</span> <span class='ocrx_word' id='word_1_482' title='bbox 1856 4612 1954 4667; x_wconf 92' lang='lat' dir='ltr'>pro</span> <span class='ocrx_word' id='word_1_483' title='bbox 1981 4613 2089 4671; x_wconf 90' lang='lat' dir='ltr'>quo</span> 
     </span>
    </p>
   </div>
   <div class='ocr_carea' id='block_1_73' title="bbox 488 4663 1091 4717">
    <p class='ocr_par' dir='ltr' id='par_1_73' title="bbox 488 4663 1091 4717">
     <span class='ocr_line' id='line_1_75' title="bbox 488 4663 1091 4717; baseline 0 -2"><span class='ocrx_word' id='word_1_484' title='bbox 488 4675 542 4715; x_wconf 92' lang='lat' dir='ltr'>v.</span> <span class='ocrx_word' id='word_1_485' title='bbox 577 4673 626 4714; x_wconf 94' lang='lat' dir='ltr'>c.</span> <span class='ocrx_word' id='word_1_486' title='bbox 660 4663 886 4716; x_wconf 81' lang='lat' dir='ltr'>co-notz&#39;a</span> <span class='ocrx_word' id='word_1_487' title='bbox 912 4664 1091 4717; x_wconf 81' lang='lat' dir='ltr'>venti.</span> 
     </span>
    </p>
   </div>
   <div class='ocr_carea' id='block_1_74' title="bbox 564 4730 1981 4870">
    <p class='ocr_par' dir='ltr' id='par_1_74' title="bbox 564 4730 1981 4870">
     <span class='ocr_line' id='line_1_76' title="bbox 564 4730 1981 4870; baseline 0.008 -86"><span class='ocrx_word' id='word_1_488' title='bbox 564 4730 680 4870; x_wconf 54' lang='lat'>(99)</span> <span class='ocrx_word' id='word_1_489' title='bbox 714 4734 1128 4804; x_wconf 82' lang='lat' dir='ltr'>Deceptumque</span> <span class='ocrx_word' id='word_1_490' title='bbox 1160 4733 1325 4791; x_wconf 78' lang='lat' dir='ltr'>diem.</span> <span class='ocrx_word' id='word_1_491' title='bbox 1358 4735 1464 4789; x_wconf 89' lang='lat' dir='ltr'>Pro</span> <span class='ocrx_word' id='word_1_492' title='bbox 1495 4741 1754 4808; x_wconf 84' lang='lat' dir='ltr'>ereptum</span> <span class='ocrx_word' id='word_1_493' title='bbox 1785 4739 1981 4808; x_wconf 89' lang='lat' dir='ltr'>posuit.</span> 
     </span>
     <span class='ocr_line' id='line_1_77' title="bbox 591 4803 1748 4870; baseline 0.007 -14"><span class='ocrx_word' id='word_1_494' title='bbox 591 4803 641 4863; x_wconf 78' lang='grc'>1)</span> <span class='ocrx_word' id='word_1_495' title='bbox 678 4804 1048 4870; x_wconf 74' lang='lat' dir='ltr'>Fluctt/‘rago.</span> <span class='ocrx_word' id='word_1_496' title='bbox 1082 4804 1234 4859; x_wconf 83' lang='lat' dir='ltr'>Alias</span> <span class='ocrx_word' id='word_1_497' title='bbox 1260 4822 1314 4862; x_wconf 94' lang='lat' dir='ltr'>v.</span> <span class='ocrx_word' id='word_1_498' title='bbox 1349 4822 1395 4861; x_wconf 92' lang='lat' dir='ltr'>c.</span> <span class='ocrx_word' id='word_1_499' title='bbox 1429 4807 1748 4870; x_wconf 75' lang='lat' dir='ltr'>ﬂuetivago.</span> 
     </span>
    </p>
   </div>
   <div class='ocr_carea' id='block_1_75' title="bbox 591 4803 1748 4880">
    <p class='ocr_par' dir='ltr' id='par_1_75' title="bbox 591 4803 1748 4880">
     <span class='ocr_line' id='line_1_78' title="bbox 591 4803 1748 4880; baseline 0.006 -23"><span class='ocrx_word' id='word_1_500' title='bbox 591 4803 641 4880; x_wconf 51' lang='grc' dir='ltr'>ξ)</span> <span class='ocrx_word' id='word_1_501' title='bbox 678 4803 1234 4880; x_wconf 47' lang='lat' dir='ltr'>Fluct-tT/‘ragolnlias</span> <span class='ocrx_word' id='word_1_502' title='bbox 1260 4822 1314 4862; x_wconf 94' lang='lat' dir='ltr'>v.</span> <span class='ocrx_word' id='word_1_503' title='bbox 1343 4822 1395 4880; x_wconf 17' lang='lat' dir='ltr'>cf.</span> <span class='ocrx_word' id='word_1_504' title='bbox 1429 4803 1748 4880; x_wconf 67' lang='lat' dir='ltr'>ﬂuetivago.</span> 
     </span>
    </p>
   </div>
   <div class='ocr_carea' id='block_1_76' title="bbox 565 4873 2089 4964">
    <p class='ocr_par' dir='ltr' id='par_1_76' title="bbox 565 4873 2089 4964">
     <span class='ocr_line' id='line_1_79' title="bbox 565 4873 2089 4964; baseline 0.009 -40"><span class='ocrx_word' id='word_1_505' title='bbox 565 4873 1463 4964; x_wconf 26' lang='lat' dir='ltr'>frziernna‘strtdensaNon</span> <span class='ocrx_word' id='word_1_506' title='bbox 1513 4873 1817 4964; x_wconf 29' lang='lat' dir='ltr'>hic‘d—icam</span> <span class='ocrx_word' id='word_1_507' title='bbox 1861 4883 2089 4964; x_wconf 78' lang='lat' dir='ltr'>produci</span> 
     </span>
    </p>
   </div>
   <div class='ocr_carea' id='block_1_77' title="bbox 491 4941 2088 5023">
    <p class='ocr_par' dir='ltr' id='par_1_77' title="bbox 491 4941 2088 5023">
     <span class='ocr_line' id='line_1_80' title="bbox 491 4941 2088 5023; baseline 0.009 -27"><span class='ocrx_word' id='word_1_508' title='bbox 491 4941 840 5023; x_wconf 82' lang='lat' dir='ltr'>ultimam,_in</span> <span class='ocrx_word' id='word_1_509' title='bbox 887 4949 1185 5023; x_wconf 69' lang='lat' dir='ltr'>antemna,</span> <span class='ocrx_word' id='word_1_510' title='bbox 1237 4956 1454 5023; x_wconf 85' lang='lat' dir='ltr'>propter</span> <span class='ocrx_word' id='word_1_511' title='bbox 1504 4941 1953 5020; x_wconf 83' lang='lat' dir='ltr'>pentemimerim,</span> <span class='ocrx_word' id='word_1_512' title='bbox 1994 4956 2088 5010; x_wconf 91' lang='lat' dir='ltr'>sed</span> 
     </span>
    </p>
   </div>
   <div class='ocr_carea' id='block_1_78' title="bbox 490 5015 2088 5083">
    <p class='ocr_par' dir='ltr' id='par_1_78' title="bbox 490 5015 2088 5083">
     <span class='ocr_line' id='line_1_81' title="bbox 490 5015 2088 5083; baseline 0.01 -18"><span class='ocrx_word' id='word_1_513' title='bbox 490 5015 674 5083; x_wconf 90' lang='lat' dir='ltr'>potius</span> <span class='ocrx_word' id='word_1_514' title='bbox 733 5015 1125 5072; x_wconf 89' lang='lat' dir='ltr'>observandam</span> <span class='ocrx_word' id='word_1_515' title='bbox 1174 5015 1406 5074; x_wconf 82' lang='lat' dir='ltr'>monebo</span> <span class='ocrx_word' id='word_1_516' title='bbox 1464 5015 1700 5077; x_wconf 82' lang='lat' dir='ltr'>veterum</span> <span class='ocrx_word' id='word_1_517' title='bbox 1745 5015 2088 5081; x_wconf 77' lang='lat' dir='ltr'>consuetudi-</span> 
     </span>
    </p>
   </div>
   <div class='ocr_carea' id='block_1_79' title="bbox 490 5087 2085 5169">
    <p class='ocr_par' dir='ltr' id='par_1_79' title="bbox 490 5087 2085 5169">
     <span class='ocr_line' id='line_1_82' title="bbox 490 5087 2085 5169; baseline 0.009 -33"><span class='ocrx_word' id='word_1_518' title='bbox 490 5097 638 5169; x_wconf 63' lang='lat' dir='ltr'>nem,</span> <span class='ocrx_word' id='word_1_519' title='bbox 670 5087 763 5156; x_wconf 91' lang='lat' dir='ltr'>qui</span> <span class='ocrx_word' id='word_1_520' title='bbox 807 5087 1297 5169; x_wconf 9' lang='lat' dir='ltr'>vocalemrlonga‘m</span> <span class='ocrx_word' id='word_1_521' title='bbox 1350 5091 1614 5149; x_wconf 85' lang='lat' dir='ltr'>faciebant</span> <span class='ocrx_word' id='word_1_522' title='bbox 1642 5111 1761 5150; x_wconf 90' lang='lat' dir='ltr'>cum</span> <span class='ocrx_word' id='word_1_523' title='bbox 1794 5113 2085 5169; x_wconf 89' lang='lat' dir='ltr'>sequeren-</span> 
     </span>
    </p>
   </div>
   <div class='ocr_carea' id='block_1_80' title="bbox 489 5155 2086 5226">
    <p class='ocr_par' dir='ltr' id='par_1_80' title="bbox 489 5155 2086 5226">
     <span class='ocr_line' id='line_1_83' title="bbox 489 5155 2086 5226; baseline 0.009 -16"><span class='ocrx_word' id='word_1_524' title='bbox 489 5161 578 5226; x_wconf 89' lang='lat' dir='ltr'>tur</span> <span class='ocrx_word' id='word_1_525' title='bbox 608 5155 730 5209; x_wconf 83' lang='lat' dir='ltr'>duae</span> <span class='ocrx_word' id='word_1_526' title='bbox 774 5155 1382 5226; x_wconf 46' lang='lat' dir='ltr'>consonanteszuem</span> <span class='ocrx_word' id='word_1_527' title='bbox 1432 5179 1642 5220; x_wconf 90' lang='lat' dir='ltr'>morem</span> <span class='ocrx_word' id='word_1_528' title='bbox 1691 5155 2086 5225; x_wconf 41' lang='lat' dir='ltr'>tamen‘neote-</span> 
     </span>
    </p>
   </div>
   <div class='ocr_carea' id='block_1_81' title="bbox 489 5225 2088 5310">
    <p class='ocr_par' dir='ltr' id='par_1_81' title="bbox 489 5225 2088 5310">
     <span class='ocr_line' id='line_1_84' title="bbox 489 5225 2088 5310; baseline 0.011 -31"><span class='ocrx_word' id='word_1_529' title='bbox 489 5225 589 5308; x_wconf 75' lang='lat' dir='ltr'>rici</span> <span class='ocrx_word' id='word_1_530' title='bbox 618 5242 713 5310; x_wconf 88' lang='lat' dir='ltr'>nec</span> <span class='ocrx_word' id='word_1_531' title='bbox 745 5226 1120 5310; x_wconf 55' lang='lat' dir='ltr'>intellexerunt</span> <span class='ocrx_word' id='word_1_532' title='bbox 1159 5225 1255 5286; x_wconf 85' lang='lat' dir='ltr'>nec</span> <span class='ocrx_word' id='word_1_533' title='bbox 1305 5233 1574 5310; x_wconf 78' lang='lat' dir='ltr'>viderunt,</span> <span class='ocrx_word' id='word_1_534' title='bbox 1608 5237 1719 5310; x_wconf 81' lang='lat' dir='ltr'>qui</span> <span class='ocrx_word' id='word_1_535' title='bbox 1750 5255 1896 5310; x_wconf 79' lang='lat' dir='ltr'>saepe</span> <span class='ocrx_word' id='word_1_536' title='bbox 1941 5242 2088 5296; x_wconf 92' lang='lat' dir='ltr'>locos</span> 
     </span>
    </p>
   </div>
   <div class='ocr_carea' id='block_1_82' title="bbox 489 5297 2085 5371">
    <p class='ocr_par' dir='ltr' id='par_1_82' title="bbox 489 5297 2085 5371">
     <span class='ocr_line' id='line_1_85' title="bbox 489 5297 2085 5371; baseline 0.008 -19"><span class='ocrx_word' id='word_1_537' title='bbox 489 5297 546 5352; x_wconf 89' lang='lat' dir='ltr'>in</span> <span class='ocrx_word' id='word_1_538' title='bbox 577 5298 886 5354; x_wconf 90' lang='lat' dir='ltr'>auctoribus</span> <span class='ocrx_word' id='word_1_539' title='bbox 916 5313 1280 5371; x_wconf 90' lang='lat' dir='ltr'>corruperunt</span> <span class='ocrx_word' id='word_1_540' title='bbox 1314 5313 1500 5360; x_wconf 89' lang='lat' dir='ltr'>contra</span> <span class='ocrx_word' id='word_1_541' title='bbox 1547 5297 1707 5362; x_wconf 76' lang='lat' dir='ltr'>fidem</span> <span class='ocrx_word' id='word_1_542' title='bbox 1753 5319 1803 5364; x_wconf 91' lang='lat' dir='ltr'>et</span> <span class='ocrx_word' id='word_1_543' title='bbox 1831 5297 2085 5365; x_wconf 43' lang='lat' dir='ltr'>Iconscn-</span> 
     </span>
    </p>
   </div>
   <div class='ocr_carea' id='block_1_83' title="bbox 490 5373 2084 5448">
    <p class='ocr_par' dir='ltr' id='par_1_83' title="bbox 490 5373 2084 5448">
     <span class='ocr_line' id='line_1_86' title="bbox 490 5373 2084 5448; baseline 0.009 -24"><span class='ocrx_word' id='word_1_544' title='bbox 490 5385 611 5448; x_wconf 85' lang='lat' dir='ltr'>sum_</span> <span class='ocrx_word' id='word_1_545' title='bbox 679 5386 881 5448; x_wconf 82' lang='lat' dir='ltr'>omum_</span> <span class='ocrx_word' id='word_1_546' title='bbox 915 5387 968 5425; x_wconf 94' lang='lat' dir='ltr'>v.</span> <span class='ocrx_word' id='word_1_547' title='bbox 999 5442 1010 5448; x_wconf 85' lang='lat'><strong>_</strong></span> <span class='ocrx_word' id='word_1_548' title='bbox 1044 5388 1121 5448; x_wconf 89' lang='lat' dir='ltr'>c._</span> <span class='ocrx_word' id='word_1_549' title='bbox 1153 5373 1212 5448; x_wconf 69' lang='lat' dir='ltr'>Id</span> <span class='ocrx_word' id='word_1_550' title='bbox 1277 5389 1381 5448; x_wconf 79' lang='lat' dir='ltr'>ego</span> <span class='ocrx_word' id='word_1_551' title='bbox 1443 5380 1668 5448; x_wconf 86' lang='lat' dir='ltr'>prolatis</span> <span class='ocrx_word' id='word_1_552' title='bbox 1719 5388 1770 5434; x_wconf 90' lang='lat' dir='ltr'>et</span> <span class='ocrx_word' id='word_1_553' title='bbox 1823 5381 2084 5438; x_wconf 90' lang='lat' dir='ltr'>restitutis</span> 
     </span>
    </p>
   </div>
   <div class='ocr_carea' id='block_1_84' title="bbox 490 5441 2082 5517">
    <p class='ocr_par' dir='ltr' id='par_1_84' title="bbox 490 5441 2082 5517">
     <span class='ocr_line' id='line_1_87' title="bbox 490 5441 2082 5517; baseline 0.008 -22"><span class='ocrx_word' id='word_1_554' title='bbox 490 5441 811 5517; x_wconf 70' lang='lat' dir='ltr'>testimoniis</span> <span class='ocrx_word' id='word_1_555' title='bbox 852 5442 1014 5517; x_wconf 77' lang='lat' dir='ltr'>docui</span> <span class='ocrx_word' id='word_1_556' title='bbox 1060 5444 1125 5497; x_wconf 89' lang='lat' dir='ltr'>ad</span> <span class='ocrx_word' id='word_1_557' title='bbox 1171 5441 1470 5517; x_wconf 62' lang='lat' dir='ltr'>Paulinum,</span> <span class='ocrx_word' id='word_1_558' title='bbox 1521 5449 1822 5517; x_wconf 89' lang='lat' dir='ltr'>Sedulium,</span> <span class='ocrx_word' id='word_1_559' title='bbox 1855 5453 2082 5508; x_wconf 85' lang='lat' dir='ltr'>Marium</span> 
     </span>
    </p>
   </div>
   <div class='ocr_carea' id='block_1_85' title="bbox 484 5512 2083 5585">
    <p class='ocr_par' dir='ltr' id='par_1_85' title="bbox 484 5512 2083 5585">
     <span class='ocr_line' id='line_1_88' title="bbox 484 5512 2083 5585; baseline 0.009 -19"><span class='ocrx_word' id='word_1_560' title='bbox 484 5512 785 5585; x_wconf 86' lang='lat' dir='ltr'>Victorem,</span> <span class='ocrx_word' id='word_1_561' title='bbox 852 5515 1149 5570; x_wconf 88' lang='lat' dir='ltr'>Juvencum</span> <span class='ocrx_word' id='word_1_562' title='bbox 1207 5524 1262 5570; x_wconf 89' lang='lat' dir='ltr'>et</span> <span class='ocrx_word' id='word_1_563' title='bbox 1308 5512 1554 5578; x_wconf 78' lang='lat' dir='ltr'>caeteros.</span> <span class='ocrx_word' id='word_1_564' title='bbox 1617 5512 1824 5576; x_wconf 81' lang='lat' dir='ltr'>Addam</span> <span class='ocrx_word' id='word_1_565' title='bbox 1884 5534 2083 5580; x_wconf 90' lang='lat' dir='ltr'>tantum</span> 
     </span>
    </p>
   </div>
   <div class='ocr_carea' id='block_1_86' title="bbox 487 5585 2082 5671">
    <p class='ocr_par' dir='ltr' id='par_1_86' title="bbox 487 5585 2082 5671">
     <span class='ocr_line' id='line_1_89' title="bbox 487 5585 2082 5671; baseline 0.01 -34"><span class='ocrx_word' id='word_1_566' title='bbox 487 5585 675 5671; x_wconf 52' lang='lat' dir='ltr'>verba</span> <span class='ocrx_word' id='word_1_567' title='bbox 713 5587 1057 5671; x_wconf 77' lang='lat' dir='ltr'>vetustissimi</span> <span class='ocrx_word' id='word_1_568' title='bbox 1127 5590 1469 5670; x_wconf 86' lang='lat' dir='ltr'>grammatici</span> <span class='ocrx_word' id='word_1_569' title='bbox 1526 5591 1831 5650; x_wconf 88' lang='lat' dir='ltr'>Tercntiani</span> <span class='ocrx_word' id='word_1_570' title='bbox 1893 5595 2082 5671; x_wconf 84' lang='lat' dir='ltr'>Mauri,</span> 
     </span>
    </p>
   </div>
   <div class='ocr_carea' id='block_1_87' title="bbox 490 5655 1263 5732">
    <p class='ocr_par' dir='ltr' id='par_1_87' title="bbox 490 5655 1263 5732">
     <span class='ocr_line' id='line_1_90' title="bbox 490 5655 1263 5732; baseline 0.01 -22"><span class='ocrx_word' id='word_1_571' title='bbox 490 5669 610 5732; x_wconf 87' lang='lat' dir='ltr'>cap.</span> <span class='ocrx_word' id='word_1_572' title='bbox 645 5655 712 5713; x_wconf 87' lang='lat' dir='ltr'>de</span> <span class='ocrx_word' id='word_1_573' title='bbox 739 5658 972 5720; x_wconf 84' lang='lat' dir='ltr'>carmine</span> <span class='ocrx_word' id='word_1_574' title='bbox 1001 5655 1221 5718; x_wconf 79' lang='lat' dir='ltr'>heroico</span> <span class='ocrx_word' id='word_1_575' title='bbox 1249 5679 1263 5718; x_wconf 89' lang='lat'><strong>:</strong></span> 
     </span>
    </p>
   </div>
   <div class='ocr_carea' id='block_1_88' title="bbox 2371 2022 3642 2086">
    <p class='ocr_par' dir='ltr' id='par_1_88' title="bbox 2371 2022 3642 2086">
     <span class='ocr_line' id='line_1_91' title="bbox 2371 2022 3642 2086; baseline 0.001 -15"><span class='ocrx_word' id='word_1_576' title='bbox 2371 2022 2676 2086; x_wconf 75' lang='lat' dir='ltr'>Spondaunm</span> <span class='ocrx_word' id='word_1_577' title='bbox 2707 2022 2915 2086; x_wconf 74' lang='lat' dir='ltr'>geminae</span> <span class='ocrx_word' id='word_1_578' title='bbox 2944 2030 3160 2085; x_wconf 90' lang='lat' dir='ltr'>possunt</span> <span class='ocrx_word' id='word_1_579' title='bbox 3181 2022 3380 2072; x_wconf 83' lang='lat' dir='ltr'>firmare</span> <span class='ocrx_word' id='word_1_580' title='bbox 3414 2037 3642 2081; x_wconf 60' lang='lat' dir='ltr'>sonora;</span> 
     </span>
    </p>
   </div>
   <div class='ocr_carea' id='block_1_89' title="bbox 2375 2084 3714 2150">
    <p class='ocr_par' dir='ltr' id='par_1_89' title="bbox 2375 2084 3714 2150">
     <span class='ocr_line' id='line_1_92' title="bbox 2375 2084 3714 2150; baseline 0.002 -17"><span class='ocrx_word' id='word_1_581' title='bbox 2375 2084 2628 2150; x_wconf 66' lang='lat' dir='ltr'>Exemplis</span> <span class='ocrx_word' id='word_1_582' title='bbox 2661 2084 2725 2150; x_wconf 84' lang='lat' dir='ltr'>an</span> <span class='ocrx_word' id='word_1_583' title='bbox 2755 2099 2910 2150; x_wconf 80' lang='lat' dir='ltr'>prava.</span> <span class='ocrx_word' id='word_1_584' title='bbox 2939 2084 3156 2150; x_wconf 81' lang='lat' dir='ltr'>sequar,_</span> <span class='ocrx_word' id='word_1_585' title='bbox 3172 2086 3253 2136; x_wconf 82' lang='lat' dir='ltr'>vel</span> <span class='ocrx_word' id='word_1_586' title='bbox 3281 2093 3428 2150; x_wconf 86' lang='lat' dir='ltr'>recta,</span> <span class='ocrx_word' id='word_1_587' title='bbox 3463 2086 3714 2150; x_wconf 86' lang='lat' dir='ltr'>probabo.</span> 
     </span>
    </p>
   </div>
   <div class='ocr_carea' id='block_1_90' title="bbox 2373 2146 3727 2211">
    <p class='ocr_par' dir='ltr' id='par_1_90' title="bbox 2373 2146 3727 2211">
     <span class='ocr_line' id='line_1_93' title="bbox 2373 2146 3727 2211; baseline 0.001 -15"><span class='ocrx_word' id='word_1_588' title='bbox 2373 2146 2598 2211; x_wconf 75' lang='lat' dir='ltr'>Quisque</span> <span class='ocrx_word' id='word_1_589' title='bbox 2631 2146 2933 2210; x_wconf 52' lang='lat' dir='ltr'>scire’cupit,</span> <span class='ocrx_word' id='word_1_590' title='bbox 2964 2146 3044 2211; x_wconf 79' lang='lat' dir='ltr'>vel</span> <span class='ocrx_word' id='word_1_591' title='bbox 3073 2147 3289 2211; x_wconf 88' lang='lat' dir='ltr'>quisque</span> <span class='ocrx_word' id='word_1_592' title='bbox 3312 2146 3526 2198; x_wconf 45' lang='lat' dir='ltr'>scribe—re</span> <span class='ocrx_word' id='word_1_593' title='bbox 3547 2159 3727 2211; x_wconf 76' lang='lat' dir='ltr'>curat,</span> 
     </span>
    </p>
   </div>
   <div class='ocr_carea' id='block_1_91' title="bbox 2374 2209 3689 2272">
    <p class='ocr_par' dir='ltr' id='par_1_91' title="bbox 2374 2209 3689 2272">
     <span class='ocr_line' id='line_1_94' title="bbox 2374 2209 3689 2272; baseline 0.002 -14"><span class='ocrx_word' id='word_1_594' title='bbox 2374 2209 2642 2259; x_wconf 73' lang='lat' dir='ltr'>Anteétare</span> <span class='ocrx_word' id='word_1_595' title='bbox 2672 2211 2816 2259; x_wconf 85' lang='lat' dir='ltr'>decet</span> <span class='ocrx_word' id='word_1_596' title='bbox 2851 2209 2966 2259; x_wconf 91' lang='lat' dir='ltr'>cum</span> <span class='ocrx_word' id='word_1_597' title='bbox 3001 2209 3134 2270; x_wconf 81' lang='lat' dir='ltr'>dico,</span> <span class='ocrx_word' id='word_1_598' title='bbox 3165 2209 3222 2258; x_wconf 76' lang='lat' dir='ltr'>et</span> <span class='ocrx_word' id='word_1_599' title='bbox 3248 2224 3422 2272; x_wconf 85' lang='lat' dir='ltr'>separo</span> <span class='ocrx_word' id='word_1_600' title='bbox 3454 2209 3689 2262; x_wconf 84' lang='lat' dir='ltr'>verbum.</span> 
     </span>
    </p>
   </div>
   <div class='ocr_carea' id='block_1_92' title="bbox 2373 2272 3565 2334">
    <p class='ocr_par' dir='ltr' id='par_1_92' title="bbox 2373 2272 3565 2334">
     <span class='ocr_line' id='line_1_95' title="bbox 2373 2272 3565 2334; baseline 0.001 -13"><span class='ocrx_word' id='word_1_601' title='bbox 2373 2274 2502 2322; x_wconf 89' lang='lat' dir='ltr'>Ante</span> <span class='ocrx_word' id='word_1_602' title='bbox 2532 2272 2873 2322; x_wconf 84' lang='lat' dir='ltr'>Stesichorum</span> <span class='ocrx_word' id='word_1_603' title='bbox 2900 2279 3062 2321; x_wconf 87' lang='lat' dir='ltr'>vatem</span> <span class='ocrx_word' id='word_1_604' title='bbox 3097 2280 3280 2322; x_wconf 83' lang='lat' dir='ltr'>natura.</span> <span class='ocrx_word' id='word_1_605' title='bbox 3298 2272 3498 2322; x_wconf 82' lang='lat' dir='ltr'>creavit.</span> <span class='ocrx_word' id='word_1_606' title='bbox 3541 2316 3565 2334; x_wconf 74' lang='lat'>_.</span> 
     </span>
    </p>
   </div>
   <div class='ocr_carea' id='block_1_93' title="bbox 2288 2350 3818 2422">
    <p class='ocr_par' dir='ltr' id='par_1_93' title="bbox 2288 2350 3818 2422">
     <span class='ocr_line' id='line_1_96' title="bbox 2288 2350 3818 2422; baseline 0.002 -16"><span class='ocrx_word' id='word_1_607' title='bbox 2288 2350 2388 2422; x_wconf 10' lang='lat'>(3),</span> <span class='ocrx_word' id='word_1_608' title='bbox 2415 2353 2585 2409; x_wconf 87' lang='lat' dir='ltr'>Labor</span> <span class='ocrx_word' id='word_1_609' title='bbox 2622 2354 2813 2410; x_wconf 88' lang='lat' dir='ltr'>horret</span> <span class='ocrx_word' id='word_1_610' title='bbox 2860 2354 2926 2409; x_wconf 90' lang='lat' dir='ltr'>ab</span> <span class='ocrx_word' id='word_1_611' title='bbox 2973 2353 3114 2410; x_wconf 77' lang='lat' dir='ltr'>atto.</span> <span class='ocrx_word' id='word_1_612' title='bbox 3165 2353 3226 2407; x_wconf 92' lang='lat' dir='ltr'>P.</span> <span class='ocrx_word' id='word_1_613' title='bbox 3296 2352 3538 2410; x_wconf 80' lang='lat' dir='ltr'>Pithmus</span> <span class='ocrx_word' id='word_1_614' title='bbox 3600 2354 3818 2413; x_wconf 87' lang='lat' dir='ltr'>subolet</span> 
     </span>
    </p>
   </div>
   <div class='ocr_carea' id='block_1_94' title="bbox 2217 2421 3810 2496">
    <p class='ocr_par' dir='ltr' id='par_1_94' title="bbox 2217 2421 3810 2496">
     <span class='ocr_line' id='line_1_97' title="bbox 2217 2421 3810 2496; baseline 0.004 -18"><span class='ocrx_word' id='word_1_615' title='bbox 2217 2421 2352 2496; x_wconf 60' lang='lat' dir='ltr'>vorte</span> <span class='ocrx_word' id='word_1_616' title='bbox 2379 2421 2580 2496; x_wconf 84' lang='lat' dir='ltr'>laboris</span> <span class='ocrx_word' id='word_1_617' title='bbox 2609 2425 2697 2496; x_wconf 84' lang='lat' dir='ltr'>hic</span> <span class='ocrx_word' id='word_1_618' title='bbox 2725 2423 3021 2494; x_wconf 82' lang='lat' dir='ltr'>signiﬁcari</span> <span class='ocrx_word' id='word_1_619' title='bbox 3047 2423 3232 2479; x_wconf 90' lang='lat' dir='ltr'>vexilli</span> <span class='ocrx_word' id='word_1_620' title='bbox 3274 2440 3372 2479; x_wconf 86' lang='lat' dir='ltr'>seu</span> <span class='ocrx_word' id='word_1_621' title='bbox 3403 2426 3512 2480; x_wconf 90' lang='lat' dir='ltr'>veli</span> <span class='ocrx_word' id='word_1_622' title='bbox 3542 2430 3810 2496; x_wconf 89' lang='lat' dir='ltr'>speciem.</span> 
     </span>
    </p>
   </div>
   <div class='ocr_carea' id='block_1_95' title="bbox 2219 2493 3815 2567">
    <p class='ocr_par' dir='ltr' id='par_1_95' title="bbox 2219 2493 3815 2567">
     <span class='ocr_line' id='line_1_98' title="bbox 2219 2493 3815 2567; baseline 0.003 -19"><span class='ocrx_word' id='word_1_623' title='bbox 2219 2493 2359 2567; x_wconf 82' lang='lat' dir='ltr'>Sane</span> <span class='ocrx_word' id='word_1_624' title='bbox 2388 2494 2693 2567; x_wconf 82' lang='lat' dir='ltr'>Gregorius</span> <span class='ocrx_word' id='word_1_625' title='bbox 2722 2493 3108 2567; x_wconf 81' lang='lat' dir='ltr'>Nazianzenus,</span> <span class='ocrx_word' id='word_1_626' title='bbox 3147 2497 3411 2552; x_wconf 81' lang='lat' dir='ltr'>Oratione</span> <span class='ocrx_word' id='word_1_627' title='bbox 3456 2498 3518 2551; x_wconf 82' lang='lat' dir='ltr'>in</span> <span class='ocrx_word' id='word_1_628' title='bbox 3561 2493 3815 2567; x_wconf 62' lang='lat' dir='ltr'>Iuliam,</span> 
     </span>
    </p>
   </div>
   <div class='ocr_carea' id='block_1_96' title="bbox 2219 2564 3817 2639">
    <p class='ocr_par' dir='ltr' id='par_1_96' title="bbox 2219 2564 3817 2639">
     <span class='ocr_line' id='line_1_99' title="bbox 2219 2564 3817 2639; baseline 0.004 -21"><span class='ocrx_word' id='word_1_629' title='bbox 2219 2564 2291 2639; x_wconf 87' lang='lat' dir='ltr'>ait</span> <span class='ocrx_word' id='word_1_630' title='bbox 2321 2565 2574 2639; x_wconf 83' lang='lat' dir='ltr'>vexillum</span> <span class='ocrx_word' id='word_1_631' title='bbox 2605 2581 2726 2639; x_wconf 88' lang='lat' dir='ltr'>esse</span> <span class='ocrx_word' id='word_1_632' title='bbox 2755 2567 2898 2639; x_wconf 87' lang='lat' dir='ltr'>quod</span> <span class='ocrx_word' id='word_1_633' title='bbox 2928 2582 2959 2619; x_wconf 91' lang='lat' dir='ltr'>a</span> <span class='ocrx_word' id='word_1_634' title='bbox 2988 2566 3190 2639; x_wconf 84' lang='lat' dir='ltr'>Latinis</span> <span class='ocrx_word' id='word_1_635' title='bbox 3234 2567 3444 2621; x_wconf 89' lang='lat' dir='ltr'>dicatur</span> <span class='ocrx_word' id='word_1_636' title='bbox 3477 2569 3652 2637; x_wconf 88' lang='lat' dir='ltr'>labor,</span> <span class='ocrx_word' id='word_1_637' title='bbox 3687 2564 3817 2639; x_wconf 81' lang='lat' dir='ltr'>quia</span> 
     </span>
    </p>
   </div>
   <div class='ocr_carea' id='block_1_97' title="bbox 2217 2636 3812 2698">
    <p class='ocr_par' dir='ltr' id='par_1_97' title="bbox 2217 2636 3812 2698">
     <span class='ocr_line' id='line_1_100' title="bbox 2217 2636 3812 2698; baseline 0.004 -7"><span class='ocrx_word' id='word_1_638' title='bbox 2217 2636 2325 2691; x_wconf 92' lang='lat' dir='ltr'>vim</span> <span class='ocrx_word' id='word_1_639' title='bbox 2371 2636 2566 2692; x_wconf 89' lang='lat' dir='ltr'>habeat</span> <span class='ocrx_word' id='word_1_640' title='bbox 2609 2637 2993 2693; x_wconf 87' lang='lat' dir='ltr'>solvendorum</span> <span class='ocrx_word' id='word_1_641' title='bbox 3038 2638 3303 2693; x_wconf 89' lang='lat' dir='ltr'>laborum.</span> <span class='ocrx_word' id='word_1_642' title='bbox 3351 2639 3537 2693; x_wconf 86' lang='lat' dir='ltr'>Exstat</span> <span class='ocrx_word' id='word_1_643' title='bbox 3583 2636 3646 2693; x_wconf 89' lang='lat' dir='ltr'>in</span> <span class='ocrx_word' id='word_1_644' title='bbox 3684 2636 3812 2698; x_wconf 77' lang='lat' dir='ltr'>cod.</span> 
     </span>
    </p>
   </div>
   <div class='ocr_carea' id='block_1_98' title="bbox 2219 2708 3812 2780">
    <p class='ocr_par' dir='ltr' id='par_1_98' title="bbox 2219 2708 3812 2780">
     <span class='ocr_line' id='line_1_101' title="bbox 2219 2708 3812 2780; baseline 0.003 -20"><span class='ocrx_word' id='word_1_645' title='bbox 2219 2708 2493 2780; x_wconf 85' lang='lat' dir='ltr'>Theodos.</span> <span class='ocrx_word' id='word_1_646' title='bbox 2543 2708 2580 2764; x_wconf 93' lang='lat' dir='ltr'>l.</span> <span class='ocrx_word' id='word_1_647' title='bbox 2637 2724 2714 2773; x_wconf 79' lang='lat' dir='ltr'>vr,</span> <span class='ocrx_word' id='word_1_648' title='bbox 2772 2712 2854 2780; x_wconf 87' lang='lat' dir='ltr'>tit.</span> <span class='ocrx_word' id='word_1_649' title='bbox 2907 2712 2995 2778; x_wconf 80' lang='lat'>25,</span> <span class='ocrx_word' id='word_1_650' title='bbox 3043 2709 3109 2764; x_wconf 90' lang='lat' dir='ltr'>de</span> <span class='ocrx_word' id='word_1_651' title='bbox 3162 2709 3470 2780; x_wconf 85' lang='lat' dir='ltr'>praepositis</span> <span class='ocrx_word' id='word_1_652' title='bbox 3533 2710 3812 2778; x_wconf 87' lang='lat' dir='ltr'>laborum,</span> 
     </span>
    </p>
   </div>
   <div class='ocr_carea' id='block_1_99' title="bbox 2220 2778 3813 2852">
    <p class='ocr_par' dir='ltr' id='par_1_99' title="bbox 2220 2778 3813 2852">
     <span class='ocr_line' id='line_1_102' title="bbox 2220 2778 3813 2852; baseline 0.006 -25"><span class='ocrx_word' id='word_1_653' title='bbox 2220 2799 2246 2827; x_wconf 77' lang='grc' dir='ltr'><strong><em>α</em></strong></span> <span class='ocrx_word' id='word_1_654' title='bbox 2292 2778 2398 2852; x_wconf 88' lang='lat' dir='ltr'>ubi</span> <span class='ocrx_word' id='word_1_655' title='bbox 2409 2779 2490 2852; x_wconf 91' lang='lat' dir='ltr'>sic</span> <span class='ocrx_word' id='word_1_656' title='bbox 2517 2780 2794 2852; x_wconf 86' lang='lat' dir='ltr'>praepositi</span> <span class='ocrx_word' id='word_1_657' title='bbox 2823 2779 3072 2852; x_wconf 90' lang='lat' dir='ltr'>laborum</span> <span class='ocrx_word' id='word_1_658' title='bbox 3101 2778 3297 2852; x_wconf 85' lang='lat' dir='ltr'>nostro</span> <span class='ocrx_word' id='word_1_659' title='bbox 3331 2789 3386 2835; x_wconf 88' lang='lat' dir='ltr'>et</span> <span class='ocrx_word' id='word_1_660' title='bbox 3413 2780 3813 2852; x_wconf 87' lang='lat' dir='ltr'>stipendiorum</span> 
     </span>
    </p>
   </div>
   <div class='ocr_carea' id='block_1_100' title="bbox 2218 2851 3807 2921">
    <p class='ocr_par' dir='ltr' id='par_1_100' title="bbox 2218 2851 3807 2921">
     <span class='ocr_line' id='line_1_103' title="bbox 2218 2851 3807 2921; baseline 0.004 -17"><span class='ocrx_word' id='word_1_661' title='bbox 2218 2851 2939 2921; x_wconf 38' lang='lat' dir='ltr'>stldoribus’promov&#39;entur.</span> <span class='ocrx_word' id='word_1_662' title='bbox 2974 2869 2996 2901; x_wconf 73' lang='grc' dir='ltr'>ι</span> <span class='ocrx_word' id='word_1_663' title='bbox 3049 2851 3155 2906; x_wconf 91' lang='lat' dir='ltr'>Sed</span> <span class='ocrx_word' id='word_1_664' title='bbox 3187 2857 3239 2906; x_wconf 91' lang='lat' dir='ltr'>et</span> <span class='ocrx_word' id='word_1_665' title='bbox 3270 2852 3325 2906; x_wconf 92' lang='lat' dir='ltr'>in</span> <span class='ocrx_word' id='word_1_666' title='bbox 3354 2851 3807 2912; x_wconf 34' lang='lat' dir='ltr'>cod.’Justinian.</span> 
     </span>
    </p>
   </div>
   <div class='ocr_carea' id='block_1_101' title="bbox 2216 2920 3811 2991">
    <p class='ocr_par' dir='ltr' id='par_1_101' title="bbox 2216 2920 3811 2991">
     <span class='ocr_line' id='line_1_104' title="bbox 2216 2920 3811 2991; baseline 0.004 -18"><span class='ocrx_word' id='word_1_667' title='bbox 2216 2920 2310 2974; x_wconf 92' lang='lat' dir='ltr'>lib.</span> <span class='ocrx_word' id='word_1_668' title='bbox 2352 2936 2453 2987; x_wconf 73' lang='grc' dir='ltr'>ΧΠ,</span> <span class='ocrx_word' id='word_1_669' title='bbox 2513 2920 2594 2978; x_wconf 90' lang='lat' dir='ltr'>tit.</span> <span class='ocrx_word' id='word_1_670' title='bbox 2642 2925 2730 2991; x_wconf 81' lang='lat' dir='ltr'>l8,</span> <span class='ocrx_word' id='word_1_671' title='bbox 2790 2921 3222 2979; x_wconf 88' lang='lat' dir='ltr'>constantissima</span> <span class='ocrx_word' id='word_1_672' title='bbox 3279 2922 3383 2978; x_wconf 79' lang='lat' dir='ltr'>fide</span> <span class='ocrx_word' id='word_1_673' title='bbox 3439 2925 3492 2979; x_wconf 90' lang='lat' dir='ltr'>in</span> <span class='ocrx_word' id='word_1_674' title='bbox 3547 2924 3811 2980; x_wconf 85' lang='lat' dir='ltr'>omnibus</span> 
     </span>
    </p>
   </div>
   <div class='ocr_carea' id='block_1_102' title="bbox 2218 2992 3810 3066">
    <p class='ocr_par' dir='ltr' id='par_1_102' title="bbox 2218 2992 3810 3066">
     <span class='ocr_line' id='line_1_105' title="bbox 2218 2992 3810 3066; baseline 0.005 -22"><span class='ocrx_word' id='word_1_675' title='bbox 2218 2992 2370 3066; x_wconf 76' lang='lat' dir='ltr'>libris</span> <span class='ocrx_word' id='word_1_676' title='bbox 2422 2993 2794 3066; x_wconf 89' lang='lat' dir='ltr'>manuscriptis</span> <span class='ocrx_word' id='word_1_677' title='bbox 2841 2993 3130 3066; x_wconf 86' lang='lat' dir='ltr'>inscribit:</span> <span class='ocrx_word' id='word_1_678' title='bbox 3173 2997 3248 3049; x_wconf 88' lang='lat' dir='ltr'>De</span> <span class='ocrx_word' id='word_1_679' title='bbox 3281 2996 3469 3066; x_wconf 71' lang='lat' dir='ltr'>Praep.</span> <span class='ocrx_word' id='word_1_680' title='bbox 3521 2995 3810 3052; x_wconf 81' lang='lat' dir='ltr'>laborum.</span> 
     </span>
    </p>
   </div>
   <div class='ocr_carea' id='block_1_103' title="bbox 2217 3062 3813 3135">
    <p class='ocr_par' dir='ltr' id='par_1_103' title="bbox 2217 3062 3813 3135">
     <span class='ocr_line' id='line_1_106' title="bbox 2217 3062 3813 3135; baseline 0.004 -19"><span class='ocrx_word' id='word_1_681' title='bbox 2217 3062 2351 3131; x_wconf 65' lang='lat' dir='ltr'>Qum</span> <span class='ocrx_word' id='word_1_682' title='bbox 2403 3073 2579 3120; x_wconf 89' lang='lat' dir='ltr'>tamen</span> <span class='ocrx_word' id='word_1_683' title='bbox 2651 3062 2916 3135; x_wconf 82' lang='lat' dir='ltr'>scriptura</span> <span class='ocrx_word' id='word_1_684' title='bbox 2983 3065 3300 3135; x_wconf 89' lang='lat' dir='ltr'>quibusdam</span> <span class='ocrx_word' id='word_1_685' title='bbox 3375 3062 3617 3120; x_wconf 81' lang='lat' dir='ltr'>insolens</span> <span class='ocrx_word' id='word_1_686' title='bbox 3693 3071 3813 3123; x_wconf 77' lang='lat' dir='ltr'>visa</span> 
     </span>
    </p>
   </div>
   <div class='ocr_carea' id='block_1_104' title="bbox 2139 3117 3810 3219">
    <p class='ocr_par' dir='ltr' id='par_1_104' title="bbox 2139 3117 3810 3219">
     <span class='ocr_line' id='line_1_107' title="bbox 2139 3117 3810 3219; baseline 0.005 -33"><span class='ocrx_word' id='word_1_687' title='bbox 2139 3117 2180 3194; x_wconf 89' lang='lat' dir='ltr'>c</span> <span class='ocrx_word' id='word_1_688' title='bbox 2211 3117 2328 3199; x_wconf 60' lang='lat' dir='ltr'>an,</span> <span class='ocrx_word' id='word_1_689' title='bbox 2357 3135 2499 3219; x_wconf 59' lang='grc' dir='ltr'>ρρρο</span> <span class='ocrx_word' id='word_1_690' title='bbox 2521 3117 2595 3191; x_wconf 70' lang='grc' dir='ltr'>ἀι</span> <span class='ocrx_word' id='word_1_691' title='bbox 2641 3117 2936 3190; x_wconf 46' lang='lat' dir='ltr'>iactatus</span> <span class='ocrx_word' id='word_1_692' title='bbox 2984 3117 3349 3219; x_wconf 48' lang='grc' dir='ltr'>δβιεέιιιιίεςε</span> <span class='ocrx_word' id='word_1_693' title='bbox 3378 3117 3810 3219; x_wconf 42' lang='lat' dir='ltr'>quaealia}</span> 
     </span>
    </p>
   </div>
   <div class='ocr_carea' id='block_1_105' title="bbox 2212 3206 3812 3277">
    <p class='ocr_par' dir='ltr' id='par_1_105' title="bbox 2212 3206 3812 3277">
     <span class='ocr_line' id='line_1_108' title="bbox 2212 3206 3812 3277; baseline 0.005 -18"><span class='ocrx_word' id='word_1_694' title='bbox 2212 3220 2309 3274; x_wconf 92' lang='lat' dir='ltr'>pro</span> <span class='ocrx_word' id='word_1_695' title='bbox 2351 3206 2626 3272; x_wconf 85' lang='lat' dir='ltr'>laborum,</span> <span class='ocrx_word' id='word_1_696' title='bbox 2659 3215 2987 3277; x_wconf 88' lang='lat' dir='ltr'>reponerent</span> <span class='ocrx_word' id='word_1_697' title='bbox 3019 3209 3321 3276; x_wconf 77' lang='lat' dir='ltr'>labiorum,</span> <span class='ocrx_word' id='word_1_698' title='bbox 3368 3207 3615 3264; x_wconf 88' lang='lat' dir='ltr'>ridicule.</span> <span class='ocrx_word' id='word_1_699' title='bbox 3650 3206 3812 3267; x_wconf 59' lang='lat' dir='ltr'>Nu&#39;nc</span> 
     </span>
    </p>
   </div>
   <div class='ocr_carea' id='block_1_106' title="bbox 2215 3277 3808 3360">
    <p class='ocr_par' dir='ltr' id='par_1_106' title="bbox 2215 3277 3808 3360">
     <span class='ocr_line' id='line_1_109' title="bbox 2215 3277 3808 3360; baseline 0.004 -31"><span class='ocrx_word' id='word_1_700' title='bbox 2215 3277 2303 3330; x_wconf 89' lang='lat' dir='ltr'>alii</span> <span class='ocrx_word' id='word_1_701' title='bbox 2351 3285 2537 3360; x_wconf 61' lang='lat' dir='ltr'>putant</span> <span class='ocrx_word' id='word_1_702' title='bbox 2583 3279 2874 3360; x_wconf 74' lang='lat' dir='ltr'>legendum</span> <span class='ocrx_word' id='word_1_703' title='bbox 2925 3277 3103 3360; x_wconf 91' lang='lat' dir='ltr'>potius</span> <span class='ocrx_word' id='word_1_704' title='bbox 3149 3278 3496 3360; x_wconf 41' lang='lat' dir='ltr'>laba-rarum,</span> <span class='ocrx_word' id='word_1_705' title='bbox 3546 3283 3808 3360; x_wconf 74' lang='lat' dir='ltr'>exemplo</span> 
     </span>
    </p>
   </div>
   <div class='ocr_carea' id='block_1_107' title="bbox 2213 3349 3808 3420">
    <p class='ocr_par' dir='ltr' id='par_1_107' title="bbox 2213 3349 3808 3420">
     <span class='ocr_line' id='line_1_110' title="bbox 2213 3349 3808 3420; baseline 0.005 -20"><span class='ocrx_word' id='word_1_706' title='bbox 2213 3362 2320 3417; x_wconf 85' lang='lat' dir='ltr'>quo</span> <span class='ocrx_word' id='word_1_707' title='bbox 2373 3349 2755 3404; x_wconf 86' lang='lat' dir='ltr'>Constantinus</span> <span class='ocrx_word' id='word_1_708' title='bbox 2811 3349 3103 3420; x_wconf 89' lang='lat' dir='ltr'>imperator</span> <span class='ocrx_word' id='word_1_709' title='bbox 3141 3349 3395 3405; x_wconf 89' lang='lat' dir='ltr'>vexillum</span> <span class='ocrx_word' id='word_1_710' title='bbox 3427 3349 3563 3405; x_wconf 91' lang='lat' dir='ltr'>illud</span> <span class='ocrx_word' id='word_1_711' title='bbox 3619 3349 3808 3408; x_wconf 85' lang='lat' dir='ltr'>nobile</span> 
     </span>
    </p>
   </div>
   <div class='ocr_carea' id='block_1_108' title="bbox 2213 3419 3802 3494">
    <p class='ocr_par' dir='ltr' id='par_1_108' title="bbox 2213 3419 3802 3494">
     <span class='ocr_line' id='line_1_111' title="bbox 2213 3419 3802 3494; baseline 0.003 -22"><span class='ocrx_word' id='word_1_712' title='bbox 2213 3433 2322 3488; x_wconf 90' lang='lat' dir='ltr'>quo</span> <span class='ocrx_word' id='word_1_713' title='bbox 2353 3423 2603 3494; x_wconf 76' lang='lat' dir='ltr'>utebatur</span> <span class='ocrx_word' id='word_1_714' title='bbox 2631 3421 2687 3494; x_wconf 83' lang='lat' dir='ltr'>in</span> <span class='ocrx_word' id='word_1_715' title='bbox 2723 3419 3160 3494; x_wconf 83' lang='lat' dir='ltr'>bello,labarum</span> <span class='ocrx_word' id='word_1_716' title='bbox 3192 3420 3505 3494; x_wconf 87' lang='lat' dir='ltr'>appellavit.</span> <span class='ocrx_word' id='word_1_717' title='bbox 3547 3421 3669 3494; x_wconf 84' lang='lat' dir='ltr'>Ego</span> <span class='ocrx_word' id='word_1_718' title='bbox 3699 3439 3802 3479; x_wconf 89' lang='lat' dir='ltr'>non</span> 
     </span>
    </p>
   </div>
   <div class='ocr_carea' id='block_1_109' title="bbox 2210 3492 3794 3614">
    <p class='ocr_par' dir='ltr' id='par_1_109' title="bbox 2210 3492 3794 3614">
     <span class='ocr_line' id='line_1_112' title="bbox 2210 3492 3794 3614; baseline 0.003 -71"><span class='ocrx_word' id='word_1_719' title='bbox 2210 3497 2411 3614; x_wconf 57' lang='lat' dir='ltr'>tergere</span> <span class='ocrx_word' id='word_1_720' title='bbox 2467 3492 2856 3548; x_wconf 87' lang='lat' dir='ltr'>discedendum</span> <span class='ocrx_word' id='word_1_721' title='bbox 2906 3493 3196 3549; x_wconf 86' lang='lat' dir='ltr'>arbitrora</span> <span class='ocrx_word' id='word_1_722' title='bbox 3227 3492 3496 3563; x_wconf 89' lang='lat' dir='ltr'>scriptura</span> <span class='ocrx_word' id='word_1_723' title='bbox 3555 3492 3794 3550; x_wconf 77' lang='lat' dir='ltr'>veterum</span> 
     </span>
     <span class='ocr_line' id='line_1_113' title="bbox 2211 3576 2483 3614; baseline 0 0"><span class='ocrx_word' id='word_1_724' title='bbox 2211 3576 2275 3614; x_wconf 89' lang='lat' dir='ltr'>CO</span> <span class='ocrx_word' id='word_1_725' title='bbox 2319 3578 2483 3614; x_wconf 84' lang='lat' dir='ltr'>tcum.</span> 
     </span>
    </p>
   </div>
   <div class='ocr_carea' id='block_1_110' title="bbox 2211 3576 2483 3620">
    <p class='ocr_par' dir='ltr' id='par_1_110' title="bbox 2211 3576 2483 3620">
     <span class='ocr_line' id='line_1_114' title="bbox 2211 3576 2483 3620; baseline 0.011 -4"><span class='ocrx_word' id='word_1_726' title='bbox 2211 3576 2483 3620; x_wconf 78' lang='lat' dir='ltr'>COGlCUm.</span> 
     </span>
    </p>
   </div>
   <div class='ocr_carea' id='block_1_111' title="bbox 2279 3632 3810 3703">
    <p class='ocr_par' dir='ltr' id='par_1_111' title="bbox 2279 3632 3810 3703">
     <span class='ocr_line' id='line_1_115' title="bbox 2279 3632 3810 3703; baseline 0.003 -17"><span class='ocrx_word' id='word_1_727' title='bbox 2279 3633 2358 3703; x_wconf 85' lang='grc'>(4)</span> <span class='ocrx_word' id='word_1_728' title='bbox 2387 3635 2650 3690; x_wconf 79' lang='lat' dir='ltr'>Geminus</span> <span class='ocrx_word' id='word_1_729' title='bbox 2676 3635 2916 3692; x_wconf 86' lang='lat' dir='ltr'>clamor.</span> <span class='ocrx_word' id='word_1_730' title='bbox 2951 3632 3177 3690; x_wconf 88' lang='lat' dir='ltr'>Primam</span> <span class='ocrx_word' id='word_1_731' title='bbox 3209 3633 3261 3690; x_wconf 90' lang='lat' dir='ltr'>in</span> <span class='ocrx_word' id='word_1_732' title='bbox 3293 3635 3511 3692; x_wconf 88' lang='lat' dir='ltr'>cla-mor</span> <span class='ocrx_word' id='word_1_733' title='bbox 3539 3637 3810 3693; x_wconf 77' lang='lat' dir='ltr'>contraxit</span> 
     </span>
    </p>
   </div>
   <div class='ocr_carea' id='block_1_112' title="bbox 2206 3702 3807 3776">
    <p class='ocr_par' dir='ltr' id='par_1_112' title="bbox 2206 3702 3807 3776">
     <span class='ocr_line' id='line_1_116' title="bbox 2206 3702 3807 3776; baseline 0.005 -21"><span class='ocrx_word' id='word_1_734' title='bbox 2206 3702 2588 3776; x_wconf 13' lang='lat' dir='ltr'>fl‘rertullianus,</span> <span class='ocrx_word' id='word_1_735' title='bbox 2610 3720 2715 3776; x_wconf 87' lang='lat' dir='ltr'>non</span> <span class='ocrx_word' id='word_1_736' title='bbox 2746 3707 2894 3760; x_wconf 93' lang='lat' dir='ltr'>solus</span> <span class='ocrx_word' id='word_1_737' title='bbox 2918 3705 3060 3760; x_wconf 89' lang='lat' dir='ltr'>inter</span> <span class='ocrx_word' id='word_1_738' title='bbox 3108 3706 3335 3776; x_wconf 90' lang='lat' dir='ltr'>priscos.</span> <span class='ocrx_word' id='word_1_739' title='bbox 3358 3708 3494 3761; x_wconf 90' lang='lat' dir='ltr'>Nam</span> <span class='ocrx_word' id='word_1_740' title='bbox 3519 3707 3807 3774; x_wconf 83' lang='lat' dir='ltr'>Paulinus,</span> 
     </span>
    </p>
   </div>
   <div class='ocr_carea' id='block_1_113' title="bbox 2204 3773 3815 3843">
    <p class='ocr_par' dir='ltr' id='par_1_113' title="bbox 2204 3773 3815 3843">
     <span class='ocr_line' id='line_1_117' title="bbox 2204 3773 3815 3843; baseline 0.006 -17"><span class='ocrx_word' id='word_1_741' title='bbox 2204 3773 2356 3829; x_wconf 91' lang='lat' dir='ltr'>libris</span> <span class='ocrx_word' id='word_1_742' title='bbox 2387 3776 2452 3830; x_wconf 91' lang='lat' dir='ltr'>de</span> <span class='ocrx_word' id='word_1_743' title='bbox 2477 3778 2599 3831; x_wconf 82' lang='lat' dir='ltr'>vita</span> <span class='ocrx_word' id='word_1_744' title='bbox 2631 3775 2881 3843; x_wconf 73' lang='lat' dir='ltr'>Martini,</span> <span class='ocrx_word' id='word_1_745' title='bbox 2914 3793 2976 3832; x_wconf 87' lang='lat' dir='ltr'>ea</span> <span class='ocrx_word' id='word_1_746' title='bbox 3004 3773 3218 3834; x_wconf 77' lang='lat' dir='ltr'>licentia</span> <span class='ocrx_word' id='word_1_747' title='bbox 3249 3795 3547 3836; x_wconf 60' lang='lat' dir='ltr'>usu,s.......</span> <span class='ocrx_word' id='word_1_748' title='bbox 3576 3773 3815 3836; x_wconf 76' lang='lat' dir='ltr'>Clamor</span> 
     </span>
    </p>
   </div>
   <div class='ocr_carea' id='block_1_114' title="bbox 2199 3845 3816 3972">
    <p class='ocr_par' dir='ltr' id='par_1_114' title="bbox 2199 3845 3816 3972">
     <span class='ocr_line' id='line_1_118' title="bbox 2201 3845 3816 3920; baseline 0.005 -22"><span class='ocrx_word' id='word_1_749' title='bbox 2201 3855 2377 3900; x_wconf 89' lang='lat' dir='ltr'>autem</span> <span class='ocrx_word' id='word_1_750' title='bbox 2407 3845 2461 3899; x_wconf 92' lang='lat' dir='ltr'>in</span> <span class='ocrx_word' id='word_1_751' title='bbox 2506 3854 2819 3916; x_wconf 86' lang='lat' dir='ltr'>tempestate</span> <span class='ocrx_word' id='word_1_752' title='bbox 2864 3848 3068 3905; x_wconf 89' lang='lat' dir='ltr'>marina</span> <span class='ocrx_word' id='word_1_753' title='bbox 3107 3849 3286 3905; x_wconf 92' lang='lat' dir='ltr'>locum</span> <span class='ocrx_word' id='word_1_754' title='bbox 3333 3851 3514 3920; x_wconf 86' lang='lat' dir='ltr'>habet,</span> <span class='ocrx_word' id='word_1_755' title='bbox 3573 3849 3816 3907; x_wconf 86' lang='lat' dir='ltr'>Ovidius</span> 
     </span>
     <span class='ocr_line' id='line_1_119' title="bbox 2199 3915 2612 3972; baseline 0.005 -1"><span class='ocrx_word' id='word_1_756' title='bbox 2199 3915 2295 3971; x_wconf 93' lang='lat' dir='ltr'>lib.</span> <span class='ocrx_word' id='word_1_757' title='bbox 2317 3932 2356 3972; x_wconf 94' lang='grc' dir='ltr'>ιι</span> <span class='ocrx_word' id='word_1_758' title='bbox 2388 3917 2612 3972; x_wconf 81' lang='lat' dir='ltr'>Metam.</span> 
     </span>
    </p>
   </div>
   <div class='ocr_carea' id='block_1_115' title="bbox 2221 3921 2612 3975">
    <p class='ocr_par' dir='ltr' id='par_1_115' title="bbox 2221 3921 2612 3975">
     <span class='ocr_line' id='line_1_120' title="bbox 2221 3921 2612 3975; baseline 0.01 -5"><span class='ocrx_word' id='word_1_759' title='bbox 2221 3921 2295 3970; x_wconf 90' lang='lat' dir='ltr'>ib.</span> <span class='ocrx_word' id='word_1_760' title='bbox 2317 3932 2356 3972; x_wconf 94' lang='grc' dir='ltr'>ιι</span> <span class='ocrx_word' id='word_1_761' title='bbox 2388 3921 2612 3975; x_wconf 81' lang='lat' dir='ltr'>Metam.</span> 
     </span>
    </p>
   </div>
   <div class='ocr_carea' id='block_1_116' title="bbox 2260 4014 3574 4081">
    <p class='ocr_par' dir='ltr' id='par_1_116' title="bbox 2260 4014 3574 4081">
     <span class='ocr_line' id='line_1_121' title="bbox 2260 4014 3574 4081; baseline 0.005 -17"><span class='ocrx_word' id='word_1_762' title='bbox 2260 4014 2457 4081; x_wconf 66' lang='lat' dir='ltr'>Quippe</span> <span class='ocrx_word' id='word_1_763' title='bbox 2479 4023 2662 4081; x_wconf 87' lang='lat' dir='ltr'>sonant</span> <span class='ocrx_word' id='word_1_764' title='bbox 2686 4016 2899 4068; x_wconf 88' lang='lat' dir='ltr'>clamore</span> <span class='ocrx_word' id='word_1_765' title='bbox 2922 4017 3037 4078; x_wconf 81' lang='lat' dir='ltr'>viri,</span> <span class='ocrx_word' id='word_1_766' title='bbox 3073 4019 3284 4071; x_wconf 88' lang='lat' dir='ltr'>stridore</span> <span class='ocrx_word' id='word_1_767' title='bbox 3313 4019 3574 4081; x_wconf 85' lang='lat' dir='ltr'>rudentes,</span> 
     </span>
    </p>
   </div>
   <div class='ocr_carea' id='block_1_117' title="bbox 2259 4076 3124 4143">
    <p class='ocr_par' dir='ltr' id='par_1_117' title="bbox 2259 4076 3124 4143">
     <span class='ocr_line' id='line_1_122' title="bbox 2259 4076 3124 4143; baseline 0.007 -17"><span class='ocrx_word' id='word_1_768' title='bbox 2259 4076 2514 4143; x_wconf 66' lang='lat' dir='ltr'>Undarum</span> <span class='ocrx_word' id='word_1_769' title='bbox 2544 4079 2747 4130; x_wconf 83' lang='lat' dir='ltr'>incursu</span> <span class='ocrx_word' id='word_1_770' title='bbox 2783 4081 2944 4143; x_wconf 85' lang='lat' dir='ltr'>gravis</span> <span class='ocrx_word' id='word_1_771' title='bbox 2965 4076 3124 4132; x_wconf 84' lang='lat' dir='ltr'>unda.</span> 
     </span>
    </p>
   </div>
   <div class='ocr_carea' id='block_1_118' title="bbox 2199 4139 3525 4217">
    <p class='ocr_par' dir='ltr' id='par_1_118' title="bbox 2199 4139 3525 4217">
     <span class='ocr_line' id='line_1_123' title="bbox 2199 4139 3525 4217; baseline 0.006 -22"><span class='ocrx_word' id='word_1_772' title='bbox 2199 4139 2305 4196; x_wconf 92' lang='lat' dir='ltr'>Sed</span> <span class='ocrx_word' id='word_1_773' title='bbox 2325 4149 2378 4196; x_wconf 89' lang='lat' dir='ltr'>et</span> <span class='ocrx_word' id='word_1_774' title='bbox 2407 4142 2521 4213; x_wconf 90' lang='lat' dir='ltr'>ipse</span> <span class='ocrx_word' id='word_1_775' title='bbox 2554 4139 2915 4200; x_wconf 79' lang='lat' dir='ltr'>Tertullianus</span> <span class='ocrx_word' id='word_1_776' title='bbox 2955 4145 3113 4217; x_wconf 86' lang='lat' dir='ltr'>paulo</span> <span class='ocrx_word' id='word_1_777' title='bbox 3143 4152 3264 4211; x_wconf 91' lang='lat' dir='ltr'>post</span> <span class='ocrx_word' id='word_1_778' title='bbox 3294 4146 3476 4202; x_wconf 89' lang='lat' dir='ltr'>subdit</span> <span class='ocrx_word' id='word_1_779' title='bbox 3509 4160 3525 4203; x_wconf 89' lang='lat'>:</span> 
     </span>
    </p>
   </div>
   <div class='ocr_carea' id='block_1_119' title="bbox 2257 4236 3581 4306">
    <p class='ocr_par' dir='ltr' id='par_1_119' title="bbox 2257 4236 3581 4306">
     <span class='ocr_line' id='line_1_124' title="bbox 2257 4236 3581 4306; baseline 0.005 -20"><span class='ocrx_word' id='word_1_780' title='bbox 2257 4236 2384 4287; x_wconf 88' lang='lat' dir='ltr'>Sunt</span> <span class='ocrx_word' id='word_1_781' title='bbox 2411 4237 2604 4287; x_wconf 65' lang='lat' dir='ltr'>miseras</span> <span class='ocrx_word' id='word_1_782' title='bbox 2624 4253 2768 4289; x_wconf 86' lang='lat' dir='ltr'>voces</span> <span class='ocrx_word' id='word_1_783' title='bbox 2799 4240 2866 4289; x_wconf 91' lang='lat' dir='ltr'>ad</span> <span class='ocrx_word' id='word_1_784' title='bbox 2897 4239 3103 4304; x_wconf 82' lang='lat' dir='ltr'>singula</span> <span class='ocrx_word' id='word_1_785' title='bbox 3130 4241 3384 4306; x_wconf 80' lang='lat' dir='ltr'>fragmina</span> <span class='ocrx_word' id='word_1_786' title='bbox 3417 4241 3581 4294; x_wconf 91' lang='lat' dir='ltr'>Ponti.</span> 
     </span>
    </p>
   </div>
   <div class='ocr_carea' id='block_1_120' title="bbox 2265 4317 3809 4398">
    <p class='ocr_par' dir='ltr' id='par_1_120' title="bbox 2265 4317 3809 4398">
     <span class='ocr_line' id='line_1_125' title="bbox 2265 4317 3809 4398; baseline 0.007 -26"><span class='ocrx_word' id='word_1_787' title='bbox 2265 4317 2342 4398; x_wconf 67' lang='grc' dir='ltr'>(ξς)</span> <span class='ocrx_word' id='word_1_788' title='bbox 2377 4320 2580 4398; x_wconf 67' lang='lat' dir='ltr'>Anima</span> <span class='ocrx_word' id='word_1_789' title='bbox 2607 4322 2810 4398; x_wconf 72' lang='lat' dir='ltr'>spiras.</span> <span class='ocrx_word' id='word_1_790' title='bbox 2841 4322 2971 4377; x_wconf 86' lang='lat' dir='ltr'>Erat</span> <span class='ocrx_word' id='word_1_791' title='bbox 3018 4322 3070 4378; x_wconf 90' lang='lat' dir='ltr'>in</span> <span class='ocrx_word' id='word_1_792' title='bbox 3118 4341 3170 4398; x_wconf 85' lang='lat' dir='ltr'>v.</span> <span class='ocrx_word' id='word_1_793' title='bbox 3203 4340 3253 4398; x_wconf 85' lang='lat' dir='ltr'>c.</span> <span class='ocrx_word' id='word_1_794' title='bbox 3301 4325 3525 4398; x_wconf 76' lang='lat' dir='ltr'>animas</span> <span class='ocrx_word' id='word_1_795' title='bbox 3573 4327 3809 4398; x_wconf 69' lang='lat' dir='ltr'>spiras.</span> 
     </span>
    </p>
   </div>
   <div class='ocr_carea' id='block_1_121' title="bbox 2121 4388 3811 4473">
    <p class='ocr_par' dir='ltr' id='par_1_121' title="bbox 2121 4388 3811 4473">
     <span class='ocr_line' id='line_1_126' title="bbox 2121 4388 3811 4473; baseline 0.008 -32"><span class='ocrx_word' id='word_1_796' title='bbox 2121 4397 2164 4473; x_wconf 75' lang='grc' dir='ltr'>ο</span> <span class='ocrx_word' id='word_1_797' title='bbox 2196 4388 2436 4473; x_wconf 69' lang='lat' dir='ltr'>Isidorus</span> <span class='ocrx_word' id='word_1_798' title='bbox 2465 4388 2670 4473; x_wconf 72' lang='lat' dir='ltr'>(Etyni.</span> <span class='ocrx_word' id='word_1_799' title='bbox 2704 4392 2799 4473; x_wconf 79' lang='lat' dir='ltr'>lib.</span> <span class='ocrx_word' id='word_1_800' title='bbox 2832 4409 2904 4459; x_wconf 80' lang='lat' dir='ltr'>1x,</span> <span class='ocrx_word' id='word_1_801' title='bbox 2925 4409 3052 4473; x_wconf 78' lang='lat' dir='ltr'>cap.</span> <span class='ocrx_word' id='word_1_802' title='bbox 3085 4395 3140 4465; x_wconf 93' lang='lat'>3)</span> <span class='ocrx_word' id='word_1_803' title='bbox 3170 4396 3244 4448; x_wconf 84' lang='lat' dir='ltr'>ait</span> <span class='ocrx_word' id='word_1_804' title='bbox 3273 4397 3455 4473; x_wconf 62' lang='lat' dir='ltr'>spiras</span> <span class='ocrx_word' id='word_1_805' title='bbox 3477 4388 3638 4473; x_wconf 53' lang='lat' dir='ltr'>funes</span> <span class='ocrx_word' id='word_1_806' title='bbox 3672 4414 3811 4454; x_wconf 82' lang='lat' dir='ltr'>esse</span> 
     </span>
    </p>
   </div>
   <div class='ocr_carea' id='block_1_122' title="bbox 2198 4460 3813 4586">
    <p class='ocr_par' dir='ltr' id='par_1_122' title="bbox 2198 4460 3813 4586">
     <span class='ocr_line' id='line_1_127' title="bbox 2198 4460 3813 4586; baseline 0.008 -72"><span class='ocrx_word' id='word_1_807' title='bbox 2198 4460 2394 4586; x_wconf 58' lang='lat' dir='ltr'>guipus</span> <span class='ocrx_word' id='word_1_808' title='bbox 2431 4460 2605 4516; x_wconf 75' lang='lat' dir='ltr'>nautae</span> <span class='ocrx_word' id='word_1_809' title='bbox 2652 4471 2876 4520; x_wconf 91' lang='lat' dir='ltr'>utuntur</span> <span class='ocrx_word' id='word_1_810' title='bbox 2923 4460 3462 4537; x_wconf 53' lang='lat' dir='ltr'>in&#39;tempcsta&#39;tibus,</span> <span class='ocrx_word' id='word_1_811' title='bbox 3512 4485 3543 4524; x_wconf 88' lang='lat' dir='ltr'>a</span> <span class='ocrx_word' id='word_1_812' title='bbox 3599 4468 3813 4540; x_wconf 80' lang='lat' dir='ltr'>Sparta</span> 
     </span>
     <span class='ocr_line' id='line_1_128' title="bbox 2237 4548 2387 4586; baseline 0 0"><span class='ocrx_word' id='word_1_813' title='bbox 2237 4548 2285 4586; x_wconf 82' lang='lat' dir='ltr'>1c</span> <span class='ocrx_word' id='word_1_814' title='bbox 2311 4549 2387 4586; x_wconf 87' lang='lat' dir='ltr'>as.</span> 
     </span>
    </p>
   </div>
   <div class='ocr_carea' id='block_1_123' title="bbox 2237 4541 2387 4588">
    <p class='ocr_par' dir='ltr' id='par_1_123' title="bbox 2237 4541 2387 4588">
     <span class='ocr_line' id='line_1_129' title="bbox 2237 4541 2387 4588; baseline 0.013 -2"><span class='ocrx_word' id='word_1_815' title='bbox 2237 4541 2387 4588; x_wconf 86' lang='lat' dir='ltr'>ictas.</span> 
     </span>
    </p>
   </div>
   <div class='ocr_carea' id='block_1_124' title="bbox 2270 4603 3813 4679">
    <p class='ocr_par' dir='ltr' id='par_1_124' title="bbox 2270 4603 3813 4679">
     <span class='ocr_line' id='line_1_130' title="bbox 2270 4603 3813 4679; baseline 0.006 -22"><span class='ocrx_word' id='word_1_816' title='bbox 2270 4603 2350 4679; x_wconf 86' lang='lat'>(6)</span> <span class='ocrx_word' id='word_1_817' title='bbox 2393 4604 2728 4679; x_wconf 80' lang='lat' dir='ltr'>Oblaq-ueare</span> <span class='ocrx_word' id='word_1_818' title='bbox 2768 4609 3026 4663; x_wconf 81' lang='lat' dir='ltr'>mitram.</span> <span class='ocrx_word' id='word_1_819' title='bbox 3084 4608 3416 4664; x_wconf 83' lang='lat' dir='ltr'>Felicissima</span> <span class='ocrx_word' id='word_1_820' title='bbox 3471 4609 3642 4679; x_wconf 86' lang='lat' dir='ltr'>hujus</span> <span class='ocrx_word' id='word_1_821' title='bbox 3687 4611 3813 4666; x_wconf 88' lang='lat' dir='ltr'>loci</span> 
     </span>
    </p>
   </div>
   <div class='ocr_carea' id='block_1_125' title="bbox 2199 4675 3810 4749">
    <p class='ocr_par' dir='ltr' id='par_1_125' title="bbox 2199 4675 3810 4749">
     <span class='ocr_line' id='line_1_131' title="bbox 2199 4675 3810 4749; baseline 0.004 -20"><span class='ocrx_word' id='word_1_822' title='bbox 2199 4675 2460 4749; x_wconf 60' lang='lat' dir='ltr'>restitutio</span> <span class='ocrx_word' id='word_1_823' title='bbox 2488 4675 2718 4749; x_wconf 81' lang='lat' dir='ltr'>debetur</span> <span class='ocrx_word' id='word_1_824' title='bbox 2745 4684 2797 4733; x_wconf 86' lang='lat' dir='ltr'>et</span> <span class='ocrx_word' id='word_1_825' title='bbox 2843 4679 3078 4734; x_wconf 88' lang='lat' dir='ltr'>acumini</span> <span class='ocrx_word' id='word_1_826' title='bbox 3119 4690 3169 4736; x_wconf 91' lang='lat' dir='ltr'>et</span> <span class='ocrx_word' id='word_1_827' title='bbox 3211 4679 3419 4749; x_wconf 89' lang='lat' dir='ltr'>judicio</span> <span class='ocrx_word' id='word_1_828' title='bbox 3467 4675 3810 4738; x_wconf 41' lang='lat' dir='ltr'>PfPithcni.</span> 
     </span>
    </p>
   </div>
   <div class='ocr_carea' id='block_1_126' title="bbox 2199 4745 3810 4823">
    <p class='ocr_par' dir='ltr' id='par_1_126' title="bbox 2199 4745 3810 4823">
     <span class='ocr_line' id='line_1_132' title="bbox 2199 4745 3810 4823; baseline 0.007 -24"><span class='ocrx_word' id='word_1_829' title='bbox 2199 4745 2504 4823; x_wconf 73' lang='lat' dir='ltr'>Depravate</span> <span class='ocrx_word' id='word_1_830' title='bbox 2533 4755 2646 4823; x_wconf 70' lang='lat' dir='ltr'>erat</span> <span class='ocrx_word' id='word_1_831' title='bbox 2676 4747 2799 4803; x_wconf 90' lang='lat' dir='ltr'>inv.</span> <span class='ocrx_word' id='word_1_832' title='bbox 2843 4764 2891 4804; x_wconf 91' lang='lat' dir='ltr'>c.</span> <span class='ocrx_word' id='word_1_833' title='bbox 2932 4745 3325 4823; x_wconf 72' lang='lat' dir='ltr'>Oblaquearem</span> <span class='ocrx_word' id='word_1_834' title='bbox 3348 4753 3586 4807; x_wconf 77' lang='lat' dir='ltr'>vibram.</span> <span class='ocrx_word' id='word_1_835' title='bbox 3609 4754 3810 4810; x_wconf 87' lang='lat' dir='ltr'>Isido-</span> 
     </span>
    </p>
   </div>
   <div class='ocr_carea' id='block_1_127' title="bbox 2199 4817 3810 4892">
    <p class='ocr_par' dir='ltr' id='par_1_127' title="bbox 2199 4817 3810 4892">
     <span class='ocr_line' id='line_1_133' title="bbox 2199 4817 3810 4892; baseline 0.006 -23"><span class='ocrx_word' id='word_1_836' title='bbox 2199 4833 2291 4870; x_wconf 87' lang='lat' dir='ltr'>rus</span> <span class='ocrx_word' id='word_1_837' title='bbox 2319 4817 2415 4871; x_wconf 89' lang='lat' dir='ltr'>lib.</span> <span class='ocrx_word' id='word_1_838' title='bbox 2443 4833 2546 4892; x_wconf 3' lang='grc' dir='ltr'>,χιιι</span> <span class='ocrx_word' id='word_1_839' title='bbox 2575 4820 2760 4891; x_wconf 83' lang='lat' dir='ltr'>Ety-m.</span> <span class='ocrx_word' id='word_1_840' title='bbox 2782 4837 2903 4892; x_wconf 90' lang='lat' dir='ltr'>cap.</span> <span class='ocrx_word' id='word_1_841' title='bbox 2937 4823 2988 4886; x_wconf 83' lang='grc'>4,</span> <span class='ocrx_word' id='word_1_842' title='bbox 3014 4817 3199 4878; x_wconf 74' lang='lat' dir='ltr'>sci-ibit</span> <span class='ocrx_word' id='word_1_843' title='bbox 3219 4825 3428 4878; x_wconf 87' lang='lat' dir='ltr'>mitram</span> <span class='ocrx_word' id='word_1_844' title='bbox 3451 4840 3572 4879; x_wconf 86' lang='lat' dir='ltr'>esse</span> <span class='ocrx_word' id='word_1_845' title='bbox 3606 4824 3810 4881; x_wconf 84' lang='lat' dir='ltr'>funem</span> 
     </span>
    </p>
   </div>
   <div class='ocr_carea' id='block_1_128' title="bbox 2197 4891 3814 4964">
    <p class='ocr_par' dir='ltr' id='par_1_128' title="bbox 2197 4891 3814 4964">
     <span class='ocr_line' id='line_1_134' title="bbox 2197 4891 3814 4964; baseline 0.006 -22"><span class='ocrx_word' id='word_1_846' title='bbox 2197 4903 2304 4959; x_wconf 91' lang='lat' dir='ltr'>quo</span> <span class='ocrx_word' id='word_1_847' title='bbox 2335 4891 2496 4964; x_wconf 80' lang='lat' dir='ltr'>navis</span> <span class='ocrx_word' id='word_1_848' title='bbox 2525 4893 2708 4964; x_wconf 83' lang='lat' dir='ltr'>media</span> <span class='ocrx_word' id='word_1_849' title='bbox 2755 4892 3006 4949; x_wconf 73' lang='lat' dir='ltr'>vincitur.</span> <span class='ocrx_word' id='word_1_850' title='bbox 3047 4893 3182 4964; x_wconf 61' lang='lat' dir='ltr'>Quae</span> <span class='ocrx_word' id='word_1_851' title='bbox 3219 4909 3320 4952; x_wconf 84' lang='lat' dir='ltr'>vox</span> <span class='ocrx_word' id='word_1_852' title='bbox 3363 4912 3476 4952; x_wconf 86' lang='lat' dir='ltr'>rara</span> <span class='ocrx_word' id='word_1_853' title='bbox 3520 4904 3606 4952; x_wconf 89' lang='lat' dir='ltr'>est</span> <span class='ocrx_word' id='word_1_854' title='bbox 3660 4905 3718 4952; x_wconf 83' lang='lat' dir='ltr'>et</span> <span class='ocrx_word' id='word_1_855' title='bbox 3775 4914 3814 4952; x_wconf 85' lang='lat' dir='ltr'>a</span> 
     </span>
    </p>
   </div>
   <div class='ocr_carea' id='block_1_129' title="bbox 2198 4960 2758 5029">
    <p class='ocr_par' dir='ltr' id='par_1_129' title="bbox 2198 4960 2758 5029">
     <span class='ocr_line' id='line_1_135' title="bbox 2198 4960 2758 5029; baseline 0.009 -16"><span class='ocrx_word' id='word_1_856' title='bbox 2198 4961 2379 5029; x_wconf 87' lang='lat' dir='ltr'>paucis</span> <span class='ocrx_word' id='word_1_857' title='bbox 2409 4960 2539 5015; x_wconf 89' lang='lat' dir='ltr'>alibi</span> <span class='ocrx_word' id='word_1_858' title='bbox 2567 4962 2758 5018; x_wconf 90' lang='lat' dir='ltr'>electa.</span> 
     </span>
    </p>
   </div>
   <div class='ocr_carea' id='block_1_130' title="bbox 2268 5031 3810 5110">
    <p class='ocr_par' dir='ltr' id='par_1_130' title="bbox 2268 5031 3810 5110">
     <span class='ocr_line' id='line_1_136' title="bbox 2268 5031 3810 5110; baseline 0.005 -23"><span class='ocrx_word' id='word_1_859' title='bbox 2268 5031 2348 5110; x_wconf 35' lang='lat'>(.7)</span> <span class='ocrx_word' id='word_1_860' title='bbox 2378 5034 2607 5110; x_wconf 74' lang='lat' dir='ltr'>Pectore</span> <span class='ocrx_word' id='word_1_861' title='bbox 2643 5052 2823 5110; x_wconf 68' lang='lat' dir='ltr'>gyros.</span> <span class='ocrx_word' id='word_1_862' title='bbox 2857 5037 3118 5108; x_wconf 90' lang='lat' dir='ltr'>Corrupte</span> <span class='ocrx_word' id='word_1_863' title='bbox 3150 5037 3338 5094; x_wconf 88' lang='lat' dir='ltr'>eratin</span> <span class='ocrx_word' id='word_1_864' title='bbox 3368 5055 3418 5094; x_wconf 91' lang='lat' dir='ltr'>v.</span> <span class='ocrx_word' id='word_1_865' title='bbox 3454 5055 3502 5095; x_wconf 95' lang='lat' dir='ltr'>c.</span> <span class='ocrx_word' id='word_1_866' title='bbox 3537 5040 3810 5110; x_wconf 75' lang='lat' dir='ltr'>nigyros,</span> 
     </span>
    </p>
   </div>
   <div class='ocr_carea' id='block_1_131' title="bbox 2195 5103 3812 5182">
    <p class='ocr_par' dir='ltr' id='par_1_131' title="bbox 2195 5103 3812 5182">
     <span class='ocr_line' id='line_1_137' title="bbox 2195 5103 3812 5182; baseline 0.007 -26"><span class='ocrx_word' id='word_1_867' title='bbox 2195 5110 2248 5156; x_wconf 89' lang='lat' dir='ltr'>et</span> <span class='ocrx_word' id='word_1_868' title='bbox 2281 5103 2725 5182; x_wconf 62' lang='lat' dir='ltr'>fortassistotufn</span> <span class='ocrx_word' id='word_1_869' title='bbox 2756 5107 2834 5162; x_wconf 90' lang='lat' dir='ltr'>sic</span> <span class='ocrx_word' id='word_1_870' title='bbox 2871 5103 3066 5163; x_wconf 77' lang='lat' dir='ltr'>melius</span> <span class='ocrx_word' id='word_1_871' title='bbox 3094 5112 3304 5182; x_wconf 88' lang='lat' dir='ltr'>legetur</span> <span class='ocrx_word' id='word_1_872' title='bbox 3336 5131 3348 5167; x_wconf 88' lang='lat'><strong>:</strong></span> <span class='ocrx_word' id='word_1_873' title='bbox 3391 5133 3414 5163; x_wconf 73' lang='grc' dir='ltr'><strong><em>α</em></strong></span> <span class='ocrx_word' id='word_1_874' title='bbox 3465 5111 3579 5169; x_wconf 75' lang='lat' dir='ltr'>Veli</span> <span class='ocrx_word' id='word_1_875' title='bbox 3604 5103 3812 5167; x_wconf 53' lang='lat' dir='ltr'>&#39;éluc4</span> 
     </span>
    </p>
   </div>
   <div class='ocr_carea' id='block_1_132' title="bbox 2195 5176 3183 5254">
    <p class='ocr_par' dir='ltr' id='par_1_132' title="bbox 2195 5176 3183 5254">
     <span class='ocr_line' id='line_1_138' title="bbox 2195 5176 3183 5254; baseline 0.007 -27"><span class='ocrx_word' id='word_1_876' title='bbox 2195 5181 2370 5254; x_wconf 72' lang='lat' dir='ltr'>tantes</span> <span class='ocrx_word' id='word_1_877' title='bbox 2387 5176 2663 5254; x_wconf 73' lang='lat' dir='ltr'>impellere</span> <span class='ocrx_word' id='word_1_878' title='bbox 2695 5186 2911 5254; x_wconf 83' lang='lat' dir='ltr'>pectore</span> <span class='ocrx_word' id='word_1_879' title='bbox 2940 5196 3123 5254; x_wconf 61' lang='lat' dir='ltr'>gyros,</span> <span class='ocrx_word' id='word_1_880' title='bbox 3150 5176 3183 5254; x_wconf 70' lang='grc' dir='ltr'>ἷο</span> 
     </span>
    </p>
   </div>
   <div class='ocr_carea' id='block_1_133' title="bbox 2269 5246 3810 5320">
    <p class='ocr_par' dir='ltr' id='par_1_133' title="bbox 2269 5246 3810 5320">
     <span class='ocr_line' id='line_1_139' title="bbox 2269 5246 3810 5320; baseline 0.008 -22"><span class='ocrx_word' id='word_1_881' title='bbox 2269 5246 2623 5320; x_wconf 82' lang='lat' dir='ltr'>(8)Puteum</span> <span class='ocrx_word' id='word_1_882' title='bbox 2649 5246 2995 5320; x_wconf 56' lang='lat' dir='ltr'>graveolere:</span> <span class='ocrx_word' id='word_1_883' title='bbox 3032 5252 3283 5309; x_wconf 88' lang='lat' dir='ltr'>Arbitror</span> <span class='ocrx_word' id='word_1_884' title='bbox 3329 5262 3602 5310; x_wconf 90' lang='lat' dir='ltr'>auctorem</span> <span class='ocrx_word' id='word_1_885' title='bbox 3653 5271 3810 5310; x_wconf 80' lang='lat' dir='ltr'>ver-</span> 
     </span>
    </p>
   </div>
   <div class='ocr_carea' id='block_1_134' title="bbox 2194 5317 3812 5400">
    <p class='ocr_par' dir='ltr' id='par_1_134' title="bbox 2194 5317 3812 5400">
     <span class='ocr_line' id='line_1_140' title="bbox 2194 5317 3812 5400; baseline 0.008 -29"><span class='ocrx_word' id='word_1_886' title='bbox 2194 5317 2325 5400; x_wconf 70' lang='lat' dir='ltr'>bum</span> <span class='ocrx_word' id='word_1_887' title='bbox 2358 5318 2462 5400; x_wconf 78' lang='lat' dir='ltr'>hoc</span> <span class='ocrx_word' id='word_1_888' title='bbox 2491 5317 2674 5400; x_wconf 45' lang='lat' dir='ltr'>active;</span> <span class='ocrx_word' id='word_1_889' title='bbox 2711 5337 3024 5394; x_wconf 85' lang='lat' dir='ltr'>usurpasse,</span> <span class='ocrx_word' id='word_1_890' title='bbox 3081 5331 3135 5379; x_wconf 89' lang='lat' dir='ltr'>et</span> <span class='ocrx_word' id='word_1_891' title='bbox 3179 5328 3497 5400; x_wconf 80' lang='lat' dir='ltr'>graueolere</span> <span class='ocrx_word' id='word_1_892' title='bbox 3542 5332 3812 5400; x_wconf 78' lang='lat' dir='ltr'>puteum</span> 
     </span>
    </p>
   </div>
   <div class='ocr_carea' id='block_1_135' title="bbox 2196 5389 3812 5469">
    <p class='ocr_par' dir='ltr' id='par_1_135' title="bbox 2196 5389 3812 5469">
     <span class='ocr_line' id='line_1_141' title="bbox 2196 5389 3812 5469; baseline 0.009 -30"><span class='ocrx_word' id='word_1_893' title='bbox 2196 5389 2336 5469; x_wconf 78' lang='lat' dir='ltr'>idem</span> <span class='ocrx_word' id='word_1_894' title='bbox 2367 5390 2622 5469; x_wconf 71' lang='lat' dir='ltr'>valereac</span> <span class='ocrx_word' id='word_1_895' title='bbox 2651 5389 2929 5469; x_wconf 43' lang='lat' dir='ltr'>facere-ut</span> <span class='ocrx_word' id='word_1_896' title='bbox 2958 5402 3148 5469; x_wconf 80' lang='lat' dir='ltr'>puteus</span> <span class='ocrx_word' id='word_1_897' title='bbox 3179 5389 3395 5469; x_wconf 73' lang='lat' dir='ltr'>gravem</span> <span class='ocrx_word' id='word_1_898' title='bbox 3426 5389 3655 5469; x_wconf 71' lang='lat' dir='ltr'>odorem</span> <span class='ocrx_word' id='word_1_899' title='bbox 3685 5415 3812 5454; x_wconf 70' lang='lat' dir='ltr'>ex-</span> 
     </span>
    </p>
   </div>
   <div class='ocr_carea' id='block_1_136' title="bbox 2195 5460 3814 5535">
    <p class='ocr_par' dir='ltr' id='par_1_136' title="bbox 2195 5460 3814 5535">
     <span class='ocr_line' id='line_1_142' title="bbox 2195 5460 3814 5535; baseline 0.007 -23"><span class='ocrx_word' id='word_1_900' title='bbox 2195 5460 2354 5516; x_wconf 89' lang='lat' dir='ltr'>halet.</span> <span class='ocrx_word' id='word_1_901' title='bbox 2397 5461 2640 5534; x_wconf 88' lang='lat' dir='ltr'>Intelligo</span> <span class='ocrx_word' id='word_1_902' title='bbox 2667 5463 2834 5534; x_wconf 87' lang='lat' dir='ltr'>igitur</span> <span class='ocrx_word' id='word_1_903' title='bbox 2863 5460 3007 5522; x_wconf 79' lang='lat' dir='ltr'>hunc</span> <span class='ocrx_word' id='word_1_904' title='bbox 3042 5460 3219 5521; x_wconf 69' lang='lat' dir='ltr'>locum</span> <span class='ocrx_word' id='word_1_905' title='bbox 3267 5470 3333 5523; x_wconf 91' lang='lat' dir='ltr'>de</span> <span class='ocrx_word' id='word_1_906' title='bbox 3364 5468 3574 5523; x_wconf 88' lang='lat' dir='ltr'>sentina</span> <span class='ocrx_word' id='word_1_907' title='bbox 3615 5471 3814 5535; x_wconf 79' lang='lat' dir='ltr'>navis,</span> 
     </span>
    </p>
   </div>
   <div class='ocr_carea' id='block_1_137' title="bbox 2195 5535 3819 5614">
    <p class='ocr_par' dir='ltr' id='par_1_137' title="bbox 2195 5535 3819 5614">
     <span class='ocr_line' id='line_1_143' title="bbox 2195 5535 3819 5614; baseline 0.008 -30"><span class='ocrx_word' id='word_1_908' title='bbox 2195 5547 2327 5614; x_wconf 37' lang='lat' dir='ltr'>quae.</span> <span class='ocrx_word' id='word_1_909' title='bbox 2347 5541 2455 5587; x_wconf 92' lang='lat' dir='ltr'>tum</span> <span class='ocrx_word' id='word_1_910' title='bbox 2484 5535 2703 5606; x_wconf 88' lang='lat' dir='ltr'>gravius</span> <span class='ocrx_word' id='word_1_911' title='bbox 2730 5537 2836 5614; x_wconf 78' lang='lat' dir='ltr'>olet</span> <span class='ocrx_word' id='word_1_912' title='bbox 2865 5552 2989 5614; x_wconf 84' lang='lat' dir='ltr'>cum</span> <span class='ocrx_word' id='word_1_913' title='bbox 3020 5538 3381 5614; x_wconf 71' lang='lat' dir='ltr'>sedimentum</span> <span class='ocrx_word' id='word_1_914' title='bbox 3412 5556 3570 5614; x_wconf 64' lang='lat' dir='ltr'>aqua:</span> <span class='ocrx_word' id='word_1_915' title='bbox 3599 5543 3819 5612; x_wconf 85' lang='lat' dir='ltr'>quies-</span> 
     </span>
    </p>
   </div>
   <div class='ocr_carea' id='block_1_138' title="bbox 2193 5609 3822 5730">
    <p class='ocr_par' dir='ltr' id='par_1_138' title="bbox 2193 5609 3822 5730">
     <span class='ocr_line' id='line_1_144' title="bbox 2193 5609 3822 5730; baseline 0.01 -74"><span class='ocrx_word' id='word_1_916' title='bbox 2390 5615 2635 5688; x_wconf 81' lang='lat' dir='ltr'>movetur</span> <span class='ocrx_word' id='word_1_917' title='bbox 2659 5615 2712 5664; x_wconf 90' lang='lat' dir='ltr'>et</span> <span class='ocrx_word' id='word_1_918' title='bbox 2748 5609 3088 5670; x_wconf 81' lang='lat' dir='ltr'>exhauritur.</span> <span class='ocrx_word' id='word_1_919' title='bbox 3120 5610 3370 5668; x_wconf 88' lang='lat' dir='ltr'>Paulinus</span> <span class='ocrx_word' id='word_1_920' title='bbox 3407 5609 3482 5669; x_wconf 75' lang='grc' dir='ltr'>ιη’</span> <span class='ocrx_word' id='word_1_921' title='bbox 3507 5609 3685 5669; x_wconf 81' lang='lat' dir='ltr'>carm.</span> <span class='ocrx_word' id='word_1_922' title='bbox 3727 5615 3822 5672; x_wconf 82' lang='lat' dir='ltr'>ad</span> 
     </span>
     <span class='ocr_line' id='line_1_145' title="bbox 2238 5691 2574 5730; baseline 0 0"><span class='ocrx_word' id='word_1_923' title='bbox 2238 5692 2270 5730; x_wconf 87' lang='lat' dir='ltr'>u</span> <span class='ocrx_word' id='word_1_924' title='bbox 2339 5691 2526 5730; x_wconf 81' lang='lat' dir='ltr'>ermm</span> <span class='ocrx_word' id='word_1_925' title='bbox 2553 5697 2574 5730; x_wconf 84' lang='lat'>.-</span> 
     </span>
    </p>
   </div>
   <div class='ocr_carea' id='block_1_139' title="bbox 2234 5691 2574 5748">
    <p class='ocr_par' dir='ltr' id='par_1_139' title="bbox 2234 5691 2574 5748">
     <span class='ocr_line' id='line_1_146' title="bbox 2234 5691 2574 5748; baseline 0.021 -20"><span class='ocrx_word' id='word_1_926' title='bbox 2234 5691 2526 5748; x_wconf 74' lang='lat' dir='ltr'>ymerz-um</span> <span class='ocrx_word' id='word_1_927' title='bbox 2553 5697 2574 5735; x_wconf 89' lang='lat'><strong><em>:</em></strong></span> 
     </span>
    </p>
   </div>
  </div>
