4058 6172
293 343 430 404 1169

1237 343 1242 356 ’
1283 341 1618 404 APPENDIX
1677 343 1720 401 Ι.
1761 375 1832 385 —-
1868 341 1955 400 DE
1992 341 2154 401 ,ΙΟΝΑ
2193 343 2277 402 ET
2315 341 2566 404 NINIVE.

3449 347 3584 408 1170

279 467 544 541 Egregias
575 468 786 540 rapiunt
815 469 890 540 (9)
933 475 1062 526 tunc
1089 484 1299 526 merces
1331 477 1490 541 atque
1520 483 1662 524 onus
1705 484 1894 524 omnes
1921 481 1966 560 Α
1995 467 2146 524 Tunc
2175 468 2408 544 rogitant
2433 487 2444 522 :
2469 467 2620 540 Quis,
2651 475 2706 524 et
2730 468 2892 535 unde,
2918 469 3196 526 hominum
3211 471 3334 542 quis
3352 471 3585 544 denique

287 556 324 612 I
347 556 384 611 Ι
399 556 436 611 Ι
455 555 492 610 Ι
532 556 892 628 Praecipitant,
917 567 1227 630 certantque
1255 557 1488 630 pericula
1511 557 1724 614 vincere
1743 559 1890 614 dam-

277 644 416 700 Sunt
443 644 655 700 miseras
686 661 846 700 voces
885 647 952 701 ad
984 647 1194 720 singula
1221 646 1490 718 fragmina
1521 647 1690 718 ponti,
1752 645 1879 719 (nis.

277 733 704 804 Expenduntque
723 751 884 789 manu
898 751 925 790 s
945 735 1212 792 nullorum
1235 737 1347 806 (10)
1368 737 1432 790 ad
1453 735 1658 790 lumina
1677 736 1882 802 divum,

279 819 428 904 Quos
447 821 613 876 maris
630 829 681 878 et
699 821 817 878 coeli
839 823 925 878 vis
945 839 1051 880 non
1075 824 1244 890 timet,
1265 824 1406 880 haud
1428 823 1607 879 minus
1627 823 1746 880 illos
1767 824 1884 898 (11)

277 911 554 983 Puppibus
582 911 838 968 obtrusos
875 913 1010 970 irato
1041 913 1252 970 turbine
1281 930 1550 988 mergeris.

277 999 502 1054 Nescius
529 999 646 1056 haec
673 1015 798 1056 reus
827 999 942 1070 ipse
972 1017 1100 1059 cavo
1129 1003 1230 1056 sub
1259 1001 1466 1059 fornice
1496 1003 1693 1076 puppis

277 1088 616 1144 Sternentem
672 1088 786 1160 (12)
847 1089 1028 1146 inﬂata
1075 1091 1362 1148 resonabat
1407 1107 1536 1148 nare
1597 1108 1871 1162 soporem,

275 1179 392 1232 Jam
424 1184 550 1234 tunc
577 1177 632 1232 in
662 1192 856 1234 somno
913 1180 1132 1236 Domini
1161 1180 1444 1236 formando
1473 1181 1588 1253 (13)
1619 1180 1867 1254 ﬁguram.

273 1265 426 1320 Hunc
453 1263 612 1320 simul
657 1266 932 1323 undiseca:
969 1268 1061 1340 qui
1108 1270 1254 1341 cogit
1300 1267 1481 1326 munia
1531 1284 1706 1340 proca:
1735 1271 1868 1343 (14),

273 1352 409 1409 Pace
439 1361 752 1424 soporatum
781 1355 1009 1426 placida,
1042 1357 1284 1429 requiete
1314 1359 1604 1428 superbum
1638 1361 1750 1428 (15)

273 1441 471 1496 Institit
499 1442 796 1513 impulsans
827 1463 841 1500 :
874 1445 1035 1515 Quid,
1060 1447 1136 1500 ait
1169 1450 1304 1516 (16),
1332 1447 1644 1504 discrimine
1677 1447 1731 1502 in
1763 1447 1867 1503 isto

273 1530 559 1588 Somniare
605 1532 754 1602 capis
807 1535 942 1606 (t7),
977 1543 1234 1607 tantoque
1279 1535 1333 1591 in
1383 1537 1598 1592 turbine
1647 1543 1864 1608 portum

273 1619 435 1676 Solus
462 1621 669 1678 habes?
689 1637 788 1678 nos
817 1624 958 1680 unda
987 1625 1100 1694 (18)
1120 1625 1320 1695 operit,
1352 1640 1478 1696 spes
1499 1625 1659 1681 unica
1681 1627 1866 1684 divum

1742 1715 1864 1788 [est.

272 1797 354 1851 Tu
373 1812 610 1869 quoque,
629 1801 875 1872 quisquis
897 1801 990 1855 tibi
1014 1803 1160 1856 Deus
1178 1811 1277 1869 est,
1297 1802 1386 1856 dic
1406 1811 1528 1860 vota
1549 1819 1864 1876 precesque.

272 1884 412 1938 Exin
442 1886 564 1957 quis
613 1888 728 1958 (19)
757 1887 930 1960 culpae
979 1889 1234 1958 propriae,
1267 1889 1392 1961 quis
1438 1906 1594 1946 causa
1621 1892 1868 1962 procellze

271 1971 496 2030 Discere
526 1985 670 2032 sorte
702 1977 899 2050 placet,
926 1995 1025 2035 nec
1053 1993 1176 2036 sors
1207 1979 1461 2036 mentitur
1487 1981 1700 2036 Jonam.

3359 561 3560 628 [rerum
3573 605 3587 632 ,

1994 647 2114 716 Quo
2143 645 2363 718 populo,
2385 663 2489 716 qua
2511 645 2641 702 sede
2663 645 2804 702 cluis
2821 645 2973 718 (20)?
2997 645 3256 702 famulum
3287 647 3378 704 ille
3396 649 3590 705 fatetur

1993 735 2359 792 Praatimidum
2396 733 2669 807 fidumque
2700 736 2822 806 Dei,
2871 736 2962 806 qui
3011 736 3228 792 sustulit
3257 737 3422 794 altum
3453 738 3587 810 (21),

1991 824 2098 894 Qui
2129 833 2326 880 terram
2357 824 2552 895 posuit,
2576 825 2668 896 qui
2701 832 2867 880 totam
2893 839 3118 896 corpore
3148 825 3286 882 fudit
3317 843 3330 880 :

1991 914 2166 984 Ipsius
2195 929 2315 970 sese
2353 915 2663 984 profugum.
2696 930 2993 986 causasque
3023 915 3246 970 revelat.

1987 1002 2273 1074 Diriguere
2301 1011 2467 1060 metu.
2496 1003 2639 1070 Quid
2670 1017 2769 1056 nos
2797 1004 2912 1072 (22)
2941 1003 3105 1074 igitur
3137 1003 3234 1058 tibi
3263 1002 3435 1074 culpa:
3457 1007 3486 1059 ‘I

1984 1087 2120 1156 Quid
2164 1089 2281 1146 fore
2309 1105 2474 1154 nunc,
2507 1105 2738 1161 quonam
2769 1089 3097 1162 placabimus
3127 1107 3344 1164 aequora
3389 1092 3532 1150 facto
3555 1095 3584 1148 ‘2

1989 1176 2026 1230 I
2047 1176 2084 1230 I
2101 1175 2202 1234 I2
2221 1179 2465 1249 Namque
2487 1179 2658 1252 magis
2681 1179 2957 1250 multoque
2975 1181 3152 1253 magis
3172 1180 3308 1238 freta
3330 1198 3472 1237 smva
3495 1191 3584 1236 tu-

1979 1266 2062 1319 En
2083 1281 2184 1338 ego
2215 1275 2524 1338 tempestas,
2559 1281 2663 1340 ego
2695 1275 2804 1322 tota
2834 1267 3044 1324 insania
3077 1271 3281 1336 mundi,
3317 1273 3579 1340 [mcbant.

1976 1354 2032 1407 In
2063 1371 2170 1420 me,
2205 1356 2376 1427 inquit
2402 1357 2560 1412 vobis
2589 1357 2757 1411 aether
2788 1355 2912 1422 ruit,
2947 1367 2999 1413 et
3029 1373 3179 1413 mare
3215 1359 3388 1431 surgit
3420 1379 3434 1415 :

1977 1445 2038 1496 In
2069 1459 2154 1498 me
2183 1455 2323 1500 terra
2353 1447 2565 1514 procul,
2606 1460 2750 1501 mors
2783 1445 3046 1516 proxima,
3095 1447 3246 1502 nulla
3285 1448 3382 1504 Dei
3429 1465 3572 1520 spes.
3633 1469 3636 1472 λ

1975 1528 2116 1598 Quin
2170 1532 2292 1588 date
2349 1533 2685 1605 praecipitem
2733 1549 2969 1601 causam,
3033 1549 3330 1606 navemque
3385 1535 3564 1590 levan-

3291 1623 3396 1695 [tes
3436 1625 3573 1694 (23).

1979 1708 2156 1764 Unum
2186 1725 2324 1765 onus
2351 1711 2456 1766 hoc
2493 1725 2750 1783 magnum
2775 1711 2967 1782 pelago
2991 1711 3188 1778 jactate
3215 1711 3502 1768 volentem.

1977 1799 2072 1852 Ast
2107 1797 2196 1853 isti
2219 1795 2412 1855 frustra
2442 1797 2686 1854 nituntur
2716 1807 2923 1853 vertere
2954 1813 3169 1852 cursum

1983 1884 2042 1938 ln
2068 1885 2318 1958 reditum,
2352 1901 2450 1942 nec
2477 1886 2662 1945 clavus
2697 1887 2840 1942 enim
2873 1893 3125 1956 torquere
3163 1885 3393 1950 sinebat,

1981 1973 2128 2029 Dura
2157 1991 2256 2031 nec
2283 1986 2566 2032 antemmae
2597 1975 2792 2032 mutari
2823 1974 2960 2028 libra
2987 1974 3219 2031 volebat.

1981 2060 2258 2120 Postremo
2287 2063 2355 2118 ad
2383 2064 2670 2121 Dominum
2704 2081 2717 2118 :
2751 2063 2830 2120 Ne
2861 2076 2964 2118 nos
3007 2061 3066 2116 in
3109 2062 3298 2118 mortis
3357 2063 3577 2132 hiatum,

1665 2195 2166 2270 Commentarius.

396 2319 504 2381 Quo
531 2322 710 2383 cymba
747 2323 958 2371 multam
987 2323 1198 2372 duxerat
1230 2323 1368 2372 rimis

457 2383 654 2448 Aquam
685 2385 849 2433 olente
869 2387 1078 2434 sentiam
1097 2387 1226 2434 lacu.

263 2496 632 2566 Quintilianus
681 2499 795 2568 (lib.
851 2501 976 2568 vm)
1010 2500 1262 2556 observat
1301 2517 1332 2554 a
1367 2499 1624 2555 Cicerone
1670 2501 1868 2557 dictam

269 2568 585 2645 reipuhhcte
633 2569 920 2645 sentinam,
968 2569 1306 2645 signiﬁcante
1355 2569 1648 2645 l'ieditatem
1697 2573 1870 2645 homi-

267 2655 438 2708 num;
469 2641 832 2696 Tertullianus
876 2641 1256 2712 vero'partem
1305 2642 1466 2698 maris
1519 2641 1716 2698 interni
1773 2659 1867 2701 vo-

264 2718 376 2776 cat,
405 2713 531 2784 quia
569 2713 796 2768 sentinze
825 2729 963 2782 aqua
993 2729 1024 2768 e
1046 2713 1178 2767 mari
1206 2721 1308 2784 est.

345 2782 434 2857 (9)
453 2785 714 2856 Egregius
743 2786 998 2856 rapiunt.
1031 2785 1158 2838 Erat
1203 2783 1256 2837 in
1285 2799 1338 2838 v.
1370 2798 1418 2838 c.
1452 2786 1700 2857 Egregius
1729 2789 1866 2842 tunc

271 2856 528 2925 rapiunt.

343 2927 454 2996 (t0)
495 2927 813 2982 Nullorum.
862 2927 920 2980 In
963 2943 1016 2982 v.
1047 2941 1096 2980 c.
1128 2925 1210 2996 ad
1241 2925 1380 2980 hanc
1427 2941 1612 2982 vocem
1667 2942 1858 2982 recen-

1987 2315 2234 2383 mando;
2279 2317 2458 2370 locum
2498 2323 2676 2368 autem
2721 2311 2968 2383 intelligit
3013 2309 3244 2366 Matthaei
3292 2325 3416 2383 cap.
3461 2327 3584 2368 vni.

1985 2382 2078 2437 ubi
2117 2387 2186 2441 de
2223 2385 2436 2440 Christo
2483 2385 2784 2440 dormiente
2834 2382 2916 2436 in"
2943 2383 3063 2437 navi
3112 2391 3166 2438 et
3203 2398 3234 2436 a
3283 2382 3396 2437 suis
3431 2383 3582 2438 exci-

1984 2461 2112 2510 tato.

2052 2525 2167 2598 (14)
2204 2527 2485 2584 ϋηιίἰεεθίε
2515 2527 2610 2598 qui
2655 2527 2802 2598 cogit
2848 2526 3052 2598 muniit
3103 2540 3305 2598 prone.
3365 2523 3424 2578 Si
3452 2525 3582 2598 quid

1979 2597 2090 2649 veri
2121 2611 2378 2666 auguror,
2420 2599 2492 2652 ita
2526 2595 2648 2652 'non
2693 2595 2830 2651 male
2859 2595 3577 2666 emendayiﬁdepravatiSsi-

1979 2680 2122 2720 mam
2167 2665 2487 2736 seripturam
2536 2685 2590 2724 γ.
2632 2683 2680 2722 c.
2731 2667 3025 2720 habentis:
3081 2685 3106 2716 α
3147 2665 3318 2719 Undis
3363 2667 3433 2736 ita
3483 2667 3576 2734 qui

1973 2737 2120 2807 cogit
2145 2735 2348 2794 mantia
2379 2755 2582 2808 prorae;
2620 2757 2643 2786 ι
2687 2737 2790 2790 nisi
2821 2737 2995 2808 malis,
3022 2736 3347 2808 rundisioaz;
3375 2735 3578 2808 facilis

1975 2805 2154 2862 auiem
2189 2805 2409 2864 mutatio
2437 2809 2654 2864 undisis
2701 2808 2794 2870 ita,
2837 2807 3096 2862 undisica
3141 2821 3240 2874 pro
3269 2805 3572 2862 undicesw.

1974 2877 2078 2932 Sed
2126 2887 2180 2932 et
2211 2889 2382 2949 potest
2420 2879 2632 2935 retineri
2680 2877 2836 2942 illud,
2883 2877 3113 2932 mamia.
3173 2875 3342 2949 Nam_
3385 2876 3576 2932 Festus

1971 2947 2256 3018 Pompeius
2329 2951 2550 3008 adnotat
2619 2957 2831 3006 veteres
2885 2949 3083 3004 dixisse
3167 2947 3382 3002 moenia.
3473 2964 3572 3020 pro

271 2995 412 3050 tiore
438 2995 680 3066 quadam
719 3013 880 3052 manu
909 2995 1314 3122 su‘peradditum
1353 3005 1486 3062 erat,
1518 2997 1860 3076 muttorum.
1893 3009 1936 3088 ε

271 3066 383 3122 Sed
411 3067 544 3122 bene
563 3075 720 3122 vocat
747 3069 936 3122 nullos
997 3068 1132 3122 ivos.
1161 3083 1288 3122 quia
1308 3067 1552 3122 centium
1583 3068 1657 3122 (1ιὶ
1678 3085 1864 3122 revera
2045 3093 2088 3122 [ι
2107 3091 2153 3122 κ)
2194 3095 2200 3122 l

269 3066 383 3122 Sed
411 3067 544 3123 bene
563 3075 720 3125 vocat
747 3069 936 3125 nullos

271 3136 408 3211 nulli
439 3151 578 3204 sunt,
637 3141 720 3194 vel
785 3141 914 3211 quia
960 3136 1328 3208 nullius—opis
1379 3145 1432 3192 et
1486 3137 1688 3194 auxilii.
1731 3141 1866 3196 Hinc

269 3208 366 3334 illa
389 3225 494 3334 lvox
531 3211 676 3281 apud
741 3208 954 3267 veteres
996 3211 1280 3266 comicos:
1341 3211 1544 3267 Nullus
1593 3227 1738 3266 sum.
1801 3213 1868 3266 Et

314 3295 574 3336 auinus:

1016 3083 1132 3146 vos,
1161 3067 1292 3146 quia
1307 3067 1552 3138 gentium
1678 3085 1864 3146 revera

719 3394 900 3446 Nullus
927 3409 1081 3454 eram,
1115 3403 1164 3444 et
1187 3394 1398 3444 faciente

717 3456 818 3508 Deo
848 3472 960 3508 sum
981 3465 1132 3508 natus
1161 3466 1216 3507 ut
1243 3473 1425 3508 essem.

349 3571 465 3641 (11)
504 3575 660 3629 Haud
679 3575 876 3646 minus
903 3575 1055 3630 illos.
1085 3577 1162 3629 Ita
1185 3575 1432 3639 emendo,
1465 3589 1566 3645 pro
1599 3588 1706 3646 quo
1735 3591 1786 3632 ν.
1816 3591 1864 3632 c.

267 3647 385 3718 aut
409 3661 618 3718 munus
645 3645 787 3718 illos
807 3647 1093 3718 puppibus
1102 3647 1370 3718 abstruso
1393 3645 1630 3703 Siratos.
1661 3645 1869 3714 Quibus

267 3715 462 3788 verbis
517 3733 637 3788 non,
667 3715 854 3788 dubito
884 3715 1012 3788 quin
1051 3715 1248 3788 alludat
1283 3719 1352 3772 ad
1397 3733 1598 3772 morem
1629 3727 1866 3788 veterum

268 3787 368 3912 qui
401 3789 454 3912 irit
501 3787 728 3843 navibus
757 3787 1242 3856 deos'portahant,
1283 3799 1536 3860 tanquam
1586 3787 1860 3846 tutelarcs.

325 3873 430 3912 mn
455 3900 469 3912 .
1161 3903 1170 3908 _

325 3875 469 3914 ll'ﬁll.
1161 3903 1170 3908 .

347 3873 469 3928 r3“.
527 3929 760 3992 Ingentes
789 3943 816 3976 a
851 3941 1018 4039 puppe
1051 3903 1275 4000 deos"...

615 3990 831 4039 Lanrato
863 3993 916 4039 fu
941 3991 1088 4039 eebat
1118 3991 1275 4039 Apoll]

531 3990 831 4042 “(Laurato
851 3990 938 4040 'ful
965 3990 1088 4040 'ebat
1118 3993 1156 4038 A
1200 3991 1352 4042 olline
1383 3990 1585 4056 puppis.

879 4005 975 4114 (lcf.
1005 4053 1040 4101 l.
1069 4067 1102 4102 x
1129 4005 1268 4116 ίέη.)

1069 4067 1102 4102 Χ
1129 4067 1244 4103 11311.

467 4181 630 4247 Monte
657 4197 750 4232 nec
779 4183 986 4233 inferior
1009 4197 1174 4247 prora},
1201 4183 1458 4247 puppique
1499 4195 1720 4247 recurva:

591 4245 776 4304 insilit,
808 4255 858 4296 et
887 4245 1046 4309 picto—5
1075 4245 1304 4294 verberat
1324 4245 1460 4309 unda
1487 4245 1626 4309 deos.

900 4306 1144 4370 (Ovidius,
1179 4309 1212 4356 l.
1253 4321 1267 4356 1
1309 4306 1580 4364 Tristium.)

2045 3091 2154 3164 (15)
2189 3093 2449 3164 Requiete
2481 3089 2802 3164 superbum.
2837 3087 3112 3164 Sosipater
3139 3088 3410 3164 Charisius
3471 3089 3567 3146 lib.

1975 3173 1996 3233 1
2028 3181 2040 3217 :
2077 3161 2386 3228 Quies,'ait,
2418 3164 2564 3233 facit
2592 3163 2854 3232 quietem,
2885 3161 3104 3233 requies
3139 3163 3444 3233 accusativo
3463 3175 3572 3233 non

1977 3232 2134 3307 facit,
2155 3230 2462 3307 requietem
2494 3230 2888 3307 sed—requiem
2909 3230 3100 3307 :_'_lice_t
3120 3230 3328 3307 Cicero
3363 3231 3572 3307 dixerit

1975 3301 2283 3374 requiete-in
2311 3306 2376 3358 ad
2409 3301 2718 3358 Hostilium:
2731 3303 2894 3374 (Idem
2925 3301 3201 3357 Charisius
3229 3301 3335 3356 alio
3363 3301 3483 3358 loco
3515 3303 3570 3357 id

1975 3373 2213 3444 repetit:
2253 3375 2508 3440 «Cicero,
2543 3373 2829 3444 ait,aliter
2873 3373 3162 3428 declinavit
3208 3379 3424 3444 secutus
3471 3389 3570 3426 nu-

1977 3441 2206 3514 merum,
2257 3446 2553 3516 requietem
2580 3443 2722 3500 enim
2759 3444 2891 3499 dixit
2923 3462 2936 3514 ς
2968 3465 3018 3516 _«
3049 3441 3362 3516 superbum_
3391 3453 3570 3498 autem

1977 3526 2130 3572 vocat
2171 3512 2498 3589 pertinacem
2536 3515 2591 3569 in
2635 3531 2846 3578 somno,
2891 3512 2982 3586 qui
3031 3512 3186 3589 quasi
3243 3512 3569 3589 dedignare-

1979 3596 2062 3643 tur
2117 3583 2318 3644 moveri
2371 3588 2604 3642 clamore
2667 3583 2948 3642 nautarum
3000 3583 3430 3654 periclitantium,
3478 3585 3566 3639 ni-

1977 3660 2142 3712 mium
2187 3675 2428 3714 securus.

2047 3731 2164 3798 (16)
2203 3730 2344 3799 Quid
2363 3731 2468 3784 ait.
2491 3727 2753 3800 Corrupte
2781 3735 2898 3783 erat
2935 3725 2990 3782 in
3019 3742 3070 3782 ν.
3105 3741 3153 3780 c.
3190 3745 3212 3774 α
3247 3725 3388 3795 Quid
3418 3725 3569 3782 aiunt

1977 3800 2301 3857 discriminis
2333 3801 2386 3853 in
2417 3801 2542 3854 isto.
2578 3819 2603 3850 ι)
3595 3819 3606 3826 -

2045 3871 2160 3942 (17)
2211 3873 2504 3929 Somniare
2554 3868 2973 3942 capisuLocus
3005 3865 3107 3942 hic
3157 3865 3327 3922 varias
3379 3866 3569 3942 recipit

1978 3937 2315 4012 conjecturas
2357 3961 2370 4008 ;
2403 3949 2526 3996 sunt
2555 3937 2716 3998 verba
2742 3939 2813 4012 (Ε.
2849 3937 3027 4012 Juret_i_
3053 3954 3068 4004 ;
3099 3953 3198 4012 nos
3226 3953 3354 4012 vero
3385 3938 3565 4012 sequi—

1978 4008 2098 4085 mur
2147 4015 2428 4070 lectionem
2463 4029 2633 4085 quam
2671 4010 2885 4067 exhibet
2929 4008 3177 4085 collectio
3225 4008 3567 4085 i’isauricen-

1979 4083 2056 4207 ἓξ
2093 4099 2156 4141 ac
2183 4079 2588 4150 Londonen'sis,
2645 4089 2923 4154 poetarum
2971 4079 3178 4136 scilicet
3233 4079 3564 4136 Latinorum.

2027 4169 2120 4207 no.

2027 4169 2120 4210 DD.

2051 4225 2168 4294 (18)
2227 4225 2331 4282 Nos
2351 4223 2523 4279 unda.
2567 4222 2768 4279 Vocem
2797 4239 2898 4278 nos
2935 4218 3138 4286 addidi,
3185 4235 3304 4289 quae
3361 4217 3570 4274 videtur

1985 4295 2301 4349 desiderari.

2057 4367 2167 4434 (19)
2199 4366 2348 4422 Exin
2369 4365 2511 4436 quis.
2541 4361 2986 4433 Depravatissime
3003 4361 3116 4415 erat
3135 4360 3190 4414 in
3210 4375 3264 4415 v.
3286 4375 3334 4415 c.
3367 4360 3571 4418 Indicit

271 4427 544 4479 Auctores
598 4423 872 4494 appellant
917 4424 1108 4480 tutelas
1155 4423 1312 4496 quasi
1357 4419 1575 4492 proprio
1625 4419 1865 4492 nomine,
1903 4407 1948 4484 Β
1977 4407 2281 4494 ex;,‘,"’u‘;;",

271 4495 442 4550 Silius
469 4493 682 4580 'lhtalicus
715 4512 745 4580 :7
971 4567 998 4580 η
1149 4573 1160 4580 _
2050 4455 2166 4580 (20‘;
2194 4510 2281 4578 ου.

271 4495 442 4550 Silius
469 4493 682 4550 Italicus
715 4512 728 4547 :

469 4564 937 4634 Tutelzequgdeum
969 4565 1182 4634 ﬂuitant.
1207 4627 1236 4634 __
1535 4625 1576 4634 η
1653 4623 1664 4634 0

271 4629 492 4684 Seneca
519 4625 692 4698 epist:
725 4630 818 4698 76,
849 4643 916 4682 eo
961 4628 1150 4683 alludit
1187 4627 1372 4682 dicens
1407 4643 1418 4679 :
1468 4643 1492 4675 ι
1531 4625 1698 4698 Navis
1728 4625 1868 4680 bona

271 4697 650 4770 dicitur,etc.,
700 4697 985 4770 neccujus
1039 4699 1202 4754 tutela
1249 4699 1416 4752 ebore
1453 4697 1788 4770 aelata__est.
1835 4715 1861 4748 ι)

273 4771 362 4828 Ea
435 4767 727 4825 imitatidne
794 4767 980 4826 dicunt
1049 4773 1341 4826 etiamnum
1407 4769 1566 4824 hodie
1637 4767 1872 4824 Venetos

268 4849 526 4914 sanetum
577 4842 812 4914 Marcum
850 4841 1094 4898 attollere
1152 4841 1202 4896 in
1258 4839 1448 4914 puppi,
1489 4855 1600 4895 sua:
1639 4837 1870 4895 civitatis

267 4911 558 4968 tutelarem
591 4913 794 4970 divum.

355 4985 472 5053 (12)
513 4985 884 5040 Sternentem.
949 4983 1126 5039 Placet
1171 4981 1367 5053 Philip.
1427 4983 1662 5038 Roberto
1718 4983 1765 5038 J.
1807 4981 1869 5036 C.

269 5058 644 5114 stertentem.
693 5057 760 5110 Et
789 5055 1008 5126 quidem
1039 5058 1206 5120 Iona),
1244 5071 1366 5124 cap.
1434 5069 1476 5122 ι,
1509 5054 1604 5108 ubi
1647 5053 1871 5126 vulgata

271 5127 450 5182 editio
483 5127 642 5183 habet
662 5143 699 5198 κε
733 5125 1138 5183 Et’dormiebat
1157 5143 1348 5198 sopore
1375 5126 1550 5198 graui.
1583 5127 1646 5198 Dr.
1676 5125 1872 5198 Hiero-

271 5213 485 5270 nymus
523 5213 588 5251 ex
611 5197 997 5270 iSeptuaginta
1059 5195 1228 5270 vertit'
1272 5215 1296 5270 :A
1329 5195 1417 5270 Et,
1453 5195 1760 5270 dormiebat
1816 5199 1871 5251 et

270 5267 580 5342 stertebat.
611 5269 778 5342 Divus
810 5267 1367 5342 quoqueAmbrosius
1397 5267 1460 5322 in
1489 5269 1640 5321 I’sal.
1673 5281 1812 5342 xntn
1853 5282 1864 5320 :

279 5361 312 5390 κ
357 5341 435 5394 De
464 5341 601 5394 Jona
628 5339 856 5412 legimus
883 5339 974 5410 qui
1013 5339 1315 5394 dormiebat
1343 5340 1394 5393 in
1413 5345 1608 5412 ventre
1633 5339 1782 5391 navis
1820 5343 1872 5388 et

273 5413 566 5467 stertebat.
611 5431 634 5462 ι
682 5409 768 5465 “Et
823 5409 937 5480 ipse
997 5412 1346 5479 Hieronymus
1410 5409 1462 5462 in
1500 5412 1872 5465 com-menter.

272 5485 348 5538 in.
410 5483 612 5538 Ionam
639 5501 656 5536 :
694 5503 720 5532 α
751 5479 914 5548 Quasi
945 5498 1185 5548 securus,
1219 5481 1312 5545 ait,
1345 5480 1624 5542 dormiret,
1659 5487 1711 5533 et
1743 5493 1874 5548 pro-

269 5553 668 5608 fundissimum
696 5569 946 5608 somnum
975 5554 1306 5608 ronchonare
1335 5559 1570 5606 sonaret.
1620 5571 1640 5597 υ

361 5623 478 5692 (13)
531 5625 760 5682 Domini
785 5624 1101 5694 formando.
1153 5625 1274 5680 Erat
1303 5623 1358 5678 in
1386 5640 1440 5682 ν.
1490 5639 1538 5678 c.
1581 5623 1640 5677 in
1674 5636 1730 5678 se
1757 5621 1882 5690 for-

2050 4500 2166 4580 (20)
2194 4510 2310 4578 Qua
2337 4507 2460 4580 sede
2476 4507 2656 4580 fluis.
2689 4503 2854 4560 Valde
2881 4501 3014 4556 mihi
3037 4500 3210 4580 placet
3243 4503 3364 4558 haec
3381 4517 3570 4580 emen-

1981 4572 2291 4654 datioquam
2313 4578 2452 4654 eruit
2471 4578 2536 4654 if.
2561 4577 2802 4654 Pithcnus
2830 4589 2896 4628 ex
2915 4572 3177 4654 vestigiis,
3209 4589 3260 4630 v.
3283 4589 3366 4654 _c.,
3385 4573 3439 4654 in
3461 4587 3564 4644 quc

1983 4669 2094 4726 qua
2119 4644 2244 4709 sede
2274 4651 2430 4726 civis.
2459 4649 2586 4726 __Yox
2617 4648 2902 4726 clue,__non
2934 4644 3120 4726 ignota
3159 4645 3300 4726 apud
3336 4653 3569 4710 veteres,

1983 4717 2144 4793 quam
2189 4721 2396 4778 restitui
2426 4719 2541 4773 aliis
2573 4717 2882 4774 auctoribus
2931 4723 3130 4770 temere
3169 4717 3332 4785 vulgo
3381 4731 3572 4770 corru-

1985 4803 2146 4867 ptam.
2181 4795 2366 4867 Itaque
2403 4807 2512 4867 n_on_
2531 4799 2800 4867 repetam.
2833 4859 2869 4867 _
2929 4857 2942 4867 _
3041 4855 3106 4867 Η
3205 4863 3214 4867 _
3345 4857 3359 4867 ‘
3439 4855 3449 4866 _

2055 4867 2170 4934 (21)
2198 4855 2564 4934 ραίγδυδιαιὶι
2595 4855 2802 4916 altum.
2833 4855 3226 4934 Bedundabant
3251 4857 3414 4910 verba
3437 4855 3490 4934 in
3520 4872 3573 4934 Χ.

1985 4925 2073 5002 ο.,’
2092 4925 2282 5005 ὶῑίᾴῦο
2311 4933 2380 4987 ita
2410 4933 2666 5005 scriptum
2694 4929 2870 5000 reperi
2903 4947 2915 4981 :
2947 4949 2969 4979 ι
2995 4927 3098 4994 Qui
3127 4927 3323 4982 cmlum
3367 4925 3578 5005 sustulit

1985 5001 2114 5062 alto.
2154 5001 2761 5074 {Videbatur’quidem
2788 5009 3096 5076 corruptum
3113 5014 3330 5054 carnem
3357 5001 3546 5076 glossa
3561 5013 3576 5062 ;

1985 5081 2172 5134 altum
2201 5083 2381 5133 autem
2431 5090 2528 5146 pro
2565 5070 2702 5132 caelo
2731 5072 2854 5144 poni
2885 5075 3106 5140 scimus,
3145 5078 3204 5125 ut
3231 5071 3374 5144 apud
3405 5070 3579 5141 Virgi-

1986 5151 2140 5206 lium.

2237 5253 2302 5303 Et
2329 5252 2457 5302 Maia
2491 5241 2714 5315 genitum
2747 5248 2873 5298 coelo
2903 5247 3122 5297 demittit
3148 5245 3212 5296 ab
3241 5245 3362 5296 alto.

1987 5335 2292 5391 Lactantius
2347 5333 2466 5404 (lib.
2519 5349 2579 5399 ll,
2631 5347 2680 5387 c.
2711 5335 2762 5401 1)
2793 5349 2806 5385 :
2843 5351 2864 5380 (ι
2907 5329 3108 5385 Oculos
3155 5343 3286 5382 suos
3326 5325 3586 5394 dejiciuut

1989 5408 2212 5477 soloque
2241 5406 2432 5476 ﬁgunt.
2470 5425 2492 5454 ι)

2085 5471 2174 5538 22)
2209 5471 2350 5545 ριιῖίί
2371 5476 2556 5532 nos.V.
2583 5492 2632 5531 c.
2668 5492 2798 5548 quos
2825 5471 3088 5543 velquod.
3245 5537 3254 5547 .

2060 5481 2174 5616 i213)
2205 5551 2518 5616 Nave-mque
2549 5549 2814 5611 levantes.
2845 5560 3052 5599 unum.
3085 5539 3254 5594 Male:

2085 5551 2174 5610 23)
2205 5539 2518 5618 Nave-mque
2549 5539 2814 5611 levantes.
2845 5539 3052 5599 unum.
3085 5539 3221 5594 Male
3243 5539 3297 5592 in
3317 5555 3365 5595 ν.
3402 5551 3450 5591 c.
3483 5552 3584 5592 na-

1991 5634 2110 5676 vem
2140 5621 2381 5677 levantes
2405 5635 2574 5675 unus.
3509 5641 3528 5654 -
