4062 6178
505 381 635 440 1171

1565 378 1652 437 AD
1692 379 1979 441 GENUINA
2009 378 2447 440 TBRTULLIANI
2484 376 2705 437 OPERA

3653 375 3795 435 1172

500 508 673 563 Unam
755 503 987 561 animam
1059 511 1315 576 prOpter,
1372 502 1586 558 dederis
1614 546 1627 569 ,
1690 520 1755 567 ne
1821 505 2087 576 sanguine
2122 522 2167 600 Α
2203 506 2435 561 Candida
2463 502 2691 560 caeruleo
2712 500 2905 558 ﬂorent
2932 499 3159 572 vestigia
3188 499 3363 557 sulco.

502 594 844 668 Respersisse
873 594 1026 660 velis,
1060 594 1104 647 si
1131 594 1210 649 sic
1240 603 1325 648 tua
1354 593 1567 649 dextera
1588 594 1753 650 ducit.
1798 594 1945 666 [justi
1975 598 2089 668 (24)

568 687 798 757 Jamque
828 683 934 739 illic
964 682 1073 739 imo
1111 682 1358 740 exoriens
1388 684 1455 738 de
1485 684 1701 756 gurgite
1730 693 1880 740 cetus

503 778 857 848 Squamosum
893 789 922 829 e
944 772 1163 829 conchis
1193 774 1443 829 evolvere
1471 775 1713 845 corporis
1733 789 1949 849 agmen.

505 865 743 940 Urgebat
772 864 1019 935 proprios
1042 878 1303 919 concusso
1331 878 1602 918 marmore
1632 862 1829 920 ﬂuctus
1947 866 2094 933 [arce

506 957 709 1026 Sponte
754 969 847 1007 sua
878 952 991 1023 (25)
1032 953 1268 1023 praidam
1301 954 1538 1024 rapiens,
1594 969 1756 1025 quam
1802 954 1998 1027 puppis
2029 954 2095 1009 ab

510 1044 905 1102 Provolutatam
933 1042 1141 1097 limosis
1170 1041 1415 1098 faucibus
1440 1042 1634 1114 hausit,

506 1133 894 1203 Viventemque
916 1131 1105 1202 dapem
1140 1131 1360 1204 longam
1382 1132 1619 1203 percepit
1648 1131 1703 1187 in
1732 1132 1928 1203 alvum,

508 1221 746 1293 Cumque
782 1222 897 1278 viro
922 1220 1041 1276 οωΙὶ
1062 1220 1262 1276 rabiem
1295 1222 1578 1295 pelagique
1608 1222 1832 1280 voratit.

506 1310 771 1368 Sternitur
798 1311 1028 1383 zequoris
1056 1310 1220 1378 unda,
1260 1311 1547 1368 resolvitur
1577 1312 1792 1368 aetheris
1815 1312 2024 1367 umbra.

508 1400 647 1457 Hinc
666 1401 877 1471 ﬂuctus,
918 1399 1063 1456 illinc
1090 1400 1247 1457 ﬂatus
1267 1401 1561 1458 redduntur
1590 1402 1770 1470 amici,

510 1490 763 1547 Securam
789 1489 928 1548 viam
960 1489 1166 1564 placida
1194 1490 1443 1565 signante
1474 1491 1673 1563 carina,

2201 596 2390 651 Nautae
2420 609 2547 649 num
2579 592 2811 649 Domino
2840 590 2946 647 laeti
2977 589 3281 649 venerando
3310 588 3554 647 timorem

2203 682 2513 739 Sacriﬁcant
2542 680 2890 753 grates"““*

2202 774 2428 845 Navigat
2454 781 2507 827 et
2533 780 2682 828 vates
2712 770 2816 826 alio
2846 778 3128 841 susceptus
3154 768 3319 824 Jonas

2202 862 2409 925 I113
2436 862 2663 933 Navigio
2694 861 3019 930 ﬂuctumque
3041 866 3190 913 secat
3244 858 3342 911 sub
3372 856 3624 914 ﬂuctibus
3654 856 3803 920 imis,

2204 954 2383 1008 Sisara
2410 950 2704 1020 veliﬁcans,
2738 949 2914 1005 anima
2944 947 3200 1019 inspirata
3230 946 3417 1016 ferina,
3451 946 3627 1019 [exter
3664 946 3804 1017 (27),

2206 1041 2520 1109 Conclusus,
2555 1055 2732 1111 neque
2758 1038 2956 1093 tinctus
3005 1036 3156 1109 aquis
3204 1037 3339 1109 (26),
3373 1035 3538 1092 maris
3580 1036 3811 1091 intimus

2212 1128 2408 1186 IIII
2472 1129 2612 1186 Inter
2659 1141 2897 1183 semesas
2942 1126 3137 1181 classes
3186 1126 3531 1197 resolutaque
3580 1139 3811 1196 corpora

2206 1221 2447 1293 Digesta,
2478 1236 2578 1275 sua
2604 1220 2717 1287 jam
2745 1217 2828 1273 vel
2859 1232 2927 1271 va
2957 1216 3137 1287 (28)...
3169 1214 3355 1270 funera
3376 1214 3607 1271 discens.
3642 1208 3813 1286 [putri

2209 1313 2268 1366 In
2299 1310 2511 1381 signum
2540 1307 2636 1362 sed
2666 1306 2807 1362 enim
2836 1305 3050 1362 Domini
3070 1305 3389 1378 quandoque
3418 1303 3660 1371 futurus,

2208 1400 2328 1455 Non
2358 1405 2472 1453 erat
2499 1395 2681 1464 exitio,
2717 1396 2813 1455 sed
2843 1395 2970 1453 coeli
3000 1394 3171 1467 gloria
3201 1391 3394 1451 factus.

1899 1705 2402 1771 Commentarius.

585 1865 698 1958 (24)
730 1866 830 1958 1Vng
852 1865 1128 1958 sanguiqu
1142 1864 1313 1935 justi.
1350 1860 1453 1958 ‘Sic‘
1484 1863 1759 1958 legogrpro
1808 1878 1915 1935 quo
1952 1881 2007 1923 v.
2056 1880 2104 1920 c.
2145 1882 2188 1958 Β
2219 1878 2481 1958 parentari)r
2498 1859 2750 1958 baptismi
2779 1858 2949 1932 aquis.

504 1933 755 2009 justum,
779 1934 941 2006 idque
959 1933 1318 2009 icontiginatur
1337 1938 1496 2009 textu
1534 1933 1749 2009 biblico.

582 2007 935 2086 (220.5190er
955 2022 1077 2062 sua.
1112 2006 1183 2086 Ut
1227 2006 1535 2077 expleretur
1560 2006 1737 2062 hiatus
1765 2022 1819 2063 v.
1851 2022 1899 2062 c.
1931 2006 2111 2063 addidi

515 2094 638 2145 sua,
672 2076 775 2149 nisi
810 2078 964 2132 malis
992 2082 1187 2149 sponte
1206 2076 1431 2132 novam.

585 2148 701 2218 (26)
731 2150 915 2223 Neque
947 2148 1163 2223 tinctus
1218 2151 1399 2223 aquis.
1448 2149 1743 2205 Videbatur
1792 2165 1957 2223 posse
2000 2150 2109 2223 legi

518 2224 722 2285 tactus,
752 2220 894 2291 quod
935 2222 1111 2275 minus
1147 2229 1245 2275 est.
1280 2222 1414 2274 Nam
1448 2228 1501 2275 et
1547 2220 1811 2277 Paulinus
1826 2222 1881 2276 in
1938 2220 2105 2279 carm.

517 2291 584 2345 ad
616 2291 923 2360 Cytherium
952 2292 1018 2348 de
1049 2292 1237 2347 eodem
1260 2291 1395 2346 Jona
1421 2292 1679 2363 loquens:

762 2415 963 2464 Mensus
992 2428 1193 2477 requorc
1220 2415 1441 2465 intactus
1476 2416 1627 2466 undis
1651 2417 1880 2469 ﬂuctuat.

520 2504 609 2559 Sic
631 2503 884 2561 Sedulius
904 2505 970 2560 de
1001 2506 1191 2561 eodem
1227 2523 1237 2563 :

768 2665 781 2679 .
826 2664 837 2679 .
884 2668 895 2680 .
936 2667 948 2680 .
988 2668 999 2681 .
1037 2636 1143 2681 ceto
1172 2630 1402 2681 sorbente
1432 2640 1638 2682 voratus

765 2692 820 2742 In
850 2693 1026 2757 pelago
1060 2708 1161 2743 non
1190 2695 1346 2743 sensit
1377 2708 1552 2759 aquas.

519 2781 627 2838 Sed
658 2782 1013 2857 tgmenﬂillud,
1049 2786 1263 2857 tinctus
1292 2785 1486 2857 retinui
1522 2785 1648 2857 quia
1697 2785 1809 2841 scio
1851 2784 2110 2842 familiare

521 2869 637 2910 esse
667 2854 993 2910 Tertulliano
1025 2854 1102 2909 uti
1131 2870 1194 2910 eo
1245 2856 1431 2921 verbo,
1484 2854 1549 2911 et
1590 2857 1896 2913 tinctionem
1948 2874 2109 2913 usur-

2291 1929 2400 2002 (27)
2430 1929 2592 1990 Maris
2620 1929 2862 1989 intimus
2882 1935 3044 1987 exter
3067 1930 3221 1985 inter
3239 1946 3477 1987 scmesas
3492 1930 3724 2002 classes.
3752 1929 3815 1985 V.

2218 2022 2267 2063 c.
2302 2001 2529 2063 habebat
2558 2007 2779 2061 classes.
2814 2003 2918 2057 Sed
2949 2004 3239 2073 superiora
3275 2010 3332 2056 ut
3362 2001 3547 2073 reponi
3578 2001 3819 2073 debeant

2219 2093 2325 2131 non
2392 2077 2521 2131 satis
2566 2076 2755 2147 liquet.
2794 2075 2982 2147 Placet
3019 2071 3337 2128 doctissimo
3354 2071 3518 2147 _Phil.
3569 2072 3818 2127 Roberto

2218 2158 2275 2221 ut
2304 2148 2512 2221 legatur
2543 2164 2555 2200 :
2611 2143 2638 2197 οἱ
2677 2144 2836 2221 Maris
2869 2146 3007 2221 inter
3056 2152 3108 2198 et
3138 2149 3313 2221 exter.
3348 2143 3584 2208 Semesa,
3619 2162 3645 2193 υ
3680 2151 3816 2221 _etc.,

2218 2214 2596 2287 nisi,'mutato
2645 2218 2850 2280 ordine,
2884 2214 3079 2287 malis:
3117 2214 3345 2287 «Maris
3392 2224 3539 2287 exter
3580 2221 3635 2269 et
3680 2215 3821 2269 inter

2217 2285 2484 2359 Semesas,
2550 2310 2571 2339 »
2616 2299 2673 2343 ut
2704 2303 2915 2359 versusp
2944 2285 3045 2359 sibi
3100 2286 3425 2359 cohaereant.
3484 2285 3574 2340 Sic
3621 2292 3819 2359 autem

2218 2356 2481 2417 Paulinus
2501 2370 2737 2417 exterum
2786 2356 2968 2425 maris,
3000 2357 3188 2411 Jonam
3236 2356 3379 2412 intra
3407 2371 3555 2412 mare
3587 2356 3819 2427 elegan-

2220 2443 2299 2488 ter
2327 2433 2459 2489 dixit
2485 2454 2498 2489 :

2405 2548 2526 2597 Nam
2556 2546 2683 2598 liber
2710 2546 2859 2598 undis
2893 2545 3023 2595 intra
3052 2558 3187 2595 mare
3218 2552 3353 2595 exter
3382 2542 3558 2594 maris.

2290 2645 2404 2715 (28)
2444 2646 2529 2702 Vel
2558 2661 2645 2701 va.
2681 2645 2947 2701 Robertus
2977 2641 3111 2716 legit
3141 2644 3226 2700 vel
3260 2644 3424 2700 vatis.
3465 2639 3603 2709 Quid
3636 2640 3687 2695 si
3718 2656 3825 2711 po-

2221 2716 2325 2772 tius
2360 2733 2372 2769 :
2408 2718 2495 2772 vel
2524 2720 2715 2773 vivus?

2290 2790 2416 2843 Haec
2444 2787 2661 2858 quidem
2689 2803 2806 2857 quae
2837 2786 2904 2840 ad
2936 2784 3369 2844 emendationem
3418 2782 3830 2854 corruptissimi

2220 2858 2543 2931 exemplaris
2565 2859 2809 2929 proferre
2832 2858 3002 2929 potui.

1560 3134 1739 3247 DE
1825 3132 2249 3251 LIGNO
2323 3135 2764 3257 VlT/E.

522 3472 620 3530 Est
646 3472 793 3531 locus
820 3487 886 3528 ex
915 3472 1059 3528 omni
1085 3470 1317 3537 medius,
1350 3486 1509 3543 quem
1546 3470 1835 3538 cernimus,
1866 3472 2015 3538 orbe,

524 3564 793 3636 Golgotha
823 3561 996 3618 Judaai
1025 3560 1195 3633 patrio
1218 3562 1544 3633 cognomine
1574 3562 1795 3637 dicunt:

526 3654 623 3709 Hic
639 3668 743 3725 ego
775 3653 839 3707 de
860 3651 1023 3706 sterili
1052 3651 1317 3705 succisum
1348 3650 1543 3707 robore
1572 3650 1778 3724 lignum

527 3741 842 3805 Plantatum,
886 3739 1107 3794 memini
1135 3738 1348 3794 fructus
1377 3739 1631 3811 genuisse
1659 3739 1922 3793 salubres.

524 3828 645 3883 Non
679 3838 855 3881 tamen
884 3827 983 3882 hos
1022 3827 1144 3893 illis,
1177 3828 1271 3897 qui
1293 3843 1350 3883 se
1382 3841 1629 3898 posuere,
1654 3827 1867 3881 colonis

528 3915 764 3970 Praebuit
795 3933 809 3969 :
842 3914 1050 3969 externi
1079 3914 1280 3969 fructus
1296 3916 1530 3970 habuere
1551 3916 1756 3970 beatos.

524 4002 751 4059 Arboris
789 4004 904 4058 haec
934 4002 1143 4073 species
1165 4017 1269 4057 uno
1298 4003 1365 4058 de
1394 4003 1572 4073 stipite
1603 4002 1796 4078 surgit,

527 4092 598 4149 Et
624 4107 750 4148 mox
778 4088 833 4146 in
862 4089 1103 4166 geminos
1131 4091 1369 4157 extendit
1397 4091 1617 4148 brachia
1646 4107 1823 4148 ramos
1854 4109 1867 4146 :

528 4181 681 4238 Sicut
699 4182 860 4253 plena
874 4196 1067 4254 graves
1093 4187 1339 4237 antennae
1368 4182 1588 4237 carbasa
1618 4181 1866 4249 tendunt,

528 4272 624 4329 Vel
662 4287 784 4328 cum
808 4270 1090 4340 disjunctis
1114 4271 1246 4343 juga
1276 4278 1414 4327 stant
1433 4271 1499 4325 ad
1529 4278 1702 4328 aratra
1741 4271 2011 4343 juvencis,

526 4361 701 4429 Quem
732 4360 974 4418 tulithoc
1005 4361 1177 4431 primo
1206 4372 1417 4417 maturo
1448 4361 1650 4418 semine
1680 4363 1889 4432 lapsum

529 4450 783 4521 Concepit
811 4450 964 4505 tellus
989 4468 1002 4504 :
1037 4465 1160 4505 mox
1182 4450 1307 4507 hinc
1327 4450 1595 4521 (mirabile
1614 4452 1783 4523 dictu)

526 4539 708 4594 Tertia
736 4539 826 4594 lux
856 4538 1072 4606 iterum,
1106 4540 1260 4595 terris
1288 4540 1610 4612 superisque
1639 4540 1973 4597 tremendum

529 4628 808 4683 Extulerat
840 4644 1060 4696 ramum,
1096 4629 1239 4685 vitali
1266 4629 1423 4703 fruge
1441 4629 1655 4685 beatum

540 4716 646 4772 Sed
674 4716 759 4772 bis
785 4717 990 4773 vicenis
1019 4716 1260 4775 firmatus
1294 4724 1347 4773 et
1367 4720 1451 4774 ille
1479 4719 1671 4774 diebus

536 4808 717 4864 Crevit
745 4807 798 4861 in
828 4806 1173 4874 immensum,
1196 4808 1497 4881 coelumque
1527 4807 1807 4865 cacumine
1835 4824 2046 4865 summo

534 4897 797 4969 Contigit,
821 4907 875 4953 et
900 4897 1116 4953 tandem
1148 4906 1390 4953 sanctum
1420 4906 1577 4968 caput
1595 4898 1799 4955 abdidit
1825 4899 1957 4955 alto.

528 4988 672 5041 Dum
696 4995 870 5040 tamen
901 4986 1109 5059 ingenti
1147 4986 1394 5042 bissenos
1414 4988 1650 5058 pondere
1682 5004 1862 5045 ramos

532 5074 730 5139 Edidit,
753 5083 804 5130 et
833 5081 997 5128 totum
1030 5091 1291 5147 spargens
1333 5077 1566 5148 porrexit
1594 5078 1646 5131 iu
1678 5080 1897 5133 orbem:

532 5162 798 5219 Gentibus
833 5172 889 5217 ut
909 5164 1110 5219 cunctis
1140 5164 1335 5219 victum
1364 5166 1630 5239 vitamque
1658 5184 1950 5238 perennem

532 5254 860 5323 Prasberent,
892 5261 1226 5325 mortemque
1257 5256 1391 5311 mori
1420 5256 1511 5328 qui
1544 5273 1701 5329 posse
1723 5259 1993 5314 docerent.

531 5343 770 5415 Expletis
806 5343 964 5400 etiam
994 5360 1121 5401 mox
1149 5344 1550 5420 quinquagenta
1581 5348 1792 5417 diebus,

2153 3492 2196 3571 ε
2226 3473 2439 3530 Vertice
2468 3473 2536 3530 de
2567 3488 2775 3530 summo
2805 3471 2973 3531 divini
3002 3471 3229 3529 nectaris
3261 3471 3514 3526 haustum

2226 3561 2422 3619 Detulit
2450 3564 2505 3619 in
2533 3580 2733 3633 ramos,
2763 3562 3003 3620 ccelestis
3032 3561 3252 3632 spiritus
3281 3575 3423 3617 aurae
3448 3576 3462 3613 :

2224 3651 2377 3708 Dulci
2408 3668 2529 3709 rore
2559 3669 2753 3725 graves
2783 3653 3070 3708 manabant
3094 3650 3328 3722 undique
3357 3647 3580 3704 frondes
3609 3649 3689 3705 53.

2294 3742 2433 3799 Ecce
2462 3742 2561 3796 sub
2591 3741 2793 3816 ingenti
2823 3757 3094 3799 ramorum
3120 3739 3373 3812 tegminis
3401 3739 3594 3793 umbra

2227 3830 2366 3886 Fons
2390 3839 2505 3887 erat
2535 3849 2548 3885 :
2580 3831 2685 3898 hic,
2717 3831 2864 3887 nullo
2906 3847 3034 3889 casu
3067 3830 3328 3900 turbante,
3359 3843 3610 3894 serenus,

2224 3919 2522 3990 PerSpicuis
2550 3919 2731 3975 illimis
2760 3922 2939 3994 aquis,
2971 3929 3024 3978 et
3052 3921 3300 3991 gramina
3329 3917 3529 3975 circum

2223 4007 2536 4065 Fundebant
2565 4010 2714 4066 lzetos
2743 4011 2889 4068 vario
2906 4009 2976 4065 de
3004 4009 3137 4065 ﬂore
3164 4008 3391 4064 colores.

2227 4097 2381 4152 Hunc
2417 4098 2618 4154 circum
2647 4098 2945 4155 innumerae
2973 4104 3165 4169 gentes
3195 4096 3483 4167 populique
3508 4094 3763 4150 coibant.

2295 4186 2466 4256 Quam
2494 4188 2625 4245 varii
2653 4188 2889 4260 generis,
2921 4204 3098 4257 sexus,
3130 4187 3329 4249 zetatis,
3361 4186 3607 4249 honoris,

2226 4277 2485 4347 Innuptm,
2517 4282 2809 4347 nuptaeque
2838 4275 3011 4343 simul,
3044 4275 3345 4346 viduaeque,
3378 4288 3685 4345 nurusque,

2226 4365 2479 4433 Infantes,
2513 4366 2791 4438 puerique,
2824 4366 2943 4436 viri,
2974 4368 3329 4436 juvencsque,
3356 4365 3655 4435 senesque!

2226 4454 2324 4511 Hic
2353 4454 2444 4511 ubi
2473 4455 2781 4527 multigenis
2804 4455 2974 4511 ﬂexos
3002 4455 3311 4511 incumbere
3342 4453 3518 4526 pomis

2228 4540 2529 4600 Cernebant
2558 4561 2753 4610 ramos,
2785 4544 3064 4616 avidisque
3093 4543 3373 4618 adtingere
3398 4542 3599 4599 dextris

2229 4633 2567 4704 Gaudebant,
2603 4633 2845 4690 madidos
2873 4633 3081 4689 caelesti
3110 4644 3323 4689 nectare
3352 4632 3553 4689 fructus
3582 4649 3596 4686 :

2157 4724 2203 4801 Β
2234 4723 2344 4779 Nec
2374 4725 2521 4794 prius
2548 4724 2651 4779 hoc
2678 4730 2923 4793 poterant
2950 4722 3163 4793 cupidis
3184 4723 3470 4792 decerpere
3495 4720 3725 4793 palmis,

2230 4813 2405 4882 Quam
2431 4812 2688 4867 lutulenta
2718 4811 2817 4867 viae
2848 4810 3073 4882 vestigia
3102 4808 3244 4866 foeda
3275 4808 3468 4881 prioris

2231 4903 2566 4966 Detererent,
2600 4914 2904 4971 corpusque
2932 4899 3022 4971 pio
3051 4898 3119 4954 de
3149 4896 3298 4953 fonte
3327 4896 3586 4954 lavarent.

2228 4989 2373 5062 Ergo
2401 4989 2495 5045 diu
2524 4988 2723 5045 circum
2754 4989 3045 5059 spatiantes
3071 4987 3311 5059 gramine
3339 4986 3507 5052 molli,

2230 5078 2537 5150 Suscipiunt
2565 5078 2668 5133 alta
2697 5077 2993 5147 pendentes
3024 5078 3214 5132 arbore
3246 5076 3465 5131 fructus.

2230 5168 2365 5223 Tum
2394 5167 2439 5222 si
2470 5168 2589 5239 quis
2618 5183 2677 5223 ex
2706 5165 2809 5221 illis
2838 5167 3059 5239 delapsa
3089 5166 3361 5237 putamina
3387 5165 3569 5232 ramis,

2230 5259 2296 5314 Et
2322 5258 2525 5324 dulces,
2560 5257 2727 5313 multo
2758 5268 3000 5313 rorantes
3029 5266 3260 5325 nectare,
3293 5254 3509 5311 frondes

2231 5349 2549 5419 Vescuntur,
2581 5363 2736 5405 veros
2764 5353 3019 5418 ex0ptant
3047 5362 3263 5403 sumere
3289 5344 3513 5402 fructus.

1906 5515 2095 5581 Varia:
2142 5523 2448 5582 lectiones.

599 5653 890 5710 68Frontes
923 5650 1142 5711 Oberth.
1192 5674 1217 5685 -
