4050 6168
347 317 484 378 1173

409 445 559 517 Ergo
589 444 683 499 ubi
709 443 988 499 caelestem
1019 451 1278 514 ceperunt
1307 460 1401 501 ora
1438 463 1707 518 saporem,

338 533 650 588 Permutant
677 530 907 596 animos,
939 539 990 586 et
1037 539 1240 588 mentes
1271 533 1500 605 perdere
1528 551 1716 592 avaras

338 618 629 690 Incipiunt,
662 617 909 688 dulcique
939 619 1208 676 hominem
1245 636 1572 692 cognoscere
1601 641 1783 690 sensu,

338 707 615 763 lnsolitum
644 707 826 762 multis
855 709 1193 765 stomachum
1232 712 1473 768 movisse
1503 728 1752 785 saporem

340 797 605 867 Vidimus,
637 804 691 851 et
720 794 864 852 fellis
891 807 1218 854 commotum
1243 800 1403 856 melle
1433 817 1701 858 venenum

338 883 614 952 Rejecisse
641 884 814 940 bonos
843 886 1056 941 turbata
1090 895 1268 943 mente
1297 904 1518 960 sapores
1549 909 1563 946 :

339 973 448 1028 Aut
475 973 631 1030 avide
661 983 933 1046 sumptum
966 990 1073 1032 non
1102 977 1378 1044 dilexisse,
1419 978 1618 1050 diuque

342 1062 410 1116 Et
437 1063 574 1118 male
602 1072 845 1135 potatum
877 1066 1088 1122 tandem
1119 1066 1425 1122 evomuisse
1454 1085 1720 1140 saporem.

341 1151 496 1222 Saepe
525 1152 741 1223 quidem
771 1154 941 1223 multi,
965 1155 1235 1210 renovatis
1267 1156 1550 1224 mentibus,
1576 1172 1755 1232 aegros

343 1239 642 1294 Restituere
673 1239 880 1296 animos
912 1257 924 1293 :
959 1249 1010 1296 et
1030 1257 1150 1313 quae
1181 1256 1239 1296 se
1275 1256 1434 1312 posse
1465 1245 1752 1314 negabant,

344 1327 694 1393 Pertulerant,
739 1328 1081 1400 fructumque
1120 1329 1201 1383 sui
1232 1345 1428 1400 cepere
1459 1330 1680 1388 laboris.

341 1415 491 1472 Multi
518 1415 680 1472 etiam
711 1424 926 1474 sanctos
955 1418 1069 1473 ausi
1099 1418 1417 1489 contingere
1447 1419 1648 1493 fontes,

340 1503 656 1562 Discussere
686 1505 884 1562 iterum
913 1505 1110 1576 subito,
1144 1514 1400 1578 retroque
1421 1507 1644 1581 relapsi,

1375 319 1718 382 APPENDIX
1759 321 1825 380 ll.
1865 353 1937 366 —
1975 321 2059 381 DE
2097 323 2396 384 GENTIUM
2437 322 2583 384 DllS.

3495 329 3628 390 1174

1957 464 2003 542 Α
2035 451 2296 508 Sordibus
2334 460 2388 508 et
2416 465 2574 508 emno
2607 451 2750 507 misti
2777 454 3067 510 volvuntur
3092 453 3299 511 eodem.

2040 543 2193 600 Multi
2223 558 2351 599 vero
2380 543 2527 600 bono
2565 553 2839 614 portantes
2877 554 3116 615 pectore,
3152 545 3279 601 totis

2039 631 2330 705 Accipiunt
2355 631 2570 698 animis,
2603 633 2930 704 penitusque
2951 633 3004 687 in
3034 632 3237 690 viscera
3265 634 3520 692 condunt.

2039 723 2186 796 Ergo
2215 721 2306 795 qui
2343 736 2529 778 sacros
2566 731 2796 794 possunt
2821 721 3082 776 accedere
3115 721 3310 791 fontes,

2039 811 2278 883 Septima
2306 811 2396 868 lux
2426 811 2546 867 illos
2574 817 2785 883 aptatas
2814 811 2864 848 59
2893 811 3031 865 sistit
3056 813 3123 866 ad
3160 814 3355 881 undas,

2039 900 2292 973 Tingitet
2319 901 2374 954 in
2401 899 2616 974 liquidis
2640 902 2860 970 jejunos
2891 899 3127 955 fontibus
3157 911 3325 957 artus.

2043 991 2133 1046 Sic
2164 993 2375 1046 demum
2407 990 2647 1046 illuviem
2680 989 2890 1054 mentis,
2922 989 3150 1060 vittaque
3180 991 3377 1060 prioris

2043 1081 2332 1152 Deponunt
2364 1081 2538 1134 labem
2565 1099 2579 1147 ;
2614 1093 2886 1150 purasque
2916 1094 2945 1133 a
2975 1087 3146 1133 morte
3175 1079 3433 1135 reducunt

2041 1171 2284 1226 Illustres
2312 1168 2536 1234 animas,
2569 1167 2798 1238 coelique
2817 1167 2882 1220 ad
2907 1167 3068 1222 limen
3089 1167 3276 1223 ituras.

2040 1259 2176 1314 Hinc
2205 1257 2308 1312 iter
2337 1259 2404 1313 ad
2437 1273 2634 1327 ramos,
2658 1267 2710 1312 et
2740 1255 2914 1311 dulcia
2935 1272 3094 1327 poma
3126 1256 3310 1312 salutis
3334 1276 3349 1311 :

2043 1347 2172 1402 Inde
2198 1347 2304 1404 iter
2333 1347 2400 1401 ad
2419 1347 2612 1403 cadum
2641 1361 2738 1418 per
2766 1361 2945 1400 ramos
2974 1345 3180 1401 arboris
3209 1346 3347 1401 altae.

2042 1435 2155 1490 Hoc
2185 1436 2388 1508 lignum
2415 1435 2538 1494 vitm
2565 1443 2649 1492 est
2684 1433 2894 1492 cunctis
2922 1433 3296 1491 credentibus.
3331 1435 3527 1491 Amen.

1736 1651 1928 1714 Variae
1985 1652 2294 1713 lectiones.

406 1755 458 1792 69
485 1754 680 1826 Optata
741 1755 962 1813 Oberth.

1213 2118 1673 2238 APPEN
1687 2119 1920 2235 DIX

2047 2117 2729 2236 SECUNDA.

1467 2443 1953 2540 CANDIDO
2027 2445 2508 2539 LECTORI

919 2609 1306 2676 JOSEPHUS
1337 2610 1593 2678 MARIA
1632 2613 2060 2678 SUARESIUS
2105 2611 2677 2678 AVENIONENSIS
2707 2609 3103 2675 SALUTEM.

416 2868 452 2923 I
475 2867 512 2923 I
534 2868 638 2926 15
687 2870 923 2926 Candide
956 2872 1165 2928 Lector.
1202 2873 1350 2930 Patet
1377 2875 1510 2928 mihi
1542 2874 1708 2930 facilis
1763 2874 1936 2930 aditus

337 2959 403 3013 ad
455 2957 837 3014 bibliothecam
884 2960 1229 3027 Vaticanam,
1276 2963 1607 3034 benignitate
1654 2963 1937 3018 cardinalis

340 3045 664 3118 amplissimi
694 3047 963 3104 Francisci
1011 3049 1291 3104 Barberini
1329 3050 1740 3116 bibliothecarii,
1783 3060 1943 3122 atque

346 3134 656 3190 Maecenatis
697 3138 820 3202 mei,
872 3137 964 3209 qui
1003 3153 1127 3194 vere
1178 3137 1506 3195 bibliotheca
1545 3141 1732 3198 vivens
1760 3140 1941 3212 vocari

345 3232 571 3293 posset;
602 3231 654 3278 et
683 3224 1058 3281 benevolentia
1084 3225 1278 3282 Felicis
1325 3228 1622 3284 Contelorii
1675 3231 1938 3296 custodis,

346 3311 455 3368 viri
493 3312 732 3369 scientiis
780 3314 1035 3371 omnibus
1079 3315 1342 3372 instructi.
1391 3317 1504 3374 Illic
1532 3333 1636 3389 ego
1665 3319 1791 3374 dum
1823 3317 1940 3373 sin-

361 3400 488 3474 gula
515 3402 705 3474 lustro,
737 3402 901 3459 incidi
932 3413 1332 3475 peropportune
1360 3406 1414 3462 in
1448 3414 1815 3478 pervetustum
1843 3422 1940 3462 co-

353 3489 532 3546 dicem
561 3506 592 3546 e
619 3493 950 3557 membrana,
975 3495 1334 3566 perscriptum
1357 3495 1554 3551 litteris
1582 3497 1943 3567 Longobardi-

351 3577 454 3645 cis,
482 3578 573 3651 qui
603 3579 813 3652 praefert
849 3589 1056 3637 aetatem
1087 3592 1464 3640 sexcentorum
1504 3593 1596 3641 aut
1623 3585 1939 3657 septingen-

349 3674 527 3723 torum
576 3685 878 3739 annorum;
913 3687 1140 3744 cumque
1187 3673 1344 3729 Bedae
1392 3674 1714 3740 Chronicon,
1757 3683 1811 3730 et
1840 3675 1942 3730 alia

343 3773 468 3830 quae
513 3760 841 3826 continebat,
872 3761 1278 3831 percurrissem,
1326 3763 1382 3818 in
1429 3766 1574 3821 calce
1614 3764 1795 3821 inveni
1825 3763 1939 3818 fra-

343 3857 622 3922 gmentum
644 3849 904 3906 librorum
926 3850 1316 3908 Tertullianide
1336 3855 1678 3911 exsecrandis
1698 3853 1940 3926 gentium

342 3937 516 4007 Divis,
564 3941 725 4010 cujus
769 3939 940 3995 ultimi
988 3955 1176 3997 versus
1227 3941 1437 3998 fuerant
1483 3945 1642 4013 erasi,
1693 3957 1746 4001 et
1787 3945 1934 4018 quod

343 4027 398 4081 in
450 4027 598 4086 Jovis
653 4028 912 4085 elevanda
964 4028 1240 4086 divinitate
1288 4031 1461 4087 solum
1518 4033 1823 4089 insumitur.
1875 4034 1935 4088 Id

341 4129 446 4188 ego
493 4132 615 4173 cum
661 4117 824 4174 semel
872 4116 1176 4189 iterumque
1222 4119 1596 4190 perlegissem,
1630 4136 1694 4176 ac
1741 4121 1942 4176 deinde

2053 2872 2260 2930 1116
2289 2869 2938 2946 Apologetico,diversum
2973 2867 3190 2940 penitus
3211 2868 3389 2940 reperi
3418 2870 3638 2940 stylum,

2055 2970 2229 3017 tamen
2263 2977 2457 3032 purum
2495 2967 2686 3032 putum
2729 2959 3154 3016 Tertullianeum
3187 2967 3242 3014 et
3287 2973 3389 3031 ego
3424 2959 3641 3031 agnovi,

2052 3060 2104 3107 et
2133 3051 2309 3120 amici,
2342 3050 2539 3121 quibus
2583 3051 2814 3115 ostendi,
2848 3064 3036 3107 omnes
3083 3053 3496 3104 consenserunt.
3530 3048 3643 3103 Hoc

2051 3136 2236 3208 igitur,
2282 3138 2528 3208 quamvis
2566 3137 2930 3211 fragmentum
2957 3180 2970 3204 ,
3014 3135 3212 3192 diutius
3258 3137 3423 3193 latere
3469 3137 3639 3206 nolui,

2052 3233 2106 3281 et
2132 3242 2278 3284 nunc
2308 3226 2366 3282 in
2409 3241 2700 3284 commune
2731 3236 2787 3283 et
2831 3227 2886 3281 in
2917 3225 3196 3299 publicum
3237 3225 3424 3281 emitto
3454 3225 3641 3297 auSpi-

2049 3314 2152 3370 ciis
2180 3317 2381 3373 Urbani
2400 3316 2586 3374 Octavi
2617 3317 2770 3372 Pont.
2806 3333 2948 3371 max.
2979 3332 3087 3389 quo
3117 3315 3171 3370 in
3205 3315 3476 3370 Cathedra
3503 3314 3644 3370 Petri

2050 3404 2355 3464 felicissime
2401 3407 2651 3475 sedente,
2692 3423 2800 3463 non
2843 3407 3011 3462 Musae
3060 3414 3286 3470 tantum,
3336 3403 3644 3476 politiores-

2050 3512 2153 3568 que
2181 3496 2398 3568 litterae,
2431 3512 2492 3553 ac
2522 3495 2844 3568 disciplinm,
2867 3495 3041 3567 poetis
3069 3503 3122 3551 et
3141 3493 3416 3549 historicis
3443 3494 3645 3565 passim

2049 3586 2443 3642 exundantibus
2507 3593 2559 3641 et
2617 3584 3002 3641 exsudantibus
3066 3582 3216 3653 quasi
3272 3580 3484 3636 reddita
3551 3581 3642 3650 ju-

2050 3683 2264 3731 ventute
2313 3676 2684 3740 revirescunt;
2733 3689 2922 3730 verum
2981 3672 3140 3728 etiam
3187 3676 3492 3726 sanctorum
3538 3668 3638 3724 Pa-

2051 3773 2192 3821 trum
2219 3765 2472 3835 operibus
2497 3764 2734 3835 undique
2762 3761 3154 3835 prodeuntibus
3198 3759 3252 3813 in
3298 3759 3472 3815 lucem
3496 3795 3516 3827 ,
3546 3773 3642 3814 or-

2049 3855 2286 3912 thodoxa
2344 3853 2537 3927 religio
2583 3853 2780 3926 ubique
2822 3860 3084 3909 terrarum
3139 3857 3301 3921 caput
3353 3847 3546 3905 attollit
3585 3857 3640 3905 et

2050 3944 2369 4002 reflorescit.
2403 3945 2568 3998 Deum
2603 3957 2797 4014 precor
2826 3948 2885 3997 ut
2913 3941 3112 4013 ipsum,
3147 3936 3637 3994 etillustrissimum

2049 4033 2374 4090 cardinalem
2423 4033 2771 4088 Franciscum
2830 4029 3178 4085 Barberinum
3246 4026 3474 4083 Atlantis
3516 4026 3646 4081 tanti

2050 4121 2336 4176 Herculem
2367 4120 2435 4174 ad
2480 4121 2741 4175 Ecclesiae
2771 4134 2881 4174 suae
2920 4119 3090 4174 decus
3138 4115 3436 4172 diutissime
3465 4114 3644 4186 SOSpi-

345 4163 441 4188 -ην
494 4163 615 4173 η..-
662 4163 824 4174 --.ην-
873 4163 1175 4189 ..-.......,..-
1223 4163 1596 4190 νυ..ν,,.υ-ν...,
1630 4163 1694 4176 ..ν
1743 4163 1940 4176 ..νηηυ
2054 4163 2336 4176 ..ν.ν...ν...
2367 4163 2435 4174 ....
2481 4163 2740 4175 ..ννηυηυ
2771 4163 2881 4174 ww
2922 4163 3090 4174 -w..-
3140 4163 3434 4172 -.-η-νυ---
3465 4163 3615 4186 ---ιη

342 4213 544 4260 attente
591 4205 937 4261 contulissem
985 4221 1107 4261 cum
1158 4205 1240 4262 his
1284 4224 1404 4280 quae
1451 4210 1518 4264 de
1575 4209 1707 4264 Jove
1760 4210 1942 4266 scribit
1971 4163 2014 4239 θ
2051 4217 2158 4264 tem
2186 4224 2310 4263 esse
2347 4207 2500 4264 velit.
2542 4210 2644 4279 Tu,
2693 4209 2904 4272 Lector,
2945 4220 3268 4279 apprecare,
3301 4211 3355 4259 et
3400 4203 3503 4258 hoc
3530 4219 3648 4258 meo

344 4292 489 4349 idem
525 4294 891 4352 Tertullianus
932 4293 988 4350 in
1023 4293 1174 4350 libris
1207 4298 1471 4355 adversus
1504 4298 1776 4354 Nationes
1807 4308 1860 4354 et
1887 4297 1944 4353 in

2052 4297 2368 4353 munusculo
2399 4304 2584 4369 gratus
2621 4304 2794 4359 utere,
2835 4295 3040 4350 fruere.

1304 4555 1457 4647 EX
1551 4554 1902 4646 LlBRIS
1976 4552 2693 4644 TERTULLIANI

711 4745 905 4872 DE
1002 4737 2072 4874 EXSECRANDIS
2182 4737 2886 4870 GENTIUM
2985 4733 3298 4864 DIIS

549 4965 1305 5060 FRAGMENTUM
1387 4964 1838 5056 ERUTUM
1916 4965 1980 5054 E
2068 4961 2810 5053 BIBLIOTHECA
2875 4955 3455 5054 VATICANA,

1148 5131 1196 5194 A
1226 5128 1560 5194 JOSEPHO
1590 5127 1841 5191 MARIA
1886 5125 2270 5191 SUARESIO
2300 5125 2841 5190 AVENIONENSI.

428 5365 659 5420 Tantum
689 5366 944 5423 caacitatis
981 5365 1175 5424 invasit
1203 5380 1378 5437 genus
1412 5366 1728 5429 humanum,
1761 5370 1818 5418 ut
1847 5361 1952 5416 ini-

360 5453 559 5509 micum
587 5472 742 5510 suum
780 5456 1065 5512 Dominum
1107 5463 1314 5525 vocent,
1345 5464 1398 5510 et
1441 5453 1737 5508 ablatorem
1780 5454 1954 5508 bono-

361 5560 482 5598 rum
529 5543 664 5600 adeo
707 5545 949 5602 datorem
994 5544 1095 5600 sibi
1137 5561 1257 5602 esse
1307 5543 1622 5614 praedicent,
1674 5553 1832 5614 atque
1881 5541 1957 5596 illi

361 5631 569 5706 gratias
597 5642 801 5705 agant;
849 5643 1042 5692 vocant
1083 5648 1213 5708 ergo
1261 5633 1378 5692 illos
1413 5633 1722 5690 nominibus
1766 5633 1958 5688 huma-

2066 5362 2170 5432 nis,
2226 5377 2332 5419 non
2382 5364 2646 5436 prepriis,
2698 5362 2937 5419 nesciunt
2989 5363 3130 5416 enim
3179 5375 3363 5416 eorum
3419 5355 3655 5421 nomina,

2067 5453 2190 5524 quia
2237 5453 2344 5508 sint
2385 5453 2658 5510 dzemones
2702 5451 3042 5525 intelligunt;
3093 5449 3187 5504 sed
3236 5445 3486 5502 historias
3515 5452 3660 5500 vetc-

2070 5559 2187 5599 rum
2208 5557 2394 5614 regum
2423 5543 2627 5616 legunt,
2652 5558 2880 5615 quomm
2905 5549 3078 5595 actum
3101 5553 3222 5592 cum
3257 5535 3471 5591 videant
3499 5532 3661 5588 fuisse

2070 5632 2366 5696 mortalem,
2416 5632 2607 5690 deiﬁco
2644 5627 3011 5688 honoriﬁcam
3047 5641 3142 5682 eos
3177 5623 3406 5682 nomine.
3449 5625 3658 5690 Jovem,
