4050 6168
405 253 543 311 1175

1514 253 1601 312 AD
1640 253 1929 313 GENUINA
1968 252 2406 312 TERTULLIANI
2445 252 2659 312 OPERA

3555 252 3701 311 1176

402 395 566 453 quem
624 386 850 447 vocant,
900 394 1168 452 quemque
1231 387 1419 450 putant
1473 396 1737 435 summum
1803 381 1986 450 deum,
2026 395 2072 471 Α
2106 378 2318 445 ricidio,
2351 379 2420 432 de
2460 377 2757 445 adulteriis,
2798 377 2865 431 de
2911 376 3163 432 obscenis
3207 376 3434 439 actibus.
3474 376 3693 435 1117

404 469 617 541 quando
644 476 800 522 natus
830 478 928 532 est,
962 484 991 521 a
1020 468 1399 525 constitutione
1428 468 1614 523 mundi
1645 476 1795 523 erant
1822 469 1887 523 ad
1917 470 1990 523 il-

404 557 500 612 lud
530 564 745 627 tempus
777 556 901 610 anni
956 556 1122 612 ferme
1169 558 1268 612 tria
1315 557 1499 614 millia.
1538 557 1639 615 Hic
1683 557 1739 612 in
1779 558 1995 614 Graecia

407 643 643 698 nascitur
676 644 741 698 de
770 644 1002 699 Saturno
1047 654 1100 701 et
1129 644 1261 715 Ope.
1311 645 1375 699 Et
1412 662 1482 702 ne
1513 661 1543 700 a
1582 656 1729 716 patre
1774 644 1951 701 interii
1972 673 1997 689 ο

409 742 644 803 ccretur,
677 740 767 786 aut
796 732 842 787 si
871 732 952 787 fas
982 742 1065 788 est
1094 733 1291 805 dicere,
1324 735 1503 790 denuo
1536 741 1833 805 pareretur,
1868 736 2000 791 Cre-

410 833 515 877 tam
547 823 778 891 delatus,
807 823 1034 879 consilio
1064 825 1251 880 matris
1281 825 1335 878 in
1383 835 1535 879 antro
1568 826 1709 880 Idaeo
1740 827 1998 895 nutritur,

409 928 441 966 a
471 912 719 968 Cretibus
757 914 836 983 (1)
885 912 1192 967 hominibus
1242 913 1378 969 natis
1433 931 1580 969 arma
1628 915 2002 986 quatientibus

411 1000 736 1068 occultatur,
775 1016 949 1071 caprae
978 1004 1136 1055 ubera
1166 1003 1332 1074 sugit,
1364 1005 1521 1073 cujus
1551 1004 1831 1059 excoriatae
1860 1005 2001 1074 pelle

412 1090 638 1146 amictus
666 1090 852 1158 utitur,
884 1090 1109 1144 nutricis
1136 1107 1247 1145 sua:
1273 1091 1472 1146 scilicet
1508 1108 1537 1146 a
1567 1108 1625 1146 se
1654 1092 1950 1148 interfecta:
1986 1109 2000 1149 :

412 1180 507 1235 sed
554 1189 658 1233 tres
700 1178 977 1235 cincinnos
1022 1196 1214 1235 aureos
1260 1179 1309 1234 ei
1355 1181 1540 1245 assuit,
1591 1189 1802 1237 centum
1842 1184 2003 1237 boum

413 1267 656 1339 singulos
701 1267 935 1337 pretium
997 1268 1277 1335 valentes,
1336 1269 1469 1324 sicut
1515 1270 1758 1324 meminit
1815 1279 2005 1326 auctor

415 1372 601 1409 eorum
633 1357 915 1420 Homerus,
959 1356 1177 1413 credere
1209 1357 1254 1411 si
1302 1373 1520 1428 aequum
1560 1366 1658 1413 est.
1692 1358 1789 1414 Hic
1828 1358 2007 1413 adulta

418 1452 569 1499 aetate
615 1459 733 1499 cum
782 1452 931 1515 patre
962 1445 1113 1498 annis
1160 1445 1524 1517 compluribus
1570 1447 1766 1501 bellum
1811 1447 2004 1518 gessit,

417 1532 709 1604 superavit,
758 1532 1050 1603 parricidio
1080 1534 1302 1589 domum
1340 1535 1551 1597 invasit,
1588 1550 1801 1589 sorores
1830 1534 2005 1603 virgi-

417 1639 512 1677 nes
540 1623 820 1693 stupravit,
854 1639 1080 1693 quarum
1105 1638 1267 1677 unam
1299 1624 1351 1677 in
1383 1624 1654 1679 connubio
1694 1624 1876 1695 elegit,
1908 1638 2009 1693 pa-

409 1718 554 1765 trem
592 1711 758 1765 armis
799 1710 1003 1781 fugavit
1035 1728 1046 1765 :
1082 1722 1273 1765 caetera
1302 1720 1476 1767 autem
1509 1721 1659 1766 actus
1695 1712 1839 1765 illius
1866 1711 2003 1766 scri-
2042 1677 2085 1752 Β

419 1806 510 1868 pta
540 1806 683 1852 sunt.
718 1798 793 1850 Ex
825 1797 1106 1851 connubiis
1129 1797 1353 1865 alienis,
1387 1809 1476 1854 aut
1505 1800 1806 1871 virginibus
1837 1800 2007 1856 viola-

418 1886 508 1949 tis,
544 1884 681 1940 ﬁlios
711 1884 813 1939 sibi
843 1885 1117 1939 adulteros
1156 1888 1459 1957 generavit,
1505 1904 1702 1958 pueros
1732 1890 2001 1959 ingenuos

418 1971 766 2037 attaminavit,
814 1974 1090 2043 tyrannico
1136 1973 1415 2046 regalique
1462 1976 1690 2046 imperio
1738 1977 2010 2048 oppressit

420 2060 652 2133 pepulos
674 2060 932 2131 sinelege
969 2075 979 2110 :
1012 2062 1156 2116 hunc
1188 2070 1355 2130 pater,
1379 2080 1537 2133 quem
1559 2063 1820 2119 initialem
1850 2066 2009 2119 deum

420 2148 589 2202 fuisse
639 2148 927 2218 Opinantur
982 2161 1259 2220 errantes,
1309 2152 1471 2207 celeri
1528 2152 1581 2207 in
1634 2153 1807 2207 insula
1852 2155 2012 2208 Creta

418 2236 733 2309 ignoravit;
774 2234 918 2291 filius
963 2252 1194 2309 quoque,
1234 2254 1393 2308 quem
1442 2240 1799 2311 potentiorem
1848 2242 2009 2296 deum

422 2326 667 2391 credunt,
698 2323 943 2396 fugatum
972 2341 1003 2379 a
1030 2342 1089 2380 se
1121 2333 1323 2397 patrem
1348 2326 1517 2381 latere
1548 2328 1602 2381 in
1632 2328 1785 2383 Italia
1814 2330 2005 2386 nescit:

422 2414 468 2468 si
500 2422 615 2469 erat
642 2414 697 2467 in
728 2415 888 2478 coelo,
920 2430 1015 2468 cur
1042 2430 1152 2470 non
1186 2414 1396 2471 videbat
1426 2414 1555 2486 quid
1581 2416 1635 2470 in
1666 2417 1817 2472 Italia
1845 2434 2011 2489 gere-

424 2504 618 2558 retur?
646 2504 769 2559 Non
798 2503 941 2559 enim
980 2504 1033 2558 in
1081 2504 1280 2576 angulo
1310 2511 1391 2558 est
1435 2512 1575 2559 terra
1602 2505 1772 2563 Italia.
1821 2506 2012 2577 Quan-

424 2609 586 2664 quam
612 2591 657 2647 si
686 2592 871 2648 fuisset
898 2593 1051 2662 deus,
1100 2594 1265 2649 latere
1298 2610 1418 2649 eum
1451 2593 1581 2649 nihil
1608 2596 1837 2650 debebat
1871 2614 1883 2649 :
1928 2597 2013 2652 la-

424 2684 595 2739 tuisse
624 2691 804 2738 autem
835 2682 926 2747 ibi,
960 2699 1120 2753 quem
1162 2681 1273 2737 ltali
1301 2685 1590 2737 Saturnum
1619 2686 2012 2757 vocitaverunt,

420 2767 629 2841 liquido
668 2770 1019 2838 adprobatum
1067 2780 1171 2835 est,
1206 2786 1235 2823 a
1279 2771 1437 2839 cujus
1484 2771 1780 2827 latitatione
1829 2774 2015 2847 lingua

2106 471 2173 523 de
2202 468 2365 523 rebus
2394 483 2504 521 non
2543 483 2575 521 a
2604 468 2736 532 Deo,
2768 466 2861 521 sed
2893 467 2957 519 ab
2988 466 3296 521 hominibus
3326 465 3699 523 immundissi-

2102 558 2206 611 mis
2252 565 2303 611 et
2357 555 2822 611 truculentissimis
2878 544 3202 621 commissis,
3261 556 3355 625 qui
3411 556 3458 609 si
3512 564 3703 613 essent

2105 648 2159 702 in
2182 646 2263 701 his
2294 645 2646 717 temporibus,
2682 644 2931 700 omnibus
2962 644 3175 717 legibus
3206 644 3283 699 rei
3325 645 3700 714 subjacerent,

2105 752 2226 807 quae
2267 735 2433 789 multo
2460 734 2736 802 justiores,
2769 743 2824 789 et
2853 732 3176 801 severiores,
3207 749 3365 805 quam
3391 742 3542 789 actus
3572 735 3701 790 illo-

2107 842 2227 880 rum
2250 826 2277 878 ἱ)
2306 827 2513 879 Patrem
2560 823 2721 877 armis
2753 823 2986 894 pulsavit
3020 840 3031 878 :
3067 822 3149 877 lex
3178 821 3409 876 Falcidia
3438 830 3490 877 et
3539 824 3699 879 Sem-

2108 912 2296 985 pronia
2332 911 2652 983 parricidam
2685 912 2739 965 in
2768 912 2922 966 culeo
2952 928 3075 966 cum
3106 910 3232 965 feris
3262 910 3472 981 ligaret.
3509 915 3576 966 Et
3606 930 3704 967 so-

2110 1018 2260 1057 rores
2288 1004 2526 1072 c0rrupit
2558 1019 2570 1055 :
2605 1002 2686 1056 lex
2716 1000 2936 1071 Papinia
2979 1000 3229 1055 omnibus
3260 1001 3436 1071 poenis
3464 1019 3564 1072 per
3592 1004 3704 1057 sin—

2110 1091 2235 1163 gula
2286 1090 2524 1144 membra
2588 1091 2846 1161 probrum
2900 1090 3133 1159 puniret.
3195 1089 3476 1143 Connubia
3524 1089 3705 1145 aliena

2110 1179 2343 1233 invasit:
2379 1179 2465 1232 lex
2494 1178 2635 1232 Julia
2673 1177 2972 1231 adulterum
3026 1194 3184 1231 suum
3230 1178 3404 1247 capite
3435 1178 3699 1234 afﬁceret.

2110 1268 2313 1322 Pueros
2360 1268 2626 1339 ingenuos
2672 1266 3048 1321 attaminavit:
3094 1267 3179 1321 lex
3229 1266 3481 1322 Cornelia
3527 1277 3703 1322 trans-

2114 1356 2287 1427 gressi
2317 1355 2535 1412 foederis
2564 1356 2818 1410 amissum
2868 1356 3023 1411 novis
3069 1356 3328 1426 exemplis
3366 1356 3493 1412 novi
3527 1357 3708 1413 coitus

2116 1445 2439 1515 sacrilegum
2481 1445 2773 1501 damnaret.
2808 1444 2903 1500 Hic
2952 1460 3049 1499 nec
3078 1444 3419 1499 divinitatem
3448 1446 3706 1502 habuisse

2118 1534 2422 1589 ostenditur
2454 1550 2467 1590 :
2501 1542 2613 1588 erat
2659 1534 2802 1588 enim
2850 1534 3049 1604 homo;
3083 1533 3236 1589 latuit
3266 1549 3389 1589 eum
3434 1534 3561 1604 fuga
3613 1552 3709 1606 pa-

2120 1621 2233 1676 tris.
2276 1621 2412 1678 Huic
2450 1622 2540 1677 tali
2588 1622 2813 1689 homini,
2856 1630 2962 1677 tam
3011 1621 3244 1677 nefando
3275 1622 3409 1693 regi,
3461 1630 3569 1677 tam
3611 1625 3709 1679 ob-

2117 1726 2279 1766 sceno
2310 1718 2525 1782 tamque
2554 1710 2782 1777 crudeli,
2813 1712 2913 1765 Dei
2957 1710 3265 1783 assignatus
3303 1720 3385 1766 est
3416 1713 3587 1767 honos
3642 1712 3710 1766 ab

2115 1799 2443 1869 hominibus,
2490 1800 2582 1871 qui
2630 1799 2813 1870 utiqu
2870 1815 2991 1855 cum
3040 1800 3109 1855 sit
3137 1800 3191 1855 in
3246 1808 3392 1855 terra
3448 1812 3628 1872 natus,
3661 1811 3713 1856 et

2116 1905 2215 1960 per
2250 1888 2574 1944 incrementa
2621 1897 2837 1943 aetatum
2876 1886 3106 1957 adultus,
3138 1889 3191 1943 in
3236 1905 3342 1960 qua
3374 1890 3560 1945 omnia
3593 1892 3710 1945 haec

2118 1979 2257 2032 mala
2278 1977 2515 2044 admisit,
2549 1985 2601 2033 et
2647 1977 2809 2033 modo
2855 1993 2962 2033 non
3011 1978 3080 2031 sit
3111 1978 3166 2032 in
3196 1994 3278 2044 ea,
3331 1979 3460 2049 quid
3492 1988 3717 2051 putatus

2122 2065 2222 2120 nisi
2253 2075 2517 2132 mortuus,
2550 2077 2641 2122 aut
2686 2067 2927 2138 nunquid
2968 2074 3117 2138 putat
3157 2068 3355 2123 stultus
3400 2084 3553 2122 error
3582 2084 3716 2138 pen-

2121 2170 2219 2208 nas
2247 2154 2297 2209 ei
2326 2164 2478 2209 natas
2507 2155 2560 2209 in
2606 2164 2896 2221 senectute,
2930 2156 3071 2210 unde
3113 2156 3180 2209 ad
3215 2157 3412 2212 caalum
3461 2157 3716 2213 volaret?

2121 2242 2225 2297 Sed
2258 2252 2485 2314 possunt
2512 2251 2566 2297 et
2610 2245 2727 2298 hmc
2755 2244 2972 2298 credere
3018 2244 3193 2300 orbati
3231 2260 3390 2299 sensu
3441 2246 3713 2315 homines,

2124 2330 2169 2385 si
2200 2333 2377 2389 tamen
2407 2332 2635 2388 credunt
2660 2348 2783 2388 eum
2819 2332 2855 2386 I
2874 2331 3031 2388 118
3060 2350 3296 2404 cygnum
3337 2333 3538 2388 factum
3570 2350 3716 2396 esse,

2124 2430 2182 2474 ut
2208 2428 2493 2490 generaret
2534 2421 2824 2489 Castores;
2876 2430 2929 2477 et
2977 2423 3229 2493 aquilam,
3282 2431 3339 2476 ut
3375 2423 3721 2478 contamina-

2126 2518 2207 2563 ret
2237 2509 2637 2580 Ganymedem;
2672 2518 2725 2566 et
2763 2520 2993 2579 taurum,
3026 2522 3084 2566 ut
3130 2512 3352 2566 violaret
3402 2513 3718 2584 EurOpam;

2124 2614 2334 2663 aurum,
2368 2606 2425 2653 ut
2469 2599 2691 2655 violaret
2727 2601 2985 2669 Danaen;
3030 2610 3080 2655 et
3130 2617 3351 2671 equum,
3397 2611 3455 2656 ut
3484 2618 3720 2671 genera-

2125 2700 2205 2747 ret
2232 2692 2569 2760 Pirithoum;
2616 2692 2851 2763 hircum,
2889 2702 2947 2748 ut
2991 2705 3276 2766 generaret
3323 2695 3607 2768 Egyppam
3635 2697 3714 2765 (4)

2126 2778 2192 2834 de
2222 2794 2419 2849 capra;
2453 2790 2713 2852 satyrum,
2765 2790 2823 2836 ut
2868 2783 3197 2853 Opprimeret
3225 2783 3537 2854 AntiOpam.
3570 2785 3721 2845 Haec,

426 2859 684 2927 Hesperia
710 2857 902 2911 Latina
931 2859 1207 2913 nominata
1234 2869 1315 2913 est
1359 2876 1529 2930 usque
1566 2860 1621 2914 in
1653 2862 1969 2918 hodiernum
2005 2881 2018 2921 :
2052 2850 2094 2928 Β
2124 2869 2214 2939 qui
2244 2871 2504 2925 adulteria
2534 2850 2794 2941 spectant,
2835 2850 2920 2926 ad
2944 2850 3064 2943 quae
3108 2874 3267 2944 proni
3320 2850 3442 2927 sunt
3471 2884 3724 2944 peccato-

429 2946 571 3000 sicut
618 2945 777 3001 etiam
822 2954 1006 3001 auctor
1043 2962 1228 3001 eorum
1280 2947 1538 3022 Virgilius
1586 2950 1834 3006 meminit
1877 2951 1957 3023 (2)
2000 2970 2011 3006 :

434 3048 566 3105 ergo
594 3032 648 3086 in
679 3039 818 3087 terra
850 3042 1139 3105 generatus
1165 3034 1375 3101 dicitur,
1409 3036 1535 3092 dum
1563 3046 1615 3092 et
1645 3055 1714 3095 ne
1739 3040 1807 3093 ab
1836 3056 1901 3095 eo
1931 3056 2019 3095 re-

430 3137 543 3193 gno
570 3120 801 3193 pellatur
830 3122 996 3190 timet,
1028 3133 1082 3178 et
1121 3132 1372 3195 tanquam
1401 3127 1651 3182 aemulum
1682 3130 1875 3199 quaerit
1914 3145 2017 3183 ne-

427 3224 571 3277 care,
606 3217 659 3265 ct
694 3212 1013 3283 subreptum
1043 3212 1213 3268 nescit
1260 3214 1445 3284 latere,
1480 3225 1534 3269 et
1571 3226 1759 3287 postea
1790 3219 1925 3272 deus
1951 3217 2019 3271 ﬁ-

432 3297 533 3353 lius
576 3306 785 3370 patrem
824 3300 1187 3372 prosequitur,
1236 3302 1541 3358 interficere
1569 3305 1762 3374 quaerit
1793 3306 2021 3361 immor-

430 3387 553 3443 talis
586 3388 939 3444 immortalem
983 3390 1146 3461 (credi
1177 3391 1396 3461 potest),
1438 3399 1490 3445 et
1536 3391 1815 3447 intervallo
1847 3392 2021 3465 pelagi

434 3477 657 3546 fallitur,
691 3484 744 3531 et
771 3476 971 3548 fugisse
994 3478 1222 3549 ignorat,
1256 3486 1307 3533 et
1334 3494 1454 3533 cum
1478 3480 1594 3534 htee
1622 3489 1912 3551 agerentur
1941 3484 2021 3536 in-

435 3574 513 3620 ter
540 3567 677 3620 duos
704 3566 837 3621 deos
866 3566 920 3619 in
950 3566 1106 3620 terris
1131 3607 1145 3632 ,
1177 3568 1374 3621 ccelum
1412 3568 1686 3623 desertum
1717 3579 1821 3624 est.
1852 3573 2022 3627 Nemo

434 3654 842 3708 administrabat
874 3654 1096 3723 pluvias,
1150 3671 1310 3710 nemo
1350 3658 1585 3723 tonabat,
1629 3674 1788 3714 nemo
1817 3660 2022 3729 guber-

435 3742 596 3795 nabat
626 3748 827 3794 tantam
856 3742 1049 3796 molem
1079 3742 1241 3798 orbis.
1275 3744 1385 3799 Nec
1414 3744 1556 3798 enim
1585 3758 1810 3816 possunt
1837 3749 2021 3804 dicere

435 3836 617 3881 actum
650 3828 861 3881 illorum
880 3837 931 3882 et
959 3828 1096 3881 bella
1127 3829 1181 3882 in
1210 3832 1347 3885 coeio
1375 3846 1491 3885 esse
1523 3831 1659 3889 facta
1689 3852 1702 3887 :
1736 3835 1853 3889 haec
1880 3837 2023 3892 enim

436 3915 493 3969 in
523 3921 703 3971 monte
741 3914 971 3985 Olympo
1018 3916 1235 3983 fiebant,
1270 3918 1322 3971 in
1369 3920 1577 3975 Graecia
1610 3941 1622 3976 :
1656 3924 1748 3978 sed
1780 3940 1876 3981 nec
1906 3942 2019 3983 ca:-

436 4002 548 4056 lum
579 4003 863 4074 Olympum
895 4004 974 4076 (3)
1004 4016 1245 4072 vocatur,
1294 4008 1491 4064 coelum
1520 4012 1663 4066 enim
1692 4014 1890 4069 ecelum
1921 4026 2021 4073 est.

435 4091 514 4147 De
540 4092 733 4164 quibus
763 4109 893 4167 ergo
925 4094 1133 4149 actibus
1162 4110 1348 4150 eorum
1380 4098 1615 4169 primum
1655 4105 2024 4175 tractabimus,

434 4180 503 4237 de
532 4181 825 4249 nativitate,
858 4182 925 4237 de
966 4182 1282 4251 latitatione,
1332 4187 1398 4242 de
1425 4187 1748 4260 ignorantia,
1802 4194 1868 4249 de
1905 4212 2031 4267 par-

2128 2975 2237 3025 res,
2268 2959 2387 3013 ideo
2431 2958 2586 3015 facile
2623 2961 2884 3029 credunt,
2936 2970 2993 3015 ut
3039 2960 3302 3015 malefacti
3348 2961 3725 3016 auctoritatem

2127 3056 2180 3103 et
2208 3048 2381 3103 omnis
2400 3048 2671 3118 spurcitia:
2691 3051 2759 3103 de
2788 3048 2912 3105 ficto
2940 3049 3044 3105 deo
3083 3058 3415 3105 mutuentur.
3448 3051 3595 3105 Num
3624 3066 3724 3107 ae-

2130 3147 2262 3200 tera,
2295 3153 2416 3208 quae
2473 3138 2616 3192 credi
2672 3146 2900 3206 possunt
2956 3146 3105 3194 actus
3135 3138 3298 3205 illius,
3330 3155 3450 3208 quae
3496 3148 3554 3193 et
3592 3156 3725 3194 vera

2128 3233 2274 3289 sunt,
2316 3240 2545 3296 qumque
2591 3226 2706 3279 sine
2740 3225 3208 3300 transﬁgurationc
3248 3243 3369 3281 eum
3398 3227 3554 3281 aiunt
3597 3246 3724 3301 ges—

2128 3313 2284 3382 sisse,
2338 3330 2497 3384 quam
2562 3315 2667 3369 sint
2711 3314 3071 3385 inemendata,
3123 3316 3599 3371 animadvertunt?
3648 3318 3726 3371 Ex

2130 3400 2337 3456 Semele
2381 3412 2603 3475 generat
2648 3402 2923 3469 Liberum,
2957 3420 3017 3459 ex
3062 3405 3261 3461 Latona
3310 3404 3619 3475 Apollinem
3672 3414 3729 3460 et

2127 3491 2370 3557 Dianam,
2405 3507 2469 3545 ex
2514 3491 2653 3545 Maia
2698 3492 3042 3563 Mercurium,
3090 3509 3157 3547 ex
3209 3494 3462 3548 Alcmena
3508 3494 3727 3549 Hercu—

2131 3578 2256 3632 lem.
2283 3581 2353 3633 At
2397 3587 2616 3635 caeteras
2671 3581 2789 3649 ejus
2844 3581 3194 3652 corruptelas,
3254 3597 3386 3653 quas
3428 3581 3535 3653 ipsi
3560 3582 3732 3637 conﬁ-

2133 3677 2331 3736 tentur,
2364 3668 2490 3723 nolo
2521 3671 2862 3726 conscribere
2884 3714 2897 3739 ,
2928 3686 2995 3725 ne
3023 3687 3213 3726 rursus
3242 3671 3460 3726 foeditas
3485 3674 3603 3739 jam
3633 3687 3728 3727 εει

2132 3756 2282 3827 pulta
2335 3756 2550 3811 auribus
2618 3766 2907 3813 renovetur
2954 3773 2969 3814 :
3020 3758 3115 3812 sed
3174 3760 3359 3813 horum
3426 3774 3730 3829 paucorum

2132 3843 2451 3900 mentionem
2498 3844 2620 3913 feci,
2654 3862 2791 3915 quos
2831 3846 2960 3900 deos
2988 3856 3041 3900 et
3086 3845 3233 3917 ipsos
3264 3846 3492 3900 credunt
3538 3864 3732 3902 errano

2134 3940 2232 4003 tes,
2274 3932 2477 3988 scilicet
2503 3934 2570 3987 de
2599 3934 2806 3989 incesto
2838 3943 2985 4005 patre
3012 3944 3323 4005 generatos,
3366 3936 3729 4001 adulterinos,

2134 4022 2522 4093 supposititios,
2554 4030 2607 4077 et
2654 4023 2823 4077 Deum
2853 4025 3140 4089 viventem,
3185 4034 3465 4091 internum,
3518 4025 3730 4096 sempi-

2138 4111 2277 4164 terni
2308 4110 2539 4166 numinis
2567 4111 2665 4182 (ὃ),
2700 4111 2979 4179 praescium
3010 4111 3340 4180 futurorum,
3374 4112 3730 4178 immensum,

2142 4198 2335 4254 talibus
2364 4216 2483 4255 cum
2515 4200 2761 4255 nefandis
2788 4199 3103 4256 criminibus
3132 4200 3485 4257 diffuderunt.

1782 4346 1785 4349 ’
1824 4338 2317 4409 Commentarius.

504 4466 582 4605 ét)
619 4466 890 4524 Cretibus.
922 4467 1081 4522 Forte
1116 4469 1426 4526 Curetibus.
1459 4470 1629 4525 Suan.

528 4537 609 4605 2).
667 4577 682 4592 .
737 4576 754 4592 .
808 4577 825 4595 .
880 4579 894 4593 .
947 4581 957 4592 .
1012 4580 1026 4595 .
1082 4581 1095 4595 .
1157 4541 1524 4605 .Latiumque
1553 4557 1629 4597 νο‹

528 4537 635 4611 2)._
667 4577 693 4611 ._
737 4576 825 4611 .7._
880 4579 894 4593 .
947 4581 957 4592 .
1012 4580 1049 4611 ,ί
1082 4581 1095 4595 .
1157 4584 1166 4594 .
1206 4541 1524 4611 Latiumque
1553 4542 1730 4597 vocari

537 4608 747 4679 Maluit,
776 4608 859 4663 his
888 4610 1141 4677 quoniam
1171 4611 1410 4665 latuisset
1436 4608 1581 4666 tutus
1611 4614 1665 4666 in
1695 4615 1824 4670 oris.

891 4682 1105 4738 Ainet'd.
1140 4681 1176 4736 Ι.
1219 4697 1338 4752 vui,
1372 4700 1421 4738 v.
1454 4686 1558 4737 322
1585 4688 1642 4740 et
1673 4689 1796 4740 323.

2205 4478 2282 4550 (3)
2316 4479 2826 4552 OlympumLForte
2862 4480 3143 4552 Olympus.
3177 4480 3348 4552 SUAa.

2203 4553 2279 4621 (4)
2310 4551 2610 4623 Egyppam.
2638 4551 2795 4605 Forte
2827 4551 3119 4623 zEgt'pana.
3163 4551 3331 4607 SUAn.

2206 4624 2282 4689 (ὃ)
2315 4622 2659 4694 sempiterni
2670 4622 2955 4677 numinis.
2972 4624 3131 4677 Forte
3146 4624 3332 4691 ﬁlium
3352 4622 3525 4679 deest.
3551 4623 3736 4680 Susa.

2135 4693 2250 4747 Imo
2278 4693 2459 4765 petius
2492 4694 2624 4749 nihil
2649 4694 2842 4749 deesse
2866 4694 3094 4749 videtur.
3128 4695 3266 4749 Enn.
