4050 6168
292 275 433 376 1177

1281 326 1617 389 APPENDIX
1662 331 1754 391 lli.
1793 365 1868 376 —
1902 335 2304 398 FRAGMENTA
2341 338 2581 400 GRAECA

3448 349 3585 408 1178

294 445 3584 486 Mm

295 461 3587 502 Ἥ

1251 611 1962 734 APPENDIX
2059 621 2614 742 TERTIA.

601 958 1250 1057 GR/ECORUM
1324 969 1773 1064 OPERUM
1831 976 2498 1072 FRAGMENTA
2569 983 2708 1073 ET
2779 983 3270 1078 NOTULIE

1130 1155 1291 1222 CUM
1329 1159 2007 1232 ADNOTATIONIBUS
2037 1169 2296 1238 JACOBI
2337 1173 2684 1237 PAMELII.

508 1447 1018 1516 APOLOGETICI
1048 1451 1458 1519 ADVERSUS
1488 1455 1786 1522 CENTES
1827 1461 1984 1526 PRO
2011 1459 2503 1536 CHRISTIANIS
2533 1471 2827 1556 CRZECI,
2858 1474 3372 1558 FRAGMENTA,

1177 1607 1248 1648 ex
1273 1592 1507 1652 Eusebio
1535 1593 1875 1670 Czcsariensi,
1915 1618 2038 1659 curn
2079 1606 2421 1664 translatione
2462 1610 2676 1680 triplici.

1086 1905 1592 1955 PREFATIUNCULA
1632 1911 1694 1955 IN
1735 1912 2094 1964 FRAGMENTA
2131 1920 2342 1968 GRAECA
2381 1923 2795 1972 APOLEGETICI.

357 2033 674 2091 Tertulliani
733 2039 1150 2113 Apologeticum
1213 2045 1477 2102 adversus
1522 2056 1756 2120 gentes,
1807 2051 1882 2106 uti

283 2124 740 2193 paraphrastica'is
787 2129 946 2184 vertit
991 2130 1238 2198 Ruﬁnus,
1272 2133 1386 2189 sive
1415 2150 1514 2205 pro
1542 2136 1879 2205 Christianis,

286 2209 366 2264 uti
393 2211 462 2264 ad
491 2213 716 2269 verbum
746 2229 811 2268 ex
843 2217 1039 2274 Graeco
1069 2221 1457 2278 transtulerunt
1485 2223 1880 2296 ChristOphor-

286 2314 456 2356 sonus
497 2303 642 2373 apud
697 2304 1019 2374 Eusebium,
1070 2317 1124 2363 et
1163 2309 1401 2381 Langius
1453 2310 1509 2365 in
1553 2313 1877 2383 Nicephoro,

283 2390 472 2446 Latine
500 2393 860 2463 conscriptum
889 2396 1077 2462 fuisse,
1100 2398 1196 2452 sed
1218 2400 1271 2454 in
1293 2399 1545 2456 Graecum
1576 2418 1879 2459 sermonem

288 2481 606 2535 translatum
655 2481 872 2538 disertis
918 2485 1100 2541 verbis
1138 2487 1404 2544 Eusebius
1452 2496 1506 2544 et
1546 2489 1881 2561 Nicephorus

286 2569 556 2628 afﬁrmant
588 2589 599 2628 :
632 2587 700 2652 an
729 2587 858 2628 vero
888 2573 956 2627 ab
1004 2580 1224 2630 auctore
1255 2575 1396 2646 ipso,
1447 2593 1516 2630 an
1555 2579 1658 2634 alio
1687 2580 1880 2650 quovis

284 2655 484 2714 factum
516 2659 604 2728 sit,
647 2675 754 2716 non
783 2661 916 2716 satis
949 2661 1047 2733 (1),
1080 2678 1384 2735 quanquam
1406 2665 1571 2736 priori
1599 2668 1880 2723 sententiae

1991 2058 2164 2132 magis
2208 2059 2419 2129 faveat,
2477 2063 2621 2133 quod
2679 2063 2839 2119 etiam
2886 2064 3027 2119 alios
3094 2064 3356 2135 quosdam
3417 2065 3586 2121 libros

1990 2147 2171 2204 Latine
2199 2156 2253 2204 et
2280 2148 2469 2206 Graece
2500 2152 2902 2223 conscripserit.
2933 2151 3052 2222 Quo
3081 2152 3140 2209 fit
3169 2161 3224 2208 ut
3254 2170 3433 2225 Operae
3454 2169 3580 2226 pre-

1993 2238 2123 2293 tium
2144 2240 2407 2306 duxerim,
2431 2241 2716 2310 separatim
2744 2242 3046 2317 fragmenta
3069 2242 3259 2299 Graeca
3278 2243 3584 2314 publicare;

1989 2341 2163 2397 eaque
2190 2328 2255 2382 ad
2278 2329 2537 2397 majorem
2567 2329 2894 2386 intellectum
2924 2347 3050 2387 cum
3085 2331 3334 2388 versione
3363 2330 3584 2402 triplici,

1988 2415 2211 2470 Eusebii
2237 2417 2456 2486 quidem
2486 2417 2841 2487 interpretum
2865 2419 3117 2485 duorum,
3142 2418 3319 2474 Rufini
3348 2429 3402 2475 et
3428 2420 3586 2476 Chri-

1986 2504 2366 2575 st0phorsoni;
2417 2504 2710 2576 Nicephori
2766 2521 2935 2572 vero,
2987 2508 3080 2579 qui
3122 2508 3188 2563 ad
3248 2509 3474 2567 verbum
3519 2525 3584 2565 ex

1987 2591 2080 2648 illo
2101 2593 2216 2650 haec
2245 2593 2548 2664 descripsit,
2591 2594 2802 2666 Langii.
2836 2597 2972 2652 Pw.

362 2883 442 2954 (1)
470 2887 634 2941 Forte
664 2882 855 2956 liquet.
877 2882 1020 2938 Enn.

1645 2781 2145 2848 Commentarius.

1919 2990 1962 3045 Ι.

361 3105 439 3160 Ex
469 3105 810 3178 Apologetici
839 3122 961 3178 cap.
998 3111 1086 3174 11,
1110 3108 1261 3178 juxta
1295 3109 1586 3164 Eusebium
1621 3110 1784 3178 (Hist.
1820 3111 2026 3168 Eccles.
2061 3109 2152 3166 lib.
2189 3109 2272 3179 ιιι)
2296 3116 2348 3162 τι
2385 3107 2747 3179 Nicephorum
2781 3106 2881 3179 (lib
2917 3123 2998 3177 ιιι,
3034 3124 3083 3164 c.
3119 3112 3227 3180 t7).

352 3207 527 3255 Καίτοι
554 3208 828 3272 εὑρήκαμεν
857 3208 942 3257 καὶ
976 3207 1062 3266 τήν
1099 3209 1163 3264 εἰς
1207 3211 1334 3270 ἡμᾶς
1363 3209 1641 3267 ἐπιζήτησιν
1669 3211 1887 3258 κεκωλυ-

291 3286 462 3348 μένην.
494 3288 687 3344 Πλίνιος
714 3289 807 3352 γὰρ
834 3289 860 3336 ὁ
891 3289 1154 3345 σεκοῦνδος
1199 3289 1467 3351 ἡγούμενος
1505 3296 1589 3348 τῆς
1637 3290 1884 3354 ἐπαρχίας,

287 3367 586 3430 κατακρίνας
615 3369 934 3431 Χριστιανούς
963 3385 1114 3426 τινας,
1137 3369 1224 3417 καὶ
1252 3375 1336 3428 τῆς
1369 3366 1534 3425 Ἀσίας
1556 3369 1792 3429 ἐκϐαλὼν,
1809 3386 1892 3417 τα-

291 3450 487 3511 ραχθεὶς
515 3450 584 3512 τῷ
611 3451 798 3512 πλήθει,
827 3452 1001 3514 ἠπορει
1030 3451 1076 3498 τί
1105 3451 1238 3513 αὐτῷ
1275 3450 1347 3508 εἴη
1374 3451 1888 3515 πρακτέονηΤραῑανῷ

292 3526 384 3576 οὖν
414 3529 484 3590 τῷ
520 3529 710 3590 βασιλεῖ
736 3530 1318 3591 ἀνεκαινώσατο,λέγων,
1351 3528 1441 3585 ἔξω
1471 3535 1558 3579 τοῦ
1590 3531 1654 3592 μή
1686 3531 1888 3593 βούλεσ-

291 3610 374 3657 Θαι
404 3601 578 3666 αὖτοὺς
607 3611 997 3676 εἰδωλολατρεῖν,
1016 3611 1158 3661 οὐδὲν
1185 3610 1386 3659 ἀνόσιον
1419 3611 1467 3659 ἐν
1497 3611 1663 3668 αὐτοῖς
1691 3611 1889 3675 εὑρηκέ-

712 3768 926 3810 RUFINI.

365 3847 807 3905 Persecutionem
849 3865 979 3906 vero
1019 3847 1356 3904 extrinsecus

293 3919 508 3992 pondus
534 3921 766 3992 urgebat
806 3920 1117 3986 Ecclesiam,
1151 3930 1204 3976 et
1243 3929 1354 3974 tam

293 3991 566 4063 immense
593 3991 840 4063 catervae
886 3999 1181 4062 martyrum
1211 4007 1355 4063 quo-

294 4061 852 4134 tidiejngulabantur,
895 4071 958 4120 ut
1001 4061 1202 4119 Plinius
1231 4061 1356 4134 ise-

290 4133 529 4207 cundus,
551 4133 646 4206 qui
670 4141 792 4207 tunc
823 4134 1155 4207 provinciam
1186 4133 1355 4187 admi-

292 4203 585 4270 nistrabat,
621 4203 960 4262 multitudine
995 4207 1356 4274 interempto-

292 4291 416 4330 rum
445 4285 742 4346 permotus,
774 4278 997 4334 referret
1025 4277 1092 4330 ad
1120 4278 1356 4345 impera-

293 4353 491 4422 torem,
528 4348 1036 4422 _quod“jnnumera
1081 4349 1357 4422 hominum

292 4417 463 4472 millia
521 4417 754 4492 "19'
804 4420 1048 4489 quotidie
1082 4421 1354 4492 “obtrun-

291 4497 582 4562 carentur,
646 4491 712 4562 in
744 4561 747 4562 ν
779 4492 976 4562 quibus
1023 4491 1165 4562 nihil
1233 4505 1356 4544 om-

293 4560 426 4614 nino
466 4561 687 4617 sceleris
721 4560 1216 4618 deprehenderetur
1254 4562 1357 4616 ad-

293 4579 426 4614 nino
466 4579 687 4617 sceleris
721 4579 787 4616 ne
833 4579 1216 4618 renennerctur
1254 4579 1357 4616 an-

291 4630 561 4704 missum,
604 4640 711 4704 aut
761 4579 964 4704 ariquid
1027 4634 1358 4704 contrarium

293 4701 553 4775 humanis
602 4703 814 4774 legibus
851 4701 1092 4775 gestum,
1123 4703 1226 4759 nisi
1258 4705 1359 4759 hoc

291 4772 496 4846 solum,
542 4772 687 4844 quod
735 4772 1080 4831 antelucanos
1127 4775 1360 4846 hymnos

294 4842 514 4897 Christo
563 4842 792 4900 wcuidam
866 4856 1120 4902 canerent
1166 4842 1287 4902 Deo
1343 4863 1355 4902 :

289 4913 568 4986 adulteria,
609 4932 757 4981 vero,
797 4917 881 4972 vel
922 4928 1118 4973 caetera
1165 4919 1359 4986 hujus-

286 4984 719 5057 modi_crimina
755 4989 898 5057 apud
945 5003 1042 5043 eos
1069 4999 1128 5043 ut
1176 4984 1361 5044 illicita

289 5054 508 5123 haberi,
558 5064 612 5110 et
658 5054 870 5128 penitus
918 5061 1128 5128 arceri;
1169 5070 1362 5116 czetera

289 5142 425 5183 vero
483 5129 784 5203 secundum
847 5131 996 5203 leges
1054 5146 1149 5185 eos
1200 5146 1360 5203 agere

285 5214 633 5272 communes.
676 5202 758 5256 Ad
787 5202 922 5272 quze’
955 5210 1075 5258 tunc
1103 5202 1362 5270 Trajanus

290 5270 542 5340 rescripti
598 5273 682 5325 sui
745 5270 1058 5328 authoritate
1121 5272 1362 5327 decernit

291 5347 360 5395 ut
411 5342 700 5416 Christiani
741 5344 960 5416 quidem
1019 5343 1359 5416 n_on_requi-

291 5420 514 5485 rantur;
570 5413 616 5468 si
660 5413 773 5485 qui'
818 5424 998 5471 tamen
1055 5413 1357 5478 inciderint,

289 5482 610 5554 puniantur.
645 5482 747 5558 Per
783 5487 927 5558 quod
971 5503 1036 5541 ex
1064 5495 1216 5558 parte
1252 5486 1356 5541 ali-

288 5569 412 5625 qua
433 5556 832 5633 persecutionis
860 5556 1104 5616 sedatum
1129 5557 1358 5629 putaba-

288 5636 392 5682 tur
429 5626 770 5684 incendium.

1998 3227 2094 3257 ναι.
2134 3206 2370 3270 Ἐμήνευε
2403 3207 2454 3256 δὲ
2489 3211 2652 3264 τοῦτο,
2685 3205 2972 3255 ἀνίστασθαι
3013 3209 3160 3257 ἕωθεν
3199 3209 3312 3264 τοὺς
3356 3207 3588 3272 Χριστια-

1997 3288 2128 3348 νοὺς,
2154 3288 2237 3336 καὶ
2266 3287 2351 3336 τὸν
2383 3287 2593 3344 Χριστὸν
2628 3288 2755 3335 Θεοῦ
2785 3287 2922 3344 δίκην
2951 3287 3114 3349 ὑμεῖν,
3143 3288 3226 3335 καὶ
3255 3288 3375 3352 πρὸς
3407 3288 3464 3336 τό
3498 3289 3585 3345 τήν

1998 3369 2269 3432 ἐπιστήμην
2293 3368 2454 3416 αὐτῶν
2483 3366 2853 3430 διαφυλάσσειν,
2882 3367 3154 3416 κωλύεσθαι
3202 3368 3442 3430 φονεύειν,
3476 3385 3586 3430 μοι·

1995 3447 2176 3510 χεύειν,
2205 3448 2539 3507 πλεονεκτεῖν,
2568 3446 2831 3511 ἐξαπατᾴν,
2865 3447 2948 3494 καὶ
2975 3447 3039 3494 τὰ
3066 3447 3231 3508 ὅμοια.
3263 3447 3394 3511 Πρὸς
3431 3452 3589 3496 ταῦτα
3639 3458 3643 3460 ’

1997 3529 2242 3592 ἀνέγραψε
2279 3527 2540 3592 Τραϊανὸς,
2570 3527 2626 3575 τὸ
2654 3531 2752 3574 τῶν
2799 3526 3108 3591 Χριστιανῶν
3155 3529 3302 3590 φῦλον
3335 3528 3399 3590 μή
3443 3527 3586 3590 ἐκζῃ-

1994 3610 2185 3657 τεῖσθαι
2216 3609 2322 3671 μὲν,
2355 3607 2568 3670 ἐμπεσὸν
2599 3607 2652 3656 δὲ
2679 3607 2983 3664 κολάζεσθαι.

1679 3763 2218 3807 CHRISTOPHORSONI.
2952 3761 3161 3802 LANGII.

1491 3849 1655 3920 Atqui
1729 3845 2482 3920 invenimus,inquisitionem
2597 3845 2778 3920 Atqui,
2838 3845 3588 3920 invenimusinquisitionem

1419 3917 1633 3991 quoque
1667 3922 1716 3974 in
1751 3936 1852 3975 nos
1890 3917 2234 3989 prohibitam.
2277 3917 2482 3991 Plinius
2525 3917 2739 3990 quoque
2767 3917 2821 3972 in
2850 3934 2950 3991 nos
2993 3917 3340 3988 prohibitam.
3385 3919 3589 3991 Plinius

1422 3989 1564 4045 enini
1623 3992 1924 4054 Secundus,
1976 4006 2096 4045 cum
2149 3989 2482 4059 provinciam
2525 3989 2669 4043 enim
2715 3990 3028 4056 Secundus,
3079 4004 3204 4044 cum
3256 3990 3588 4059 provinciam

1421 4068 1652 4131 regeret,
1677 4062 1942 4114 damnatis
1961 4061 2282 4131 quibusdam
2303 4060 2482 4131 Chris-
2526 4061 3090 4130 regeret,quibusdam
3112 4061 3429 4116 Christianis
3449 4062 3594 4116 dam-

1420 4129 1600 4198 tia'nis,
1655 4129 1994 4202 quibusdamf
2047 4131 2225 4202 gradu
2288 4129 2479 4202 pulsis,
2526 4129 2682 4194 natis,
2718 4129 3232 4202 quibusdamgradu
3254 4131 3442 4198 pulsis,
3477 4131 3592 4200 ipsa

1420 4202 1537 4273 ipsa
1568 4192 1783 4256 tandem
1829 4192 2170 4257 multitudine
2202 4192 2482 4271 perturba;
2527 4192 2752 4273 tamen.
2787 4192 3130 4256 multitudiﬁe
3205 4192 3587 4273 perturbatus,

1421 4270 1526 4338 tus,
1569 4283 1620 4328 et
1649 4273 1776 4343 quid
1808 4275 1872 4328 de
1902 4283 2098 4343 cretero
2138 4270 2325 4342 ageret
2354 4285 2483 4343 nes-
2524 4270 2655 4340 quid
2699 4271 3010 4343 dekczetero
3061 4270 3269 4343 ageret,
3317 4271 3591 4326 consuluit

1421 4343 1557 4412 cius,
1588 4339 1857 4398 consuluit
1895 4351 2021 4397 tunc
2059 4339 2351 4412 Trajanum
2381 4341 2480 4412 im—
2525 4349 2681 4412 ιιιιιοΔ
2711 4409 2737 4412 _
2765 4341 3056 4412 Trajauum
3105 4339 3108 4340 ⁷
3165 4339 3544 4410 imperatorem
3572 4385 3586 4408 ,

1423 4408 1744 4485 peratorem,
1775 4415 2018 4485 allegans
2071 4408 2265 4485 praeter
2301 4411 2478 4485 obsti-
2529 4408 2755 4485 II20
2791 4411 3060 4485 allegans,
3106 4408 3302 4485 praeter
3351 4413 3589 4485 obstina-

1424 4481 1692 4540 nationem
1725 4501 1829 4540 non
1867 4481 2222 4551 sacriﬁcandi,
2263 4481 2392 4553 nihil
2422 4497 2480 4534 se
2525 4482 2725 4538 tionem
2759 4496 2865 4536 non
2892 4481 3247 4553 sacriﬁcandi,
3281 4483 3415 4538 nihil
3445 4485 3589 4540 aliud

1424 4557 1668 4613 scelerati
1690 4558 1755 4611 de
1776 4559 1854 4612 eis
1875 4557 2162 4627 reperisse.
2199 4551 2482 4608 lnsinnans
2524 4569 2584 4608 se
2641 4555 2707 4608 de
2761 4554 2928 4609 sacris
2987 4568 3173 4627 eorum
3230 4551 3585 4627 Comperisse,

1421 4643 1634 4700 quoque
1681 4635 1736 4683 et
1790 4623 1992 4682 illud':
2051 4640 2272 4702 surgere
2322 4630 2484 4702 atque
2525 4637 2896 4702 quam__ca:_tus
2928 4623 3269 4702 antelucanos
3299 4623 3374 4702 ad
3396 4623 3589 4683 canen-

1424 4695 1712 4756 éonvenire
1766 4713 1980 4754 summo
2023 4714 2178 4752 mane
2217 4695 2482 4751 Christia-
2527 4695 2657 4753 dum
2687 4697 2912 4752 Christo
2932 4704 2988 4751 ut
3019 4696 3155 4765 Deo,
3196 4706 3250 4752 et
3278 4699 3345 4752 ad
3367 4714 3587 4754 conser-

1424 4787 1546 4840 nos,
1590 4781 1643 4827 et
1691 4770 1964 4826 Christum
2012 4776 2262 4840 tanquam
2312 4768 2484 4820 Deum
2525 4769 2753 4840 vendam
2803 4767 3145 4840 disciplinam
3206 4769 3584 4840 homicidium,

1425 4838 1754 4900 carminibus
1793 4841 2045 4908 laudare;
2087 4838 2138 4894 et
2167 4839 2232 4892 ad
2263 4852 2484 4910 conser-
2525 4839 2868 4904 adulterium,
2914 4839 3180 4910 fraudem.
3226 4838 3506 4910 perﬁdiam
3536 4850 3590 4895 et

1423 4916 1649 4970 vandam
1679 4928 1871 4968 eorum
1908 4911 2271 4982 disciplinam,
2316 4908 2486 4962 homi-
2526 4920 2718 4982 czetera
2739 4910 3104 4982 prohibentes.
3129 4908 3278 4966 Tunc
3299 4913 3584 4980 Traianus,

1425 4985 1647 5054 cidium,
1681 4980 2488 5054 adulteriumft‘raudern,per—
2528 4981 2803 5054 rescripsit
2836 4998 2847 5037 :
2882 4983 2987 5038 hoc
3024 4996 3199 5054 genus
3238 4983 3588 5054 inquirendos

1426 5055 1606 5131 ﬁdium
1634 5050 1913 5131 et_cw_tera
1944 5053 2146 5131 scelera
2174 5050 2482 5131 prohibere.
2526 5050 2743 5131 quidem
2775 5067 2884 5107 non
2911 5050 3049 5120 esse,
3085 5051 3298 5112 oblatos
3316 5050 3452 5112 ’γει-ο
3479 5071 3587 5127 pu-

1426 5127 1506 5181 Ad
1536 5142 1657 5197 quae
1685 5126 1946 5197 Trajanus
1976 5122 2252 5193 rescripsit
2285 5139 2297 5174 :
2333 5122 2487 5197 Chri-
2530 5122 2633 5178 niri
2668 5132 2938 5196 oportere.

1426 5193 1631 5252 stianos
1662 5193 2014 5268 inquirendos
2035 5209 2142 5249 non
2161 5209 2297 5259 esse,
2332 5193 2484 5248 obla-
2705 5193 2722 5196 ⁷
2937 5218 2950 5224 -

1426 5276 1510 5324 tos
1549 5276 1724 5323 autem
1739 5266 1749 5268 ἡ
1763 5266 2086 5338 puniendos.
