  <div class='ocr_page' id='page_1' title='image "/cluster/home/n/w/nwhite01/storage/ocr_20150623/2/hvd.32044096580329/595.png"; bbox 0 0 4062 6178; ppageno 0'>
   <div class='ocr_carea' id='block_1_1' title="bbox 511 341 648 404">
    <p class='ocr_par' dir='ltr' id='par_1_1' title="bbox 511 341 648 404">
     <span class='ocr_line' id='line_1_1' title="bbox 511 341 648 404; baseline 0.029 -4"><span class='ocrx_word' id='word_1_1' title='bbox 511 341 648 404; x_wconf 82' lang='grc'>1179</span> 
     </span>
    </p>
   </div>
   <div class='ocr_carea' id='block_1_2' title="bbox 1571 348 2718 414">
    <p class='ocr_par' dir='ltr' id='par_1_2' title="bbox 1571 348 2718 414">
     <span class='ocr_line' id='line_1_2' title="bbox 1571 348 2718 414; baseline -0.003 -3"><span class='ocrx_word' id='word_1_2' title='bbox 1571 353 1659 411; x_wconf 83' lang='lat' dir='ltr'>AD</span> <span class='ocrx_word' id='word_1_3' title='bbox 1696 352 1984 414; x_wconf 80' lang='lat' dir='ltr'>GENUINA</span> <span class='ocrx_word' id='word_1_4' title='bbox 2023 350 2462 412; x_wconf 81' lang='lat' dir='ltr'>TERTULLIANI</span> <span class='ocrx_word' id='word_1_5' title='bbox 2500 348 2718 410; x_wconf 74' lang='lat' dir='ltr'><strong>OPERA</strong></span> 
     </span>
    </p>
   </div>
   <div class='ocr_carea' id='block_1_3' title="bbox 2134 611 2200 666">
    <p class='ocr_par' dir='ltr' id='par_1_3' title="bbox 2134 611 2200 666">
     <span class='ocr_line' id='line_1_3' title="bbox 2134 611 2200 666; baseline 0.015 -1"><span class='ocrx_word' id='word_1_6' title='bbox 2134 611 2200 666; x_wconf 87' lang='lat' dir='ltr'>ll.</span> 
     </span>
    </p>
   </div>
   <div class='ocr_carea' id='block_1_4' title="bbox 3657 341 3798 400">
    <p class='ocr_par' dir='ltr' id='par_1_4' title="bbox 3657 341 3798 400">
     <span class='ocr_line' id='line_1_4' title="bbox 3657 341 3798 400; baseline 0.014 -2"><span class='ocrx_word' id='word_1_7' title='bbox 3657 341 3798 400; x_wconf 85' lang='lat' dir='ltr'>H80</span> 
     </span>
    </p>
   </div>
   <div class='ocr_carea' id='block_1_5' title="bbox 576 753 3437 835">
    <p class='ocr_par' dir='ltr' id='par_1_5' title="bbox 576 753 3437 835">
     <span class='ocr_line' id='line_1_5' title="bbox 576 753 3437 835; baseline -0.002 -21"><span class='ocrx_word' id='word_1_8' title='bbox 576 760 654 814; x_wconf 86' lang='lat' dir='ltr'>Ex</span> <span class='ocrx_word' id='word_1_9' title='bbox 683 761 1016 834; x_wconf 70' lang='lat' dir='ltr'>Apologetici</span> <span class='ocrx_word' id='word_1_10' title='bbox 1039 777 1158 834; x_wconf 89' lang='lat' dir='ltr'>cap.</span> <span class='ocrx_word' id='word_1_11' title='bbox 1193 763 1256 831; x_wconf 90' lang='lat' dir='ltr'>V,</span> <span class='ocrx_word' id='word_1_12' title='bbox 1283 761 1435 835; x_wconf 84' lang='lat' dir='ltr'>juxta</span> <span class='ocrx_word' id='word_1_13' title='bbox 1467 763 1766 820; x_wconf 89' lang='lat' dir='ltr'>Eusebium</span> <span class='ocrx_word' id='word_1_14' title='bbox 1814 765 1979 834; x_wconf 79' lang='lat' dir='ltr'>(Hist.</span> <span class='ocrx_word' id='word_1_15' title='bbox 2026 762 2228 819; x_wconf 83' lang='lat' dir='ltr'>Eccles.</span> <span class='ocrx_word' id='word_1_16' title='bbox 2261 760 2356 815; x_wconf 90' lang='lat' dir='ltr'>lib.</span> <span class='ocrx_word' id='word_1_17' title='bbox 2387 759 2455 830; x_wconf 87' lang='lat' dir='ltr'>II)</span> <span class='ocrx_word' id='word_1_18' title='bbox 2485 768 2538 814; x_wconf 91' lang='lat' dir='ltr'>et</span> <span class='ocrx_word' id='word_1_19' title='bbox 2557 758 2919 829; x_wconf 85' lang='lat' dir='ltr'>Nicephorum</span> <span class='ocrx_word' id='word_1_20' title='bbox 2951 754 3070 826; x_wconf 92' lang='lat' dir='ltr'>(lib.</span> <span class='ocrx_word' id='word_1_21' title='bbox 3107 755 3174 824; x_wconf 89' lang='lat' dir='ltr'>Il,</span> <span class='ocrx_word' id='word_1_22' title='bbox 3197 767 3317 824; x_wconf 89' lang='lat' dir='ltr'>cap.</span> <span class='ocrx_word' id='word_1_23' title='bbox 3362 753 3437 822; x_wconf 89' lang='lat'>8).</span> 
     </span>
    </p>
   </div>
   <div class='ocr_carea' id='block_1_6' title="bbox 565 910 2094 980">
    <p class='ocr_par' dir='ltr' id='par_1_6' title="bbox 565 910 2094 980">
     <span class='ocr_line' id='line_1_6' title="bbox 565 910 2094 980; baseline 0.001 -21"><span class='ocrx_word' id='word_1_24' title='bbox 565 910 674 960; x_wconf 79' lang='grc' dir='ltr'>Ἵνα</span> <span class='ocrx_word' id='word_1_25' title='bbox 704 914 756 961; x_wconf 82' lang='grc' dir='ltr'>δὲ</span> <span class='ocrx_word' id='word_1_26' title='bbox 785 914 867 962; x_wconf 86' lang='grc' dir='ltr'>καὶ</span> <span class='ocrx_word' id='word_1_27' title='bbox 897 915 950 962; x_wconf 83' lang='grc' dir='ltr'>ἐκ</span> <span class='ocrx_word' id='word_1_28' title='bbox 979 921 1062 973; x_wconf 80' lang='grc' dir='ltr'>τῆς</span> <span class='ocrx_word' id='word_1_29' title='bbox 1087 917 1326 977; x_wconf 88' lang='grc' dir='ltr'>γενέσεως</span> <span class='ocrx_word' id='word_1_30' title='bbox 1357 917 1686 980; x_wconf 76' lang='grc' dir='ltr'>δῖαλεχῡῶμεν</span> <span class='ocrx_word' id='word_1_31' title='bbox 1730 920 1828 963; x_wconf 85' lang='grc' dir='ltr'>τῶν</span> <span class='ocrx_word' id='word_1_32' title='bbox 1858 914 2094 964; x_wconf 81' lang='grc' dir='ltr'>τοιούτων</span> 
     </span>
    </p>
   </div>
   <div class='ocr_carea' id='block_1_7' title="bbox 505 994 2093 1059">
    <p class='ocr_par' dir='ltr' id='par_1_7' title="bbox 505 994 2093 1059">
     <span class='ocr_line' id='line_1_7' title="bbox 505 994 2093 1059; baseline 0.003 -21"><span class='ocrx_word' id='word_1_33' title='bbox 505 994 687 1052; x_wconf 87' lang='grc' dir='ltr'>νόμων·</span> <span class='ocrx_word' id='word_1_34' title='bbox 719 995 926 1042; x_wconf 84' lang='grc' dir='ltr'>παλαιὸν</span> <span class='ocrx_word' id='word_1_35' title='bbox 957 994 1016 1054; x_wconf 81' lang='grc' dir='ltr'>ἦν</span> <span class='ocrx_word' id='word_1_36' title='bbox 1048 996 1220 1058; x_wconf 84' lang='grc' dir='ltr'>δόγμα,</span> <span class='ocrx_word' id='word_1_37' title='bbox 1251 997 1437 1058; x_wconf 79' lang='grc' dir='ltr'>μηδένα</span> <span class='ocrx_word' id='word_1_38' title='bbox 1465 998 1572 1046; x_wconf 81' lang='grc' dir='ltr'>θεὸν</span> <span class='ocrx_word' id='word_1_39' title='bbox 1606 997 1702 1046; x_wconf 79' lang='grc' dir='ltr'>ὑπὸ</span> <span class='ocrx_word' id='word_1_40' title='bbox 1737 997 1973 1059; x_wconf 74' lang='grc' dir='ltr'>βασιλέως</span> <span class='ocrx_word' id='word_1_41' title='bbox 2000 1011 2093 1042; x_wconf 81' lang='grc' dir='ltr'>κα-</span> 
     </span>
    </p>
   </div>
   <div class='ocr_carea' id='block_1_8' title="bbox 502 1071 2097 1139">
    <p class='ocr_par' dir='ltr' id='par_1_8' title="bbox 502 1071 2097 1139">
     <span class='ocr_line' id='line_1_8' title="bbox 502 1071 2097 1139; baseline 0.004 -23"><span class='ocrx_word' id='word_1_42' title='bbox 502 1071 794 1134; x_wconf 79' lang='grc' dir='ltr'>Θιεροῦσθαι,</span> <span class='ocrx_word' id='word_1_43' title='bbox 815 1075 926 1136; x_wconf 82' lang='grc' dir='ltr'>πρὶν</span> <span class='ocrx_word' id='word_1_44' title='bbox 957 1073 1052 1122; x_wconf 76' lang='grc' dir='ltr'>ὑπό</span> <span class='ocrx_word' id='word_1_45' title='bbox 1082 1082 1164 1134; x_wconf 80' lang='grc' dir='ltr'>τῆς</span> <span class='ocrx_word' id='word_1_46' title='bbox 1195 1077 1471 1138; x_wconf 71' lang='grc' dir='ltr'>συγκλήτου</span> <span class='ocrx_word' id='word_1_47' title='bbox 1499 1078 1869 1139; x_wconf 73' lang='grc' dir='ltr'>δοκιμασθῆναι.</span> <span class='ocrx_word' id='word_1_48' title='bbox 1901 1076 2097 1138; x_wconf 83' lang='grc' dir='ltr'>Μάρκος</span> 
     </span>
    </p>
   </div>
   <div class='ocr_carea' id='block_1_9' title="bbox 503 1147 2093 1216">
    <p class='ocr_par' dir='ltr' id='par_1_9' title="bbox 503 1147 2093 1216">
     <span class='ocr_line' id='line_1_9' title="bbox 503 1147 2093 1216; baseline 0.003 -20"><span class='ocrx_word' id='word_1_49' title='bbox 503 1147 731 1209; x_wconf 75' lang='grc' dir='ltr'>Αἰμύλιος</span> <span class='ocrx_word' id='word_1_50' title='bbox 761 1151 916 1208; x_wconf 77' lang='grc' dir='ltr'>οὕτως</span> <span class='ocrx_word' id='word_1_51' title='bbox 943 1153 1055 1216; x_wconf 90' lang='grc' dir='ltr'>περὶ</span> <span class='ocrx_word' id='word_1_52' title='bbox 1079 1171 1209 1210; x_wconf 86' lang='grc' dir='ltr'>τινος</span> <span class='ocrx_word' id='word_1_53' title='bbox 1246 1155 1448 1204; x_wconf 80' lang='grc' dir='ltr'>εἰδώλου</span> <span class='ocrx_word' id='word_1_54' title='bbox 1476 1155 1743 1214; x_wconf 89' lang='grc' dir='ltr'>πεποίηκεν</span> <span class='ocrx_word' id='word_1_55' title='bbox 1784 1151 2093 1216; x_wconf 73' lang='grc' dir='ltr'>Ἀλϐούρνου⁸</span> 
     </span>
    </p>
   </div>
   <div class='ocr_carea' id='block_1_10' title="bbox 503 1230 2096 1298">
    <p class='ocr_par' dir='ltr' id='par_1_10' title="bbox 503 1230 2096 1298">
     <span class='ocr_line' id='line_1_10' title="bbox 503 1230 2096 1298; baseline 0.004 -23"><span class='ocrx_word' id='word_1_56' title='bbox 503 1230 585 1276; x_wconf 86' lang='grc' dir='ltr'>καὶ</span> <span class='ocrx_word' id='word_1_57' title='bbox 611 1234 757 1279; x_wconf 80' lang='grc' dir='ltr'>τοῦτο</span> <span class='ocrx_word' id='word_1_58' title='bbox 785 1231 908 1297; x_wconf 80' lang='grc' dir='ltr'>ὑπὲρ</span> <span class='ocrx_word' id='word_1_59' title='bbox 937 1239 1024 1282; x_wconf 82' lang='grc' dir='ltr'>τοῦ</span> <span class='ocrx_word' id='word_1_60' title='bbox 1055 1234 1199 1296; x_wconf 88' lang='grc' dir='ltr'>λόγου</span> <span class='ocrx_word' id='word_1_61' title='bbox 1232 1238 1369 1298; x_wconf 81' lang='grc' dir='ltr'>ἡμῶν</span> <span class='ocrx_word' id='word_1_62' title='bbox 1405 1236 1684 1294; x_wconf 85' lang='grc' dir='ltr'>πεποίηται,</span> <span class='ocrx_word' id='word_1_63' title='bbox 1736 1236 1809 1283; x_wconf 84' lang='grc' dir='ltr'>ὃτι</span> <span class='ocrx_word' id='word_1_64' title='bbox 1838 1235 1952 1298; x_wconf 81' lang='grc' dir='ltr'>παρ’</span> <span class='ocrx_word' id='word_1_65' title='bbox 1982 1237 2096 1296; x_wconf 75' lang='grc' dir='ltr'>ὑμῖν</span> 
     </span>
    </p>
   </div>
   <div class='ocr_carea' id='block_1_11' title="bbox 503 1308 2101 1379">
    <p class='ocr_par' dir='ltr' id='par_1_11' title="bbox 503 1308 2101 1379">
     <span class='ocr_line' id='line_1_11' title="bbox 503 1308 2101 1379; baseline 0.003 -23"><span class='ocrx_word' id='word_1_66' title='bbox 503 1308 780 1373; x_wconf 71' lang='grc' dir='ltr'>ἀνθρωπεία</span> <span class='ocrx_word' id='word_1_67' title='bbox 809 1311 983 1374; x_wconf 81' lang='grc' dir='ltr'>δοκιμῇ</span> <span class='ocrx_word' id='word_1_68' title='bbox 1013 1315 1042 1370; x_wconf 84' lang='grc' dir='ltr'>ἡ</span> <span class='ocrx_word' id='word_1_69' title='bbox 1072 1315 1236 1373; x_wconf 81' lang='grc' dir='ltr'>θεότης</span> <span class='ocrx_word' id='word_1_70' title='bbox 1267 1316 1469 1364; x_wconf 84' lang='grc' dir='ltr'>δίδοται·</span> <span class='ocrx_word' id='word_1_71' title='bbox 1503 1315 1586 1363; x_wconf 79' lang='grc' dir='ltr'>ἐὰν</span> <span class='ocrx_word' id='word_1_72' title='bbox 1619 1314 1679 1377; x_wconf 91' lang='grc' dir='ltr'>μό</span> <span class='ocrx_word' id='word_1_73' title='bbox 1709 1315 1967 1379; x_wconf 77' lang='grc' dir='ltr'>ἀνθρώπῳ,</span> <span class='ocrx_word' id='word_1_74' title='bbox 1996 1314 2101 1369; x_wconf 83' lang='grc' dir='ltr'>Θεὸς</span> 
     </span>
    </p>
   </div>
   <div class='ocr_carea' id='block_1_12' title="bbox 501 1387 2099 1461">
    <p class='ocr_par' dir='ltr' id='par_1_12' title="bbox 501 1387 2099 1461">
     <span class='ocr_line' id='line_1_12' title="bbox 501 1387 2099 1461; baseline 0.002 -23"><span class='ocrx_word' id='word_1_75' title='bbox 501 1387 580 1450; x_wconf 82' lang='grc' dir='ltr'>(οὑ</span> <span class='ocrx_word' id='word_1_76' title='bbox 605 1389 805 1452; x_wconf 85' lang='grc' dir='ltr'>γίνεται)</span> <span class='ocrx_word' id='word_1_77' title='bbox 825 1392 914 1441; x_wconf 82' lang='grc' dir='ltr'>οὐκ</span> <span class='ocrx_word' id='word_1_78' title='bbox 945 1393 1099 1442; x_wconf 80' lang='grc' dir='ltr'>ἔσται’</span> <span class='ocrx_word' id='word_1_79' title='bbox 1123 1395 1277 1452; x_wconf 83' lang='grc' dir='ltr'>οὕτως</span> <span class='ocrx_word' id='word_1_80' title='bbox 1305 1396 1433 1444; x_wconf 88' lang='grc' dir='ltr'>κατὰ</span> <span class='ocrx_word' id='word_1_81' title='bbox 1460 1413 1516 1458; x_wconf 86' lang='grc' dir='ltr'>γε</span> <span class='ocrx_word' id='word_1_82' title='bbox 1545 1401 1692 1446; x_wconf 81' lang='grc' dir='ltr'>τοῦτο</span> <span class='ocrx_word' id='word_1_83' title='bbox 1713 1395 1964 1461; x_wconf 76' lang='grc' dir='ltr'>ἄνθρωπον</span> <span class='ocrx_word' id='word_1_84' title='bbox 1990 1395 2099 1456; x_wconf 84' lang='grc' dir='ltr'>Θεῷ</span> 
     </span>
    </p>
   </div>
   <div class='ocr_carea' id='block_1_13' title="bbox 926 1539 1136 1582">
    <p class='ocr_par' dir='ltr' id='par_1_13' title="bbox 926 1539 1136 1582">
     <span class='ocr_line' id='line_1_13' title="bbox 926 1539 1136 1582; baseline 0.01 -2"><span class='ocrx_word' id='word_1_85' title='bbox 926 1539 1114 1582; x_wconf 71' lang='lat' dir='ltr'>RUFINI</span> <span class='ocrx_word' id='word_1_86' title='bbox 1124 1568 1136 1582; x_wconf 87' lang='lat'>.</span> 
     </span>
    </p>
   </div>
   <div class='ocr_carea' id='block_1_14' title="bbox 575 1618 1560 1696">
    <p class='ocr_par' dir='ltr' id='par_1_14' title="bbox 575 1618 1560 1696">
     <span class='ocr_line' id='line_1_14' title="bbox 575 1618 1560 1696; baseline 0.006 -23"><span class='ocrx_word' id='word_1_87' title='bbox 575 1618 646 1674; x_wconf 92' lang='lat' dir='ltr'>Ut</span> <span class='ocrx_word' id='word_1_88' title='bbox 699 1619 767 1696; x_wconf 86' lang='lat' dir='ltr'>de</span> <span class='ocrx_word' id='word_1_89' title='bbox 803 1621 1012 1696; x_wconf 78' lang='lat' dir='ltr'>origine</span> <span class='ocrx_word' id='word_1_90' title='bbox 1051 1623 1250 1696; x_wconf 89' lang='lat' dir='ltr'>aliquid</span> <span class='ocrx_word' id='word_1_91' title='bbox 1297 1627 1560 1681; x_wconf 84' lang='lat' dir='ltr'>retracte-</span> 
     </span>
    </p>
   </div>
   <div class='ocr_carea' id='block_1_15' title="bbox 507 1691 1561 1764">
    <p class='ocr_par' dir='ltr' id='par_1_15' title="bbox 507 1691 1561 1764">
     <span class='ocr_line' id='line_1_15' title="bbox 507 1691 1561 1764; baseline 0.007 -21"><span class='ocrx_word' id='word_1_92' title='bbox 507 1705 626 1764; x_wconf 84' lang='lat' dir='ltr'>mus</span> <span class='ocrx_word' id='word_1_93' title='bbox 672 1691 938 1759; x_wconf 84' lang='lat' dir='ltr'>ejusmodi</span> <span class='ocrx_word' id='word_1_94' title='bbox 983 1691 1161 1764; x_wconf 80' lang='lat' dir='ltr'>legum</span> <span class='ocrx_word' id='word_1_95' title='bbox 1189 1737 1201 1759; x_wconf 92' lang='lat'>,</span> <span class='ocrx_word' id='word_1_96' title='bbox 1252 1707 1407 1752; x_wconf 91' lang='lat' dir='ltr'>vetus</span> <span class='ocrx_word' id='word_1_97' title='bbox 1449 1703 1561 1750; x_wconf 89' lang='lat' dir='ltr'>erat</span> 
     </span>
    </p>
   </div>
   <div class='ocr_carea' id='block_1_16' title="bbox 505 1761 1561 1837">
    <p class='ocr_par' dir='ltr' id='par_1_16' title="bbox 505 1761 1561 1837">
     <span class='ocr_line' id='line_1_16' title="bbox 505 1761 1561 1837; baseline 0.007 -24"><span class='ocrx_word' id='word_1_98' title='bbox 505 1761 796 1826; x_wconf 88' lang='lat' dir='ltr'>decretum,</span> <span class='ocrx_word' id='word_1_99' title='bbox 827 1779 894 1818; x_wconf 89' lang='lat' dir='ltr'>ne</span> <span class='ocrx_word' id='word_1_100' title='bbox 938 1761 1058 1833; x_wconf 81' lang='lat' dir='ltr'>quis</span> <span class='ocrx_word' id='word_1_101' title='bbox 1095 1766 1228 1837; x_wconf 85' lang='lat' dir='ltr'>deus</span> <span class='ocrx_word' id='word_1_102' title='bbox 1274 1768 1344 1820; x_wconf 89' lang='lat' dir='ltr'>ab</span> <span class='ocrx_word' id='word_1_103' title='bbox 1385 1767 1561 1837; x_wconf 92' lang='lat' dir='ltr'>impe-</span> 
     </span>
    </p>
   </div>
   <div class='ocr_carea' id='block_1_17' title="bbox 507 1836 1559 1900">
    <p class='ocr_par' dir='ltr' id='par_1_17' title="bbox 507 1836 1559 1900">
     <span class='ocr_line' id='line_1_17' title="bbox 507 1836 1559 1900; baseline 0.009 -17"><span class='ocrx_word' id='word_1_104' title='bbox 507 1842 677 1886; x_wconf 86' lang='lat' dir='ltr'>ratore</span> <span class='ocrx_word' id='word_1_105' title='bbox 707 1845 1136 1900; x_wconf 89' lang='lat' dir='ltr'>consecraretur,</span> <span class='ocrx_word' id='word_1_106' title='bbox 1179 1836 1278 1889; x_wconf 87' lang='lat' dir='ltr'>nisi</span> <span class='ocrx_word' id='word_1_107' title='bbox 1309 1853 1339 1890; x_wconf 89' lang='lat' dir='ltr'>a</span> <span class='ocrx_word' id='word_1_108' title='bbox 1368 1836 1559 1892; x_wconf 86' lang='lat' dir='ltr'>senatu</span> 
     </span>
    </p>
   </div>
   <div class='ocr_carea' id='block_1_18' title="bbox 509 1903 1562 1972">
    <p class='ocr_par' dir='ltr' id='par_1_18' title="bbox 509 1903 1562 1972">
     <span class='ocr_line' id='line_1_18' title="bbox 509 1903 1562 1972; baseline 0.011 -20"><span class='ocrx_word' id='word_1_109' title='bbox 509 1903 797 1972; x_wconf 83' lang='lat' dir='ltr'>probatus;</span> <span class='ocrx_word' id='word_1_110' title='bbox 831 1904 966 1957; x_wconf 80' lang='lat' dir='ltr'>sicut</span> <span class='ocrx_word' id='word_1_111' title='bbox 990 1906 1200 1959; x_wconf 87' lang='lat' dir='ltr'>Marcus</span> <span class='ocrx_word' id='word_1_112' title='bbox 1228 1907 1474 1962; x_wconf 71' lang='lat' dir='ltr'>AZmilius</span> <span class='ocrx_word' id='word_1_113' title='bbox 1495 1909 1562 1964; x_wconf 86' lang='lat' dir='ltr'>de</span> 
     </span>
    </p>
   </div>
   <div class='ocr_carea' id='block_1_19' title="bbox 506 1973 1562 2035">
    <p class='ocr_par' dir='ltr' id='par_1_19' title="bbox 506 1973 1562 2035">
     <span class='ocr_line' id='line_1_19' title="bbox 506 1973 1562 2035; baseline 0.007 -10"><span class='ocrx_word' id='word_1_114' title='bbox 506 1973 608 2026; x_wconf 87' lang='lat' dir='ltr'>dco</span> <span class='ocrx_word' id='word_1_115' title='bbox 638 1988 733 2026; x_wconf 89' lang='lat' dir='ltr'>suo</span> <span class='ocrx_word' id='word_1_116' title='bbox 783 1975 1047 2029; x_wconf 62' lang='lat' dir='ltr'>Alburno.</span> <span class='ocrx_word' id='word_1_117' title='bbox 1094 1977 1234 2031; x_wconf 82' lang='lat' dir='ltr'>Facti</span> <span class='ocrx_word' id='word_1_118' title='bbox 1276 1987 1328 2032; x_wconf 87' lang='lat' dir='ltr'>et</span> <span class='ocrx_word' id='word_1_119' title='bbox 1367 1979 1468 2035; x_wconf 84' lang='lat' dir='ltr'>hoc</span> <span class='ocrx_word' id='word_1_120' title='bbox 1495 1980 1562 2033; x_wconf 91' lang='lat' dir='ltr'>ad</span> 
     </span>
    </p>
   </div>
   <div class='ocr_carea' id='block_1_20' title="bbox 506 2048 1564 2120">
    <p class='ocr_par' dir='ltr' id='par_1_20' title="bbox 506 2048 1564 2120">
     <span class='ocr_line' id='line_1_20' title="bbox 506 2048 1564 2120; baseline 0.011 -26"><span class='ocrx_word' id='word_1_121' title='bbox 506 2057 724 2120; x_wconf 69' lang='lat' dir='ltr'>causam</span> <span class='ocrx_word' id='word_1_122' title='bbox 771 2052 1032 2120; x_wconf 79' lang='lat' dir='ltr'>nostram,</span> <span class='ocrx_word' id='word_1_123' title='bbox 1081 2048 1226 2120; x_wconf 92' lang='lat' dir='ltr'>quod</span> <span class='ocrx_word' id='word_1_124' title='bbox 1277 2050 1418 2120; x_wconf 88' lang='lat' dir='ltr'>apud</span> <span class='ocrx_word' id='word_1_125' title='bbox 1466 2066 1564 2106; x_wconf 87' lang='lat' dir='ltr'>vos</span> 
     </span>
    </p>
   </div>
   <div class='ocr_carea' id='block_1_21' title="bbox 508 2114 1560 2177">
    <p class='ocr_par' dir='ltr' id='par_1_21' title="bbox 508 2114 1560 2177">
     <span class='ocr_line' id='line_1_21' title="bbox 508 2114 1560 2177; baseline 0.011 -12"><span class='ocrx_word' id='word_1_126' title='bbox 508 2114 745 2169; x_wconf 89' lang='lat' dir='ltr'>humano</span> <span class='ocrx_word' id='word_1_127' title='bbox 792 2116 1051 2172; x_wconf 81' lang='lat' dir='ltr'>arbitratu</span> <span class='ocrx_word' id='word_1_128' title='bbox 1090 2114 1344 2176; x_wconf 73' lang='lat' dir='ltr'>divinitas</span> <span class='ocrx_word' id='word_1_129' title='bbox 1375 2122 1560 2177; x_wconf 81' lang='lat' dir='ltr'>Densi-</span> 
     </span>
    </p>
   </div>
   <div class='ocr_carea' id='block_1_22' title="bbox 509 2185 1561 2266">
    <p class='ocr_par' dir='ltr' id='par_1_22' title="bbox 509 2185 1561 2266">
     <span class='ocr_line' id='line_1_22' title="bbox 509 2185 1561 2266; baseline 0.01 -29"><span class='ocrx_word' id='word_1_130' title='bbox 509 2191 670 2266; x_wconf 28' lang='lat' dir='ltr'>ta‘tur‘.</span> <span class='ocrx_word' id='word_1_131' title='bbox 703 2185 768 2241; x_wconf 88' lang='lat' dir='ltr'>Et</span> <span class='ocrx_word' id='word_1_132' title='bbox 794 2186 899 2242; x_wconf 88' lang='lat' dir='ltr'>nisi</span> <span class='ocrx_word' id='word_1_133' title='bbox 931 2189 1154 2266; x_wconf 87' lang='lat' dir='ltr'>ho_min_i_</span> <span class='ocrx_word' id='word_1_134' title='bbox 1172 2185 1561 2266; x_wconf 86' lang='lat' dir='ltr'>Deusplacue-</span> 
     </span>
    </p>
   </div>
   <div class='ocr_carea' id='block_1_23' title="bbox 509 2255 1565 2332">
    <p class='ocr_par' dir='ltr' id='par_1_23' title="bbox 509 2255 1565 2332">
     <span class='ocr_line' id='line_1_23' title="bbox 509 2255 1565 2332; baseline 0.009 -23"><span class='ocrx_word' id='word_1_135' title='bbox 509 2256 596 2320; x_wconf 88' lang='lat' dir='ltr'>rit,</span> <span class='ocrx_word' id='word_1_136' title='bbox 627 2255 902 2332; x_wconf 89' lang='lat' dir='ltr'>d_e_us_non</span> <span class='ocrx_word' id='word_1_137' title='bbox 943 2261 1062 2317; x_wconf 90' lang='lat' dir='ltr'>erit.</span> <span class='ocrx_word' id='word_1_138' title='bbox 1112 2262 1284 2317; x_wconf 85' lang='lat' dir='ltr'>Homo</span> <span class='ocrx_word' id='word_1_139' title='bbox 1310 2255 1422 2332; x_wconf 78' lang='lat' dir='ltr'>jam</span> <span class='ocrx_word' id='word_1_140' title='bbox 1452 2266 1565 2319; x_wconf 94' lang='lat' dir='ltr'>Deo</span> 
     </span>
    </p>
   </div>
   <div class='ocr_carea' id='block_1_24' title="bbox 510 2328 1565 2397">
    <p class='ocr_par' dir='ltr' id='par_1_24' title="bbox 510 2328 1565 2397">
     <span class='ocr_line' id='line_1_24' title="bbox 510 2328 1565 2397; baseline 0.012 -21"><span class='ocrx_word' id='word_1_141' title='bbox 510 2328 775 2397; x_wconf 85' lang='lat' dir='ltr'>prOpitius</span> <span class='ocrx_word' id='word_1_142' title='bbox 823 2347 946 2386; x_wconf 89' lang='lat' dir='ltr'>esse</span> <span class='ocrx_word' id='word_1_143' title='bbox 1009 2333 1250 2388; x_wconf 89' lang='lat' dir='ltr'>debebit.</span> <span class='ocrx_word' id='word_1_144' title='bbox 1311 2328 1565 2389; x_wconf 76' lang='lat' dir='ltr'>Tiberius</span> 
     </span>
    </p>
   </div>
   <div class='ocr_carea' id='block_1_25' title="bbox 507 2401 1565 2478">
    <p class='ocr_par' dir='ltr' id='par_1_25' title="bbox 507 2401 1565 2478">
     <span class='ocr_line' id='line_1_25' title="bbox 507 2401 1565 2478; baseline 0.007 -26"><span class='ocrx_word' id='word_1_145' title='bbox 507 2412 657 2477; x_wconf 79' lang='lat' dir='ltr'>ergo,</span> <span class='ocrx_word' id='word_1_146' title='bbox 689 2401 846 2478; x_wconf 81' lang='lat' dir='ltr'>cujus</span> <span class='ocrx_word' id='word_1_147' title='bbox 883 2410 1120 2478; x_wconf 86' lang='lat' dir='ltr'>tempore</span> <span class='ocrx_word' id='word_1_148' title='bbox 1152 2419 1347 2478; x_wconf 82' lang='lat' dir='ltr'>nomen</span> <span class='ocrx_word' id='word_1_149' title='bbox 1387 2406 1565 2478; x_wconf 80' lang='lat' dir='ltr'>Chris-</span> 
     </span>
    </p>
   </div>
   <div class='ocr_carea' id='block_1_26' title="bbox 508 2473 1567 2541">
    <p class='ocr_par' dir='ltr' id='par_1_26' title="bbox 508 2473 1567 2541">
     <span class='ocr_line' id='line_1_26' title="bbox 508 2473 1567 2541; baseline 0.007 -19"><span class='ocrx_word' id='word_1_150' title='bbox 508 2473 710 2541; x_wconf 80' lang='lat' dir='ltr'>tianum</span> <span class='ocrx_word' id='word_1_151' title='bbox 739 2473 794 2524; x_wconf 88' lang='lat' dir='ltr'>in</span> <span class='ocrx_word' id='word_1_152' title='bbox 815 2475 1068 2526; x_wconf 73' lang='lat' dir='ltr'>saeculum</span> <span class='ocrx_word' id='word_1_153' title='bbox 1101 2473 1335 2541; x_wconf 91' lang='lat' dir='ltr'>intravit,</span> <span class='ocrx_word' id='word_1_154' title='bbox 1367 2477 1567 2531; x_wconf 89' lang='lat' dir='ltr'>adnun-</span> 
     </span>
    </p>
   </div>
   <div class='ocr_carea' id='block_1_27' title="bbox 510 2539 1564 2619">
    <p class='ocr_par' dir='ltr' id='par_1_27' title="bbox 510 2539 1564 2619">
     <span class='ocr_line' id='line_1_27' title="bbox 510 2539 1564 2619; baseline 0.009 -27"><span class='ocrx_word' id='word_1_155' title='bbox 510 2539 641 2619; x_wconf 67' lang='lat' dir='ltr'>tiata</span> <span class='ocrx_word' id='word_1_156' title='bbox 671 2539 771 2619; x_wconf 81' lang='lat' dir='ltr'>sibi</span> <span class='ocrx_word' id='word_1_157' title='bbox 814 2557 877 2596; x_wconf 83' lang='lat' dir='ltr'>ex</span> <span class='ocrx_word' id='word_1_158' title='bbox 911 2543 1063 2619; x_wconf 71' lang='lat' dir='ltr'>Syria</span> <span class='ocrx_word' id='word_1_159' title='bbox 1094 2539 1401 2619; x_wconf 54' lang='lat' dir='ltr'>Palestina,</span> <span class='ocrx_word' id='word_1_160' title='bbox 1445 2563 1564 2618; x_wconf 63' lang='lat' dir='ltr'>qum</span> 
     </span>
    </p>
   </div>
   <div class='ocr_carea' id='block_1_28' title="bbox 510 2611 1563 2673">
    <p class='ocr_par' dir='ltr' id='par_1_28' title="bbox 510 2611 1563 2673">
     <span class='ocr_line' id='line_1_28' title="bbox 510 2611 1563 2673; baseline 0.009 -10"><span class='ocrx_word' id='word_1_161' title='bbox 510 2611 623 2665; x_wconf 88' lang='lat' dir='ltr'>illic</span> <span class='ocrx_word' id='word_1_162' title='bbox 650 2611 930 2668; x_wconf 83' lang='lat' dir='ltr'>veritatem</span> <span class='ocrx_word' id='word_1_163' title='bbox 954 2611 1111 2670; x_wconf 85' lang='lat' dir='ltr'>istius</span> <span class='ocrx_word' id='word_1_164' title='bbox 1147 2611 1435 2672; x_wconf 82' lang='lat' dir='ltr'>divinitatis</span> <span class='ocrx_word' id='word_1_165' title='bbox 1461 2611 1563 2673; x_wconf 65' lang='lat' dir='ltr'>re-</span> 
     </span>
    </p>
   </div>
   <div class='ocr_carea' id='block_1_29' title="bbox 509 2681 1563 2760">
    <p class='ocr_par' dir='ltr' id='par_1_29' title="bbox 509 2681 1563 2760">
     <span class='ocr_line' id='line_1_29' title="bbox 509 2681 1563 2760; baseline 0.007 -25"><span class='ocrx_word' id='word_1_166' title='bbox 509 2681 827 2760; x_wconf 78' lang='lat' dir='ltr'>velaverant,</span> <span class='ocrx_word' id='word_1_167' title='bbox 850 2684 1041 2760; x_wconf 76' lang='lat' dir='ltr'>detulit</span> <span class='ocrx_word' id='word_1_168' title='bbox 1060 2687 1124 2740; x_wconf 91' lang='lat' dir='ltr'>ad</span> <span class='ocrx_word' id='word_1_169' title='bbox 1145 2696 1420 2760; x_wconf 78' lang='lat' dir='ltr'>senatum,</span> <span class='ocrx_word' id='word_1_170' title='bbox 1445 2705 1563 2745; x_wconf 88' lang='lat' dir='ltr'>cum</span> 
     </span>
    </p>
   </div>
   <div class='ocr_carea' id='block_1_30' title="bbox 513 2755 1568 2833">
    <p class='ocr_par' dir='ltr' id='par_1_30' title="bbox 513 2755 1568 2833">
     <span class='ocr_line' id='line_1_30' title="bbox 513 2755 1568 2833; baseline 0.009 -28"><span class='ocrx_word' id='word_1_171' title='bbox 513 2755 864 2833; x_wconf 47' lang='lat' dir='ltr'>prmrogativa</span> <span class='ocrx_word' id='word_1_172' title='bbox 904 2757 1156 2833; x_wconf 81' lang='lat' dir='ltr'>suffragii</span> <span class='ocrx_word' id='word_1_173' title='bbox 1204 2760 1307 2816; x_wconf 90' lang='lat' dir='ltr'>sui.</span> <span class='ocrx_word' id='word_1_174' title='bbox 1341 2755 1568 2816; x_wconf 79' lang='lat' dir='ltr'>senatus</span> 
     </span>
    </p>
   </div>
   <div class='ocr_carea' id='block_1_31' title="bbox 509 2825 1559 2949">
    <p class='ocr_par' dir='ltr' id='par_1_31' title="bbox 509 2825 1559 2949">
     <span class='ocr_line' id='line_1_31' title="bbox 509 2825 1559 2949; baseline 0.012 -74"><span class='ocrx_word' id='word_1_175' title='bbox 509 2825 632 2949; x_wconf 52' lang='lat' dir='ltr'>auia</span> <span class='ocrx_word' id='word_1_176' title='bbox 670 2841 776 2907; x_wconf 78' lang='lat' dir='ltr'>non</span> <span class='ocrx_word' id='word_1_177' title='bbox 807 2825 923 2896; x_wconf 89' lang='lat' dir='ltr'>ipse</span> <span class='ocrx_word' id='word_1_178' title='bbox 952 2825 1290 2910; x_wconf 73' lang='lat' dir='ltr'>probaverat,</span> <span class='ocrx_word' id='word_1_179' title='bbox 1331 2833 1559 2904; x_wconf 86' lang='lat' dir='ltr'>respuit.</span> 
     </span>
     <span class='ocr_line' id='line_1_32' title="bbox 553 2903 1559 2949; baseline 0 0"><span class='ocrx_word' id='word_1_180' title='bbox 553 2911 694 2949; x_wconf 63' lang='lat' dir='ltr'>aesar</span> <span class='ocrx_word' id='word_1_181' title='bbox 729 2913 783 2949; x_wconf 86' lang='grc' dir='ltr'>ιη</span> <span class='ocrx_word' id='word_1_182' title='bbox 811 2909 1072 2949; x_wconf 79' lang='lat' dir='ltr'>sententia</span> <span class='ocrx_word' id='word_1_183' title='bbox 1093 2909 1306 2949; x_wconf 77' lang='lat' dir='ltr'>mansit-</span> <span class='ocrx_word' id='word_1_184' title='bbox 1339 2903 1559 2949; x_wconf 81' lang='lat' dir='ltr'>enmmi-</span> 
     </span>
    </p>
   </div>
   <div class='ocr_carea' id='block_1_32' title="bbox 553 2901 1567 2966">
    <p class='ocr_par' dir='ltr' id='par_1_32' title="bbox 553 2901 1567 2966">
     <span class='ocr_line' id='line_1_33' title="bbox 553 2901 1567 2966; baseline 0.009 -17"><span class='ocrx_word' id='word_1_185' title='bbox 553 2911 694 2951; x_wconf 70' lang='lat' dir='ltr'>zesar</span> <span class='ocrx_word' id='word_1_186' title='bbox 729 2901 783 2951; x_wconf 93' lang='lat' dir='ltr'>in</span> <span class='ocrx_word' id='word_1_187' title='bbox 811 2901 1072 2954; x_wconf 89' lang='lat' dir='ltr'>sententia</span> <span class='ocrx_word' id='word_1_188' title='bbox 1093 2903 1307 2966; x_wconf 85' lang='lat' dir='ltr'>mansit,</span> <span class='ocrx_word' id='word_1_189' title='bbox 1339 2901 1567 2958; x_wconf 83' lang='lat' dir='ltr'>commi-</span> 
     </span>
    </p>
   </div>
   <div class='ocr_carea' id='block_1_33' title="bbox 511 2971 1066 3037">
    <p class='ocr_par' dir='ltr' id='par_1_33' title="bbox 511 2971 1066 3037">
     <span class='ocr_line' id='line_1_34' title="bbox 511 2971 1066 3037; baseline 0.014 -18"><span class='ocrx_word' id='word_1_190' title='bbox 511 2973 662 3037; x_wconf 82' lang='lat' dir='ltr'>natus</span> <span class='ocrx_word' id='word_1_191' title='bbox 768 2971 1066 3037; x_wconf 90' lang='lat' dir='ltr'>periculum</span> 
     </span>
    </p>
   </div>
   <div class='ocr_carea' id='block_1_34' title="bbox 1161 2974 1566 3032">
    <p class='ocr_par' dir='ltr' id='par_1_34' title="bbox 1161 2974 1566 3032">
     <span class='ocr_line' id='line_1_35' title="bbox 1161 2974 1566 3032; baseline 0.007 -5"><span class='ocrx_word' id='word_1_192' title='bbox 1161 2974 1566 3032; x_wconf 86' lang='lat' dir='ltr'>accusatoribus</span> 
     </span>
    </p>
   </div>
   <div class='ocr_carea' id='block_1_35' title="bbox 511 3035 955 3096">
    <p class='ocr_par' dir='ltr' id='par_1_35' title="bbox 511 3035 955 3096">
     <span class='ocr_line' id='line_1_36' title="bbox 511 3035 955 3096; baseline 0.016 -7"><span class='ocrx_word' id='word_1_193' title='bbox 511 3035 955 3096; x_wconf 46' lang='lat' dir='ltr'>Christian—orum.</span> 
     </span>
    </p>
   </div>
   <div class='ocr_carea' id='block_1_36' title="bbox 1874 1541 2415 1584">
    <p class='ocr_par' dir='ltr' id='par_1_36' title="bbox 1874 1541 2415 1584">
     <span class='ocr_line' id='line_1_37' title="bbox 1874 1541 2415 1584; baseline -0.006 0"><span class='ocrx_word' id='word_1_194' title='bbox 1874 1541 2415 1584; x_wconf 75' lang='lat' dir='ltr'>CHRISTOPHORSONI.</span> 
     </span>
    </p>
   </div>
   <div class='ocr_carea' id='block_1_37' title="bbox 1690 1625 2674 1698">
    <p class='ocr_par' dir='ltr' id='par_1_37' title="bbox 1690 1625 2674 1698">
     <span class='ocr_line' id='line_1_38' title="bbox 1690 1625 2674 1698; baseline -0.004 -18"><span class='ocrx_word' id='word_1_195' title='bbox 1690 1627 1758 1698; x_wconf 83' lang='lat' dir='ltr'>Ut</span> <span class='ocrx_word' id='word_1_196' title='bbox 1786 1626 1854 1698; x_wconf 88' lang='lat' dir='ltr'>de</span> <span class='ocrx_word' id='word_1_197' title='bbox 1891 1625 2104 1698; x_wconf 78' lang='lat' dir='ltr'>origine</span> <span class='ocrx_word' id='word_1_198' title='bbox 2152 1631 2500 1698; x_wconf 84' lang='lat' dir='ltr'>retractemus</span> <span class='ocrx_word' id='word_1_199' title='bbox 2528 1625 2674 1693; x_wconf 89' lang='lat' dir='ltr'>ejus-</span> 
     </span>
    </p>
   </div>
   <div class='ocr_carea' id='block_1_38' title="bbox 1618 1695 2674 1766">
    <p class='ocr_par' dir='ltr' id='par_1_38' title="bbox 1618 1695 2674 1766">
     <span class='ocr_line' id='line_1_39' title="bbox 1618 1695 2674 1766; baseline -0.003 -16"><span class='ocrx_word' id='word_1_200' title='bbox 1618 1697 1764 1752; x_wconf 89' lang='lat' dir='ltr'>modi</span> <span class='ocrx_word' id='word_1_201' title='bbox 1805 1695 2002 1766; x_wconf 67' lang='lat' dir='ltr'>legum,</span> <span class='ocrx_word' id='word_1_202' title='bbox 2050 1704 2198 1750; x_wconf 90' lang='lat' dir='ltr'>vetus</span> <span class='ocrx_word' id='word_1_203' title='bbox 2226 1701 2338 1750; x_wconf 90' lang='lat' dir='ltr'>erat</span> <span class='ocrx_word' id='word_1_204' title='bbox 2375 1695 2674 1758; x_wconf 88' lang='lat' dir='ltr'>decretum,</span> 
     </span>
    </p>
   </div>
   <div class='ocr_carea' id='block_1_39' title="bbox 1618 1766 2674 1838">
    <p class='ocr_par' dir='ltr' id='par_1_39' title="bbox 1618 1766 2674 1838">
     <span class='ocr_line' id='line_1_40' title="bbox 1618 1766 2674 1838; baseline -0.001 -17"><span class='ocrx_word' id='word_1_205' title='bbox 1618 1783 1686 1822; x_wconf 89' lang='lat' dir='ltr'>ne</span> <span class='ocrx_word' id='word_1_206' title='bbox 1715 1766 1836 1838; x_wconf 87' lang='lat' dir='ltr'>quis</span> <span class='ocrx_word' id='word_1_207' title='bbox 1868 1768 2003 1823; x_wconf 88' lang='lat' dir='ltr'>deus</span> <span class='ocrx_word' id='word_1_208' title='bbox 2031 1768 2097 1820; x_wconf 88' lang='lat' dir='ltr'>ab</span> <span class='ocrx_word' id='word_1_209' title='bbox 2138 1766 2461 1837; x_wconf 87' lang='lat' dir='ltr'>imperatore</span> <span class='ocrx_word' id='word_1_210' title='bbox 2489 1781 2674 1821; x_wconf 89' lang='lat' dir='ltr'>conse-</span> 
     </span>
    </p>
   </div>
   <div class='ocr_carea' id='block_1_40' title="bbox 1616 1837 2671 1910">
    <p class='ocr_par' dir='ltr' id='par_1_40' title="bbox 1616 1837 2671 1910">
     <span class='ocr_line' id='line_1_41' title="bbox 1616 1837 2671 1910; baseline -0.004 -17"><span class='ocrx_word' id='word_1_211' title='bbox 1616 1837 1880 1901; x_wconf 88' lang='lat' dir='ltr'>craretur,</span> <span class='ocrx_word' id='word_1_212' title='bbox 1916 1837 2019 1910; x_wconf 86' lang='lat' dir='ltr'>nisi</span> <span class='ocrx_word' id='word_1_213' title='bbox 2050 1855 2080 1892; x_wconf 90' lang='lat' dir='ltr'>a</span> <span class='ocrx_word' id='word_1_214' title='bbox 2109 1846 2299 1910; x_wconf 84' lang='lat' dir='ltr'>senatu</span> <span class='ocrx_word' id='word_1_215' title='bbox 2323 1838 2671 1910; x_wconf 84' lang='lat' dir='ltr'>probaretur;</span> 
     </span>
    </p>
   </div>
   <div class='ocr_carea' id='block_1_41' title="bbox 1618 1909 2676 1965">
    <p class='ocr_par' dir='ltr' id='par_1_41' title="bbox 1618 1909 2676 1965">
     <span class='ocr_line' id='line_1_42' title="bbox 1618 1909 2676 1965; baseline -0.004 0"><span class='ocrx_word' id='word_1_216' title='bbox 1618 1917 1676 1964; x_wconf 91' lang='lat' dir='ltr'>ut</span> <span class='ocrx_word' id='word_1_217' title='bbox 1705 1912 1774 1965; x_wconf 87' lang='lat' dir='ltr'>M.</span> <span class='ocrx_word' id='word_1_218' title='bbox 1807 1909 2057 1963; x_wconf 63' lang='lat' dir='ltr'>zEmilius</span> <span class='ocrx_word' id='word_1_219' title='bbox 2094 1911 2160 1963; x_wconf 90' lang='lat' dir='ltr'>de</span> <span class='ocrx_word' id='word_1_220' title='bbox 2188 1909 2290 1963; x_wconf 90' lang='lat' dir='ltr'>deo</span> <span class='ocrx_word' id='word_1_221' title='bbox 2333 1909 2436 1962; x_wconf 86' lang='lat' dir='ltr'>suo</span> <span class='ocrx_word' id='word_1_222' title='bbox 2483 1909 2676 1962; x_wconf 81' lang='lat' dir='ltr'>Albur-</span> 
     </span>
    </p>
   </div>
   <div class='ocr_carea' id='block_1_42' title="bbox 1619 1980 2675 2036">
    <p class='ocr_par' dir='ltr' id='par_1_42' title="bbox 1619 1980 2675 2036">
     <span class='ocr_line' id='line_1_43' title="bbox 1619 1980 2675 2036; baseline -0.001 -1"><span class='ocrx_word' id='word_1_223' title='bbox 1619 1997 1708 2036; x_wconf 90' lang='lat' dir='ltr'>no.</span> <span class='ocrx_word' id='word_1_224' title='bbox 1758 1981 1905 2036; x_wconf 86' lang='lat' dir='ltr'>Facit</span> <span class='ocrx_word' id='word_1_225' title='bbox 1942 1989 1992 2035; x_wconf 88' lang='lat' dir='ltr'>et</span> <span class='ocrx_word' id='word_1_226' title='bbox 2036 1981 2142 2034; x_wconf 84' lang='lat' dir='ltr'>hoc</span> <span class='ocrx_word' id='word_1_227' title='bbox 2189 1980 2256 2033; x_wconf 92' lang='lat' dir='ltr'>ad</span> <span class='ocrx_word' id='word_1_228' title='bbox 2305 1994 2522 2035; x_wconf 85' lang='lat' dir='ltr'>causam</span> <span class='ocrx_word' id='word_1_229' title='bbox 2569 1993 2675 2034; x_wconf 92' lang='lat' dir='ltr'>no-</span> 
     </span>
    </p>
   </div>
   <div class='ocr_carea' id='block_1_43' title="bbox 1619 2050 2677 2123">
    <p class='ocr_par' dir='ltr' id='par_1_43' title="bbox 1619 2050 2677 2123">
     <span class='ocr_line' id='line_1_44' title="bbox 1619 2050 2677 2123; baseline -0.002 -17"><span class='ocrx_word' id='word_1_230' title='bbox 1619 2060 1804 2118; x_wconf 88' lang='lat' dir='ltr'>stram,</span> <span class='ocrx_word' id='word_1_231' title='bbox 1828 2052 1976 2123; x_wconf 89' lang='lat' dir='ltr'>quod</span> <span class='ocrx_word' id='word_1_232' title='bbox 2005 2050 2150 2120; x_wconf 88' lang='lat' dir='ltr'>apud</span> <span class='ocrx_word' id='word_1_233' title='bbox 2188 2065 2287 2108; x_wconf 88' lang='lat' dir='ltr'>vos</span> <span class='ocrx_word' id='word_1_234' title='bbox 2333 2051 2400 2123; x_wconf 88' lang='lat' dir='ltr'>de</span> <span class='ocrx_word' id='word_1_235' title='bbox 2444 2052 2677 2123; x_wconf 80' lang='lat' dir='ltr'>humano</span> 
     </span>
    </p>
   </div>
   <div class='ocr_carea' id='block_1_44' title="bbox 1619 2121 2677 2192">
    <p class='ocr_par' dir='ltr' id='par_1_44' title="bbox 1619 2121 2677 2192">
     <span class='ocr_line' id='line_1_45' title="bbox 1619 2121 2677 2192; baseline -0.002 -15"><span class='ocrx_word' id='word_1_236' title='bbox 1619 2121 1875 2178; x_wconf 84' lang='lat' dir='ltr'>arbitratu</span> <span class='ocrx_word' id='word_1_237' title='bbox 1917 2123 2168 2178; x_wconf 71' lang='lat' dir='ltr'>divinitas</span> <span class='ocrx_word' id='word_1_238' title='bbox 2213 2121 2530 2192; x_wconf 86' lang='lat' dir='ltr'>pensitatur.</span> <span class='ocrx_word' id='word_1_239' title='bbox 2563 2121 2677 2176; x_wconf 89' lang='lat' dir='ltr'>Nisi</span> 
     </span>
    </p>
   </div>
   <div class='ocr_carea' id='block_1_45' title="bbox 1619 2192 2676 2260">
    <p class='ocr_par' dir='ltr' id='par_1_45' title="bbox 1619 2192 2676 2260">
     <span class='ocr_line' id='line_1_46' title="bbox 1619 2192 2676 2260; baseline -0.002 -12"><span class='ocrx_word' id='word_1_240' title='bbox 1619 2194 1825 2250; x_wconf 86' lang='lat' dir='ltr'>homini</span> <span class='ocrx_word' id='word_1_241' title='bbox 1874 2195 2019 2250; x_wconf 90' lang='lat' dir='ltr'>Deus</span> <span class='ocrx_word' id='word_1_242' title='bbox 2063 2193 2340 2260; x_wconf 86' lang='lat' dir='ltr'>placuerit,</span> <span class='ocrx_word' id='word_1_243' title='bbox 2389 2192 2525 2248; x_wconf 92' lang='lat' dir='ltr'>deus</span> <span class='ocrx_word' id='word_1_244' title='bbox 2569 2207 2676 2247; x_wconf 90' lang='lat' dir='ltr'>non</span> 
     </span>
    </p>
   </div>
   <div class='ocr_carea' id='block_1_46' title="bbox 1619 2264 2678 2334">
    <p class='ocr_par' dir='ltr' id='par_1_46' title="bbox 1619 2264 2678 2334">
     <span class='ocr_line' id='line_1_47' title="bbox 1619 2264 2678 2334; baseline -0.002 -14"><span class='ocrx_word' id='word_1_245' title='bbox 1619 2267 1736 2322; x_wconf 89' lang='lat' dir='ltr'>erit.</span> <span class='ocrx_word' id='word_1_246' title='bbox 1766 2267 1938 2320; x_wconf 90' lang='lat' dir='ltr'>Homo</span> <span class='ocrx_word' id='word_1_247' title='bbox 1963 2266 2074 2333; x_wconf 89' lang='lat' dir='ltr'>jam</span> <span class='ocrx_word' id='word_1_248' title='bbox 2113 2265 2226 2320; x_wconf 90' lang='lat' dir='ltr'>Deo</span> <span class='ocrx_word' id='word_1_249' title='bbox 2264 2264 2528 2334; x_wconf 90' lang='lat' dir='ltr'>propitius</span> <span class='ocrx_word' id='word_1_250' title='bbox 2559 2279 2678 2318; x_wconf 91' lang='lat' dir='ltr'>esse</span> 
     </span>
    </p>
   </div>
   <div class='ocr_carea' id='block_1_47' title="bbox 1618 2334 2679 2405">
    <p class='ocr_par' dir='ltr' id='par_1_47' title="bbox 1618 2334 2679 2405">
     <span class='ocr_line' id='line_1_48' title="bbox 1618 2334 2679 2405; baseline -0.002 -15"><span class='ocrx_word' id='word_1_251' title='bbox 1618 2336 1857 2391; x_wconf 83' lang='lat' dir='ltr'>debebit.</span> <span class='ocrx_word' id='word_1_252' title='bbox 1893 2334 2159 2400; x_wconf 88' lang='lat' dir='ltr'>Tiberius,</span> <span class='ocrx_word' id='word_1_253' title='bbox 2180 2350 2328 2405; x_wconf 80' lang='lat' dir='ltr'>ergo,</span> <span class='ocrx_word' id='word_1_254' title='bbox 2360 2339 2520 2405; x_wconf 90' lang='lat' dir='ltr'>cujus</span> <span class='ocrx_word' id='word_1_255' title='bbox 2551 2342 2679 2389; x_wconf 83' lang='lat' dir='ltr'>tem-</span> 
     </span>
    </p>
   </div>
   <div class='ocr_carea' id='block_1_48' title="bbox 1620 2406 2676 2478">
    <p class='ocr_par' dir='ltr' id='par_1_48' title="bbox 1620 2406 2676 2478">
     <span class='ocr_line' id='line_1_49' title="bbox 1620 2406 2676 2478; baseline -0.004 -16"><span class='ocrx_word' id='word_1_256' title='bbox 1620 2422 1754 2478; x_wconf 92' lang='lat' dir='ltr'>pore</span> <span class='ocrx_word' id='word_1_257' title='bbox 1784 2422 1980 2478; x_wconf 87' lang='lat' dir='ltr'>nomen</span> <span class='ocrx_word' id='word_1_258' title='bbox 2025 2406 2384 2478; x_wconf 89' lang='lat' dir='ltr'>Christianum</span> <span class='ocrx_word' id='word_1_259' title='bbox 2415 2407 2468 2460; x_wconf 89' lang='lat' dir='ltr'>in</span> <span class='ocrx_word' id='word_1_260' title='bbox 2497 2421 2676 2478; x_wconf 74' lang='lat' dir='ltr'>saecu-</span> 
     </span>
    </p>
   </div>
   <div class='ocr_carea' id='block_1_49' title="bbox 1620 2477 2677 2545">
    <p class='ocr_par' dir='ltr' id='par_1_49' title="bbox 1620 2477 2677 2545">
     <span class='ocr_line' id='line_1_50' title="bbox 1620 2477 2677 2545; baseline 0.001 -14"><span class='ocrx_word' id='word_1_261' title='bbox 1620 2477 1728 2532; x_wconf 90' lang='lat' dir='ltr'>lum</span> <span class='ocrx_word' id='word_1_262' title='bbox 1759 2477 2018 2545; x_wconf 84' lang='lat' dir='ltr'>introivit,</span> <span class='ocrx_word' id='word_1_263' title='bbox 2053 2479 2120 2530; x_wconf 90' lang='lat' dir='ltr'>ad</span> <span class='ocrx_word' id='word_1_264' title='bbox 2154 2477 2452 2531; x_wconf 90' lang='lat' dir='ltr'>nuntiatum</span> <span class='ocrx_word' id='word_1_265' title='bbox 2481 2477 2584 2531; x_wconf 88' lang='lat' dir='ltr'>sibi</span> <span class='ocrx_word' id='word_1_266' title='bbox 2613 2492 2677 2532; x_wconf 86' lang='lat' dir='ltr'>ex</span> 
     </span>
    </p>
   </div>
   <div class='ocr_carea' id='block_1_50' title="bbox 1620 2547 2677 2620">
    <p class='ocr_par' dir='ltr' id='par_1_50' title="bbox 1620 2547 2677 2620">
     <span class='ocr_line' id='line_1_51' title="bbox 1620 2547 2677 2620; baseline -0.002 -16"><span class='ocrx_word' id='word_1_267' title='bbox 1620 2547 1774 2620; x_wconf 81' lang='lat' dir='ltr'>Syria</span> <span class='ocrx_word' id='word_1_268' title='bbox 1794 2548 2090 2620; x_wconf 73' lang='lat' dir='ltr'>Palaestina,</span> <span class='ocrx_word' id='word_1_269' title='bbox 2118 2563 2239 2619; x_wconf 66' lang='lat' dir='ltr'>qua:</span> <span class='ocrx_word' id='word_1_270' title='bbox 2269 2547 2378 2620; x_wconf 81' lang='lat' dir='ltr'>illic</span> <span class='ocrx_word' id='word_1_271' title='bbox 2404 2548 2677 2620; x_wconf 83' lang='lat' dir='ltr'>veritatem</span> 
     </span>
    </p>
   </div>
   <div class='ocr_carea' id='block_1_51' title="bbox 1621 2619 2679 2690">
    <p class='ocr_par' dir='ltr' id='par_1_51' title="bbox 1621 2619 2679 2690">
     <span class='ocr_line' id='line_1_52' title="bbox 1621 2619 2679 2690; baseline -0.003 -16"><span class='ocrx_word' id='word_1_272' title='bbox 1621 2619 1792 2690; x_wconf 79' lang='lat' dir='ltr'>ipsius</span> <span class='ocrx_word' id='word_1_273' title='bbox 1821 2619 2113 2675; x_wconf 89' lang='lat' dir='ltr'>divinitatis</span> <span class='ocrx_word' id='word_1_274' title='bbox 2151 2619 2494 2684; x_wconf 87' lang='lat' dir='ltr'>revelaverat,</span> <span class='ocrx_word' id='word_1_275' title='bbox 2527 2619 2679 2690; x_wconf 86' lang='lat' dir='ltr'>detu-</span> 
     </span>
    </p>
   </div>
   <div class='ocr_carea' id='block_1_52' title="bbox 1623 2689 2680 2761">
    <p class='ocr_par' dir='ltr' id='par_1_52' title="bbox 1623 2689 2680 2761">
     <span class='ocr_line' id='line_1_53' title="bbox 1623 2689 2680 2761; baseline -0.001 -16"><span class='ocrx_word' id='word_1_276' title='bbox 1623 2689 1681 2745; x_wconf 89' lang='lat' dir='ltr'>lit</span> <span class='ocrx_word' id='word_1_277' title='bbox 1729 2691 1796 2745; x_wconf 93' lang='lat' dir='ltr'>ad</span> <span class='ocrx_word' id='word_1_278' title='bbox 1847 2698 2087 2746; x_wconf 88' lang='lat' dir='ltr'>senatum</span> <span class='ocrx_word' id='word_1_279' title='bbox 2143 2705 2264 2744; x_wconf 91' lang='lat' dir='ltr'>cum</span> <span class='ocrx_word' id='word_1_280' title='bbox 2314 2689 2680 2761; x_wconf 65' lang='lat' dir='ltr'>praerogativa</span> 
     </span>
    </p>
   </div>
   <div class='ocr_carea' id='block_1_53' title="bbox 1623 2761 2679 2833">
    <p class='ocr_par' dir='ltr' id='par_1_53' title="bbox 1623 2761 2679 2833">
     <span class='ocr_line' id='line_1_54' title="bbox 1623 2761 2679 2833; baseline -0.001 -18"><span class='ocrx_word' id='word_1_281' title='bbox 1623 2762 1866 2833; x_wconf 80' lang='lat' dir='ltr'>suffragii</span> <span class='ocrx_word' id='word_1_282' title='bbox 1921 2761 2027 2818; x_wconf 92' lang='lat' dir='ltr'>sui.</span> <span class='ocrx_word' id='word_1_283' title='bbox 2082 2761 2346 2829; x_wconf 87' lang='lat' dir='ltr'>Senatus,</span> <span class='ocrx_word' id='word_1_284' title='bbox 2405 2761 2530 2832; x_wconf 88' lang='lat' dir='ltr'>quia</span> <span class='ocrx_word' id='word_1_285' title='bbox 2569 2776 2679 2833; x_wconf 86' lang='lat' dir='ltr'>non</span> 
     </span>
    </p>
   </div>
   <div class='ocr_carea' id='block_1_54' title="bbox 1623 2831 2679 2905">
    <p class='ocr_par' dir='ltr' id='par_1_54' title="bbox 1623 2831 2679 2905">
     <span class='ocr_line' id='line_1_55' title="bbox 1623 2831 2679 2905; baseline -0.003 -17"><span class='ocrx_word' id='word_1_286' title='bbox 1623 2833 1739 2905; x_wconf 89' lang='lat' dir='ltr'>ipse</span> <span class='ocrx_word' id='word_1_287' title='bbox 1771 2831 2108 2905; x_wconf 70' lang='lat' dir='ltr'>probaverat,</span> <span class='ocrx_word' id='word_1_288' title='bbox 2153 2833 2379 2905; x_wconf 77' lang='lat' dir='ltr'>respuit.</span> <span class='ocrx_word' id='word_1_289' title='bbox 2419 2831 2597 2888; x_wconf 74' lang='lat' dir='ltr'>Caesar</span> <span class='ocrx_word' id='word_1_290' title='bbox 2622 2831 2679 2885; x_wconf 92' lang='lat' dir='ltr'>in</span> 
     </span>
    </p>
   </div>
   <div class='ocr_carea' id='block_1_55' title="bbox 1621 2903 2679 2972">
    <p class='ocr_par' dir='ltr' id='par_1_55' title="bbox 1621 2903 2679 2972">
     <span class='ocr_line' id='line_1_56' title="bbox 1621 2903 2679 2972; baseline -0.003 -12"><span class='ocrx_word' id='word_1_291' title='bbox 1621 2903 1883 2960; x_wconf 79' lang='lat' dir='ltr'>sententia</span> <span class='ocrx_word' id='word_1_292' title='bbox 1921 2905 2135 2965; x_wconf 84' lang='lat' dir='ltr'>mansit.</span> <span class='ocrx_word' id='word_1_293' title='bbox 2179 2903 2535 2958; x_wconf 89' lang='lat' dir='ltr'>comminatus</span> <span class='ocrx_word' id='word_1_294' title='bbox 2582 2918 2679 2972; x_wconf 90' lang='lat' dir='ltr'>pe-</span> 
     </span>
    </p>
   </div>
   <div class='ocr_carea' id='block_1_56' title="bbox 1621 2973 2678 3032">
    <p class='ocr_par' dir='ltr' id='par_1_56' title="bbox 1621 2973 2678 3032">
     <span class='ocr_line' id='line_1_57' title="bbox 1621 2973 2678 3032; baseline 0.001 -3"><span class='ocrx_word' id='word_1_295' title='bbox 1621 2975 1851 3031; x_wconf 92' lang='lat' dir='ltr'>riculum</span> <span class='ocrx_word' id='word_1_296' title='bbox 1895 2974 2295 3032; x_wconf 87' lang='lat' dir='ltr'>accusatoribus</span> <span class='ocrx_word' id='word_1_297' title='bbox 2347 2973 2678 3030; x_wconf 86' lang='lat' dir='ltr'>Christiano-</span> 
     </span>
    </p>
   </div>
   <div class='ocr_carea' id='block_1_57' title="bbox 1617 3062 1759 3104">
    <p class='ocr_par' dir='ltr' id='par_1_57' title="bbox 1617 3062 1759 3104">
     <span class='ocr_line' id='line_1_58' title="bbox 1617 3062 1759 3104; baseline 0.007 -1"><span class='ocrx_word' id='word_1_298' title='bbox 1617 3062 1759 3104; x_wconf 86' lang='lat' dir='ltr'>rum.</span> 
     </span>
    </p>
   </div>
   <div class='ocr_carea' id='block_1_58' title="bbox 2108 3223 2200 3277">
    <p class='ocr_par' dir='ltr' id='par_1_58' title="bbox 2108 3223 2200 3277">
     <span class='ocr_line' id='line_1_59' title="bbox 2108 3223 2200 3277; baseline -0.011 0"><span class='ocrx_word' id='word_1_299' title='bbox 2108 3223 2177 3277; x_wconf 90' lang='lat' dir='ltr'>III</span> <span class='ocrx_word' id='word_1_300' title='bbox 2189 3265 2200 3276; x_wconf 91' lang='lat'>.</span> 
     </span>
    </p>
   </div>
   <div class='ocr_carea' id='block_1_59' title="bbox 2203 901 3813 975">
    <p class='ocr_par' dir='ltr' id='par_1_59' title="bbox 2203 901 3813 975">
     <span class='ocr_line' id='line_1_60' title="bbox 2203 901 3813 975; baseline -0.006 -16"><span class='ocrx_word' id='word_1_301' title='bbox 2203 911 2346 961; x_wconf 76' lang='grc' dir='ltr'>ἵλεων</span> <span class='ocrx_word' id='word_1_302' title='bbox 2381 909 2506 960; x_wconf 81' lang='grc' dir='ltr'>εἶναι</span> <span class='ocrx_word' id='word_1_303' title='bbox 2535 913 2800 975; x_wconf 85' lang='grc' dir='ltr'>προσῆκεν.</span> <span class='ocrx_word' id='word_1_304' title='bbox 2827 907 3046 972; x_wconf 81' lang='grc' dir='ltr'>Τιϐέριος</span> <span class='ocrx_word' id='word_1_305' title='bbox 3073 904 3158 954; x_wconf 81' lang='grc' dir='ltr'>οὖν</span> <span class='ocrx_word' id='word_1_306' title='bbox 3180 903 3273 967; x_wconf 74' lang='grc' dir='ltr'>(ἐφ’</span> <span class='ocrx_word' id='word_1_307' title='bbox 3294 901 3350 952; x_wconf 77' lang='grc' dir='ltr'>οὗ</span> <span class='ocrx_word' id='word_1_308' title='bbox 3374 902 3430 951; x_wconf 87' lang='grc' dir='ltr'>τὸ</span> <span class='ocrx_word' id='word_1_309' title='bbox 3447 905 3544 948; x_wconf 88' lang='grc' dir='ltr'>τῶν</span> <span class='ocrx_word' id='word_1_310' title='bbox 3570 901 3813 964; x_wconf 77' lang='grc' dir='ltr'>Χριστια-</span> 
     </span>
    </p>
   </div>
   <div class='ocr_carea' id='block_1_60' title="bbox 2204 981 3808 1054">
    <p class='ocr_par' dir='ltr' id='par_1_60' title="bbox 2204 981 3808 1054">
     <span class='ocr_line' id='line_1_61' title="bbox 2204 981 3808 1054; baseline -0.007 -15"><span class='ocrx_word' id='word_1_311' title='bbox 2204 997 2300 1039; x_wconf 85' lang='grc' dir='ltr'>νῶν</span> <span class='ocrx_word' id='word_1_312' title='bbox 2331 990 2489 1054; x_wconf 81' lang='grc' dir='ltr'>ὄνομα</span> <span class='ocrx_word' id='word_1_313' title='bbox 2521 988 2588 1044; x_wconf 76' lang='grc' dir='ltr'>εἷς</span> <span class='ocrx_word' id='word_1_314' title='bbox 2615 989 2700 1037; x_wconf 85' lang='grc' dir='ltr'>τὸν</span> <span class='ocrx_word' id='word_1_315' title='bbox 2729 988 2914 1050; x_wconf 83' lang='grc' dir='ltr'>κόσμον</span> <span class='ocrx_word' id='word_1_316' title='bbox 2947 983 3205 1044; x_wconf 72' lang='grc' dir='ltr'>ἐλήλυθεν).</span> <span class='ocrx_word' id='word_1_317' title='bbox 3237 982 3547 1045; x_wconf 80' lang='grc' dir='ltr'>ἀγγελθέντος</span> <span class='ocrx_word' id='word_1_318' title='bbox 3580 981 3717 1044; x_wconf 73' lang='grc' dir='ltr'>αὐτῷ</span> <span class='ocrx_word' id='word_1_319' title='bbox 3752 981 3808 1028; x_wconf 81' lang='grc' dir='ltr'>ἐκ</span> 
     </span>
    </p>
   </div>
   <div class='ocr_carea' id='block_1_61' title="bbox 2205 1061 3807 1131">
    <p class='ocr_par' dir='ltr' id='par_1_61' title="bbox 2205 1061 3807 1131">
     <span class='ocr_line' id='line_1_62' title="bbox 2205 1061 3807 1131; baseline -0.009 -11"><span class='ocrx_word' id='word_1_320' title='bbox 2205 1070 2534 1128; x_wconf 80' lang='grc' dir='ltr'>Παλαιστίνης</span> <span class='ocrx_word' id='word_1_321' title='bbox 2562 1073 2650 1118; x_wconf 76' lang='grc' dir='ltr'>τοῦ</span> <span class='ocrx_word' id='word_1_322' title='bbox 2680 1068 2918 1131; x_wconf 88' lang='grc' dir='ltr'>δόγματος</span> <span class='ocrx_word' id='word_1_323' title='bbox 2947 1065 3146 1122; x_wconf 80' lang='grc' dir='ltr'>τούτου,</span> <span class='ocrx_word' id='word_1_324' title='bbox 3175 1064 3289 1112; x_wconf 77' lang='grc' dir='ltr'>ἔνθα</span> <span class='ocrx_word' id='word_1_325' title='bbox 3320 1066 3514 1126; x_wconf 87' lang='grc' dir='ltr'>πρῶτον</span> <span class='ocrx_word' id='word_1_326' title='bbox 3544 1061 3719 1118; x_wconf 78' lang='grc' dir='ltr'>ἤξατο,</span> <span class='ocrx_word' id='word_1_327' title='bbox 3745 1066 3807 1120; x_wconf 78' lang='grc' dir='ltr'>τῇ</span> 
     </span>
    </p>
   </div>
   <div class='ocr_carea' id='block_1_62' title="bbox 2205 1140 3807 1213">
    <p class='ocr_par' dir='ltr' id='par_1_62' title="bbox 2205 1140 3807 1213">
     <span class='ocr_line' id='line_1_63' title="bbox 2205 1140 3807 1213; baseline -0.009 -13"><span class='ocrx_word' id='word_1_328' title='bbox 2205 1151 2463 1213; x_wconf 73' lang='grc' dir='ltr'>ουγκλήτῷ</span> <span class='ocrx_word' id='word_1_329' title='bbox 2493 1149 2886 1202; x_wconf 55' lang='grc' dir='ltr'>ἀνεκοινώσατοζ</span> <span class='ocrx_word' id='word_1_330' title='bbox 2906 1147 3046 1204; x_wconf 87' lang='grc' dir='ltr'>δῆλος</span> <span class='ocrx_word' id='word_1_331' title='bbox 3075 1144 3142 1192; x_wconf 87' lang='grc' dir='ltr'>ὧν</span> <span class='ocrx_word' id='word_1_332' title='bbox 3174 1142 3378 1196; x_wconf 82' lang='grc' dir='ltr'>ἐκείνοις</span> <span class='ocrx_word' id='word_1_333' title='bbox 3407 1142 3470 1195; x_wconf 85' lang='grc' dir='ltr'>ὡς</span> <span class='ocrx_word' id='word_1_334' title='bbox 3494 1141 3565 1203; x_wconf 81' lang='grc' dir='ltr'>τῷ</span> <span class='ocrx_word' id='word_1_335' title='bbox 3592 1140 3807 1201; x_wconf 84' lang='grc' dir='ltr'>δόγματι</span> 
     </span>
    </p>
   </div>
   <div class='ocr_carea' id='block_1_63' title="bbox 2207 1220 3808 1295">
    <p class='ocr_par' dir='ltr' id='par_1_63' title="bbox 2207 1220 3808 1295">
     <span class='ocr_line' id='line_1_64' title="bbox 2207 1220 3808 1295; baseline -0.008 -15"><span class='ocrx_word' id='word_1_336' title='bbox 2207 1231 2488 1295; x_wconf 84' lang='grc' dir='ltr'>ἀρέσκεται·</span> <span class='ocrx_word' id='word_1_337' title='bbox 2509 1232 2538 1288; x_wconf 86' lang='grc' dir='ltr'>ἡ</span> <span class='ocrx_word' id='word_1_338' title='bbox 2559 1231 2611 1279; x_wconf 81' lang='grc' dir='ltr'>δὲ</span> <span class='ocrx_word' id='word_1_339' title='bbox 2629 1229 2914 1290; x_wconf 80' lang='grc' dir='ltr'>σύγκλητος,</span> <span class='ocrx_word' id='word_1_340' title='bbox 2931 1227 3036 1276; x_wconf 74' lang='grc' dir='ltr'>ἐπεὶ</span> <span class='ocrx_word' id='word_1_341' title='bbox 3061 1225 3149 1274; x_wconf 78' lang='grc' dir='ltr'>οὐκ</span> <span class='ocrx_word' id='word_1_342' title='bbox 3173 1224 3297 1280; x_wconf 82' lang='grc' dir='ltr'>αὐτή</span> <span class='ocrx_word' id='word_1_343' title='bbox 3319 1221 3650 1283; x_wconf 78' lang='grc' dir='ltr'>δεκοκιμάκει,</span> <span class='ocrx_word' id='word_1_344' title='bbox 3673 1220 3808 1268; x_wconf 80' lang='grc' dir='ltr'>ἀπώ-</span> 
     </span>
    </p>
   </div>
   <div class='ocr_carea' id='block_1_64' title="bbox 2208 1300 3807 1372">
    <p class='ocr_par' dir='ltr' id='par_1_64' title="bbox 2208 1300 3807 1372">
     <span class='ocr_line' id='line_1_65' title="bbox 2208 1300 3807 1372; baseline -0.009 -11"><span class='ocrx_word' id='word_1_345' title='bbox 2208 1329 2350 1370; x_wconf 84' lang='grc' dir='ltr'>σατο,</span> <span class='ocrx_word' id='word_1_346' title='bbox 2381 1313 2408 1360; x_wconf 88' lang='grc' dir='ltr'>ό</span> <span class='ocrx_word' id='word_1_347' title='bbox 2436 1312 2487 1360; x_wconf 82' lang='grc' dir='ltr'>δὲ</span> <span class='ocrx_word' id='word_1_348' title='bbox 2517 1311 2566 1359; x_wconf 82' lang='grc' dir='ltr'>ἐν</span> <span class='ocrx_word' id='word_1_349' title='bbox 2600 1315 2657 1372; x_wconf 77' lang='grc' dir='ltr'>τῇ</span> <span class='ocrx_word' id='word_1_350' title='bbox 2684 1309 2834 1357; x_wconf 73' lang='grc' dir='ltr'>αὐτοῦ</span> <span class='ocrx_word' id='word_1_351' title='bbox 2859 1306 3102 1370; x_wconf 76' lang='grc' dir='ltr'>ἀποφάσει</span> <span class='ocrx_word' id='word_1_352' title='bbox 3132 1305 3341 1366; x_wconf 82' lang='grc' dir='ltr'>ἔμεινεν,</span> <span class='ocrx_word' id='word_1_353' title='bbox 3369 1301 3631 1360; x_wconf 81' lang='grc' dir='ltr'>ἀπειλήσας</span> <span class='ocrx_word' id='word_1_354' title='bbox 3653 1300 3807 1350; x_wconf 72' lang='grc' dir='ltr'>θάνα-</span> 
     </span>
    </p>
   </div>
   <div class='ocr_carea' id='block_1_65' title="bbox 2209 1387 3222 1454">
    <p class='ocr_par' dir='ltr' id='par_1_65' title="bbox 2209 1387 3222 1454">
     <span class='ocr_line' id='line_1_66' title="bbox 2209 1387 3222 1454; baseline -0.006 -12"><span class='ocrx_word' id='word_1_355' title='bbox 2209 1409 2292 1442; x_wconf 88' lang='grc' dir='ltr'>τον</span> <span class='ocrx_word' id='word_1_356' title='bbox 2324 1395 2426 1448; x_wconf 89' lang='grc' dir='ltr'>τοῖς</span> <span class='ocrx_word' id='word_1_357' title='bbox 2455 1396 2551 1441; x_wconf 86' lang='grc' dir='ltr'>τῶν</span> <span class='ocrx_word' id='word_1_358' title='bbox 2582 1390 2886 1454; x_wconf 72' lang='grc' dir='ltr'>Χριστιανῶν</span> <span class='ocrx_word' id='word_1_359' title='bbox 2914 1387 3222 1450; x_wconf 70' lang='grc' dir='ltr'>κατηγόροις.</span> 
     </span>
    </p>
   </div>
   <div class='ocr_carea' id='block_1_66' title="bbox 3165 1533 3380 1577">
    <p class='ocr_par' dir='ltr' id='par_1_66' title="bbox 3165 1533 3380 1577">
     <span class='ocr_line' id='line_1_67' title="bbox 3165 1533 3380 1577; baseline -0.009 -1"><span class='ocrx_word' id='word_1_360' title='bbox 3165 1533 3380 1577; x_wconf 71' lang='grc' dir='ltr'>ιΑΝοιι.</span> 
     </span>
    </p>
   </div>
   <div class='ocr_carea' id='block_1_67' title="bbox 2811 1616 3809 1691">
    <p class='ocr_par' dir='ltr' id='par_1_67' title="bbox 2811 1616 3809 1691">
     <span class='ocr_line' id='line_1_68' title="bbox 2811 1616 3809 1691; baseline -0.01 -11"><span class='ocrx_word' id='word_1_361' title='bbox 2811 1624 2879 1680; x_wconf 91' lang='lat' dir='ltr'>Ut</span> <span class='ocrx_word' id='word_1_362' title='bbox 2914 1621 2982 1676; x_wconf 91' lang='lat' dir='ltr'>de</span> <span class='ocrx_word' id='word_1_363' title='bbox 3023 1619 3232 1691; x_wconf 85' lang='lat' dir='ltr'>origine</span> <span class='ocrx_word' id='word_1_364' title='bbox 3276 1616 3484 1690; x_wconf 88' lang='lat' dir='ltr'>aliquid</span> <span class='ocrx_word' id='word_1_365' title='bbox 3537 1623 3809 1672; x_wconf 87' lang='lat' dir='ltr'>retracte-</span> 
     </span>
    </p>
   </div>
   <div class='ocr_carea' id='block_1_68' title="bbox 2740 1692 3811 1761">
    <p class='ocr_par' dir='ltr' id='par_1_68' title="bbox 2740 1692 3811 1761">
     <span class='ocr_line' id='line_1_69' title="bbox 2740 1692 3811 1761; baseline -0.008 -12"><span class='ocrx_word' id='word_1_366' title='bbox 2740 1710 2860 1749; x_wconf 89' lang='lat' dir='ltr'>mus</span> <span class='ocrx_word' id='word_1_367' title='bbox 2905 1692 3170 1761; x_wconf 88' lang='lat' dir='ltr'>ejusmodi</span> <span class='ocrx_word' id='word_1_368' title='bbox 3233 1693 3434 1761; x_wconf 74' lang='lat' dir='ltr'>legum,</span> <span class='ocrx_word' id='word_1_369' title='bbox 3484 1696 3640 1761; x_wconf 83' lang='lat' dir='ltr'>vetus</span> <span class='ocrx_word' id='word_1_370' title='bbox 3672 1695 3811 1742; x_wconf 88' lang='lat' dir='ltr'>&#39;erat</span> 
     </span>
    </p>
   </div>
   <div class='ocr_carea' id='block_1_69' title="bbox 2738 1759 3812 1840">
    <p class='ocr_par' dir='ltr' id='par_1_69' title="bbox 2738 1759 3812 1840">
     <span class='ocr_line' id='line_1_70' title="bbox 2738 1759 3812 1840; baseline -0.01 -20"><span class='ocrx_word' id='word_1_371' title='bbox 2738 1759 3036 1832; x_wconf 83' lang='lat' dir='ltr'>decretum,</span> <span class='ocrx_word' id='word_1_372' title='bbox 3071 1779 3138 1819; x_wconf 90' lang='lat' dir='ltr'>ne</span> <span class='ocrx_word' id='word_1_373' title='bbox 3180 1759 3311 1834; x_wconf 79' lang='lat' dir='ltr'>quis</span> <span class='ocrx_word' id='word_1_374' title='bbox 3333 1762 3470 1840; x_wconf 77' lang='lat' dir='ltr'>deus</span> <span class='ocrx_word' id='word_1_375' title='bbox 3507 1759 3579 1840; x_wconf 73' lang='lat' dir='ltr'>ab</span> <span class='ocrx_word' id='word_1_376' title='bbox 3628 1759 3812 1840; x_wconf 86' lang='lat' dir='ltr'>impe-</span> 
     </span>
    </p>
   </div>
   <div class='ocr_carea' id='block_1_70' title="bbox 2741 1832 3809 1896">
    <p class='ocr_par' dir='ltr' id='par_1_70' title="bbox 2741 1832 3809 1896">
     <span class='ocr_line' id='line_1_71' title="bbox 2741 1832 3809 1896; baseline -0.007 -4"><span class='ocrx_word' id='word_1_377' title='bbox 2741 1845 2916 1892; x_wconf 86' lang='lat' dir='ltr'>ratore</span> <span class='ocrx_word' id='word_1_378' title='bbox 2946 1832 3384 1896; x_wconf 78' lang='lat' dir='ltr'>consecraretur,</span> <span class='ocrx_word' id='word_1_379' title='bbox 3420 1832 3521 1885; x_wconf 91' lang='lat' dir='ltr'>nisi</span> <span class='ocrx_word' id='word_1_380' title='bbox 3552 1847 3582 1884; x_wconf 90' lang='lat' dir='ltr'>a</span> <span class='ocrx_word' id='word_1_381' title='bbox 3611 1839 3809 1884; x_wconf 76' lang='lat' dir='ltr'>senatu</span> 
     </span>
    </p>
   </div>
   <div class='ocr_carea' id='block_1_71' title="bbox 2739 1903 3809 1980">
    <p class='ocr_par' dir='ltr' id='par_1_71' title="bbox 2739 1903 3809 1980">
     <span class='ocr_line' id='line_1_72' title="bbox 2739 1903 3809 1980; baseline -0.008 -18"><span class='ocrx_word' id='word_1_382' title='bbox 2739 1907 3202 1977; x_wconf 84' lang='lat' dir='ltr'>comprobaretur.</span> <span class='ocrx_word' id='word_1_383' title='bbox 3231 1903 3477 1980; x_wconf 70' lang='lat' dir='ltr'>Tiberius</span> <span class='ocrx_word' id='word_1_384' title='bbox 3520 1916 3678 1980; x_wconf 72' lang='lat' dir='ltr'>ergo,</span> <span class='ocrx_word' id='word_1_385' title='bbox 3715 1916 3809 1980; x_wconf 78' lang='lat' dir='ltr'>cu-</span> 
     </span>
    </p>
   </div>
   <div class='ocr_carea' id='block_1_72' title="bbox 2737 1973 3806 2052">
    <p class='ocr_par' dir='ltr' id='par_1_72' title="bbox 2737 1973 3806 2052">
     <span class='ocr_line' id='line_1_73' title="bbox 2737 1973 3806 2052; baseline -0.011 -17"><span class='ocrx_word' id='word_1_386' title='bbox 2737 1983 2826 2049; x_wconf 90' lang='lat' dir='ltr'>jus</span> <span class='ocrx_word' id='word_1_387' title='bbox 2858 1973 3099 2052; x_wconf 73' lang='lat' dir='ltr'>tempore</span> <span class='ocrx_word' id='word_1_388' title='bbox 3130 1991 3323 2052; x_wconf 80' lang='lat' dir='ltr'>nomen</span> <span class='ocrx_word' id='word_1_389' title='bbox 3351 1973 3806 2052; x_wconf 35' lang='lat' dir='ltr'>Christianum-in</span> 
     </span>
    </p>
   </div>
   <div class='ocr_carea' id='block_1_73' title="bbox 2740 2043 3808 2121">
    <p class='ocr_par' dir='ltr' id='par_1_73' title="bbox 2740 2043 3808 2121">
     <span class='ocr_line' id='line_1_74' title="bbox 2740 2043 3808 2121; baseline -0.011 -15"><span class='ocrx_word' id='word_1_390' title='bbox 2740 2043 2993 2106; x_wconf 63' lang='lat' dir='ltr'>saeculum</span> <span class='ocrx_word' id='word_1_391' title='bbox 3015 2048 3270 2111; x_wconf 71' lang='lat' dir='ltr'>introivit,</span> <span class='ocrx_word' id='word_1_392' title='bbox 3296 2043 3670 2121; x_wconf 68' lang='lat' dir='ltr'>adnuntiatam</span> <span class='ocrx_word' id='word_1_393' title='bbox 3703 2043 3808 2121; x_wconf 82' lang='lat' dir='ltr'>sibi</span> 
     </span>
    </p>
   </div>
   <div class='ocr_carea' id='block_1_74' title="bbox 2741 2115 3810 2195">
    <p class='ocr_par' dir='ltr' id='par_1_74' title="bbox 2741 2115 3810 2195">
     <span class='ocr_line' id='line_1_75' title="bbox 2741 2115 3810 2195; baseline -0.011 -18"><span class='ocrx_word' id='word_1_394' title='bbox 2741 2139 2823 2195; x_wconf 78' lang='lat' dir='ltr'>ex_</span> <span class='ocrx_word' id='word_1_395' title='bbox 2871 2121 3150 2195; x_wconf 58' lang='lat' dir='ltr'>Palaestina</span> <span class='ocrx_word' id='word_1_396' title='bbox 3196 2118 3474 2195; x_wconf 74' lang='lat' dir='ltr'>veritatem</span> <span class='ocrx_word' id='word_1_397' title='bbox 3497 2186 3506 2195; x_wconf 38' lang='lat'>.</span> <span class='ocrx_word' id='word_1_398' title='bbox 3531 2115 3810 2195; x_wconf 81' lang='lat' dir='ltr'>dogmatis</span> 
     </span>
    </p>
   </div>
   <div class='ocr_carea' id='block_1_75' title="bbox 2741 2186 3814 2264">
    <p class='ocr_par' dir='ltr' id='par_1_75' title="bbox 2741 2186 3814 2264">
     <span class='ocr_line' id='line_1_76' title="bbox 2741 2186 3814 2264; baseline -0.01 -16"><span class='ocrx_word' id='word_1_399' title='bbox 2741 2193 2895 2248; x_wconf 91' lang='lat' dir='ltr'>istius</span> <span class='ocrx_word' id='word_1_400' title='bbox 2919 2191 3023 2264; x_wconf 78' lang='lat' dir='ltr'>(ibi</span> <span class='ocrx_word' id='word_1_401' title='bbox 3051 2191 3198 2264; x_wconf 86' lang='lat' dir='ltr'>enim</span> <span class='ocrx_word' id='word_1_402' title='bbox 3238 2189 3410 2260; x_wconf 88' lang='lat' dir='ltr'>prima</span> <span class='ocrx_word' id='word_1_403' title='bbox 3438 2186 3590 2264; x_wconf 74' lang='lat' dir='ltr'>initia</span> <span class='ocrx_word' id='word_1_404' title='bbox 3621 2201 3814 2254; x_wconf 90' lang='lat' dir='ltr'>sump-</span> 
     </span>
    </p>
   </div>
   <div class='ocr_carea' id='block_1_76' title="bbox 2743 2257 3813 2334">
    <p class='ocr_par' dir='ltr' id='par_1_76' title="bbox 2743 2257 3813 2334">
     <span class='ocr_line' id='line_1_77' title="bbox 2743 2257 3813 2334; baseline -0.011 -14"><span class='ocrx_word' id='word_1_405' title='bbox 2743 2257 2945 2334; x_wconf 56' lang='lat' dir='ltr'>serat),</span> <span class='ocrx_word' id='word_1_406' title='bbox 2998 2263 3064 2317; x_wconf 92' lang='lat' dir='ltr'>ad</span> <span class='ocrx_word' id='word_1_407' title='bbox 3121 2257 3374 2334; x_wconf 75' lang='lat' dir='ltr'>senatum</span> <span class='ocrx_word' id='word_1_408' title='bbox 3415 2257 3627 2334; x_wconf 70' lang='lat' dir='ltr'>retulit,</span> <span class='ocrx_word' id='word_1_409' title='bbox 3683 2272 3813 2310; x_wconf 87' lang='lat' dir='ltr'>cum</span> 
     </span>
    </p>
   </div>
   <div class='ocr_carea' id='block_1_77' title="bbox 2742 2329 3811 2408">
    <p class='ocr_par' dir='ltr' id='par_1_77' title="bbox 2742 2329 3811 2408">
     <span class='ocr_line' id='line_1_78' title="bbox 2742 2329 3811 2408; baseline -0.013 -16"><span class='ocrx_word' id='word_1_410' title='bbox 2742 2329 3096 2408; x_wconf 55' lang='lat' dir='ltr'>praerogativa</span> <span class='ocrx_word' id='word_1_411' title='bbox 3132 2330 3376 2408; x_wconf 80' lang='lat' dir='ltr'>suffragii</span> <span class='ocrx_word' id='word_1_412' title='bbox 3408 2329 3510 2384; x_wconf 91' lang='lat' dir='ltr'>sui.</span> <span class='ocrx_word' id='word_1_413' title='bbox 3551 2329 3811 2406; x_wconf 74' lang='lat' dir='ltr'>Senatus,</span> 
     </span>
    </p>
   </div>
   <div class='ocr_carea' id='block_1_78' title="bbox 2779 2405 3810 2478">
    <p class='ocr_par' dir='ltr' id='par_1_78' title="bbox 2779 2405 3810 2478">
     <span class='ocr_line' id='line_1_79' title="bbox 2779 2405 3810 2478; baseline -0.013 -16"><span class='ocrx_word' id='word_1_414' title='bbox 2779 2407 2865 2462; x_wconf 89' lang='lat' dir='ltr'>uia</span> <span class='ocrx_word' id='word_1_415' title='bbox 2896 2405 3013 2478; x_wconf 79' lang='lat' dir='ltr'>ipse</span> <span class='ocrx_word' id='word_1_416' title='bbox 3043 2421 3153 2461; x_wconf 90' lang='lat' dir='ltr'>non</span> <span class='ocrx_word' id='word_1_417' title='bbox 3193 2405 3536 2478; x_wconf 68' lang='lat' dir='ltr'>probaverat,</span> <span class='ocrx_word' id='word_1_418' title='bbox 3566 2405 3810 2477; x_wconf 75' lang='lat' dir='ltr'>respuit.</span> 
     </span>
    </p>
   </div>
   <div class='ocr_carea' id='block_1_79' title="bbox 2787 2471 3813 2537">
    <p class='ocr_par' dir='ltr' id='par_1_79' title="bbox 2787 2471 3813 2537">
     <span class='ocr_line' id='line_1_80' title="bbox 2787 2471 3813 2537; baseline -0.012 -4"><span class='ocrx_word' id='word_1_419' title='bbox 2787 2471 2931 2533; x_wconf 62' lang='lat' dir='ltr'>aesar</span> <span class='ocrx_word' id='word_1_420' title='bbox 2951 2478 3003 2531; x_wconf 91' lang='lat' dir='ltr'>in</span> <span class='ocrx_word' id='word_1_421' title='bbox 3034 2471 3299 2531; x_wconf 84' lang='lat' dir='ltr'>sententia</span> <span class='ocrx_word' id='word_1_422' title='bbox 3329 2471 3540 2537; x_wconf 84' lang='lat' dir='ltr'>mansit,</span> <span class='ocrx_word' id='word_1_423' title='bbox 3574 2471 3813 2525; x_wconf 91' lang='lat' dir='ltr'>commi-</span> 
     </span>
    </p>
   </div>
   <div class='ocr_carea' id='block_1_80' title="bbox 2743 2545 3818 2605">
    <p class='ocr_par' dir='ltr' id='par_1_80' title="bbox 2743 2545 3818 2605">
     <span class='ocr_line' id='line_1_81' title="bbox 2743 2545 3818 2605; baseline -0.007 -2"><span class='ocrx_word' id='word_1_424' title='bbox 2743 2557 2903 2605; x_wconf 83' lang='lat' dir='ltr'>natus</span> <span class='ocrx_word' id='word_1_425' title='bbox 2934 2559 3158 2604; x_wconf 86' lang='lat' dir='ltr'>mortem</span> <span class='ocrx_word' id='word_1_426' title='bbox 3179 2545 3604 2603; x_wconf 82' lang='lat' dir='ltr'>Christianorum</span> <span class='ocrx_word' id='word_1_427' title='bbox 3647 2556 3818 2598; x_wconf 88' lang='lat' dir='ltr'>accu-</span> 
     </span>
    </p>
   </div>
   <div class='ocr_carea' id='block_1_81' title="bbox 2743 2621 3036 2677">
    <p class='ocr_par' dir='ltr' id='par_1_81' title="bbox 2743 2621 3036 2677">
     <span class='ocr_line' id='line_1_82' title="bbox 2743 2621 3036 2677; baseline -0.01 0"><span class='ocrx_word' id='word_1_428' title='bbox 2743 2621 3036 2677; x_wconf 78' lang='lat' dir='ltr'>satoribus.</span> 
     </span>
    </p>
   </div>
   <div class='ocr_carea' id='block_1_82' title="bbox 580 3365 3560 3446">
    <p class='ocr_par' dir='ltr' id='par_1_82' title="bbox 580 3365 3560 3446">
     <span class='ocr_line' id='line_1_83' title="bbox 580 3365 3560 3446; baseline -0.002 -21"><span class='ocrx_word' id='word_1_429' title='bbox 580 3368 662 3425; x_wconf 83' lang='lat' dir='ltr'>Ex</span> <span class='ocrx_word' id='word_1_430' title='bbox 686 3369 878 3426; x_wconf 86' lang='lat' dir='ltr'>eodem</span> <span class='ocrx_word' id='word_1_431' title='bbox 905 3371 1240 3446; x_wconf 84' lang='lat' dir='ltr'>Apologetici</span> <span class='ocrx_word' id='word_1_432' title='bbox 1269 3374 1337 3440; x_wconf 85' lang='lat' dir='ltr'>V,</span> <span class='ocrx_word' id='word_1_433' title='bbox 1369 3389 1489 3445; x_wconf 85' lang='lat' dir='ltr'>cap.</span> <span class='ocrx_word' id='word_1_434' title='bbox 1530 3373 1676 3442; x_wconf 84' lang='lat' dir='ltr'>iuxta</span> <span class='ocrx_word' id='word_1_435' title='bbox 1703 3374 1993 3430; x_wconf 85' lang='lat' dir='ltr'>Eusebium</span> <span class='ocrx_word' id='word_1_436' title='bbox 2031 3374 2175 3444; x_wconf 79' lang='lat' dir='ltr'>(Hist</span> <span class='ocrx_word' id='word_1_437' title='bbox 2198 3374 2406 3429; x_wconf 81' lang='lat' dir='ltr'>Eccles.</span> <span class='ocrx_word' id='word_1_438' title='bbox 2435 3371 2533 3426; x_wconf 92' lang='lat' dir='ltr'>lib.</span> <span class='ocrx_word' id='word_1_439' title='bbox 2566 3387 2631 3442; x_wconf 79' lang='grc' dir='ltr'>ιι,</span> <span class='ocrx_word' id='word_1_440' title='bbox 2675 3387 2798 3442; x_wconf 84' lang='lat' dir='ltr'>cap.</span> <span class='ocrx_word' id='word_1_441' title='bbox 2833 3370 2924 3439; x_wconf 75' lang='grc'>24)</span> <span class='ocrx_word' id='word_1_442' title='bbox 2955 3378 3007 3425; x_wconf 84' lang='grc' dir='ltr'>οι</span> <span class='ocrx_word' id='word_1_443' title='bbox 3027 3367 3315 3438; x_wconf 89' lang='lat' dir='ltr'>Nicephor.</span> <span class='ocrx_word' id='word_1_444' title='bbox 3345 3365 3460 3432; x_wconf 74' lang='lat' dir='ltr'>(lib.</span> <span class='ocrx_word' id='word_1_445' title='bbox 3495 3379 3560 3419; x_wconf 90' lang='grc' dir='ltr'>ιι.</span> 
     </span>
    </p>
   </div>
   <div class='ocr_carea' id='block_1_83' title="bbox 577 3592 2098 3664">
    <p class='ocr_par' dir='ltr' id='par_1_83' title="bbox 577 3592 2098 3664">
     <span class='ocr_line' id='line_1_84' title="bbox 577 3592 2098 3664; baseline 0 -20"><span class='ocrx_word' id='word_1_446' title='bbox 577 3592 835 3659; x_wconf 79' lang='grc' dir='ltr'>Ἐντύχετε</span> <span class='ocrx_word' id='word_1_447' title='bbox 864 3602 964 3654; x_wconf 83' lang='grc' dir='ltr'>τοῖς</span> <span class='ocrx_word' id='word_1_448' title='bbox 997 3597 1342 3662; x_wconf 81' lang='grc' dir='ltr'>ὓπομνήμασιν</span> <span class='ocrx_word' id='word_1_449' title='bbox 1371 3599 1526 3661; x_wconf 80' lang='grc' dir='ltr'>ὑμῶν·</span> <span class='ocrx_word' id='word_1_450' title='bbox 1559 3599 1664 3647; x_wconf 83' lang='grc' dir='ltr'>ἐκεῖ</span> <span class='ocrx_word' id='word_1_451' title='bbox 1692 3598 1927 3664; x_wconf 77' lang='grc' dir='ltr'>εὑρήσετε</span> <span class='ocrx_word' id='word_1_452' title='bbox 1959 3601 2098 3662; x_wconf 88' lang='grc' dir='ltr'>πρῶ-</span> 
     </span>
    </p>
   </div>
   <div class='ocr_carea' id='block_1_84' title="bbox 507 3676 2101 3741">
    <p class='ocr_par' dir='ltr' id='par_1_84' title="bbox 507 3676 2101 3741">
     <span class='ocr_line' id='line_1_85' title="bbox 507 3676 2101 3741; baseline 0.003 -19"><span class='ocrx_word' id='word_1_453' title='bbox 507 3690 592 3724; x_wconf 87' lang='grc' dir='ltr'>τον</span> <span class='ocrx_word' id='word_1_454' title='bbox 640 3677 847 3739; x_wconf 86' lang='grc' dir='ltr'>Νέρωνα</span> <span class='ocrx_word' id='word_1_455' title='bbox 888 3683 1036 3726; x_wconf 81' lang='grc' dir='ltr'>τοῦτο</span> <span class='ocrx_word' id='word_1_456' title='bbox 1071 3679 1127 3727; x_wconf 87' lang='grc' dir='ltr'>τὸ</span> <span class='ocrx_word' id='word_1_457' title='bbox 1161 3679 1335 3741; x_wconf 82' lang='grc' dir='ltr'>δόγμα,</span> <span class='ocrx_word' id='word_1_458' title='bbox 1366 3679 1510 3736; x_wconf 84' lang='grc' dir='ltr'>ἡνίκα</span> <span class='ocrx_word' id='word_1_459' title='bbox 1545 3679 1758 3741; x_wconf 86' lang='grc' dir='ltr'>μάλιστα</span> <span class='ocrx_word' id='word_1_460' title='bbox 1808 3679 1856 3726; x_wconf 84' lang='grc' dir='ltr'>ἐν</span> <span class='ocrx_word' id='word_1_461' title='bbox 1916 3676 2101 3740; x_wconf 80' lang='grc' dir='ltr'>Ῥώμῃ,</span> 
     </span>
    </p>
   </div>
   <div class='ocr_carea' id='block_1_85' title="bbox 506 3755 2104 3821">
    <p class='ocr_par' dir='ltr' id='par_1_85' title="bbox 506 3755 2104 3821">
     <span class='ocr_line' id='line_1_86' title="bbox 506 3755 2104 3821; baseline 0.003 -19"><span class='ocrx_word' id='word_1_462' title='bbox 506 3756 591 3811; x_wconf 83' lang='grc' dir='ltr'>τήν</span> <span class='ocrx_word' id='word_1_463' title='bbox 627 3755 866 3813; x_wconf 80' lang='grc' dir='ltr'>ἀνατολήν</span> <span class='ocrx_word' id='word_1_464' title='bbox 909 3763 1074 3806; x_wconf 82' lang='grc' dir='ltr'>πᾶσαν</span> <span class='ocrx_word' id='word_1_465' title='bbox 1120 3759 1382 3818; x_wconf 76' lang='grc' dir='ltr'>ὑποτάξας,</span> <span class='ocrx_word' id='word_1_466' title='bbox 1412 3759 1543 3821; x_wconf 87' lang='grc' dir='ltr'>ὠμὸς</span> <span class='ocrx_word' id='word_1_467' title='bbox 1575 3758 1634 3817; x_wconf 82' lang='grc' dir='ltr'>ἦν</span> <span class='ocrx_word' id='word_1_468' title='bbox 1672 3760 1736 3815; x_wconf 81' lang='grc' dir='ltr'>εἷς</span> <span class='ocrx_word' id='word_1_469' title='bbox 1767 3757 1953 3813; x_wconf 81' lang='grc' dir='ltr'>πάντας</span> <span class='ocrx_word' id='word_1_470' title='bbox 1987 3757 2104 3806; x_wconf 87' lang='grc' dir='ltr'>διώ·-</span> 
     </span>
    </p>
   </div>
   <div class='ocr_carea' id='block_1_86' title="bbox 933 3928 1147 3970">
    <p class='ocr_par' dir='ltr' id='par_1_86' title="bbox 933 3928 1147 3970">
     <span class='ocr_line' id='line_1_87' title="bbox 933 3928 1147 3970; baseline 0.014 -3"><span class='ocrx_word' id='word_1_471' title='bbox 933 3928 1147 3970; x_wconf 73' lang='lat' dir='ltr'>RUFINI.</span> 
     </span>
    </p>
   </div>
   <div class='ocr_carea' id='block_1_87' title="bbox 579 4006 1566 4081">
    <p class='ocr_par' dir='ltr' id='par_1_87' title="bbox 579 4006 1566 4081">
     <span class='ocr_line' id='line_1_88' title="bbox 579 4006 1566 4081; baseline 0.003 -18"><span class='ocrx_word' id='word_1_472' title='bbox 579 4006 856 4081; x_wconf 84' lang='lat' dir='ltr'>Consulite</span> <span class='ocrx_word' id='word_1_473' title='bbox 885 4009 1298 4064; x_wconf 89' lang='lat' dir='ltr'>commentarios</span> <span class='ocrx_word' id='word_1_474' title='bbox 1335 4018 1566 4081; x_wconf 84' lang='lat' dir='ltr'>vestros,</span> 
     </span>
    </p>
   </div>
   <div class='ocr_carea' id='block_1_88' title="bbox 509 4077 1568 4153">
    <p class='ocr_par' dir='ltr' id='par_1_88' title="bbox 509 4077 1568 4153">
     <span class='ocr_line' id='line_1_89' title="bbox 509 4077 1568 4153; baseline 0.006 -21"><span class='ocrx_word' id='word_1_475' title='bbox 509 4077 616 4134; x_wconf 89' lang='lat' dir='ltr'>illic</span> <span class='ocrx_word' id='word_1_476' title='bbox 655 4079 932 4153; x_wconf 78' lang='lat' dir='ltr'>reperietis</span> <span class='ocrx_word' id='word_1_477' title='bbox 954 4082 1186 4152; x_wconf 90' lang='lat' dir='ltr'>primum</span> <span class='ocrx_word' id='word_1_478' title='bbox 1214 4097 1431 4153; x_wconf 91' lang='lat' dir='ltr'>quoque</span> <span class='ocrx_word' id='word_1_479' title='bbox 1463 4077 1568 4138; x_wconf 48' lang='lat' dir='ltr'>Ne;</span> 
     </span>
    </p>
   </div>
   <div class='ocr_carea' id='block_1_89' title="bbox 513 4151 1570 4218">
    <p class='ocr_par' dir='ltr' id='par_1_89' title="bbox 513 4151 1570 4218">
     <span class='ocr_line' id='line_1_90' title="bbox 513 4151 1570 4218; baseline 0.004 -12"><span class='ocrx_word' id='word_1_480' title='bbox 513 4167 695 4206; x_wconf 89' lang='lat' dir='ltr'>ronem</span> <span class='ocrx_word' id='word_1_481' title='bbox 725 4152 778 4206; x_wconf 87' lang='lat' dir='ltr'>in</span> <span class='ocrx_word' id='word_1_482' title='bbox 800 4151 937 4208; x_wconf 89' lang='lat' dir='ltr'>hanc</span> <span class='ocrx_word' id='word_1_483' title='bbox 955 4151 1182 4218; x_wconf 77' lang='lat' dir='ltr'>sectam,</span> <span class='ocrx_word' id='word_1_484' title='bbox 1205 4151 1317 4207; x_wconf 88' lang='lat' dir='ltr'>tum</span> <span class='ocrx_word' id='word_1_485' title='bbox 1340 4151 1570 4210; x_wconf 79' lang='lat' dir='ltr'>maxime</span> 
     </span>
    </p>
   </div>
   <div class='ocr_carea' id='block_1_90' title="bbox 515 4222 1570 4299">
    <p class='ocr_par' dir='ltr' id='par_1_90' title="bbox 515 4222 1570 4299">
     <span class='ocr_line' id='line_1_91' title="bbox 515 4222 1570 4299; baseline 0.007 -23"><span class='ocrx_word' id='word_1_486' title='bbox 515 4222 699 4299; x_wconf 58' lang='lat' dir='ltr'>Romae</span> <span class='ocrx_word' id='word_1_487' title='bbox 750 4225 1048 4299; x_wconf 69' lang='lat' dir='ltr'>orientem,</span> <span class='ocrx_word' id='word_1_488' title='bbox 1089 4241 1329 4299; x_wconf 78' lang='lat' dir='ltr'>caesareo</span> <span class='ocrx_word' id='word_1_489' title='bbox 1365 4227 1570 4299; x_wconf 16' lang='lat' dir='ltr'>,gladio</span> 
     </span>
    </p>
   </div>
   <div class='ocr_carea' id='block_1_91' title="bbox 513 4294 1572 4353">
    <p class='ocr_par' dir='ltr' id='par_1_91' title="bbox 513 4294 1572 4353">
     <span class='ocr_line' id='line_1_92' title="bbox 513 4294 1572 4353; baseline 0.006 -7"><span class='ocrx_word' id='word_1_490' title='bbox 513 4294 787 4350; x_wconf 83' lang='lat' dir='ltr'>ferocisse.</span> <span class='ocrx_word' id='word_1_491' title='bbox 833 4295 947 4350; x_wconf 89' lang='lat' dir='ltr'>Tali</span> <span class='ocrx_word' id='word_1_492' title='bbox 998 4296 1305 4353; x_wconf 89' lang='lat' dir='ltr'>dedicatore</span> <span class='ocrx_word' id='word_1_493' title='bbox 1346 4294 1572 4352; x_wconf 48' lang='lat' dir='ltr'>damna-</span> 
     </span>
    </p>
   </div>
   <div class='ocr_carea' id='block_1_92' title="bbox 519 4366 1572 4438">
    <p class='ocr_par' dir='ltr' id='par_1_92' title="bbox 519 4366 1572 4438">
     <span class='ocr_line' id='line_1_93' title="bbox 519 4366 1572 4438; baseline 0.005 -21"><span class='ocrx_word' id='word_1_494' title='bbox 519 4366 682 4438; x_wconf 88' lang='lat' dir='ltr'>tionis</span> <span class='ocrx_word' id='word_1_495' title='bbox 711 4373 907 4421; x_wconf 68' lang='lat' dir='ltr'>nostra:</span> <span class='ocrx_word' id='word_1_496' title='bbox 937 4368 1096 4423; x_wconf 92' lang='lat' dir='ltr'>etiam</span> <span class='ocrx_word' id='word_1_497' title='bbox 1118 4367 1434 4438; x_wconf 80' lang='lat' dir='ltr'>gloriamur.</span> <span class='ocrx_word' id='word_1_498' title='bbox 1469 4369 1572 4438; x_wconf 89' lang='lat' dir='ltr'>Qui</span> 
     </span>
    </p>
   </div>
   <div class='ocr_carea' id='block_1_93' title="bbox 514 4507 3544 4587">
    <p class='ocr_par' dir='ltr' id='par_1_93' title="bbox 514 4507 3544 4587">
     <span class='ocr_line' id='line_1_94' title="bbox 514 4507 3544 4587; baseline -0 -26"><span class='ocrx_word' id='word_1_499' title='bbox 514 4523 622 4587; x_wconf 65' lang='lat' dir='ltr'>non</span> <span class='ocrx_word' id='word_1_500' title='bbox 661 4507 764 4562; x_wconf 86' lang='lat' dir='ltr'>nisi</span> <span class='ocrx_word' id='word_1_501' title='bbox 792 4507 1260 4587; x_wconf 53' lang='lat' dir='ltr'>grande&#39;aliquod</span> <span class='ocrx_word' id='word_1_502' title='bbox 1304 4507 1508 4571; x_wconf 76' lang='lat' dir='ltr'>bonum</span> <span class='ocrx_word' id='word_1_503' title='bbox 1547 4529 1576 4567; x_wconf 88' lang='lat' dir='ltr'>a</span> <span class='ocrx_word' id='word_1_504' title='bbox 1633 4507 1851 4587; x_wconf 76' lang='lat' dir='ltr'>aliquod</span> <span class='ocrx_word' id='word_1_505' title='bbox 1899 4507 2100 4568; x_wconf 72' lang='lat' dir='ltr'>bonuin</span> <span class='ocrx_word' id='word_1_506' title='bbox 2150 4507 2352 4587; x_wconf 75' lang='lat' dir='ltr'>grande</span> <span class='ocrx_word' id='word_1_507' title='bbox 2397 4529 2430 4569; x_wconf 89' lang='lat' dir='ltr'>a</span> <span class='ocrx_word' id='word_1_508' title='bbox 2480 4513 2693 4570; x_wconf 86' lang='lat' dir='ltr'>Nerone</span> <span class='ocrx_word' id='word_1_509' title='bbox 2747 4510 2958 4587; x_wconf 76' lang='lat' dir='ltr'>nonnisi</span> <span class='ocrx_word' id='word_1_510' title='bbox 2997 4509 3217 4580; x_wconf 86' lang='lat' dir='ltr'>aliquod</span> <span class='ocrx_word' id='word_1_511' title='bbox 3263 4508 3465 4563; x_wconf 89' lang='lat' dir='ltr'>bonum</span> <span class='ocrx_word' id='word_1_512' title='bbox 3512 4521 3544 4560; x_wconf 87' lang='lat' dir='ltr'>a</span> 
     </span>
    </p>
   </div>
   <div class='ocr_carea' id='block_1_94' title="bbox 509 4579 1100 4637">
    <p class='ocr_par' dir='ltr' id='par_1_94' title="bbox 509 4579 1100 4637">
     <span class='ocr_line' id='line_1_95' title="bbox 509 4579 1100 4637; baseline 0.005 -3"><span class='ocrx_word' id='word_1_513' title='bbox 509 4579 726 4635; x_wconf 87' lang='lat' dir='ltr'>Nerone</span> <span class='ocrx_word' id='word_1_514' title='bbox 771 4579 1100 4637; x_wconf 67' lang='lat' dir='ltr'>damnatum.</span> 
     </span>
    </p>
   </div>
   <div class='ocr_carea' id='block_1_95' title="bbox 2023 3471 2291 3541">
    <p class='ocr_par' dir='ltr' id='par_1_95' title="bbox 2023 3471 2291 3541">
     <span class='ocr_line' id='line_1_96' title="bbox 2023 3471 2291 3541; baseline -0.004 -15"><span class='ocrx_word' id='word_1_515' title='bbox 2023 3487 2140 3541; x_wconf 75' lang='lat' dir='ltr'>cap.</span> <span class='ocrx_word' id='word_1_516' title='bbox 2174 3471 2291 3540; x_wconf 81' lang='lat'>3&#39;7).</span> 
     </span>
    </p>
   </div>
   <div class='ocr_carea' id='block_1_96' title="bbox 1879 3929 2421 3971">
    <p class='ocr_par' dir='ltr' id='par_1_96' title="bbox 1879 3929 2421 3971">
     <span class='ocr_line' id='line_1_97' title="bbox 1879 3929 2421 3971; baseline 0 -3"><span class='ocrx_word' id='word_1_517' title='bbox 1879 3929 2421 3971; x_wconf 76' lang='lat' dir='ltr'>CHRISTOPHORSONI.</span> 
     </span>
    </p>
   </div>
   <div class='ocr_carea' id='block_1_97' title="bbox 1696 4012 2686 4080">
    <p class='ocr_par' dir='ltr' id='par_1_97' title="bbox 1696 4012 2686 4080">
     <span class='ocr_line' id='line_1_98' title="bbox 1696 4012 2686 4080; baseline 0 -12"><span class='ocrx_word' id='word_1_518' title='bbox 1696 4012 1969 4068; x_wconf 88' lang='lat' dir='ltr'>Consulite</span> <span class='ocrx_word' id='word_1_519' title='bbox 2015 4024 2216 4068; x_wconf 85' lang='lat' dir='ltr'>vestras</span> <span class='ocrx_word' id='word_1_520' title='bbox 2251 4013 2686 4080; x_wconf 89' lang='lat' dir='ltr'>commentarios,</span> 
     </span>
    </p>
   </div>
   <div class='ocr_carea' id='block_1_98' title="bbox 1625 4082 2686 4156">
    <p class='ocr_par' dir='ltr' id='par_1_98' title="bbox 1625 4082 2686 4156">
     <span class='ocr_line' id='line_1_99' title="bbox 1625 4082 2686 4156; baseline 0.001 -19"><span class='ocrx_word' id='word_1_521' title='bbox 1625 4082 1738 4138; x_wconf 89' lang='lat' dir='ltr'>illic</span> <span class='ocrx_word' id='word_1_522' title='bbox 1768 4083 2042 4156; x_wconf 86' lang='lat' dir='ltr'>reperietis</span> <span class='ocrx_word' id='word_1_523' title='bbox 2072 4086 2302 4154; x_wconf 90' lang='lat' dir='ltr'>primum</span> <span class='ocrx_word' id='word_1_524' title='bbox 2333 4086 2601 4140; x_wconf 90' lang='lat' dir='ltr'>Neronem</span> <span class='ocrx_word' id='word_1_525' title='bbox 2632 4085 2686 4138; x_wconf 90' lang='lat' dir='ltr'>in</span> 
     </span>
    </p>
   </div>
   <div class='ocr_carea' id='block_1_99' title="bbox 1628 4156 2688 4220">
    <p class='ocr_par' dir='ltr' id='par_1_99' title="bbox 1628 4156 2688 4220">
     <span class='ocr_line' id='line_1_100' title="bbox 1628 4156 2688 4220; baseline -0.001 -10"><span class='ocrx_word' id='word_1_526' title='bbox 1628 4156 1770 4212; x_wconf 84' lang='lat' dir='ltr'>hanc</span> <span class='ocrx_word' id='word_1_527' title='bbox 1799 4167 2020 4220; x_wconf 89' lang='lat' dir='ltr'>sectam,</span> <span class='ocrx_word' id='word_1_528' title='bbox 2062 4163 2174 4210; x_wconf 88' lang='lat' dir='ltr'>tum</span> <span class='ocrx_word' id='word_1_529' title='bbox 2221 4158 2454 4211; x_wconf 85' lang='lat' dir='ltr'>maxime</span> <span class='ocrx_word' id='word_1_530' title='bbox 2506 4157 2688 4211; x_wconf 65' lang='lat' dir='ltr'>Romaa</span> 
     </span>
    </p>
   </div>
   <div class='ocr_carea' id='block_1_100' title="bbox 1629 4227 2687 4299">
    <p class='ocr_par' dir='ltr' id='par_1_100' title="bbox 1629 4227 2687 4299">
     <span class='ocr_line' id='line_1_101' title="bbox 1629 4227 2687 4299; baseline -0.001 -16"><span class='ocrx_word' id='word_1_531' title='bbox 1629 4229 1914 4299; x_wconf 87' lang='lat' dir='ltr'>orientem,</span> <span class='ocrx_word' id='word_1_532' title='bbox 1962 4243 2266 4283; x_wconf 71' lang='lat' dir='ltr'>czesareano</span> <span class='ocrx_word' id='word_1_533' title='bbox 2309 4227 2490 4299; x_wconf 80' lang='lat' dir='ltr'>gladio</span> <span class='ocrx_word' id='word_1_534' title='bbox 2536 4227 2687 4282; x_wconf 87' lang='lat' dir='ltr'>fero-</span> 
     </span>
    </p>
   </div>
   <div class='ocr_carea' id='block_1_101' title="bbox 1631 4298 2691 4355">
    <p class='ocr_par' dir='ltr' id='par_1_101' title="bbox 1631 4298 2691 4355">
     <span class='ocr_line' id='line_1_102' title="bbox 1631 4298 2691 4355; baseline 0 -1"><span class='ocrx_word' id='word_1_535' title='bbox 1631 4298 1790 4354; x_wconf 82' lang='lat' dir='ltr'>cisse.</span> <span class='ocrx_word' id='word_1_536' title='bbox 1815 4299 1918 4355; x_wconf 90' lang='lat' dir='ltr'>Sed</span> <span class='ocrx_word' id='word_1_537' title='bbox 1945 4299 2034 4354; x_wconf 88' lang='lat' dir='ltr'>tali</span> <span class='ocrx_word' id='word_1_538' title='bbox 2063 4298 2368 4355; x_wconf 87' lang='lat' dir='ltr'>dedicatore</span> <span class='ocrx_word' id='word_1_539' title='bbox 2397 4299 2691 4354; x_wconf 85' lang='lat' dir='ltr'>damnatio-</span> 
     </span>
    </p>
   </div>
   <div class='ocr_carea' id='block_1_102' title="bbox 2211 3583 3814 3658">
    <p class='ocr_par' dir='ltr' id='par_1_102' title="bbox 2211 3583 3814 3658">
     <span class='ocr_line' id='line_1_103' title="bbox 2211 3583 3814 3658; baseline -0.006 -14"><span class='ocrx_word' id='word_1_540' title='bbox 2211 3598 2374 3652; x_wconf 79' lang='grc' dir='ltr'>ξαντα.</span> <span class='ocrx_word' id='word_1_541' title='bbox 2398 3593 2618 3658; x_wconf 77' lang='grc' dir='ltr'>Τοιούτῴ</span> <span class='ocrx_word' id='word_1_542' title='bbox 2636 3599 2718 3653; x_wconf 86' lang='grc' dir='ltr'>τῆς</span> <span class='ocrx_word' id='word_1_543' title='bbox 2748 3591 2996 3648; x_wconf 82' lang='grc' dir='ltr'>κολάσεως</span> <span class='ocrx_word' id='word_1_544' title='bbox 3023 3583 3161 3652; x_wconf 75' lang='grc' dir='ltr'>ἡμῶν</span> <span class='ocrx_word' id='word_1_545' title='bbox 3193 3589 3390 3654; x_wconf 82' lang='grc' dir='ltr'>ἀρχηγῷ</span> <span class='ocrx_word' id='word_1_546' title='bbox 3410 3587 3740 3650; x_wconf 71' lang='grc' dir='ltr'>καυχώμεθα.</span> <span class='ocrx_word' id='word_1_547' title='bbox 3763 3585 3814 3634; x_wconf 79' lang='grc' dir='ltr'>Ὁ</span> 
     </span>
    </p>
   </div>
   <div class='ocr_carea' id='block_1_103' title="bbox 2212 3669 3817 3740">
    <p class='ocr_par' dir='ltr' id='par_1_103' title="bbox 2212 3669 3817 3740">
     <span class='ocr_line' id='line_1_104' title="bbox 2212 3669 3817 3740; baseline -0.006 -16"><span class='ocrx_word' id='word_1_548' title='bbox 2212 3677 2305 3740; x_wconf 87' lang='grc' dir='ltr'>γὰρ</span> <span class='ocrx_word' id='word_1_549' title='bbox 2342 3678 2476 3733; x_wconf 80' lang='grc' dir='ltr'>εἰδώς</span> <span class='ocrx_word' id='word_1_550' title='bbox 2510 3677 2719 3733; x_wconf 84' lang='grc' dir='ltr'>ἐκεῖνον,</span> <span class='ocrx_word' id='word_1_551' title='bbox 2753 3680 2911 3734; x_wconf 88' lang='grc' dir='ltr'>νοῆσα</span> <span class='ocrx_word' id='word_1_552' title='bbox 2943 3675 3163 3734; x_wconf 81' lang='grc' dir='ltr'>δύναται,</span> <span class='ocrx_word' id='word_1_553' title='bbox 3197 3676 3261 3728; x_wconf 90' lang='grc' dir='ltr'>ὡς</span> <span class='ocrx_word' id='word_1_554' title='bbox 3292 3672 3383 3720; x_wconf 78' lang='grc' dir='ltr'>οὐκ</span> <span class='ocrx_word' id='word_1_555' title='bbox 3410 3674 3489 3730; x_wconf 84' lang='grc' dir='ltr'>ἄν,</span> <span class='ocrx_word' id='word_1_556' title='bbox 3511 3669 3561 3718; x_wconf 69' lang='grc' dir='ltr'>εἰ</span> <span class='ocrx_word' id='word_1_557' title='bbox 3590 3671 3659 3730; x_wconf 84' lang='grc' dir='ltr'>μή</span> <span class='ocrx_word' id='word_1_558' title='bbox 3692 3671 3817 3729; x_wconf 77' lang='grc' dir='ltr'>μέγα</span> 
     </span>
    </p>
   </div>
   <div class='ocr_carea' id='block_1_104' title="bbox 2212 3753 3366 3819">
    <p class='ocr_par' dir='ltr' id='par_1_104' title="bbox 2212 3753 3366 3819">
     <span class='ocr_line' id='line_1_105' title="bbox 2212 3753 3366 3819; baseline -0.005 -14"><span class='ocrx_word' id='word_1_559' title='bbox 2212 3773 2258 3805; x_wconf 92' lang='grc' dir='ltr'>τι</span> <span class='ocrx_word' id='word_1_560' title='bbox 2294 3757 2474 3819; x_wconf 83' lang='grc' dir='ltr'>ἀγαθὸν</span> <span class='ocrx_word' id='word_1_561' title='bbox 2503 3755 2582 3817; x_wconf 83' lang='grc' dir='ltr'>ἦν,</span> <span class='ocrx_word' id='word_1_562' title='bbox 2617 3756 2713 3805; x_wconf 80' lang='grc' dir='ltr'>ὑπὸ</span> <span class='ocrx_word' id='word_1_563' title='bbox 2747 3756 2969 3818; x_wconf 87' lang='grc' dir='ltr'>Νέρωνος</span> <span class='ocrx_word' id='word_1_564' title='bbox 2995 3753 3366 3818; x_wconf 78' lang='grc' dir='ltr'>κατακριθῆναι.</span> 
     </span>
    </p>
   </div>
   <div class='ocr_carea' id='block_1_105' title="bbox 3157 3925 3373 3966">
    <p class='ocr_par' dir='ltr' id='par_1_105' title="bbox 3157 3925 3373 3966">
     <span class='ocr_line' id='line_1_106' title="bbox 3157 3925 3373 3966; baseline -0.005 0"><span class='ocrx_word' id='word_1_565' title='bbox 3157 3925 3373 3966; x_wconf 74' lang='grc' dir='ltr'>ιΑΝιῖιιι.</span> 
     </span>
    </p>
   </div>
   <div class='ocr_carea' id='block_1_106' title="bbox 2813 4006 3813 4069">
    <p class='ocr_par' dir='ltr' id='par_1_106' title="bbox 2813 4006 3813 4069">
     <span class='ocr_line' id='line_1_107' title="bbox 2813 4006 3813 4069; baseline -0.006 -4"><span class='ocrx_word' id='word_1_566' title='bbox 2813 4010 3089 4066; x_wconf 89' lang='lat' dir='ltr'>Consulite</span> <span class='ocrx_word' id='word_1_567' title='bbox 3124 4006 3539 4065; x_wconf 79' lang='lat' dir='ltr'>commentarios</span> <span class='ocrx_word' id='word_1_568' title='bbox 3571 4014 3813 4069; x_wconf 84' lang='lat' dir='ltr'>vestros,</span> 
     </span>
    </p>
   </div>
   <div class='ocr_carea' id='block_1_107' title="bbox 2743 4079 3815 4154">
    <p class='ocr_par' dir='ltr' id='par_1_107' title="bbox 2743 4079 3815 4154">
     <span class='ocr_line' id='line_1_108' title="bbox 2743 4079 3815 4154; baseline -0.007 -17"><span class='ocrx_word' id='word_1_569' title='bbox 2743 4083 2857 4138; x_wconf 91' lang='lat' dir='ltr'>illic</span> <span class='ocrx_word' id='word_1_570' title='bbox 2885 4083 3167 4154; x_wconf 83' lang='lat' dir='ltr'>reperietis</span> <span class='ocrx_word' id='word_1_571' title='bbox 3195 4081 3426 4149; x_wconf 90' lang='lat' dir='ltr'>primum</span> <span class='ocrx_word' id='word_1_572' title='bbox 3451 4080 3724 4154; x_wconf 82' lang='lat' dir='ltr'>Neron_em</span> <span class='ocrx_word' id='word_1_573' title='bbox 3757 4079 3815 4131; x_wconf 90' lang='lat' dir='ltr'>in</span> 
     </span>
    </p>
   </div>
   <div class='ocr_carea' id='block_1_108' title="bbox 2745 4151 3815 4218">
    <p class='ocr_par' dir='ltr' id='par_1_108' title="bbox 2745 4151 3815 4218">
     <span class='ocr_line' id='line_1_109' title="bbox 2745 4151 3815 4218; baseline -0.005 -10"><span class='ocrx_word' id='word_1_574' title='bbox 2745 4157 2883 4210; x_wconf 88' lang='lat' dir='ltr'>hanc</span> <span class='ocrx_word' id='word_1_575' title='bbox 2914 4151 3134 4218; x_wconf 76' lang='lat' dir='ltr'>sectam,</span> <span class='ocrx_word' id='word_1_576' title='bbox 3185 4160 3299 4206; x_wconf 90' lang='lat' dir='ltr'>tum</span> <span class='ocrx_word' id='word_1_577' title='bbox 3338 4152 3572 4206; x_wconf 84' lang='lat' dir='ltr'>maxime</span> <span class='ocrx_word' id='word_1_578' title='bbox 3620 4151 3815 4204; x_wconf 65' lang='lat' dir='ltr'>Romae</span> 
     </span>
    </p>
   </div>
   <div class='ocr_carea' id='block_1_109' title="bbox 2745 4219 3816 4290">
    <p class='ocr_par' dir='ltr' id='par_1_109' title="bbox 2745 4219 3816 4290">
     <span class='ocr_line' id='line_1_110' title="bbox 2745 4219 3816 4290; baseline -0.006 -9"><span class='ocrx_word' id='word_1_579' title='bbox 2745 4226 3027 4290; x_wconf 88' lang='lat' dir='ltr'>orientem,</span> <span class='ocrx_word' id='word_1_580' title='bbox 3076 4237 3383 4279; x_wconf 63' lang='lat' dir='ltr'>caasareano</span> <span class='ocrx_word' id='word_1_581' title='bbox 3431 4219 3611 4290; x_wconf 76' lang='lat' dir='ltr'>gladio</span> <span class='ocrx_word' id='word_1_582' title='bbox 3665 4221 3816 4275; x_wconf 75' lang='lat' dir='ltr'>fero-</span> 
     </span>
    </p>
   </div>
   <div class='ocr_carea' id='block_1_110' title="bbox 2745 4291 3817 4354">
    <p class='ocr_par' dir='ltr' id='par_1_110' title="bbox 2745 4291 3817 4354">
     <span class='ocr_line' id='line_1_111' title="bbox 2745 4291 3817 4354; baseline -0.008 -1"><span class='ocrx_word' id='word_1_583' title='bbox 2745 4298 2904 4354; x_wconf 90' lang='lat' dir='ltr'>cisse.</span> <span class='ocrx_word' id='word_1_584' title='bbox 2959 4296 3065 4352; x_wconf 87' lang='lat' dir='ltr'>Sed</span> <span class='ocrx_word' id='word_1_585' title='bbox 3095 4294 3186 4350; x_wconf 85' lang='lat' dir='ltr'>tali</span> <span class='ocrx_word' id='word_1_586' title='bbox 3233 4293 3537 4349; x_wconf 88' lang='lat' dir='ltr'>dedicatore</span> <span class='ocrx_word' id='word_1_587' title='bbox 3583 4291 3817 4346; x_wconf 82' lang='lat' dir='ltr'>damna—</span> 
     </span>
    </p>
   </div>
   <div class='ocr_carea' id='block_1_111' title="bbox 1633 4363 3818 4442">
    <p class='ocr_par' dir='ltr' id='par_1_111' title="bbox 1633 4363 3818 4442">
     <span class='ocr_line' id='line_1_112' title="bbox 1633 4363 3818 4442; baseline -0.003 -18"><span class='ocrx_word' id='word_1_588' title='bbox 1633 4369 1718 4442; x_wconf 90' lang='lat' dir='ltr'>nis</span> <span class='ocrx_word' id='word_1_589' title='bbox 1741 4379 1938 4442; x_wconf 63' lang='lat' dir='ltr'>nostra:</span> <span class='ocrx_word' id='word_1_590' title='bbox 1962 4371 2276 4442; x_wconf 83' lang='lat' dir='ltr'>gloriamur.</span> <span class='ocrx_word' id='word_1_591' title='bbox 2301 4370 2404 4440; x_wconf 88' lang='lat' dir='ltr'>Qui</span> <span class='ocrx_word' id='word_1_592' title='bbox 2427 4371 2570 4426; x_wconf 92' lang='lat' dir='ltr'>enim</span> <span class='ocrx_word' id='word_1_593' title='bbox 2590 4370 2692 4442; x_wconf 85' lang='lat' dir='ltr'>scit</span> <span class='ocrx_word' id='word_1_594' title='bbox 2748 4367 2906 4442; x_wconf 86' lang='lat' dir='ltr'>tionis</span> <span class='ocrx_word' id='word_1_595' title='bbox 2931 4375 3130 4442; x_wconf 69' lang='lat' dir='ltr'>nostra:</span> <span class='ocrx_word' id='word_1_596' title='bbox 3159 4365 3323 4442; x_wconf 81' lang='lat' dir='ltr'>etiam</span> <span class='ocrx_word' id='word_1_597' title='bbox 3349 4364 3670 4442; x_wconf 74' lang='lat' dir='ltr'>gloriamur.</span> <span class='ocrx_word' id='word_1_598' title='bbox 3705 4363 3818 4442; x_wconf 82' lang='lat' dir='ltr'>Qui</span> 
     </span>
    </p>
   </div>
   <div class='ocr_carea' id='block_1_112' title="bbox 515 4436 3822 4560">
    <p class='ocr_par' dir='ltr' id='par_1_112' title="bbox 515 4436 3822 4560">
     <span class='ocr_line' id='line_1_113' title="bbox 515 4436 3822 4560; baseline -0.001 -71"><span class='ocrx_word' id='word_1_599' title='bbox 515 4436 655 4492; x_wconf 89' lang='lat' dir='ltr'>enim</span> <span class='ocrx_word' id='word_1_600' title='bbox 701 4438 804 4518; x_wconf 70' lang='lat' dir='ltr'>scit</span> <span class='ocrx_word' id='word_1_601' title='bbox 844 4439 1018 4510; x_wconf 79' lang='lat' dir='ltr'>illum,</span> <span class='ocrx_word' id='word_1_602' title='bbox 1058 4436 1353 4560; x_wconf 52' lang='lat' dir='ltr'>intel&#39;igere</span> <span class='ocrx_word' id='word_1_603' title='bbox 1401 4436 1576 4513; x_wconf 63' lang='lat' dir='ltr'>potést</span> <span class='ocrx_word' id='word_1_604' title='bbox 1635 4441 1824 4508; x_wconf 91' lang='lat' dir='ltr'>illum,</span> <span class='ocrx_word' id='word_1_605' title='bbox 1867 4436 2171 4514; x_wconf 77' lang='lat' dir='ltr'>intelligere</span> <span class='ocrx_word' id='word_1_606' title='bbox 2208 4436 2385 4512; x_wconf 73' lang='lat' dir='ltr'>potest</span> <span class='ocrx_word' id='word_1_607' title='bbox 2433 4457 2541 4498; x_wconf 91' lang='lat' dir='ltr'>non</span> <span class='ocrx_word' id='word_1_608' title='bbox 2586 4441 2690 4496; x_wconf 89' lang='lat' dir='ltr'>nisi</span> <span class='ocrx_word' id='word_1_609' title='bbox 2745 4439 2888 4495; x_wconf 89' lang='lat' dir='ltr'>enim</span> <span class='ocrx_word' id='word_1_610' title='bbox 2929 4438 3062 4518; x_wconf 76' lang='lat' dir='ltr'>illud</span> <span class='ocrx_word' id='word_1_611' title='bbox 3104 4436 3222 4502; x_wconf 88' lang='lat' dir='ltr'>scit,</span> <span class='ocrx_word' id='word_1_612' title='bbox 3274 4436 3574 4506; x_wconf 80' lang='lat' dir='ltr'>intelligere</span> <span class='ocrx_word' id='word_1_613' title='bbox 3589 4439 3822 4560; x_wconf 81' lang='lat' dir='ltr'>Npotest</span> 
     </span>
     <span class='ocr_line' id='line_1_114' title="bbox 515 4508 3822 4560; baseline 0 0"><span class='ocrx_word' id='word_1_614' title='bbox 515 4523 622 4560; x_wconf 89' lang='lat' dir='ltr'>non</span> <span class='ocrx_word' id='word_1_615' title='bbox 661 4509 764 4560; x_wconf 77' lang='grc' dir='ltr'>ιιιδί</span> <span class='ocrx_word' id='word_1_616' title='bbox 793 4511 996 4560; x_wconf 67' lang='lat' dir='ltr'>arande</span> <span class='ocrx_word' id='word_1_617' title='bbox 1039 4511 1219 4560; x_wconf 84' lang='lat' dir='ltr'>aliuno</span> <span class='ocrx_word' id='word_1_618' title='bbox 1306 4514 1506 4560; x_wconf 79' lang='lat' dir='ltr'>bonum</span> <span class='ocrx_word' id='word_1_619' title='bbox 1547 4529 1575 4560; x_wconf 85' lang='lat' dir='ltr'>a</span> <span class='ocrx_word' id='word_1_620' title='bbox 1633 4513 1850 4560; x_wconf 74' lang='lat' dir='ltr'>aliquod</span> <span class='ocrx_word' id='word_1_621' title='bbox 1899 4513 2098 4560; x_wconf 82' lang='lat' dir='ltr'>bonum</span> <span class='ocrx_word' id='word_1_622' title='bbox 2150 4513 2352 4560; x_wconf 67' lang='lat' dir='ltr'>grande.</span> <span class='ocrx_word' id='word_1_623' title='bbox 2397 4529 2429 4560; x_wconf 76' lang='grc' dir='ltr'>ιι</span> <span class='ocrx_word' id='word_1_624' title='bbox 2480 4513 2693 4560; x_wconf 74' lang='lat' dir='ltr'>Nerone</span> <span class='ocrx_word' id='word_1_625' title='bbox 2747 4510 2957 4560; x_wconf 83' lang='lat' dir='ltr'>nonnisi</span> <span class='ocrx_word' id='word_1_626' title='bbox 2997 4509 3217 4560; x_wconf 72' lang='lat' dir='ltr'>aliquod</span> <span class='ocrx_word' id='word_1_627' title='bbox 3263 4508 3465 4560; x_wconf 90' lang='lat' dir='ltr'>bonum</span> <span class='ocrx_word' id='word_1_628' title='bbox 3512 4521 3544 4560; x_wconf 80' lang='lat'><strong>8</strong></span> <span class='ocrx_word' id='word_1_629' title='bbox 3644 4520 3822 4560; x_wconf 88' lang='lat' dir='ltr'>erone</span> 
     </span>
    </p>
   </div>
   <div class='ocr_carea' id='block_1_113' title="bbox 1630 4584 1957 4638">
    <p class='ocr_par' dir='ltr' id='par_1_113' title="bbox 1630 4584 1957 4638">
     <span class='ocr_line' id='line_1_115' title="bbox 1630 4584 1957 4638; baseline -0.006 0"><span class='ocrx_word' id='word_1_630' title='bbox 1630 4584 1957 4638; x_wconf 88' lang='lat' dir='ltr'>damnatum.</span> 
     </span>
    </p>
   </div>
   <div class='ocr_carea' id='block_1_114' title="bbox 2147 4707 2241 4764">
    <p class='ocr_par' dir='ltr' id='par_1_114' title="bbox 2147 4707 2241 4764">
     <span class='ocr_line' id='line_1_116' title="bbox 2147 4707 2241 4764; baseline 0 -1"><span class='ocrx_word' id='word_1_631' title='bbox 2147 4707 2241 4764; x_wconf 89' lang='lat' dir='ltr'>IV.</span> 
     </span>
    </p>
   </div>
   <div class='ocr_carea' id='block_1_115' title="bbox 3644 4520 3822 4561">
    <p class='ocr_par' dir='ltr' id='par_1_115' title="bbox 3644 4520 3822 4561">
     <span class='ocr_line' id='line_1_117' title="bbox 3644 4520 3822 4561; baseline -0.006 -1"><span class='ocrx_word' id='word_1_632' title='bbox 3644 4520 3822 4561; x_wconf 88' lang='lat' dir='ltr'>erone</span> 
     </span>
    </p>
   </div>
   <div class='ocr_carea' id='block_1_116' title="bbox 2749 4583 3079 4638">
    <p class='ocr_par' dir='ltr' id='par_1_116' title="bbox 2749 4583 3079 4638">
     <span class='ocr_line' id='line_1_118' title="bbox 2749 4583 3079 4638; baseline -0.012 0"><span class='ocrx_word' id='word_1_633' title='bbox 2749 4583 3079 4638; x_wconf 84' lang='lat' dir='ltr'>damnatum.</span> 
     </span>
    </p>
   </div>
   <div class='ocr_carea' id='block_1_117' title="bbox 587 4829 3412 4906">
    <p class='ocr_par' dir='ltr' id='par_1_117' title="bbox 587 4829 3412 4906">
     <span class='ocr_line' id='line_1_119' title="bbox 587 4829 3412 4906; baseline -0.003 -18"><span class='ocrx_word' id='word_1_634' title='bbox 587 4832 666 4888; x_wconf 89' lang='lat' dir='ltr'>Ex</span> <span class='ocrx_word' id='word_1_635' title='bbox 697 4832 888 4890; x_wconf 90' lang='lat' dir='ltr'>eodem</span> <span class='ocrx_word' id='word_1_636' title='bbox 920 4848 1042 4904; x_wconf 86' lang='lat' dir='ltr'>cap.</span> <span class='ocrx_word' id='word_1_637' title='bbox 1074 4831 1115 4888; x_wconf 87' lang='lat' dir='ltr'><strong>V</strong></span> <span class='ocrx_word' id='word_1_638' title='bbox 1146 4833 1404 4905; x_wconf 80' lang='lat' dir='ltr'>Apolog.,</span> <span class='ocrx_word' id='word_1_639' title='bbox 1431 4833 1592 4903; x_wconf 81' lang='lat' dir='ltr'>juxta</span> <span class='ocrx_word' id='word_1_640' title='bbox 1621 4834 1816 4893; x_wconf 87' lang='lat' dir='ltr'>Euseb.</span> <span class='ocrx_word' id='word_1_641' title='bbox 1847 4832 1991 4906; x_wconf 78' lang='lat' dir='ltr'>(Hist</span> <span class='ocrx_word' id='word_1_642' title='bbox 2022 4834 2225 4891; x_wconf 80' lang='lat' dir='ltr'>Eccles.</span> <span class='ocrx_word' id='word_1_643' title='bbox 2259 4831 2351 4887; x_wconf 92' lang='lat' dir='ltr'>lib.</span> <span class='ocrx_word' id='word_1_644' title='bbox 2376 4847 2455 4896; x_wconf 88' lang='grc' dir='ltr'>ιιι,</span> <span class='ocrx_word' id='word_1_645' title='bbox 2479 4847 2528 4887; x_wconf 95' lang='lat' dir='ltr'>c.</span> <span class='ocrx_word' id='word_1_646' title='bbox 2559 4831 2650 4902; x_wconf 86' lang='lat'>20)</span> <span class='ocrx_word' id='word_1_647' title='bbox 2683 4839 2736 4888; x_wconf 88' lang='lat' dir='ltr'>et</span> <span class='ocrx_word' id='word_1_648' title='bbox 2754 4831 2979 4903; x_wconf 89' lang='lat' dir='ltr'>Niceph.</span> <span class='ocrx_word' id='word_1_649' title='bbox 3013 4831 3073 4901; x_wconf 92' lang='lat' dir='ltr'>(l.</span> <span class='ocrx_word' id='word_1_650' title='bbox 3106 4844 3189 4894; x_wconf 87' lang='grc' dir='ltr'>ιιι,</span> <span class='ocrx_word' id='word_1_651' title='bbox 3221 4843 3268 4884; x_wconf 92' lang='lat' dir='ltr'>c.</span> <span class='ocrx_word' id='word_1_652' title='bbox 3304 4829 3412 4897; x_wconf 83' lang='grc'>10).</span> 
     </span>
    </p>
   </div>
   <div class='ocr_carea' id='block_1_118' title="bbox 518 4983 2112 5054">
    <p class='ocr_par' dir='ltr' id='par_1_118' title="bbox 518 4983 2112 5054">
     <span class='ocr_line' id='line_1_120' title="bbox 518 4983 2112 5054; baseline 0 -20"><span class='ocrx_word' id='word_1_653' title='bbox 518 4983 815 5047; x_wconf 81' lang='grc' dir='ltr'>Πεπειράκει</span> <span class='ocrx_word' id='word_1_654' title='bbox 855 4985 978 5034; x_wconf 82' lang='grc' dir='ltr'>ποτὲ</span> <span class='ocrx_word' id='word_1_655' title='bbox 1027 4985 1111 5033; x_wconf 85' lang='grc' dir='ltr'>καὶ</span> <span class='ocrx_word' id='word_1_656' title='bbox 1167 4987 1459 5047; x_wconf 83' lang='grc' dir='ltr'>Δομιτιανὸς</span> <span class='ocrx_word' id='word_1_657' title='bbox 1508 4985 1662 5036; x_wconf 83' lang='grc' dir='ltr'>ταὺτὸ</span> <span class='ocrx_word' id='word_1_658' title='bbox 1711 4991 1868 5037; x_wconf 85' lang='grc' dir='ltr'>ποιῶν</span> <span class='ocrx_word' id='word_1_659' title='bbox 1925 4987 2112 5054; x_wconf 72' lang='grc' dir='ltr'>ἐκείνῳ,</span> 
     </span>
    </p>
   </div>
   <div class='ocr_carea' id='block_1_119' title="bbox 521 5063 2113 5129">
    <p class='ocr_par' dir='ltr' id='par_1_119' title="bbox 521 5063 2113 5129">
     <span class='ocr_line' id='line_1_121' title="bbox 521 5063 2113 5129; baseline 0.003 -19"><span class='ocrx_word' id='word_1_660' title='bbox 521 5063 662 5127; x_wconf 84' lang='grc' dir='ltr'>μέρος</span> <span class='ocrx_word' id='word_1_661' title='bbox 697 5063 764 5111; x_wconf 86' lang='grc' dir='ltr'>ὧν</span> <span class='ocrx_word' id='word_1_662' title='bbox 807 5069 892 5122; x_wconf 84' lang='grc' dir='ltr'>τῆς</span> <span class='ocrx_word' id='word_1_663' title='bbox 939 5069 1027 5113; x_wconf 79' lang='grc' dir='ltr'>τοῦ</span> <span class='ocrx_word' id='word_1_664' title='bbox 1077 5063 1302 5128; x_wconf 79' lang='grc' dir='ltr'>Νέρωνος</span> <span class='ocrx_word' id='word_1_665' title='bbox 1345 5065 1614 5129; x_wconf 86' lang='grc' dir='ltr'>ὠμότητος.</span> <span class='ocrx_word' id='word_1_666' title='bbox 1651 5063 1783 5117; x_wconf 75' lang='grc' dir='ltr'>’Ἀλλ’</span> <span class='ocrx_word' id='word_1_667' title='bbox 1825 5067 1980 5129; x_wconf 71' lang='grc' dir='ltr'>οἶμαι,</span> <span class='ocrx_word' id='word_1_668' title='bbox 2025 5066 2113 5114; x_wconf 80' lang='grc' dir='ltr'>ἅτε</span> 
     </span>
    </p>
   </div>
   <div class='ocr_carea' id='block_1_120' title="bbox 807 5179 1272 5236">
    <p class='ocr_par' dir='ltr' id='par_1_120' title="bbox 807 5179 1272 5236">
     <span class='ocr_line' id='line_1_122' title="bbox 807 5179 1272 5236; baseline -0.002 -1"><span class='ocrx_word' id='word_1_669' title='bbox 807 5184 847 5235; x_wconf 81' lang='grc'><strong>1</strong></span> <span class='ocrx_word' id='word_1_670' title='bbox 862 5179 898 5234; x_wconf 91' lang='grc' dir='ltr'><strong>Ι</strong></span> <span class='ocrx_word' id='word_1_671' title='bbox 914 5179 1015 5236; x_wconf 53' lang='grc' dir='ltr'>ρει</span> <span class='ocrx_word' id='word_1_672' title='bbox 1064 5195 1272 5236; x_wconf 68' lang='lat' dir='ltr'>nurum.</span> 
     </span>
    </p>
   </div>
   <div class='ocr_carea' id='block_1_121' title="bbox 589 5278 1582 5348">
    <p class='ocr_par' dir='ltr' id='par_1_121' title="bbox 589 5278 1582 5348">
     <span class='ocr_line' id='line_1_123' title="bbox 589 5278 1582 5348; baseline -0.002 -14"><span class='ocrx_word' id='word_1_673' title='bbox 589 5279 836 5334; x_wconf 69' lang='lat' dir='ltr'>Tentavit</span> <span class='ocrx_word' id='word_1_674' title='bbox 879 5278 1166 5348; x_wconf 89' lang='lat' dir='ltr'>aliquando</span> <span class='ocrx_word' id='word_1_675' title='bbox 1215 5287 1266 5333; x_wconf 89' lang='lat' dir='ltr'>et</span> <span class='ocrx_word' id='word_1_676' title='bbox 1321 5279 1582 5334; x_wconf 83' lang='lat' dir='ltr'>Domitia-</span> 
     </span>
    </p>
   </div>
   <div class='ocr_carea' id='block_1_122' title="bbox 2224 5066 2460 5124">
    <p class='ocr_par' dir='ltr' id='par_1_122' title="bbox 2224 5066 2460 5124">
     <span class='ocr_line' id='line_1_124' title="bbox 2224 5066 2460 5124; baseline -0.008 -8"><span class='ocrx_word' id='word_1_677' title='bbox 2224 5066 2421 5124; x_wconf 79' lang='grc' dir='ltr'>ἐξηλάκε</span> <span class='ocrx_word' id='word_1_678' title='bbox 2429 5082 2440 5114; x_wconf 91' lang='grc' dir='ltr'>ι</span> <span class='ocrx_word' id='word_1_679' title='bbox 2449 5101 2460 5114; x_wconf 92' lang='grc'>.</span> 
     </span>
    </p>
   </div>
   <div class='ocr_carea' id='block_1_123' title="bbox 1895 5196 2428 5238">
    <p class='ocr_par' dir='ltr' id='par_1_123' title="bbox 1895 5196 2428 5238">
     <span class='ocr_line' id='line_1_125' title="bbox 1895 5196 2428 5238; baseline -0.002 -1"><span class='ocrx_word' id='word_1_680' title='bbox 1895 5196 2406 5238; x_wconf 65' lang='grc' dir='ltr'>οιιιιιδτοριιοιιεοινι</span> <span class='ocrx_word' id='word_1_681' title='bbox 2417 5222 2428 5235; x_wconf 89' lang='grc'>.</span> 
     </span>
    </p>
   </div>
   <div class='ocr_carea' id='block_1_124' title="bbox 1710 5278 2700 5349">
    <p class='ocr_par' dir='ltr' id='par_1_124' title="bbox 1710 5278 2700 5349">
     <span class='ocr_line' id='line_1_126' title="bbox 1710 5278 2700 5349; baseline 0 -14"><span class='ocrx_word' id='word_1_682' title='bbox 1710 5282 2030 5335; x_wconf 79' lang='lat' dir='ltr'>Tentaverat</span> <span class='ocrx_word' id='word_1_683' title='bbox 2056 5290 2109 5334; x_wconf 89' lang='lat' dir='ltr'>et</span> <span class='ocrx_word' id='word_1_684' title='bbox 2138 5278 2492 5344; x_wconf 87' lang='lat' dir='ltr'>Domitianus,</span> <span class='ocrx_word' id='word_1_685' title='bbox 2523 5278 2700 5349; x_wconf 89' lang='lat' dir='ltr'>portio</span> 
     </span>
    </p>
   </div>
   <div class='ocr_carea' id='block_1_125' title="bbox 2225 4979 3838 5049">
    <p class='ocr_par' dir='ltr' id='par_1_125' title="bbox 2225 4979 3838 5049">
     <span class='ocr_line' id='line_1_127' title="bbox 2225 4979 3838 5049; baseline -0.004 -15"><span class='ocrx_word' id='word_1_686' title='bbox 2225 4984 2348 5048; x_wconf 77' lang='grc' dir='ltr'>ἔχων</span> <span class='ocrx_word' id='word_1_687' title='bbox 2375 5000 2421 5032; x_wconf 88' lang='grc' dir='ltr'>τι</span> <span class='ocrx_word' id='word_1_688' title='bbox 2455 4984 2699 5041; x_wconf 78' lang='grc' dir='ltr'>συνέσεως</span> <span class='ocrx_word' id='word_1_689' title='bbox 2726 4984 2939 5049; x_wconf 83' lang='grc' dir='ltr'>τὰχιστα</span> <span class='ocrx_word' id='word_1_690' title='bbox 2974 4982 3247 5042; x_wconf 81' lang='grc' dir='ltr'>ἐπαύσατο,</span> <span class='ocrx_word' id='word_1_691' title='bbox 3278 4979 3707 5040; x_wconf 76' lang='grc' dir='ltr'>ἀνακαλεσαμενος</span> <span class='ocrx_word' id='word_1_692' title='bbox 3742 4982 3838 5033; x_wconf 70' lang='grc' dir='ltr'>οὓς</span> 
     </span>
    </p>
   </div>
   <div class='ocr_carea' id='block_1_126' title="bbox 3046 5175 3522 5234">
    <p class='ocr_par' dir='ltr' id='par_1_126' title="bbox 3046 5175 3522 5234">
     <span class='ocr_line' id='line_1_128' title="bbox 3046 5175 3522 5234; baseline -0.002 -1"><span class='ocrx_word' id='word_1_693' title='bbox 3046 5183 3085 5233; x_wconf 84' lang='grc'><strong>1</strong></span> <span class='ocrx_word' id='word_1_694' title='bbox 3103 5176 3138 5233; x_wconf 89' lang='grc' dir='ltr'><strong>Ι</strong></span> <span class='ocrx_word' id='word_1_695' title='bbox 3156 5175 3272 5234; x_wconf 67' lang='lat'><strong>22</strong></span> <span class='ocrx_word' id='word_1_696' title='bbox 3311 5189 3522 5232; x_wconf 76' lang='lat' dir='ltr'>LANGH.</span> 
     </span>
    </p>
   </div>
   <div class='ocr_carea' id='block_1_127' title="bbox 2827 5273 3843 5344">
    <p class='ocr_par' dir='ltr' id='par_1_127' title="bbox 2827 5273 3843 5344">
     <span class='ocr_line' id='line_1_129' title="bbox 2827 5273 3843 5344; baseline -0.003 -12"><span class='ocrx_word' id='word_1_697' title='bbox 2827 5279 3146 5332; x_wconf 89' lang='lat' dir='ltr'>Tentaverat</span> <span class='ocrx_word' id='word_1_698' title='bbox 3171 5283 3224 5330; x_wconf 92' lang='lat' dir='ltr'>et</span> <span class='ocrx_word' id='word_1_699' title='bbox 3254 5273 3606 5338; x_wconf 87' lang='lat' dir='ltr'>Domitianus,</span> <span class='ocrx_word' id='word_1_700' title='bbox 3641 5273 3843 5344; x_wconf 81' lang='lat' dir='ltr'>portio</span> 
     </span>
    </p>
   </div>
   <div class='ocr_carea' id='block_1_128' title="bbox 520 5345 3842 5423">
    <p class='ocr_par' dir='ltr' id='par_1_128' title="bbox 520 5345 3842 5423">
     <span class='ocr_line' id='line_1_130' title="bbox 520 5345 3842 5423; baseline -0.002 -18"><span class='ocrx_word' id='word_1_701' title='bbox 520 5369 622 5405; x_wconf 88' lang='lat' dir='ltr'>nus</span> <span class='ocrx_word' id='word_1_702' title='bbox 655 5350 827 5423; x_wconf 77' lang='lat' dir='ltr'>simile</span> <span class='ocrx_word' id='word_1_703' title='bbox 853 5345 1079 5423; x_wconf 84' lang='lat' dir='ltr'>aliquid,</span> <span class='ocrx_word' id='word_1_704' title='bbox 1120 5350 1296 5420; x_wconf 87' lang='lat' dir='ltr'>portio</span> <span class='ocrx_word' id='word_1_705' title='bbox 1328 5351 1579 5423; x_wconf 88' lang='lat' dir='ltr'>Neronis,</span> <span class='ocrx_word' id='word_1_706' title='bbox 1641 5351 1892 5419; x_wconf 91' lang='lat' dir='ltr'>Neronis,</span> <span class='ocrx_word' id='word_1_707' title='bbox 1937 5349 2005 5423; x_wconf 79' lang='lat' dir='ltr'>de</span> <span class='ocrx_word' id='word_1_708' title='bbox 2041 5350 2388 5423; x_wconf 72' lang='lat' dir='ltr'>erudelitatc.</span> <span class='ocrx_word' id='word_1_709' title='bbox 2451 5345 2555 5404; x_wconf 78' lang='lat' dir='ltr'>Sed</span> <span class='ocrx_word' id='word_1_710' title='bbox 2597 5367 2700 5423; x_wconf 88' lang='lat' dir='ltr'>qua</span> <span class='ocrx_word' id='word_1_711' title='bbox 2758 5349 3043 5423; x_wconf 78' lang='lat' dir='ltr'>Neronis,_</span> <span class='ocrx_word' id='word_1_712' title='bbox 3086 5347 3154 5403; x_wconf 91' lang='lat' dir='ltr'>de</span> <span class='ocrx_word' id='word_1_713' title='bbox 3209 5346 3576 5423; x_wconf 43' lang='lat' dir='ltr'>cr_ud_elitate,.</span> <span class='ocrx_word' id='word_1_714' title='bbox 3633 5345 3842 5423; x_wconf 64' lang='lat' dir='ltr'>cadent</span> 
     </span>
    </p>
   </div>
   <div class='ocr_carea' id='block_1_129' title="bbox 525 5417 3846 5494">
    <p class='ocr_par' dir='ltr' id='par_1_129' title="bbox 525 5417 3846 5494">
     <span class='ocr_line' id='line_1_131' title="bbox 525 5417 3846 5494; baseline -0.003 -16"><span class='ocrx_word' id='word_1_715' title='bbox 525 5425 591 5478; x_wconf 88' lang='lat' dir='ltr'>de</span> <span class='ocrx_word' id='word_1_716' title='bbox 623 5417 961 5479; x_wconf 55' lang='lat' dir='ltr'>crudelitate:</span> <span class='ocrx_word' id='word_1_717' title='bbox 981 5417 1262 5494; x_wconf 78' lang='lat' dir='ltr'>Sedquasi</span> <span class='ocrx_word' id='word_1_718' title='bbox 1293 5423 1456 5478; x_wconf 90' lang='lat' dir='ltr'>homo</span> <span class='ocrx_word' id='word_1_719' title='bbox 1477 5417 1582 5476; x_wconf 84' lang='lat' dir='ltr'>cito</span> <span class='ocrx_word' id='word_1_720' title='bbox 1641 5432 1694 5478; x_wconf 92' lang='lat' dir='ltr'>et</span> <span class='ocrx_word' id='word_1_721' title='bbox 1724 5417 1886 5494; x_wconf 82' lang='lat' dir='ltr'>homo</span> <span class='ocrx_word' id='word_1_722' title='bbox 1906 5464 1921 5486; x_wconf 95' lang='lat'>,</span> <span class='ocrx_word' id='word_1_723' title='bbox 1954 5420 2105 5494; x_wconf 84' lang='lat' dir='ltr'>facile</span> <span class='ocrx_word' id='word_1_724' title='bbox 2140 5432 2379 5494; x_wconf 70' lang='lat' dir='ltr'>emptum</span> <span class='ocrx_word' id='word_1_725' title='bbox 2420 5417 2695 5493; x_wconf 81' lang='lat' dir='ltr'>repressit,</span> <span class='ocrx_word' id='word_1_726' title='bbox 2756 5437 2881 5494; x_wconf 45' lang='lat' dir='ltr'>quas</span> <span class='ocrx_word' id='word_1_727' title='bbox 2910 5421 2998 5494; x_wconf 82' lang='lat' dir='ltr'>ille</span> <span class='ocrx_word' id='word_1_728' title='bbox 3023 5418 3216 5474; x_wconf 88' lang='lat' dir='ltr'>facere.</span> <span class='ocrx_word' id='word_1_729' title='bbox 3237 5417 3375 5494; x_wconf 83' lang='lat' dir='ltr'>Sed,</span> <span class='ocrx_word' id='word_1_730' title='bbox 3410 5417 3712 5494; x_wconf 84' lang='lat' dir='ltr'>ut0pin_or,</span> <span class='ocrx_word' id='word_1_731' title='bbox 3735 5417 3846 5494; x_wconf 66' lang='lat' dir='ltr'>ali-</span> 
     </span>
    </p>
   </div>
   <div class='ocr_carea' id='block_1_130' title="bbox 528 5486 3841 5568">
    <p class='ocr_par' dir='ltr' id='par_1_130' title="bbox 528 5486 3841 5568">
     <span class='ocr_line' id='line_1_132' title="bbox 528 5486 3841 5568; baseline -0.003 -18"><span class='ocrx_word' id='word_1_732' title='bbox 528 5496 750 5568; x_wconf 78' lang='lat' dir='ltr'>destitit,</span> <span class='ocrx_word' id='word_1_733' title='bbox 800 5494 883 5568; x_wconf 77' lang='lat' dir='ltr'>ita</span> <span class='ocrx_word' id='word_1_734' title='bbox 917 5503 975 5550; x_wconf 89' lang='lat' dir='ltr'>ut</span> <span class='ocrx_word' id='word_1_735' title='bbox 1033 5486 1197 5549; x_wconf 78' lang='lat' dir='ltr'>etiam</span> <span class='ocrx_word' id='word_1_736' title='bbox 1228 5509 1320 5549; x_wconf 90' lang='lat' dir='ltr'>eos</span> <span class='ocrx_word' id='word_1_737' title='bbox 1367 5507 1502 5564; x_wconf 90' lang='lat' dir='ltr'>quos</span> <span class='ocrx_word' id='word_1_738' title='bbox 1533 5495 1586 5549; x_wconf 90' lang='lat' dir='ltr'>in</span> <span class='ocrx_word' id='word_1_739' title='bbox 1643 5492 1904 5550; x_wconf 89' lang='lat' dir='ltr'>restitutis</span> <span class='ocrx_word' id='word_1_740' title='bbox 1950 5493 2111 5550; x_wconf 86' lang='lat' dir='ltr'>etiam</span> <span class='ocrx_word' id='word_1_741' title='bbox 2171 5486 2306 5566; x_wconf 78' lang='lat' dir='ltr'>quos</span> <span class='ocrx_word' id='word_1_742' title='bbox 2348 5486 2695 5568; x_wconf 72' lang='lat' dir='ltr'>relegaverat.</span> <span class='ocrx_word' id='word_1_743' title='bbox 2757 5486 2887 5562; x_wconf 82' lang='lat' dir='ltr'>quid</span> <span class='ocrx_word' id='word_1_744' title='bbox 2918 5487 3375 5568; x_wconf 82' lang='lat' dir='ltr'>hab_ens_rationis</span> <span class='ocrx_word' id='word_1_745' title='bbox 3413 5486 3841 5568; x_wconf 53' lang='lat' dir='ltr'>ctpfudentiaf,</span> 
     </span>
    </p>
   </div>
   <div class='ocr_carea' id='block_1_131' title="bbox 523 5560 2100 5635">
    <p class='ocr_par' dir='ltr' id='par_1_131' title="bbox 523 5560 1402 5635">
     <span class='ocr_line' id='line_1_133' title="bbox 523 5560 1402 5635; baseline -0.005 -15"><span class='ocrx_word' id='word_1_746' title='bbox 523 5560 774 5622; x_wconf 85' lang='lat' dir='ltr'>exsilium</span> <span class='ocrx_word' id='word_1_747' title='bbox 814 5565 1055 5635; x_wconf 88' lang='lat' dir='ltr'>miserat,</span> <span class='ocrx_word' id='word_1_748' title='bbox 1090 5560 1402 5623; x_wconf 53' lang='lat' dir='ltr'>revocaret:</span> 
     </span>
    </p>
   </div>
   <div class='ocr_carea' id='block_1_132' title="bbox 2208 5560 3847 5635">
    <p class='ocr_par' dir='ltr' id='par_1_132' title="bbox 2464 5560 3847 5635">
     <span class='ocr_line' id='line_1_134' title="bbox 2464 5560 3847 5635; baseline -0.007 -14"><span class='ocrx_word' id='word_1_749' title='bbox 2464 5560 2494 5568; x_wconf 65' lang='grc'>⁷</span> <span class='ocrx_word' id='word_1_750' title='bbox 2762 5560 2965 5635; x_wconf 84' lang='lat' dir='ltr'>mature</span> <span class='ocrx_word' id='word_1_751' title='bbox 2997 5560 3222 5635; x_wconf 74' lang='lat' dir='ltr'>destitit,</span> <span class='ocrx_word' id='word_1_752' title='bbox 3259 5560 3518 5616; x_wconf 88' lang='lat' dir='ltr'>revocatis</span> <span class='ocrx_word' id='word_1_753' title='bbox 3568 5560 3738 5614; x_wconf 82' lang='lat' dir='ltr'>etiam</span> <span class='ocrx_word' id='word_1_754' title='bbox 3775 5561 3847 5615; x_wconf 70' lang='lat' dir='ltr'>iis</span> 
     </span>
    </p>
   </div>
   <div class='ocr_carea' id='block_1_133' title="bbox 2757 5631 3502 5705">
    <p class='ocr_par' dir='ltr' id='par_1_133' title="bbox 2757 5631 3502 5705">
     <span class='ocr_line' id='line_1_135' title="bbox 2757 5631 3502 5705; baseline -0.007 -16"><span class='ocrx_word' id='word_1_755' title='bbox 2757 5650 2900 5705; x_wconf 88' lang='lat' dir='ltr'>quos</span> <span class='ocrx_word' id='word_1_756' title='bbox 2929 5634 2983 5689; x_wconf 89' lang='lat' dir='ltr'>in</span> <span class='ocrx_word' id='word_1_757' title='bbox 3013 5631 3259 5689; x_wconf 86' lang='lat' dir='ltr'>exsilium</span> <span class='ocrx_word' id='word_1_758' title='bbox 3297 5640 3502 5703; x_wconf 83' lang='lat' dir='ltr'>egerat.</span> 
     </span>
    </p>
   </div>
  </div>
