  <div class='ocr_page' id='page_1' title='image "/cluster/home/n/w/nwhite01/storage/ocr_20150623/2/hvd.32044096580329/596.png"; bbox 0 0 4050 6168; ppageno 0'>
   <div class='ocr_carea' id='block_1_1' title="bbox 343 369 476 431">
    <p class='ocr_par' dir='ltr' id='par_1_1' title="bbox 343 369 476 431">
     <span class='ocr_line' id='line_1_1' title="bbox 343 369 476 431; baseline 0.015 -2"><span class='ocrx_word' id='word_1_1' title='bbox 343 369 476 431; x_wconf 80' lang='grc'><strong>1181</strong></span> 
     </span>
    </p>
   </div>
   <div class='ocr_carea' id='block_1_2' title="bbox 1067 375 2958 440">
    <p class='ocr_par' dir='ltr' id='par_1_2' title="bbox 1067 375 2958 440">
     <span class='ocr_line' id='line_1_2' title="bbox 1067 375 2958 440; baseline 0.002 -5"><span class='ocrx_word' id='word_1_2' title='bbox 1067 375 1404 438; x_wconf 77' lang='lat' dir='ltr'>APPENDIX</span> <span class='ocrx_word' id='word_1_3' title='bbox 1471 377 1555 437; x_wconf 88' lang='lat' dir='ltr'>IV.</span> <span class='ocrx_word' id='word_1_4' title='bbox 1597 409 1668 420; x_wconf 92' lang='lat'>—</span> <span class='ocrx_word' id='word_1_5' title='bbox 1703 377 2101 440; x_wconf 79' lang='lat' dir='ltr'>FRAGMENTA</span> <span class='ocrx_word' id='word_1_6' title='bbox 2139 379 2230 438; x_wconf 76' lang='lat' dir='ltr'>EX</span> <span class='ocrx_word' id='word_1_7' title='bbox 2267 378 2483 440; x_wconf 84' lang='lat' dir='ltr'><strong>LIBRIS</strong></span> <span class='ocrx_word' id='word_1_8' title='bbox 2547 377 2958 440; x_wconf 86' lang='lat' dir='ltr'>DEPERDITIS.</span> 
     </span>
    </p>
   </div>
   <div class='ocr_carea' id='block_1_3' title="bbox 3509 381 3642 441">
    <p class='ocr_par' dir='ltr' id='par_1_3' title="bbox 3509 381 3642 441">
     <span class='ocr_line' id='line_1_3' title="bbox 3509 381 3642 441; baseline -0.008 0"><span class='ocrx_word' id='word_1_9' title='bbox 3509 381 3642 441; x_wconf 80' lang='grc'>1182</span> 
     </span>
    </p>
   </div>
   <div class='ocr_carea' id='block_1_4' title="bbox 1051 530 2950 612">
    <p class='ocr_par' dir='ltr' id='par_1_4' title="bbox 1051 530 2950 612">
     <span class='ocr_line' id='line_1_4' title="bbox 1051 530 2950 612; baseline 0.001 -16"><span class='ocrx_word' id='word_1_10' title='bbox 1051 533 1262 597; x_wconf 82' lang='lat' dir='ltr'>LIBRI</span> <span class='ocrx_word' id='word_1_11' title='bbox 1302 530 1404 597; x_wconf 92' lang='lat' dir='ltr'>DE</span> <span class='ocrx_word' id='word_1_12' title='bbox 1431 533 1945 598; x_wconf 75' lang='lat' dir='ltr'>SPECTACULIS</span> <span class='ocrx_word' id='word_1_13' title='bbox 1968 533 2250 598; x_wconf 69' lang='grc' dir='ltr'>ϐΒίΕΟΕ</span> <span class='ocrx_word' id='word_1_14' title='bbox 2289 533 2592 598; x_wconf 88' lang='lat' dir='ltr'><strong>SCRIPTI</strong></span> <span class='ocrx_word' id='word_1_15' title='bbox 2621 533 2950 612; x_wconf 85' lang='lat' dir='ltr'>CITATIO,</span> 
     </span>
    </p>
   </div>
   <div class='ocr_carea' id='block_1_5' title="bbox 1405 671 2568 742">
    <p class='ocr_par' dir='ltr' id='par_1_5' title="bbox 1405 671 2568 742">
     <span class='ocr_line' id='line_1_5' title="bbox 1405 671 2568 742; baseline 0 -17"><span class='ocrx_word' id='word_1_16' title='bbox 1405 681 1486 725; x_wconf 76' lang='lat' dir='ltr'>EX</span> <span class='ocrx_word' id='word_1_17' title='bbox 1525 681 1639 727; x_wconf 84' lang='lat' dir='ltr'><strong>LIB.</strong></span> <span class='ocrx_word' id='word_1_18' title='bbox 1675 682 1751 728; x_wconf 88' lang='lat' dir='ltr'><strong>DE</strong></span> <span class='ocrx_word' id='word_1_19' title='bbox 1793 681 2027 729; x_wconf 60' lang='lat' dir='ltr'>conon</span> <span class='ocrx_word' id='word_1_20' title='bbox 2064 683 2285 730; x_wconf 77' lang='lat' dir='ltr'>muns</span> <span class='ocrx_word' id='word_1_21' title='bbox 2313 671 2455 742; x_wconf 88' lang='lat' dir='ltr'>(cap.</span> <span class='ocrx_word' id='word_1_22' title='bbox 2491 673 2568 741; x_wconf 88' lang='lat'>6).</span> 
     </span>
    </p>
   </div>
   <div class='ocr_carea' id='block_1_6' title="bbox 413 787 1932 866">
    <p class='ocr_par' dir='ltr' id='par_1_6' title="bbox 413 787 1932 866">
     <span class='ocr_line' id='line_1_6' title="bbox 413 787 1932 866; baseline 0.003 -23"><span class='ocrx_word' id='word_1_23' title='bbox 413 787 504 844; x_wconf 89' lang='lat' dir='ltr'>Sic</span> <span class='ocrx_word' id='word_1_24' title='bbox 531 787 710 862; x_wconf 89' lang='lat' dir='ltr'>itaque</span> <span class='ocrx_word' id='word_1_25' title='bbox 739 799 792 846; x_wconf 89' lang='lat' dir='ltr'>et</span> <span class='ocrx_word' id='word_1_26' title='bbox 820 793 968 848; x_wconf 89' lang='lat' dir='ltr'>circa</span> <span class='ocrx_word' id='word_1_27' title='bbox 1005 791 1314 862; x_wconf 86' lang='lat' dir='ltr'>voluptates</span> <span class='ocrx_word' id='word_1_28' title='bbox 1355 794 1822 866; x_wconf 81' lang='lat' dir='ltr'>Spectaculorum</span> <span class='ocrx_word' id='word_1_29' title='bbox 1853 795 1932 848; x_wconf 90' lang='lat' dir='ltr'>in-</span> 
     </span>
    </p>
   </div>
   <div class='ocr_carea' id='block_1_7' title="bbox 2035 793 3630 870">
    <p class='ocr_par' dir='ltr' id='par_1_7' title="bbox 2035 793 3630 870">
     <span class='ocr_line' id='line_1_7' title="bbox 2035 793 3630 870; baseline 0.004 -20"><span class='ocrx_word' id='word_1_30' title='bbox 2035 795 2254 852; x_wconf 75' lang='lat' dir='ltr'>scientia</span> <span class='ocrx_word' id='word_1_31' title='bbox 2303 802 2480 852; x_wconf 82' lang='lat' dir='ltr'>autem</span> <span class='ocrx_word' id='word_1_32' title='bbox 2507 793 2780 850; x_wconf 88' lang='lat' dir='ltr'>deﬁciunt.</span> <span class='ocrx_word' id='word_1_33' title='bbox 2813 795 2924 850; x_wconf 87' lang='lat' dir='ltr'>Sed</span> <span class='ocrx_word' id='word_1_34' title='bbox 2952 803 3004 852; x_wconf 87' lang='lat' dir='ltr'>et</span> <span class='ocrx_word' id='word_1_35' title='bbox 3043 796 3170 852; x_wconf 86' lang='lat' dir='ltr'>huic</span> <span class='ocrx_word' id='word_1_36' title='bbox 3211 798 3462 866; x_wconf 69' lang='lat' dir='ltr'>materiae,</span> <span class='ocrx_word' id='word_1_37' title='bbox 3496 814 3630 870; x_wconf 86' lang='lat' dir='ltr'>pro—</span> 
     </span>
    </p>
   </div>
   <div class='ocr_carea' id='block_1_8' title="bbox 335 876 3626 962">
    <p class='ocr_par' dir='ltr' id='par_1_8' title="bbox 335 876 3626 962">
     <span class='ocr_line' id='line_1_8' title="bbox 335 876 3626 962; baseline 0.005 -31"><span class='ocrx_word' id='word_1_38' title='bbox 335 876 536 932; x_wconf 88' lang='lat' dir='ltr'>famata</span> <span class='ocrx_word' id='word_1_39' title='bbox 562 879 801 935; x_wconf 90' lang='lat' dir='ltr'>conditio</span> <span class='ocrx_word' id='word_1_40' title='bbox 850 889 932 937; x_wconf 87' lang='lat' dir='ltr'>est</span> <span class='ocrx_word' id='word_1_41' title='bbox 959 881 1028 936; x_wconf 88' lang='lat' dir='ltr'>ab</span> <span class='ocrx_word' id='word_1_42' title='bbox 1059 882 1138 936; x_wconf 90' lang='lat' dir='ltr'>eis</span> <span class='ocrx_word' id='word_1_43' title='bbox 1189 881 1280 953; x_wconf 87' lang='lat' dir='ltr'>qui</span> <span class='ocrx_word' id='word_1_44' title='bbox 1325 889 1514 937; x_wconf 87' lang='lat' dir='ltr'>natura</span> <span class='ocrx_word' id='word_1_45' title='bbox 1557 884 1795 954; x_wconf 86' lang='lat' dir='ltr'>quidem,</span> <span class='ocrx_word' id='word_1_46' title='bbox 1829 883 1930 936; x_wconf 88' lang='lat' dir='ltr'>Dei</span> <span class='ocrx_word' id='word_1_47' title='bbox 2035 895 2155 957; x_wconf 90' lang='lat' dir='ltr'>pter</span> <span class='ocrx_word' id='word_1_48' title='bbox 2193 885 2526 942; x_wconf 85' lang='lat' dir='ltr'>suaviludios</span> <span class='ocrx_word' id='word_1_49' title='bbox 2571 893 2804 952; x_wconf 89' lang='lat' dir='ltr'>nostros,</span> <span class='ocrx_word' id='word_1_50' title='bbox 2847 885 3040 942; x_wconf 80' lang='lat' dir='ltr'>Graeco</span> <span class='ocrx_word' id='word_1_51' title='bbox 3084 903 3299 960; x_wconf 89' lang='lat' dir='ltr'>quoque</span> <span class='ocrx_word' id='word_1_52' title='bbox 3347 889 3487 962; x_wconf 81' lang='lat' dir='ltr'>style</span> <span class='ocrx_word' id='word_1_53' title='bbox 3535 907 3626 946; x_wconf 88' lang='lat' dir='ltr'>sa-</span> 
     </span>
    </p>
   </div>
   <div class='ocr_carea' id='block_1_9' title="bbox 336 966 1926 1042">
    <p class='ocr_par' dir='ltr' id='par_1_9' title="bbox 336 966 1926 1042">
     <span class='ocr_line' id='line_1_9' title="bbox 336 966 1926 1042; baseline 0.003 -20"><span class='ocrx_word' id='word_1_54' title='bbox 336 966 518 1022; x_wconf 83' lang='lat' dir='ltr'>omnia</span> <span class='ocrx_word' id='word_1_55' title='bbox 563 967 820 1040; x_wconf 90' lang='lat' dir='ltr'>sentiunt,</span> <span class='ocrx_word' id='word_1_56' title='bbox 865 986 930 1026; x_wconf 86' lang='lat' dir='ltr'>ex</span> <span class='ocrx_word' id='word_1_57' title='bbox 969 970 1168 1042; x_wconf 85' lang='lat' dir='ltr'>quibus</span> <span class='ocrx_word' id='word_1_58' title='bbox 1224 971 1528 1042; x_wconf 78' lang='lat' dir='ltr'>spectacula</span> <span class='ocrx_word' id='word_1_59' title='bbox 1567 971 1926 1040; x_wconf 84' lang='lat' dir='ltr'>instruuntur,</span> 
     </span>
    </p>
   </div>
   <div class='ocr_carea' id='block_1_10' title="bbox 2041 973 2364 1030">
    <p class='ocr_par' dir='ltr' id='par_1_10' title="bbox 2041 973 2364 1030">
     <span class='ocr_line' id='line_1_10' title="bbox 2041 973 2364 1030; baseline -0.006 -2"><span class='ocrx_word' id='word_1_60' title='bbox 2041 973 2364 1030; x_wconf 82' lang='lat' dir='ltr'>tisfecimus.</span> 
     </span>
    </p>
   </div>
   <div class='ocr_carea' id='block_1_11' title="bbox 403 1135 3642 1208">
    <p class='ocr_par' dir='ltr' id='par_1_11' title="bbox 403 1135 3642 1208">
     <span class='ocr_line' id='line_1_11' title="bbox 403 1135 3642 1208; baseline 0.003 -18"><span class='ocrx_word' id='word_1_61' title='bbox 403 1135 1030 1208; x_wconf 76' lang='lat' dir='ltr'>Amplissimeeamdem</span> <span class='ocrx_word' id='word_1_62' title='bbox 1051 1139 1352 1195; x_wconf 84' lang='lat' dir='ltr'>materiam</span> <span class='ocrx_word' id='word_1_63' title='bbox 1368 1140 1928 1196; x_wconf 81' lang='lat' dir='ltr'>tractatamhabcsab</span> <span class='ocrx_word' id='word_1_64' title='bbox 2037 1139 2173 1195; x_wconf 89' lang='lat' dir='ltr'>culis</span> <span class='ocrx_word' id='word_1_65' title='bbox 2209 1157 2324 1198; x_wconf 90' lang='lat' dir='ltr'>non</span> <span class='ocrx_word' id='word_1_66' title='bbox 2353 1139 2418 1198; x_wconf 85' lang='lat' dir='ltr'>de</span> <span class='ocrx_word' id='word_1_67' title='bbox 2451 1141 2544 1198; x_wconf 84' lang='lat' dir='ltr'>lib.</span> <span class='ocrx_word' id='word_1_68' title='bbox 2575 1140 2642 1194; x_wconf 92' lang='lat' dir='ltr'>de</span> <span class='ocrx_word' id='word_1_69' title='bbox 2673 1140 2884 1197; x_wconf 84' lang='lat' dir='ltr'>Corona</span> <span class='ocrx_word' id='word_1_70' title='bbox 2933 1141 3140 1208; x_wconf 79' lang='lat' dir='ltr'>militis,</span> <span class='ocrx_word' id='word_1_71' title='bbox 3175 1143 3351 1200; x_wconf 85' lang='lat' dir='ltr'>etiam</span> <span class='ocrx_word' id='word_1_72' title='bbox 3390 1148 3524 1201; x_wconf 83' lang='lat' dir='ltr'>ante</span> <span class='ocrx_word' id='word_1_73' title='bbox 3557 1159 3642 1200; x_wconf 90' lang='lat' dir='ltr'>me</span> 
     </span>
    </p>
   </div>
   <div class='ocr_carea' id='block_1_12' title="bbox 335 1207 1926 1337">
    <p class='ocr_par' dir='ltr' id='par_1_12' title="bbox 335 1207 1926 1337">
     <span class='ocr_line' id='line_1_12' title="bbox 335 1207 1926 1282; baseline 0.005 -22"><span class='ocrx_word' id='word_1_74' title='bbox 335 1207 451 1276; x_wconf 83' lang='lat' dir='ltr'>ipso</span> <span class='ocrx_word' id='word_1_75' title='bbox 480 1207 711 1266; x_wconf 79' lang='lat' dir='ltr'>auctore</span> <span class='ocrx_word' id='word_1_76' title='bbox 737 1209 875 1268; x_wconf 82' lang='lat' dir='ltr'>libro</span> <span class='ocrx_word' id='word_1_77' title='bbox 905 1213 1104 1267; x_wconf 77' lang='lat' dir='ltr'>Latine</span> <span class='ocrx_word' id='word_1_78' title='bbox 1131 1213 1448 1282; x_wconf 79' lang='lat' dir='ltr'>conscripto</span> <span class='ocrx_word' id='word_1_79' title='bbox 1477 1211 1544 1266; x_wconf 89' lang='lat' dir='ltr'>de</span> <span class='ocrx_word' id='word_1_80' title='bbox 1574 1211 1610 1266; x_wconf 92' lang='lat' dir='ltr'><strong>S</strong></span> <span class='ocrx_word' id='word_1_81' title='bbox 1653 1211 1926 1268; x_wconf 86' lang='lat' dir='ltr'>cctaculis.</span> 
     </span>
     <span class='ocr_line' id='line_1_13' title="bbox 335 1227 1926 1337; baseline 0.002 -3"><span class='ocrx_word' id='word_1_82' title='bbox 335 1279 406 1333; x_wconf 83' lang='lat' dir='ltr'>Et</span> <span class='ocrx_word' id='word_1_83' title='bbox 433 1295 562 1337; x_wconf 83' lang='lat' dir='ltr'>vero</span> <span class='ocrx_word' id='word_1_84' title='bbox 592 1281 748 1337; x_wconf 83' lang='lat' dir='ltr'>looui</span> <span class='ocrx_word' id='word_1_85' title='bbox 777 1281 867 1336; x_wconf 88' lang='lat' dir='ltr'>hic</span> <span class='ocrx_word' id='word_1_86' title='bbox 896 1285 1182 1337; x_wconf 77' lang='lat' dir='ltr'>auctorem</span> <span class='ocrx_word' id='word_1_87' title='bbox 1213 1283 1278 1337; x_wconf 86' lang='lat' dir='ltr'>de</span> <span class='ocrx_word' id='word_1_88' title='bbox 1307 1281 1444 1337; x_wconf 81' lang='lat' dir='ltr'>dict.</span> <span class='ocrx_word' id='word_1_89' title='bbox 1481 1282 1576 1337; x_wconf 85' lang='lat' dir='ltr'>lib.</span> <span class='ocrx_word' id='word_1_90' title='bbox 1607 1227 1675 1337; x_wconf 57' lang='lat' dir='ltr'>ge</span> <span class='ocrx_word' id='word_1_91' title='bbox 1707 1283 1926 1337; x_wconf 75' lang='lat' dir='ltr'>Specta-</span> 
     </span>
    </p>
   </div>
   <div class='ocr_carea' id='block_1_13' title="bbox 333 1279 1928 1353">
    <p class='ocr_par' dir='ltr' id='par_1_13' title="bbox 333 1279 1928 1353">
     <span class='ocr_line' id='line_1_14' title="bbox 333 1279 1928 1353; baseline 0.003 -20"><span class='ocrx_word' id='word_1_92' title='bbox 333 1279 406 1333; x_wconf 84' lang='lat' dir='ltr'>Et</span> <span class='ocrx_word' id='word_1_93' title='bbox 433 1295 562 1338; x_wconf 82' lang='lat' dir='ltr'>vero</span> <span class='ocrx_word' id='word_1_94' title='bbox 592 1281 748 1352; x_wconf 86' lang='lat' dir='ltr'>loqui</span> <span class='ocrx_word' id='word_1_95' title='bbox 777 1281 867 1336; x_wconf 88' lang='lat' dir='ltr'>hic</span> <span class='ocrx_word' id='word_1_96' title='bbox 896 1285 1182 1340; x_wconf 77' lang='lat' dir='ltr'>auctorem</span> <span class='ocrx_word' id='word_1_97' title='bbox 1213 1283 1278 1338; x_wconf 86' lang='lat' dir='ltr'>de</span> <span class='ocrx_word' id='word_1_98' title='bbox 1307 1279 1444 1338; x_wconf 78' lang='lat' dir='ltr'>dict.</span> <span class='ocrx_word' id='word_1_99' title='bbox 1481 1282 1576 1340; x_wconf 88' lang='lat' dir='ltr'>lib.</span> <span class='ocrx_word' id='word_1_100' title='bbox 1607 1279 1675 1339; x_wconf 84' lang='lat' dir='ltr'>de</span> <span class='ocrx_word' id='word_1_101' title='bbox 1707 1283 1928 1353; x_wconf 84' lang='lat' dir='ltr'>Specta-</span> 
     </span>
    </p>
   </div>
   <div class='ocr_carea' id='block_1_14' title="bbox 2041 1212 2690 1270">
    <p class='ocr_par' dir='ltr' id='par_1_14' title="bbox 2041 1212 2690 1270">
     <span class='ocr_line' id='line_1_15' title="bbox 2041 1212 2690 1270; baseline -0.003 -2"><span class='ocrx_word' id='word_1_102' title='bbox 2041 1212 2346 1268; x_wconf 83' lang='lat' dir='ltr'>Rhenanus</span> <span class='ocrx_word' id='word_1_103' title='bbox 2375 1213 2690 1270; x_wconf 84' lang='lat' dir='ltr'>adnotavit.</span> 
     </span>
    </p>
   </div>
   <div class='ocr_carea' id='block_1_15' title="bbox 698 1459 3021 1540">
    <p class='ocr_par' dir='ltr' id='par_1_15' title="bbox 698 1459 3021 1540">
     <span class='ocr_line' id='line_1_16' title="bbox 698 1459 3021 1540; baseline -0 -16"><span class='ocrx_word' id='word_1_104' title='bbox 698 1459 910 1525; x_wconf 80' lang='lat' dir='ltr'><strong>LIBRI</strong></span> <span class='ocrx_word' id='word_1_105' title='bbox 949 1461 1050 1524; x_wconf 88' lang='lat' dir='ltr'>DE</span> <span class='ocrx_word' id='word_1_106' title='bbox 1089 1459 1534 1526; x_wconf 85' lang='lat' dir='ltr'><strong>VIRGINIBUS</strong></span> <span class='ocrx_word' id='word_1_107' title='bbox 1573 1461 1958 1526; x_wconf 84' lang='lat' dir='ltr'><strong>VELANDIS</strong></span> <span class='ocrx_word' id='word_1_108' title='bbox 1985 1459 2266 1525; x_wconf 71' lang='grc' dir='ltr'>ϐΒίΕΟΕ</span> <span class='ocrx_word' id='word_1_109' title='bbox 2299 1461 2622 1537; x_wconf 85' lang='lat' dir='ltr'>SCRIPTI,</span> <span class='ocrx_word' id='word_1_110' title='bbox 2659 1461 3021 1540; x_wconf 54' lang='lat' dir='ltr'>NOTULXE,</span> 
     </span>
    </p>
   </div>
   <div class='ocr_carea' id='block_1_16' title="bbox 1435 1599 2576 1672">
    <p class='ocr_par' dir='ltr' id='par_1_16' title="bbox 1435 1599 2576 1672">
     <span class='ocr_line' id='line_1_17' title="bbox 1435 1599 2576 1672; baseline -0.005 -14"><span class='ocrx_word' id='word_1_111' title='bbox 1435 1609 1520 1658; x_wconf 80' lang='lat' dir='ltr'>Ex</span> <span class='ocrx_word' id='word_1_112' title='bbox 1558 1611 1834 1660; x_wconf 73' lang='lat' dir='ltr'>EIUSDEM</span> <span class='ocrx_word' id='word_1_113' title='bbox 1871 1610 2283 1658; x_wconf 64' lang='lat' dir='ltr'><strong>TITULI‘LIBRO</strong></span> <span class='ocrx_word' id='word_1_114' title='bbox 2323 1599 2463 1672; x_wconf 85' lang='lat' dir='ltr'><em>(cap.</em></span> <span class='ocrx_word' id='word_1_115' title='bbox 2501 1600 2576 1668; x_wconf 76' lang='lat'>1).</span> 
     </span>
    </p>
   </div>
   <div class='ocr_carea' id='block_1_17' title="bbox 407 1697 1924 1771">
    <p class='ocr_par' dir='ltr' id='par_1_17' title="bbox 407 1697 1924 1771">
     <span class='ocr_line' id='line_1_18' title="bbox 407 1697 1924 1771; baseline -0.001 -17"><span class='ocrx_word' id='word_1_116' title='bbox 407 1698 686 1770; x_wconf 88' lang='lat' dir='ltr'>Pr0prium</span> <span class='ocrx_word' id='word_1_117' title='bbox 736 1699 850 1768; x_wconf 89' lang='lat' dir='ltr'>jam</span> <span class='ocrx_word' id='word_1_118' title='bbox 907 1697 1184 1771; x_wconf 79' lang='lat' dir='ltr'>negotium</span> <span class='ocrx_word' id='word_1_119' title='bbox 1225 1714 1420 1770; x_wconf 87' lang='lat' dir='ltr'>passus</span> <span class='ocrx_word' id='word_1_120' title='bbox 1457 1715 1590 1754; x_wconf 82' lang='lat' dir='ltr'>meae</span> <span class='ocrx_word' id='word_1_121' title='bbox 1636 1697 1924 1770; x_wconf 86' lang='lat' dir='ltr'>opinionis,</span> 
     </span>
    </p>
   </div>
   <div class='ocr_carea' id='block_1_18' title="bbox 2037 1696 3638 1771">
    <p class='ocr_par' dir='ltr' id='par_1_18' title="bbox 2037 1696 3638 1771">
     <span class='ocr_line' id='line_1_19' title="bbox 2037 1696 3638 1771; baseline 0.001 -19"><span class='ocrx_word' id='word_1_122' title='bbox 2037 1697 2140 1753; x_wconf 90' lang='lat' dir='ltr'>hoc</span> <span class='ocrx_word' id='word_1_123' title='bbox 2185 1696 2402 1770; x_wconf 75' lang='lat' dir='ltr'>exigere</span> <span class='ocrx_word' id='word_1_124' title='bbox 2448 1697 2748 1766; x_wconf 76' lang='lat' dir='ltr'>veritatem,</span> <span class='ocrx_word' id='word_1_125' title='bbox 2789 1699 2876 1754; x_wconf 90' lang='lat' dir='ltr'>cui</span> <span class='ocrx_word' id='word_1_126' title='bbox 2921 1715 3080 1756; x_wconf 90' lang='lat' dir='ltr'>nemo</span> <span class='ocrx_word' id='word_1_127' title='bbox 3127 1697 3482 1771; x_wconf 84' lang='lat' dir='ltr'>praescribere</span> <span class='ocrx_word' id='word_1_128' title='bbox 3535 1711 3638 1768; x_wconf 90' lang='lat' dir='ltr'>po-</span> 
     </span>
    </p>
   </div>
   <div class='ocr_carea' id='block_1_19' title="bbox 335 1787 2163 1861">
    <p class='ocr_par' dir='ltr' id='par_1_19' title="bbox 335 1787 2163 1861">
     <span class='ocr_line' id='line_1_20' title="bbox 335 1787 2163 1861; baseline -0.001 -19"><span class='ocrx_word' id='word_1_129' title='bbox 335 1787 526 1844; x_wconf 86' lang='lat' dir='ltr'>Latine</span> <span class='ocrx_word' id='word_1_130' title='bbox 581 1802 796 1858; x_wconf 88' lang='lat' dir='ltr'>quoque</span> <span class='ocrx_word' id='word_1_131' title='bbox 851 1787 1136 1842; x_wconf 73' lang='lat' dir='ltr'>ostendam</span> <span class='ocrx_word' id='word_1_132' title='bbox 1193 1787 1440 1861; x_wconf 81' lang='lat' dir='ltr'>virgines</span> <span class='ocrx_word' id='word_1_133' title='bbox 1495 1795 1710 1846; x_wconf 85' lang='lat' dir='ltr'>nostras</span> <span class='ocrx_word' id='word_1_134' title='bbox 1763 1787 1930 1844; x_wconf 88' lang='lat' dir='ltr'>velari</span> <span class='ocrx_word' id='word_1_135' title='bbox 2040 1795 2163 1843; x_wconf 85' lang='lat' dir='ltr'>test.</span> 
     </span>
    </p>
   </div>
   <div class='ocr_carea' id='block_1_20' title="bbox 337 1875 1936 1948">
    <p class='ocr_par' dir='ltr' id='par_1_20' title="bbox 337 1875 1936 1948">
     <span class='ocr_line' id='line_1_21' title="bbox 337 1875 1936 1948; baseline 0 -16"><span class='ocrx_word' id='word_1_136' title='bbox 337 1884 606 1948; x_wconf 88' lang='lat' dir='ltr'>oportere,</span> <span class='ocrx_word' id='word_1_137' title='bbox 656 1891 720 1929; x_wconf 86' lang='lat' dir='ltr'>ex</span> <span class='ocrx_word' id='word_1_138' title='bbox 765 1889 876 1947; x_wconf 88' lang='lat' dir='ltr'>quo</span> <span class='ocrx_word' id='word_1_139' title='bbox 933 1875 1222 1930; x_wconf 82' lang='lat' dir='ltr'>transitum</span> <span class='ocrx_word' id='word_1_140' title='bbox 1283 1877 1460 1932; x_wconf 62' lang='lat' dir='ltr'>aetatis</span> <span class='ocrx_word' id='word_1_141' title='bbox 1517 1893 1628 1932; x_wconf 68' lang='lat' dir='ltr'>suae</span> <span class='ocrx_word' id='word_1_142' title='bbox 1671 1875 1936 1946; x_wconf 78' lang='lat' dir='ltr'>fecerint;</span> 
     </span>
    </p>
   </div>
   <div class='ocr_carea' id='block_1_21' title="bbox 407 1998 3636 2072">
    <p class='ocr_par' dir='ltr' id='par_1_21' title="bbox 407 1998 3636 2072">
     <span class='ocr_line' id='line_1_22' title="bbox 407 1998 3636 2072; baseline 0 -20"><span class='ocrx_word' id='word_1_143' title='bbox 407 2001 496 2072; x_wconf 73' lang='lat' dir='ltr'>Ea:</span> <span class='ocrx_word' id='word_1_144' title='bbox 524 1998 756 2072; x_wconf 58' lang='lat' dir='ltr'>ecquod</span> <span class='ocrx_word' id='word_1_145' title='bbox 790 1999 937 2072; x_wconf 18' lang='lat' dir='ltr'>dicit,</span> <span class='ocrx_word' id='word_1_146' title='bbox 977 1998 1691 2072; x_wconf 22' lang='lat' dir='ltr'>auctorﬂLatineuquoque,</span> <span class='ocrx_word' id='word_1_147' title='bbox 1725 2003 1876 2072; x_wconf 81' lang='lat' dir='ltr'>recte</span> <span class='ocrx_word' id='word_1_148' title='bbox 1903 2015 2024 2072; x_wconf 83' lang='lat' dir='ltr'>meo</span> <span class='ocrx_word' id='word_1_149' title='bbox 2062 2001 2280 2071; x_wconf 84' lang='lat' dir='ltr'>judicio</span> <span class='ocrx_word' id='word_1_150' title='bbox 2319 2001 2538 2072; x_wconf 76' lang='lat' dir='ltr'>colligit</span> <span class='ocrx_word' id='word_1_151' title='bbox 2573 1999 2894 2068; x_wconf 80' lang='lat' dir='ltr'>Rhenanus,</span> <span class='ocrx_word' id='word_1_152' title='bbox 2919 2002 3090 2057; x_wconf 80' lang='lat' dir='ltr'>antea</span> <span class='ocrx_word' id='word_1_153' title='bbox 3125 2000 3312 2056; x_wconf 70' lang='lat' dir='ltr'>Graece</span> <span class='ocrx_word' id='word_1_154' title='bbox 3351 2001 3636 2072; x_wconf 78' lang='lat' dir='ltr'>scriptum</span> 
     </span>
    </p>
   </div>
   <div class='ocr_carea' id='block_1_22' title="bbox 333 2069 1987 2141">
    <p class='ocr_par' dir='ltr' id='par_1_22' title="bbox 333 2069 1987 2141">
     <span class='ocr_line' id='line_1_23' title="bbox 333 2069 1987 2141; baseline 0.002 -21"><span class='ocrx_word' id='word_1_155' title='bbox 333 2070 513 2138; x_wconf 83' lang='lat' dir='ltr'>fuisse</span> <span class='ocrx_word' id='word_1_156' title='bbox 544 2069 753 2124; x_wconf 87' lang='lat' dir='ltr'>librum</span> <span class='ocrx_word' id='word_1_157' title='bbox 781 2070 1030 2140; x_wconf 82' lang='lat' dir='ltr'>ejusdem</span> <span class='ocrx_word' id='word_1_158' title='bbox 1062 2071 1242 2134; x_wconf 79' lang='lat' dir='ltr'>tituli,</span> <span class='ocrx_word' id='word_1_159' title='bbox 1277 2070 1345 2124; x_wconf 91' lang='lat' dir='ltr'>de</span> <span class='ocrx_word' id='word_1_160' title='bbox 1375 2069 1686 2141; x_wconf 79' lang='lat' dir='ltr'>Virginibus</span> <span class='ocrx_word' id='word_1_161' title='bbox 1725 2070 1987 2125; x_wconf 85' lang='lat' dir='ltr'>velandis.</span> 
     </span>
    </p>
   </div>
   <div class='ocr_carea' id='block_1_23' title="bbox 1177 2217 2775 2300">
    <p class='ocr_par' dir='ltr' id='par_1_23' title="bbox 1177 2217 2775 2300">
     <span class='ocr_line' id='line_1_24' title="bbox 1177 2217 2775 2300; baseline 0.002 -21"><span class='ocrx_word' id='word_1_162' title='bbox 1177 2218 1278 2279; x_wconf 91' lang='lat' dir='ltr'>DE</span> <span class='ocrx_word' id='word_1_163' title='bbox 1317 2217 1707 2282; x_wconf 80' lang='lat' dir='ltr'>BAPTISMO</span> <span class='ocrx_word' id='word_1_164' title='bbox 1744 2217 2164 2283; x_wconf 87' lang='lat' dir='ltr'><strong>DEPERDITI</strong></span> <span class='ocrx_word' id='word_1_165' title='bbox 2219 2219 2428 2284; x_wconf 83' lang='lat' dir='ltr'><strong>LIBRI</strong></span> <span class='ocrx_word' id='word_1_166' title='bbox 2457 2220 2775 2300; x_wconf 86' lang='lat' dir='ltr'>MENTIO,</span> 
     </span>
    </p>
   </div>
   <div class='ocr_carea' id='block_1_24' title="bbox 1448 2357 2607 2428">
    <p class='ocr_par' dir='ltr' id='par_1_24' title="bbox 1448 2357 2607 2428">
     <span class='ocr_line' id='line_1_25' title="bbox 1448 2357 2607 2428; baseline -0.001 -16"><span class='ocrx_word' id='word_1_167' title='bbox 1448 2367 1532 2412; x_wconf 75' lang='lat' dir='ltr'>Bx</span> <span class='ocrx_word' id='word_1_168' title='bbox 1569 2367 1841 2413; x_wconf 73' lang='lat' dir='ltr'>EJUSDEM</span> <span class='ocrx_word' id='word_1_169' title='bbox 1883 2368 2074 2414; x_wconf 86' lang='lat' dir='ltr'><strong>TITULI</strong></span> <span class='ocrx_word' id='word_1_170' title='bbox 2109 2369 2280 2414; x_wconf 83' lang='lat' dir='ltr'><strong>LIBRO</strong></span> <span class='ocrx_word' id='word_1_171' title='bbox 2311 2357 2451 2428; x_wconf 87' lang='lat' dir='ltr'>(cap.</span> <span class='ocrx_word' id='word_1_172' title='bbox 2497 2357 2607 2428; x_wconf 79' lang='lat'>15).</span> 
     </span>
    </p>
   </div>
   <div class='ocr_carea' id='block_1_25' title="bbox 407 2448 1930 2522">
    <p class='ocr_par' dir='ltr' id='par_1_25' title="bbox 407 2448 1930 2522">
     <span class='ocr_line' id='line_1_26' title="bbox 407 2448 1930 2522; baseline -0.002 -15"><span class='ocrx_word' id='word_1_173' title='bbox 407 2452 512 2507; x_wconf 90' lang='lat' dir='ltr'>Sed</span> <span class='ocrx_word' id='word_1_174' title='bbox 543 2449 686 2506; x_wconf 89' lang='lat' dir='ltr'>circa</span> <span class='ocrx_word' id='word_1_175' title='bbox 733 2448 1016 2506; x_wconf 74' lang='lat' dir='ltr'>haereticos</span> <span class='ocrx_word' id='word_1_176' title='bbox 1061 2466 1189 2506; x_wconf 90' lang='lat' dir='ltr'>sane</span> <span class='ocrx_word' id='word_1_177' title='bbox 1230 2449 1360 2522; x_wconf 92' lang='lat' dir='ltr'>quid</span> <span class='ocrx_word' id='word_1_178' title='bbox 1404 2451 1812 2508; x_wconf 90' lang='lat' dir='ltr'>custodiendum</span> <span class='ocrx_word' id='word_1_179' title='bbox 1844 2450 1930 2518; x_wconf 87' lang='lat' dir='ltr'>sit,</span> 
     </span>
    </p>
   </div>
   <div class='ocr_carea' id='block_1_26' title="bbox 340 2539 1930 2615">
    <p class='ocr_par' dir='ltr' id='par_1_26' title="bbox 340 2539 1930 2615">
     <span class='ocr_line' id='line_1_27' title="bbox 340 2539 1930 2615; baseline -0.003 -19"><span class='ocrx_word' id='word_1_180' title='bbox 340 2541 504 2615; x_wconf 85' lang='lat' dir='ltr'>digne</span> <span class='ocrx_word' id='word_1_181' title='bbox 560 2540 683 2610; x_wconf 87' lang='lat' dir='ltr'>quis</span> <span class='ocrx_word' id='word_1_182' title='bbox 739 2545 996 2596; x_wconf 85' lang='lat' dir='ltr'>retractet</span> <span class='ocrx_word' id='word_1_183' title='bbox 1040 2557 1054 2592; x_wconf 88' lang='lat'><strong>:</strong></span> <span class='ocrx_word' id='word_1_184' title='bbox 1103 2540 1171 2594; x_wconf 89' lang='lat' dir='ltr'>ad</span> <span class='ocrx_word' id='word_1_185' title='bbox 1209 2554 1308 2595; x_wconf 91' lang='lat' dir='ltr'>nos</span> <span class='ocrx_word' id='word_1_186' title='bbox 1367 2539 1510 2596; x_wconf 91' lang='lat' dir='ltr'>enim</span> <span class='ocrx_word' id='word_1_187' title='bbox 1569 2540 1772 2596; x_wconf 83' lang='lat' dir='ltr'>editum</span> <span class='ocrx_word' id='word_1_188' title='bbox 1827 2547 1930 2594; x_wconf 88' lang='lat' dir='ltr'>est.</span> 
     </span>
    </p>
   </div>
   <div class='ocr_carea' id='block_1_27' title="bbox 337 2629 1932 2687">
    <p class='ocr_par' dir='ltr' id='par_1_27' title="bbox 337 2629 1932 2687">
     <span class='ocr_line' id='line_1_28' title="bbox 337 2629 1932 2687; baseline -0.002 0"><span class='ocrx_word' id='word_1_189' title='bbox 337 2630 587 2687; x_wconf 70' lang='lat' dir='ltr'>Haeretici</span> <span class='ocrx_word' id='word_1_190' title='bbox 634 2637 810 2684; x_wconf 89' lang='lat' dir='ltr'>autem</span> <span class='ocrx_word' id='word_1_191' title='bbox 857 2629 1064 2685; x_wconf 90' lang='lat' dir='ltr'>nullum</span> <span class='ocrx_word' id='word_1_192' title='bbox 1111 2629 1311 2684; x_wconf 87' lang='lat' dir='ltr'>habent</span> <span class='ocrx_word' id='word_1_193' title='bbox 1357 2630 1684 2686; x_wconf 87' lang='lat' dir='ltr'>consortium</span> <span class='ocrx_word' id='word_1_194' title='bbox 1733 2637 1932 2684; x_wconf 74' lang='lat' dir='ltr'>nostrae</span> 
     </span>
    </p>
   </div>
   <div class='ocr_carea' id='block_1_28' title="bbox 341 2719 1935 2790">
    <p class='ocr_par' dir='ltr' id='par_1_28' title="bbox 341 2719 1935 2790">
     <span class='ocr_line' id='line_1_29' title="bbox 341 2719 1935 2790; baseline -0.001 -16"><span class='ocrx_word' id='word_1_195' title='bbox 341 2719 676 2790; x_wconf 65' lang='lat' dir='ltr'>disciplinae,</span> <span class='ocrx_word' id='word_1_196' title='bbox 733 2733 869 2789; x_wconf 88' lang='lat' dir='ltr'>quos</span> <span class='ocrx_word' id='word_1_197' title='bbox 924 2727 1218 2774; x_wconf 86' lang='lat' dir='ltr'>extraneos</span> <span class='ocrx_word' id='word_1_198' title='bbox 1283 2719 1465 2790; x_wconf 87' lang='lat' dir='ltr'>utique</span> <span class='ocrx_word' id='word_1_199' title='bbox 1522 2727 1748 2775; x_wconf 85' lang='lat' dir='ltr'>testatur</span> <span class='ocrx_word' id='word_1_200' title='bbox 1815 2719 1935 2787; x_wconf 86' lang='lat' dir='ltr'>ipsa</span> 
     </span>
    </p>
   </div>
   <div class='ocr_carea' id='block_1_29' title="bbox 341 2806 1932 2880">
    <p class='ocr_par' dir='ltr' id='par_1_29' title="bbox 341 2806 1932 2880">
     <span class='ocr_line' id='line_1_30' title="bbox 341 2806 1932 2880; baseline -0.003 -16"><span class='ocrx_word' id='word_1_201' title='bbox 341 2809 612 2880; x_wconf 84' lang='lat' dir='ltr'>ademptio</span> <span class='ocrx_word' id='word_1_202' title='bbox 651 2806 1178 2866; x_wconf 83' lang='lat' dir='ltr'>communicationis.</span> <span class='ocrx_word' id='word_1_203' title='bbox 1215 2809 1334 2862; x_wconf 89' lang='lat' dir='ltr'>Non</span> <span class='ocrx_word' id='word_1_204' title='bbox 1387 2808 1558 2863; x_wconf 89' lang='lat' dir='ltr'>debeo</span> <span class='ocrx_word' id='word_1_205' title='bbox 1597 2806 1647 2860; x_wconf 90' lang='lat' dir='ltr'>in</span> <span class='ocrx_word' id='word_1_206' title='bbox 1689 2806 1794 2862; x_wconf 85' lang='lat' dir='ltr'>illis</span> <span class='ocrx_word' id='word_1_207' title='bbox 1833 2821 1932 2860; x_wconf 83' lang='lat' dir='ltr'>co-</span> 
     </span>
    </p>
   </div>
   <div class='ocr_carea' id='block_1_30' title="bbox 339 2897 1935 2972">
    <p class='ocr_par' dir='ltr' id='par_1_30' title="bbox 339 2897 1935 2972">
     <span class='ocr_line' id='line_1_31' title="bbox 339 2897 1935 2972; baseline -0.001 -20"><span class='ocrx_word' id='word_1_208' title='bbox 339 2913 600 2972; x_wconf 70' lang='lat' dir='ltr'>gnoscere</span> <span class='ocrx_word' id='word_1_209' title='bbox 637 2899 782 2970; x_wconf 89' lang='lat' dir='ltr'>quod</span> <span class='ocrx_word' id='word_1_210' title='bbox 813 2897 942 2952; x_wconf 85' lang='lat' dir='ltr'>mihi</span> <span class='ocrx_word' id='word_1_211' title='bbox 981 2905 1311 2969; x_wconf 83' lang='lat' dir='ltr'>praeceptum</span> <span class='ocrx_word' id='word_1_212' title='bbox 1351 2907 1450 2962; x_wconf 89' lang='lat' dir='ltr'>est,</span> <span class='ocrx_word' id='word_1_213' title='bbox 1483 2897 1610 2969; x_wconf 84' lang='lat' dir='ltr'>quia</span> <span class='ocrx_word' id='word_1_214' title='bbox 1649 2912 1756 2954; x_wconf 89' lang='lat' dir='ltr'>non</span> <span class='ocrx_word' id='word_1_215' title='bbox 1793 2897 1935 2950; x_wconf 79' lang='lat' dir='ltr'>idem</span> 
     </span>
    </p>
   </div>
   <div class='ocr_carea' id='block_1_31' title="bbox 409 3037 1929 3110">
    <p class='ocr_par' dir='ltr' id='par_1_31' title="bbox 409 3037 1929 3110">
     <span class='ocr_line' id='line_1_32' title="bbox 409 3037 1929 3110; baseline -0.001 -16"><span class='ocrx_word' id='word_1_216' title='bbox 409 3038 504 3110; x_wconf 87' lang='lat' dir='ltr'>His</span> <span class='ocrx_word' id='word_1_217' title='bbox 533 3039 716 3096; x_wconf 81' lang='lat' dir='ltr'>verbis</span> <span class='ocrx_word' id='word_1_218' title='bbox 761 3038 924 3096; x_wconf 89' lang='lat' dir='ltr'>etiam</span> <span class='ocrx_word' id='word_1_219' title='bbox 946 3039 1190 3110; x_wconf 83' lang='lat' dir='ltr'>materia</span> <span class='ocrx_word' id='word_1_220' title='bbox 1219 3037 1496 3110; x_wconf 82' lang='lat' dir='ltr'>praecipua</span> <span class='ocrx_word' id='word_1_221' title='bbox 1530 3051 1929 3095; x_wconf 88' lang='lat' dir='ltr'>commemora-</span> 
     </span>
    </p>
   </div>
   <div class='ocr_carea' id='block_1_32' title="bbox 341 3109 1933 3180">
    <p class='ocr_par' dir='ltr' id='par_1_32' title="bbox 341 3109 1933 3180">
     <span class='ocr_line' id='line_1_33' title="bbox 341 3109 1933 3180; baseline 0 -16"><span class='ocrx_word' id='word_1_222' title='bbox 341 3117 428 3166; x_wconf 93' lang='lat' dir='ltr'>tur</span> <span class='ocrx_word' id='word_1_223' title='bbox 470 3109 647 3166; x_wconf 66' lang='grc' dir='ltr'>(ἓνωοὶ</span> <span class='ocrx_word' id='word_1_224' title='bbox 693 3111 760 3166; x_wconf 91' lang='lat' dir='ltr'>de</span> <span class='ocrx_word' id='word_1_225' title='bbox 806 3109 1102 3180; x_wconf 86' lang='lat' dir='ltr'>Baptismo.</span> <span class='ocrx_word' id='word_1_226' title='bbox 1153 3109 1606 3180; x_wconf 84' lang='lat' dir='ltr'>Quandoquidem</span> <span class='ocrx_word' id='word_1_227' title='bbox 1663 3124 1795 3166; x_wconf 89' lang='lat' dir='ltr'>vero</span> <span class='ocrx_word' id='word_1_228' title='bbox 1831 3123 1933 3180; x_wconf 88' lang='lat' dir='ltr'>nos</span> 
     </span>
    </p>
   </div>
   <div class='ocr_carea' id='block_1_33' title="bbox 337 3179 1932 3252">
    <p class='ocr_par' dir='ltr' id='par_1_33' title="bbox 337 3179 1932 3252">
     <span class='ocr_line' id='line_1_34' title="bbox 337 3179 1932 3252; baseline -0.001 -16"><span class='ocrx_word' id='word_1_229' title='bbox 337 3181 428 3237; x_wconf 90' lang='lat' dir='ltr'>hic</span> <span class='ocrx_word' id='word_1_230' title='bbox 465 3189 790 3238; x_wconf 86' lang='lat' dir='ltr'>tractaturos</span> <span class='ocrx_word' id='word_1_231' title='bbox 825 3179 1048 3252; x_wconf 79' lang='lat' dir='ltr'>polliciti</span> <span class='ocrx_word' id='word_1_232' title='bbox 1085 3197 1277 3237; x_wconf 90' lang='lat' dir='ltr'>sumus</span> <span class='ocrx_word' id='word_1_233' title='bbox 1299 3222 1312 3244; x_wconf 89' lang='lat'>,</span> <span class='ocrx_word' id='word_1_234' title='bbox 1351 3179 1472 3252; x_wconf 70' lang='lat' dir='ltr'>quae</span> <span class='ocrx_word' id='word_1_235' title='bbox 1511 3181 1580 3236; x_wconf 89' lang='lat' dir='ltr'>sit</span> <span class='ocrx_word' id='word_1_236' title='bbox 1618 3179 1932 3236; x_wconf 87' lang='lat' dir='ltr'>Tertulliani</span> 
     </span>
    </p>
   </div>
   <div class='ocr_carea' id='block_1_34' title="bbox 339 3253 1932 3324">
    <p class='ocr_par' dir='ltr' id='par_1_34' title="bbox 339 3253 1932 3324">
     <span class='ocr_line' id='line_1_35' title="bbox 339 3253 1932 3324; baseline -0.001 -17"><span class='ocrx_word' id='word_1_237' title='bbox 339 3253 606 3308; x_wconf 89' lang='lat' dir='ltr'>sententia</span> <span class='ocrx_word' id='word_1_238' title='bbox 641 3254 710 3308; x_wconf 91' lang='lat' dir='ltr'>de</span> <span class='ocrx_word' id='word_1_239' title='bbox 759 3254 1158 3324; x_wconf 62' lang='lat' dir='ltr'>haereticorum</span> <span class='ocrx_word' id='word_1_240' title='bbox 1204 3253 1500 3324; x_wconf 86' lang='lat' dir='ltr'>baptismo,</span> <span class='ocrx_word' id='word_1_241' title='bbox 1542 3259 1687 3324; x_wconf 81' lang='lat' dir='ltr'>certe</span> <span class='ocrx_word' id='word_1_242' title='bbox 1732 3267 1932 3324; x_wconf 82' lang='lat' dir='ltr'>negare</span> 
     </span>
    </p>
   </div>
   <div class='ocr_carea' id='block_1_35' title="bbox 337 3322 1926 3396">
    <p class='ocr_par' dir='ltr' id='par_1_35' title="bbox 337 3322 1926 3396">
     <span class='ocr_line' id='line_1_36' title="bbox 337 3322 1926 3396; baseline -0.003 -16"><span class='ocrx_word' id='word_1_243' title='bbox 337 3339 448 3396; x_wconf 79' lang='lat' dir='ltr'>nou</span> <span class='ocrx_word' id='word_1_244' title='bbox 477 3341 766 3396; x_wconf 83' lang='lat' dir='ltr'>possumus</span> <span class='ocrx_word' id='word_1_245' title='bbox 793 3323 1028 3394; x_wconf 89' lang='lat' dir='ltr'>idipsum</span> <span class='ocrx_word' id='word_1_246' title='bbox 1055 3322 1292 3378; x_wconf 81' lang='lat' dir='ltr'>sensisse</span> <span class='ocrx_word' id='word_1_247' title='bbox 1321 3324 1464 3395; x_wconf 89' lang='lat' dir='ltr'>quod</span> <span class='ocrx_word' id='word_1_248' title='bbox 1495 3325 1554 3396; x_wconf 79' lang='lat' dir='ltr'><strong>B.</strong></span> <span class='ocrx_word' id='word_1_249' title='bbox 1587 3322 1926 3396; x_wconf 71' lang='lat' dir='ltr'>Cyprianus;</span> 
     </span>
    </p>
   </div>
   <div class='ocr_carea' id='block_1_36' title="bbox 341 3393 1932 3466">
    <p class='ocr_par' dir='ltr' id='par_1_36' title="bbox 341 3393 1932 3466">
     <span class='ocr_line' id='line_1_37' title="bbox 341 3393 1932 3466; baseline 0 -16"><span class='ocrx_word' id='word_1_250' title='bbox 341 3403 399 3450; x_wconf 89' lang='lat' dir='ltr'>et</span> <span class='ocrx_word' id='word_1_251' title='bbox 427 3393 670 3452; x_wconf 73' lang='lat' dir='ltr'>fortassis</span> <span class='ocrx_word' id='word_1_252' title='bbox 708 3393 993 3466; x_wconf 81' lang='lat' dir='ltr'>propterea</span> <span class='ocrx_word' id='word_1_253' title='bbox 1021 3393 1376 3466; x_wconf 83' lang='lat' dir='ltr'>suppressum</span> <span class='ocrx_word' id='word_1_254' title='bbox 1407 3395 1578 3464; x_wconf 89' lang='lat' dir='ltr'>possit</span> <span class='ocrx_word' id='word_1_255' title='bbox 1603 3393 1726 3466; x_wconf 82' lang='lat' dir='ltr'>quis</span> <span class='ocrx_word' id='word_1_256' title='bbox 1753 3393 1932 3450; x_wconf 89' lang='lat' dir='ltr'>dicere</span> 
     </span>
    </p>
   </div>
   <div class='ocr_carea' id='block_1_37' title="bbox 341 3413 1928 3538">
    <p class='ocr_par' dir='ltr' id='par_1_37' title="bbox 341 3413 1928 3538">
     <span class='ocr_line' id='line_1_38' title="bbox 341 3413 1928 3466; baseline 0 -16"><span class='ocrx_word' id='word_1_257' title='bbox 341 3413 399 3450; x_wconf 79' lang='lat' dir='ltr'>et</span> <span class='ocrx_word' id='word_1_258' title='bbox 427 3413 670 3452; x_wconf 73' lang='lat' dir='ltr'>wrrassrs</span> <span class='ocrx_word' id='word_1_259' title='bbox 708 3413 993 3466; x_wconf 77' lang='lat' dir='ltr'>propterea</span> <span class='ocrx_word' id='word_1_260' title='bbox 1021 3413 1122 3466; x_wconf 90' lang='lat' dir='ltr'>sup</span> <span class='ocrx_word' id='word_1_261' title='bbox 1165 3413 1376 3450; x_wconf 88' lang='lat' dir='ltr'>ressum</span> <span class='ocrx_word' id='word_1_262' title='bbox 1407 3413 1578 3464; x_wconf 82' lang='lat' dir='ltr'>possu</span> <span class='ocrx_word' id='word_1_263' title='bbox 1603 3413 1726 3466; x_wconf 81' lang='lat' dir='ltr'>qu18</span> <span class='ocrx_word' id='word_1_264' title='bbox 1753 3413 1928 3450; x_wconf 78' lang='lat' dir='ltr'>uicere</span> 
     </span>
     <span class='ocr_line' id='line_1_39' title="bbox 341 3413 1928 3538; baseline -0.001 -18"><span class='ocrx_word' id='word_1_265' title='bbox 341 3466 491 3521; x_wconf 90' lang='lat' dir='ltr'>hunc</span> <span class='ocrx_word' id='word_1_266' title='bbox 519 3465 931 3538; x_wconf 37' lang='lat' dir='ltr'>libellumtcum</span> <span class='ocrx_word' id='word_1_267' title='bbox 971 3483 1066 3538; x_wconf 88' lang='lat' dir='ltr'>per</span> <span class='ocrx_word' id='word_1_268' title='bbox 1097 3413 1374 3522; x_wconf 59' lang='lat' dir='ltr'>incaznum</span> <span class='ocrx_word' id='word_1_269' title='bbox 1404 3466 1708 3538; x_wconf 74' lang='lat' dir='ltr'>concilium</span> <span class='ocrx_word' id='word_1_270' title='bbox 1755 3473 1928 3520; x_wconf 88' lang='lat' dir='ltr'>retra-</span> 
     </span>
    </p>
   </div>
   <div class='ocr_carea' id='block_1_38' title="bbox 344 3535 1931 3608">
    <p class='ocr_par' dir='ltr' id='par_1_38' title="bbox 344 3535 1931 3608">
     <span class='ocr_line' id='line_1_40' title="bbox 344 3535 1931 3608; baseline -0.001 -17"><span class='ocrx_word' id='word_1_271' title='bbox 344 3543 486 3591; x_wconf 86' lang='lat' dir='ltr'>ctata</span> <span class='ocrx_word' id='word_1_272' title='bbox 517 3545 598 3592; x_wconf 88' lang='lat' dir='ltr'>est</span> <span class='ocrx_word' id='word_1_273' title='bbox 628 3553 692 3592; x_wconf 86' lang='lat' dir='ltr'>ea</span> <span class='ocrx_word' id='word_1_274' title='bbox 727 3535 1106 3594; x_wconf 80' lang='lat' dir='ltr'>Africanorum</span> <span class='ocrx_word' id='word_1_275' title='bbox 1153 3536 1508 3608; x_wconf 87' lang='lat' dir='ltr'>quorumdam</span> <span class='ocrx_word' id='word_1_276' title='bbox 1553 3536 1931 3608; x_wconf 84' lang='lat' dir='ltr'>episcOporum</span> 
     </span>
    </p>
   </div>
   <div class='ocr_carea' id='block_1_39' title="bbox 343 3607 1932 3678">
    <p class='ocr_par' dir='ltr' id='par_1_39' title="bbox 343 3607 1932 3678">
     <span class='ocr_line' id='line_1_41' title="bbox 343 3607 1932 3678; baseline 0.001 -18"><span class='ocrx_word' id='word_1_277' title='bbox 343 3608 632 3663; x_wconf 85' lang='lat' dir='ltr'>sententia.</span> <span class='ocrx_word' id='word_1_278' title='bbox 689 3611 800 3664; x_wconf 87' lang='lat' dir='ltr'>Nec</span> <span class='ocrx_word' id='word_1_279' title='bbox 856 3625 982 3666; x_wconf 89' lang='lat' dir='ltr'>vero</span> <span class='ocrx_word' id='word_1_280' title='bbox 1011 3607 1312 3664; x_wconf 79' lang='lat' dir='ltr'>mirandum</span> <span class='ocrx_word' id='word_1_281' title='bbox 1361 3607 1406 3664; x_wconf 86' lang='lat' dir='ltr'>si</span> <span class='ocrx_word' id='word_1_282' title='bbox 1453 3607 1932 3678; x_wconf 37' lang='lat' dir='ltr'>illud’paradoxon</span> 
     </span>
    </p>
   </div>
   <div class='ocr_carea' id='block_1_40' title="bbox 337 3678 1928 3750">
    <p class='ocr_par' dir='ltr' id='par_1_40' title="bbox 337 3678 1928 3750">
     <span class='ocr_line' id='line_1_42' title="bbox 337 3678 1928 3750; baseline 0 -18"><span class='ocrx_word' id='word_1_283' title='bbox 337 3679 626 3750; x_wconf 82' lang='lat' dir='ltr'>amplexus</span> <span class='ocrx_word' id='word_1_284' title='bbox 672 3681 740 3734; x_wconf 89' lang='lat' dir='ltr'>sit</span> <span class='ocrx_word' id='word_1_285' title='bbox 776 3679 1166 3744; x_wconf 87' lang='lat' dir='ltr'>Tertullianus,</span> <span class='ocrx_word' id='word_1_286' title='bbox 1216 3695 1338 3736; x_wconf 90' lang='lat' dir='ltr'>cum</span> <span class='ocrx_word' id='word_1_287' title='bbox 1382 3679 1572 3734; x_wconf 87' lang='lat' dir='ltr'>eodem</span> <span class='ocrx_word' id='word_1_288' title='bbox 1623 3678 1735 3750; x_wconf 86' lang='lat' dir='ltr'>fere</span> <span class='ocrx_word' id='word_1_289' title='bbox 1782 3687 1928 3750; x_wconf 86' lang='lat' dir='ltr'>tem-</span> 
     </span>
    </p>
   </div>
   <div class='ocr_carea' id='block_1_41' title="bbox 337 3749 1931 3822">
    <p class='ocr_par' dir='ltr' id='par_1_41' title="bbox 337 3749 1931 3822">
     <span class='ocr_line' id='line_1_43' title="bbox 337 3749 1931 3822; baseline -0.001 -17"><span class='ocrx_word' id='word_1_290' title='bbox 337 3749 471 3822; x_wconf 86' lang='lat' dir='ltr'>pore</span> <span class='ocrx_word' id='word_1_291' title='bbox 497 3753 832 3806; x_wconf 89' lang='lat' dir='ltr'>celebratum</span> <span class='ocrx_word' id='word_1_292' title='bbox 861 3750 1030 3807; x_wconf 86' lang='lat' dir='ltr'>fuisse</span> <span class='ocrx_word' id='word_1_293' title='bbox 1059 3751 1306 3807; x_wconf 90' lang='lat' dir='ltr'>videatur</span> <span class='ocrx_word' id='word_1_294' title='bbox 1351 3750 1638 3806; x_wconf 90' lang='lat' dir='ltr'>concilium</span> <span class='ocrx_word' id='word_1_295' title='bbox 1669 3749 1796 3804; x_wconf 92' lang='lat' dir='ltr'>illud</span> <span class='ocrx_word' id='word_1_296' title='bbox 1832 3752 1931 3822; x_wconf 86' lang='lat' dir='ltr'>sub</span> 
     </span>
    </p>
   </div>
   <div class='ocr_carea' id='block_1_42' title="bbox 337 3821 1931 3894">
    <p class='ocr_par' dir='ltr' id='par_1_42' title="bbox 337 3821 1931 3894">
     <span class='ocr_line' id='line_1_44' title="bbox 337 3821 1931 3894; baseline 0.001 -20"><span class='ocrx_word' id='word_1_297' title='bbox 337 3821 645 3894; x_wconf 48' lang='lat' dir='ltr'>ggrippino</span> <span class='ocrx_word' id='word_1_298' title='bbox 703 3824 960 3894; x_wconf 89' lang='lat' dir='ltr'>episc0po</span> <span class='ocrx_word' id='word_1_299' title='bbox 1000 3822 1444 3894; x_wconf 74' lang='lat' dir='ltr'>Carthaginensi,</span> <span class='ocrx_word' id='word_1_300' title='bbox 1485 3822 1642 3894; x_wconf 86' lang='lat' dir='ltr'>cujus</span> <span class='ocrx_word' id='word_1_301' title='bbox 1687 3821 1931 3876; x_wconf 87' lang='lat' dir='ltr'>meminit</span> 
     </span>
    </p>
   </div>
   <div class='ocr_carea' id='block_1_43' title="bbox 335 3891 1928 3966">
    <p class='ocr_par' dir='ltr' id='par_1_43' title="bbox 335 3891 1928 3966">
     <span class='ocr_line' id='line_1_45' title="bbox 335 3891 1928 3966; baseline 0.001 -20"><span class='ocrx_word' id='word_1_302' title='bbox 335 3891 419 3946; x_wconf 53' lang='lat' dir='ltr'><strong>BC</strong></span> <span class='ocrx_word' id='word_1_303' title='bbox 434 3891 599 3965; x_wconf 61' lang='lat' dir='ltr'>Cypra</span> <span class='ocrx_word' id='word_1_304' title='bbox 631 3891 792 3966; x_wconf 76' lang='lat' dir='ltr'>epist.</span> <span class='ocrx_word' id='word_1_305' title='bbox 831 3891 922 3962; x_wconf 20' lang='lat'>71’,</span> <span class='ocrx_word' id='word_1_306' title='bbox 955 3893 1032 3950; x_wconf 84' lang='lat' dir='ltr'>ad</span> <span class='ocrx_word' id='word_1_307' title='bbox 1069 3891 1342 3963; x_wconf 69' lang='lat' dir='ltr'>Quintum</span> <span class='ocrx_word' id='word_1_308' title='bbox 1360 3913 1378 3961; x_wconf 89' lang='lat'><strong><em>;</em></strong></span> <span class='ocrx_word' id='word_1_309' title='bbox 1407 3893 1552 3965; x_wconf 90' lang='lat' dir='ltr'>quod</span> <span class='ocrx_word' id='word_1_310' title='bbox 1581 3893 1756 3964; x_wconf 89' lang='lat' dir='ltr'>ipsum</span> <span class='ocrx_word' id='word_1_311' title='bbox 1785 3907 1928 3965; x_wconf 92' lang='lat' dir='ltr'>quo-</span> 
     </span>
    </p>
   </div>
   <div class='ocr_carea' id='block_1_44' title="bbox 2043 2452 3646 2522">
    <p class='ocr_par' dir='ltr' id='par_1_44' title="bbox 2043 2452 3646 2522">
     <span class='ocr_line' id='line_1_46' title="bbox 2043 2452 3646 2522; baseline 0.004 -16"><span class='ocrx_word' id='word_1_312' title='bbox 2043 2453 2186 2506; x_wconf 89' lang='lat' dir='ltr'>Deus</span> <span class='ocrx_word' id='word_1_313' title='bbox 2230 2460 2310 2508; x_wconf 90' lang='lat' dir='ltr'>est</span> <span class='ocrx_word' id='word_1_314' title='bbox 2349 2452 2503 2506; x_wconf 90' lang='lat' dir='ltr'>nobis</span> <span class='ocrx_word' id='word_1_315' title='bbox 2549 2461 2604 2508; x_wconf 89' lang='lat' dir='ltr'>et</span> <span class='ocrx_word' id='word_1_316' title='bbox 2647 2452 2770 2520; x_wconf 88' lang='lat' dir='ltr'>illis,</span> <span class='ocrx_word' id='word_1_317' title='bbox 2824 2469 2924 2510; x_wconf 90' lang='lat' dir='ltr'>nec</span> <span class='ocrx_word' id='word_1_318' title='bbox 2969 2470 3108 2510; x_wconf 88' lang='lat' dir='ltr'>unus</span> <span class='ocrx_word' id='word_1_319' title='bbox 3146 2453 3408 2522; x_wconf 89' lang='lat' dir='ltr'>Christus,</span> <span class='ocrx_word' id='word_1_320' title='bbox 3461 2457 3514 2511; x_wconf 90' lang='lat' dir='ltr'>id</span> <span class='ocrx_word' id='word_1_321' title='bbox 3562 2463 3646 2512; x_wconf 91' lang='lat' dir='ltr'>est</span> 
     </span>
    </p>
   </div>
   <div class='ocr_carea' id='block_1_45' title="bbox 2035 2539 3641 2616">
    <p class='ocr_par' dir='ltr' id='par_1_45' title="bbox 2035 2539 3641 2616">
     <span class='ocr_line' id='line_1_47' title="bbox 2035 2539 3641 2616; baseline 0.002 -22"><span class='ocrx_word' id='word_1_322' title='bbox 2035 2539 2202 2594; x_wconf 89' lang='lat' dir='ltr'>idem.</span> <span class='ocrx_word' id='word_1_323' title='bbox 2237 2539 2469 2612; x_wconf 86' lang='lat' dir='ltr'>Ideoque</span> <span class='ocrx_word' id='word_1_324' title='bbox 2507 2556 2606 2597; x_wconf 89' lang='lat' dir='ltr'>nec</span> <span class='ocrx_word' id='word_1_325' title='bbox 2641 2541 2941 2612; x_wconf 87' lang='lat' dir='ltr'>baptismus</span> <span class='ocrx_word' id='word_1_326' title='bbox 2970 2559 3139 2614; x_wconf 91' lang='lat' dir='ltr'>unus,</span> <span class='ocrx_word' id='word_1_327' title='bbox 3170 2544 3300 2616; x_wconf 87' lang='lat' dir='ltr'>quia</span> <span class='ocrx_word' id='word_1_328' title='bbox 3337 2559 3448 2600; x_wconf 89' lang='lat' dir='ltr'>non</span> <span class='ocrx_word' id='word_1_329' title='bbox 3480 2545 3641 2600; x_wconf 89' lang='lat' dir='ltr'>idem.</span> 
     </span>
    </p>
   </div>
   <div class='ocr_carea' id='block_1_46' title="bbox 2042 2627 3738 2701">
    <p class='ocr_par' dir='ltr' id='par_1_46' title="bbox 2042 2627 3738 2701">
     <span class='ocr_line' id='line_1_48' title="bbox 2042 2627 3738 2701; baseline 0.002 -19"><span class='ocrx_word' id='word_1_330' title='bbox 2042 2627 2212 2698; x_wconf 91' lang='lat' dir='ltr'>Quem</span> <span class='ocrx_word' id='word_1_331' title='bbox 2251 2644 2373 2684; x_wconf 91' lang='lat' dir='ltr'>cum</span> <span class='ocrx_word' id='word_1_332' title='bbox 2415 2630 2514 2686; x_wconf 88' lang='lat' dir='ltr'>rite</span> <span class='ocrx_word' id='word_1_333' title='bbox 2561 2645 2668 2685; x_wconf 89' lang='lat' dir='ltr'>non</span> <span class='ocrx_word' id='word_1_334' title='bbox 2715 2631 2964 2701; x_wconf 77' lang='lat' dir='ltr'>habeant,</span> <span class='ocrx_word' id='word_1_335' title='bbox 3008 2632 3124 2686; x_wconf 90' lang='lat' dir='ltr'>sine</span> <span class='ocrx_word' id='word_1_336' title='bbox 3174 2631 3338 2687; x_wconf 90' lang='lat' dir='ltr'>dubio</span> <span class='ocrx_word' id='word_1_337' title='bbox 3391 2648 3500 2688; x_wconf 91' lang='lat' dir='ltr'>non</span> <span class='ocrx_word' id='word_1_338' title='bbox 3547 2635 3644 2686; x_wconf 84' lang='lat' dir='ltr'>ha-</span> <span class='ocrx_word' id='word_1_339' title='bbox 3729 2647 3738 2652; x_wconf 64' lang='lat'><strong>‘</strong></span> 
     </span>
    </p>
   </div>
   <div class='ocr_carea' id='block_1_47' title="bbox 2042 2719 3644 2790">
    <p class='ocr_par' dir='ltr' id='par_1_47' title="bbox 2042 2719 3644 2790">
     <span class='ocr_line' id='line_1_49' title="bbox 2042 2719 3644 2790; baseline 0.001 -18"><span class='ocrx_word' id='word_1_340' title='bbox 2042 2719 2206 2787; x_wconf 83' lang='lat' dir='ltr'>bent;</span> <span class='ocrx_word' id='word_1_341' title='bbox 2258 2733 2356 2773; x_wconf 90' lang='lat' dir='ltr'>nec</span> <span class='ocrx_word' id='word_1_342' title='bbox 2403 2719 2548 2788; x_wconf 85' lang='lat' dir='ltr'>capit</span> <span class='ocrx_word' id='word_1_343' title='bbox 2594 2719 2865 2774; x_wconf 86' lang='lat' dir='ltr'>numerari</span> <span class='ocrx_word' id='word_1_344' title='bbox 2911 2720 3056 2790; x_wconf 88' lang='lat' dir='ltr'>quod</span> <span class='ocrx_word' id='word_1_345' title='bbox 3103 2735 3210 2776; x_wconf 90' lang='lat' dir='ltr'>non</span> <span class='ocrx_word' id='word_1_346' title='bbox 3261 2721 3526 2787; x_wconf 90' lang='lat' dir='ltr'>habetur;</span> <span class='ocrx_word' id='word_1_347' title='bbox 3573 2721 3644 2776; x_wconf 89' lang='lat' dir='ltr'>ita</span> 
     </span>
    </p>
   </div>
   <div class='ocr_carea' id='block_1_48' title="bbox 2044 2806 3642 2882">
    <p class='ocr_par' dir='ltr' id='par_1_48' title="bbox 2044 2806 3642 2882">
     <span class='ocr_line' id='line_1_50' title="bbox 2044 2806 3642 2882; baseline 0.003 -21"><span class='ocrx_word' id='word_1_348' title='bbox 2044 2821 2144 2862; x_wconf 91' lang='lat' dir='ltr'>nec</span> <span class='ocrx_word' id='word_1_349' title='bbox 2169 2815 2396 2878; x_wconf 90' lang='lat' dir='ltr'>possunt</span> <span class='ocrx_word' id='word_1_350' title='bbox 2435 2807 2700 2877; x_wconf 88' lang='lat' dir='ltr'>accipere,</span> <span class='ocrx_word' id='word_1_351' title='bbox 2733 2806 2860 2880; x_wconf 87' lang='lat' dir='ltr'>quia</span> <span class='ocrx_word' id='word_1_352' title='bbox 2896 2822 3008 2862; x_wconf 90' lang='lat' dir='ltr'>non</span> <span class='ocrx_word' id='word_1_353' title='bbox 3037 2807 3260 2862; x_wconf 84' lang='lat' dir='ltr'>habent.</span> <span class='ocrx_word' id='word_1_354' title='bbox 3293 2809 3400 2864; x_wconf 91' lang='lat' dir='ltr'>Sed</span> <span class='ocrx_word' id='word_1_355' title='bbox 3437 2809 3503 2863; x_wconf 90' lang='lat' dir='ltr'>dc</span> <span class='ocrx_word' id='word_1_356' title='bbox 3535 2825 3642 2882; x_wconf 91' lang='lat' dir='ltr'>quo</span> 
     </span>
    </p>
   </div>
   <div class='ocr_carea' id='block_1_49' title="bbox 2047 2895 3322 2968">
    <p class='ocr_par' dir='ltr' id='par_1_49' title="bbox 2047 2895 3322 2968">
     <span class='ocr_line' id='line_1_51' title="bbox 2047 2895 3322 2968; baseline 0 -16"><span class='ocrx_word' id='word_1_357' title='bbox 2047 2895 2258 2966; x_wconf 87' lang='lat' dir='ltr'>plenius</span> <span class='ocrx_word' id='word_1_358' title='bbox 2281 2897 2394 2966; x_wconf 88' lang='lat' dir='ltr'>jam</span> <span class='ocrx_word' id='word_1_359' title='bbox 2423 2895 2580 2950; x_wconf 90' lang='lat' dir='ltr'>nobis</span> <span class='ocrx_word' id='word_1_360' title='bbox 2611 2897 2674 2951; x_wconf 87' lang='lat' dir='ltr'>in</span> <span class='ocrx_word' id='word_1_361' title='bbox 2707 2897 2894 2953; x_wconf 65' lang='lat' dir='ltr'>Graeco</span> <span class='ocrx_word' id='word_1_362' title='bbox 2921 2895 3190 2968; x_wconf 79' lang='lat' dir='ltr'>digestum</span> <span class='ocrx_word' id='word_1_363' title='bbox 3217 2899 3322 2952; x_wconf 83' lang='lat' dir='ltr'>est.</span> 
     </span>
    </p>
   </div>
   <div class='ocr_carea' id='block_1_50' title="bbox 2041 3037 3642 3112">
    <p class='ocr_par' dir='ltr' id='par_1_50' title="bbox 2041 3037 3642 3112">
     <span class='ocr_line' id='line_1_52' title="bbox 2041 3037 3642 3112; baseline 0 -18"><span class='ocrx_word' id='word_1_364' title='bbox 2041 3055 2148 3110; x_wconf 90' lang='lat' dir='ltr'>que</span> <span class='ocrx_word' id='word_1_365' title='bbox 2166 3049 2228 3112; x_wconf 86' lang='lat' dir='ltr'>et</span> <span class='ocrx_word' id='word_1_366' title='bbox 2265 3047 2574 3112; x_wconf 82' lang='lat' dir='ltr'>coaetaneos</span> <span class='ocrx_word' id='word_1_367' title='bbox 2602 3039 2892 3112; x_wconf 67' lang='lat' dir='ltr'>episcopos</span> <span class='ocrx_word' id='word_1_368' title='bbox 2929 3037 3214 3112; x_wconf 84' lang='lat' dir='ltr'>Africanos</span> <span class='ocrx_word' id='word_1_369' title='bbox 3253 3039 3310 3094; x_wconf 90' lang='lat' dir='ltr'>in</span> <span class='ocrx_word' id='word_1_370' title='bbox 3349 3053 3474 3112; x_wconf 86' lang='lat' dir='ltr'>eam</span> <span class='ocrx_word' id='word_1_371' title='bbox 3515 3053 3642 3108; x_wconf 86' lang='lat' dir='ltr'>per-</span> 
     </span>
    </p>
   </div>
   <div class='ocr_carea' id='block_1_51' title="bbox 2043 3109 3637 3180">
    <p class='ocr_par' dir='ltr' id='par_1_51' title="bbox 2043 3109 3637 3180">
     <span class='ocr_line' id='line_1_53' title="bbox 2043 3109 3637 3180; baseline 0 -14"><span class='ocrx_word' id='word_1_372' title='bbox 2043 3109 2202 3168; x_wconf 79' lang='lat' dir='ltr'>traxit</span> <span class='ocrx_word' id='word_1_373' title='bbox 2232 3109 2558 3180; x_wconf 84' lang='lat' dir='ltr'>Opinionem.</span> <span class='ocrx_word' id='word_1_374' title='bbox 2601 3110 2728 3166; x_wconf 77' lang='lat' dir='ltr'>Haec</span> <span class='ocrx_word' id='word_1_375' title='bbox 2773 3109 2914 3166; x_wconf 79' lang='lat' dir='ltr'>enim</span> <span class='ocrx_word' id='word_1_376' title='bbox 2959 3112 3090 3167; x_wconf 87' lang='lat' dir='ltr'>satis</span> <span class='ocrx_word' id='word_1_377' title='bbox 3133 3111 3371 3166; x_wconf 82' lang='lat' dir='ltr'>indicare</span> <span class='ocrx_word' id='word_1_378' title='bbox 3419 3111 3637 3167; x_wconf 88' lang='lat' dir='ltr'>videtur</span> 
     </span>
    </p>
   </div>
   <div class='ocr_carea' id='block_1_52' title="bbox 2042 3180 3639 3251">
    <p class='ocr_par' dir='ltr' id='par_1_52' title="bbox 2042 3180 3639 3251">
     <span class='ocr_line' id='line_1_54' title="bbox 2042 3180 3639 3251; baseline 0 -15"><span class='ocrx_word' id='word_1_379' title='bbox 2042 3181 2128 3236; x_wconf 91' lang='lat' dir='ltr'>ille</span> <span class='ocrx_word' id='word_1_380' title='bbox 2167 3180 2326 3251; x_wconf 89' lang='lat' dir='ltr'>epist.</span> <span class='ocrx_word' id='word_1_381' title='bbox 2377 3184 2468 3250; x_wconf 88' lang='lat'>70,</span> <span class='ocrx_word' id='word_1_382' title='bbox 2517 3181 2589 3238; x_wconf 87' lang='lat' dir='ltr'>ad</span> <span class='ocrx_word' id='word_1_383' title='bbox 2645 3183 2906 3249; x_wconf 83' lang='lat' dir='ltr'>Januar.,</span> <span class='ocrx_word' id='word_1_384' title='bbox 2953 3197 3079 3238; x_wconf 90' lang='lat' dir='ltr'>cum</span> <span class='ocrx_word' id='word_1_385' title='bbox 3131 3182 3261 3237; x_wconf 89' lang='lat' dir='ltr'>dicit</span> <span class='ocrx_word' id='word_1_386' title='bbox 3315 3181 3639 3237; x_wconf 88' lang='lat' dir='ltr'>sententiam</span> 
     </span>
    </p>
   </div>
   <div class='ocr_carea' id='block_1_53' title="bbox 2043 3251 3646 3334">
    <p class='ocr_par' dir='ltr' id='par_1_53' title="bbox 2043 3251 3646 3334">
     <span class='ocr_line' id='line_1_55' title="bbox 2043 3251 3646 3334; baseline 0.001 -28"><span class='ocrx_word' id='word_1_387' title='bbox 2043 3251 2339 3334; x_wconf 29' lang='lat' dir='ltr'>illamdjam</span> <span class='ocrx_word' id='word_1_388' title='bbox 2397 3253 2608 3334; x_wconf 57' lang='lat' dir='ltr'>pridem</span> <span class='ocrx_word' id='word_1_389' title='bbox 2659 3253 2744 3334; x_wconf 85' lang='lat' dir='ltr'>ab_</span> <span class='ocrx_word' id='word_1_390' title='bbox 2775 3253 3207 3334; x_wconf 75' lang='lat' dir='ltr'>antecessoribus</span> <span class='ocrx_word' id='word_1_391' title='bbox 3263 3259 3541 3334; x_wconf 72' lang='lat' dir='ltr'>statutam,</span> <span class='ocrx_word' id='word_1_392' title='bbox 3593 3261 3646 3308; x_wconf 90' lang='lat' dir='ltr'>et</span> 
     </span>
    </p>
   </div>
   <div class='ocr_carea' id='block_1_54' title="bbox 2041 3323 3642 3394">
    <p class='ocr_par' dir='ltr' id='par_1_54' title="bbox 2041 3323 3642 3394">
     <span class='ocr_line' id='line_1_56' title="bbox 2041 3323 3642 3394; baseline -0.001 -15"><span class='ocrx_word' id='word_1_393' title='bbox 2041 3323 2279 3394; x_wconf 87' lang='lat' dir='ltr'>apertius</span> <span class='ocrx_word' id='word_1_394' title='bbox 2333 3323 2488 3394; x_wconf 87' lang='lat' dir='ltr'>epist.</span> <span class='ocrx_word' id='word_1_395' title='bbox 2537 3327 2628 3392; x_wconf 83' lang='lat'>’13,</span> <span class='ocrx_word' id='word_1_396' title='bbox 2671 3324 2744 3380; x_wconf 82' lang='lat' dir='ltr'>ad</span> <span class='ocrx_word' id='word_1_397' title='bbox 2791 3325 3157 3389; x_wconf 80' lang='lat' dir='ltr'>Jubaianum,</span> <span class='ocrx_word' id='word_1_398' title='bbox 3207 3325 3406 3380; x_wconf 90' lang='lat' dir='ltr'>multos</span> <span class='ocrx_word' id='word_1_399' title='bbox 3453 3324 3642 3378; x_wconf 89' lang='lat' dir='ltr'>dicens</span> 
     </span>
    </p>
   </div>
   <div class='ocr_carea' id='block_1_55' title="bbox 2041 3394 3642 3467">
    <p class='ocr_par' dir='ltr' id='par_1_55' title="bbox 2041 3394 3642 3467">
     <span class='ocr_line' id='line_1_57' title="bbox 2041 3394 3642 3467; baseline -0.001 -17"><span class='ocrx_word' id='word_1_400' title='bbox 2041 3410 2212 3450; x_wconf 87' lang='lat' dir='ltr'>annos</span> <span class='ocrx_word' id='word_1_401' title='bbox 2257 3395 2626 3451; x_wconf 88' lang='lat' dir='ltr'>intercessisse</span> <span class='ocrx_word' id='word_1_402' title='bbox 2654 3411 2718 3450; x_wconf 86' lang='lat' dir='ltr'>ex</span> <span class='ocrx_word' id='word_1_403' title='bbox 2765 3411 2874 3467; x_wconf 88' lang='lat' dir='ltr'>quo</span> <span class='ocrx_word' id='word_1_404' title='bbox 2912 3397 3014 3450; x_wconf 90' lang='lat' dir='ltr'>sub</span> <span class='ocrx_word' id='word_1_405' title='bbox 3058 3394 3363 3466; x_wconf 84' lang='lat' dir='ltr'>Agrippino</span> <span class='ocrx_word' id='word_1_406' title='bbox 3401 3395 3642 3465; x_wconf 90' lang='lat' dir='ltr'>episcopi</span> 
     </span>
    </p>
   </div>
   <div class='ocr_carea' id='block_1_56' title="bbox 2043 3467 3640 3536">
    <p class='ocr_par' dir='ltr' id='par_1_56' title="bbox 2043 3467 3640 3536">
     <span class='ocr_line' id='line_1_58' title="bbox 2043 3467 3640 3536; baseline 0.001 -17"><span class='ocrx_word' id='word_1_407' title='bbox 2043 3467 2256 3534; x_wconf 86' lang='lat' dir='ltr'>plurimi</span> <span class='ocrx_word' id='word_1_408' title='bbox 2315 3469 2416 3522; x_wconf 88' lang='lat' dir='ltr'>hoc</span> <span class='ocrx_word' id='word_1_409' title='bbox 2471 3473 2788 3522; x_wconf 87' lang='lat' dir='ltr'>statuerunt.</span> <span class='ocrx_word' id='word_1_410' title='bbox 2841 3467 3006 3536; x_wconf 83' lang='lat' dir='ltr'>Atqui</span> <span class='ocrx_word' id='word_1_411' title='bbox 3063 3469 3204 3536; x_wconf 81' lang='lat' dir='ltr'>inter</span> <span class='ocrx_word' id='word_1_412' title='bbox 3259 3473 3473 3536; x_wconf 84' lang='lat' dir='ltr'>tempus</span> <span class='ocrx_word' id='word_1_413' title='bbox 3530 3481 3640 3536; x_wconf 88' lang='lat' dir='ltr'>quo</span> 
     </span>
    </p>
   </div>
   <div class='ocr_carea' id='block_1_57' title="bbox 2041 3535 3640 3593">
    <p class='ocr_par' dir='ltr' id='par_1_57' title="bbox 2041 3535 3640 3593">
     <span class='ocr_line' id='line_1_59' title="bbox 2041 3535 3640 3593; baseline 0.001 -2"><span class='ocrx_word' id='word_1_414' title='bbox 2041 3537 2408 3592; x_wconf 88' lang='lat' dir='ltr'>Tertullianus</span> <span class='ocrx_word' id='word_1_415' title='bbox 2456 3545 2577 3592; x_wconf 86' lang='lat' dir='ltr'>ante</span> <span class='ocrx_word' id='word_1_416' title='bbox 2615 3553 2828 3593; x_wconf 92' lang='lat' dir='ltr'>omnem</span> <span class='ocrx_word' id='word_1_417' title='bbox 2867 3535 3118 3592; x_wconf 70' lang='lat' dir='ltr'>haeresim</span> <span class='ocrx_word' id='word_1_418' title='bbox 3175 3535 3387 3591; x_wconf 34' lang='lat' dir='ltr'>librum’</span> <span class='ocrx_word' id='word_1_419' title='bbox 3421 3536 3487 3592; x_wconf 85' lang='lat' dir='ltr'>de</span> <span class='ocrx_word' id='word_1_420' title='bbox 3531 3535 3640 3592; x_wconf 88' lang='lat' dir='ltr'>Ba-</span> 
     </span>
    </p>
   </div>
   <div class='ocr_carea' id='block_1_58' title="bbox 2039 3606 3639 3683">
    <p class='ocr_par' dir='ltr' id='par_1_58' title="bbox 2039 3606 3639 3683">
     <span class='ocr_line' id='line_1_60' title="bbox 2039 3606 3639 3683; baseline -0.002 -19"><span class='ocrx_word' id='word_1_421' title='bbox 2039 3611 2244 3683; x_wconf 74' lang='lat' dir='ltr'>ptismo</span> <span class='ocrx_word' id='word_1_422' title='bbox 2291 3609 2632 3683; x_wconf 84' lang='lat' dir='ltr'>conscripsit,</span> <span class='ocrx_word' id='word_1_423' title='bbox 2681 3617 2737 3664; x_wconf 89' lang='lat' dir='ltr'>et</span> <span class='ocrx_word' id='word_1_424' title='bbox 2779 3606 3092 3683; x_wconf 64' lang='lat' dir='ltr'>Africanum</span> <span class='ocrx_word' id='word_1_425' title='bbox 3138 3606 3482 3683; x_wconf 81' lang='lat' dir='ltr'>primum__de</span> <span class='ocrx_word' id='word_1_426' title='bbox 3514 3609 3639 3683; x_wconf 51' lang='lat' dir='ltr'>[Ire-3</span> 
     </span>
    </p>
   </div>
   <div class='ocr_carea' id='block_1_59' title="bbox 2041 3678 3644 3752">
    <p class='ocr_par' dir='ltr' id='par_1_59' title="bbox 2041 3678 3644 3752">
     <span class='ocr_line' id='line_1_61' title="bbox 2041 3678 3644 3752; baseline -0.001 -18"><span class='ocrx_word' id='word_1_427' title='bbox 2041 3678 2354 3752; x_wconf 67' lang='lat' dir='ltr'>&#39;reticorum</span> <span class='ocrx_word' id='word_1_428' title='bbox 2369 3682 2660 3752; x_wconf 82' lang='lat' dir='ltr'>Baptismo</span> <span class='ocrx_word' id='word_1_429' title='bbox 2679 3679 2964 3752; x_wconf 87' lang='lat' dir='ltr'>concilium</span> <span class='ocrx_word' id='word_1_430' title='bbox 2987 3680 3365 3750; x_wconf 88' lang='lat' dir='ltr'>episcoporum</span> <span class='ocrx_word' id='word_1_431' title='bbox 3380 3679 3476 3752; x_wconf 71' lang='lat'>72,</span> <span class='ocrx_word' id='word_1_432' title='bbox 3498 3678 3644 3746; x_wconf 88' lang='lat' dir='ltr'>quod</span> 
     </span>
    </p>
   </div>
   <div class='ocr_carea' id='block_1_60' title="bbox 2041 3749 3643 3814">
    <p class='ocr_par' dir='ltr' id='par_1_60' title="bbox 2041 3749 3643 3814">
     <span class='ocr_line' id='line_1_62' title="bbox 2041 3749 3643 3814; baseline -0.002 -8"><span class='ocrx_word' id='word_1_433' title='bbox 2041 3751 2368 3806; x_wconf 90' lang='lat' dir='ltr'>celebratum</span> <span class='ocrx_word' id='word_1_434' title='bbox 2401 3749 2500 3806; x_wconf 80' lang='lat' dir='ltr'>fuit</span> <span class='ocrx_word' id='word_1_435' title='bbox 2545 3767 2688 3806; x_wconf 90' lang='lat' dir='ltr'>anno</span> <span class='ocrx_word' id='word_1_436' title='bbox 2741 3751 2953 3807; x_wconf 89' lang='lat' dir='ltr'>Domini</span> <span class='ocrx_word' id='word_1_437' title='bbox 3002 3754 3128 3814; x_wconf 73' lang='grc'>255,</span> <span class='ocrx_word' id='word_1_438' title='bbox 3162 3749 3334 3805; x_wconf 83' lang='lat' dir='ltr'>annos</span> <span class='ocrx_word' id='word_1_439' title='bbox 3377 3749 3643 3803; x_wconf 78' lang='lat' dir='ltr'>interces-</span> 
     </span>
    </p>
   </div>
   <div class='ocr_carea' id='block_1_61' title="bbox 2040 3821 3644 3892">
    <p class='ocr_par' dir='ltr' id='par_1_61' title="bbox 2040 3821 3644 3892">
     <span class='ocr_line' id='line_1_63' title="bbox 2040 3821 3644 3892; baseline -0.001 -17"><span class='ocrx_word' id='word_1_440' title='bbox 2040 3823 2206 3877; x_wconf 90' lang='lat' dir='ltr'>sissse</span> <span class='ocrx_word' id='word_1_441' title='bbox 2233 3821 2446 3879; x_wconf 86' lang='lat' dir='ltr'>circiter</span> <span class='ocrx_word' id='word_1_442' title='bbox 2475 3824 2564 3888; x_wconf 82' lang='lat'>50,</span> <span class='ocrx_word' id='word_1_443' title='bbox 2597 3821 2752 3878; x_wconf 83' lang='lat' dir='ltr'>latius</span> <span class='ocrx_word' id='word_1_444' title='bbox 2797 3823 2854 3878; x_wconf 90' lang='lat' dir='ltr'>in</span> <span class='ocrx_word' id='word_1_445' title='bbox 2891 3823 3000 3880; x_wconf 86' lang='lat' dir='ltr'>vita</span> <span class='ocrx_word' id='word_1_446' title='bbox 3039 3822 3276 3878; x_wconf 88' lang='lat' dir='ltr'>auctoris</span> <span class='ocrx_word' id='word_1_447' title='bbox 3318 3821 3644 3892; x_wconf 89' lang='lat' dir='ltr'>comproba-</span> 
     </span>
    </p>
   </div>
   <div class='ocr_carea' id='block_1_62' title="bbox 2043 3903 2147 3948">
    <p class='ocr_par' dir='ltr' id='par_1_62' title="bbox 2043 3903 2147 3948">
     <span class='ocr_line' id='line_1_64' title="bbox 2043 3903 2147 3948; baseline 0 -1"><span class='ocrx_word' id='word_1_448' title='bbox 2043 3903 2147 3948; x_wconf 90' lang='lat' dir='ltr'>tur.</span> 
     </span>
    </p>
   </div>
   <div class='ocr_carea' id='block_1_63' title="bbox 1300 4169 2684 4306">
    <p class='ocr_par' dir='ltr' id='par_1_63' title="bbox 1300 4169 2684 4306">
     <span class='ocr_line' id='line_1_65' title="bbox 1300 4169 2684 4306; baseline -0.001 -22"><span class='ocrx_word' id='word_1_449' title='bbox 1300 4169 2024 4286; x_wconf 84' lang='lat' dir='ltr'>APPENDIX</span> <span class='ocrx_word' id='word_1_450' title='bbox 2109 4169 2684 4306; x_wconf 84' lang='lat' dir='ltr'>QUARTA</span> 
     </span>
    </p>
   </div>
   <div class='ocr_carea' id='block_1_64' title="bbox 1091 4499 2890 4611">
    <p class='ocr_par' dir='ltr' id='par_1_64' title="bbox 1091 4499 2890 4611">
     <span class='ocr_line' id='line_1_66' title="bbox 1091 4499 2890 4611; baseline 0 -21"><span class='ocrx_word' id='word_1_451' title='bbox 1091 4500 1537 4592; x_wconf 85' lang='lat' dir='ltr'>OPERUM</span> <span class='ocrx_word' id='word_1_452' title='bbox 1633 4503 1742 4611; x_wconf 82' lang='lat' dir='ltr'>Q.</span> <span class='ocrx_word' id='word_1_453' title='bbox 1813 4501 1902 4594; x_wconf 92' lang='lat' dir='ltr'>S.</span> <span class='ocrx_word' id='word_1_454' title='bbox 1994 4503 2087 4589; x_wconf 84' lang='lat' dir='ltr'>F-</span> <span class='ocrx_word' id='word_1_455' title='bbox 2163 4499 2890 4592; x_wconf 77' lang='lat' dir='ltr'><strong>TERTULLIANI</strong></span> 
     </span>
    </p>
   </div>
   <div class='ocr_carea' id='block_1_65' title="bbox 869 4659 3134 4744">
    <p class='ocr_par' dir='ltr' id='par_1_65' title="bbox 869 4659 3134 4744">
     <span class='ocr_line' id='line_1_67' title="bbox 869 4659 3134 4744; baseline -0.001 -16"><span class='ocrx_word' id='word_1_456' title='bbox 869 4663 1052 4738; x_wconf 69' lang='lat' dir='ltr'>QUAS</span> <span class='ocrx_word' id='word_1_457' title='bbox 1097 4663 1704 4728; x_wconf 80' lang='lat' dir='ltr'><strong>DESIDERANTUR</strong></span> <span class='ocrx_word' id='word_1_458' title='bbox 1753 4661 2252 4744; x_wconf 79' lang='lat' dir='ltr'>FRAGMENTA,</span> <span class='ocrx_word' id='word_1_459' title='bbox 2296 4661 2586 4729; x_wconf 88' lang='lat' dir='ltr'>MENTIO</span> <span class='ocrx_word' id='word_1_460' title='bbox 2635 4661 2732 4724; x_wconf 90' lang='lat' dir='ltr'>ET</span> <span class='ocrx_word' id='word_1_461' title='bbox 2776 4659 3134 4726; x_wconf 68' lang='lat' dir='ltr'>NOTULAE.</span> 
     </span>
    </p>
   </div>
   <div class='ocr_carea' id='block_1_66' title="bbox 964 4937 3013 4998">
    <p class='ocr_par' dir='ltr' id='par_1_66' title="bbox 964 4937 3013 4998">
     <span class='ocr_line' id='line_1_68' title="bbox 964 4937 3013 4998; baseline -0.002 -6"><span class='ocrx_word' id='word_1_462' title='bbox 964 4942 1002 4992; x_wconf 91' lang='lat' dir='ltr'><strong>I.</strong></span> <span class='ocrx_word' id='word_1_463' title='bbox 1039 4941 1122 4992; x_wconf 84' lang='lat' dir='ltr'>AD</span> <span class='ocrx_word' id='word_1_464' title='bbox 1157 4941 1399 4995; x_wconf 83' lang='lat' dir='ltr'><strong>AMICUM</strong></span> <span class='ocrx_word' id='word_1_465' title='bbox 1435 4941 1878 4996; x_wconf 77' lang='lat' dir='ltr'>PHILOSOPHUM</span> <span class='ocrx_word' id='word_1_466' title='bbox 1925 4941 2007 4992; x_wconf 87' lang='lat' dir='ltr'><strong>DE</strong></span> <span class='ocrx_word' id='word_1_467' title='bbox 2055 4939 2424 4993; x_wconf 77' lang='lat' dir='ltr'>NUPTIARUM</span> <span class='ocrx_word' id='word_1_468' title='bbox 2458 4939 2792 4992; x_wconf 80' lang='lat' dir='ltr'><strong>ANGUSTIIS</strong></span> <span class='ocrx_word' id='word_1_469' title='bbox 2823 4937 3013 4998; x_wconf 86' lang='lat' dir='ltr'><strong>LIBRI,</strong></span> 
     </span>
    </p>
   </div>
   <div class='ocr_carea' id='block_1_67' title="bbox 1615 5071 2349 5133">
    <p class='ocr_par' dir='ltr' id='par_1_67' title="bbox 1615 5071 2349 5133">
     <span class='ocr_line' id='line_1_69' title="bbox 1615 5071 2349 5133; baseline -0.003 -17"><span class='ocrx_word' id='word_1_470' title='bbox 1615 5071 1868 5133; x_wconf 56' lang='grc' dir='ltr'>ΝΟΤιῖῐιεΕ</span> <span class='ocrx_word' id='word_1_471' title='bbox 1897 5071 1979 5116; x_wconf 74' lang='lat' dir='ltr'>EX</span> <span class='ocrx_word' id='word_1_472' title='bbox 2011 5071 2064 5114; x_wconf 88' lang='grc' dir='ltr'>Β.</span> <span class='ocrx_word' id='word_1_473' title='bbox 2097 5071 2349 5116; x_wconf 84' lang='lat' dir='ltr'><strong>IIIERON.</strong></span> 
     </span>
    </p>
   </div>
   <div class='ocr_carea' id='block_1_68' title="bbox 401 5207 1920 5280">
    <p class='ocr_par' dir='ltr' id='par_1_68' title="bbox 401 5207 1920 5280">
     <span class='ocr_line' id='line_1_70' title="bbox 401 5207 1920 5280; baseline -0.001 -15"><span class='ocrx_word' id='word_1_474' title='bbox 401 5209 472 5265; x_wconf 90' lang='lat' dir='ltr'>Et</span> <span class='ocrx_word' id='word_1_475' title='bbox 510 5207 564 5263; x_wconf 90' lang='lat' dir='ltr'>in</span> <span class='ocrx_word' id='word_1_476' title='bbox 601 5208 864 5280; x_wconf 86' lang='lat' dir='ltr'>principio</span> <span class='ocrx_word' id='word_1_477' title='bbox 908 5207 1073 5265; x_wconf 90' lang='lat' dir='ltr'>libelli</span> <span class='ocrx_word' id='word_1_478' title='bbox 1115 5208 1370 5279; x_wconf 69' lang='lat' dir='ltr'>praefatus</span> <span class='ocrx_word' id='word_1_479' title='bbox 1409 5225 1528 5264; x_wconf 85' lang='lat' dir='ltr'>smn</span> <span class='ocrx_word' id='word_1_480' title='bbox 1566 5225 1651 5265; x_wconf 90' lang='lat' dir='ltr'>me</span> <span class='ocrx_word' id='word_1_481' title='bbox 1695 5210 1760 5264; x_wconf 88' lang='lat' dir='ltr'>de</span> <span class='ocrx_word' id='word_1_482' title='bbox 1804 5210 1920 5264; x_wconf 77' lang='lat' dir='ltr'>An-</span> 
     </span>
    </p>
   </div>
   <div class='ocr_carea' id='block_1_69' title="bbox 324 5297 1920 5370">
    <p class='ocr_par' dir='ltr' id='par_1_69' title="bbox 324 5297 1920 5370">
     <span class='ocr_line' id='line_1_71' title="bbox 324 5297 1920 5370; baseline -0.003 -15"><span class='ocrx_word' id='word_1_483' title='bbox 324 5299 530 5370; x_wconf 81' lang='lat' dir='ltr'>gustiis</span> <span class='ocrx_word' id='word_1_484' title='bbox 576 5300 913 5370; x_wconf 83' lang='lat' dir='ltr'>Nuptiarum</span> <span class='ocrx_word' id='word_1_485' title='bbox 942 5303 1033 5352; x_wconf 83' lang='lat' dir='ltr'>aut</span> <span class='ocrx_word' id='word_1_486' title='bbox 1063 5297 1193 5352; x_wconf 84' lang='lat' dir='ltr'>nihil</span> <span class='ocrx_word' id='word_1_487' title='bbox 1231 5299 1448 5354; x_wconf 87' lang='lat' dir='ltr'>omnino</span> <span class='ocrx_word' id='word_1_488' title='bbox 1479 5307 1567 5353; x_wconf 89' lang='lat' dir='ltr'>aut</span> <span class='ocrx_word' id='word_1_489' title='bbox 1613 5313 1800 5368; x_wconf 88' lang='lat' dir='ltr'>parum</span> <span class='ocrx_word' id='word_1_490' title='bbox 1834 5297 1920 5350; x_wconf 87' lang='lat' dir='ltr'>di—</span> 
     </span>
    </p>
   </div>
   <div class='ocr_carea' id='block_1_70' title="bbox 325 5385 1923 5458">
    <p class='ocr_par' dir='ltr' id='par_1_70' title="bbox 325 5385 1923 5458">
     <span class='ocr_line' id='line_1_72' title="bbox 325 5385 1923 5458; baseline 0 -16"><span class='ocrx_word' id='word_1_491' title='bbox 325 5397 562 5454; x_wconf 87' lang='lat' dir='ltr'>cturum,</span> <span class='ocrx_word' id='word_1_492' title='bbox 593 5397 647 5443; x_wconf 91' lang='lat' dir='ltr'>et</span> <span class='ocrx_word' id='word_1_493' title='bbox 683 5403 826 5442; x_wconf 90' lang='lat' dir='ltr'>nunc</span> <span class='ocrx_word' id='word_1_494' title='bbox 871 5386 1058 5444; x_wconf 86' lang='lat' dir='ltr'>eadem</span> <span class='ocrx_word' id='word_1_495' title='bbox 1104 5385 1412 5454; x_wconf 88' lang='lat' dir='ltr'>admoneo;</span> <span class='ocrx_word' id='word_1_496' title='bbox 1445 5395 1502 5442; x_wconf 91' lang='lat' dir='ltr'>ut</span> <span class='ocrx_word' id='word_1_497' title='bbox 1529 5387 1575 5442; x_wconf 91' lang='lat' dir='ltr'>si</span> <span class='ocrx_word' id='word_1_498' title='bbox 1607 5387 1700 5442; x_wconf 88' lang='lat' dir='ltr'>tibi</span> <span class='ocrx_word' id='word_1_499' title='bbox 1751 5389 1923 5458; x_wconf 86' lang='lat' dir='ltr'>placet</span> 
     </span>
    </p>
   </div>
   <div class='ocr_carea' id='block_1_71' title="bbox 327 5475 1921 5549">
    <p class='ocr_par' dir='ltr' id='par_1_71' title="bbox 327 5475 1921 5549">
     <span class='ocr_line' id='line_1_73' title="bbox 327 5475 1921 5549; baseline 0 -19"><span class='ocrx_word' id='word_1_500' title='bbox 327 5475 472 5532; x_wconf 89' lang='lat' dir='ltr'>scire</span> <span class='ocrx_word' id='word_1_501' title='bbox 517 5484 650 5548; x_wconf 92' lang='lat' dir='ltr'>quot</span> <span class='ocrx_word' id='word_1_502' title='bbox 697 5477 957 5533; x_wconf 88' lang='lat' dir='ltr'>molestiis</span> <span class='ocrx_word' id='word_1_503' title='bbox 1002 5475 1159 5549; x_wconf 83' lang='lat' dir='ltr'>virgo</span> <span class='ocrx_word' id='word_1_504' title='bbox 1205 5475 1399 5546; x_wconf 88' lang='lat' dir='ltr'>libera,</span> <span class='ocrx_word' id='word_1_505' title='bbox 1429 5487 1558 5548; x_wconf 87' lang='lat' dir='ltr'>quot</span> <span class='ocrx_word' id='word_1_506' title='bbox 1593 5493 1728 5533; x_wconf 82' lang='lat' dir='ltr'>uxor</span> <span class='ocrx_word' id='word_1_507' title='bbox 1757 5475 1921 5532; x_wconf 89' lang='lat' dir='ltr'>astri-</span> 
     </span>
    </p>
   </div>
   <div class='ocr_carea' id='block_1_72' title="bbox 323 5565 1924 5640">
    <p class='ocr_par' dir='ltr' id='par_1_72' title="bbox 323 5565 1924 5640">
     <span class='ocr_line' id='line_1_74' title="bbox 323 5565 1924 5640; baseline 0 -18"><span class='ocrx_word' id='word_1_508' title='bbox 323 5571 414 5622; x_wconf 85' lang='lat' dir='ltr'>cta</span> <span class='ocrx_word' id='word_1_509' title='bbox 441 5565 532 5634; x_wconf 85' lang='lat' dir='ltr'>sit,</span> <span class='ocrx_word' id='word_1_510' title='bbox 551 5565 706 5638; x_wconf 85' lang='lat' dir='ltr'>legas</span> <span class='ocrx_word' id='word_1_511' title='bbox 734 5565 1122 5622; x_wconf 83' lang='lat' dir='ltr'>Tertullianum</span> <span class='ocrx_word' id='word_1_512' title='bbox 1153 5565 1225 5620; x_wconf 89' lang='lat' dir='ltr'>ad</span> <span class='ocrx_word' id='word_1_513' title='bbox 1255 5567 1512 5623; x_wconf 80' lang='lat' dir='ltr'>Amicum</span> <span class='ocrx_word' id='word_1_514' title='bbox 1527 5565 1924 5640; x_wconf 80' lang='lat' dir='ltr'>philosOphum</span> 
     </span>
    </p>
   </div>
   <div class='ocr_carea' id='block_1_73' title="bbox 325 5653 1918 5727">
    <p class='ocr_par' dir='ltr' id='par_1_73' title="bbox 325 5653 1918 5727">
     <span class='ocr_line' id='line_1_75' title="bbox 325 5653 1918 5727; baseline -0.001 -15"><span class='ocrx_word' id='word_1_515' title='bbox 325 5653 674 5722; x_wconf 83' lang='lat' dir='ltr'>scribentem,</span> <span class='ocrx_word' id='word_1_516' title='bbox 718 5661 772 5712; x_wconf 88' lang='lat' dir='ltr'>et</span> <span class='ocrx_word' id='word_1_517' title='bbox 815 5655 881 5715; x_wconf 84' lang='lat' dir='ltr'>de</span> <span class='ocrx_word' id='word_1_518' title='bbox 933 5657 1264 5727; x_wconf 75' lang='lat' dir='ltr'>Virginitate</span> <span class='ocrx_word' id='word_1_519' title='bbox 1302 5655 1438 5713; x_wconf 88' lang='lat' dir='ltr'>alios</span> <span class='ocrx_word' id='word_1_520' title='bbox 1483 5655 1710 5722; x_wconf 87' lang='lat' dir='ltr'>libellos,</span> <span class='ocrx_word' id='word_1_521' title='bbox 1761 5663 1814 5712; x_wconf 88' lang='lat' dir='ltr'>ct</span> <span class='ocrx_word' id='word_1_522' title='bbox 1859 5655 1918 5712; x_wconf 88' lang='grc' dir='ltr'><strong>Β.</strong></span> 
     </span>
    </p>
   </div>
   <div class='ocr_carea' id='block_1_74' title="bbox 2105 5203 3640 5279">
    <p class='ocr_par' dir='ltr' id='par_1_74' title="bbox 2105 5203 3640 5279">
     <span class='ocr_line' id='line_1_76' title="bbox 2105 5203 3640 5279; baseline -0.002 -17"><span class='ocrx_word' id='word_1_523' title='bbox 2105 5205 2362 5279; x_wconf 84' lang='lat' dir='ltr'>Cypriani</span> <span class='ocrx_word' id='word_1_524' title='bbox 2387 5205 2632 5263; x_wconf 81' lang='lat' dir='ltr'>volumen</span> <span class='ocrx_word' id='word_1_525' title='bbox 2655 5205 2970 5278; x_wconf 74' lang='lat' dir='ltr'>egregium;</span> <span class='ocrx_word' id='word_1_526' title='bbox 2997 5211 3050 5260; x_wconf 89' lang='lat' dir='ltr'>et</span> <span class='ocrx_word' id='word_1_527' title='bbox 3065 5205 3224 5277; x_wconf 62' lang='lat' dir='ltr'>Papae</span> <span class='ocrx_word' id='word_1_528' title='bbox 3239 5203 3454 5262; x_wconf 86' lang='lat' dir='ltr'>Damasi</span> <span class='ocrx_word' id='word_1_529' title='bbox 3477 5221 3640 5276; x_wconf 84' lang='lat' dir='ltr'>super</span> 
     </span>
    </p>
   </div>
   <div class='ocr_carea' id='block_1_75' title="bbox 2033 5295 3636 5367">
    <p class='ocr_par' dir='ltr' id='par_1_75' title="bbox 2033 5295 3636 5367">
     <span class='ocr_line' id='line_1_77' title="bbox 2033 5295 3636 5367; baseline 0 -16"><span class='ocrx_word' id='word_1_530' title='bbox 2033 5297 2136 5352; x_wconf 85' lang='lat' dir='ltr'>hac</span> <span class='ocrx_word' id='word_1_531' title='bbox 2167 5313 2225 5352; x_wconf 91' lang='lat' dir='ltr'>re</span> <span class='ocrx_word' id='word_1_532' title='bbox 2257 5311 2416 5354; x_wconf 83' lang='lat' dir='ltr'>versu</span> <span class='ocrx_word' id='word_1_533' title='bbox 2459 5311 2524 5352; x_wconf 88' lang='lat' dir='ltr'>ac</span> <span class='ocrx_word' id='word_1_534' title='bbox 2570 5311 2730 5365; x_wconf 89' lang='lat' dir='ltr'>prosa</span> <span class='ocrx_word' id='word_1_535' title='bbox 2773 5295 3099 5367; x_wconf 87' lang='lat' dir='ltr'>composita,</span> <span class='ocrx_word' id='word_1_536' title='bbox 3132 5307 3185 5352; x_wconf 92' lang='lat' dir='ltr'>et</span> <span class='ocrx_word' id='word_1_537' title='bbox 3214 5296 3483 5351; x_wconf 83' lang='lat' dir='ltr'>Ambrosii</span> <span class='ocrx_word' id='word_1_538' title='bbox 3537 5313 3636 5351; x_wconf 89' lang='lat' dir='ltr'>no-</span> 
     </span>
    </p>
   </div>
   <div class='ocr_carea' id='block_1_76' title="bbox 2034 5383 3634 5460">
    <p class='ocr_par' dir='ltr' id='par_1_76' title="bbox 2034 5383 3634 5460">
     <span class='ocr_line' id='line_1_78' title="bbox 2034 5383 3634 5460; baseline 0.001 -18"><span class='ocrx_word' id='word_1_539' title='bbox 2034 5387 2131 5442; x_wconf 90' lang='lat' dir='ltr'>stri</span> <span class='ocrx_word' id='word_1_540' title='bbox 2161 5403 2279 5460; x_wconf 65' lang='lat' dir='ltr'>quas</span> <span class='ocrx_word' id='word_1_541' title='bbox 2309 5402 2482 5459; x_wconf 90' lang='lat' dir='ltr'>nuper</span> <span class='ocrx_word' id='word_1_542' title='bbox 2511 5383 2726 5460; x_wconf 90' lang='lat' dir='ltr'>scripsit</span> <span class='ocrx_word' id='word_1_543' title='bbox 2753 5385 2825 5442; x_wconf 91' lang='lat' dir='ltr'>ad</span> <span class='ocrx_word' id='word_1_544' title='bbox 2856 5401 3099 5443; x_wconf 88' lang='lat' dir='ltr'>sororem</span> <span class='ocrx_word' id='word_1_545' title='bbox 3137 5386 3404 5459; x_wconf 85' lang='lat' dir='ltr'>Opuscula</span> <span class='ocrx_word' id='word_1_546' title='bbox 3433 5386 3634 5456; x_wconf 87' lang='lat' dir='ltr'>(Epist.</span> 
     </span>
    </p>
   </div>
   <div class='ocr_carea' id='block_1_77' title="bbox 2031 5474 2566 5546">
    <p class='ocr_par' dir='ltr' id='par_1_77' title="bbox 2031 5474 2566 5546">
     <span class='ocr_line' id='line_1_79' title="bbox 2031 5474 2566 5546; baseline -0.002 -14"><span class='ocrx_word' id='word_1_547' title='bbox 2031 5479 2124 5544; x_wconf 86' lang='lat'>28,</span> <span class='ocrx_word' id='word_1_548' title='bbox 2157 5477 2228 5532; x_wconf 87' lang='lat' dir='ltr'>ad</span> <span class='ocrx_word' id='word_1_549' title='bbox 2259 5474 2566 5546; x_wconf 78' lang='lat' dir='ltr'>Eustoch.).</span> 
     </span>
    </p>
   </div>
   <div class='ocr_carea' id='block_1_78' title="bbox 2103 5563 3630 5638">
    <p class='ocr_par' dir='ltr' id='par_1_78' title="bbox 2103 5563 3630 5638">
     <span class='ocr_line' id='line_1_80' title="bbox 2103 5563 3630 5638; baseline -0.001 -16"><span class='ocrx_word' id='word_1_550' title='bbox 2103 5567 2226 5622; x_wconf 89' lang='lat' dir='ltr'>Non</span> <span class='ocrx_word' id='word_1_551' title='bbox 2255 5573 2334 5621; x_wconf 86' lang='lat' dir='ltr'>est</span> <span class='ocrx_word' id='word_1_552' title='bbox 2365 5566 2528 5636; x_wconf 86' lang='lat' dir='ltr'>hujus</span> <span class='ocrx_word' id='word_1_553' title='bbox 2555 5563 2658 5622; x_wconf 88' lang='lat' dir='ltr'>loci</span> <span class='ocrx_word' id='word_1_554' title='bbox 2697 5566 3042 5638; x_wconf 86' lang='lat' dir='ltr'>Nuptiarum</span> <span class='ocrx_word' id='word_1_555' title='bbox 3083 5565 3378 5634; x_wconf 81' lang='lat' dir='ltr'>angustias</span> <span class='ocrx_word' id='word_1_556' title='bbox 3417 5565 3630 5622; x_wconf 87' lang='lat' dir='ltr'>descri-</span> 
     </span>
    </p>
   </div>
   <div class='ocr_carea' id='block_1_79' title="bbox 2031 5653 3626 5727">
    <p class='ocr_par' dir='ltr' id='par_1_79' title="bbox 2031 5653 3626 5727">
     <span class='ocr_line' id='line_1_81' title="bbox 2031 5653 3626 5727; baseline -0.001 -15"><span class='ocrx_word' id='word_1_557' title='bbox 2031 5655 2180 5722; x_wconf 86' lang='lat' dir='ltr'>bere,</span> <span class='ocrx_word' id='word_1_558' title='bbox 2211 5661 2264 5713; x_wconf 87' lang='lat' dir='ltr'>et</span> <span class='ocrx_word' id='word_1_559' title='bbox 2293 5655 2450 5727; x_wconf 87' lang='lat' dir='ltr'>quasi</span> <span class='ocrx_word' id='word_1_560' title='bbox 2487 5654 2542 5711; x_wconf 88' lang='lat' dir='ltr'>in</span> <span class='ocrx_word' id='word_1_561' title='bbox 2571 5655 2950 5712; x_wconf 87' lang='lat' dir='ltr'>communibus</span> <span class='ocrx_word' id='word_1_562' title='bbox 2979 5653 3113 5713; x_wconf 87' lang='lat' dir='ltr'>locis</span> <span class='ocrx_word' id='word_1_563' title='bbox 3143 5653 3412 5713; x_wconf 78' lang='lat' dir='ltr'>rhetorico</span> <span class='ocrx_word' id='word_1_564' title='bbox 3439 5655 3626 5713; x_wconf 80' lang='lat' dir='ltr'>exsul-</span> 
     </span>
    </p>
   </div>
  </div>
