4062 6178
449 346 586 406 1183
1507 341 1590 398 AD
1630 339 1917 400 GENUINA
1955 338 2036 396 TE

2147 336 2400 400 JLLIANI
2438 334 2652 394 ΟΡΕΡιΑ
3586 333 3732 391 1184

443 481 562 528 tare
613 485 895 540 sermone;
927 468 1138 538 plenius
1187 484 1351 540 super
1387 468 1492 522 hac
1530 481 1585 522 re
1614 475 1801 522 contra
1837 465 2025 521 Helvi-
2057 482 2106 560 Α
2138 478 2290 516 meus
2319 461 2615 534 Gregorius
2649 459 3039 521 Nazianzenus,
3080 457 3480 529 Virginitatem
3509 462 3565 514 et
3612 461 3738 514 Nu-

443 561 611 626 dium,
644 569 698 616 et
726 561 779 614 in
809 574 871 614 eo
919 558 1056 613 libro
1103 574 1260 628 quem
1299 558 1369 613 ad
1412 556 1762 611 Eustochium
1813 553 2024 624 scripsi,
2057 547 2106 560 ’“
2134 555 2285 627 ptias
2342 553 2612 607 disserens
2666 549 2874 605 Graecis
2930 547 3177 604 versibus
3233 547 3518 619 explicavit
3573 548 3738 619 (Adv.

441 647 672 704 arbitror
718 648 1045 704 absolutum.
1091 646 1246 700 Certe
1292 645 1669 710 Tcrtullianus,
1703 660 1824 700 cum
1855 643 2031 699 adhuc
2141 643 2346 708 Jovin.,
2379 640 2416 694 ι.
2450 642 2509 708 ι).

438 747 584 795 esset
616 737 950 803 adolescens,
985 735 1111 791 lusit
1139 735 1192 790 in
1226 737 1326 790 hac
1369 734 1615 803 materia,
1649 742 1701 788 et
1727 741 2030 805 praeceptor

513 905 730 963 II23
776 907 1043 960 Hactenus
1086 905 1146 959 B.
1191 905 1564 975 Hieronymus,
1593 902 1749 971 cujus
1794 902 2030 975 integras

441 979 691 1048 periodos
730 977 1052 1031 adduximus
1097 976 1154 1029 in
1200 973 1458 1048 medium,
1490 984 1604 1028 tum
1646 989 1717 1048 ne
1743 973 1870 1045 quid
1908 990 2026 1048 mu-

442 1044 590 1105 tilum
642 1058 808 1114 esset,
842 1058 950 1104 tum
982 1057 1040 1101 ut
1068 1047 1330 1117 intelligat
1367 1047 1534 1101 lector
1566 1045 1660 1116 qui
1690 1044 1930 1117 veterum
1960 1044 2029 1097 de

440 1121 773 1193 virginitate,
822 1118 981 1173 hodie
1038 1115 1315 1188 tantopere
1373 1115 1738 1193 controversa,
1784 1115 2028 1193 scripse-

444 1187 589 1247 rini:
621 1190 870 1262 quocirca
899 1187 1226 1261 magnopere
1266 1189 1498 1262 Optarim
1537 1195 1745 1262 exstare
1784 1187 1888 1241 hoc
1926 1203 2028 1262 au-

443 1264 606 1318 ctoris
638 1258 894 1324 libellum,
930 1258 1040 1314 sife
1077 1258 1237 1331 prosa
1266 1259 1643 1331 conscriptum,
1676 1258 1786 1313 sive
1833 1259 2026 1331 potius,

443 1335 585 1404 quod
631 1350 728 1405 per
767 1335 995 1405 verbum
1037 1328 1176 1405 lusit
1219 1331 1444 1405 indicari
1477 1328 1715 1405 videtur,
1763 1328 2028 1405 carmine2

446 1399 568 1474 Quo
598 1399 658 1458 tit
687 1404 886 1475 magis,
919 1413 978 1458 ut
1004 1403 1135 1475 mihi
1165 1418 1272 1475 non
1317 1403 1585 1475 probetur_
1612 1400 1898 1469 cujusdam
1924 1399 2030 1475 viri

444 1471 655 1555 eruditi
693 1471 956 1543 cen'sura,
1016 1474 1110 1555 qui
1175 1473 1521 1555 existimabat.
1573 1473 1715 1555 hunc
1779 1471 2028 1526 eumdem

443 1564 559 1603 esse
602 1547 818 1613 librum,
868 1561 987 1600 cum
1035 1544 1129 1599 illo
1169 1545 1262 1616 qui
1310 1544 1614 1600 inscribitur
1640 1544 2028 1616 _Exnoan1jto

444 1635 517 1674 AD
552 1633 918 1672 CASTITATEM.
950 1613 1308 1685 Praeterquam
1339 1617 1478 1670 enim
1509 1613 1655 1684 quod
1685 1615 1854 1685 illum
1892 1614 2028 1668 ado-

450 1693 658 1747 lescens
703 1690 992 1760 scripsisse
1038 1683 1251 1760 dicitur,
1283 1694 1336 1740 et
1362 1687 1504 1741 hunc
1527 1683 1651 1760 :sub
1698 1683 1857 1760 finem
1905 1686 2030 1738 vita:

446 1761 702 1831 scriptum
747 1754 990 1829 constet;
1025 1759 1186 1814 etiam
1232 1773 1298 1812 ex
1327 1754 1607 1831 proposito
1654 1754 1872 1831 minime
1917 1764 2028 1831 tra-

447 1826 646 1891 ctat-de
671 1831 946 1888 molestiis
973 1826 1344 1902 nuptiarum;
1363 1829 1550 1898 Neque
1576 1841 1702 1884 vero
1732 1826 1889 1882 etiam
1918 1826 2032 1882 illo-

2139 921 2260 960 rum
2323 903 2498 973 placet
2560 903 2825 974 sententia
2887 901 2980 974 qui
3043 899 3500 974 duos__diversos
3568 897 3745 954 libros

2147 971 2365 1030 Il2il
2412 973 2724 1029 Tertulliani
2773 971 2929 1029 dictis
2978 973 3109 1031 locis
3155 971 3331 1028 videri
3377 971 3584 1033 volunt,
3617 985 3748 1024 cum

2140 1056 2424 1117 utrumque
2461 1046 2674 1101 disertis
2711 1047 2890 1101 verbis
2920 1046 2980 1098 B.
3031 1045 3252 1117 Hieron.
3303 1042 3632 1117 inscriptum
3663 1040 3741 1094 si-

2138 1112 2354 1186 gniﬁcet
2379 1118 2444 1174 de
2463 1118 2736 1172 molestiis
2766 1118 3127 1188 nuptiarum.
3149 1113 3325 1188 Atqui
3344 1130 3424 1188 an
3451 1114 3512 1167 B.
3545 1112 3742 1166 Hiero-

2139 1185 2331 1257 nymus
2385 1188 2656 1245 adscribet
2706 1185 3035 1242 Tertulliano
3090 1185 3251 1241 etiam
3298 1187 3460 1249 alios,
3492 1199 3749 1257 quorum

2138 1253 2379 1314 meminit
2425 1261 2490 1317 de
2546 1260 2878 1331 Virginitate
2916 1258 3168 1331 libellos,
3223 1263 3434 1331 poterat
3486 1253 3740 1308 fertassis

2137 1331 2390 1395 dubitari,
2416 1331 2568 1399 juxta
2612 1328 2816 1400 priores
2851 1329 2994 1384 illius
3019 1329 3380 1400 editiones,si
3411 1328 3686 1400 legeretur
3726 1341 3743 1380 ε

2141 1405 2289 1472 tegas
2320 1396 2665 1459 Tertulliani
2679 1401 2751 1456 ad
2772 1405 3022 1457 amicum
3042 1399 3439 1472 philosophum
3457 1401 3510 1451 et
3527 1397 3593 1452 de
3622 1396 3749 1450 Vir-

2135 1471 2380 1544 ginitatc
2410 1474 2552 1529 alios
2587 1473 3009 1544 libellos.Certe
3044 1471 3288 1544 ejusdem
3319 1483 3459 1544 pen_e
3489 1480 3615 1544 sunt
3644 1483 3745 1544 ar,-

2138 1539 2380 1617 gttmenti
2426 1545 2498 1599 ad
2532 1546 2764 1601 Uxorem
2809 1543 2933 1617 libri
2951 1539 3088 1617 duo,
3121 1557 3184 1597 ac
3212 1539 3358 1617 dicta
3398 1539 3748 1617 Exhortatio

2139 1609 2211 1670 ad
2231 1615 2576 1680 castitatem,
2601 1623 2654 1670 et
2681 1631 2788 1669 non
2816 1614 2969 1669 aliud
2995 1609 3184 1668 traCtat
3214 1611 3347 1666 liber
3376 1609 3441 1667 de
3481 1610 3744 1665 Vela-udis

2149 1687 2503 1756 Virginibus;
2536 1686 2669 1741 alios
2713 1685 2936 1756 insuper
2965 1685 3030 1740 de
3068 1685 3423 1756 Virginitate,
3453 1681 3752 1756 contigen-

2140 1756 2214 1810 tia
2239 1752 2294 1812 ἐι
2321 1752 2561 1812 castitate
2595 1752 2856 1812 servanda
2885 1757 3032 1812 locos
3069 1752 3382 1825 complures
3421 1752 3564 1823 apud
3595 1752 3750 1807 Ter-

2137 1828 2439 1896 tullianum,
2472 1844 2545 1884 ex
2581 1828 2760 1884 indice
2791 1835 2977 1884 nostro
3007 1826 3247 1886 inveniet
3278 1826 3468 1882 lector.

1785 1963 1849 2014 ΙΙ.
1881 1963 1961 2012 DE
2016 1963 2182 2015 ΕΑΤο
2234 1964 2404 2016 LIBRI

1078 2095 1304 2141 ΜΕΝΤΙΟ
1343 2094 1416 2140 ΕΤ
1453 2092 1865 2140 FRAGMENTUM
1906 2092 1988 2138 ΕΧ
2033 2093 2304 2140 EIUSDEM
2336 2095 2450 2140 LIB.
2494 2096 2570 2142 DE
2611 2097 2803 2142 ΑΝΙΜΑ
2844 2087 2987 2156 (cap.
3029 2089 3120 2154 20)

1369 2187 1424 2237 et
1468 2181 1754 2252 Fulgentio
1813 2179 2120 2251 Planciade,
2161 2180 2226 2238 de
2281 2184 2501 2240 Vocibus
2544 2185 2816 2258 antiquis.

521 2283 850 2339 Postestates
916 2281 1184 2337 enimvero
1254 2289 1508 2352 prwsunt.
1576 2281 1884 2338 Secundum
1942 2298 2042 2336 nos
2075 2294 2116 2369 Β
2147 2278 2386 2336 libertas.
2417 2284 2552 2337 Nam
2589 2283 2703 2337 haec
2732 2286 2786 2338 et
2821 2279 3124 2352 philosophi
3160 2279 3516 2351 distinguunt,
3550 2286 3604 2331 et
3647 2291 3754 2332 nos

451 2371 695 2443 quidem,
725 2371 989 2426 Dominus
1034 2371 1199 2439 Deus,
1230 2378 1284 2424 et
1329 2370 1578 2424 diabolus
1627 2370 1893 2437 aemulus;
1943 2386 2039 2425 se-

450 2458 686 2515 cundum
717 2473 1059 2513 communem
1088 2465 1264 2511 autem
1294 2457 1624 2527 opinionem,
1661 2469 1714 2513 et
1746 2458 2042 2514 Providen-

448 2547 542 2617 tia,
574 2553 629 2602 ct
675 2550 900 2612 Fatum,
935 2554 988 2601 et
1033 2545 1342 2610 necessitas,
1379 2555 1432 2602 et
1467 2545 1698 2616 fortuna,
1731 2553 1783 2602 et
1831 2547 2040 2603 arbitrii

519 2661 784 2718 Hactenus
824 2671 1028 2723 auctor,
1061 2663 1215 2731 cujus
1243 2676 1364 2716 cum
1394 2663 1594 2716 nullum
1651 2671 1826 2718 exstet
1878 2679 2035 2732 Opus,

447 2733 541 2790 ubi
588 2734 657 2788 de
704 2741 932 2804 quatuor
979 2733 1084 2786 illis
1135 2741 1334 2798 tractet,
1377 2733 1510 2788 mihi
1558 2749 1779 2801 prorsus
1827 2736 2039 2792 videtur

445 2805 681 2861 alludere
709 2807 774 2860 ad
814 2805 1008 2878 librum
1046 2818 1144 2859 suo
1191 2805 1341 2861 titulo
1381 2806 1448 2862 de
1477 2808 1636 2878 Fato,
1665 2814 1852 2878 utpote
1880 2823 2039 2878 quem

442 2878 509 2930 ab
567 2892 632 2932 eo
687 2875 1047 2946 conscriptum
1107 2883 1288 2945 pateat
1343 2891 1410 2930 ex
1459 2875 2035 2946 citatione'Fulgentii

446 2946 724 3019 Placiadis,
753 2949 866 3016 jam
895 2947 1024 3019 olim
1063 2949 1248 3002 excusi
1286 2963 1409 3002 cum
1446 2946 1645 3018 Hygini
1685 2946 2037 3019 Mythologiis

446 3035 545 3086 per
580 3018 745 3073 verba
784 3017 1106 3084 sequentia:
1149 3038 1173 3068 ε
1223 3019 1360 3073 Nam
1396 3027 1452 3073 et
1477 3017 1841 3074 Tertullianus
1885 3017 2037 3075 in—li-

447 3089 544 3143 bro
568 3104 725 3159 quem
755 3089 987 3162 de__1v"ato
1015 3088 1247 3159 scripsit,
1278 3089 1352 3144 ita
1379 3089 1452 3145 ait
1483 3107 1496 3144 :
1531 3091 1710 3148 Redde
1762 3091 1896 3147 huic
1922 3093 2037 3162 fati

443 3162 696 3233 primum
709 3159 1075 3232 problematis
1091 3164 1507 3234 mancipatum,
1526 3164 1578 3216 in
1598 3159 2029 3234 dict.problema,

2149 2372 2446 2427 secundum
2507 2371 2671 2428 ﬁdem
2735 2371 3087 2440 disserenda,
3150 2383 3249 2424 suo
3308 2368 3423 2438 jam
3488 2366 3753 2423 novimus

2151 2459 2324 2516 titulo.

2149 2664 2239 2720 lib.
2275 2664 2343 2720 de
2398 2666 2618 2737 Vocibus
2662 2668 2946 2737 Antiquis.
2984 2685 3008 2719 ι
3042 2668 3118 2723 De
3149 2669 3284 2722 Fato
3332 2671 3594 2734 praeterea
3643 2663 3751 2716 sub

2149 2737 2361 2791 nomine
2389 2736 2598 2792 Minutii
2626 2736 2819 2792 Felicis
2845 2737 2970 2793 olim
3021 2737 3283 2791 exstitisse
3327 2736 3579 2792 libellum
3623 2742 3747 2786 tra-

2147 2807 2225 2880 dit
2252 2809 2310 2862 B.
2344 2807 2588 2874 Hieron.,
2627 2809 2808 2865 Catal.
2850 2811 3086 2880 scriptor
3125 2808 3358 2880 Eccles.,
3385 2806 3500 2880 sive
3540 2810 3752 2880 contra

2150 2878 2604 2946 Mathematicos;
2639 2881 2734 2950 qui
2783 2875 2984 2948 tamen,
3015 2895 3138 2935 cum
3166 2887 3240 2950 iet
3284 2878 3401 2947 ipse
3441 2876 3630 2950 diserti
3671 2875 3758 2950 isit

2145 2950 2402 3015 hominis,
2431 2967 2539 3007 non
2570 2947 2782 3006 videtur
2808 2967 2929 3005 cum
2970 2947 3110 3020 Stylo
3149 2949 3355 3006 Octavii
3385 2947 3594 3020 Dialogi
3628 2949 3755 3020 ejus

2146 3021 2452 3077 convenire.
2503 3022 2765 3077 Fortassis
2792 3021 2840 3076 is
2872 3024 2987 3090 ipse
3025 3019 3170 3076 liber
3198 3029 3281 3075 est
3310 3036 3472 3088 quem
3523 3019 3753 3090 Tertul-

2145 3092 2288 3147 liano
2327 3091 2411 3148 hic
2448 3092 2825 3156 adscribimus,
2859 3088 3045 3163 utpote
3096 3107 3257 3163 quem
3302 3105 3412 3145 non
3459 3088 3625 3144 medo
3659 3088 3752 3142 di-

2145 3175 2369 3230 sertum,
2398 3165 2491 3219 sed
2521 3162 3018 3236 eloquentissimum
3046 3162 3245 3219 alicubi
3272 3169 3564 3234 nuneupat.

1192 3283 1275 3333 Ill.
1309 3284 1387 3336 DE
1420 3285 1656 3337 MUNDIS
1690 3287 1767 3336 ET
1803 3287 2116 3339 lMMUNDIS
2145 3286 2530 3339 ANIMALIBUS
2563 3285 2997 3348 QUIESTIONUM

1193 3410 1422 3458 cmmo
1477 3411 1559 3458 ex
1620 3413 1674 3457 B.
1726 3413 2064 3460 IIIERONYMI
2129 3415 2315 3460 EPIST.
2375 3401 2497 3468 1'25,
2554 3415 2632 3459 AD
2691 3413 2997 3460 DAMASUM.

520 3497 724 3567 Quaerit
754 3500 1017 3556 Damasus
1052 3498 1189 3557 inter
1217 3506 1438 3555 caeteras
1467 3498 1815 3571 quaestiones,
1857 3508 2048 3570 quiest.
2082 3519 2124 3597 ο
2154 3499 2423 3572 Spondere
2451 3501 2511 3555 B.
2544 3498 2760 3554 Hieron.
2794 3513 2854 3553 se
2883 3496 3088 3563 scribit,
3121 3496 3330 3552 duabus
3359 3501 3564 3550 tantum
3594 3510 3756 3566 quaa-

451 3589 520 3642 ιιι
571 3607 586 3643 :
641 3608 666 3640 α
709 3590 766 3644 Si
808 3589 991 3645 omnia
1036 3592 1180 3646 Deus
1219 3589 1349 3646 fecit
1394 3591 1536 3646 bona
1578 3590 1732 3645 valde
1771 3590 1926 3662 (Gen.
1978 3590 2042 3662 ι),

449 3693 618 3748 quare
649 3679 759 3735 Noe
787 3679 853 3736 de
881 3679 1106 3735 mundis
1127 3683 1182 3734 et
1204 3679 1516 3735 immundis
1535 3678 1877 3734 animalibus
1905 3695 2043 3748 pra:-

448 3765 589 3836 cepit
617 3765 776 3835 (Gen.
807 3769 952 3835 vm),
985 3783 1109 3822 cum
1153 3767 1490 3822 immundum
1533 3766 1663 3820 nihil
1693 3768 1893 3821 bonum
1923 3781 2042 3822 esse

448 3853 668 3926 possit?
698 3855 766 3907 Et
797 3855 848 3908 in
877 3853 1039 3910 Novo
1088 3857 1433 3910 Testamento
1461 3862 1585 3924 post
1623 3853 1888 3910 visionem
1920 3871 2042 3926 qua:

448 3943 604 3997 Petro
632 3940 806 3996 fuerat
836 3949 1071 4009 ostensa,
1102 3942 1303 3998 dicenti
1335 3963 1347 4000 :
1381 3943 1554 4008 Absit,
1581 3944 1832 4010 Domine,
1866 3959 1901 3997 a
1928 3960 2038 4009 me,

447 4033 716 4103 quoniam
727 4047 1021 4090 commune
1033 4032 1459 4090 etimmundum
1471 4049 1767 4105 nunquam
1787 4035 2042 4090 introivit

448 4121 512 4175 in
539 4136 598 4178 os
626 4137 856 4190 meum;
899 4136 1000 4178 vox
1041 4121 1110 4177 de
1155 4122 1293 4178 coelo
1340 4121 1665 4191 respondit:
1705 4122 1856 4192 Quod
1894 4125 2043 4178 Deus

438 4211 746 4277 .nundavit,
780 4216 845 4268 tu
875 4228 948 4268 ne
993 4227 1289 4269 commune
1312 4211 1525 4269 dixeris
1569 4211 1713 4282 (Act.
1747 4212 1826 4279 χ).
1873 4232 1896 4262 ν
1931 4212 2040 4268 Re-

521 4326 606 4381 An
627 4326 778 4398 istud
809 4326 1078 4383 referatur
1100 4327 1168 4382 ad
1201 4326 1528 4397 peculiarem
1558 4325 1790 4398 aliquem
1838 4325 2032 4380 librum

450 4397 570 4466 ejus
598 4397 762 4467 tituli,
795 4399 939 4469 quod
966 4398 1140 4470 magis
1171 4409 1348 4454 tamen
1395 4397 1671 4470 probatur,
1704 4413 1771 4470 an
1797 4413 1953 4470 vero,
1974 4399 2041 4452 ad

451 4477 733 4541 tractatum
764 4468 828 4524 ea
850 4472 917 4525 de
947 4486 1004 4523 re
1035 4468 1131 4541 per
1158 4470 1363 4541 aliquot
1382 4469 1555 4525 lineas
1585 4468 1919 4541 Tertulliani,
1943 4469 1980 4541 l.
2004 4485 2043 4523 ιι

455 4540 580 4611 adv.
633 4542 825 4609 Mam,
857 4557 907 4598 c.
941 4539 1263 4608 18,'lectori
1289 4541 1525 4596 liberum
1569 4539 1929 4611 relinquimus
1953 4540 2043 4608 ju-

454 4610 675 4692 dicium.
732 4613 830 4666 Hic
859 4613 1121 4692 duntaxat
1170 4611 1456 4692 afferemus
1509 4611 1678 4692 ipsam
1705 4610 2042 4692 ‘Zresppnsio-

454 4681 540 4735 nis
569 4697 830 4737 summam
858 4683 908 4738 in
942 4685 1059 4740 haec
1082 4686 1245 4741 verba
1277 4701 1289 4738 :
1327 4704 1350 4734 α
1390 4684 1460 4738 Et
1489 4681 1643 4738 silex
1670 4681 1876 4752 aliquid
1907 4681 2044 4752 cibis

453 4753 702 4820 detrahit,
735 4760 789 4809 et
819 4755 1092 4810 immunda
1129 4754 1438 4824 pronuntiat
1474 4753 1742 4817 animalia,
1765 4751 1895 4823 quae
1935 4751 2040 4806 ali-

454 4827 670 4895 quando
716 4825 1002 4883 benedicta
1049 4834 1190 4893 sunt,
1225 4825 1508 4883 consilium
1555 4828 1866 4881 exercendae
1912 4839 2044 4880 con-

2151 3588 2438 3645 stiunculis
2476 3586 2854 3659 praetermissis
2892 3586 3111 3658 (nempe
3153 3587 3257 3642 hac
3288 3593 3343 3640 et
3371 3601 3437 3641 ea
3459 3584 3530 3640 de
3555 3599 3670 3655 qua
3699 3584 3760 3636 in

2149 3679 2392 3750 sequenti
2419 3677 2746 3751 fragmento)
2780 3693 2794 3730 :
2832 3697 2855 3727 κ
2890 3677 3033 3743 Non,
3063 3675 3253 3747 inquit,
3276 3689 3384 3746 quo
3413 3688 3520 3728 non
3550 3681 3758 3742 potuc-

2150 3768 2252 3823 rim
2280 3775 2333 3822 et
2362 3767 2428 3822 ad
2463 3767 2578 3822 illas
2601 3765 2798 3836 aliquid
2832 3765 3181 3836 respondere,
3217 3764 3312 3821 sed
3344 3763 3490 3835 quod
3529 3763 3598 3817 ab
3627 3761 3758 3816 elo-

2150 3855 2516 3927 quentissimis
2562 3855 2710 3922 viris,
2741 3853 3070 3910 Tertulliano
3116 3862 3301 3910 nostro
3348 3861 3402 3908 et
3447 3849 3757 3906 Novatiano

2149 3945 2338 4002 Latino
2369 3959 2616 4000 sermone
2663 3951 2788 4000 sunt
2843 3943 3035 4011 editae;
3076 3951 3128 3998 et
3157 3944 3204 3998 si
3232 3956 3373 3999 nova
3416 3939 3757 3996 voluerimus

2151 4033 2367 4101 afferre,
2399 4035 2471 4089 sit
2518 4033 2677 4088 latius
2723 4032 3128 4103 disputandum,
3177 4038 3282 4087 etc.
3328 4030 3467 4084 Nam
3514 4035 3572 4083 et
3617 4025 3756 4081 Ori-

2152 4139 2320 4195 genes
2350 4122 2418 4178 de
2447 4121 2662 4177 mundis
2703 4129 2756 4177 et
2801 4121 3095 4178 immundis
3139 4117 3466 4174 animalibus
3492 4115 3545 4171 in
3579 4114 3756 4171 Levi-

2153 4212 2256 4269 tico
2286 4213 2442 4283 plura
2469 4211 2748 4268 disseruit.
2792 4230 2817 4262 υ

2153 4327 2393 4383 tinentiae
2436 4326 2689 4398 intellige,
2723 4336 2776 4381 et
2803 4325 2987 4398 frenos
3031 4325 3334 4398 impositos,
3391 4317 3758 4398 n3_etc_._Quo_d

2152 4400 2331 4468 ipsum
2363 4415 2480 4454 cum
2520 4393 2792 4470 aft'ératur,
2816 4397 2922 4470 sed
2951 4393 3125 4470 longe
3150 4395 3271 4470 aliis
3304 4394 3480 4470 verbis
3514 4393 3654 4470 libro
3685 4393 3759 4447 de

2156 4463 2296 4527 Cibis
2317 4471 2591 4542 judaicis,
2620 4469 2705 4542 vel
2741 4467 2864 4523 inde
2901 4463 3132 4542 const'at,
3167 4467 3324 4542 sicuti
3354 4475 3408 4542 et
3437 4479 3512 4542 ex_
3533 4463 3758 4542 reliquo

2152 4533 2335 4596 totius'
2360 4540 2484 4595 libri
2530 4533 2692 4611 stylo,
2725 4554 2834 4594 non
2882 4554 3004 4594 esse
3051 4537 3392 4611 Tertulliani,
3424 4533 3517 4611 sed
3566 4534 3761 4611 potius

2152 4613 2472 4677 Novatiani,
2505 4605 2690 4678 utpote
2719 4611 2788 4666 ad
2817 4626 2978 4682 quem
3011 4611 3123 4680 jam
3153 4609 3313 4682 dictis
3356 4605 3535 4682 verbis
3580 4605 3758 4682 adlu—

2153 4684 2284 4807 ilere
2331 4683 2540 4738 videtur
2573 4677 2640 4737 Β.
2694 4677 3067 4753 Hieronymus.
3119 4681 3224 4738 Ubi
3270 4679 3339 4734 de
3386 4679 3488 4734 hac
3523 4677 3761 4730 materia

2175 4764 2334 4807 auus.

2175 4764 2334 4809 altus.

1359 4946 1444 4996 IV.
1485 4945 1565 4997 DE
1613 4945 2105 4997 CIRCUMCISIONE
2139 4945 2566 5007 QUIESTIONDM
2601 4943 2850 4996 ClTATlO

1621 5076 1702 5120 EX
1732 5075 1938 5122 EODEM
1995 5077 2050 5120 B.
2101 5077 2350 5123 HIERON.
2411 5076 2581 5123 LOCO.

528 5163 610 5220 Ad
676 5162 1032 5235 quaestionem
1089 5164 1304 5220 Damasi
1371 5162 1719 5236 penultimam
1776 5179 1790 5217 :

458 5253 732 5310 Abraham
766 5251 888 5308 fidei
917 5269 1030 5308 suae
1057 5254 1275 5326 signum
1305 5253 1360 5308 in
1403 5250 1811 5309 circumcisione
1861 5265 2049 5305 susce-

462 5344 541 5415 pit
569 5343 730 5414 (Gcn.
761 5342 901 5412 xvn)
921 5344 950 5397 ‘2
982 5343 1272 5413 respondet
1300 5343 1358 5396 B.
1391 5341 1610 5397 Hieron.
1642 5337 1948 5407 verbisjam
1979 5336 2059 5392 ci-

462 5432 587 5489 tatis
616 5432 784 5488 altera
815 5430 1140 5503 praecedenti
1167 5445 1226 5486 se
1256 5429 1402 5485 illam
1454 5427 1876 5500 praetermittere,
1910 5423 2056 5495 quod

535 5550 619 5603 An
649 5546 989 5619 peculiariter
1017 5543 1293 5616 scripserit
1335 5541 1696 5619 Tertullianus
1738 5539 1943 5619 librum
1990 5539 2057 5598 de

472 5611 932 5690 Circuincisione,
954 5633 1069 5677 non
1099 5611 1205 5674 tam
1223 5617 1440 5674 constat
1467 5621 1626 5686 atque
1645 5613 1712 5670 de
1738 5611 2056 5686 Novatiauo,

1851 5182 1874 5213 ι
1943 5161 2050 5217 Cur
2085 5180 2129 5256 ο
2158 5178 2190 5218 a
2219 5161 2548 5219 Tertulliano
2597 5170 2785 5218 nostro
2835 5169 2889 5218 et
2933 5161 3227 5217 Novatiano
3274 5159 3465 5216 Latino
3501 5169 3770 5214 sermone

2161 5251 2268 5307 sint
2295 5251 2471 5307 edita).
2523 5249 2745 5306 Addens
2785 5251 2947 5305 etiam
2994 5248 3289 5320 Origeuem
3317 5248 3371 5301 in
3401 5248 3468 5303 lV
3497 5246 3563 5300 ad
3591 5245 3767 5298 Rom.

2161 5341 2429 5413 εξηγήσεων
2461 5342 2614 5414 Τόμῳ
2652 5339 2718 5397 de
2768 5341 3203 5398 Circumcisione
3245 5335 3525 5409 magniﬁce
3562 5332 3774 5404 diSpu—

2163 5438 2323 5488 tasse.

2165 5549 2250 5604 cui
2276 5547 2589 5603 nominatim
2637 5547 2779 5602 liber
2817 5546 2882 5604 de
2923 5543 3358 5603 Circumcisione
3399 5538 3717 5597 inscribitur
3747 5552 3787 5590 a

2164 5621 2224 5677 Β.
2256 5619 2472 5678 Hieron.
2527 5619 2708 5678 Catal.
2741 5618 2927 5688 Script
2955 5618 3161 5675 Eccles.
3203 5613 3370 5685 Atqui
3408 5612 3570 5669 etiam
3604 5609 3787 5664 latis-
