4050 6168
379 251 518 312 1185

1151 257 1491 320 APPENDIX
1512 259 1600 320 IV.
1636 291 1710 305 —-
1747 261 2144 326 FRAGMENTA
2180 265 2271 326 EX
2308 265 2521 328 LIBRIS
2554 265 2955 330 DEPERDITIS.

3531 271 3670 335 1186

370 379 564 467 simum
597 384 881 467 tractatum
908 381 1094 467 videre
1123 393 1208 439 est
1229 384 1379 467 apud
1411 397 1717 467 auctorem,
1725 399 1885 467 _tom.
1918 391 1962 454 Ι,
1999 389 2046 467 Α
2077 385 2414 466 convincitur
2436 392 2702 467 “tumnex
2747 384 3037 457 Scripturis
3077 387 3299 467 ibidem_
3315 388 3492 467 citatis
3513 392 3669 460 juxta

373 450 441 528 ξε-
463 449 586 528 adv.
630 450 964 528 Jud.,_c.__3.
1013 455 1198 528 Exstat
1229 449 1463 528 quidem
1513 466 1643 515 tom.
1693 449 1792 528 IV,
1823 449 1967 516 nunc

367 520 465 586 IX,
500 520 740 601 Operum
765 524 824 577 B.
859 524 1078 601 Hieron.
1112 526 1246 581 liber
1261 520 1340 601 lle
1359 546 1489 585 vera
1510 520 1960 601 circumcisione,

367 607 527 675 quem
556 593 819 675 Erasmus
847 596 1066 675 conjicit
1097 613 1219 652 esse
1259 599 1617 675 Tertulliani;
1657 605 1770 669 sed,
1816 593 1963 675 prin;

368 672 609 734 terquem
637 666 783 736 quod
811 668 982 738 stylus
1012 683 1118 724 non
1149 666 1612 742 correspondeat,
1629 666 1964 731 contrarium

2077 457 2380 512 versionem
2435 457 2495 530 B_.
2541 456 2803 530 _Hieron.,
2834 456 2978 530 Jtum
3027 461 3174 530 quod
3250 456 3668 519 Maniclueorum

2074 530 2410 601 mentionem
2453 526 2641 601 faciat;
2673 542 2782 601 quo
2813 522 2873 583 ﬁt
2899 536 2959 583 ut
2986 522 3188 601 neque
3231 532 3537 589 Novatiano
3565 536 3669 590 ad-

2073 599 2238 656 scribi
2268 597 2458 672 possit,
2485 598 2584 672 sed
2617 597 2797 672 potius
2829 600 2997 670 (quod
3032 597 3114 656 vir
3157 603 3377 672 quidam
3406 606 3664 661 eruditis-

2073 675 2244 728 simus
2271 670 2503 741 censuit)
2537 670 2762 725 Paulino
2791 670 3192 728 adscribendus
3220 674 3309 731 sit.

1335 820 1394 870 V.
1429 821 1510 874 DE
1539 821 1842 875 VESTIBUS
1869 822 2085 874 AARON
2119 820 2288 872 LIBRI
2331 819 2570 871 MENTIO

1001 950 1082 995 ex
1114 952 1167 995 B.
1202 951 1370 996 mea.
1430 952 1617 1000 EPIST.
1655 940 1780 1008 1'28,
1810 954 1889 998 ΑΙ)
1921 952 2237 1005 FABIOLAM,
2276 950 2352 996 DE
2385 949 2571 996 VESTE
2605 949 3028 996 SACERDOTALI.

438 1032 628 1089 Fertur
675 1035 732 1089 in
763 1034 940 1092 indice
990 1036 1232 1107 Septimii
1263 1037 1579 1093 Tertulliani
1607 1038 1744 1094 liber
1773 1039 1839 1096 de
1866 1056 1957 1096 ve-

361 1121 538 1178 stibus
567 1124 775 1190 Aaron,
809 1126 900 1195 qui
927 1124 1142 1181 interim
1171 1141 1344 1196 usque
1373 1126 1440 1180 ad
1473 1127 1614 1184 hanc
1643 1129 1785 1184 diem
1814 1145 1844 1182 a
1874 1143 1962 1184 me

361 1225 469 1265 non
495 1217 580 1267 est
607 1209 814 1268 II25
847 1221 1114 1284 repertus.
1146 1213 1204 1270 Si
1232 1229 1265 1269 a
1295 1214 1448 1270 vobis
1478 1225 1703 1287 propter
1733 1217 1962 1273 celebri-

361 1306 525 1356 tatem
553 1301 712 1364 Urbis
738 1301 896 1358 fuerit
926 1304 1204 1370 inventus,
1235 1320 1421 1376 quaeso
1448 1322 1518 1362 ne
1557 1321 1736 1363 meam
1766 1307 1963 1364 stillam

442 1426 619 1481 Vestes
652 1427 886 1498 Ani-ponis
914 1431 1035 1483 octo
1062 1443 1127 1481 ex
1159 1441 1279 1498 cap.
1311 1444 1498 1484 xxvm
1529 1429 1702 1484 Exod.
1738 1430 1964 1485 recitau-

361 1500 468 1568 t_ur,
529 1497 968 1568 etii-explicantur
1012 1497 1270 1554 latissime
1335 1516 1364 1553 a
1419 1501 1480 1555 B.
1543 1502 1775 1557 Hieron.
1818 1502 1962 1556 dicta

361 1564 537 1642 Epist.
571 1567 637 1624 de
678 1564 828 1642 Veste
855 1570 1222 1642 sacerdotali,-
1253 1585 1480 1642 quarum
1520 1580 1771 1642 quatuor,
1802 1572 1959 1627 femi-

359 1637 502 1692 nalia
531 1654 745 1708 nempe,
780 1640 924 1695 linea
951 1640 1152 1706 tunica,
1185 1637 1437 1697 baltlieus
1466 1637 1766 1699 et'cidaris'
1798 1643 1954 1700 etiam

358 1696 744 1765 sacerdotibus
778 1719 929 1768 erant
975 1696 1321 1781 comniunes;
1351 1696 1774 1786 *reiiquaﬂé‘rb
1804 1696 1956 1786 pro-
1990 1696 2032 1771 Β

2070 1038 2214 1091 illius
2246 1035 2484 1091 ﬂuminis
2529 1036 2873 1106 comparetis.
2915 1037 3144 1094 II26
3191 1039 3311 1096 Non
3357 1039 3500 1096 enim
3547 1059 3670 1098 ma:

2069 1142 2298 1199 gnorum
2346 1125 2586 1184 virorum
2633 1124 2881 1198 ingeniis,
2946 1129 3044 1184 sed
3110 1128 3246 1184 meis
3295 1145 3416 1185 sum
3459 1131 3667 1188 viribus

2071 1214 2436 1271 aestimandus.

2070 1431 2200 1503 priae
2246 1429 2596 1504 Pontificum,
2627 1436 2835 1502 utpote,
2869 1429 3050 1487 tunica
3076 1431 3278 1504 _talaris
3320 1433 3667 1504 hyacinthina

2070 1501 2194 1574 cum
2245 1501 2642 1574 tintinnabulis,
2683 1501 3123 1574 superliumerale
3171 1504 3286 1560 sive
3333 1501 3531 1574 ephod,
3574 1523 3666 1562 ra-

2071 1573 2292 1655 tionale,
2333 1581 2386 1630 et
2415 1572 2614 1628 lamina
2645 1572 2830 1630 aurea.
2861 1573 2982 1643 Quo
3014 1575 3153 1631 adeo
3181 1572 3438 1632 lectorem
3470 1577 3660 1633 remit-

2067 1652 2248 1699 timus.

1625 1862 1710 1913 VI.
1745 1862 1824 1912 DE
1853 1861 2195 1914 TBINITATE
2229 1861 2424 1927 LIBRI:

1909 1989 2163 2036 NOTULA.

428 2090 673 2163 Scripsit,
706 2097 901 2168 inquit
933 2101 993 2153 B.
1028 2100 1250 2156 Hieron.
1281 2100 1462 2155 Catal.
1487 2102 1692 2172 Script.
1727 2102 1957 2164 Eccles.,

353 2182 690 2238 Novatianus
749 2185 815 2241 de
879 2187 1153 2244 Trinitate
1209 2188 1412 2260 grande
1473 2189 1747 2254 volumen,
1804 2187 1955 2259 quasi

424 2311 508 2366 An
560 2312 925 2368 Tertullianus
981 2324 1176 2383 praeter
1230 2315 1432 2372 librum
1487 2317 1751 2375 adversus
1802 2319 1952 2374 Pra-

355 2397 541 2458 xea-m,
570 2383 830 2458 aliumde
868 2387 1148 2458 Trinitate
1189 2388 1482 2458 scripserit,
1516 2392 1705 2443 merito
1737 2389 1952 2444 dubita-

356 2456 572 2530 tio_nem_
608 2454 859 2530 injiciunt
905 2457 1020 2530 haec
1082 2458 1142 2530 _B.
1193 2454 1512 2530 Hieronymi
1581 2462 1761 2514 verba.
1813 2460 1949 2516 Cum

355 2527 499 2601 enim
555 2523 1126 2601 Eniropqgrandioris
1181 2532 1251 2601 _sit
1306 2523 1485 2601 Ope'ris
1535 2531 1945 2600 compendium,

358 2605 415 2672 _et
441 2598 724 2672 Novatiani
762 2598 834 2653 de
875 2600 1134 2655 Trinitate
1180 2598 1358 2667 liber,‘
1377 2609 1566 2670 utpote
1607 2598 1810 2672 grande
1841 2598 1948 2658 vo;

351 2668 556 2734 lumen,
598 2671 685 2727 vel
715 2671 836 2740 ipso
872 2678 1032 2741 teste,
1064 2671 1334 2741 prolixius
1373 2668 1542 2727 multo
1587 2668 1654 2727 sit
1693 2674 1788 2728 lib.
1821 2675 1948 2732 adv.

349 2741 676 2812 Proxea-m;
716 2742 1004 2812 Oportebit,
1055 2743 1103 2797 si
1132 2743 1378 2798 mendosi
1424 2759 1534 2798 non
1573 2745 1678 2799 sint
1704 2745 1764 2797 Β.
1804 2747 1948 2800 Hier.

351 2811 586 2881 codices,
645 2811 809 2868 alium
855 2815 922 2870 de
967 2813 1230 2869 Trinitate
1297 2814 1492 2869 librum
1539 2830 1570 2868 a
1614 2816 1950 2871 Tertulliano

350 2883 720 2958 conscriptum
741 2883 1008 2958 confiteri.
1032 2885 1130 2940 Sin
1148 2901 1276 2941 vero
1298 2887 1543 2958 legamus
1563 2885 1954 2958 (quodilectum

355 2953 500 3027 forte
517 2953 618 3027 _abr
649 2956 742 3010 illo
774 2956 897 3027 fuit)
945 2958 1189 3026 ἐπιτασιν,
1229 2953 1538 3012 censebitur
1565 2953 1852 3012 Novatiani
1884 2960 1956 3011 li-

353 3027 450 3079 ber
475 3025 658 3081 dilatio
687 3025 994 3097 argumenti
1022 3045 1054 3082 a
1083 3025 1420 3084 Tertulliano
1455 3028 1660 3084 tractati
1691 3029 1785 3083 lib.
1821 3029 1947 3084 adv.

350 3098 661 3172 Ρροααςεαιιη,ἶ
715 3099 954 3172 Idipsum
1008 3102 1339 3172 censendum
1407 3099 1544 3172 erit,
1604 3099 1648 3172 si
1708 3101 1952 3172 legamus

355 3168 578 3238 μίμησιν,
611 3169 663 3223 id
717 3168 809 3224 est
839 3170 1214 3237 imitationem,
1260 3187 1384 3228 cum
1431 3168 1822 3226 Tertullianufn
1853 3171 1954 3225 ali-

351 3240 566 3308 quoties
593 3240 850 3316 imitetur.
877 3242 992 3316 Nos
1030 3243 1225 3316 itaque,
1260 3244 1387 3314 quia
1425 3257 1532 3297 non
1563 3242 1793 3316 libenter
1820 3245 1944 3297 abs-

352 3326 458 3380 que
487 3327 589 3371 ms.
637 3311 914 3370 codicibus
958 3311 1244 3370 lectionem
1276 3311 1523 3371 veterum
1573 3314 1940 3381 immutamus,

2069 2099 2306 2172 ἐπιτομὴν
2335 2098 2515 2170 operis
2555 2099 2916 2165 Tertulliani,
2949 2099 3096 2170 quod
3136 2099 3378 2172 plerique
3407 2102 3661 2157 nescien-

2063 2199 2144 2246 tes
2175 2187 2431 2259 Cypriani
2463 2187 2791 2243 existimant.

2063 2319 2356 2396 maluimus
2400 2318 2561 2396 etiam
2602 2317 2796 2396 librum
2825 2319 2890 2376 de
2944 2321 3222 2396 Trinitate
3267 2321 3409 2378 inter
3435 2338 3659 2396 eaquae

2061 2390 2434 2462 desiderantur
2482 2389 2797 2444 Tertulliani
2845 2406 3008 2456 opera
3039 2392 3301 2448 collocare
3346 2389 3658 2462 :maxime,

2058 2477 2201 2527 cum,
2263 2461 2362 2517 etsi
2417 2460 2559 2514 idem
2609 2468 2986 2532 argumentum
3033 2463 3191 2517 latius
3235 2472 3423 2521 tractet
3469 2460 3657 2522 Nova?

2059 2533 2240 2589 tianus
2269 2533 2334 2587 de
2371 2533 2543 2587 Patre
2571 2534 2678 2588 Deo
2718 2536 2772 2586 et
2817 2535 2921 2587 Deo
2969 2533 3149 2600 Filio;
3185 2543 3362 2591 tamen
3409 2537 3654 2592 vicissim

2058 2604 2223 2659 latius
2254 2612 2509 2658 tractetur
2537 2618 2572 2656 a
2618 2603 2945 2658 Tertulliano
2975 2605 3098 2658 adv.
3141 2608 3424 2662 Praxeam
3472 2613 3527 2664 et
3559 2609 3659 2664 Μο-

2061 2675 2428 2746 rmrchianos,
2461 2674 2528 2728 de
2573 2673 2707 2746 Filio
2745 2673 2848 2746 alio
2897 2690 2928 2728 a
2974 2675 3152 2744 Patre,
3195 2692 3354 2746 quem
3387 2677 3462 2730 illi
3499 2695 3656 2734 eum-

2062 2747 2186 2801 dem
2245 2745 2547 2812 faciebant;
2607 2743 2768 2798 sicuti
2826 2752 3014 2814 postea
3069 2743 3143 2799 et
3188 2743 3471 2811 Sabellius,
3523 2764 3654 2804 con-

2060 2825 2146 2871 tra
2192 2831 2352 2886 quem
2401 2814 2909 2888 paucioribus‘agit
2950 2815 3298 2888 Novatianus.
3332 2818 3542 2873 Deinde
3573 2821 3652 2872 la-

2066 2889 2170 2941 tius
2199 2885 2270 2942 ibi
2302 2894 2558 2958 tratactur
2588 2893 2641 2940 et
2671 2885 2855 2941 verius
2881 2886 2950 2940 de
2993 2885 3196 2955 Spiritu
3225 2897 3432 2958 sancto,
3464 2896 3653 2958 utpote

2058 2959 2128 3032 dc
2176 2973 2285 3028 quo
2331 2957 2658 3032 Novatianus
2714 2958 2933 3032 unicum
2987 2967 3151 3028 caput
3197 2957 3656 3032 habeat._Usque

2059 3027 2207 3084 adeo
2242 3039 2323 3097 ut,
2368 3029 2414 3083 si
2459 3027 2679 3099 proprie
2714 3028 3020 3151 loquamur,
3056 3027 3237 3100 neque
3264 3030 3493 3102 ἐπιτομή,
3525 3027 3656 3102 quia
3723 3065 3737 3081 .

2060 3098 2327 3151 grandius
2359 3110 2440 3151 est
2469 3114 2624 3151 onus.
2659 3115 2757 3151 nec
2816 3099 3023 3151 πίτασις.
3083 3101 3206 3151 auia
3237 3102 3292 3151 in
3340 3105 3652 3151 quihusdam

2060 3098 2327 3174 grandius
2359 3110 2440 3155 est
2461 3098 2757 3174 bpus,_nec
2789 3098 3023 3174 ἐπίταᾳις,
3083 3098 3206 3173 quia
3237 3102 3292 3156 in
3340 3098 3652 3174 quibusdam

2063 3170 2410 3244 succinctius,
2465 3185 2565 3244 nec
2597 3170 3149 3244 piunQL;,_quiamnO‘tl
3180 3189 3274 3244 per
3320 3170 3506 3229 omnia
3533 3173 3657 3226 imi-

2054 3252 2216 3309 tatur,
2249 3241 2355 3297 dici
2388 3240 2560 3313 possit
2598 3239 2790 3312 operis
2826 3239 3143 3298 Tertulliani
3181 3239 3319 3299 liber
3348 3245 3649 3301 Novatiani.

1146 3436 1252 3489 VII.
1290 3438 1374 3488 DE
1405 3435 1604 3488 CENSU
1637 3435 1855 3486 ΑΝΙΜᾹΞ
1884 3435 2056 3487 LIBRI
2085 3435 2420 3487 ADVERSUS
2449 3435 2879 3487 HERMOGENEM

1515 3565 1931 3632 ARGUMENTQM
1979 3564 2052 3610 ET
2112 3563 2493 3622 FRAGMENTA,

1401 3669 1466 3708 ex
1497 3652 1634 3708 libro
1673 3654 1738 3709 de
1767 3654 1997 3721 Anima,
2021 3665 2144 3722 cap.
2179 3655 2232 3719 1,
2265 3655 2318 3718 3,
2354 3655 2422 3706 22
2442 3660 2495 3706 et
2525 3654 2613 3707 24.

423 3753 502 3808 De
529 3753 645 3809 solo
690 3753 870 3810 Censu
900 3756 1128 3819 animae,
1162 3751 1336 3824 inquit
1384 3751 1772 3822 Tertullianus,
1813 3766 1951 3807 con-

352 3857 568 3915 gressus
595 3842 944 3914 llermogeni,
975 3851 1244 3914 quatenus
1274 3847 1328 3896 et
1374 3840 1531 3896 istum
1595 3856 1661 3894 ex
1708 3839 1950 3896 materiai

351 3931 532 4001 potius
559 3942 841 4005 suggestu,
869 3947 1032 4004 quam
1063 3948 1127 3986 ex
1159 3929 1261 3986 Dei
1297 3929 1426 3983 ﬂatu
1464 3929 1764 3985 constitisse
1809 3944 1950 4000 prae-

351 4022 616 4086 sumpsit,
667 4037 808 4078 nunc
863 4021 934 4076 ad
987 4020 1224 4092 reliquas
1266 4033 1557 4075 conversus
1605 4017 1947 4087 quaestiones,

351 4109 642 4178 plurimum
679 4111 906 4166 videbor
932 4126 1055 4164 cum
1085 4107 1429 4179 pliilOSOphis
1458 4106 1836 4162 dimicaturus.

425 4197 546 4252 Una
597 4200 708 4268 jam
755 4199 1142 4271 congressione
1173 4196 1355 4252 decisa
1412 4196 1675 4251 adversus
1706 4195 1948 4251 Hermo-

347 4302 568 4356 genem,
610 4297 670 4342 ut
727 4287 938 4358 praefati
993 4302 1203 4350 sumus,
1254 4285 1380 4355 quia
1434 4284 1668 4338 animam
1723 4299 1790 4338 ex
1847 4281 1945 4338 Dei
1980 4309 2024 4386 Β

255 4435 266 4442 ο
350 4375 502 4440 ﬂatu,
533 4391 641 4431 non
690 4393 755 4431 ex
805 4376 1026 4432 materia
1079 4376 1450 4443 vindicamus;
1501 4373 1692 4430 muniti
1741 4381 1794 4430 et
1840 4373 1949 4429 illic

349 4461 552 4518 divina:
599 4465 1065 4520 determinationis
1112 4464 1493 4521 inobscurabili
1575 4461 1763 4534 regula
1823 4479 1836 4516 :
1880 4465 1951 4519 Et

348 4552 534 4622 ﬂavit,
556 4552 745 4625 inquit,
780 4557 923 4610 Deus
953 4557 1162 4624 ﬂatum
1190 4556 1323 4610 vita:
1351 4556 1414 4609 in
1445 4554 1652 4624 faciem
1684 4551 1947 4620 hominis,

350 4646 410 4695 et
436 4643 626 4711 factus
647 4647 733 4697 est
755 4644 916 4700 homo
940 4644 1000 4697 in
1016 4646 1270 4699 animam
1288 4645 1476 4698 vivam
1503 4645 1660 4712 (Gen.
1688 4657 1756 4708 n;
1782 4643 1808 4696 Ι
1827 4645 1946 4698 Cor.

351 4728 478 4799 xv),
508 4729 695 4801 utique
726 4747 792 4786 eo
839 4731 939 4787 Dei
969 4731 1119 4789 ﬂatu.
1153 4733 1230 4786 De
1261 4731 1363 4787 isto
1411 4731 1540 4785 nihil
1587 4731 1816 4802 amplius
1862 4746 1949 4785 re-

350 4818 718 4889 volvendum;
744 4820 902 4875 habet
929 4836 1084 4875 suum
1118 4822 1325 4875 titulum
1345 4828 1398 4876 et
1428 4836 1585 4875 suum
1618 4820 1947 4876 bmrcticum.

426 4905 692 4962 Caeterum
716 4909 984 4965 adversus
1027 4911 1444 4981 Hermagenem,
1475 4909 1573 4979 qui
1620 4925 1737 4963 eam
1766 4909 1946 4979 (nem-

346 5010 422 5068 pe
469 4994 726 5066 animam)
768 5013 833 5053 ex
880 4997 1126 5063 materia,
1179 5013 1289 5053 non
1333 5013 1397 5052 ex
1445 4996 1549 5051 Dei
1594 4995 1750 5066 ﬂatu,
1819 5011 1949 5052 con-

346 5086 543 5156 tendit,
577 5085 762 5145 ﬂatum
793 5089 1017 5161 pr0prie
1050 5095 1283 5146 tuemur.
1336 5088 1432 5143 Ille
1471 5086 1637 5154 enim,
1691 5087 1952 5146 adversus

349 5175 525 5248 ipsius
553 5177 845 5248 Scripturee
901 5179 1062 5234 fidem
1117 5177 1305 5233 ﬂatum
1358 5177 1410 5231 in
1445 5175 1710 5247 Spiritum
1750 5178 1951 5242 vertit;

349 5272 414 5320 ut
449 5266 582 5320 dum
609 5266 922 5324 incredibile
952 5276 1034 5323 est
1064 5266 1324 5337 Spiritum
1362 5266 1462 5321 Dei
1493 5265 1547 5319 in
1587 5263 1865 5330 delictum,
1898 5273 1953 5321 et

353 5369 478 5410 mox
507 5354 564 5410 in
587 5355 861 5426 judicium
900 5355 1170 5422 devenire,
1201 5370 1266 5412 ex
1311 5355 1539 5410 materia
1567 5352 1746 5426 potius
1771 5355 1950 5409 anima

424 5497 523 5554 His
567 5499 806 5572 quinque
854 5501 988 5556 locis
1043 5508 1232 5558 auctor
1288 5501 1341 5554 in
1394 5499 1583 5572 primis
1640 5498 1849 5554 titulum
1897 5503 1952 5556 et

351 5571 732 5641 argumentum
777 5572 973 5629 indicat
1017 5589 1030 5628 :
1083 5574 1150 5631 de
1203 5571 1407 5632 Censu’
1427 5572 1640 5630 ani-mre
1683 5571 1948 5630 adversus

2059 3750 2328 3815 credatur,
2364 3766 2527 3821 quam
2570 3767 2634 3806 ex
2662 3751 2763 3805 Dei
2813 3751 3037 3821 Spiritu.
3069 3749 3276 3807 Idcirco
3316 3765 3418 3806 nos
3464 3761 3518 3808 et
3546 3752 3656 3809 illic

2059 3839 2240 3894 ﬂatum
2297 3855 2414 3895 eam
2464 3838 2822 3912 defendimus,
2876 3856 2985 3896 non
3032 3840 3302 3912 Spiritum,
3361 3841 3655 3896 secundum

2059 3929 2388 3999 Scripturam
2447 3936 2502 3984 et
2571 3931 2869 3986 secundum
2930 3928 3153 4000 spiritus
3219 3929 3652 3996 distinctionem;

2059 4026 2113 4072 et
2156 4016 2244 4070 hic
2301 4017 2547 4086 spiritum
2591 4016 2817 4088 ingratis
2873 4017 3309 4087 pronuntiamus,
3363 4019 3654 4074 secundum

2057 4103 2297 4174 spirandi
2326 4111 2380 4160 et
2429 4105 2594 4159 ﬂandi
2636 4106 3042 4174 conditionem;
3084 4105 3193 4160 illic
3237 4106 3307 4162 de
3363 4106 3656 4162 substantia

2060 4190 2290 4260 quaestio
2321 4197 2421 4256 est,
2456 4191 2660 4260 Spirare
2690 4191 2832 4247 enim
2863 4191 3180 4247 substantia:
3208 4201 3362 4247 actus
3391 4198 3496 4246 est.

2131 4277 2337 4333 Caetera
2366 4280 2558 4332 animae
2607 4280 2870 4334 naturalia
2895 4278 3010 4347 jam
3039 4295 3071 4332 a
3100 4279 3258 4334 nobis
3300 4279 3474 4334 audiit
3514 4279 3652 4334 Her-

2061 4382 2340 4440 megeues,
2398 4384 2516 4422 cum
2560 4368 2798 4439 ipsorum
2847 4365 3157 4423 defensione
3204 4375 3255 4421 et
3313 4367 3650 4437 probatione,
3737 4397 3746 4406 -

2062 4474 2157 4530 per
2186 4473 2305 4529 quae
2334 4457 2433 4512 Dei
2465 4457 2641 4529 potius
2663 4473 2824 4528 quam
2855 4456 3093 4512 materiae
3123 4458 3426 4530 prOpinqua
3454 4472 3654 4529 cogno-

2061 4547 2249 4604 scitur.

2132 4639 2242 4693 Nos
2282 4645 2481 4702 autem,
2528 4637 2616 4708 qui
2651 4637 2782 4692 nihil
2823 4634 3201 4706 adpendimus,
3236 4637 3337 4691 hoc
3379 4635 3500 4706 ipso
3530 4635 3653 4691 ani-

2059 4743 2200 4781 mam
2238 4728 2398 4798 longe
2447 4725 2586 4780 infra
2630 4727 2802 4781 Deum
2851 4724 3215 4796 rependimus,
3277 4724 3424 4794 quod
3473 4733 3654 4781 natam

2060 4831 2178 4870 eam
2208 4814 2590 4888 agnoscimus;
2622 4829 2688 4870 ac
2730 4830 2823 4885 per
2870 4814 2972 4867 hoc
3012 4810 3285 4868 dilutioris
3330 4810 3652 4879 divinitatis,

2060 4903 2299 4962 exilioris
2346 4902 2654 4973 felicitatis;
2705 4913 2762 4958 ut
2807 4903 3029 4968 ﬂatum,
3093 4916 3199 4958 non
3245 4909 3308 4958 ut
3365 4900 3650 4973 Spiritum;

2060 4993 2162 5048 etsi
2191 4992 2571 5059 immortalem,
2609 5000 2668 5048 ut
2695 4993 2796 5049 hoc
2843 4993 2912 5047 sit
2950 4990 3281 5061 divinitatis;
3316 4998 3497 5048 tamen
3526 5008 3654 5064 pas-

2059 5081 2288 5147 sibilem,
2323 5089 2379 5137 ut
2407 5083 2511 5136 hoc
2541 5081 2611 5137 sit
2637 5080 2968 5151 nativitatis;
2999 5080 3232 5154 ideoque
3259 5089 3314 5138 et
3355 5099 3388 5138 a
3433 5081 3660 5153 primor-

2058 5171 2148 5226 dio
2181 5170 2590 5226 exorbitationis
2618 5186 2894 5244 capacem,
2930 5178 2983 5226 et
3022 5169 3146 5228 inde
3173 5171 3335 5227 etiam
3366 5169 3655 5228 oblivionis

2060 5260 2300 5320 afﬁnem.
2333 5260 2478 5317 Satis
2503 5260 2571 5318 de
2600 5261 2704 5318 isto
2742 5278 2867 5320 cum
2897 5259 3262 5334 Hermogene.

2062 5493 2485 5567 Hermogenem,
2516 5490 2623 5567 ubi
2648 5507 2877 5567 censum
2914 5488 3088 5567 accipi
3115 5503 3216 5560 pro
3232 5486 3476 5567 origine,
3506 5501 3654 5567 pra:-

2062 5559 2301 5634 terquam
2346 5563 2491 5634 quod
2543 5563 2711 5634 priori
2757 5565 2898 5629 loco,
2949 5559 3129 5618 etiam
3162 5560 3250 5618 vel
3304 5559 3434 5615 inde
3482 5566 3651 5630 patet,
