4050 6168
415 265 553 326 1181

403 450 553 525 flatu,
607 457 704 514 sed
750 472 817 512 ex
871 455 1089 509 materia
1134 450 1346 508 animae
1374 450 1641 523 originem
1689 450 2002 525 constitisse

401 521 774 587 contendebat.
819 526 970 582 Haud
1001 526 1159 580 aliter
1186 533 1347 596 atque
1390 521 1650 596 mundum
1682 521 1879 577 factum
1910 521 2000 576 di-

402 603 558 658 cebat
586 615 697 656 non
725 615 792 654 ex
823 598 1011 662 nihilo,
1046 596 1144 652 sed
1186 611 1251 651 ex
1299 595 1524 650 materia
1564 595 1677 648 Deo
1703 599 1997 659 coaeterna,

402 673 665 728 adversus
711 685 873 741 quam
928 667 1178 741 haeresim
1219 683 1384 741 supra
1425 666 1659 741 disputat
1699 671 1904 741 auctor,
1960 664 1996 717 l.

401 744 528 801 adv.
595 735 851 812 Hernwg.
920 740 1035 794 Jam
1103 753 1240 812 vero
1287 735 1449 812 etiam
1507 737 1640 812 duas
1695 735 2000 812 Scripturas

402 815 582 886 affert,
626 807 829 886 quibus
867 808 1244 886 animar_n~Dei
1285 809 1468 886 flatum
1511 809 1769 886 probasse
1819 807 1998 886 se__si-

403 878 659 955 gniﬁcat;
685 884 851 955 Gen,
882 890 1007 955 net
1055 883 1075 934 Ι
1107 880 1228 955 (ΖοιοΣ
1265 896 1362 945 xv,
1399 879 1450 932 in
1498 879 1694 955 quibus
1737 878 1996 955 camille,

402 950 479 1012 uti
507 972 619 1011 suae
661 953 858 1010 haeresi
893 952 1165 1007 videretur
1204 950 1408 1016 favere,
1440 951 1689 1004 vertisset
1725 951 1999 1021 spirit/um

402 1030 557 1092 vitae,
579 1041 679 1097 pro
697 1042 762 1082 eo
785 1024 929 1097 quod
949 1023 1037 1097 alii
1057 1024 1284 1091 ﬂatum;
1301 1019 1795 1097 contra|Scriptura3
1816 1019 1998 1085 ﬁdem,

403 1092 596 1170 utpote
628 1112 750 1170 cum
782 1092 971 1152 Greece
993 1096 1200 1170 legatur
1228 1093 1576 1170 monv,_qut_)_d
1604 1092 1848 1170 plerique
1877 1108 2000 1170 ma:

405 1162 522 1226 lunt
549 1169 656 1240 (vel
682 1169 742 1224 B.
777 1170 919 1238 Aug.
953 1162 1366 1240 test'e,lib.qu
1396 1162 1466 1221 de
1496 1165 1659 1240 Civtt.
1692 1165 1880 1240 Dei,_c.
1910 1162 2002 1233 42)

402 1235 740 1311 interpretari
755 1235 1530 1311 ﬂatum,inspirationem,aut
1535 1235 2003 1311 adspirat-10mm,

403 1319 494 1368 aut
523 1305 800 1379 animam,
847 1325 1005 1381 quam
1046 1305 1652 1381 spiritum;significat
1683 1305 1843 1381 tertio
1885 1305 2002 1362 loco

405 1384 498 1439 hic
528 1383 690 1438 citato
713 1377 901 1439 auctor
931 1396 990 1435 se
1010 1377 1112 1436 hoc
1140 1379 1316 1451 egisse
1346 1377 1676 1451 dicto_libro,
1709 1385 1768 1431 ut
1798 1377 2002 1451 ﬂatum

405 1454 881 1528 potius__tueretur
932 1467 1092 1528 quam
1139 1447 1432 1528 spiritum.
1485 1449 1828 1528 Quanquam.
1864 1447 2003 1502 inte-

409 1522 512 1584 rim
559 1523 667 1582 alio
696 1540 857 1582 sensu
904 1524 1064 1582 etiam
1111 1522 1362 1595 spiritum
1405 1535 1706 1592 agnoscens
1743 1522 1996 1586 animam,

1469 257 1556 318 AD
1599 255 1888 318 GBNUINA
1923 253 2094 316 TERT
2109 252 2374 314 ULLIANI
2409 249 2626 311 OPBRA

404 389 553 472 quod
578 385 841 472 refutetur
870 382 1095 472 haeresis
1121 379 1632 462 Hermogenis,qua
1663 395 1772 435 non
1803 378 1999 472 eis-Dei
2030 393 2077 472 Α

3562 253 3708 314 1188

2107 393 2137 432 a
2167 375 2446 448 spirando,
2475 372 2668 448 lib._de
2702 373 2924 442 Anima,
2958 388 3066 430 non
3094 390 3218 448 per_
3235 375 3412 448 omnia
3461 392 3705 434 consen-

2111 443 2212 504 tiat
2248 464 2370 502 cum
2411 443 2814 521 Catholicorum
2876 443 3141 521 sententia
3177 445 3568 510 Tcrtullianus,
3599 451 3698 521 qui

2107 521 2358 590 spiritum
2388 515 2606 587 proprie
2649 517 2886 592 animam
2929 517 3137 592 dicunt,
3172 526 3482 592 nontamen
3528 515 3708 592 Spiri-

2108 587 2221 647 tum
2251 597 2522 655 sanctum;
2556 596 2718 658 atque
2767 587 2903 643 adeo
2950 587 3107 642 etiam
3157 589 3298 644 dicto
3345 589 3466 646 loco
3511 587 3697 648 Gene-

2108 680 2231 717 scos
2261 671 2315 716 et
2352 658 2478 714 alibi
2509 657 2664 731 avehi
2686 659 2956 731 spiritum
3003 659 3448 731 interpretantur.
3497 663 3705 718 Verum

2109 734 2173 787 dc
2203 735 2303 787 hoc
2334 731 2478 785 illius
2507 729 2779 799 paradoxo
2810 729 3064 785 lectorem
3096 729 3402 787 remisimus
3424 733 3491 787 ad
3511 744 3702 790 nostra

2110 805 2577 878 Prolegomena.._._
2622 800 2829 878 Deinde
2874 816 2995 856 sese
3026 801 3092 855 ad
3123 802 3419 878 institutum
3471 806 3702 878 prOpius

2109 871 2301 931 caetera
2348 872 2614 928 naturalia
2659 871 2854 926 animze
2894 880 3247 942 pertractasse
3277 871 3517 931 insinuat
3565 871 3691 933 adv.

2110 951 2384 1018 llermog.,
2438 953 2500 999 ut
2555 943 2650 1020 Dei
2710 943 2896 1020 potius
2956 946 3419 1020 quam-materia:
3480 952 3706 1020 prepin-

2110 1035 2217 1090 qua
2245 1014 2421 1090 anima
2450 1015 2789 1090 probare_tur.
2832 1014 3080 1085 Denique
3128 1015 3380 1090 fortassis
3414 1014 3703 1090 propterea

2109 1087 2230 1158 quis
2257 1087 2640 1161 animamcum
2668 1087 2780 1140 Deo
2819 1096 3182 1161 compararet,
3210 1104 3327 1142 eam
3368 1087 3532 1161 longe
3563 1090 3705 1147 infra.

2110 1156 2281 1216 Deum
2308 1157 2620 1230 defendisse
2649 1172 2706 1230 se
2730 1156 2914 1230 scribit
2945 1158 3086 1230 dicto
3117 1156 3275 1230 libro,
3299 1162 3440 1230 quod
3463 1156 3588 1215 nata
3610 1164 3699 1230 sit,

2115 1231 2154 1287 Ἰ
2176 1229 2338 1303 ιὲΐ
2372 1230 2514 1303 quod
2546 1227 2858 1303 passibillis,
2892 1229 3050 1303 quod
3079 1227 3482 1303 exorbita'tionis
3510 1227 3701 1303 capax,

2109 1311 2162 1359 et
2191 1301 2318 1358 inde
2369 1299 2846 1373 etiamjoblivionis
2891 1299 3082 1356 adﬁnis
3127 1301 3215 1357 sit.
3249 1302 3432 1373 Usque
3478 1299 3615 1360 adeo
3645 1299 3704 1361 ut

2112 1373 2272 1458 totius
2319 1387 2460 1458 pene
2480 1370 2630 1458 diligi
2666 1380 3063 1458 argumentum,
3096 1378 3150 1426 et
3194 1370 3360 1458 quasi
3397 1373 3702 1458 fragmenta

2109 1440 2368 1517 qutedarn
2416 1440 2630 1517 I128
2685 1440 2818 1512 ipsis
2871 1441 3063 1498 iisdem
3110 1440 3291 1504 verbis
3337 1440 3565 1516 repetita
3613 1448 3703 1506 hic

2116 1513 2302 1572 videre
2328 1514 2394 1570 sit
2422 1513 2568 1584 apud
2598 1521 2894 1570 auctorem.

1303 1617 1432 1668 VIII.
1465 1614 1795 1668 ADVERSUS
1830 1610 2308 1665 APELLETIANOS
2342 1609 2512 1662 LIBRI
2545 1609 2802 1662 CITATIO

1467 1719 1549 1764 ex
1581 1717 1755 1764 LIBRO
1784 1716 1860 1763 DE
1889 1715 2085 1762 causa
2117 1714 2347 1761 CHRISTI
2380 1701 2522 1774 (cap.
2556 1700 2632 1771 8).

476 1813 580 1871 Sed
628 1810 880 1886 quoniam
927 1816 978 1864 et
1022 1807 1110 1862 isti
1177 1807 1518 1879 Apellctz’ani
1551 1803 1729 1861 carnis
1775 1801 2002 1873 ignomi-
2037 1816 2080 1892 Β
2111 1799 2277 1892 tentia
2325 1797 2616 1892 confessid
2637 1807 2718 1854 est
2760 1798 2960 1892 delicti,
2981 1799 3117 1892 quia
3162 1800 3340 1856 locum
3387 1815 3496 1856 non
3537 1801 3707 1858 habet

407 1902 553 1957 niam
599 1898 948 1970 praetendunt
995 1892 1243 1958 maxime,
1285 1907 1448 1963 quam
1495 1892 1702 1961 volunt,
1733 1891 1798 1945 ab
1838 1889 2002 1962 igneo

410 1989 503 2044 illo
533 1985 764 2058 praeside
811 1983 960 2051 mali,
992 1981 1289 2040 sollicitatis
1335 1980 1617 2036 animabus
1657 1978 1998 2046 adstructam,

406 2085 459 2134 et
488 2074 694 2130 idcirco
736 2072 1016 2146 indignam
1049 2071 1282 2140 Christo,
1313 2077 1367 2127 et
1394 2069 1594 2126 idcirco
1637 2069 1706 2124 de
1734 2067 2004 2124 sideribus

408 2165 488 2219 illi
517 2161 874 2218 substantiam
906 2160 1252 2233 competisse,
1293 2159 1464 2217 debeo
1515 2158 1636 2214 illos
1680 2157 1748 2214 de
1777 2172 1874 2214 sua
1903 2172 2003 2226 pa-

407 2261 592 2309 ratura
646 2259 1009 2324 repercutere.
1062 2249 1332 2324 Angelum
1393 2249 1681 2320 quemdam
1748 2246 2002 2318 inclytum

408 2343 713 2410 nominant,
760 2340 850 2410 qui
903 2338 1161 2393 mundum
1210 2339 1353 2392 hunc
1396 2335 1709 2402 instituerit,
1749 2344 1803 2390 et
1851 2335 2005 2390 insti-

411 2438 527 2486 tuto
571 2445 636 2485 eo
684 2428 1057 2500 pmnitentiam
1103 2426 1400 2482 admiserit.
1455 2428 1526 2481 Et
1576 2425 1680 2480 hoc
1735 2439 1832 2480 suo
1884 2425 2004 2480 loco

412 2518 780 2574 tractavimus.
813 2517 952 2571 Nam
1000 2523 1083 2572 est
1113 2515 1267 2570 nobis
1305 2513 1573 2572 adversus
1603 2514 1729 2570 illos
1759 2513 1999 2580 libellus,

405 2623 476 2662 an
505 2607 598 2678 qui
645 2605 892 2678 Spiritum
923 2616 979 2661 et
1017 2605 1349 2660 voluntatem
1396 2613 1449 2658 et
1496 2602 1751 2660 virtutem
1802 2601 2001 2658 Christi

402 2696 648 2752 habuerit
702 2695 767 2750 ad
818 2711 880 2750 ea
921 2709 1108 2764 opera,
1161 2692 1385 2767 dignum
1433 2691 1636 2764 aliquid
1684 2691 2000 2763 paenitentia

404 2785 610 2852 fecerit,
642 2801 765 2841 cum
794 2784 1047 2856 angelum
1095 2783 1257 2838 etiam
1295 2782 1362 2837 de
1395 2781 1572 2854 ﬁgura
1600 2782 1844 2837 erraticas
1884 2780 1998 2836 ovis

403 2876 839 2945 interpretentur.
889 2874 1049 2927 Teste
1094 2870 1258 2945 igitur
1317 2870 1633 2942 poenitentia
1681 2870 2001 2926 institutoris

403 2962 510 3028 sui,
539 2962 792 3016 delictum
841 2959 942 3015 erit
988 2959 1247 3024 mundus,
1279 2958 1542 3032 siquidem
1586 2957 1764 3013 omnis
1811 2956 1994 3028 pruni-

2111 1887 2216 1944 nisi
2236 1889 2292 1943 in
2321 1887 2532 1944 delicto.
2563 1885 2619 1942 Si
2649 1886 2881 1942 mundus
2908 1887 3160 1944 delictum
3190 1896 3290 1954 est,
3313 1889 3442 1958 quia
3486 1904 3706 1961 corpus,

2109 1987 2162 2034 et
2209 1978 2451 2034 membra
2504 1976 2779 2044 delictum,
2838 1978 2943 2032 erit
2989 1977 3213 2048 proinde
3268 1986 3320 2034 ct
3375 1979 3593 2045 ccelum,
3655 1990 3710 2036 et

2109 2065 2352 2123 coelestia
2381 2081 2502 2122 cum
2549 2065 2711 2124 coelo.
2758 2065 2816 2122 Si
2863 2065 3130 2135 coelestia,
3172 2075 3226 2123 et
3272 2066 3533 2140 quidquid
3582 2068 3709 2124 inde

2113 2163 2430 2228 conceptum
2495 2156 2876 2227 prolatumque
2933 2164 3036 2222 est,
3097 2155 3238 2212 mala
3309 2156 3470 2212 arbor
3532 2157 3710 2214 malos

2116 2245 2322 2301 fructus
2380 2244 2505 2300 edat
2560 2260 2782 2301 necesse
2839 2252 2942 2301 est.
2997 2246 3132 2302 Caro
3189 2244 3356 2318 igitur
3408 2247 3607 2301 Christi
3640 2247 3709 2302 de

2112 2335 2420 2391 coelestibus
2476 2342 2700 2398 structa,
2729 2333 2797 2389 de
2852 2335 3057 2405 peccati
3099 2333 3343 2391 constitit
3398 2335 3706 2401 elementis,

2114 2423 2383 2496 peccatrix
2434 2423 2501 2478 de
2547 2422 2852 2494 peccatorio
2902 2438 3088 2490 censu,
3138 2432 3192 2480 et
3237 2439 3332 2495 par
3379 2422 3481 2480 erit
3530 2423 3713 2496 ipsius

2111 2513 2446 2577 substantiae,
2497 2511 2550 2567 id
2618 2519 2698 2572 est
2752 2518 2970 2579 nostrae,
3011 2529 3170 2585 quam
3226 2520 3287 2567 ut
3339 2514 3708 2585 peccatricem

2111 2602 2351 2658 Christus
2397 2599 2715 2673 dedignatur
2754 2599 2997 2658 induere.
3049 2601 3148 2666 Ita,
3180 2600 3225 2655 si
3274 2600 3410 2656 nihil
3447 2601 3512 2656 de
3543 2602 3708 2673 igno—

2108 2690 2273 2746 minia
2319 2688 2559 2757 interest,
2611 2699 2703 2745 aut
2748 2689 2908 2744 aliam
2954 2689 3193 2760 purioris
3239 2697 3380 2745 note
3423 2690 3707 2746 materiam

2109 2778 2419 2851 excogitcnt
2483 2777 2717 2844 Christo,
2784 2778 2978 2852 quibus
3048 2779 3299 2850 displicet
3355 2785 3557 2847 nostra,
3614 2787 3712 2834 aut

2107 2885 2224 2926 eam
2278 2877 2634 2942 cognoscant,
2685 2884 2794 2940 qua
2838 2868 2997 2925 etiam
3049 2868 3293 2925 caelestis
3338 2868 3534 2925 melior
3579 2884 3711 2925 esse

2112 2975 2222 3016 non
2252 2958 2447 3031 potuit.

475 3086 557 3178 An
577 3082 715 3166 liber
739 3082 1438 3178 iste,‘advfr‘sus.Ape‘l.lcm,
1464 3099 1530 3178 an
1553 3083 1995 3178 adversqslflpel-
2029 3099 2072 3178 θ
2103 3084 2307 3178 mundo
2364 3085 2431 3139 ab
2474 3082 2579 3178 illo
2618 3081 2904 3178 ‘ingt‘itulto,
2954 3081 3054 3178 lib;
3083 3083 3518 3178 dq‘Prwscrz’th.
3575 3081 3710 3165 adq.

409 3159 650 3212 letianos
699 3154 918 3209 inscribi
975 3153 1193 3214 debeat,
1247 3154 1558 3225 aliquandiu
1615 3171 1700 3210 me
1748 3154 1993 3209 dubitare

409 3227 562 3291 fecit,
593 3226 736 3296 quod
780 3225 920 3279 inter
953 3235 1181 3280 caeteros
1223 3225 1523 3293 luereticos,
1558 3226 1818 3279 adversus
1864 3240 1998 3296 quos

409 3295 630 3368 scripsit
687 3297 1069 3360 Tertullianus,
1119 3304 1397 3368 enunieret
1437 3296 1680 3368 Vincent.
1729 3295 1992 3368 Lirinens.

408 3367 673 3440 Apellem,
717 3385 783 3440 ex
837 3382 943 3439 quo
999 3368 1157 3421 etiam
1216 3367 1580 3440 haasitavirnus
1636 3383 1784 3440 num,
1817 3367 1999 3440 plures

411 3438 593 3495 essent
620 3439 784 3495 libelli
815 3438 882 3492 ab
931 3448 1146 3493 auctore
1175 3438 1438 3492 adversus
1468 3439 1728 3510 ipsumet
1757 3438 1999 3510 discipu-

410 3511 494 3566 los
529 3512 646 3580 ejus
675 3510 988 3578 conscripti.
1019 3510 1242 3578 Verum,
1275 3526 1395 3565 cum
1423 3507 1603 3580 toties
1647 3507 1786 3580 facta
1830 3507 1998 3578 Apel-

410 3581 476 3635 lis
506 3579 774 3636 mentione
821 3591 988 3650 atque
1037 3580 1236 3634 nullius
1282 3579 1520 3644 alterius,
1570 3579 1772 3633 nullam
1821 3590 2000 3635 tamen

411 3653 533 3707 libri
564 3652 866 3722 cujuspiam
907 3651 1166 3722 adversus
1210 3651 1462 3705 eumdem
1509 3650 1826 3706 mentionem
1859 3668 1998 3721 prae-

413 3719 656 3793 terquam
688 3719 791 3793 hoc
837 3721 960 3776 loco
1008 3719 1184 3793 faciat,
1219 3721 1275 3774 fit
1315 3721 1446 3775 mihi
1495 3721 1766 3783 credibile,
1797 3719 2002 3776 et'uni-

412 3789 531 3848 cuni
563 3791 776 3862 esseab
806 3805 872 3846 eo
899 3789 1282 3862 conscriptum,
1317 3801 1368 3845 et
1396 3793 1662 3848 adversus
1698 3793 2003 3862 Apelletr‘a-

413 3879 513 3919 nos
554 3861 892 3932 inscriptum.
924 3861 1150 3916 Maxime
1187 3878 1309 3917 cum
1343 3863 1501 3915 etiam
1538 3861 1915 3932 Apellelirmos
1943 3865 2000 3919 B.

417 3933 672 4003 Cyprian.
737 3941 1016 4000 nuncupet
1069 3932 1274 4003 Apellis
1320 3932 1634 4001 discipulos,
1689 3934 1845 4002 epist.
1912 3937 2001 4001 '73,

415 4002 488 4059 ad
516 4003 882 4060 Jubaianu-m.
912 4003 1078 4072 Atqui
1109 4002 1421 4057 obscuriora
1451 4003 1669 4073 quidem
1691 4013 1812 4061 sunt
1842 4007 2006 4062 verba

415 4074 726 4148 Tertulliani
750 4073 862 4144 jam
903 4077 1083 4148 citata,
1116 4073 1345 4148 sedhoc
1377 4074 1478 4128 sibi
1503 4076 1617 4148 vult
1650 4094 1662 4130 :
1695 4080 2004 4148 Argumon_

417 4155 528 4202 tum
560 4145 681 4202 libri
711 4147 972 4201 adversus
1008 4145 1373 4214 Apellctianos
1419 4145 1758 4216 potissimum
1776 4145 1956 4205 fuisse
1992 4167 2004 4207 :

419 4235 490 4273 an
510 4216 754 4289 angelus,
781 4218 871 4271 ille
913 4216 1262 4289 igneusmali
1291 4233 1510 4284 praeses,
1542 4218 1635 4286 qui
1666 4227 1718 4273 et
1746 4221 2010 4276 mundum

419 4290 565 4345 hunc
593 4288 769 4358 (juxta
813 4289 958 4357 illos)
1006 4288 1334 4360 instituerat,
1366 4299 1420 4344 et
1451 4289 1750 4346 sollicitatis
1800 4292 2010 4346 anima-

419 4361 525 4417 bus
576 4375 793 4415 carnem
842 4360 1198 4425 adstruxerat,
1241 4361 1310 4415 ad
1347 4361 1490 4430 quod
1538 4370 1716 4417 tamen
1761 4363 2012 4431 spiritum

421 4442 477 4487 et
529 4432 866 4504 voluntatem
924 4441 976 4485 et
1024 4431 1282 4504 Avirtutem
1346 4431 1542 4504 Christi
1600 4434 1874 4504 habuerit;
1923 4434 2012 4488 di-

422 4519 589 4572 gnum
632 4501 839 4573 aliquid
885 4502 1214 4573 puanitentia
1256 4502 1460 4557 fecerit.
1504 4503 1700 4572 Utpote
1739 4506 1831 4573 qui
1863 4501 2015 4560 dicc-

421 4582 565 4638 rent,
598 4572 762 4628 sicuti
793 4572 1009 4643 legitur,
1041 4573 1133 4631 lib.
1181 4574 1246 4629 de
1276 4575 1598 4642 Praescript.
1633 4572 1770 4630 adu.
1793 4577 2010 4642 lueret,

422 4661 542 4714 cap.
578 4647 668 4710 51,
699 4645 889 4716 haeres.
925 4647 990 4698 19
1027 4662 1040 4702 :
1075 4645 1227 4699 Illum
1275 4645 1478 4700 mundo
1532 4646 1768 4702 inferiori
1809 4650 2011 4716 permi-

423 4717 638 4789 scuisse
667 4715 1224 4789 pwnitentianuquia
1269 4731 1374 4789 non
1417 4717 1569 4789 illum
1628 4725 1735 4772 tam
1782 4715 2014 4789 perfecte

422 4788 660 4867 Emissis},
703 4803 861 4867 quam
890 4787 1179 4867 superior.
1203 4787 1439 4867 mundus
1474 4787 1754 4867 institutus
1782 4787 2009 4845 luisset.

421 4858 576 4932 Quod
610 4859 784 4932 ipsum
821 4858 1038 4932 interim
1089 4858 1313 4932 pulchre
1360 4866 1544 4914 contra
1572 4859 1695 4914 illos
1727 4869 2012 4932 retorquet,

422 4930 536 4985 illic
573 4929 666 4984 ubi
726 4929 960 5002 loquitur
1010 4929 1143 5002 :de
1193 4947 1288 4985 sua
1325 4937 1577 5002 paratura
1625 4929 2010 5002 repercuti‘cns.

422 5001 827 5075 Yerum_quod_
848 5007 1005 5075 vocat
1049 5001 1192 5075 hunc
1237 5001 1491 5072 angelum
1539 5001 2013 5075 mali’prresidem,

429 5071 760 5146 siciexplieat
788 5072 1012 5144 Epiph.,
1061 5073 1192 5146 haer.
1245 5071 1333 5143 44,
1363 5089 1428 5129 ex
1468 5071 1729 5131 sententia
1758 5075 1962 5146 Apellis
1997 5071 2012 5130 ὲ

432 5165 453 5195 α
497 5142 681 5199 Evasit
727 5142 909 5218 autem
949 5159 1058 5218 non
1103 5144 1301 5214 bonus,
1352 5152 1423 5218 et,
1453 5162 1574 5216 quae
1623 5147 1690 5200 ab
1722 5142 1837 5218 ipso
1881 5147 2018 5201 facta

425 5223 569 5279 sunt,
624 5229 733 5268 non
770 5213 909 5269 bene
956 5214 1092 5271 facta
1139 5225 1283 5281 sunt,
1333 5217 1426 5270 sed
1469 5213 1769 5272 secundum
1822 5219 2016 5271 malam

415 5286 597 5356 ipsius
630 5293 865 5341 mentem
896 5286 963 5340 ab
1001 5286 1122 5356 ipso
1151 5295 1332 5342 creata
1380 5295 1522 5342 sunt.
1560 5311 1584 5337 η
1619 5289 1696 5343 De
1721 5288 2018 5344 sollicitatis

421 5365 598 5430 autem
649 5357 932 5430 animabus
979 5358 1047 5411 ab
1095 5357 1565 5430 igneonilloudeo
1623 5360 1814 5429 angelo
1868 5361 2018 5428 juxta

423 5428 691 5500 Apellem,
723 5427 845 5486 vide
880 5445 1064 5499 supra,
1099 5427 1230 5484 tom.
1265 5428 1356 5493 ΙΙΙ,
1385 5427 1480 5500 lib.
1525 5429 1591 5485 de
1621 5427 1837 5494 anima,
1864 5427 1913 5484 c.
1947 5433 2011 5484 23

423 5499 488 5553 et
507 5503 597 5568 36,
629 5499 726 5556 ubi
757 5500 905 5555 addit
940 5517 1006 5555 ex
1045 5499 1396 5571 consequenti
1443 5510 1628 5556 auctor
1667 5500 2012 5571 constituisse

413 5584 542 5625 eum
570 5580 693 5628 ante
737 5585 967 5644 corpora
1011 5568 1426 5628 animas—viriles
1455 5586 1521 5628 ac
1566 5570 1881 5630 muliebres.
1929 5572 2010 5629 De

2106 3161 2277 3220 H1872,
2319 3171 2433 3225 cap.
2473 3156 2541 3210 34
2583 3162 2638 3209 et
2693 3157 2781 3222 51,
2814 3157 2945 3208 ίηετ.
2991 3158 3075 3212 19.
3136 3155 3213 3210 De
3258 3155 3712 3210 carne’hominis

2109 3227 2334 3300 proinde
2377 3227 2444 3280 ab
2491 3225 2679 3300 eodem
2727 3232 3025 3300 exstructa,_
3061 3241 3109 3280 c.
3160 3231 3213 3290 8,
3254 3226 3353 3281 lib.
3402 3225 3471 3283 de
3521 3228 3712 3300 Carne

2111 3297 2338 3363 Christi,
2372 3315 2435 3352 ex
2467 3313 2576 3367 quo
2625 3297 2740 3353 haec
2784 3299 2948 3353 verba
2996 3298 3283 3368 desumpta
3326 3308 3470 3366 sunt,
3501 3305 3556 3353 et
3607 3297 3708 3351 lb.

2107 3373 2174 3427 de
2215 3372 2445 3426 Resurr.
2485 3371 2673 3438 Carm,
2705 3385 2752 3425 c.
2787 3372 2845 3425 5.
2883 3369 2960 3422 De
2992 3368 3187 3424 Christi
3236 3369 3471 3440 denique
3515 3383 3709 3433 carne,

2108 3457 2216 3496 non
2248 3443 2314 3494 ab
2344 3440 2434 3493 illo
2464 3440 2661 3511 angelo
2709 3440 3033 3511 creata,sed
3082 3456 3146 3495 ex
3191 3439 3502 3494 coelestibus
3563 3441 3710 3495 side-

2109 3512 2260 3569 ribus
2313 3510 2747 3573 structa,’contra
2795 3510 3039 3581 Apellem
3089 3512 3191 3566 late
3229 3511 3470 3580 disputat
3512 3519 3712 3566 auctor

2109 3584 2235 3640 dicti
2276 3583 2370 3636 lib.
2403 3583 2470 3637 de
2518 3583 2695 3637 Carne
2744 3582 2976 3643 Christi,
3011 3597 3060 3637 c.
3112 3585 3165 3636 6.
3225 3581 3501 3637 Consentit
3531 3581 3589 3636 in
3618 3582 3712 3636 his

2111 3655 2362 3711 omnibus
2408 3652 2761 3724 Epiphanius,
2791 3661 3150 3724 praeterquam
3193 3653 3336 3723 quod
3387 3652 3711 3708 inferiorem

2111 3727 2269 3782 deum
2307 3723 2619 3798 nuncupct,
2671 3723 2828 3794 quem
2891 3723 3089 3798 auctor
3142 3723 3395 3798 angelum
3445 3724 3714 3798 igneum;

2113 3812 2274 3868 quem
2291 3794 2518 3868 interim
2548 3802 2853 3868 agnoscunt
2890 3797 2950 3868 Β.
2997 3795 3162 3867 Aug.,
3205 3794 3357 3868 ἣδε)γέ
3387 3794 3574 3868 215B.
3611 3796 3711 3851 [si-

2114 3866 2258 3928 dor.,
2290 3867 2384 3919 lib.
2417 3866 2538 3921 adv.
2593 3866 2780 3930 Mam,
2812 3867 3064 3920 Rabanus
3095 3866 3304 3933 noster,
3334 3867 3394 3920 Β.
3433 3866 3714 3922 Honorius

2117 3947 2169 3994 et
2223 3937 2524 4009 Gratianus,
2576 3938 2630 4009 in
2686 3936 2953 4008 Catalogis
3006 3937 3202 4009 hazret.
3257 3938 3369 3992 Hoc
3428 3938 3714 4009 peculiare

2119 4009 2346 4075 auctori,
2388 4008 2643 4080 quodde
2690 4009 3004 4080 pcenitentia
3045 4008 3228 4080 angeli
3284 4008 3558 4065 Creatoris
3597 4010 3716 4078 jam

2118 4051 2486 4146 dictum’e‘st;
2521 4051 2761 4135 sicutiyet
2806 4079 2959 4145 illud,
3001 4051 3152 4150 quod
3197 4078 3426 4150 ﬁguram
3445 4051 3715 4136 verraiicze

2117 4152 2234 4209 ovis
2264 4154 2416 4223 (Luc.
2450 4151 2547 4223 xv)
2577 4151 2643 4204 de
2679 4150 2784 4223 illo
2815 4150 3150 4223 interpretati
3198 4152 3340 4218 sint;
3373 4153 3527 4223 quasi
3575 4167 3715 4222 gau-

2118 4221 2454 4279 dium'fuerit
2496 4221 2551 4276 in
2590 4221 2731 4276 ctelo
2783 4221 2929 4288 apud
2966 4223 3190 4290 angelos
3225 4223 3324 4276 Dei
3353 4221 3418 4276 de
3464 4223 3558 4277 illo
3582 4221 3709 4277 Iuno

2118 4302 2398 4365 peccatore
2441 4293 2508 4348 ad
2553 4293 2922 4365 paenitentiam
2971 4308 3252 4348 converso.
3306 4292 3480 4361 Quam
3525 4303 3716 4350 contra

2119 4364 2305 4420 maluit
2332 4371 2519 4420 auctor
2563 4364 2907 4436 interpretari
2953 4365 3020 4436 de
3060 4365 3277 4420 homine
3323 4365 3474 4432 lapso
3516 4373 3572 4420 et
3620 4381 3716 4436 per

2119 4437 2388 4492 Christum
2434 4433 2720 4508 requisito,
2750 4433 2906 4508 sicuti
2936 4434 3092 4508 etiam
3132 4436 3457 4508 aliiveteres
3499 4433 3710 4491 omnes.

2121 4509 2390 4634 Fafctenus
2419 4509 2487 4563 de
2520 4505 2590 4562 iis
2618 4521 2740 4578 qum
2769 4509 2832 4561 ad
2865 4505 3200 4563 intellectum
3230 4507 3393 4577 hujus
3433 4507 3607 4580 fragm
3620 4524 3714 4564 en-

2146 4598 2160 4633 ι
2210 4595 2360 4634 acrun
2393 4620 2406 4633 .

2122 4581 2160 4634 ti
2189 4581 2406 4635 faciunt.

2193 4651 2329 4720 Quia
2384 4648 2910 4723 veroipromisimus
2965 4649 3230 4723 integram
3276 4666 3376 4723 nos
3431 4650 3715 4723 historiam

2123 4723 2211 4780 hic
2240 4723 2479 4778 edituros
2509 4722 2574 4778 de
2619 4720 2808 4790 Apelle
2847 4729 2901 4774 et
2955 4720 3421 4790 ejus'hrercsibus,
3451 4721 3718 4777 faciemus

2123 4793 2178 4847 id
2226 4809 2383 4865 quam
2441 4791 2779 4866 paucissimis
2844 4791 3047 4866 licebit.
3099 4794 3315 4866 Apelles
3344 4793 3524 4866 itaque
3555 4792 3720 4866 disci-

2123 4863 2284 4936 pulus
2315 4865 2621 4929 Marcionis,
2658 4864 2734 4918 uti
2763 4865 2942 4919 verbis
3003 4863 3241 4921 auctoris
3281 4875 3399 4920 utar
3440 4863 3573 4936 dicti
3619 4863 3715 4936 lib.

2124 4935 2192 5008 de
2219 4939 2446 5001 Prresc.,
2479 4936 2602 4991 adv.
2657 4938 2828 5008 Hann,
2863 4951 2908 4991 c.
2941 4938 2994 5008 6,
3023 4939 3090 4990 30
3132 4952 3194 4992 ac
3222 4940 3308 5008 51,
3340 4937 3527 5008 lapsus
3555 4935 3612 4989 in
3642 4935 3723 4990 fe-

2123 5006 2347 5079 minam,
2391 5009 2638 5079 desertor
2687 5006 3031 5079 continentiae
3086 5006 3492 5079 Marcionen‘sis
3535 5009 3722 5079 (quam

2124 5077 2218 5133 ille
2248 5077 2554 5150 simulabat)
2598 5080 2666 5134 ab
2707 5077 2880 5150 oculis
2919 5079 3162 5150 magistri
3204 5077 3589 5150 Alexandriam
3615 5093 3724 5150 Ase—

2125 5149 2304 5221 cessit.
2365 5149 2492 5202 lnde
2536 5148 2612 5202 'in
2669 5149 2893 5204 alteram
2952 5148 3208 5204 feminam
3265 5149 3512 5221 impegit,
3571 5148 3724 5221 illam

2128 5219 2396 5290 virginem
2447 5221 2819 5283 Philumencn,
2853 5231 3037 5290 postea
3083 5236 3213 5277 vero
3260 5219 3494 5275 immane
3525 5220 3723 5289 prosti-

2131 5291 2353 5360 bulum;
2391 5293 2551 5361 cnjus
2607 5292 2779 5364 signis
2807 5303 2862 5345 et
2909 5292 3172 5364 prodigiis
3217 5292 3486 5364 inductus,
3520 5290 3722 5364 librum

2130 5363 2333 5431 edidit,
2375 5380 2533 5434 quem
2583 5362 2944 5419 Pitane-roseis
2992 5362 3355 5421 Philumena:
3420 5362 3719 5433 inscripsit,

2128 5450 2290 5503 quam
2337 5435 2486 5505 quasi
2530 5435 2922 5506 praphetissam
2961 5437 3303 5504 sequebatur.
3353 5435 3720 5506 Neque_vero

2119 5503 2372 5562 desertor
2408 5503 2683 5571 duntaxat,
2718 5505 2813 5562 sed
2861 5513 2914 5560 et
2957 5503 3273 5561 emendatur
3318 5503 3625 5568 Marcionis,
3656 5520 3719 5559 ac

2117 5575 2423 5650 discipulus
2469 5593 2634 5650 supra
2668 5576 2981 5649 magistrum
3011 5577 3308 5649 appellatur
3353 5575 3424 5632 ab
3473 5582 3714 5639 auctore,
