4050 6168
458 236 592 298 1191

1557 228 1643 287 AD
1691 224 1985 288 GENUINA
2022 225 2466 288 TERTULLIANI
2498 223 2714 285 OPBRA

3618 227 3765 287 1192

452 358 465 371 ’
525 361 714 431 Neque
760 357 926 425 enim,
977 356 1149 428 inquit
1200 356 1260 412 B.
1310 353 1554 425 Hieron.,
1602 354 1753 423 juxta
1792 354 2043 410 Judaicas
2074 369 2120 447 Α
2151 353 2310 410 terris
2352 354 2674 417 Jerusalem,
2707 349 3143 407 instaurationem
3196 349 3398 420 templi,
3450 349 3758 409 hostiarum

452 448 679 519 fabulas,
712 463 850 520 quas
905 445 980 501 illi
1028 446 1338 516 δευτερώσεις
1367 444 1661 515 appellant,
1713 439 2043 516 gemmatam

447 548 503 593 et
560 552 775 593 auream
822 535 888 590 de
941 534 1079 591 coelo
1125 540 1502 605 exspectamus
1554 533 1894 603 Jerusalem,
1945 548 2047 588 nec

450 642 663 683 rursum
708 624 917 696 passuri
955 621 1382 680 circumcisionis
1436 622 1711 692 injuriam,
1741 621 1855 691 {nec
1894 622 2045 678 obla-

450 718 557 774 turi
604 725 877 771 taurorum
905 723 959 768 et
987 713 1216 769 arietum
1254 711 1516 783 victimas,
1550 727 1651 766 nec
1698 711 1906 765 sabbati
1936 710 2045 766 otio

451 804 799 863 dormiemus.
834 803 989 872 Quod
1038 812 1090 860 et
1135 804 1289 858 multi
1335 812 1663 870 nostrorum,
1698 810 1749 856 et
1774 802 2047 873 praecipue

452 891 764 948 Tertulliani
794 894 927 947 liber
958 891 1047 963 qui
1076 890 1391 946 inscribitur
1422 892 1485 946 de
1530 892 1635 963 Spe
1666 891 1961 959 Fidelium,
1995 897 2049 944 et

453 981 709 1037 Lactantii
763 983 1190 1037 Institi-titionem
1256 980 1499 1035 volumen
1559 977 1847 1050 septimum
1879 978 2046 1050 polli-

451 1080 621 1136 cetur,
673 1075 729 1125 et
786 1068 1045 1125 Victorini
1085 1068 1505 1123 Pictavionensis
1554 1066 1797 1138 episcopi
1844 1070 2049 1123 crebrae

454 1157 841 1228 expositiones,
890 1167 942 1213 et
990 1173 1167 1227 nuper
1212 1156 1439 1213 Severus
1487 1167 1671 1211 noster
1720 1156 1776 1209 in
1822 1155 2050 1227 Dialogo

455 1247 541 1302 cui
574 1247 730 1303 Gallo
774 1260 969 1301 nomen
1000 1246 1253 1317 imposuit
1279 1263 1294 1312 ;
1325 1254 1376 1301 et
1422 1256 1481 1301 ut
1509 1246 1731 1300 Graecos
1753 1245 2048 1314 nominem,

456 1342 511 1391 ct
556 1334 788 1406 primum
835 1343 1245 1405 extremumque
1304 1335 1650 1406 coniungam,
1710 1333 1951 1388 Irenaeus
1997 1337 2053 1387 et

456 1426 842 1497 Apollinarius.

528 1514 641 1570 Nec
672 1513 884 1585 ignoro,
936 1512 1110 1583 inquit
1156 1511 1321 1579 idem,
1374 1512 1608 1581 Prw/“at.
1658 1510 1751 1566 lib.
1806 1523 1947 1564 xvm
1989 1506 2085 1563 in;

459 1604 686 1676 Isaiam,
720 1602 788 1659 ad
835 1603 1088 1658 eumdem
1134 1599 1329 1655 librum
1370 1600 1630 1664 alludens,
1670 1607 1868 1668 quanta
1918 1597 2056 1652 inter

2151 443 2492 515 sanguinem,
2543 441 2713 498 otium
2761 438 2987 506 sabbati,
3021 438 3446 496 circumcisionis
3476 442 3765 511 injuriam,

2153 533 2388 604 nuptias,
2449 540 2652 603 partus,
2702 530 2998 586 liberorum
3041 530 3433 599 educationem,
3475 530 3764 602 epularum

2153 623 2375 679 delicias
2404 632 2458 677 et
2495 629 2809 676 cunctarum
2842 620 3081 693 gentium
3128 618 3471 691 servitutem;
3533 638 3765 675 rursus-

2154 727 2261 784 que
2306 711 2471 775 bella,
2503 709 2768 766 exercitus
2812 724 2874 763 ac
2922 708 3242 778 triumphos,
3276 715 3329 763 et
3374 717 3760 779 superatorum

2154 816 2336 869 neces,
2391 808 2728 871 mortemque
2783 797 3074 853 centenarii
3133 797 3453 867 peccatoris.
3548 796 3764 853 ua:

2155 889 2252 945 Cui
2276 889 2488 943 duobus
2519 886 2881 945 voluminibus
2910 886 3187 954 respondit
3224 886 3617 957 Apollinarius.

2226 978 2435 1048 Papias,
2470 977 2643 1049 inquit
2688 976 2853 1045 idem,
2890 976 3075 1032 Catal.
3111 975 3318 1046 Script.
3353 977 3591 1040 Eccles.,
3622 976 3770 1032 dici—

2155 1074 2241 1122 tur
2277 1065 2425 1121 mille
2467 1080 2730 1120 annorum
2793 1063 3071 1119 Judaicam
3136 1063 3373 1118 edidisse
3432 1060 3769 1135 δέυτερώσεις,

2158 1172 2315 1229 quem
2346 1155 2514 1212 secuti
2547 1162 2675 1211 sunt
2703 1154 2936 1209 [renuens
2963 1161 3016 1208 et
3043 1153 3446 1223 Appollinarius
3476 1162 3529 1209 et
3556 1156 3767 1217 caeteri,

2159 1245 2251 1317 qui
2298 1253 2418 1316 post
2470 1243 2921 1300 resurrectionem
2966 1242 3115 1297 aiunt
3151 1242 3204 1297 in
3255 1257 3412 1297 carne
3456 1244 3505 1297 in
3566 1246 3773 1299 sanctis

2157 1334 2452 1389 Dominum
2529 1343 2897 1406 regnaturum.
2988 1330 3347 1387 Tertullianus
3420 1347 3636 1405 quoque
3716 1333 3773 1386 in

2161 1424 2299 1479 libro
2355 1424 2421 1479 de
2450 1425 2553 1494 Spe
2595 1423 2869 1492 ﬁdelium,
2902 1429 2954 1475 et
2984 1419 3292 1476 Victorinus
3340 1420 3777 1477 Pictavionensis

2163 1522 2215 1568 et
2246 1512 2548 1568 Lactantius
2573 1511 2674 1566 hac
2702 1510 2954 1579 Opinione
2973 1508 3265 1565 ducuntur.

2238 1602 2297 1655 In
2327 1599 2544 1668 divinis,
2575 1598 2746 1671 inquit
2784 1596 3030 1652 Gennad.
3093 1595 3184 1651 lib.
3226 1597 3292 1651 de
3322 1599 3578 1669 Dogmat.
3610 1599 3775 1655 Eccl.

460 1693 703 1747 homines
746 1689 1131 1745 sententiarum
1189 1688 1475 1744 diversitas
1523 1687 1612 1755 sit,
1664 1694 1793 1758 etc.,
1851 1686 1919 1740 de
1973 1701 2056 1741 re-
2091 1662 2133 1738 Β
2163 1690 2302 1745 inter
2330 1704 2497 1759 opera
2524 1688 2582 1744 B.
2635 1686 2947 1759 Augustini,
2978 1686 3046 1741 ad
3075 1684 3328 1743 eumdem
3373 1687 3572 1742 librum
3633 1688 3781 1743 allu-

460 1779 910 1851 promissionibus
950 1775 1272 1838 futurorum,
1332 1783 1387 1829 et
1433 1791 1537 1845 qua
1595 1774 1801 1831 ratione
1854 1773 2054 1829 intelli-

462 1869 640 1940 genda
689 1866 760 1920 sit
811 1863 1171 1935 Apocalypsis
1236 1863 1511 1930 Joannis;
1581 1880 1740 1935 quam
1797 1864 1841 1917 si
1902 1864 2058 1932 juxta

462 1957 697 2011 litteram
744 1951 1060 2023 accipimus,
1091 1951 1473 2021 judaizandum
1519 1962 1633 2019 est;
1693 1953 1737 2005 si
1796 1952 2056 2023 spiritua-

464 2045 601 2109 liter,
632 2036 690 2097 ul
736 2040 935 2112 scripta
979 2049 1080 2107 est,
1115 2040 1451 2111 disserimus,
1481 2040 1773 2097 multorum
1820 2050 2059 2096 veterum

465 2131 769 2188 videbimur
819 2129 1167 2201 opinionibus
1215 2129 1519 2199 contraire;
1551 2130 1890 2198 Latinorum,
1922 2133 2059 2185 Ter-

465 2221 684 2291 tulliani,
725 2219 1002 2284 Victorini,
1046 2218 1334 2285 Lactantii;
1366 2219 1701 2284 Graecorum,
1751 2228 1810 2273 ut
1838 2227 2061 2275 caeteros

468 2310 896 2383 praetermittam,
957 2308 1145 2362 Irenaei
1218 2315 1461 2373 tantum,
1521 2308 1900 2378 Lugdunensis
1949 2307 2064 2377 epi-

466 2398 633 2469 sc0pi,
665 2398 854 2453 faciam
902 2396 1252 2459 mentionem,
1293 2398 1580 2451 adversum
1631 2413 1792 2467 quem
1839 2398 1923 2451 vir
1959 2397 2065 2453 elo-

470 2486 860 2558 quentissimus
888 2484 1199 2555 Dionysius,
1232 2483 1612 2539 Alexandrinae
1640 2485 1896 2541 Ecclesiae
1932 2500 2066 2556 pon-

470 2575 621 2645 tifex,
691 2575 993 2646 elegantem
1074 2572 1261 2629 scribit
1326 2573 1547 2638 librum;
1617 2573 1844 2629 irridens
1918 2574 2064 2630 mille

469 2680 735 2721 annorum
782 2663 1037 2730 fabulam,
1087 2670 1141 2717 et
1186 2678 1404 2719 auream
1450 2670 1613 2734 atque
1655 2671 1984 2736 gemmatam
2012 2664 2066 2720 in

546 2843 813 2895 Hactenus
843 2839 994 2909 plura
1033 2837 1340 2894 testimonia
1388 2838 1454 2893 de
1481 2848 1800 2912 argumento
1853 2842 1974 2896 libri
2004 2842 2070 2898 de

476 2914 581 2984 Spe
629 2912 1203 2984 Fidelium,‘quorum
1251 2920 1579 2984 postremum
1627 2927 1690 2966 ea
1733 2912 2067 2981 potissimum

474 2980 541 3037 de
570 2997 731 3037 causa
769 2980 1280 3056 _adjecimus,_qu9d
1309 2982 1495 3056 cuique
1535 2980 1747 3056 auctori
1770 2999 1870 3038 sua
1897 3001 2064 3056 para-

475 3056 614 3109 doxa
660 3052 933 3123 attribuat,
965 3068 1085 3123 qua,
1115 3053 1175 3105 Β.
1219 3051 1364 3108 Hier.
1414 3051 1589 3123 prima
1632 3054 1764 3109 facie
1810 3051 2065 3111 omnibus

472 3125 526 3198 in
573 3138 770 3198 genere
820 3122 1029 3195 videtur
1078 3122 1442 3198 impingere:
1502 3142 1805 3198 quanquam
1852 3127 2066 3182 interim

472 3194 589 3264 ipse
621 3194 903 3264 Opiniones
951 3194 1208 3264 appellet,
1253 3194 1364 3249 'non
1398 3194 1785 3251 haereseis’aut
1832 3214 2062 3263 errores,

473 3266 790 3339 reverentia:
840 3266 1048 3339 gratia;
1082 3265 1282 3339 ingquo
1312 3266 1458 3320 illum
1503 3267 1664 3321 etiam
1722 3268 1956 3323 imitatus
1987 3277 2066 3325 est

476 3337 810 3393 Gennadius.
849 3337 1070 3393 Verum
1136 3337 1203 3391 de
1253 3340 1479 3392 aliorum
1530 3340 1812 3405 sententia,
1863 3357 1929 3395 ne
1985 3341 2069 3397 hic

476 3408 797 3481 prolixiores
826 3408 1011 3471 simus,
1046 3408 1125 3481 uti
1153 3410 1219 3463 de
1248 3410 1596 3479 responsione
1635 3411 1701 3465 ad
1729 3411 1908 3466 omnia
1937 3412 2069 3467 Ter-

476 3480 835 3553 tullianiqum
864 3496 927 3535 ex
965 3480 1258 3553 Scripturis
1282 3481 1400 3535 loco
1440 3482 1543 3536 hoc
1570 3480 1699 3536 citat
1726 3492 2065 3553 argumenta,

474 3552 653 3608 videat
700 3551 864 3607 lector
912 3560 1096 3606 nostra
1143 3550 1527 3623 Prolegomena
1573 3553 1714 3606 inter
1773 3550 2066 3608 Faradoxa.

478 3623 574 3677 Hic
601 3624 856 3676 duntaxat
901 3622 1142 3676 dicemus
1188 3620 1356 3676 videri
1398 3623 1556 3677 nobis
1589 3625 1910 3678 sententiam
1940 3628 2069 3680 Ter-

479 3693 842 3765 tulliani_esse
882 3692 1145 3765 mitiorem
1195 3692 1438 3765 reliquis,
1470 3708 1664 3763 nempe
1707 3710 1822 3748 eam
1871 3696 1940 3749 de
1965 3712 2069 3765 qua

476 3764 665 3817 scribit
690 3763 749 3815 B.
796 3764 962 3833 Aug,
993 3763 1086 3817 lib.
1136 3778 1219 3817 xx
1249 3764 1313 3816 de
1345 3765 1508 3820 Civz’t.
1533 3765 1655 3827 Dei,
1689 3780 1806 3833 cap.
1855 3768 1910 3823 '7.
1943 3763 2071 3823 Haec

477 3833 680 3906 Opinio
716 3841 857 3906 esset
909 3834 1459 3906 utiquetolerabilis,
1507 3835 1551 3888 si
1615 3834 1810 3906 aliqua:
1865 3838 2069 3892 deliciae

479 3902 767 3977 spiritales,
814 3903 866 3955 in
913 3902 1020 3977 illo‘
1046 3904 1297 3977 sabbato,
1346 3905 1549 3977 scilicet
1592 3902 1737 3961 mille
1784 3922 2069 3977 annorum,

478 3973 745 4030 adfutura;
775 3973 974 4045 sanctis
1001 3990 1096 4044 per
1144 3975 1359 4028 Domini
1391 3977 1726 4045 praesentiam
1774 3973 2068 4035 credet-en;

480 4052 587 4121 tur.
627 4063 650 4097 ι
681 4045 816 4121 Nam
862 4044 1021 4121 etiam
1046 4060 1187 4121 _nos,
1248 4044 1420 4121 inquit
1464 4047 1571 4112 ille,
1627 4049 1735 4121 hoc
1779 4049 2069 4121 aliquando

480 4116 683 4173 fuimus
710 4115 932 4186 Opinati.
976 4139 1009 4189 ιγ
1046 4116 1229 4189 Usque
1257 4115 1393 4174 adeo
1440 4126 1500 4172 ut
1528 4120 1703 4188 potius
1750 4115 2081 4179 'l‘ert'ulliano

482 4198 773 4257 competatx
788 4190 836 4244 id
868 4188 1016 4260 quod
1065 4188 1376 4266 Gennadius
1412 4190 1675 4266 Melitanis
1704 4192 1903 4258 tribuit,
1935 4196 2081 4266 quod

486 4268 784 4334 terrenum
809 4276 1037 4334 regnum
1070 4260 1267 4315 Christi
1315 4262 1632 4332 speraverit,
1662 4271 1713 4317 et
1741 4260 2081 4334 descripserit

491 4329 634 4408 libro
663 4331 728 4385 de
763 4329 1211 4408 Spe—ﬁdelium,
1241 4329 1417 4408 quam.
1449 4349 1557 4404 quo
1614 4334 1690 4387 illi
1737 4329 1987 4408 impingit
2016 4338 2083 4392 de

483 4402 601 4476 cibo
660 4411 715 4457 et
744 4417 905 4473 pom;
951 4402 1345 4476 quodfactum
1393 4402 1640 4470 fortasse,
1692 4414 1752 4461 ut
1797 4402 1937 4476 pra?
1964 4408 2083 4463 aliis

482 4473 783 4529 Melitonem
842 4473 1183 4530 commendet
1211 4485 1410 4546 auctor
1447 4476 1602 4530 libris
1656 4476 1759 4531 illis
1798 4473 1902 4546 pro
1937 4480 2083 4534 Mon-

485 4553 619 4626 tano_
637 4546 871 4626 scriptis,
922 4562 1150 4626 quorum
1198 4544 1510 4626 fragmenta.
1549 4544 1875 4618 sequuntur,
1911 4551 2063 4619 juxta

478 4615 625 4686 quod
679 4616 753 4671 ibi
820 4633 894 4673 ex
955 4618 1012 4670 Β.
1077 4615 1310 4674 Hieron:
1354 4615 1647 4690 citabitur;
1692 4627 1877 4690 utpote
1913 4615 2081 4677 'cum‘

2179 1779 2330 1845 dens,
2364 1775 2579 1834 1132
2644 1775 3153 1847 repromissionibus
3200 1775 3331 1830 nihil
3368 1784 3645 1832 terrenum
3692 1778 3781 1832 vel

2166 1866 2534 1923 transitorium
2582 1873 2975 1937 exspectamus,
3028 1864 3165 1919 sicut
3212 1864 3448 1920 Melitani
3496 1874 3778 1935 sperant:

2169 1972 2280 2013 non
2308 1956 2614 2026 nuptiarum
2656 1955 2928 2026 capulam,
2960 1953 3103 2009 sicut
3132 1953 3416 2009 Cerinthus
3467 1960 3521 2007 et
3560 1953 3782 2008 Marcus

2167 2046 2425 2113 delirant;
2475 2060 2583 2100 non
2628 2043 2775 2115 quod
2822 2043 2890 2096 ad
2937 2043 3115 2098 cibum
3154 2042 3240 2099 vel
3286 2042 3354 2097 ad
3394 2051 3582 2112 potum
3643 2058 3783 2113 per-

2170 2134 2323 2199 tinet,
2360 2133 2501 2189 sicut
2538 2132 2715 2203 Papiae
2758 2132 2968 2188 auctori
2999 2133 3259 2200 Irenaeus,
3289 2138 3343 2187 et
3387 2130 3781 2201 Tertullianus,

2171 2230 2226 2279 et
2272 2221 2575 2278 Lactantius
2620 2222 3016 2292 acquiescant:
3060 2237 3235 2292 neque
3270 2236 3366 2291 per
3406 2220 3551 2274 mille
3599 2235 3786 2274 annos

2169 2318 2294 2384 post
2337 2310 2781 2369 resurreCtionem
2826 2325 3053 2381 regnum
3101 2308 3299 2365 Christi
3336 2309 3391 2363 in
3438 2320 3584 2364 terra
3623 2308 3785 2364 futu-

2172 2419 2315 2470 rum,
2375 2409 2427 2455 et
2481 2408 2697 2455 sanctos
2746 2415 2868 2455 cum
2916 2399 3007 2456 illo
3055 2399 3137 2453 in_
3172 2399 3382 2455 deliciis
3451 2406 3788 2473 regnatura:

2175 2498 2475 2561 ‘speramus,
2525 2489 2661 2545 sicut
2707 2490 2889 2560 Nepos
2934 2486 3139 2553 docuit,
3187 2486 3280 2559 qui
3326 2488 3550 2557 primam
3599 2489 3791 2555 justo-

2175 2597 2295 2637 rum
2322 2578 2770 2636 resurrectionem
2818 2584 2871 2633 et
2899 2577 3187 2632 secundam
3240 2576 3528 2648 impiorum
3559 2576 3788 2632 confin-

2174 2679 2269 2725 Xll.

2177 2846 2337 2902 etiam
2364 2844 2603 2901 Montani
2630 2844 2795 2899 fuisse
2840 2844 2945 2898 hoc
2974 2842 3281 2913 paradoxon
3317 2840 3434 2913 ipse
3466 2840 3553 2896 his
3594 2842 3789 2898 verbis

2178 2919 2323 2973 dicto
2372 2918 2491 2972 loco
2539 2914 2808 2987 significet
2862 2932 2874 2972 :
2914 2935 2936 2965 α
2982 2913 3149 2987 Hanc,
3193 2921 3327 2987 etc.,
3386 2921 3438 2967 et
3485 2913 3581 2983 qui
3635 2913 3785 2984 apud

2176 2989 2339 3044 ﬁdem
2369 2982 2617 3043 nostrain
2656 2997 2739 3043 est
2766 3000 2920 3041 novae
2961 2982 3256 3056 pr0phetiae
3305 2998 3478 3038 sermo
3506 2982 3785 3047 testatur,

2176 3071 2233 3115 ut
2262 3060 2418 3115 etiam
2476 3057 3009 3129 efﬁgiemicivitatis,
3062 3062 3185 3129 ante
3234 3056 3782 3129 reprmsentationem

2175 3133 2318 3201 ejus,
2365 3127 2679 3199 conSpeétui
2726 3128 2957 3201 futuram
2998 3128 3055 3201 in
3102 3127 3317 3201 signum
3360 3127 3706 3201 praedicarit.
3753 3150 3779 3176 υ

2175 3197 2351 3258 Verba
2379 3197 2612 3257 auctoris
2658 3200 2852 3270 quibus
2902 3199 3050 3269 quod
3092 3197 3203 3251 ὀὶ)ζί
3246 3197 3616 3261 conﬁrmatur,
3651 3208 3779 3270 sunt

2174 3274 2228 3327 in
2286 3273 2475 3344 primis
2533 3272 2620 3325 illa
2677 3268 2841 3344 supra
2897 3268 3050 3344 citata
3103 3284 3136 3344 _:
3205 3288 3229 3319 α
3270 3270 3347 3322 De
3418 3268 3781 3344 restitutione

2174 3338 2399 3411 Iudaeae,
2456 3338 3068 3415 quomodo'allegorica_
3096 3338 3465 3415 interpretatio
3514 3339 3572 3393 in
3624 3340 3783 3395 Chri-

2177 3424 2316 3471 stum
2386 3424 2440 3470 et
2475 3411 2815 3477 wEcclesiam,
2875 3424 2930 3468 et
2985 3411 3225 3466 habitum
3266 3412 3321 3465 et
3377 3411 3609 3465 fructum
3656 3414 3784 3480 ejus

2178 3494 2473 3558 competat;
2505 3494 2557 3540 et
2604 3488 2829 3555 longum
2862 3490 2957 3558 est
2996 3482 3263 3558 persequi,
3312 3490 3473 3558 et_c._n
3538 3482 3600 3536 Si
3629 3484 3783 3536 enim

2177 3552 2485 3631 allegorica,
2520 3572 2653 3628 ergo
2704 3552 2818 3631 non
2862 3552 3127 3631 litteralis,
3156 3552 3209 3631 et
3249 3552 3782 3631 proindeperperam

2178 3627 2255 3682 illi
2286 3625 2612 3700 impingeret
2641 3627 2759 3700 quis
2793 3627 2960 3700 (quod
2996 3626 3050 3700 in
3081 3625 3394 3700 Cerinthum
3424 3625 3783 3700 magiscom-

2178 3700 2313 3770 petit
2341 3695 2393 3754 et
2442 3695 2769 3770 Dimoeritas,
2795 3695 2953 3766 juxta
2996 3695 3297 3770 Epiphan.)
3333 3695 3780 3770 instaurationem

2180 3767 2385 3840 templi,
2456 3767 2765 3824 hostiarum
2816 3768 3159 3840 sanguinem,
3226 3767 3391 3821 otium
3451 3768 3665 3840 sabbati
3732 3776 3783 3840 et

2182 3837 2608 3897 circumcisionis
2685 3837 2955 3908 iujuriani.
3041 3839 3241 3893 Eodem
3326 3837 3558 3909 pertinet
3639 3839 3779 3908 quod

2180 3913 2343 3988 paulo
2369 3918 2493 3983 post
2535 3912 2722 3988 eodem
2766 3911 2881 3965 loco
2925 3910 3205 3988 subjun‘git
3256 3911 3519 3988 :‘«_l{anc
3566 3910 3783 3988 (nempe

2184 3979 2477 4038 Jerusalem
2536 3982 2807 4038 civitatem
2861 3980 3001 4038 coelo
3045 3979 3299 4051 delatam)
3334 3982 3585 4045 dicimus,
3628 3979 3777 4035 exci—

2228 4055 2400 4110 icndis
2428 4054 2823 4111 resurrectione
2869 4052 3090 4119 sanctis,
3122 4061 3173 4107 et
3203 4052 3508 4106 ret'ovendis
3535 4052 3779 4105 omnium

2188 4072 2400 4180 FICDOIS
2428 4072 2823 4111 resurrectione
2869 4072 3090 4119 sanctis,
3122 4072 3173 4107 et
3203 4072 3508 4106 reIOVCDGIS
3535 4072 3779 4105 omnium

2204 4142 2479 4196 ionorum,
2506 4126 2692 4195 utique
2738 4124 3115 4194 spiritualium,
3148 4123 3353 4196 copia,_
3375 4122 3428 4176 in
3461 4137 3783 4196 compensaf

2191 4200 2396 4253 tionem
2443 4193 2630 4253 eorum
2679 4193 2798 4268 quae
2845 4197 2900 4249 in
2942 4193 3275 4268 saeculo__vel
3324 4193 3779 4268 despeximusvel

2186 4270 2482 4333 amisimus,
2513 4284 2543 4323 a
2574 4265 3074 4338 Deo'prospectam.
3102 4287 3124 4315 »
3156 4265 3388 4338 Nam,7si
3421 4265 3777 4338 spiritualium

2115 4347 2159 4423 ο
2190 4340 2453 4423 bonorum
2498 4339 2673 4423 copia,
2714 4336 2863 4423 ergo
2891 4354 3001 4418 non
3059 4337 3450 4423 temporalium,
3484 4353 3649 4409 quam
3697 4336 3781 4423 alii

2192 4412 2480 4466 somniant.
2515 4411 2571 4464 In
2616 4411 2722 4465 hoc
2767 4408 2979 4463 interim
3024 4423 3148 4464 cum
3203 4408 3322 4463 aliis
3368 4408 3460 4461 illo
3509 4408 3781 4463 Consentit

2191 4484 2523 4553 (quanquam
2562 4483 2726 4537 etiam
2789 4480 3053 4553 erronee),
3115 4480 3260 4551 quod
3296 4477 3662 4553 confiteatur.
3732 4479 3779 4532 in

2192 4551 2329 4678 tet-Ira
2376 4551 2593 4625 quidem
2624 4569 2852 4626 regnum
2884 4552 3041 4608 nobis
3072 4551 3477 4623 repromissum,
3512 4552 3609 4605 sed
3668 4560 3781 4604 ante

2192 4640 2262 4678 eae
2284 4641 2393 4678 um.

2181 4640 2393 4680 castum.

1558 4769 1884 4822 LIBRORUM
1913 4772 2033 4823 SEX
2062 4772 2141 4824 DE
2175 4772 2440 4825 EXSTASI
2468 4773 2703 4826 MENTIO

1572 4899 1655 4944 EX
1681 4900 1736 4946 B.
1772 4900 1939 4946 IIIER.
1972 4900 2176 4948 CATAL.
2208 4901 2428 4949 SCRIPT.
2468 4902 2710 4949 ECCLES.

1372 5017 1427 5066 et
1460 5011 1788 5083 Nicephoro,
1821 5013 1915 5070 lib.
1948 5030 2009 5071 ιν
2038 5016 2182 5071 Hist.
2211 5016 2427 5083 eccles.,
2468 5031 2589 5088 cap.
2620 5020 2689 5072 22
2718 5030 2781 5071 ac
2811 5016 2898 5072 34.

553 5106 674 5174 Hic,
730 5106 904 5178 inquit
940 5105 999 5162 B.
1052 5106 1277 5164 Hieron.
1328 5108 1394 5164 de
1439 5109 1793 5181 Tertulliano,
1842 5120 1896 5168 et
1947 5112 2080 5183 ipsis

479 5198 671 5255 iisdem
724 5196 903 5256 verbis
946 5196 1449 5268 Nicephorus,cum
1504 5216 1679 5271 usque
1727 5201 1795 5256 ad
1844 5202 2075 5257 mediam

482 5298 691 5344 atatem
748 5287 1027 5359 presbyter
1097 5288 1353 5345 Ecclesiae
1416 5290 1817 5360 permansisset,
1876 5290 2075 5347 invidia

481 5384 672 5449 postea
701 5384 756 5431 et
784 5377 1123 5433 contumeliis
1148 5378 1473 5435 clericorum
1512 5378 1767 5434 Romanae
1796 5378 2071 5452 Ecclesiae,

481 5468 545 5522 ad
576 5466 812 5523 Montani
863 5468 1058 5541 dogma
1094 5467 1365 5536 delapsus,
1398 5467 1452 5521 in
1500 5466 1686 5524 multis
1730 5467 1881 5523 libris
1919 5483 2072 5526 novae

485 5555 786 5625 prOphetiae
856 5554 1126 5622 meminit;
1182 5552 1489 5627 specialiter
1564 5563 1743 5614 autem
1814 5558 2074 5617 adversus

2184 5112 2483 5169 Ecclesiam
2528 5113 2692 5170 texuit
2749 5112 3039 5177 volumina,
3073 5110 3139 5167 de
3177 5110 3481 5175 Pudicitia,
3532 5109 3600 5164 de
3638 5111 3781 5181 Fuga

2187 5202 2252 5257 in
2272 5206 2685 5273 persecutione,
2710 5205 2775 5259 de
2806 5204 3069 5275 Jejuniis,
3096 5204 3161 5259 de
3190 5200 3654 5273 Monogamiarnn
3682 5200 3785 5254 Ex-

2183 5306 2339 5347 STASI
2373 5293 2540 5351 libros
2563 5310 2682 5351 sm.

2252 5383 2638 5451 Tertullianus,
2672 5382 2846 5455 inquit
2875 5381 3039 5450 idem,
3080 5396 3174 5437 sex
3202 5376 3567 5435 voluminibus
3594 5374 3786 5432 advers

2182 5485 2274 5527 sus
2294 5470 2590 5529 Ecclesiam
2620 5471 2797 5541 editis,
2826 5488 2946 5545 quw
2977 5469 3193 5543 scripsit
3211 5468 3318 5541 περὶ
3347 5466 3784 5533 Ἐιιστάσεως,ειο.
