4028 6180
519 323 659 385 1195

1588 316 1673 374 ΑΙ)
1712 315 1999 374 GENUINA
2038 312 2476 374 TERTULLIANI
2513 311 2727 371 OPERA

3683 311 3833 369 H96

516 485 613 526 sus
656 461 953 520 Ecclesiam
1015 458 1169 515 editis
1218 473 1338 529 quae
1379 458 1593 528 scripsit
1660 461 1768 529 περὶ
1824 458 2116 525 ἐκστάσεως,
2148 460 2193 538 Α
2222 453 2427 511 Floruit
2464 462 2642 506 autem
2698 450 3023 522 Apollonius
3078 446 3178 501 sub
3235 446 3531 502 Commodo
3584 446 3836 506 Severo-

522 553 809 626 septimum
837 548 1057 621 prOprie
1088 548 1358 603 Adversus
1390 547 1750 619 Apollonium
1796 546 2108 611 elaboravit,

516 644 574 699 in
603 656 711 716 quo
749 639 931 697 omnia
976 651 1098 707 quae
1137 635 1228 690 ille
1259 636 1461 705 arguit,
1513 642 1740 691 conatur
1788 633 2105 690 defendere.

575 784 799 840 Duabus
844 780 912 833 de
968 777 1142 834 causis
1209 774 1341 830 mihi
1394 791 1706 845 persuasum
1770 782 1854 829 est
1910 775 2105 830 librum

516 859 659 912 hunc
687 853 954 909 adversus
985 849 1347 921 Apollonium
1379 862 1507 921 cum
1537 863 1629 921 sex
1654 845 2105 921 praecedentibus,

516 943 627 983 non
653 925 817 980 modo
844 916 1048 983 Latine,
1082 919 1178 973 sed
1209 928 1264 972 et
1312 916 1483 987 primo
1530 918 1720 973 Graece
1767 917 1958 972 editos.
1990 917 2106 970 Pri-

514 1014 687 1065 mum,
773 994 918 1065 quod
974 992 1228 1065 Graecus__
1258 987 1417 1065 fuerit
1476 994 1527 1043 et
1583 990 1774 1043 Grmce
1832 987 2105 1065 scripserit

514 1058 859 1139 Apollonius,
915 1069 1105 1139 gtpote
1165 1058 1300 1113 alius
1359 1059 1443 1139 ab
1489 1073 1555 1113 eo
1611 1075 1771 1129 quem
1847 1058 2104 1139 deinceps

508 1133 580 1193 ΒΣ
632 1137 856 1192 Hieron.
916 1133 1217 1187 Romanum
1296 1136 1601 1184 senatorem
1694 1136 2101 1198 commemorat,

516 1216 630 1264 tum
681 1206 829 1277 quod
860 1204 905 1257 is
931 1203 1123 1277 Graece
1159 1201 1373 1277 titulum
1426 1200 1609 1277 recitet
1645 1201 1753 1277 negl
1818 1198 2102 1277 ἐκστάσεωςῖ

509 1271 900 1334 Noluit-tamen
929 1274 982 1327 in
1012 1272 1204 1339 primis
1225 1271 1536 1341 fragmentis
1574 1273 1907 1343 cunjungere
1959 1271 2102 1341 quod

512 1358 699 1407 contra
728 1345 1028 1402 Ecclesiam
1057 1344 1241 1413 scripti
1270 1343 1397 1396 sint.

584 1422 752 1475 Porro
807 1433 928 1473 cum
1010 1410 1213 1468 asserat
1294 1416 1355 1468 B.
1427 1411 1644 1467 Hieron.
1716 1410 2102 1466 Tertullianum

508 1490 690 1547 omnia
729 1504 849 1560 quae
876 1485 1197 1560 Apollonius
1233 1482 1434 1554 arguit,
1488 1488 1742 1560 conatum
1791 1481 2099 1560 defendere,

506 1552 813 1617 invenimus
855 1552 1197 1613 verissimum
1264 1552 1384 1608 esse
1429 1555 1572 1623 quod
1631 1553 1847 1623 scripsit
1908 1552 1975 1605 de
2004 1552 2095 1623 illo

505 1632 569 1688 B.
598 1634 741 1702 Aug.
779 1630 870 1684 lib.
929 1624 1379 1702 de__eres.,_ad
1419 1621 1908 1702 Quodvultdeum,
1947 1621 2094 1702 quod

505 1693 772 1758 transierit
817 1698 1179 1754 Tertullianus
1224 1696 1289 1748 ad
1338 1693 1725 1763 Cataphrygas,
1773 1707 1910 1764 quos
1971 1699 2095 1746 ante

505 1775 867 1829 destruxerat.
889 1772 947 1821 In
988 1768 1176 1838 primis
1227 1767 1384 1838 enim
1412 1779 1575 1838 supra
1604 1764 1727 1838 lib_._
1759 1764 1824 1838 de
1852 1764 2092 1838 Prwscr.

503 1845 629 1899 adv.
659 1843 798 1897 hour.
832 1856 879 1895 c.
906 1831 1003 1904 52,
1038 1839 1169 1889 haar.
1204 1839 1292 1906 2t,
1335 1831 1553 1887 disertis
1580 1831 1761 1890 verbis
1818 1832 2095 1889 haereticos

500 1923 680 1979 vocat,
753 1930 777 1961 α
827 1910 918 1979 qui
985 1906 1236 1979 dicuntur
1291 1906 1586 1979 secundum
1631 1905 1907 1979 Phrygas,
1966 1912 2093 1969 etc.,

504 1984 597 2053 qui
625 1975 957 2053 diceban'tin
1000 1976 1263 2053 apostolis
1285 1975 1513 2053 quidem
1552 1975 1814 2053 Spiritum
1846 1981 2093 2053 sanctum

499 2045 685 2121 fuisse,
714 2045 1051 2121 Paracletum
1078 2063 1183 2121 non
1223 2045 1426 2111 fuisse;
1492 2054 1548 2121 et
1594 2045 2093 2121 Paracletumplu-

498 2140 557 2178 ra
598 2115 945 2178 in'Montano
993 2119 1192 2174 dixisse
1219 2159 1231 2181 ,
1263 2132 1425 2188 quam
1482 2116 1757 2171 Christum
1812 2115 2092 2188 ianvan-

496 2194 698 2269 gelium
772 2191 1098 2265 protulisse;
1155 2186 1522 2244 nec—tantum
1567 2189 1746 2258 plura,
1803 2187 1896 2242 sed
1935 2186 2095 2242 etiam

2221 558 2329 614 que
2356 540 2794 612 imperatoribus.

2218 773 2443 829 meliora
2497 780 2655 841 atque
2703 768 2986 841 majorann
3044 766 3313 841 Adversus
3369 764 3520 822 fucos
3574 766 3823 841 crinium

2218 851 2269 901 et
2314 838 2594 898 oculorum
2661 840 2822 893 stibio
2880 838 3277 908 iufectionem,_
3306 852 3470 908 quam
3518 847 3702 893 tamen
3755 840 3820 895 in

2214 914 2580 986 prOphetissis
2636 906 3390 986 istishvidetur.defendisse,
3458 910 3572 979 agit
3623 910 3816 986 nomi-

2216 980 2379 1040 natim
2422 984 2514 1037 lib.
2548 984 2612 1037 do
2645 983 2851 1037 Habitu
2891 981 3173 1043 muliebri,
3227 994 3275 1033 c.
3345 981 3399 1043 4,
3455 987 3509 1033 et
3565 980 3818 1048 apertius

2212 1056 2307 1111 lib.
2340 1056 2405 1110 dc
2447 1056 2620 1109 Cultu
2664 1052 3118 1122 feminarum,ic.
3163 1053 3214 1119 5,
3266 1063 3434 1120 agens
3481 1058 3668 1106 contra
3714 1068 3817 1106 eas

2218 1148 2241 1177 ε
2278 1141 2397 1195 quae
2441 1127 2626 1180 oculos
2665 1121 2896 1192 fuligine
2941 1121 3230 1195 collinunt;
3280 1140 3305 1170 »
3348 1122 3813 1195 reprehendentes

2215 1192 2469 1254 artiﬁcem
2500 1197 2671 1251 Deum
2701 1209 2863 1262 quem
2904 1192 3215 1255 emendant;
3269 1198 3323 1245 et
3360 1206 3482 1260 cap.
3538 1194 3593 1256 6,
3656 1212 3682 1242 α
3715 1209 3816 1248 eas

2212 1284 2332 1336 quae
2386 1282 2543 1322 croco
2599 1266 2849 1333 capillum
2904 1271 3133 1336 vertunt,
3187 1262 3338 1336 male
3390 1262 3530 1336 sibi“
3550 1262 3810 1321 ﬂammeo

2213 1332 2373 1407 capiti
2404 1332 2763 1407 auspicantes,
2788 1342 2841 1389 et
2885 1334 3108 1389 cerebro
3142 1332 3808 1403 perniciem-afferentes.-

2211 1410 2495 1463 Adversus
2534 1408 2765 1461 vestium
2814 1414 2874 1477 et
2922 1419 3259 1477 gemmarum
3310 1414 3583 1477 ornatum,
3632 1420 3812 1474 quem

2213 1481 2373 1533 etiam
2403 1480 2456 1532 in
2497 1479 2600 1531 illis
2638 1475 2947 1543 tolerabat,‘
2976 1475 3087 1544 agit
3134 1475 3276 1528 idem
3319 1484 3372 1528 et
3412 1476 3504 1528 lib.
3549 1476 3615 1530 de
3664 1477 3811 1531 Pal-

2216 1550 2307 1613 lio,
2342 1565 2459 1619 cap.
2493 1552 2544 1615 4,
2578 1560 2631 1602 et
2662 1559 2770 1602 toto
2801 1546 2947 1619 libro
2972 1546 3038 1601 de
3077 1547 3280 1601 Habitu
3320 1546 3598 1619 muliebri,
3634 1561 3812 1616 pecu-

2203 1616 2421 1675 liariter'
2455 1635 2583 1674 vero
2630 1619 2696 1672 de
2754 1616 3002 1689 gemmis,
3053 1631 3168 1689 cap.
3229 1620 3281 1669 6.
3352 1617 3677 1671 Tabularum
3716 1619 3813 1672 lu-

2203 1691 2334 1745 dum
2382 1698 2435 1745 et
2465 1686 2807 1750 tesserarum,
2847 1704 3029 1760 quem_
3058 1686 3146 1741 hic
3169 1701 3283 1760 non
3314 1688 3607 1760 reprobat,
3642 1689 3812 1760 quasi

2204 1762 2347 1815 aliud
2376 1776 2571 1832 agens,
2598 1761 2651 1813 in
2682 1757 2956 1832 prephetis
2989 1757 3101 1832 si_v_e
3138 1758 3460 1832 doctoribus
3509 1757 3677 1832 tacite
3708 1774 3811 1815 re-

2205 1829 2493 1903 prehendit
2540 1831 2635 1885 lib.
2667 1831 2732 1903 de
2776 1832 2957 1903 Cerne
3014 1829 3325 1903 C_hristi,_e.
3357 1830 3412 1903 7,
3444 1829 3498 1883 in
3526 1829 3645 1903 haec
3668 1846 3813 1903 ver-

2128 1894 2171 1971 Β
2201 1894 2315 1957 ba:
2372 1923 2395 1953 ‹
2453 1902 2562 1958 Oro
2591 1908 2658 1965 te,
2701 1902 2943 1971 Apelles,
2981 1898 3069 1953 vel
3124 1906 3199 1965 te,
3248 1899 3509 1966 Marcion,
3554 1901 3599 1954 si
3662 1901 3811 1957 forte

2202 1974 2379 2028 tabula
2409 1973 2618 2035 ludens,
2668 1980 2798 2035 etc.,
2856 1970 2949 2024 tali
2997 1971 3183 2023 nuntio
3239 1971 3557 2038 avocaretis,
3614 1978 3728 2027 etc.
3776 1991 3806 2023 ι

2201 2044 2446 2124 Denique
2481 2043 2799 2124 defoenoris
2831 2042 3005 2124 fructu
3042 2056 3084 2124 ‘a
3116 2040 3361 2124 Cbrjsto,
3416 2042 3592 2124 quod“
3618 2050 3811 2124 tamen

2204 2111 2502 2187 accipiebat
2530 2115 2836 2187 Montanus,
2887 2111 3166 2187 interdicto
3211 2113 3343 2169 Luc.
3372 2127 3452 2179 v1,
3485 2113 3598 2187 agit
3644 2114 3813 2168 latis-

2206 2185 2339 2240 sime
2376 2185 2472 2240 lib.
2504 2200 2563 2239 ιν
2591 2185 2717 2240 adv.
2750 2185 2918 2239 Marc.
2952 2199 3001 2238 c.
3036 2185 3139 2237 i7.

1495 2331 1755 2383 OPERUM
1790 2329 2077 2382 PLURIUM
2112 2329 2257 2391 QUAE
2304 2329 2802 2380 DESIDERANTUR

954 2460 1201 2517 MENTIO,
1246 2458 1329 2504 ΕΧ
1370 2458 1572 2502 IlSDEM
1634 2459 1687 2502 Β.
1730 2457 2071 2502 IIIERONYMI
2128 2458 2201 2504 ET
2248 2458 2576 2505 NICEPIIORI
2636 2458 2823 2511 LOCIS,
2870 2456 2946 2503 AC
2993 2455 3339 2502 VINCENTIO.

566 2591 777 2658 Fertur,
808 2590 981 2660 inquit
1010 2590 1077 2643 de
1108 2586 1437 2642 Tertulliano
1488 2587 1549 2640 B.
1584 2585 1833 2654 Hieron.,
1891 2584 2090 2643 vixisse

490 2695 660 2751 usque
686 2679 754 2734 ad
774 2677 1104 2749 decrepitam
1137 2684 1364 2740 aetatem,
1397 2684 1451 2730 et
1479 2673 1645 2729 multa
1673 2689 1795 2746 quae
1850 2688 1959 2729 non
1989 2688 2090 2729 ex-

493 2774 655 2835 stant,
688 2767 949 2838 Opuscula
976 2762 1302 2820 condidisse.

562 2856 671 2912 Sed
701 2863 754 2911 et
781 2855 871 2909 alii
903 2854 1104 2924 plures,
1156 2851 1334 2923 inquit
1370 2850 1727 2921 Nicephorus,
1785 2847 2089 2905 Christiano

490 2942 650 3015 plane
677 2942 858 2997 animo
891 2957 988 3011 pro
1015 2940 1121 2994 ﬁde
1144 2949 1327 2994 nostra
1358 2938 1720 3003 decertarunt,
1743 2943 1797 2993 et
1827 2938 2088 2993 adversus

490 3030 744 3085 haereseis
772 3030 1177 3104 depugnarunt;
1202 3028 1566 3097 Ecclesiaeque
1599 3035 1739 3081 statu
1758 3041 1820 3082 ac
1850 3025 2092 3081 moribus

500 3118 724 3178 II35
754 3120 1010 3189 receptis,
1035 3119 1261 3189 aliisque
1300 3134 1419 3188 quae
1457 3117 1543 3173 vel
1602 3115 1815 3188 scriptis
1854 3116 1937 3175 vel
1966 3116 2091 3171 sine

2200 2587 2411 2659 scriptis
2442 2603 2472 2640 a
2510 2587 2810 2655 majoribus
2852 2586 3213 2657 accepissent,
3263 2585 3319 2639 in
3368 2584 3569 2641 litteras
3596 2585 3809 2651 relatis,

2198 2678 2364 2733 libros
2392 2675 2650 2746 plurimos
2696 2675 3002 2745 posteritati
3024 2674 3380 2745 reliquerunt.
3401 2672 3614 2742 Quibus
3635 2675 3812 2731 Caius

2198 2772 2251 2822 et
2324 2764 2682 2821 Tertullianus
2755 2764 2945 2820 merito
3033 2772 3156 2819 sunt
3218 2762 3633 2832 adnumerandi,
3710 2764 3807 2836 qui

2196 2853 2428 2924 plurima
2489 2851 2716 2909 “36
2770 2861 2915 2908 certe
2961 2859 3015 2908 et
3079 2852 3446 2923 pulcherrima
3511 2852 3808 2909 ediderunt

2200 2942 2422 3014 scripta,
2452 2958 2572 3014 quae
2603 2942 2873 3013 sigillatim
2917 2956 3200 2997 recensere
3252 2942 3535 3012 praesentis
3563 2940 3804 2998 instituti

2196 3046 2309 3087 non
2338 3038 2440 3086 est.
2471 3030 2697 3101 Scripsit
2731 3040 2912 3087 autem
2942 3030 3006 3087 de
3042 3032 3339 3103 pudicitia,
3392 3038 3521 3102 etc.,
3568 3039 3627 3086 et
3678 3033 3803 3101 plu-

2198 3133 2287 3174 res
2315 3118 2470 3175 alios.

574 3270 841 3344 Hactenus
887 3268 1108 3344 illi.___Et
1134 3282 1290 3344 vero
1378 3267 1874 3344 utinammexstaret
1900 3264 2096 3344 index
2127 3250 2171 3328 ε
2203 3268 2587 3344 Cataphrygas,
2619 3275 2670 3323 et
2715 3268 2781 3344 ab
2812 3268 2929 3323 aliis
2967 3266 3333 3344 adsertoribus
3388 3266 3649 3344 Ecclesiae
3706 3283 3802 3344 ca-

506 3340 1173 3415 Septimijgi’ertnllioni,‘
1196 3339 1353 3415 cujus
1383 3351 1546 3415 supra
1576 3334 1633 3388 ﬁt
1662 3338 1865 3415 mentio
1899 3336 1952 3388 in
1984 3337 2094 3415 fra-

496 3406 717 3486 gmento
738 3411 883 3467 Libri
903 3413 968 3469 de
1010 3409 1253 3486 Vestibus
1292 3406 1520 3463 Aaron!
1550 3407 1930 3486 nonndubium
1963 3407 2093 3486 quin

497 3476 808 3556 “multorum?
838 3490 1099 3556 praeterea
1145 3478 1464 3556 scriptorum
1513 3478 1633 3556 ejus
1665 3476 1816 3556 fieret
1863 3476 2087 3556 mentio.

499 3557 582 3610 An
613 3572 737 3612 vero
758 3549 914 3624 plura
932 3552 1213 3623 scripserit
1242 3549 1825 3624 adve_rs_us_h_aereticos,
1843 3549 2093 3624 dubitare

498 3642 585 3682 me
616 3618 1074 3695 fecitaliquando,
1105 3624 1173 3675 de
1196 3637 1260 3676 eo
1282 3620 1467 3695 scribit
1497 3620 1814 3695 Vincentius
1841 3618 2090 3695 liirinen-

499 3697 573 3751 sis
605 3715 617 3749 :
664 3717 687 3747 ε
719 3692 906 3750 Sciunt
936 3695 1260 3755 Marcianos,
1287 3692 1522 3761 Apelles,
1556 3692 1815 3754 Praweae,
1849 3692 2082 3745 Hermo-

496 3781 680 3847 genes,
712 3761 916 3847 Judaei,
941 3764 1198 3847 Gentiles,
1239 3762 1509 3839 Gnostici,
1540 3763 1825 3847 ceterique
1853 3775 2083 3829 quorum

495 3831 590 3890 ille
619 3831 981 3900 bl'asphemias
1010 3834 1189 3886 multis
1219 3846 1279 3884 ac
1324 3832 1534 3900 magnis
1574 3831 1905 3884 voluminum
1951 3844 2082 3884 suo-

495 3851 590 3890 llle
619 3851 737 3889 mas
780 3851 981 3888 nemlas
1010 3851 1189 3886 mUIUS
1219 3851 1279 3884 ac
1324 3851 1534 3900 magnis
1575 3851 1905 3884 unumunum
1951 3851 2076 3884 δυο-

495 3920 616 3959 rum
652 3851 903 3973 molibus,
934 3906 1077 3959 velut
1123 3900 1444 3973 quibusdam
1476 3900 1787 3973 fulminibus
1804 3902 2013 3973 evertit.
2052 3918 2076 3951 ι

494 3974 714 4039 Verum,
744 3969 1267 4028 cum'animadverti
1323 3969 1552 4023 omissos
1600 3970 1668 4024 ibi
1723 3970 2079 4026 Valentinia-

494 4062 593 4102 nos
625 4050 679 4103 et
714 4044 1075 4113 Quintillam,
1110 4040 1377 4113 aliosque
1427 4055 1656 4113 numero
1715 4042 1804 4113 25,
1851 4056 2081 4113 quorum

492 4111 794 4187 catalogu'm
824 4112 1203 4187 recenset‘lib.
1236 4111 1299 4165 de
1340 4111 1822 4187 Praescript._adv.
1879 4112 2078 4168 haeret.

490 4202 525 4243 a
552 4182 792 4258 οεψῖ45,
821 4201 989 4258 usque
1037 4184 1100 4237 ad
1133 4182 1293 4237 tinem
1321 4200 1335 4247 ;
1376 4198 1577 4253 eosque
1630 4184 1924 4258 adversus;
1944 4198 2079 4258 quos

490 4254 706 4329 scripsit
742 4258 863 4313 libri
892 4254 957 4311 de
980 4257 1183 4310 Anima
1224 4260 1426 4323 partem
1468 4254 1838 4329 posteriorem,
1894 4255 2079 4329 Simo-

487 4324 618 4386 nemi
639 4329 1437 4397 Samaritamﬂarpoqatcm,
1462 4324 1832 4397 Menandrum
1854 4335 1904 4397 et
1924 4324 2078 4397 alios,

526 4415 802 4455 ersuasum
877 4399 1050 4453 habeo
1119 4394 1253 4450 nihil
1332 4396 1435 4448 tale
1511 4395 1671 4449 hodie
1760 4394 2079 4448 desiderari.

526 4418 802 4455 ersuasum
877 4418 1050 4453 03060
1120 4418 1253 4450 ιιιιιιι
1333 4418 1435 4448 ιᾶιυ
1511 4418 1671 4449 ιιυυιε
1760 4418 2079 4448 υυξιυειῑιῑι.

487 4418 665 4539 auare
692 4479 744 4524 et
781 4472 840 4524 Β.
873 4469 1129 4537 Optatum
1158 4466 1397 4530 Milevit.,
1447 4465 1545 4539 lib.
1603 4481 1621 4518 ι
1670 4466 1885 4539 advers.
1927 4468 2081 4539 Par-

485 4535 846 4603 menianum,
876 4535 1185 4607 corruptum
1217 4552 1335 4589 esse
1377 4535 1644 4601 existimo,
1678 4536 1805 4607 dum
1836 4537 2034 4607 legitur
2066 4554 2080 4589 :

2205 3338 2744 3409 tholicaar'superati
2802 3350 2948 3393 sunt.
3016 3358 3043 3391 α
3089 3339 3356 3394 Sabellius
3412 3338 3555 3394 enim
3627 3341 3804 3395 multo

2200 3419 2328 3482 post
2399 3408 2645 3482 tempore
2691 3410 2942 3482 haeresim
3014 3426 3169 3463 suam
3210 3409 3411 3482 rcmpit,
3476 3408 3806 3466 intermedio

2203 3481 2401 3551 nempe
2432 3481 2569 3535 inter
2596 3481 2919 3535 Novatianos
2949 3489 3009 3551 et
3028 3481 3362 3548 Donatistas,
3392 3482 3539 3551 quod
3592 3482 3683 3537 vel
3741 3497 3811 3537 ex

2204 3549 2359 3607 aetate
2386 3552 2630 3622 Dionysii
2662 3550 3015 3606 Alexandrini
3070 3550 3432 3622 manifestumi
3455 3549 3533 3616 fit,
3566 3552 3664 3621 qui
3695 3553 3813 3621 pri-

2202 3639 2324 3677 mus
2399 3621 2656 3677 adversus
2738 3622 3031 3678 Sabellium
3088 3621 3323 3691 scripsit,
3406 3621 3467 3677 B.
3533 3621 3812 3692 Cypriano

2202 3699 2550 3765 coaetaneus,_
2597 3694 2699 3765 sed
2758 3692 2963 3764 junior.
3023 3693 3200 3765 Atque
3264 3692 3422 3765 ad_eo_
3463 3699 3556 3765 aut
3610 3692 3806 3765 aliquis

2194 3763 2339 3830 alius
2365 3762 2650 3833 haereticus
2689 3762 2740 3815 in
2763 3762 2975 3833 ‘locum
3007 3762 3127 3832 ejus
3180 3762 3426 3833 suppleri
3464 3763 3656 3829 debet,
3702 3762 3805 3819 'ant

2194 3840 2338 3889 certe
2371 3832 2716 3905 castigandus
2749 3832 2817 3888 sit
2858 3833 3107 3905 Optatus,
3131 3832 3404 3902 Praateas,
3440 3834 3803 3891 Sabellarum

2193 3918 2258 3959 eo
2287 3904 2434 3973 quod
2474 3903 2734 3958 sabellius
2781 3903 2924 3975 eam‘
2951 3905 3178 3959 heresin
3236 3922 3300 3959 ex
3349 3912 3496 3975 parte
3559 3907 3803 3961 resusci-

2194 3975 2335 4038 tarit,
2417 3990 2540 4029 cum
2590 3974 2866 4029 contendit
2934 3976 3165 4037 Patrem,
3211 3974 3408 4045 Filium
3482 3984 3537 4029 et
3622 3976 3804 4045 Spiri-

2193 4052 2307 4116 tum
2339 4056 2583 4101 sanctum
2613 4048 2824 4100 unicam
2873 4046 3164 4100 divinitatis
3220 4044 3378 4097 οὐσίαν
3398 4054 3450 4101 et
3473 4044 3806 4116 hypostasin

2193 4114 2379 4170 fuisse.
2413 4118 2699 4179 Caeterum,
2733 4126 2789 4169 ut
2834 4116 2901 4169 de
2930 4116 2998 4169 iis
3045 4116 3194 4171 libris
3252 4117 3411 4171 etiam
3449 4114 3652 4187 aliquid
3717 4120 3805 4174 di-

2192 4200 2380 4241 camus
2425 4186 2516 4253 qui
2584 4202 2862 4256 perperam
2910 4188 3237 4243 Tertulliano
3293 4186 3679 4243 adscribuntur
3736 4190 3803 4243 ab

2191 4255 2414 4312 Erasmo
2456 4257 2529 4311 IX
2568 4255 2717 4311 temo
2769 4272 2995 4327 operum
3052 4258 3114 4311 B.
3173 4258 3413 4323 Hieron.,
3464 4258 3517 4312 in
3576 4260 3799 4328 primis,

2194 4343 2294 4382 cur
2314 4327 2393 4382 illi
2416 4328 2649 4383 adscribi
2691 4343 2793 4382 non
2818 4330 2987 4395 possit
3016 4329 3153 4382 liber
3216 4329 3282 4383 de
3314 4344 3443 4384 vera
3476 4327 3803 4386 Circumci-

2194 4399 2369 4463 sione,
2422 4414 2586 4467 supra
2651 4398 2883 4453 diximus
2951 4399 3006 4452 in
3075 4399 3404 4469 fragmentis,
3466 4398 3675 4465 Quwst.
3734 4402 3801 4456 de

2200 4469 2647 4540 Circumsisione.
2696 4470 2864 4522 Multo
2905 4485 3034 4525 vero
3063 4470 3244 4525 minus
3274 4470 3487 4525 adridet
3518 4471 3694 4540 stylus
3736 4473 3805 4525 li-

2193 4539 2277 4612 bri
2324 4539 2395 4594 ad
2424 4541 2678 4598 amicum
2711 4543 3009 4612 (egrotum,
3064 4549 3118 4595 et
3154 4543 3313 4595 etiam
3368 4540 3443 4594 ibi
3500 4539 3807 4612 Scriptura:

488 4628 515 4699 ξ
547 4611 766 4690 Marcio,
836 4606 1114 4699 Priamea.
1139 4607 1436 4699 Sabe‘lli‘us.
1465 4617 1518 4659 et
1546 4606 2073 4699 .caet‘eriutcippori-
2111 4623 2155 4699 Β
2190 4609 2626 4699 οίιξξηῑυννῇξιχία
2684 4606 2978 4691 editionem
3124 4612 3497 4699 _Hier'onymi_;
3564 4606 3806 4685 denique

479 4681 583 4736 bus
657 4675 771 4735 suis
836 4698 865 4733 a
920 4679 1191 4735 Victorino
1250 4675 1579 4741 Pictaviensi,
1638 4684 1691 4731 et
1769 4675 2074 4745 Zephyrino

475 4751 696 4819 Urbice,
752 4760 802 4807 et
871 4750 1203 4804 Tertulliano
1276 4746 1708 4817 Carthaginiensi
1783 4762 1951 4816 usque
2006 4748 2074 4801 ad

2188 4680 2393 4736 nullum
2415 4681 2687 4754 dialogum
2720 4682 3002 4750 scripsisse
3031 4681 3231 4757 legitur
3261 4680 3647 4738 Tertullianus.

1754 4938 2443 5021 FRAGMENTUM

1159 5068 1222 5113 IN
1250 5068 1370 5121 QUO
1395 5067 1798 5113 DISCREPARET
1823 5069 1862 5113 Α
1892 5067 2197 5116 PSYCHICIS
2227 5070 2677 5118 TERTULLIANUS
2706 5073 3110 5119 MONTANISTA.

548 5181 757 5237 Auctor
811 5178 931 5234 libri
983 5180 1070 5233 cui
1126 5178 1311 5235 titulus
1353 5180 1823 5245 Prwdestz’natus,
1888 5180 1980 5235 lib.
2039 5197 2077 5250 ι,

478 5268 683 5341 quiest
727 5268 793 5323 de
820 5267 1150 5333 Haeresibus,
1183 5286 1238 5325 ιι.
1296 5271 1385 5335 26,
1419 5267 1535 5323 haec
1592 5267 1657 5321 ad
1715 5269 1943 5323 verbum
1998 5283 2080 5323 re-

478 5356 624 5413 fert:
689 5380 711 5410 «ι
752 5356 980 5429 Scripsit
1034 5364 1219 5412 contra
1249 5372 1342 5411 eos
1401 5355 1772 5425 (Montanistas
1831 5370 1928 5410 seu
1969 5355 2074 5411 Ca-

470 5447 785 5518 taphrygas)
820 5446 1021 5502 librum
1079 5452 1298 5501 sanctus
1355 5444 1534 5507 Soter,
1568 5458 1712 5513 papa
1772 5441 1956 5509 Urbis,
2019 5451 2073 5500 et

475 5533 801 5603 Apollonius
831 5534 1191 5610 Ephesiorum
1241 5531 1479 5587 antistes.
1517 5530 1714 5585 Contra
1757 5545 1898 5604 quos
1936 5531 2070 5588 scri-

2191 5181 2298 5250 psit
2347 5181 2729 5249 Tertullianus,
2802 5182 3085 5255 presbyter
3143 5182 3621 5257 Carthaginiensis.
3685 5186 3803 5257 Qui

2186 5284 2307 5324 cum
2337 5273 2514 5328 omnia
2546 5273 2681 5328 bene
2712 5282 2764 5326 et
2794 5272 2966 5343 prime
2997 5281 3052 5327 et
3090 5271 3576 5342 incomparabiliter
3617 5274 3804 5345 scrip-

2185 5356 2333 5426 serit,
2367 5359 2421 5414 in
2451 5360 2552 5416 hoc
2579 5361 2755 5415 solum
2809 5376 2867 5415 se
2925 5360 3398 5430 reprehensibilem
3454 5359 3599 5427 fecit,
3642 5363 3799 5432 quod

2183 5444 2496 5503 Montanum
2524 5448 2784 5516 defendit,
2847 5463 3017 5521 agens
3068 5455 3256 5503 contra
3313 5447 3576 5516 Soterem,
3621 5465 3800 5522 supra

2183 5532 2387 5592 dictum
2432 5536 2589 5593 Urbis
2635 5554 2849 5608 papam,
2887 5553 3139 5595 asserens
3187 5536 3320 5593 falsa
3359 5554 3480 5594 esse
3529 5537 3600 5594 de
3666 5554 3801 5594 sau-
