4050 6168
323 290 462 352 1197

1151 285 1481 355 ᾹΡΡΕΝΒὶΧ.
1524 279 1586 347 V.
1631 325 1698 336 —
1755 293 1818 354 D.
1859 294 2237 357 CORBINIANI
2276 295 2522 357 THOME
2560 298 2795 359 ADNOT.

3485 304 3628 366 1198

316 415 489 488 guine
519 413 760 484 infantis,
793 415 1114 472 Trinitatem
1143 416 1198 471 in
1237 417 1439 471 unitate
1469 413 1708 482 deitatis,
1744 417 1916 488 poeni-
1946 433 1993 512 Α
2025 419 2346 476 concludere
2375 419 2498 476 licet
2529 437 2651 476 cum
2697 421 3028 494 Dmllingero
3060 423 3302 496 (Origin.
3345 425 3422 482 du
3455 427 3619 486 Chri-

320 504 542 562 tentiam
590 519 760 576 apSis,
779 507 1052 577 mysteriis
1080 506 1282 561 eisdem
1312 521 1478 560 unum
1501 512 1701 576 pascha
1729 509 1916 564 nobis-

326 609 472 650 cum.
530 594 638 652 Hoc
683 596 860 651 solam
891 596 1150 668 discrepa
1188 611 1350 662 mus,
1391 594 1581 668 inquit,
1649 597 1798 670 quod
1833 615 1920 656 se-

325 681 538 739 cundas
574 685 805 755 nuptias
844 700 958 740 non
986 686 1382 755 recipimus,et
1393 685 1757 758 prophetiam
1779 688 1923 746 Mon-

327 774 455 828 tani
471 772 538 828 de
557 775 758 843 futuro
769 774 988 844 judicio
1008 790 1124 831 non
1143 780 1486 832 recusamus.
1503 775 1780 845 Objiciunt
1801 775 1922 848 qui-

325 861 447 916 dam
467 861 814 925 Tertulliano,
835 865 978 935 quod
1011 863 1248 920 animam
1276 882 1342 921 ex
1366 867 1604 932 traduce,
1637 868 1690 922 id
1720 867 1923 923 estani-

326 963 472 1003 mam
500 949 694 1005 dixerit
723 950 796 1004 ita
821 950 969 1024 gigni
999 967 1073 1008 ex
1110 952 1309 1019 anima,
1345 953 1483 1009 sicut
1503 971 1570 1010 ex
1597 956 1923 1027 corporibus

326 1051 562 1109 corpus;
603 1038 751 1109 quod
792 1039 1055 1096 catholica
1105 1039 1243 1096 fides
1294 1043 1642 1099 vehementer
1694 1059 1924 1100 execra-

275 1132 278 1134 ⁷
329 1132 438 1182 tur.
472 1145 498 1178 ››

401 1213 580 1270 Verba
624 1214 964 1285 Tertulliani,
999 1231 1122 1288 quae
1173 1218 1336 1274 modo
1386 1219 1813 1288 exscripsimus,
1868 1219 1925 1275 in

330 1302 586 1373 Operibus
632 1303 752 1372 ejus
788 1319 911 1375 quas
963 1311 1171 1360 exstant
1214 1320 1323 1360 non
1365 1308 1736 1379 reperiuntur.
1789 1309 1926 1364 Hinc

2027 512 2206 565 stran.
2271 514 2316 565 t.
2379 509 2420 577 Ι,
2480 525 2532 566 c.
2583 511 2672 577 27,
2723 511 2870 568 trad.
2917 513 2975 566 L.
3022 514 3200 583 Boré),
3259 529 3325 568 ea
3369 523 3624 585 excerpta

2028 595 2195 652 fuisse
2223 613 2290 652 ex
2318 612 2481 668 opere
2509 598 2746 670 quodam
2787 600 2955 656 nostri
3001 602 3233 657 auctoris
3281 603 3624 659 Montanistae

2025 686 2350 757 jampridem
2399 687 2622 744 amisso.
2665 687 2738 743 At
2782 688 3024 759 quilibet,
3075 690 3291 745 nemine
3338 699 3618 762 monente,

2031 776 2185 833 facile
2211 776 2360 831 videt
2383 777 2794 844 Tertullianum,
2827 793 2934 834 non
2979 777 3148 834 fuisse
3202 779 3408 835 Soteris
3455 780 3618 848 Papae

2030 865 2468 936 impugnatorem
2512 881 2772 930 coaevum,
2826 881 2944 931 nec,
2996 874 3054 920 ut
3093 866 3308 937 quidam
3370 881 3624 923 asserue-

2033 963 2176 1017 runt,
2216 952 2642 1010 Tertullianistas
2669 970 2701 1008 a
2730 955 2792 1009 S.
2832 955 2971 1025 Papa
3020 956 3328 1024 damnatos,
3357 953 3632 1025 siquidem

2032 1041 2239 1112 liquido
2285 1049 2513 1113 constat,
2557 1040 2950 1097 Tertullianum
3001 1049 3120 1114 post
3179 1042 3408 1113 triginta
3457 1055 3632 1112 prope

2033 1145 2207 1186 annos
2223 1131 2290 1184 ab
2320 1130 2471 1185 obitu
2494 1130 2698 1186 Soteris
2727 1131 2975 1186 haeresim
2996 1131 3240 1187 Montani
3262 1130 3630 1203 amplexatum

2037 1217 2204 1275 fuisse
2217 1261 2231 1276 .
2270 1219 2406 1277 Enn.

1390 1685 1948 1777 APPENDIX
2023 1689 2471 1797 QUINTA.

1575 2021 1638 2072 IN
1692 2021 1920 2074 LIBROS
1967 2021 2396 2075 TERTULLIANI

1136 2175 1276 2263 DE
1338 2177 1886 2270 BAPTISMO
1944 2180 2086 2268 ET
2135 2178 2854 2270 POENITENTIA

334 2394 780 2442 ADNOTATIONES
818 2399 874 2443 R.
933 2398 980 2442 P.
1029 2399 1086 2443 D.
1148 2399 1492 2446 CORBINIANI
1539 2401 1782 2456 THOMB,
1842 2401 2115 2447 MONACHI
2157 2402 2562 2462 BENEDICTINI,
2629 2404 2668 2450 E
2727 2400 3227 2449 CONGREGATIONE
3261 2401 3309 2444 S.
3373 2399 3638 2446 SPIRITUS

1797 2496 1859 2540 IN
1907 2497 2185 2542 BAVARIA.

953 2755 1302 2813 MONlTUM.

404 2841 648 2900 Domnus
668 2843 1022 2900 Corbinianus
1040 2845 1296 2910 Thomas,
1325 2845 1586 2917 Augustas
1609 2845 1932 2902 Vindelico-

333 2947 455 2988 rum
482 2947 623 2988 anno
654 2935 792 2989 1694
823 2936 1352 3003 natus,'monachum
1377 2933 1549 2989 induit
1581 2935 1634 2989 in
1666 2933 1934 3007 imperiali

333 3021 660 3080 monasterio
687 3021 1058 3094 Elchingensi,
1091 3037 1232 3077 anno
1268 3024 1435 3079 1715.

405 3108 608 3166 Multos
647 3125 818 3166 annos
854 3111 909 3165 in
937 3109 1296 3167 Universitate
1350 3107 1774 3182 Salisburgensi,
1812 3125 1932 3164 ma-

332 3212 444 3270 gna
469 3197 727 3254 doctrinae
759 3198 916 3265 fama,
951 3199 1357 3255 mathematicas
1407 3199 1630 3254 tradidit
1682 3198 1931 3270 discipli-

331 3301 457 3341 nas.
508 3287 699 3343 Postea
745 3302 912 3343 sacras
962 3287 1253 3358 theologiae
1295 3286 1576 3357 professor
1621 3295 1925 3357 c00ptatus,

333 3373 598 3448 omnium,
628 3375 764 3431 sicut
809 3378 981 3446 prius,
1015 3375 1118 3432 sibi
1150 3375 1458 3434 conciliavit
1487 3376 1920 3434 admirationem.

338 3460 484 3517 Dum
527 3462 615 3516 his
654 3463 751 3518 rite
793 3462 1060 3519 obeundis
1103 3463 1418 3520 muneribus
1465 3463 1767 3536 insudaret,
1798 3465 1928 3537 plu-

334 3549 472 3606 rima
502 3549 847 3607 nihilominus
875 3552 1277 3624 elegantissima
1303 3553 1721 3626 doctissimaque
1759 3569 1930 3626 opera

331 3639 533 3696 diversi
561 3641 772 3712 generis
800 3641 866 3694 in.
895 3641 1074 3698 lucem
1103 3641 1293 3710 edidit,
1351 3657 1584 3715 quorum
1623 3643 1925 3715 cataIOgum

327 3736 684 3801 repraesentat
709 3731 781 3787 D.
809 3730 1222 3801 Ziegelbauer.,
1254 3733 1310 3788 in
1338 3748 1434 3787 sua
1463 3734 1604 3789 Hist.
1633 3734 1719 3788 rei
1749 3734 1921 3789 litter.

335 3815 378 3872 ‘I
399 3816 560 3876 I87
599 3818 728 3876 0rd.
764 3820 820 3876 S.
849 3820 1050 3877 Bened.
1081 3827 1120 3875 t.
1155 3821 1222 3886 II,
1251 3836 1306 3890 p.
1336 3823 1474 3890 220;
1509 3829 1548 3876 t.
1591 3821 1682 3887 IV,
1714 3839 1769 3893 p.
1795 3823 1922 3887 265,

331 3906 460 3972 304,
489 3909 615 3962 311.
648 3906 775 3964 Vid.
816 3907 976 3963 etiam
1005 3909 1266 3966 Biblioth.
1297 3910 1488 3980 gé-nér.
1521 3909 1614 3966 des
1644 3911 1925 3967 derivains

331 3993 398 4054 de
419 3995 589 4053 l’0rd.
622 3995 688 4052 de
721 3997 778 4052 S.
812 3999 1027 4061 Benoit,
1061 4005 1100 4053 t.
1133 3998 1224 4066 III,
1266 4013 1317 4066 p.
1352 3998 1474 4051 134.

404 4080 511 4141 Nec
539 4084 624 4138 his
654 4093 939 4140 contentus
987 4084 1088 4140 fuit
1136 4087 1368 4141 Thomas
1420 4091 1642 4156 noster;
1695 4098 1930 4157 namque

329 4170 632 4241 attendens,
663 4180 724 4227 ut
750 4172 867 4244 ipse
912 4173 1004 4239 ait,
1041 4193 1068 4226 α
1103 4172 1246 4246 quod
1297 4187 1361 4228 ea
1393 4173 1516 4242 (SS.
1572 4173 1796 4226 Patrum
1824 4173 1929 4230 leo-

330 4261 432 4330 tio)
477 4261 690 4320 clericis
745 4262 1048 4332 praesertim
1096 4263 1152 4318 in
1195 4278 1413 4319 omnem
1461 4268 1674 4317 aetatem
1719 4277 1929 4317 summe

325 4348 577 4422 proficua
607 4366 672 4409 ac
700 4351 1094 4409 delectabilis...
1127 4359 1287 4418 esset,
1323 4373 1344 4400 »
1379 4350 1776 4407 Tertullianum
1825 4365 1925 4423 ag-

323 4453 553 4511 gressus
597 4449 697 4506 est,
727 4449 780 4496 et
826 4439 1022 4496 librum
1069 4441 1135 4496 de
1184 4437 1735 4511 Prwscriptionibus,
1769 4448 1929 4510 atque

323 4523 397 4579 de
427 4527 715 4599 Baptismo
744 4533 800 4584 et
829 4529 1174 4585 Pwnitentia
1206 4527 1409 4598 publici
1433 4525 1571 4598 juris
1598 4525 1724 4581 fecit
1741 4523 1931 4596 (Salis-

320 4613 506 4686 burgi,
541 4618 701 4685 1752,
736 4619 921 4689 1755).
961 4617 1091 4690 Sed,
1126 4637 1152 4669 α
1187 4626 1245 4673 ιιι
1273 4616 1392 4673 afer
1420 4617 1496 4688 (1)
1517 4613 1762 4686 ejusdem
1783 4614 1928 4685 (Ter-

326 4701 565 4774 tulliani)
611 4704 786 4776 stylus
827 4705 976 4762 velut
1018 4713 1223 4762 exustae
1267 4705 1416 4762 illius
1463 4701 1806 4776 Carthaginis
1843 4701 1928 4756 fa-

321 4785 476 4845 villis
501 4803 887 4864 nonnunquam
935 4792 1142 4850 obsitus
1171 4799 1225 4850 et
1253 4792 1573 4850 obscuratus
1602 4799 1706 4860 est,
1737 4806 1928 4865 quam-

329 4891 498 4949 quam
545 4878 585 4935 ii
620 4896 836 4955 qu0que
873 4883 964 4956 qui
1009 4882 1260 4940 eumdem
1305 4891 1550 4955 carpunt,
1581 4883 1718 4940 mire
1760 4898 1820 4939 se
1859 4882 1926 4937 ab

327 4965 524 5024 eodem
555 4971 676 5042 capi
723 4986 1112 5044 nonnunquam
1143 4972 1254 5044 ipsi
1299 4972 1574 5041 fatentur;
1606 4975 1680 5028 ita
1726 4973 1926 5043 plerae-

331 5074 444 5131 que
480 5060 602 5130 ejus
631 5063 907 5118 sententiae
947 5063 1118 5120 lucem
1167 5062 1271 5118 sibi
1319 5062 1525 5119 infundi
1566 5063 1694 5132 jure
1736 5069 1926 5133 postu-

320 5145 440 5203 lant
472 5165 486 5203 :
517 5149 682 5222 idque
709 5166 775 5208 eo
810 5151 1007 5225 magis,
1038 5150 1183 5224 quod
1229 5150 1319 5208 hic
1369 5159 1560 5221 auctor
1605 5150 1922 5207 vetustissi-

324 5249 472 5305 mus,
505 5250 572 5294 ac
599 5253 666 5294 ex
693 5238 899 5294 Latinis
925 5253 1068 5296 unus
1107 5237 1178 5294 sit
1215 5254 1378 5308 quem
1424 5237 1526 5294 sibi
1564 5251 1633 5294 ex
1679 5237 1926 5294 recondi-

329 5321 540 5381 tissima
567 5324 664 5381 illa
690 5333 846 5383 aetate
873 5341 1045 5398 prope
1087 5327 1357 5397 integrum
1405 5325 1692 5385 vindicavit
1742 5331 1924 5396 poste-

330 5411 486 5486 ritas,
511 5404 716 5487 ex‘quo
760 5414 1049 5486 disciplina
1095 5414 1316 5472 illorum
1361 5421 1690 5485 temporum,
1741 5413 1921 5469 maxi-

406 5517 488 5592 (l)
514 5517 731 5578 Praefat.
763 5522 829 5578 ad
859 5521 956 5578 lib.
985 5521 1052 5580 de
1079 5523 1239 5596 Bapt.
1285 5524 1342 5579 et
1369 5520 1582 5579 Paenit.

1981 2773 2026 2850 Β
2057 2773 2254 2829 meque
2281 2759 2336 2813 in
2365 2757 2619 2814 ecclesiis
2647 2756 2929 2822 Africanis,
2962 2771 3080 2827 quae
3112 2754 3338 2825 primam
3377 2755 3646 2829 originem

2054 2863 2205 2903 suam
2236 2847 2430 2902 debent
2458 2848 2734 2912 Romanae,
2775 2852 2936 2916 atque
2963 2843 3098 2900 adeo
3127 2845 3194 2899 ab
3244 2844 3348 2900 hac
3396 2845 3646 2915 primitus

2046 2935 2192 2990 illam
2233 2943 2574 3006 acceperant,
2609 2934 2677 2989 ad
2721 2941 2962 2989 nostram
3003 2949 3173 3005 usque
3214 2933 3461 2989 notitiam
3506 2949 3642 3006 pro-

2043 3022 2183 3079 fecta
2234 3025 2379 3080 fuit:
2417 3040 2538 3095 qua:
2575 3039 2662 3079 res
2720 3037 2851 3078 sane
2900 3023 2954 3077 in
3008 3021 3291 3094 theologia
3335 3022 3646 3094 dogmatica

2043 3113 2185 3167 haud
2216 3111 2366 3183 parvi
2394 3112 2646 3167 momenti
2701 3110 3018 3166 aestimanda
3048 3117 3149 3166 est.
3187 3130 3214 3162 ιο
3248 3111 3378 3165 Inde
3408 3112 3645 3168 adnota-

2044 3200 2219 3257 tiones
2267 3199 2716 3271 quamplurima,
2762 3199 2958 3270 quibus
3022 3197 3338 3254 Tertulliani
3388 3205 3496 3255 tres
3544 3200 3646 3256 hos

2042 3287 2210 3344 libros
2257 3287 2538 3345 adornavit
2575 3290 2650 3343 D.
2703 3287 2960 3355 Thomas,
3013 3302 3257 3359 quasque
3307 3288 3376 3340 ad
3432 3286 3638 3343 calcem

2041 3375 2204 3444 hujus
2263 3375 2389 3431 tomi
2449 3375 2671 3430 secundi
2730 3373 2953 3446 rejicere
3009 3374 3318 3437 debuimus,
3373 3373 3643 3444 siquidem

2047 3459 2271 3518 II38
2316 3463 2523 3518 tardius
2574 3463 2631 3517 in
2678 3470 2890 3517 nostras
2925 3477 3118 3517 manus
3165 3470 3556 3532 pervenerunt,
3589 3468 3647 3517 ut

2039 3565 2140 3605 suo
2169 3567 2402 3622 quaeque
2448 3551 2566 3607 loco
2613 3550 3008 3606 insererentur.
3043 3550 3100 3606 Si
3141 3547 3265 3620 quis
3309 3547 3452 3604 forte
3497 3563 3644 3619 que-

2040 3647 2188 3694 ratur
2229 3639 2377 3711 quod
2407 3648 2548 3695 notas
2595 3639 2700 3695 illa:
2734 3661 2756 3690 α
2791 3638 2935 3696 velut
2982 3637 3194 3709 spiculo
3234 3635 3448 3712 minuta
3488 3652 3646 3709 quae-

2035 3743 2142 3797 que
2190 3731 2530 3799 conquirant,
2567 3748 2590 3777 »
2626 3727 2921 3798 respondet
2969 3727 3032 3780 D.
3085 3725 3322 3780 Thomas
3365 3738 3424 3778 se
3478 3741 3502 3776 ς
3539 3740 3650 3783 non

2034 3815 2209 3872 doctis
2235 3817 2348 3871 haec
2386 3815 2688 3886 scripsisse,
2721 3814 2819 3870 sed
2856 3811 3158 3884 docendis;
3197 3831 3221 3862 »
3256 3811 3453 3882 quibus
3487 3812 3640 3870 addit

2040 3926 2066 3954 α
2098 3904 2258 3960 etiam
2287 3905 2453 3960 multo
2483 3904 2690 3960 leviora
2721 3901 3044 3974 quandoque
3082 3908 3165 3956 sat
3211 3899 3411 3975 negotii
3458 3899 3640 3958 faces-

2045 3949 2066 3954 -ς
2100 3949 2258 3960 πη...
2288 3949 2450 3960 .......ν
2483 3949 2690 3960 κη-.-
2724 3949 3043 3974 η-π--Ἶπ
3083 3949 3164 3956 η-
3211 3949 3273 3955 ---
3460 3949 3604 3958 η---

1966 3949 2010 4026 c
2041 4008 2159 4048 sere
2189 4007 2374 4063 posse.
2413 4013 2435 4042 ι
2462 3993 2685 4064 Aliquot
2713 3999 2898 4047 tamen
2944 3991 3160 4047 notulas
3206 3949 3407 4061 passim
3445 3989 3642 4047 omisi-

2039 4097 2183 4143 mus,
2215 4080 2492 4136 brevitatis
2535 4095 2735 4145 causa;
2767 4087 2844 4144 at,
2874 4078 3092 4133 lectoris
3121 4077 3336 4133 utilitati
3376 4077 3540 4132 simul
3585 4084 3641 4132 et

2039 4166 2300 4237 voluptati
2344 4165 2709 4231 consulentes,
2753 4164 3126 4221 intercalarem
3168 4165 3494 4218 retinuimus
3521 4164 3643 4218 dis-

2039 4254 2382 4311 sertationem
2426 4253 2493 4308 ad
2524 4254 2851 4326 baptismum
2879 4263 2932 4308 et
2979 4251 3356 4324 paenitentiam
3385 4258 3642 4321 spectan-

2035 4349 2166 4409 tem,
2198 4344 2441 4414 duasque
2469 4343 2602 4398 alias
2648 4343 2714 4400 de
2760 4358 2872 4398 usu
2899 4345 2955 4396 et
3005 4341 3365 4397 auctoritate
3419 4340 3640 4398 Tertul-

2041 4432 2204 4498 liani,
2235 4430 2508 4488 breviores
2535 4438 2741 4486 tantum
2761 4429 3160 4500 acjejuniores,
3184 4429 3453 4484 interdum
3477 4428 3640 4486 etiam

2037 4528 2185 4577 extra
2231 4535 2455 4591 scapum
2502 4526 2784 4592 vagantes,
2823 4525 3114 4590 utcumque
3157 4518 3324 4584 licuit,
3363 4518 3628 4589 prooemio

2038 4609 2403 4668 refundendas
2430 4607 2754 4667 curavimus.

2110 4699 2220 4755 Cur
2247 4706 2424 4754 autem
2469 4696 2748 4767 speciatim
2794 4695 2964 4750 libros
3010 4694 3076 4751 de
3127 4695 3414 4766 Baptismo
3460 4701 3518 4751 et
3561 4695 3628 4754 de

2037 4789 2384 4845 Pwnitentia
2431 4784 2729 4861 vulgaverit
2780 4789 2835 4841 et
2890 4781 3226 4839 adnotaverit
3273 4784 3344 4839 D.
3394 4785 3636 4840 Thomas

2035 4883 2240 4942 noster,
2270 4876 2337 4932 ab
2376 4875 2495 4948 ipso
2546 4873 2827 4945 discimus,
2858 4873 2916 4929 in
2959 4885 3123 4943 supra
3170 4869 3313 4926 dicta
3360 4869 3632 4941 praefatio-

2033 4980 2147 5021 ne:
2183 4983 2210 5017 α
2261 4965 2416 5020 Hunc
2462 4965 2630 5036 igitur
2665 4972 2958 5029 auctorem,
3014 4957 3209 5032 inquit,
3262 4958 3634 5014 studiosorum

2031 5054 2281 5111 manibus
2321 5056 2559 5112 inserere
2605 5053 2768 5120 volui,
2817 5062 2932 5109 tum
2987 5059 3048 5107 ut
3094 5049 3215 5121 quis
3270 5046 3522 5119 baptismi
3573 5053 3629 5102 et

2033 5143 2364 5215 poenitentiae
2420 5148 2908 5208 sacramentorum,
2967 5137 3035 5195 ad
3089 5137 3325 5193 salutem
3397 5133 3628 5190 maxime

2031 5233 2489 5300 necessariorum,
2548 5232 2605 5288 in
2655 5230 2928 5304 primitiva
2972 5225 3212 5284 Ecclesia
3257 5225 3487 5298 ejusque
3544 5221 3625 5275 al-

2033 5332 2153 5398 tero
2188 5338 2314 5380 mox
2363 5321 2582 5388 saeculo,
2631 5335 2753 5378 cum
2801 5317 3115 5376 traditiones
3163 5315 3340 5371 adhuc
3384 5316 3629 5398 recentes

2037 5394 2188 5473 erant
2220 5410 2546 5485 minimeque
2571 5416 2835 5483 suspectae
2871 5421 2990 5465 esse
3036 5408 3308 5477 poterant,
3340 5415 3472 5456 usus
3516 5394 3632 5452 fue-
