4028 6180
402 274 426 337 1
439 273 539 337 199

399 403 508 468 rit,
552 389 795 451 nonnihil
841 384 1144 443 accuratius
1188 380 1552 455 perspiciam;
1584 388 1697 434 tum
1742 382 1803 431 ut
1858 372 1995 430 mni.

405 466 635 561 quorum
667 482 884 536 Patrum
913 475 1110 545 scripta
1159 485 1267 527 non
1309 466 1509 525 cursim
1548 466 1816 534 nimisque
1860 475 1992 534 pro-

1468 252 1556 313 ΑΒ
1592 248 1885 311 GENUINA
1920 235 2362 305 TERTULLIANI
2400 232 2635 293 OPERA.

2099 362 2397 430 immorari,
2421 375 2529 417 non
2557 370 2735 415 tamen
2761 352 2857 411 nni
2885 351 3169 420 eidemque
3196 346 3419 420 penitus
3443 343 3665 400 inmori
3688 380 3715 411 ,

2100 456 2345 520 discant;
2377 451 2455 505 sic
2482 448 2626 505 enim
2645 445 2751 501 illis
2776 441 2957 498 debita
2985 438 3307 506 aestimatio,l
3346 432 3541 504 hisque
3570 430 3718 503 ipsis

3565 212 3708 274 l2“

407 524 657 648 Seranter
720 524 1107 626 transmitteife,
1167 560 1263 615 sed
1336 557 1529 612 iisdem
1603 524 1765 623 paulo
1820 524 1995 622 magis
2101 547 2291 617 ingens
2317 540 2521 596 utilitas
2548 536 2902 605 voluptasque
2930 528 3178 585 accedet.
3214 545 3241 575 ι
3271 524 3418 580 Eun.

423 672 3708 733 __________________________________

1511 886 2032 970 ELENCHUS
2121 880 2561 965 CAPITUM

496 1459 680 1528 Caput
701 1456 744 1512 Ι.
775 1450 1071 1509 Utilitatem
1110 1455 1162 1503 et
1198 1442 1537 1502 occasionem
1564 1440 1731 1509 hujus
1768 1435 2021 1507 scriptio-

420 1564 504 1606 ms
531 1545 724 1617 aperit.

2201 1432 2449 1490 Deliciis.
2496 1428 2618 1483 Non
2664 1421 2870 1496 peccati
2926 1427 3125 1476 tantum
3183 1413 3479 1488 originalis
3528 1412 3732 1482 (unum

2135 1521 2278 1576 enim
2317 1519 2566 1585 idemque
2594 1514 2647 1569 id
2692 1515 2749 1567 in
2779 1509 3030 1568 omnibus
3057 1507 3185 1577 est),
3214 1505 3309 1561 sed
3333 1504 3735 1579 personalium

496 1600 869 1692 IISIncreduli
897 1622 1238 1695 simplicitate
1285 1616 1540 1690 baptismi
1571 1623 1624 1670 et
1657 1613 2025 1685 magnitudine
2061 1684 2100 1695 _
2133 1622 2370 1680 quoque,
2402 1613 2462 1661 ut
2485 1601 2624 1657 infra
2657 1616 2778 1670 cap.
2809 1600 2863 1653 5.

426 1726 656 1783 effectus
713 1679 1104 1782 offenduntur,
1151 1724 1270 1783 quae
1314 1708 1488 1778 magis
1533 1703 1875 1759 admirationi
1922 1701 2029 1773 ipsi
2061 1684 2105 1761 Β
2158 1679 2167 1680 ί
2213 1693 2522 1752 Cascitatis.
2561 1689 2707 1745 Sicut
2735 1687 2883 1743 enim
2913 1686 3139 1740 cazcitas
3182 1688 3265 1737 est
3294 1679 3541 1751 quaedam
3573 1694 3734 1735 mors

433 1827 555 1872 esse
584 1809 861 1863 deberent.
1168 1766 1184 1783 ³
1949 1766 1960 1773 ’
2127 1783 2267 1841 oculi
2304 1780 2554 1847 carnalis,
2604 1776 2850 1833 eumdem
2890 1772 3038 1828 omni
3076 1785 3176 1827 suo
3226 1768 3414 1840 vigore
3461 1782 3525 1823 ac
3569 1766 3735 1823 velut

506 1899 597 1954 III.
628 1895 907 1948 Elemento
937 1902 1089 1958 aquae
1116 1887 1226 1955 jam
1255 1883 1309 1937 in
1338 1879 1528 1936 mundi
1567 1876 1875 1951 primordiis
1905 1875 2023 1930 sin-
2130 1872 2236 1930 vita
2268 1871 2490 1939 orbans,
2526 1868 2604 1922 sic
2634 1880 2664 1920 e
2712 1860 2983 1921 contrario
3022 1875 3118 1931 per
3165 1859 3491 1930 baptismum
3536 1854 3739 1911 animus

435 1987 681 2061 gularem
713 1981 823 2037 vim
853 1985 907 2033 et
934 1975 1175 2032 etfaciam
1219 1969 1518 2029 animandi
1552 1970 1812 2024 insertam
1857 1963 2027 2020 fuisse
2131 1959 2307 2029 oculo,
2337 1974 2438 2031 per
2467 1962 2743 2028 peceatum
2776 1945 3025 2021 ιιθθλ
3044 1953 3332 2011 excaecato,
3362 1947 3519 2002 visus
3566 1942 3741 1999 resti-

2140 2055 2149 2061 .
2198 2048 2228 2061 ._
2357 2048 2368 2058 .
2587 2059 2667 2061 ,κη
2720 2039 2896 2061 -,_-i:_
2940 2037 3054 2061 1----
3103 2033 3445 2061 ....._t'.....-l:s.._
3494 2040 3549 2061 ..ι
3599 2031 3741 2061 “Ann

437 2031 790 2131 demonstrat.
2135 2048 2324 2117 tuitur,
2356 2048 2509 2117 isque
2539 2059 2679 2099 nova
2708 2039 2901 2113 gratiae
2935 2037 3054 2094 luce
3103 2033 3465 2106 perfunditur,
3494 2040 3551 2089 ut
3599 2031 3743 2086 adeo

512 2123 991 2217 Elementum
1021 2167 1174 2223 aquae
1197 2165 1310 2223 prae
1337 2146 1570 2213 caeteris,
1601 2152 1662 2200 ut
1706 2143 1777 2200 ad
1821 2141 2028 2198 sancti-
2134 2136 2202 2192 de
2230 2133 2514 2207 baptizatis
2560 2130 2694 2187 illud
2742 2126 2994 2199 Apostoli
3025 2126 3098 2181 ad
3129 2123 3279 2195 Eph.
3319 2138 3374 2191 v,
3406 2139 3460 2178 υ.
3512 2124 3565 2189 8,
3607 2135 3747 2177 vere

443 2246 714 2305 ﬁcandam
737 2242 976 2299 animam
1004 2245 1391 2302 assumeretur,
1433 2233 1689 2289 idoneum
1732 2229 1898 2285 fuisse
1936 2242 2028 2283 os-
2136 2225 2244 2280 dici
2276 2225 2479 2295 possit:
2507 2223 2697 2279 Eratis
2732 2216 3041 2289 aliquando
3075 2212 3336 2277 tenebrw,
3359 2226 3513 2265 nunc
3541 2212 3747 2265 autem

436 2297 672 2394 uenditi
1375 2297 1387 2302 '
2137 2330 2243 2371 Lux
2273 2315 2336 2369 in
2388 2312 2641 2369 Domino.
2694 2306 2848 2363 Unde
2887 2306 3044 2362 facile
3089 2299 3412 2374 intelligitur
3447 2297 3574 2352 illud
3617 2297 3753 2354 Cle-

524 2387 812 2488 i.Majori
843 2414 1027 2485 utique
1053 2413 1176 2482 jure
1224 2425 1258 2464 θ.
1299 2405 1638 2472 Christianis,
1691 2419 1852 2475 quam
1897 2418 2034 2476 gen-
2137 2401 2333 2456 mentis
2362 2398 2537 2467 ijlex.
2586 2396 2682 2449 lib.
2743 2412 2762 2450 1
2817 2394 3102 2466 Pardagog.
3161 2406 3279 2461 cap.
3351 2393 3404 2457 6,
3453 2387 3663 2444 dictum
3734 2403 3751 2439 :

455 2509 662 2576 tilibus,
705 2477 835 2561 vvim
885 2477 1141 2574 expiandi
1168 2508 1410 2570 peccata,
1461 2495 1517 2549 in
1582 2510 1722 2565 aqua
1775 2490 2028 2548 constitui

2166 2487 2479 2555 ιαπτιζόμενοι
2556 2484 2863 2555 φωτιζόμεθα
2884 2524 2899 2551 ,
2946 2482 3274 2554 φωτιζόμενον.
3351 2477 3701 2547 υἱοποιοὺμεῦι
3731 2515 3753 2544 ,

441 2600 625 2656 docet.
2135 2575 2505 2646 υἱοποιούμενοι
2613 2574 2924 2644 τελειοὺμεθα
2982 2614 2997 2641 ,
3078 2569 3402 2642 τιλειούμενοι
3482 2567 3753 2617 ἀπαθανα-

513 2686 605 2744 VI.
645 2687 708 2740 In
736 2696 880 2753 aqua
915 2694 1008 2750 per
1032 2676 1359 2748 baptismum
1390 2670 1705 2728 emundatos
1733 2668 1800 2725 ad
1826 2668 2032 2738 majora
2135 2665 2379 2753 ῖιζόμεθα,
2422 2666 2458 2718 i.
2489 2677 2539 2721 e.
2563 2663 2850 2734 Baptizati
2877 2660 3305 2723 illa-minamur,
3332 2655 3655 2712 illuminati
3684 2656 3756 2708 in

436 2775 664 2849 Spiritus
693 2744 865 2828 sancti
895 2744 1034 2825 dona
1059 2744 1162 2822 nos
1192 2760 1487 2834 praeparari
1518 2759 1698 2849 docet.
2131 2752 2277 2826 ﬁlios
2299 2753 2656 2825 adoptamur,
2691 2750 2955 2825 adoptati
2980 2749 3341 2823 per/icimur,
3368 2744 3615 2816 perfecti
3636 2744 3754 2797 im-

514 2865 631 2920 VII.
662 2863 738 2917 De
770 2858 1024 2915 unctione
1050 2832 1558 2926 postihaptismum
1604 2845 1847 2904 adhiberi
1893 2859 2032 2901 con-
2140 2845 2410 2899 mortales
2459 2842 2767 2899 reddimur.
2817 2842 2883 2896 Et
2908 2855 3033 2894 mox
3088 2836 3417 2907 baptismum
3475 2832 3749 2904 φώτισμα,

441 2957 613 3007 sueta.
1051 2920 1071 2926 _
1297 2920 1312 2923 ’
2142 2932 2658 3001 illuminationem,
2695 2927 2949 3001 appellat,
2986 2949 3009 2977 ι
3044 2942 3142 2995 per
3169 2939 3355 2998 quam,
3388 2927 3635 2979 sanctam
3675 2920 3753 2975 il-

528 3037 676 3094 VIII.
712 3028 1173 3105 Delimpositione
1220 3042 1477 3082 manuum
1525 3033 1644 3097 post
1690 3021 2037 3095 baptismum,
2072 3013 2117 3091 ὓ
2149 3022 2253 3073 lam
2298 3026 2351 3073 et
2408 3018 2696 3073 salutarem
2751 3018 2926 3075 lucem
2982 3015 3275 3082 intuemur,
3334 3012 3437 3067 hoc
3492 3016 3600 3076 est,
3651 3024 3757 3080 per

455 3126 708 3196 illiusque
736 3096 1148 3196 significatione.
1534 3096 1543 3097 ί
2150 3122 2309 3196 quam
2336 3107 2390 3161 id
2411 3107 2557 3179 quod
2587 3115 2669 3164 est
2698 3106 2961 3172 divinum,
2989 3101 3387 3178 perspicimus;
3420 3099 3521 3155 sed
3549 3097 3625 3154 de
3646 3096 3753 3157 hac

522 3195 635 3270 IX.
667 3195 837 3269 Variis
866 3210 1164 3281 baptismus
1192 3204 1379 3277 ﬁguris
1408 3205 1465 3258 in
1494 3202 1681 3259 Veteri
1707 3203 2044 3258 Testamento
2153 3195 2384 3252 fortasse
2412 3195 2571 3253 alibi.

452 3274 1007 3377 pramonstraturiet
1038 3297 1093 3350 in
1120 3274 1273 3351 Novo
1302 3290 1675 3348 confirmatur.
2223 3285 2572 3341 Liberamur.
2602 3284 2778 3354 Atque
2818 3280 2941 3336 ideo
2988 3280 3091 3335 hoc
3140 3277 3550 3333 Sacramentum
3601 3274 3758 3344 felix

520 3394 595 3450 χ.
629 3362 915 3460 Quomodo
933 3382 1440 3456 Cbristibaptismus
1469 3378 1682 3437 differat
1722 3393 1754 3434 a
1780 3375 2045 3455 baptismo
2152 3388 2274 3429 esse
2304 3373 2458 3443 dixit,
2498 3373 2649 3445 quod
2672 3387 2774 3429 nos
2800 3369 3056 3425 nimirum
3075 3367 3153 3423 sic
3180 3366 3381 3437 felices
3403 3362 3629 3419 reddat.

457 3448 729 3540 Joannis?
1214 3448 1231 3456 ’
1850 3448 1867 3455 Ἴ
2223 3464 2532 3534 Digestum.
2593 3459 2935 3518 Substantive
2989 3458 3078 3512 liic
3133 3453 3426 3526 accipitur,
3482 3458 3545 3505 ut
3602 3448 3761 3521 apud

523 3570 623 3626 XI.
655 3568 927 3627 Christum
962 3578 1067 3619 non
1098 3561 1319 3634 quidem
1349 3575 1445 3630 per
1472 3564 1664 3623 semet,
1687 3561 1921 3611 attamen
1952 3558 2047 3626 p‘er
2151 3553 2310 3610 JCtos
2338 3554 2623 3625 Digestum
2664 3552 2825 3608 Vetus
2849 3554 2903 3607 et
2932 3564 3180 3613 novum;
3211 3545 3292 3600 sic
3320 3542 3486 3598 etiam
3532 3539 3757 3607 Noster,

453 3658 728 3733 apostolos
750 3654 1078 3724 baptizasse.
1720 3731 1730 3733 ξ
1907 3729 1958 3733 __
2153 3643 2189 3698 1.
2217 3658 2275 3697 tv
2322 3641 2445 3697 adv.
2491 3641 2661 3695 Marc.
2713 3654 2762 3694 c.
2813 3641 2864 3704 3,
2918 3636 3144 3692 Litteras
3189 3635 3413 3703 Digesta
3459 3634 3648 3701 vocat,
3689 3640 3762 3684 eo

523 3745 650 3802 XII.
680 3745 766 3799 An
788 3716 1015 3809 apostoli
1037 3735 1198 3793 etiam
1219 3735 1231 3788 i
1240 3734 1345 3807 psi,
1370 3741 1425 3790 et
1452 3748 1560 3805 quo
1586 3731 1854 3805 baptismo
1874 3729 2045 3786 abluti
2155 3729 2297 3803 quod
2326 3730 2380 3785 in
2410 3729 2516 3784 illis
2539 3727 2665 3784 fidei
2697 3733 2896 3782 nostrae
2927 3725 3172 3783 doctrina
3217 3737 3316 3779 suo
3348 3720 3539 3783 ordino
3565 3716 3761 3779 dimi-

452 3828 697 3891 fuerint?
2156 3821 2291 3879 buta
2325 3827 2483 3891 atque
2508 3816 2725 3893 digesta
2753 3815 3045 3872 habeatur.

424 3974 429 3979 ,
523 3919 680 3976 XIII.
715 3917 797 3971 De
828 3912 1141 3969 necessitate
1169 3906 1421 3980 baptismi
1450 3904 1704 3963 omnibus
1732 3905 2050 3965 hominibus
2230 3910 2372 3966 Cum
2400 3906 2671 3963 maxime.
2705 3905 2815 3959 Seu
2845 3920 3016 3977 quam
3042 3902 3323 3969 maxime,
3354 3907 3416 3955 ut
3445 3894 3593 3969 apud
3634 3893 3755 3953 Cic.

450 4007 694 4065 inducta.
2150 4013 2257 4072 pro
2290 3997 2555 4054 Cluentio
2587 4002 2641 4049 et
2670 3992 2815 4048 alibi.

526 4097 676 4154 XIV.
710 4091 990 4163 Quomodo
1033 4082 1435 4159 intelligendum
1486 4084 1555 4140 sit
1594 4083 1724 4141 illud
1756 4084 1813 4141 S.
1842 4083 1995 4140 Pauli
2026 4084 2047 4138 l
2226 4088 2589 4145 Formantur.
2622 4083 2725 4137 Pro
2753 4082 3170 4153 informantur,
3202 4092 3304 4133 seu
3343 4072 3571 4148 pleniori
3620 4087 3766 4144 qua-

459 4187 588 4246 Cor.
633 4202 675 4256 t,
709 4187 797 4251 17,
828 4182 952 4239 Non
980 4178 1141 4236 misit
1161 4195 1251 4235 me
1281 4176 1539 4233 Christus
1571 4175 1886 4247 baptizare,
1913 4175 2050 4233 etcf?
2158 4174 2281 4231 dam
2309 4173 2689 4245 mysteriorum
2715 4168 2838 4225 ﬁdei
2860 4167 3052 4224 notitia
3081 4166 3418 4222 imbuuntur.

425 4328 432 4335 .
527 4247 864 4334 Χγίυυίυυ
894 4285 1049 4341 aquae
1076 4267 1400 4339 baptismum
1430 4280 1574 4329 esse,
1605 4278 1670 4319 ac
1705 4261 2048 4335 proindeite-
2228 4266 2498 4320 Portant.
2532 4260 2793 4333 Loquitur
2820 4258 2888 4314 de
2919 4258 2986 4313 iis
3015 4257 3106 4328 qui
3146 4256 3201 4311 in
3230 4255 3336 4310 tide
3369 4252 3542 4309 adhuc
3591 4247 3767 4305 rudes

450 4362 567 4421 rari
602 4376 712 4418 non
747 4375 928 4432 posse.
2083 4416 2125 4432 _
2156 4354 2303 4421 sunt,
2356 4366 2533 4425 neque
2576 4349 2832 4416 rationes,
2880 4363 2975 4403 cur
3033 4344 3276 4409 credant,
3327 4343 3459 4397 dare
3506 4345 3763 4411 possunt,

531 4448 704 4507 ΧἮῙ·
735 4416 816 4502 ὐθ
840 4443 1115 4516 δαρῑίεωο
1148 4438 1443 4510 sangvinis.
2083 4416 2128 4493 Π
2158 4456 2222 4498 ac
2251 4416 2462 4507 fontes;
2484 4454 2549 4494 ex
2578 4436 2777 4510 quibus
2802 4435 2940 4492 fides
2966 4434 3085 4503 ipsa
3111 4430 3334 4504 proﬂuit
3382 4437 3438 4485 et
3480 4427 3605 4485 vias
3640 4433 3762 4481 tra-

528 4538 698 4594 XVH.
730 4534 808 4590 De
841 4514 1083 4588 ministro
1110 4526 1367 4601 baptismi
1388 4523 1664 4582 ordinario
1712 4531 1765 4580 et
1808 4529 2027 4582 extraor

2166 4530 2443 4596 ditionum,
2476 4544 2572 4601 per
2601 4543 2739 4600 quas
2767 4525 2837 4582 ad
2881 4540 2981 4581 nos
3008 4522 3271 4582 veritates
3315 4516 3599 4576 credenda:
3645 4514 3764 4570 de-

457 4625 688 4685 dinario.
1185 4600 1197 4601 ί
1380 4648 1381 4653 π
2159 4617 2392 4688 ﬂuxere,
2434 4600 2692 4690 ignorant
2725 4634 2736 4670 :
2769 4614 2944 4687 itaque
2974 4611 3108 4667 fidei
3146 4610 3457 4666 intentata:
3495 4600 3767 4690 (nondum

530 4713 734 4772 XVIII.
765 4712 848 4768 De
871 4708 1117 4779 subiecto
1144 4700 1426 4775 baptismi.
2159 4706 2288 4765 satis
2325 4689 2684 4776 mammatae),
2725 4712 2964 4763 attamen
3010 4698 3285 4775 probabili
3332 4696 3424 4767 (ab
3468 4692 3613 4763 aliis,
3665 4689 3770 4747 ni-

531 4804 682 4861 ΧΙΧ.
715 4803 796 4857 De
823 4778 1070 4870 tempore
1102 4790 1356 4865 baptismi
1383 4788 1714 4849 conferendi.
1846 4796 1853 4801 ‘

2166 4793 2353 4850 mirum
2401 4792 2675 4864 magistris
2721 4791 2855 4858 suis,
2903 4788 3247 4864 approbata,
3276 4793 3329 4840 et
3376 4781 3555 4852 reipsa
3594 4778 3773 4835 etiam

532 4891 664 4946 XX.
721 4890 802 4946 De
847 4868 1237 4959 praeparatione
1281 4880 1351 4937 ad
1405 4878 1732 4953 baptismum
1788 4892 2028 4961 necessa-

2166 4899 2191 4938 a
2218 4881 2429 4939 cunctis
2460 4880 2905 4959 approbandae),a
2934 4878 3109 4950 prima
3139 4873 3367 4947 pueritia
3395 4871 3565 4928 eidem
3598 4868 3776 4924 innu-

461 4977 564 5035 riao
2160 4969 2291 5039 triti,
2324 4987 2424 5043 per
2450 4956 2825 5043 inzperitia-m,
2859 4984 2955 5023 seu
2986 4982 3053 5023 ex
3089 4963 3306 5021 defectu
3333 4957 3591 5033 plenioris
3621 4956 3783 5013 notia

2162 5057 2283 5125 tiae;
2301 5059 2637 5131 simpliciter
2669 5057 2953 5112 inhaerent.

2233 5149 2385 5207 Istic.
2416 5130 2762 5221 Carthagine
2803 5145 3060 5200 nimirum
3090 5142 3145 5199 in
3186 5138 3393 5207 Africa,
3423 5131 3518 5191 ubi
3546 5130 3785 5190 Tertul-

2159 5236 2337 5295 lianus
2364 5238 2483 5294 haec
2516 5236 2751 5293 scribens
2772 5234 2990 5308 agebat.

2240 5327 2453 5384 Gaiana
2483 5326 2706 5384 hwresi.
2745 5324 2826 5379 De
2874 5316 3355 5395 propudiosissima
3398 5314 3515 5369 haec
3560 5308 3784 5367 limresi

2161 5414 2284 5470 vide
2313 5413 2705 5469 Tertullianum
2730 5421 2979 5469 nostrum
3008 5409 3074 5467 de
3102 5404 3432 5476 Praescript.
3464 5417 3586 5473 cap.
3612 5400 3686 5479 33
3711 5407 3781 5455 et

2160 5503 2251 5559 47.
2281 5503 2394 5560 Hos
2422 5509 2599 5561 autem
2633 5504 2937 5570 Caianwos,
2972 5515 3069 5556 seu
3097 5496 3418 5562 Caiam'tas,
3449 5489 3592 5545 inter
3625 5487 3781 5546 alios

880 5061 1039 5117 Nota:
1069 5059 1143 5116 ad
1171 5063 1345 5131 caput
1360 5061 1638 5132 primum.

532 5153 704 5228 Aquae
729 5153 962 5207 nostra.
993 5148 1249 5221 Vulgaris
1278 5147 1532 5204 nimirum
1578 5165 1640 5207 ac
1683 5145 2046 5212 elementaris,

457 5259 562 5304 ceu
597 5236 924 5315 quotidianis
952 5239 1163 5296 nostris
1202 5236 1393 5294 usibus
1422 5235 1596 5295 ubivis
1644 5236 1835 5303 obviae,
1867 5244 1921 5292 et
1948 5250 2047 5306 pro

458 5332 750 5403 baptismo,
782 5326 849 5384 ad
879 5324 1107 5382 salutem
1136 5331 1376 5381 nostram
1423 5332 1533 5380 tam
1561 5325 1893 5392 necessario,
1947 5339 2052 5397 pa-

459 5427 576 5478 ratu
603 5418 888 5476 facillimae.

536 5509 700 5577 Quia.
732 5507 904 5578 Prope
932 5511 1013 5563 est
1061 5509 1119 5560 ut
1157 5499 1339 5557 malim
1369 5517 1522 5575 quae,
1574 5500 1826 5561 videlicet
1865 5518 2048 5576 aquae.
