4050 6168
319 304 454 363 1201

317 441 454 484 suos
495 442 710 484 errores
755 443 969 484 omnem
1015 427 1268 500 baptismi
1324 427 1431 484 vim
1477 430 1785 498 sustulisse,
1843 429 1901 485 S.

319 517 466 588 Aug.
495 516 552 572 in
581 517 616 572 l.
649 519 718 574 de
748 518 977 584 Hceresi,
1011 517 1082 574 ad
1111 517 1404 585 Quodvult.
1433 519 1565 574 haer.
1611 523 1678 574 15
1714 519 1906 590 perhi-

313 603 428 660 bet.

397 693 861 752 Venenatissima.
907 692 1396 750 Virulentissimum
1443 693 1654 765 reptile,
1701 693 1908 750 Latinis

309 782 524 852 vipera,
557 781 711 852 quasi
745 783 1018 853 vivipara,
1057 784 1402 854 appellatum,
1431 783 1580 854 quod
1611 798 1738 850 non,
1772 783 1906 836 alio—

311 884 433 923 rum
481 878 790 938 serpentum
821 870 1014 942 instar,
1046 885 1170 941 ova,
1205 871 1306 926 sed
1335 873 1480 926 vivos
1507 873 1686 941 fretus
1715 871 1906 926 exclu-

311 957 442 1014 dat:
491 958 594 1022 vel,
625 967 682 1011 ut
719 958 998 1014 Martinius
1041 961 1093 1014 in
1135 961 1328 1016 Lexic.
1361 959 1452 1024 ait,
1492 959 1640 1030 quod
1687 962 1911 1030 vepreta

312 1045 566 1118 (namque
599 1047 818 1100 Veteres
863 1049 1038 1118 vipre,
1089 1063 1189 1116 pro
1237 1063 1420 1120 vepre,
1450 1046 1654 1102 dixisse
1703 1047 1907 1116 ferunt)

310 1141 450 1188 amet
500 1150 512 1186 :
557 1136 636 1188 vel
675 1135 820 1204 quod
873 1137 928 1192 vi
979 1137 1194 1206 pariat,
1234 1135 1422 1192 sobole
1479 1143 1590 1190 tam
1648 1133 1908 1190 laboriosi

301 1233 498 1295 partus
539 1224 686 1278 velut
727 1231 975 1294 pertaesa,
1026 1241 1086 1279 ac
1131 1225 1310 1296 ipsum
1357 1225 1516 1297 proin
1557 1225 1742 1280 matris
1785 1233 1908 1279 ute-

305 1327 444 1375 rum,
479 1310 634 1382 quasi
665 1328 758 1382 per
807 1327 1070 1366 summam
1103 1312 1460 1382 impietatem,
1509 1313 1770 1367 erodente
1803 1327 1817 1366 :
1853 1319 1908 1366 ut

301 1399 434 1455 adeo
465 1399 693 1470 Pierius,
739 1397 778 1454 1.
829 1415 950 1466 xm,
1001 1400 1082 1454 tit.
1134 1400 1202 1456 de
1253 1402 1468 1472 Vipera,
1501 1403 1570 1455 ab
1617 1401 1907 1474 Egyptio-

299 1503 422 1542 rum
473 1488 845 1544 sacerdotibus
889 1486 1052 1554 ﬁlios,
1105 1488 1366 1546 adversus
1413 1497 1635 1542 matrem
1683 1487 1906 1558 conspi-

301 1583 503 1645 rantes,
541 1591 637 1646 per
667 1577 876 1647 viperae
906 1576 1388 1649 hieroglyphic-um
1416 1577 1701 1632 denotatos
1733 1575 1904 1630 fuisse

301 1670 556 1720 testetur.
597 1665 702 1720 Sed
741 1672 795 1720 et
825 1665 968 1734 apud
1015 1665 1239 1720 Graecos
1268 1664 1484 1736 quidam
1539 1667 1790 1738 viperam
1821 1664 1908 1718 id-

1135 305 1467 366 APPENDIX
1505 307 1570 364 ν.
1609 341 1682 350 -
1726 307 1785 364 D.
1827 307 2208 370 GORBINIANI
2270 309 2515 368 THOM/E
2555 311 2792 370 ADNOT.

3481 317 3618 378 1202

1925 438 1974 521 λ
2011 429 2225 496 veneni,
2275 430 2514 504 reliquos
2564 431 2726 488 etiam
2773 431 3045 490 maximos
3090 441 3372 504 serpentes
3413 437 3613 512 vincat,

2013 525 2066 573 et
2094 518 2385 585 hominem,
2419 519 2472 573 ni
2505 520 2724 591 fugerit,
2756 523 2870 576 solo
2899 523 3108 588 halitu,
3133 523 3264 594 quin
3313 533 3367 578 et
3395 523 3440 578 si
3469 525 3618 596 prior

2013 605 2102 662 ille
2143 609 2292 664 hunc
2327 607 2538 674 viderit,
2589 610 2674 666 vel
2729 615 2960 682 aspectu
3016 625 3244 666 enecare
3300 612 3488 668 soleat.
3551 614 3617 669 Et

2012 696 2130 750 haec
2173 703 2416 752 veterum
2476 698 2779 752 communis
2842 698 3124 768 persuasio
3175 706 3308 766 erat,
3357 709 3416 756 ut
3467 703 3612 772 apud

2013 783 2205 840 Elian.
2257 784 2323 840 de
2369 785 2511 840 Hist.
2561 785 2740 862 anim.
2775 785 2814 840 l.
2849 802 2916 852 ιι,
2948 804 2997 842 c.
3049 790 3081 842 5
3113 795 3164 844 et
3200 791 3255 856 7,
3287 805 3386 844 nec
3431 789 3615 844 minus

2010 872 2150 926 Plin.
2187 875 2246 928 Η.
2281 875 2346 929 Ν.
2381 874 2420 928 l.
2469 888 2594 942 vm,
2635 889 2683 928 c.
2739 877 2822 942 2t,
2855 873 3040 929 videre
3088 885 3189 932 est.
3233 877 3389 932 Certe
3437 885 3614 932 autem

2009 961 2156 1016 Deus
2186 975 2282 1029 per
2321 961 2611 1018 Jeremiam
2637 978 2688 1016 c.
2721 977 2848 1031 vm,
2901 979 2953 1018 v.
2990 964 3078 1032 17,
3133 963 3277 1018 velut
3323 966 3614 1018 maximam

2013 1048 2224 1123 plagam
2271 1049 2474 1106 Judaeis
2505 1053 2860 1106 comminatur
2892 1069 2904 1105 :
2957 1055 3095 1108 Ecce
3125 1055 3220 1124 ego
3251 1055 3489 1110 mittam
3519 1071 3613 1112 vo-

2013 1138 2094 1194 bis
2115 1147 2344 1202 unum:
2371 1148 2571 1200 Dawn:
2591 1139 2756 1212 (quod
2781 1140 3012 1210 Vulgata
3035 1158 3130 1211 per
3159 1143 3378 1213 regulos
3395 1159 3616 1213 serpen-

2015 1229 2118 1291 tes,
2176 1225 2330 1282 LXX
2383 1243 2511 1284 vero
2563 1243 2659 1298 per
2739 1228 2862 1300 ὄφεις
2925 1235 3258 1294 θανατοῦντας,
3324 1233 3613 1302 serpentes

2015 1313 2325 1384 lethi/‘eros,
2361 1315 2614 1386 reddunt)
2643 1315 2842 1387 quibus
2871 1332 2986 1372 non
3019 1323 3098 1374 est
3145 1319 3486 1383 incantatio,
3519 1333 3615 1374 seu

2012 1409 2200 1458 contra
2230 1419 2366 1474 quos
2394 1404 2602 1458 nullum
2633 1404 2860 1476 magicae
2889 1406 3018 1458 artis
3047 1419 3266 1460 carmen
3297 1405 3530 1474 proﬁcit.

2085 1492 2168 1545 Ex
2195 1493 2323 1564 galli
2349 1491 2654 1564 gallinacei,
2691 1494 2806 1562 jam
2835 1495 3046 1560 annosi,
3073 1509 3175 1549 ovo
3199 1493 3410 1549 excludi
3441 1495 3610 1550 aiunt.

2015 1580 2354 1636 Exhibentur
2409 1581 2680 1638 enimvero
2755 1582 2812 1636 in
2869 1582 3192 1652 quibusdam
3260 1584 3482 1650 Museis,
3554 1589 3614 1638 ut

2015 1665 2135 1738 ipse
2163 1683 2272 1722 non
2319 1667 2486 1722 semel
2515 1668 2645 1734 vidi,
2695 1669 2962 1734 basilisci,
2999 1671 3244 1739 bipedes,
3285 1669 3450 1734 allati,
3499 1685 3614 1724 ser-

301 1752 445 1810 circo
499 1751 695 1823 ἔχιδναν
749 1753 950 1807 dictam
995 1768 1118 1808 esse
1153 1753 1354 1818 volunt,
1394 1753 1529 1823 παρᾶ
1569 1753 1626 1806 τὸ
1671 1753 1802 1824 ἔχειν
1861 1751 1910 1806 ἐν

2034 1757 2238 1812 )cntina
2285 1757 2458 1812 cauda
2487 1757 2750 1828 insignes,
2779 1767 2830 1814 et
2873 1775 2904 1812 a
2946 1759 3118 1812 forma
3165 1759 3294 1828 galli
3322 1757 3612 1830 gallinacei

303 1840 450 1911 ἶαυτῇ
503 1839 587 1906 τὴν
643 1839 792 1909 γονὴν
835 1840 954 1912 ἄχρι
984 1841 1192 1892 Θανάτου
1251 1841 1438 1910 :quod
1484 1843 1547 1896 in
1595 1845 1753 1897 utero
1809 1857 1912 1896 suo

305 1928 526 1996 factum
569 1941 746 1998 usque
785 1925 864 2002 ad
911 1927 1218 1982 interit-um
1273 1943 1444 1984 suum
1481 1928 1787 1984 cont-ineat.
1847 1930 1914 1981 At

313 2012 500 2066 nimiae
529 2013 654 2068 huic
684 2021 920 2072 veterum
951 2014 1248 2070 credulitati
1296 2014 1647 2084 experientia,
1697 2023 1756 2068 ut
1803 2017 1915 2084 jam

313 2101 447 2155 olim
502 2101 910 2172 TheOphrastus
981 2103 1234 2172 advertit,
1315 2103 1588 2160 reclamat.
1647 2104 1916 2158 Caeterum

317 2196 516 2244 textum
565 2187 724 2242 illum
751 2190 830 2244 sic
867 2190 1107 2260 quidam,
1140 2207 1243 2246 nec
1282 2193 1442 2258 male,
1475 2193 1868 2262 interpungunt
1901 2207 1913 2246 :

317 2279 532 2348 vipera,
577 2279 1020 2333 venenatissima
1064 2279 1324 2335 doctrina
1367 2297 1493 2348 sua,
1530 2289 1631 2334 etc.
1675 2279 1920 2350 Denique

318 2371 521 2430 autem,
571 2378 728 2433 quam
759 2366 966 2436 viperre
1014 2365 1230 2420 nomine
1261 2367 1496 2436 denotat,
1531 2380 1654 2420 mox
1695 2364 1918 2420 inferius

315 2459 522 2524 aperte,
555 2451 888 2522 nomineque
919 2468 1018 2508 suo
1049 2453 1246 2523 prodit.

387 2541 620 2611 Rapuit.
658 2540 966 2610 Corripuit,
998 2540 1082 2594 vel
1125 2541 1198 2596 ad
1236 2556 1312 2606 se,
1347 2555 1607 2613 suamque
1648 2539 1914 2613 pestilen-

316 2625 574 2682 tissimam
613 2626 864 2696 haeresin,
906 2629 1122 2698 rapuit.

390 2715 690 2772 Naturam.
729 2717 1060 2786 Viperarum
1089 2713 1315 2770 scilicet.

388 2806 543 2862 Fere.
575 2804 679 2857 Alii
707 2807 853 2874 fera,
884 2803 1030 2874 quod
1059 2803 1221 2858 Junio
1257 2805 1378 2872 jure
1422 2802 1692 2874 diSplicet.
1726 2805 1915 2876 Itaque

315 2893 436 2961 fere
463 2891 552 2945 hic
578 2906 676 2962 pro
703 2891 1030 2964 plerumque
1057 2890 1280 2945 omnino
1313 2891 1672 2948 retinendum.

387 2979 636 3054 Aspides.
729 2979 920 3050 Ἀσπὶς,
946 2979 1072 3046 ἱδος,
1141 2980 1342 3036 Graecis
1389 2981 1648 3052 clypeum
1699 2978 1915 3050 prOprie

2019 1859 2126 1900 non
2159 1844 2331 1912 valde,
2379 1844 2482 1898 nisi
2527 1845 2672 1915 quod
2711 1845 3001 1914 implumes
3050 1845 3177 1908 sint,
3231 1846 3434 1899 alieni:
3477 1861 3614 1918 quos

2019 1941 2198 1988 tamen
2225 1934 2318 1988 alii
2355 1937 2510 2006 rajas
2539 1935 2714 2004 pisces
2751 1949 2816 1988 ex
2846 1933 3122 1988 minorum
3153 1949 3352 2004 genere
3376 1949 3518 2002 esse,
3553 1949 3616 1990 ac

2021 2020 2076 2075 in
2107 2020 2249 2076 illam
2279 2020 2508 2094 ﬁguram
2553 2021 2843 2076 artiﬁcioso
2881 2021 3006 2077 dolo
3037 2022 3436 2076 accommodari
3466 2023 3614 2077 sole-

2021 2126 2100 2176 re,
2134 2108 2425 2170 afﬁrmant.
2478 2110 2636 2166 Certe
2675 2119 2851 2166 autem
2883 2127 2913 2164 a
2949 2110 3250 2178 veteribus,
3301 2110 3492 2176 Plinio,
3526 2110 3618 2166 ΔΞ-

2023 2199 2188 2264 liano,
2219 2199 2426 2264 Solino,
2473 2209 2599 2264 etc.,
2643 2214 2752 2254 non
2795 2199 2935 2253 inter
2981 2216 3132 2267 aves,
3181 2200 3273 2254 sed
3317 2215 3472 2254 veros
3503 2216 3618 2256 ser-

2019 2292 2217 2358 pentes
2268 2287 2452 2342 referri
2523 2296 2752 2343 constat.
2814 2288 3056 2358 Denique
3101 2302 3233 2342 vero
3292 2286 3618 2357 insigniores

2021 2383 2328 2430 nostrorum
2387 2383 2692 2445 temporum
2757 2374 2950 2430 medici
3006 2385 3056 2430 et
3103 2375 3415 2444 pliilOSOphi
3455 2377 3613 2430 Basi-

2021 2463 2204 2526 liscos,
2265 2476 2561 2532 eorumque
2629 2461 2902 2532 praecipue
2965 2463 3190 2528 natales,
3267 2463 3337 2516 ad
3411 2461 3617 2516 fabulas

2017 2549 2310 2604 amandare
2351 2565 2458 2604 non
2491 2559 2764 2606 verentur.

2089 2639 2414 2696 Sectantur.
2463 2638 2524 2690 In
2581 2637 2825 2694 arenosis
2882 2637 3026 2692 enim
3093 2637 3342 2702 desertis,
3401 2635 3619 2694 saxosis

2020 2725 2317 2794 montibus,
2361 2740 2422 2778 ac
2469 2723 2701 2777 maxime
2745 2723 2798 2776 in
2847 2731 3090 2778 veterum
3121 2721 3472 2779 aediﬁciorum
3504 2721 3618 2776 rui-

2020 2813 2124 2875 nis,
2161 2810 2430 2880 praecipue
2457 2809 2715 2864 stabulari
2747 2809 3019 2864 dicuntur.

2095 2900 2412 2954 Nasci-mur.
2463 2899 2611 2951 Inter
2657 2897 2918 2968 Sibyllina
2965 2895 3179 2952 oracula
3236 2895 3619 2952 circumfertur

2025 2987 2249 3058 Sibylla:
2297 2985 2604 3058 Erythrae,
2656 2985 2759 3049 vel,
2793 2992 2850 3039 ut
2891 2985 2980 3040 alii
3039 2985 3260 3052 malunt,
3325 2987 3615 3054 Cumanae,

315 3069 604 3140 signiﬁcat.
681 3067 860 3141 Atque
947 3067 1074 3122 inde
1147 3067 1523 3139 Aristophanis
1593 3068 1918 3123 Scholiasles
1952 3072 1991 3144 ε
2025 3089 2237 3129 carnem
2266 3074 2538 3144 quoddam
2582 3072 2986 3139 acrostichum,
3025 3074 3220 3146 viginti
3251 3079 3468 3142 septem
3497 3089 3618 3130 ver-

321 3158 539 3228 aspides
577 3156 850 3227 quoddam
903 3164 1213 3227 serpentum
1257 3171 1434 3226 genus
1485 3155 1689 3210 dictum
1747 3163 1914 3226 putat,

316 3245 400 3298 aia
451 3244 510 3298 τὸ
569 3245 630 3303 εἰς
687 3244 892 3303 κύκλους
947 3244 1154 3303 πολλοὺς
1227 3242 1560 3314 ἑλισσόμενον,
1623 3248 1918 3315 propterea

303 3332 460 3403 quod
487 3334 550 3388 in
577 3333 789 3388 multos
813 3333 1059 3388 circulos
1088 3335 1341 3392 convolvi
1365 3335 1562 3398 soleat,
1589 3333 1796 3405 hacque
1823 3349 1920 3388 sua

320 3420 698 3476 convolutione
779 3421 1154 3478 orbicularem
1222 3420 1476 3494 ﬁguram,
1533 3421 1706 3492 qualis
1793 3427 1920 3477 tunc

327 3507 682 3563 communiter
739 3509 948 3580 clypeis
987 3517 1122 3575 erat,
1173 3509 1420 3566 induere.
1477 3509 1688 3578 Quanta
1739 3517 1921 3566 autem

320 3594 518 3653 veneni
547 3595 626 3652 vis
670 3596 948 3666 aspidibus
993 3597 1084 3661 sit,
1141 3597 1226 3652 vel
1255 3597 1446 3652 solum
1485 3596 1541 3650 id
1589 3597 1922 3652 documento

317 3699 439 3740 esse
495 3691 693 3754 potest,
736 3684 876 3754 quod
925 3685 1220 3740 Kircherus
1267 3687 1429 3742 Man.
1484 3685 1728 3742 subterr.
1771 3686 1920 3748 1.1x,

319 3779 448 3829 sect.
487 3776 535 3840 1,
571 3788 622 3827 c.
655 3775 708 3840 3,
761 3773 828 3836 de
861 3773 1124 3828 sodalium
1174 3788 1393 3830 suorum
1434 3776 1666 3844 quodam
1715 3771 1875 3828 refert
1907 3790 1920 3825 :

323 3881 350 3912 α
392 3860 484 3932 qui
520 3877 644 3916 cum
683 3861 936 3934 aspidem
966 3861 1020 3913 in
1050 3863 1255 3916 arbore
1294 3862 1564 3916 sedentem
1597 3867 1924 3931 percuteret,

325 3949 418 4005 illa
446 3951 530 4006 vel
583 3949 700 4004 solo
730 3949 898 4004 halitu
945 3949 1016 4004 ita
1045 3952 1438 4020 pereutientem
1486 3949 1822 4013 intoxicavit,
1869 3955 1929 4004 ut

317 4036 648 4092 sideratione
692 4037 928 4107 quadam
955 4037 1236 4092 hominem
1281 4045 1392 4092 toto
1429 4035 1468 4090 Ι
1498 4035 1534 4090 Ι
1557 4035 1670 4091 40
1702 4034 1930 4091 triennio

321 4123 658 4180 immobilem
697 4125 970 4192 redderet,
1006 4141 1074 4178 ex
1121 4140 1228 4194 qua
1266 4131 1338 4188 et,
1384 4124 1530 4178 nullo
1573 4123 1807 4178 remedio
1837 4121 1932 4176 tali

321 4227 534 4270 veneno
564 4211 698 4282 pari,
733 4211 1078 4282 postmodum
1108 4211 1385 4267 occubuit.
1425 4231 1446 4260 ι
1481 4211 1609 4265 Haec
1649 4209 1754 4264 ille.
1789 4209 1930 4263 Sane

321 4299 484 4355 etiam
550 4299 888 4370 CleOpatram
941 4314 1126 4354 morsu
1184 4299 1416 4372 aspidis,
1488 4303 1695 4352 suamet
1767 4311 1930 4350 manu

323 4386 532 4458 pectori
590 4387 842 4452 admotae,
915 4403 1013 4443 nec
1074 4387 1188 4456 jam
1243 4387 1471 4456 amplius
1528 4384 1932 4457 proﬁcientibus
1967 4386 2018 4468 υ

323 4475 644 4547 Psyllorum
700 4475 971 4540 remediis,
1017 4474 1304 4543 interiisse,
1349 4471 1640 4530 Suetonius
1709 4474 1773 4527 in
1817 4471 1931 4527 Au-

324 4568 492 4636 gusto
536 4580 587 4619 c.
623 4567 709 4631 17,
763 4573 950 4620 auctor
1001 4570 1102 4618 est.
1153 4561 1276 4618 Non
1321 4562 1488 4632 igitur
1521 4559 1734 4640 mirum,
1787 4561 1934 4628 quod

327 4654 492 4714 Deut.
519 4667 708 4718 xxxu,
730 4655 900 4722 v..33,
922 4667 1200 4710 venenum
1229 4650 1489 4722 aspidum
1520 4649 1857 4716 insanabile,
1883 4657 1938 4704 et

350 4741 504 4796 Psal.
539 4757 669 4806 xm,
709 4758 765 4798 v.
809 4744 860 4806 3,
893 4739 1182 4796 universim
1213 4739 1282 4794 de
1311 4740 1512 4811 impiis,
1561 4739 1791 4810 Linguis
1820 4739 1936 4794 suis

331 4819 514 4886 dolose
541 4831 799 4901 agebant,
820 4845 1104 4886 venenum
1131 4829 1394 4902 aspidum
1414 4829 1512 4886 sub
1537 4829 1696 4885 labiis
1719 4843 1934 4894 eorum,

331 4916 564 4976 dicatur.
595 4919 672 4972 De
701 4917 1053 4988 insuperabili
1094 4918 1254 4986 hujus
1281 4917 1476 4974 veneni
1535 4917 1778 4988 potentia
1819 4915 1938 4972 vide

325 5020 454 5076 qua:
502 5005 862 5062 reverendiss.
915 5013 1099 5060 noster
1130 5005 1423 5074 Calmetus,
1457 5007 1521 5060 in
1569 5005 1723 5060 Psal.
1755 5018 1848 5068 xc,
1881 5021 1934 5058 ν.

329 5097 423 5159 13,
458 5103 512 5148 et
538 5095 834 5150 Bcchartus
869 5094 926 5148 in
979 5095 1194 5152 Hieroz.
1226 5111 1281 5165 p.
1316 5109 1381 5163 ιι,
1415 5093 1454 5151 l.
1503 5109 1582 5160 ιιι,
1614 5108 1661 5148 c.
1693 5095 1726 5148 5
1765 5099 1818 5148 et
1849 5093 1938 5162 14,

329 5180 628 5326 magis.
663 5255 906 5326 Regulus
934 5269 1178 5326 serpens,
1208 5251 1416 5309 Graecis
1452 5250 1760 5315 Βασιλῐσκος,
1817 5249 1939 5306 ideo

337 5341 520 5398 dictus
565 5359 686 5400 esse
717 5343 908 5413 fertur,
949 5343 1096 5415 quod
1149 5341 1379 5398 candida
1415 5339 1472 5395 in
1499 5339 1678 5395 fronte
1708 5339 1939 5408 macula,

336 5429 487 5488 velut
540 5433 694 5504 regio
769 5433 1004 5504 quodam
1060 5431 1381 5496 diademate,
1459 5426 1801 5500 praefulgeat,
1857 5427 1942 5482 vel

339 5516 508 5590 quod,
541 5533 666 5574 cum
696 5518 986 5576 admodum
1016 5533 1212 5590 parvus
1249 5517 1340 5590 sit,
1387 5514 1723 5572 immanitate
1766 5521 1942 5570 tamen

2023 3163 2173 3217 sibus
2201 3163 2667 3234 comprehensum,
2698 3163 2853 3231 cujus
2883 3161 3094 3217 initium
3119 3164 3222 3218 hoc
3247 3171 3330 3219 est
3360 3179 3374 3217 :

2715 3284 2921 3340 ΙΧΘΥΣ.

2097 3384 2230 3440 Cum
2296 3398 2430 3453 ergo
2478 3383 2604 3448 ἰχθὺς
2651 3381 2856 3438 Graecis
2900 3384 3111 3452 piscem
3155 3381 3443 3453 signiﬁcet,
3491 3381 3622 3451 qui-

2026 3473 2149 3527 dam
2179 3470 2388 3542 antiqui
2437 3470 2535 3523 PP.
2587 3469 2854 3526 Christum
2885 3467 3013 3534 ἶχοὶιν
3060 3469 3449 3538 appellarunt:
3489 3489 3515 3518 α
3563 3469 3625 3524 ln

2027 3575 2132 3632 quo
2163 3560 2379 3614 nomine
2407 3557 2503 3628 (ait
2523 3558 2579 3613 S.
2603 3557 2743 3630 Aug.
2767 3559 2802 3612 ι.
2825 3573 2992 3626 xvm,
3013 3557 3079 3612 de
3113 3559 3167 3614 ϐ.
3195 3560 3258 3612 D.
3282 3571 3330 3609 c.
3355 3557 3446 3627 23)
3469 3571 3622 3627 mys—

2027 3649 2130 3703 tice
2158 3647 2474 3719 intelligitur
2503 3646 2773 3716 Christus,
2823 3661 2890 3701 eo
2934 3645 3079 3716 quod
3108 3645 3162 3698 in
3209 3646 3374 3714 hujus
3409 3651 3622 3700 morta-

2027 3737 2193 3792 litatis
2237 3735 2454 3805 abysso,
2493 3735 2640 3789 velut
2687 3733 2741 3786 in
2790 3748 3052 3804 aquarum
3099 3731 3487 3802 profunditate,
3535 3731 3625 3788 vi-

2031 3841 2152 3892 vus,
2183 3825 2286 3879 hoc
2320 3833 2421 3888 est,
2453 3822 2572 3877 sine
2599 3828 2840 3892 peccato,
2874 3837 2998 3878 esse
3021 3820 3273 3891 potuerit.
3309 3839 3334 3872 ι

2101 3913 2251 3970 Licet
2277 3919 2456 3968 autem
2487 3913 2604 3967 haec
2630 3911 2846 3966 oracula
2875 3911 2944 3966 ab
2991 3909 3230 3979 antiquis
3261 3910 3366 3964 PP.
3414 3908 3630 3965 Justino

2033 4003 2131 4068 M.,
2184 3999 2480 4071 TheOphilo
2567 3998 2843 4064 Antioch.,
2909 3999 3276 4070 Athenagora,
3353 3995 3633 4054 Clemente

2037 4089 2357 4156 Alexandr.,
2390 4087 2649 4152 Eusebio,
2699 4085 3001 4150 Lactantio,
3033 4093 3162 4150 etc.,
3205 4086 3390 4156 magni
3429 4086 3633 4150 habita,

2036 4184 2202 4248 atque
2269 4183 2454 4232 contra
2519 4175 2785 4244 Gentiles,
2855 4173 3076 4228 fortium
3162 4174 3386 4228 telorum
3445 4173 3632 4237 instar,

2039 4273 2282 4320 contorta
2326 4263 2544 4328 fuerint,
2595 4249 2828 4316 attamen
2879 4261 3014 4330 ipsis
3051 4275 3265 4331 quoque
3318 4259 3633 4331 gentilibus,

2040 4369 2150 4410 non
2195 4359 2403 4406 tantum
2447 4349 2602 4405 Celso
2631 4349 2772 4419 apud
2801 4348 2955 4418 Orig.
3006 4347 3044 4400 l.
3093 4363 3146 4402 v.
3195 4353 3366 4402 contr.
3427 4349 3632 4416 eumd.,

2043 4441 2139 4499 sed
2169 4447 2224 4495 et
2249 4436 2510 4509 Dionysio
2549 4436 2912 4491 Halicarnass.
2945 4436 2983 4488 l.
3015 4450 3074 4490 ιγ
3103 4437 3235 4490 Ant.
3269 4437 3430 4490 Rom.
3462 4453 3512 4492 c.
3543 4439 3635 4502 70,
3675 4493 3682 4502 ,

2044 4538 2097 4588 et
2127 4528 2251 4585 huic
2294 4526 2513 4599 quidem
2541 4523 2776 4580 Terentii
2821 4513 3081 4580 Varronis
3118 4521 3440 4578 authoritate
3483 4523 3636 4592 nixo,

2045 4618 2163 4672 illas
2225 4614 2566 4687 Sibyllarum
2609 4609 3012 4670 acrostichides
3071 4625 3216 4664 mere
3269 4611 3645 4681 supposititias

2044 4721 2162 4761 esse
2193 4717 2509 4774 persuasum
2539 4709 2652 4755 erat
2681 4719 2695 4752 :
2731 4699 2862 4770 quin
2891 4706 2946 4753 et
2977 4698 3140 4768 longe
3169 4697 3509 4753 communior
3539 4697 3648 4765 jam

2045 4795 2350 4849 criticorum
2407 4789 2676 4844 sententia
2735 4787 2918 4852 habet,
2969 4785 3060 4840 diu
3117 4795 3236 4855 post
3281 4785 3535 4854 Sibyllae,
3596 4790 3650 4840 et

2047 4881 2262 4952 quidem
2312 4879 2456 4934 circa
2499 4879 2563 4934 A.
2609 4879 2668 4932 Ο.
2723 4878 2824 4929 130
2874 4873 2977 4928 sub
3035 4871 3292 4926 Hadriani
3330 4871 3560 4942 imperio
3616 4885 3650 4926 a

2047 4969 2277 5040 quodam
2316 4967 2640 5032 Christiano,
2682 4973 2742 5017 ut
2791 4971 3028 5017 nostram
3059 4959 3379 5032 religionem
3431 4957 3650 5033 gentili-

2045 5059 2148 5113 bus
2203 5056 2598 5113 commendaret
2655 5050 2986 5124 (cujusmodi
3049 5048 3158 5120 piis
3205 5047 3494 5103 fraudibus
3547 5063 3652 5103 nec

2046 5144 2414 5217 Apostolicam
2452 5151 2664 5198 mtatem
2707 5139 2947 5197 caruisse
2989 5153 3056 5191 ex
3082 5137 3280 5194 Euseb.
3311 5135 3351 5192 l.
3386 5153 3450 5192 ιιι
3494 5137 3560 5190 Η.
3587 5137 3652 5194 Ε.

2047 5251 2096 5290 c.
2136 5237 2192 5306 ’7,
2231 5233 2465 5304 aliisque
2497 5233 2744 5300 constat),
2778 5227 2954 5284 afﬁcto
2987 5226 3212 5298 Sibyllae
3265 5225 3486 5280 nomine
3527 5239 3657 5294 pro-

2049 5340 2206 5383 cusas
2231 5323 2415 5379 fuisse.
2441 5321 2496 5376 S.
2529 5321 2674 5392 Aug.
2699 5319 2828 5376 eod.
2851 5319 2886 5372 l.
2915 5331 3078 5383 xvm,
3110 5332 3154 5373 c.
3181 5318 3271 5385 45,
3306 5315 3375 5369 de
3407 5313 3514 5368 illis
3535 5314 3662 5368 sub.

2049 5413 2298 5472 dubitare
2318 5413 2465 5472 visus
2489 5419 2594 5483 est,
2623 5409 2877 5482 inquiens
2902 5424 2914 5462 :
2945 5427 2968 5457 α
2995 5405 3112 5462 Nisi
3132 5405 3267 5459 forte
3296 5405 3418 5475 quis
3441 5401 3660 5468 dixerit,

2047 5504 2168 5559 illas
2212 5502 2520 5576 prephetias
2551 5499 2883 5558 Christianos
2909 5495 3128 5552 ﬁnxisse
3157 5495 3226 5548 de
3264 5491 3499 5557 Christo,
3531 5503 3652 5560 quae
