4028 6180
479 340 616 401 1203

1552 332 1639 390 ΑΙ)
1680 332 1968 393 GENUINA
2008 327 2451 388 TERTULLIANI
2490 326 2705 387 OPERA

3635 328 3777 388 1204

466 464 686 533 Sibyllae
746 460 985 523 nomine,
1017 459 1100 513 vel
1159 458 1418 528 aliorum,
1450 456 1826 528 proferuntur,
1880 477 1903 507 »
1958 464 2064 513 etc.
2096 452 2141 530 Α
2176 453 2295 507 dem
2329 469 2611 518 venenum,
2651 467 2957 523 nomenque
3001 452 3194 521 ipsum,
3238 454 3396 508 etiam
3426 453 3527 510 viri
3556 456 3775 525 (Quin-

471 550 679 610 Similia
718 565 838 619 cap.
872 550 937 602 47
968 548 1148 602 habet.

540 640 685 694 Num
725 653 875 703 vero,
927 651 1193 706 oppones,
1236 635 1567 692 acrostichis
1618 635 1752 699 haec,
1789 636 1903 706 jam
1949 642 2069 688 ante

471 728 742 784 Christum
807 733 987 779 natum
1038 740 1068 778 a
1119 722 1231 779 Cic.
1294 724 1330 779 l.
1385 739 1425 778 ιι
1490 722 1559 778 de
1612 724 1805 780 Divin.
1859 723 2070 777 laudata

470 816 781 873 Christiano
813 812 901 866 II
921 812 1019 866 ιιι
1082 811 1317 867 adscribi
1358 810 1575 881 possit?
1604 812 1826 881 Repono
1861 830 1874 864 ε
1904 810 2071 881 Equi-

468 905 590 960 dem
623 900 802 957 Tullio
848 900 1123 969 ejusmodi
1168 916 1407 965 carmen,
1441 898 1658 953 nomine
1688 899 1931 972 Sibyllae,
1964 914 2066 953 ne-

469 1008 740 1062 quaquam
792 999 969 1045 tamen
1034 990 1187 1058 illud,
1238 988 1383 1061 quod
1426 998 1536 1043 tam
1584 990 1725 1045 clare
1774 988 2068 1055 Christum,

470 1080 569 1135 sed
598 1080 765 1147 aliud,
799 1081 943 1148 quod
975 1078 1203 1132 obscure
1234 1078 1415 1132 nescio
1454 1093 1615 1145 quem
1654 1092 1839 1147 regem
1867 1077 2067 1132 Roma-

472 1167 555 1220 nis
584 1167 1014 1238 imperitaturum
1058 1165 1438 1237 prmsagiebat,
1492 1174 1678 1220 notum
1708 1163 1895 1228 fuisse,
1926 1164 2068 1218 mul-

466 1260 647 1310 torum
679 1255 932 1325 Opinione
962 1254 1017 1309 in
1064 1255 1218 1309 Julio
1263 1254 1499 1319 Caesare,
1550 1252 1696 1323 regis
1729 1252 1940 1307 titulum
1993 1260 2069 1306 ta-

466 1341 577 1399 cite
633 1342 930 1409 ambiente,
989 1342 1345 1411 implendum.
1396 1340 1462 1394 Et
1501 1341 1615 1409 jam
1668 1340 2068 1411 percrebuerat

466 1432 627 1499 fama
656 1430 1005 1501 (ait‘Sueton.
1039 1433 1101 1485 in
1133 1430 1246 1485 Jul.
1279 1430 1412 1485 Cres.
1447 1446 1495 1487 c.
1527 1430 1621 1499 70)
1652 1432 1708 1483 L.
1739 1431 1957 1485 Cottam
1984 1430 2077 1486 XV

464 1546 537 1561 -—-
559 1522 750 1573 virum
773 1520 1124 1576 sententiam
1156 1518 1470 1585 dicturum,
1497 1522 1586 1583 ut,
1613 1521 1888 1589 quoniam
1911 1519 2070 1575 libris

383 1656 398 1670 ,
466 1608 740 1677 fatalibus
794 1607 1094 1676 (Sibyllinis
1140 1622 1353 1676 nempe,
1406 1621 1634 1677 quorum
1682 1606 1984 1662 custodiam
2014 1603 2068 1660 et

464 1694 862 1766 inspectionem
894 1696 986 1750 uni
1039 1693 1280 1766 Collegio
1328 1693 1428 1746 XV
1474 1722 1546 1733 —
1589 1692 1741 1746 virali
1779 1693 2067 1747 demanda-

2179 542 2390 607 tillani,
2440 543 2572 611 proh
2620 540 2823 611 pudori
2873 541 3145 611 appellati)
3196 540 3300 596 sibi
3357 541 3557 597 alliniri
3618 543 3777 611 passi

2175 627 2424 683 fuissent.
2469 628 2733 683 Caeterum
2782 627 2839 683 S.
2873 627 3070 698 Epiph.
3115 629 3262 684 liter.
3324 631 3408 697 49,
3458 628 3783 695 Quintillam

2175 718 2314 771 hanc
2344 716 2623 772 Priscilla:
2671 724 2724 770 et
2756 716 3104 783 Maximilla,
3131 718 3383 773 Montani
3408 717 3784 788 prephetissa-

2174 822 2293 860 rum
2322 804 2551 875 collegio
2583 813 2828 859 accenset
2853 822 2865 858 :
2889 813 2942 860 at
2970 807 3200 875 Basnag.
3236 806 3289 860 in
3317 808 3523 863 Annal.
3558 807 3776 866 Politi-

2177 893 2479 949 co-Eccles.
2517 894 2586 948 ad
2633 892 2701 947 A.
2754 893 2809 949 C.
2858 896 2989 960 200,
3022 911 3078 947 n.
3130 896 3181 949 5.
3217 895 3349 948 duas
3390 895 3642 965 ejusdem
3673 911 3777 952 no-

2174 980 2336 1036 minis
2392 980 2621 1036 feminas
2677 980 2901 1038 solerter
2958 982 3256 1056 distinguit,
3314 985 3562 1055 hancque
3608 985 3777 1040 Mon-

2174 1069 2306 1139 tani,
2355 1068 2409 1122 in
2458 1071 2698 1141 Phrygia
2752 1070 2893 1125 Asiae
2940 1072 3395 1142 Pepuzianorum
3438 1073 3775 1144 magistram,

2176 1159 2321 1213 illam
2358 1174 2490 1213 vero
2518 1157 2829 1213 Tertulliani
2859 1161 3043 1224 nostri,
3075 1160 3131 1213 in
3170 1161 3285 1214 sola
3313 1159 3496 1216 Africa
3526 1160 3781 1227 collocat,

2182 1249 2408 1304 Gaiana:
2470 1248 2686 1314 haeresi,
2746 1254 2802 1302 ut
2870 1265 3034 1320 supra
3081 1249 3193 1317 jam
3251 1258 3549 1319 monuerat,
3612 1250 3781 1307 addi-

2172 1344 2330 1391 ctam.

2249 1425 2735 1481 Monstrosissi-ma.
2766 1424 2975 1496 Quippe
3003 1424 3057 1478 in
3086 1428 3338 1482 virorum
3376 1427 3540 1482 choro
3568 1427 3776 1498 princi-

2177 1528 2319 1584 pem,
2350 1522 2403 1569 et
2425 1516 2536 1583 jam
2569 1530 2732 1587 supra
2758 1514 2983 1587 viperae,
3009 1514 3211 1587 aspidi,
3236 1523 3289 1570 et
3320 1515 3513 1587 regulo
3543 1530 3776 1588 compa-

2174 1610 2364 1657 ratam.

2247 1692 2345 1747 Jus
2395 1697 2538 1749 erat.
2590 1689 2894 1749 Universim
2942 1691 3257 1747 mulieribus
3301 1692 3403 1747 hoc
3453 1693 3545 1761 jus
3579 1691 3776 1748 adimit

466 1788 574 1836 tam
604 1782 776 1837 fuisse
808 1782 1035 1849 constat)
1058 1782 1475 1843 contineretur,
1497 1778 1755 1846 Parthos,
1779 1781 1895 1835 nisi
1923 1799 1957 1836 a
1979 1798 2063 1837 re—
2100 1770 2134 1843 Β
2175 1778 2228 1833 S.
2271 1780 2468 1834 Paulus
2500 1783 2520 1831 1
2569 1779 2691 1834 Cor.
2723 1794 2844 1848 xw,
2876 1780 2943 1833 34
2989 1787 3041 1834 et
3087 1795 3228 1851 seq.,
3269 1780 3483 1850 garrulo
3510 1779 3636 1835 huic
3663 1796 3774 1852 ge-

464 1887 551 1941 ge,
579 1887 693 1927 non
724 1884 881 1939 posse
912 1870 1086 1932 vinci,
1115 1869 1305 1923 Caesar
1332 1885 1439 1923 rex
1471 1870 1896 1940 appellaretur;
1922 1873 2063 1940 quod

464 1956 609 2012 idem
638 1957 786 2010 Suet.
822 1970 945 2009 mox
986 1971 1033 2009 c.
1078 1958 1168 2021 80,
1204 1956 1527 2012 luculentius
1566 1957 1869 2013 conﬁrmat.
1898 1958 2062 2031 Atqui

454 2045 593 2100 illud
623 2044 802 2115 ipsum
835 2060 1051 2098 carmen
1104 2044 1383 2113 cujusdam
1414 2045 1652 2116 Sibylla},
1686 2047 1867 2103 divino
1897 2056 2062 2103 (nstro

463 2133 705 2204 percitae,
753 2132 942 2203 fuisse,
972 2133 1147 2188 Tullio
1186 2133 1505 2189 incredibile
1537 2134 1850 2190 videbatur:
1890 2156 1917 2188 α
1948 2138 2063 2192 Hoc

464 2221 745 2291 scriptoris
775 2228 875 2290 est,
929 2221 1211 2293 inquieuti,
1268 2237 1380 2277 non
1428 2222 1652 2278 furentis
1704 2238 1716 2275 :
1759 2223 2064 2277 adhibentis

463 2310 817 2381 diligentiam,
869 2325 977 2364 n0n
1026 2311 1223 2365 insani.
1272 2310 1451 2380 Atque
1496 2327 1597 2381 ego
1641 2312 1861 2382 quidem
1907 2312 2064 2367 citius

462 2399 757 2454 adulatoris
786 2398 1084 2467 cujusdam,
1138 2398 1239 2452 sibi
1274 2400 1502 2454 Caesaris
1550 2400 1776 2471 gratiam
1816 2417 2060 2471 aucupa-

462 2488 589 2551 turi,
624 2484 791 2539 fuisse
821 2485 1159 2539 crediderim.
1212 2506 1232 2534 ››
1266 2488 1456 2555 Neque
1486 2496 1670 2542 autem
1702 2490 2060 2544 aerostichum

460 2574 566 2629 hoc
589 2572 843 2628 carminis
871 2589 1040 2644 genus
1070 2581 1197 2628 tunc
1240 2573 1487 2647 ignotum
1539 2584 1672 2640 erat,
1709 2577 1907 2646 quippe
1946 2578 2059 2646 jam

461 2662 532 2718 ab
569 2662 769 2727 Ennio,
803 2662 896 2732 qui
946 2662 1204 2718 Cicerone
1248 2663 1538 2734 plusquam
1584 2668 1651 2719 6O
1701 2667 1858 2721 annis
1908 2666 2053 2721 anti-

466 2752 621 2822 quior
693 2760 827 2818 erat,
904 2751 1316 2824 frequentatum,
1392 2760 1549 2823 atque
1614 2754 1682 2807 ab
1756 2756 2057 2813 eodemmet

461 2841 636 2896 Tullio
666 2841 800 2895 ibid.
827 2842 1180 2896 celebratum.

534 2929 677 2997 Quid
720 2932 898 2985 vero?
946 2930 1041 2996 ais,
1076 2945 1143 2983 an
1188 2930 1254 2983 ab
1285 2930 1518 3002 antiquis
1566 2931 1816 2988 Patribus
1873 2935 2055 3004 spuria

460 3013 554 3071 illa
581 3017 799 3071 oracula
837 3026 1021 3071 contra
1066 3018 1279 3072 Judmos
1326 3034 1388 3072 ac
1426 3018 1678 3087 gentiles,
1709 3022 1777 3076 ad
1829 3038 2051 3091 persua-

461 3104 701 3159 dendum
749 3106 862 3161 veri
900 3105 1108 3159 Messian
1137 3107 1424 3160 adventum
1456 3107 1708 3171 adducta,
1744 3118 1836 3164 aut
1873 3111 2054 3167 verius

457 3207 559 3263 per
587 3192 776 3246 eadem
807 3191 910 3246 illis
948 3193 1165 3247 illusum
1215 3194 1400 3265 fuisse,
1439 3197 1723 3250 credamus
1744 3198 1772 3252 ‘i
1802 3199 1966 3269 Resp.
1999 3200 2052 3254 id

457 3280 603 3337 bona
648 3280 770 3345 ﬁde,
818 3296 919 3336 nec
966 3281 1170 3351 inepte,
1201 3290 1385 3337 contra
1442 3285 1674 3355 gentiles
1728 3288 2051 3358 praesertim,

455 3367 659 3423 factum
706 3367 894 3435 fuisse,
926 3369 1175 3423 nimirum
1206 3385 1313 3425 non
1364 3379 1421 3425 ut
1451 3373 1825 3428 authoritatem
1860 3376 2050 3444 hujus-

454 3456 603 3512 modi
648 3458 881 3515 oraculis
928 3457 1295 3529 conciliarent,
1337 3460 1433 3515 sed
1480 3476 1566 3527 ea,
1627 3478 1732 3530 qua
1759 3463 1902 3533 apud
1930 3464 2052 3521 illos

450 3546 569 3615 jam
606 3548 734 3601 alias
783 3547 1068 3616 pollebant,
1102 3549 1272 3603 instar
1309 3552 1653 3619 argumenti,
1690 3561 1749 3605 ut
1777 3567 2050 3621 vocamus,

452 3636 528 3690 ad
558 3635 845 3692 hominem
893 3642 1187 3693 uterentur.
1222 3638 1291 3690 Et
1321 3637 1550 3708 denique
1599 3639 1785 3708 primis
1816 3640 1923 3695 illis
1953 3643 2053 3698 Ec-

459 3722 640 3775 clesiae
682 3722 951 3785 Patribus,
1004 3725 1164 3777 unice
1214 3723 1465 3779 nimirum
1508 3726 1563 3780 in
1603 3727 1863 3797 religione
1899 3745 2047 3801 vera,

453 3820 673 3877 quoque
735 3816 979 3876 poterant
1034 3810 1219 3880 modo,
1275 3814 1629 3883 propaganda
1681 3814 1887 3881 deﬁxis,
1940 3834 2045 3872 non

454 3892 677 3948 vacabat
731 3893 903 3948 critici
951 3896 1202 3949 examine
1269 3898 1535 3964 ejusmodi
1583 3900 1781 3969 scripta
1843 3901 2048 3969 dijudi-

451 3992 594 4033 care.
628 3980 806 4048 Quare
853 3989 905 4034 et
945 3984 1255 4053 Hystaspis,
1302 3992 1355 4037 et
1395 3986 1657 4042 Mercurii
1706 3989 2050 4061 Trismegisti

449 4065 623 4133 libris,
654 4069 807 4125 Actis
845 4070 1039 4140 Pilati,
1074 4070 1394 4141 quibusdam
1431 4075 1773 4145 Evangeliis,
1803 4078 2044 4136 omnium

445 4156 562 4226 jam
586 4155 792 4226 judicio
836 4158 1180 4230 apocryphis,
1229 4175 1336 4214 non
1388 4177 1508 4216 raro
1537 4179 1662 4219 usos
1708 4164 1874 4221 fuisse
1920 4183 2046 4225 con-

450 4250 571 4302 stat.
615 4244 760 4314 Quid
792 4246 1046 4301 miremur
1081 4246 1264 4318 igitur,
1311 4250 1701 4307 Tertullianum
1733 4271 1948 4326 quoque
1978 4258 2044 4312 ad

450 4329 586 4389 illud
627 4333 888 4401 putatitiae
918 4335 1193 4403 cujusdam
1236 4336 1456 4408 Sibyllae
1484 4342 1845 4397 acrosticbum
1898 4345 2045 4405 allu-

2172 1867 2311 1934 neri,
2345 1875 2397 1922 et
2445 1884 2626 1923 sacros
2674 1867 2906 1922 ﬁdelium
2952 1877 3126 1924 caelus
3170 1867 3395 1923 nimium
3424 1868 3774 1923 interturba-

2174 1964 2312 2023 turo,
2378 1956 2616 2011 districte
2683 1956 2952 2011 silentium
3028 1956 3317 2026 imponens
3374 1975 3385 2009 :
3434 1976 3457 2006 ε
3520 1956 3774 2012 Mulieres

2172 2054 2348 2098 autem
2403 2045 2453 2098 in
2516 2044 2740 2100 ecclesia
2787 2052 3035 2110 taceant;
3083 2060 3192 2099 non
3250 2044 3393 2100 enim
3440 2044 3777 2115 permittitur

2172 2133 2248 2187 eis
2275 2134 2441 2205 loqui,
2474 2134 2569 2188 sed
2619 2133 2860 2187 subditas
2892 2147 3013 2188 esse
3052 2132 3183 2188 viris
3220 2133 3350 2199 suis,
3405 2142 3531 2202 etc.,
3569 2152 3595 2184 ιι
3629 2134 3775 2189 adeo

2171 2224 2236 2275 ut
2258 2238 2330 2277 ne
2346 2223 2561 2293 integre
2593 2222 2833 2295 quidem,
2856 2221 2908 2275 id
2930 2230 3030 2287 eSt,
3055 2220 3380 2291 caeteroquin
3410 2221 3768 2293 incorrupte,

2170 2310 2399 2366 docendi
2431 2327 2626 2363 munus
2652 2309 2757 2365 illis
2786 2310 3070 2379 permittat.
3108 2308 3239 2365 Vide
3272 2307 3410 2362 infra
3438 2310 3565 2379 Cap.
3595 2312 3635 2363 Χ
3655 2311 3767 2375 l'II,

2169 2400 2265 2457 sub
2303 2400 2407 2467 ﬁn.
2447 2400 2667 2454 Constat
2696 2406 2872 2453 autem
2922 2414 2986 2452 ex
3025 2399 3128 2452 hoc
3156 2396 3295 2463 loco,
3344 2397 3769 2462 Tertullianum,

2168 2502 2288 2543 cum
2352 2490 2467 2541 haec
2541 2487 2817 2555 scriberet,
2880 2489 3121 2540 nondum
3175 2486 3314 2539 inter
3376 2485 3760 2543 Montanistas

2168 2574 2350 2643 fuisse,
2384 2576 2525 2645 apud
2570 2590 2707 2646 quos
2755 2574 3069 2630 mulieribus
3121 2574 3333 2643 publice
3376 2573 3765 2645 prophetandi,

2167 2680 2229 2718 ac
2259 2665 2403 2720 viros
2434 2665 2581 2733 ipsos
2630 2663 2940 2735 (indignum
2978 2662 3018 2733 l)
3049 2662 3303 2731 docendi,
3342 2662 3561 2717 facultas
3596 2662 3768 2716 etiam

2167 2768 2290 2807 cum
2321 2753 2517 2823 plausu
2548 2766 2801 2806 concessa
2821 2760 2950 2817 erat,
2974 2759 3029 2804 ut
3064 2752 3269 2819 Quazst.
3303 2750 3339 2804 I
3362 2748 3525 2805 I42
3549 2751 3692 2806 Crit.
3732 2753 3779 2807 Υ

2167 2840 2304 2897 libro
2371 2839 2691 2895 Tertulliani
2745 2838 2810 2897 de
2865 2841 3101 2897 Prtescr.
3162 2855 3191 2893 a
3244 2840 3400 2895 nobis
3457 2838 3765 2908 praemissa,

2166 2928 2517 2982 ostendimus.
3102 2988 3105 2995 ι

2237 3019 2531 3087 Auferens.
2566 3015 2894 3085 Baptismum
2924 3012 3265 3081 subtrahens,
3298 3014 3411 3069 sine
3440 3029 3545 3085 quo
3578 3024 3768 3071 tamen

2160 3120 2329 3161 nemo
2368 3105 2723 3161 Christianus
2753 3102 2871 3159 ﬁeri
2901 3114 3091 3172 potest.

2684 3245 2835 3301 Nota:
2863 3243 2935 3298 ad
2965 3248 3135 3314 caput
3164 3244 3234 3299 ll.

2239 3373 2487 3429 Constat.
2530 3375 2656 3427 Haec
2702 3371 2961 3426 sententia
3008 3370 3381 3425 haereticorum
3428 3372 3768 3438 perversita-

2156 3466 2270 3515 tem
2313 3460 2656 3517 admirantis
2706 3468 2806 3527 est,
2858 3459 3194 3531 proindeque
3233 3465 3563 3530 θαυμαστικῶς
3609 3460 3763 3515 acci-

2151 3548 2365 3619 pienda,
2410 3550 2553 3620 quod
2586 3549 2787 3603 scilicet
2817 3564 2878 3602 ex
2909 3548 3040 3618 ipsis
3079 3546 3201 3601 ﬁdei
3233 3554 3434 3601 nostrae
3467 3547 3763 3604 elementis

2150 3638 2259 3692 tela
2286 3637 2387 3691 sibi
2418 3648 2602 3691 contra
2625 3653 2723 3692 nos
2751 3635 3015 3690 fabricare
3046 3634 3309 3690 laborent.

2229 3725 2489 3793 Obduret,
2524 3725 2558 3777 i.
2592 3741 2639 3777 e.
2678 3726 2993 3796 pertinaces
3029 3739 3092 3779 ac
3137 3724 3502 3794 refractarios
3544 3723 3759 3780 reddat.

2226 3816 2291 3868 In
2324 3818 2481 3877 actu,
2519 3828 2615 3865 seu
2645 3814 2871 3868 actione
2901 3812 3039 3882 ipsa,
3076 3821 3128 3866 et
3158 3828 3319 3883 apere
3348 3812 3646 3867 exteriori.

2226 3902 2289 3958 In
2313 3904 2547 3972 effectu.
2583 3902 2847 3957 Interiori
2872 3916 3086 3970 nempe,
3117 3917 3175 3955 ac
3200 3902 3516 3971 spirituali,
3542 3902 3638 3971 qui
3668 3909 3755 3956 est

2156 3990 2360 4045 Gratia
2407 3989 2869 4053 Sacramentalis,
2923 4003 3137 4042 omnem
3178 3988 3345 4043 totius
3379 3998 3578 4043 naturae
3620 3989 3755 4058 vim,

2145 4086 2463 4149 captumque
2491 4092 2841 4147 exsuperans.

2225 4167 2691 4238 Repromittitur.
2745 4162 3068 4235 Simpliciter
3105 4180 3203 4235 pro
3254 4167 3641 4237 promittitur.
3693 4182 3761 4225 ut

2152 4254 2352 4325 passim
2392 4258 2707 4310 retractare
2752 4268 2849 4325 pro
2900 4258 3169 4320 tractare,
3214 4254 3422 4323 aliaque
3476 4255 3755 4321 ejusmodi

2154 4332 2469 4412 composita,
2522 4360 2618 4413 pro
2670 4341 3006 4412 simplicibus
3050 4343 3246 4397 Noster
3292 4357 3554 4411 usurpare
3586 4342 3756 4397 solet.

452 4419 601 4488 dere,
654 4428 707 4476 et
772 4436 872 4476 nos
932 4423 1256 4493 pisciculos,
1299 4393 1474 4491 Ἰςιθύος
1536 4429 1728 4495 nostri,
1788 4393 2113 4503 velutqueu
2223 4393 2290 4488 In
2320 4393 2486 4503 aqua.
2522 4393 2599 4486 rIn
2629 4393 2835 4503 aquam
2882 4440 3075 4500 putant
3103 4430 3234 4501 alii;
3287 4432 3383 4485 sed
3428 4393 3557 4502 quid
3603 4440 3760 4486 vetat

450 4507 635 4579 magni
669 4510 870 4579 Piscis,
918 4509 1134 4579 Christi,
1166 4513 1410 4580 aemulos,
1442 4515 1508 4567 ab
1541 4517 1728 4570 eodem
1761 4520 2040 4592 appellari,

448 4595 516 4649 ad
535 4596 696 4663 cujus
726 4598 1032 4667 exemplum
1059 4598 1325 4669 baptisma
1347 4603 1690 4673 suscipimus,
1714 4607 1850 4661 etin
1885 4612 2043 4679 aquis

448 4684 566 4754 ejus
596 4681 665 4736 ad
704 4682 1046 4753 spiritualem
1076 4687 1269 4741 animae
1301 4690 1463 4743 vitam
1493 4692 1836 4747 nascimur?
1872 4695 2043 4751 Caete-

446 4786 589 4840 rum,
619 4771 713 4845 qui
743 4774 811 4828 de
837 4773 1051 4843 Sibyllis
1090 4775 1243 4844 plura
1278 4776 1442 4841 volet,
1491 4781 1635 4848 apud
1665 4781 1866 4851 Dupin,
1898 4784 2037 4841 Bibl.

445 4858 601 4928 Νου.,
636 4866 674 4914 t.
706 4861 749 4925 Ι,
781 4878 839 4931 ρ.
871 4877 943 4914 m.
978 4865 1066 4932 28,
1100 4869 1202 4917 etc.
1253 4863 1508 4931 Caveum,
1539 4868 1604 4922 de
1643 4869 1853 4941 Script.
1887 4874 2039 4928 Eccl.

445 4962 500 5003 γ.
525 4948 773 5018 Sibylla;
802 4950 1063 5021 Basnage,
1098 4950 1169 5004 ad
1197 4953 1301 5007 An.
1331 4958 1466 5008 ante
1492 4955 1618 5011 Chr.
1645 4959 1697 5022 4,
1727 4959 1884 5014 Isaac
1908 4960 2044 5017 Vos-

443 5032 609 5101 sium,
656 5035 1014 5103 Blondellum,
1056 5038 1369 5107 Marckium,
1422 5042 1755 5114 Crassetum,
1800 5047 2040 5119 aliosque

394 5180 399 5187 ,
441 5120 644 5191 plures,
681 5123 933 5192 reperiet.

516 5209 669 5267 Salvi
696 5227 914 5267 sumus.
948 5213 1005 5268 In
1055 5214 1180 5282 ﬁde,
1225 5233 1387 5289 quam
1416 5234 1511 5290 per
1560 5221 1882 5291 baptismum
1920 5242 2037 5281 sus-

437 5297 709 5370 cepimus,
741 5310 902 5371 atque
936 5302 1162 5373 professi
1190 5305 1410 5371 fuimus,
1445 5314 1876 5379 perseverando;
1911 5329 2032 5368 nam

437 5389 537 5461 qui
561 5392 1011 5461 perseveraverit
1040 5409 1213 5465 usque
1243 5394 1305 5449 in
1331 5394 1525 5463 ﬁnem,
1560 5397 1649 5454 hic
1676 5401 1864 5457 salvus
1894 5402 2026 5458 erit.

436 5477 634 5536 Matth.
660 5497 816 5546 xxxv,
855 5484 942 5536 13.

507 5567 810 5636 Quintilla.
853 5570 1094 5627 Obscura
1122 5573 1450 5642 ceteroquin
1484 5575 1691 5645 mulier,
1726 5577 1827 5635 nisi
1874 5581 2025 5651 ejus-

2153 4521 2382 4575 retinere
2411 4522 2470 4575 in
2503 4524 2687 4591 aqua?
2726 4520 2966 4589 Namque
2992 4518 3347 4575 Tertullianus
3375 4519 3440 4573 de
3470 4520 3755 4589 baptismo

2150 4611 2469 4666 immersivo
2501 4608 2752 4679 loquitur,
2802 4614 2927 4662 tunc
2954 4608 3215 4677 temporis
3246 4624 3353 4663 non
3386 4609 3439 4660 in
3477 4608 3755 4666 Africanis

2147 4698 2321 4753 solum
2358 4697 2633 4767 Ecclesiis,
2668 4697 2762 4751 sed
2804 4695 2968 4751 ferme
3019 4696 3243 4750 ubilibet
3292 4696 3503 4763 usitato,
3538 4696 3589 4748 in
3625 4712 3745 4767 quo

2148 4786 2455 4856 baptizandi
2485 4800 2595 4839 non
2628 4792 2838 4838 tantum
2862 4788 2924 4841 in
2947 4801 3153 4857 aquam
3174 4785 3432 4852 immitti,
3465 4784 3556 4847 sed
3576 4784 3753 4840 etiam

2146 4874 2199 4928 in
2232 4891 2294 4929 ea
2324 4875 2548 4931 demitti
2576 4881 2686 4927 toto
2725 4888 2949 4944 corpore
2977 4874 3243 4929 solebant.
3276 4872 3380 4927 Sed
3412 4887 3509 4927 nos
3538 4871 3607 4927 de
3638 4873 3755 4929 hoc

2148 4963 2417 5034 baptismo
2448 4961 2594 5017 alibi.

2225 5054 2471 5108 Tinctus.
2532 5051 2729 5105 Noster
2780 5058 3046 5123 perpetuo
3094 5065 3190 5121 pro
3231 5049 3425 5105 Graeco
3464 5046 3752 5118 baptizare

2144 5139 2356 5211 tingere
2376 5140 2467 5193 ait.

2214 5230 2502 5301 Resurgit.
2552 5226 2737 5282 Subita
2765 5228 2909 5283 enim
2956 5227 3255 5294 immersio,
3288 5234 3448 5298 atque
3491 5239 3557 5279 ex
3596 5240 3755 5296 aqua

2138 5316 2391 5388 baptismi
2464 5317 2714 5389 emersio,
2771 5332 2879 5372 non
2934 5332 3074 5389 eam,
3126 5332 3286 5388 quam
3342 5314 3475 5370 alias
3538 5313 3757 5371 balnea

2136 5405 2333 5475 solent,
2368 5407 2682 5463 munditiem
2714 5406 2950 5479 corpori,
2984 5413 3038 5460 at
3066 5407 3235 5463 multo
3261 5406 3518 5477 majorem
3539 5403 3754 5460 animae

2134 5494 2404 5552 conciliat.

2207 5586 2303 5652 Eo,
2334 5598 2433 5655 pro
2460 5590 2763 5657 eopropter.
