4050 6168
300 266 318 321 1
330 261 434 321 205

363 373 745 445 ιΕιενηίιαιίε.
775 387 881 443 Seu
911 387 1115 443 salutis
1145 390 1396 452 mternw,
1428 385 1516 441 cui
1546 400 1643 455 per
1687 382 1886 454 baptis-
1912 402 1960 488 ἢ

291 493 439 533 mum
469 477 794 533 initiamur.

363 594 665 651 Solemnia.
701 594 937 650 Sacrum
975 594 1219 652 solemne
1247 591 1404 646 Festo
1448 589 1635 661 (veteri
1683 589 1880 644 Gram-

290 682 509 752 matice)
541 682 832 749 dicebatur,
868 683 1013 755 quod
1041 684 1208 738 certis
1241 681 1576 753 temporibus
1606 681 1878 750 annisque

289 771 459 839 (unde
487 778 540 825 et
566 771 980 837 anniversaria,
1001 769 1155 842 quasi
1184 786 1336 824 anno
1358 769 1600 840 quolibet
1628 769 1880 823 vertente

287 857 559 929 prazcipue
630 858 967 930 celebranda)
1024 858 1137 914 ﬁeri
1222 859 1451 924 solebat,
1513 870 1610 927 pro
1677 854 1878 925 popqu
1955 902 1962 910 .

289 946 615 1014 maxime,et
645 947 859 1016 publico
889 956 1127 1017 sumptu,
1148 955 1206 1002 ut
1237 954 1385 1002 erant
1411 946 1706 1016 Agonalia,
1737 945 1879 1000 Car-

287 1038 585 1101 mentalia,
625 1037 967 1105 Quirinalia,
1000 1047 1101 1091 etc.

356 1144 601 1198 Arcana.
616 1142 790 1198 Sacra
805 1142 1022 1198 seclusa
1043 1141 1302 1197 vocabant
1322 1150 1555 1203 veteres,
1576 1135 1750 1194 Graeci
1774 1135 1882 1189 Μυ-

288 1230 481 1301 στήρια,
522 1244 616 1283 seu
674 1229 1017 1286 abscondita.
1084 1230 1374 1284 Arcanum
1451 1235 1652 1294 autem,
1705 1239 1881 1296 genus

285 1317 558 1387 quoddam
598 1316 885 1373 Sacrorum
931 1323 1065 1386 erat,
1098 1317 1264 1388 quod,
1298 1323 1430 1371 teste
1469 1329 1657 1370 rursus
1691 1314 1874 1380 Festo,

291 1425 314 1455 ι
357 1404 515 1460 ﬁebat
559 1405 626 1459 ab
683 1405 1018 1476 Auguribus,
1087 1406 1220 1460 adeo
1276 1412 1543 1460 remotum
1601 1417 1634 1458 a
1689 1401 1876 1457 notitia

284 1492 515 1566 vulgari,
564 1502 622 1549 ut
675 1509 743 1549 ne
798 1493 990 1550 litteris
1047 1495 1264 1565 quidem
1318 1493 1584 1564 vulgetur,
1629 1491 1724 1546 sed
1777 1505 1878 1560 per

282 1581 598 1638 memoriam
644 1598 1017 1638 successorum
1065 1583 1382 1638 celebretur.
1429 1602 1450 1629 υ
1507 1579 1657 1634 Talia
1703 1586 1871 1644 erant,

281 1686 403 1740 quae
435 1671 648 1726 seclusa
674 1671 831 1742 plebe
869 1670 1301 1738 celebrabantur,
1332 1677 1392 1726 ut
1424 1670 1698 1741 Nyctelia,
1730 1669 1876 1738 apud

283 1755 340 1810 S.
375 1759 604 1827 August.
640 1757 678 1811 Ι.
719 1773 772 1813 Vl
817 1757 881 1814 de
931 1760 987 1814 C.
1030 1761 1092 1814 D.
1137 1775 1186 1813 c.
1228 1761 1285 1811 9.
1319 1759 1453 1812 ltem
1483 1757 1877 1814 Samothracia

287 1843 622 1912 Cabirorum,
681 1861 777 1900 seu
850 1844 1073 1900 deorum
1146 1847 1464 1915 potentium,
1526 1847 1594 1900 de
1680 1845 1878 1916 quibus

276 1928 474 1986 Noster
508 1930 560 1984 in
595 1931 746 2004 Apol.
781 1947 900 2003 cap.
933 1934 989 1996 7,
1023 1935 1314 1989 Eleusinia
1343 1933 1394 1988 in
1418 1933 1620 1997 Attide,
1652 1941 1776 2002 etc.,
1809 1934 1878 1988 ob

279 2032 434 2070 suam
464 2019 848 2089 turpitudinem
873 2021 1063 2093 ἄρῤητα
1092 2022 1380 2093 (infanda)
1426 2022 1568 2077 dicta
1619 2039 1631 2075 :
1681 2021 1878 2093 quibus

279 2105 559 2159 accenseri
608 2117 882 2164 merentur
927 2125 1010 2176 ea,
1044 2126 1166 2180 quae
1207 2110 1347 2180 apud
1397 2111 1672 2164 Romanos
1710 2113 1876 2166 Bona:

280 2193 406 2248 Deae
446 2191 658 2246 ﬁebant.
693 2194 838 2248 Inter
884 2211 1076 2251 arcana
1123 2212 1336 2266 quoque
1375 2204 1525 2250 erant
1581 2212 1730 2252 sacra
1773 2199 1876 2252 Mi-

283 2279 524 2348 thriaca,
556 2280 623 2334 de
672 2280 869 2349 quibus
914 2284 1107 2337 Noster
1151 2283 1208 2337 in
1256 2284 1290 2337 l.
1325 2284 1392 2339 de
1442 2286 1657 2339 Corona
1707 2285 1874 2339 Milit.

281 2381 332 2424 c.
363 2367 486 2431 ult.,
516 2375 568 2422 et
605 2383 704 2422 nos
741 2368 793 2422 in
835 2370 871 2426 Ι.
903 2371 969 2426 de
1007 2373 1331 2442 Prcescript.
1366 2387 1415 2426 c.
1453 2375 1539 2436 11,
1574 2373 1697 2428 Not.
1734 2371 1788 2426 h.
1820 2379 1877 2426 et

282 2453 421 2509 infra
477 2470 598 2526 cap.
630 2457 684 2511 5.
724 2456 950 2512 Maxime
998 2465 1172 2512 autem
1231 2457 1594 2512 Tertullianus
1651 2458 1737 2514 hic
1792 2457 1878 2512 in-

278 2541 475 2613 telligit
520 2543 610 2597 illa
649 2559 820 2613 sacra,
851 2544 917 2596 ad
964 2559 1084 2614 qua:
1126 2544 1514 2600 ablutionibus
1553 2544 1872 2615 quibusdam

281 2629 641 2686 sacriﬁcantes
669 2631 862 2686 initiari
894 2648 1036 2702 opus
1066 2641 1179 2688 erat
1213 2650 1224 2688 :
1258 2640 1317 2686 ut
1344 2641 1496 2688 erant
1526 2636 1622 2690 Dei
1652 2636 1872 2706 Ai'sym-

281 2720 460 2787 natis,
489 2718 555 2772 de
584 2719 781 2792 quibus
809 2719 1104 2774 Pausanias
1133 2722 1195 2774 in
1225 2721 1452 2776 Achate.
1479 2736 1527 2775 c.
1561 2724 1688 2788 226,
1721 2723 1874 2776 alias-

279 2820 387 2873 que
414 2807 634 2878 passim.

352 2942 644 3012 Suggestu.
695 2944 1001 3013 Suggestus
1049 2942 1266 3012 proprie
1324 2949 1404 2997 est
1450 2941 1608 2997 locus
1654 2941 1870 3012 quidam

1112 260 1441 320 APPENDIX
1485 260 1546 316 ν.
1589 291 1657 300 -
1713 259 1772 316 Ι).
1817 257 2193 318 CORBINIANI
2234 259 2478 319 THOM/E
2515 258 2755 320 ADNOT.

3445 261 3588 324 1206

2283 385 2440 436 Celsae
2470 387 2651 452 proCul
2681 385 2848 451 aspice
2880 384 3057 436 frontis
3087 384 3348 445 honorem,

2117 462 2511 532 Suggestumque
2540 483 2712 520 comat.

1990 561 2388 634 Nonnunquam
2420 565 2579 621 etiam
2622 579 2721 637 pro
2749 563 3278 622 subministratione
3301 563 3581 634 accipitur,

1988 657 2046 703 ut
2095 666 2284 708 rursus
2331 654 2472 725 apud
2521 653 2746 710 Tertull.
2797 654 2833 706 l.
2881 651 3004 707 adv.
3060 653 3313 722 Her-mag.
3364 668 3414 707 c.
3461 655 3574 710 16:

1993 759 2019 786 α
2069 740 2124 794 Si
2175 741 2300 795 mali
2347 751 2536 799 auctor
2584 752 2667 798 est
2711 743 2852 812 ipse,
2903 742 2994 810 qui
3047 739 3191 809 fecit,
3236 740 3392 811 plane
3435 739 3584 797 socia

1987 830 2207 885 materia
2237 847 2336 903 per
2363 832 2679 888 substantiae
2713 839 3057 903 suggestum.
3091 849 3118 879 »

2056 923 2399 978 Exstruunt.
2435 922 2686 995 Indigitat
2731 930 2914 974 autem
2955 918 3042 972 hic
3083 919 3352 990 praecipue
3381 918 3580 974 imma-

1985 1022 2108 1063 nem
2155 1009 2307 1064 illum
2359 1011 2640 1073 ludorum,
2690 1011 2954 1076 vestium,
2997 1008 3402 1074 conviviorum,
3443 1011 3576 1076 etc.,

1984 1097 2195 1166 luxum,
2221 1098 2312 1170 qui
2357 1099 2412 1154 in
2456 1099 2778 1172 quibusdam
2817 1096 2983 1152 sacris
3022 1095 3304 1167 gentilium
3332 1092 3578 1150 adhiberi

1983 1195 2354 1243 consueverat.

2054 1277 2420 1332 Potestatem.
2473 1275 2758 1331 Enimvero
2807 1275 2925 1329 haec
2973 1273 3070 1328 Dei
3127 1271 3386 1327 attributa
3431 1277 3578 1339 sunt,

1982 1377 2104 1433 qum
2149 1379 2208 1419 se
2241 1364 2471 1421 invicem
2509 1364 2738 1419 maxime
2775 1361 3170 1426 commendant,
3201 1375 3320 1416 cum
3359 1359 3418 1414 in
3446 1357 3579 1413 inﬁ-

1981 1451 2096 1506 nita
2129 1452 2372 1509 Potentia
2409 1459 2554 1508 tanta
2596 1453 2802 1508 relucet
2839 1466 3066 1522 cperum
3103 1448 3411 1505 divinorum
3449 1447 3582 1504 sim-

1981 1538 2210 1610 plicitas,
2242 1539 2300 1594 in
2339 1548 2482 1596 tanta
2529 1541 2866 1612 simplicitate
2908 1538 3113 1594 inﬁnita
3141 1538 3404 1592 Potestas.
3438 1533 3583 1590 Sana

1983 1641 2112 1682 vero
2169 1626 2374 1683 Auctor
2440 1637 2649 1684 naturae
2721 1627 3039 1684 brevissima
3093 1625 3200 1690 via,
3257 1638 3358 1678 nec
3413 1622 3585 1678 multo

1912 1725 1955 1804 Β
1981 1713 2462 1770 instrumentorum
2503 1723 2765 1786 apparatu
2803 1715 2994 1781 utitur,
3025 1714 3159 1768 nihil
3201 1712 3324 1768 facit
3361 1709 3584 1804 frustra,

1982 1817 2090 1859 non
2151 1803 2471 1874 multiplicat
2533 1805 2674 1860 entia
2729 1803 2843 1857 sine
2909 1801 3252 1864 necessitate,
3301 1806 3431 1864 etc.,
3483 1796 3583 1854 sed

1983 1907 2138 1947 suam
2177 1892 2478 1948 Potentiam
2518 1908 2678 1964 quam
2718 1889 3059 1964 paucissimis
3116 1887 3308 1943 mediis
3345 1885 3584 1942 adstrin-

1981 1978 2089 2049 git;
2123 1978 2250 2050 quin
2289 1987 2343 2034 et
2380 1995 2443 2034 ea
2481 1979 2612 2050 ipsa,
2641 1996 2763 2047 quae
2801 1980 2867 2033 ad
2906 1993 3109 2032 merum
3149 1979 3419 2033 ornatum
3454 1972 3584 2029 uni-

1982 2065 2131 2122 versi
2159 2067 2374 2122 condita
2402 2067 2567 2122 fuisse
2603 2067 2869 2131 videntur,
2905 2082 3058 2122 suam
3095 2073 3273 2119 tamen
3304 2062 3584 2135 simplici-

1982 2158 2164 2212 tatem
2212 2155 2438 2224 habent;
2490 2171 2668 2226 neque
2715 2155 2885 2224 ipsius
2956 2154 3116 2208 etiam
3165 2159 3388 2208 ornatus
3437 2150 3580 2205 Deus

1981 2242 2237 2312 operibus
2286 2243 2398 2296 suis
2443 2243 2568 2313 plus
2605 2243 2840 2305 adhibet,
2881 2257 3045 2313 quam
3091 2239 3455 2296 necessarium
3503 2236 3575 2290 sit

1979 2331 2043 2385 ad
2091 2330 2276 2398 ﬁnem,
2325 2347 2356 2385 a
2395 2333 2614 2386 Summa
2659 2330 2930 2400 Sapientia
2986 2329 3286 2399 praeﬁxum,
3333 2326 3578 2382 obtinen-

1979 2417 2129 2472 dum.
2177 2420 2247 2472 At
2291 2417 2461 2472 ferme
2507 2419 2776 2473 contraria
2821 2418 3004 2472 omnia
3056 2417 3113 2471 in
3159 2413 3406 2470 humanis
3447 2427 3577 2468 eve-

1978 2505 2160 2571 niunt;
2193 2521 2318 2560 nam
2351 2505 2710 2562 inﬁrmitatem
2740 2507 3016 2578 potentia:
3044 2504 3128 2560 vel
3159 2503 3276 2575 ipse
3305 2501 3580 2574 simplici-

1983 2595 2123 2649 tatis
2155 2593 2420 2658 defectus,
2452 2609 2787 2666 magnusque
2830 2594 3320 2666 instrumentorum
3349 2603 3582 2658 appara-

1982 2690 2066 2736 tus
2109 2680 2305 2752 arguit.
2339 2683 2546 2738 Domus
2591 2695 2701 2750 quo
2750 2680 2981 2749 amplior
3027 2675 3340 2732 aediﬁcanda
3381 2682 3481 2742 est,
3514 2687 3581 2728 eo

1979 2770 2246 2838 majorem
2283 2767 2688 2838 congestionem
2731 2768 3011 2830 materiis,
3045 2763 3414 2832 majoremque
3449 2763 3578 2832 opi-

1978 2857 2150 2928 ﬁcum
2197 2871 2481 2912 numerum
2530 2854 2755 2925 requirit
2802 2874 2818 2908 -.
2857 2860 2910 2908 at
2953 2851 3202 2906 universa
3242 2852 3356 2905 haec
3389 2847 3580 2904 mundi

1979 2945 2224 3000 machina
2269 2943 2336 2998 ab
2384 2943 2700 2998 Architecto
2749 2957 2847 2998 suo
2895 2941 3012 2996 sine
3058 2940 3236 2995 alieno
3282 2935 3575 3006 adjutorio,

280 3027 498 3106 editior,
530 3047 596 3086 ex
644 3032 929 3085 multarum
978 3047 1154 3085 rerum
1214 3029 1465 3100 congerie
1515 3038 1606 3083 aut
1648 3029 1871 3085 aliarum
1911 3038 1952 3114 ο
1980 3032 2096 3087 sine
2129 3032 2459 3088 tumultuoso
2491 3030 2790 3096 molimine,
2828 3045 2924 3100 per
2952 3028 3174 3084 unicum
3202 3027 3330 3082 Fiat
3358 3022 3576 3080 condita

278 3133 450 3189 super
479 3119 608 3174 alias
651 3121 919 3190 gestione,
951 3118 1144 3173 factus.
1175 3119 1362 3188 Itaque
1393 3116 1610 3171 demum
1645 3133 1872 3189 sugges-

279 3211 407 3260 tum
434 3206 773 3278 appellabant
815 3207 990 3261 Latini
1029 3221 1419 3279 quemcumque
1457 3206 1638 3261 locum
1679 3205 1876 3262 editio-

279 3308 417 3360 rem,
447 3305 504 3350 ut
545 3305 657 3350 erat
693 3295 779 3348 ille
829 3298 880 3348 in
934 3297 1138 3366 Campo
1173 3296 1392 3361 Martio,
1423 3309 1490 3347 ex
1534 3309 1641 3363 quo
1690 3293 1868 3366 magi-

276 3388 483 3436 stratus
509 3382 958 3438 concionabantur
993 3400 1005 3438 :
1039 3383 1147 3438 imo
1186 3393 1237 3437 et
1280 3385 1396 3452 ipsa
1436 3380 1703 3450 ejusmodi
1745 3397 1872 3438 ora-

282 3468 362 3524 tio
386 3472 656 3541 suggestio
691 3471 1092 3536 nominabatur,
1127 3470 1193 3524 de
1223 3486 1328 3541 qua
1367 3470 1634 3540 V0piscus
1671 3486 1720 3525 c.
1755 3475 1820 3526 19
1853 3495 1866 3534 :

291 3577 316 3609 ι
348 3559 651 3615 Referimus
693 3563 758 3615 ad
808 3577 920 3628 vos,
954 3563 1014 3615 P.
1066 3562 1150 3625 C.,
1195 3560 1511 3632 pontiﬁcum
1557 3563 1870 3632 suggestio-

280 3662 424 3701 nem.
460 3667 486 3696 ι)
536 3648 813 3720 Accipitur
861 3650 1022 3704 etiam
1067 3649 1387 3720 generaliter
1433 3663 1536 3718 pro
1567 3654 1871 3720 apparatu,

279 3743 341 3789 ut
378 3737 519 3806 apud
559 3737 816 3793 Nostrum
855 3738 890 3795 l.
922 3739 990 3793 de
1039 3741 1221 3811 Spect.
1249 3754 1298 3793 c.
1334 3741 1366 3792 7
1412 3755 1424 3792 :
1472 3759 1494 3788 α
1538 3737 1870 3794 Circensium

282 3822 445 3894 paulo
486 3825 790 3895 pompatior
833 3835 1138 3899 suggestus,
1164 3827 1358 3896 quibus
1398 3826 1612 3896 proprie
1642 3828 1744 3883 hoc
1771 3842 1872 3884 n0-

281 3925 406 3965 men
438 3925 634 3982 pompa
665 3914 936 3983 praecedit,
972 3934 997 3966 ››
1033 3922 1138 3971 etc.
1177 3917 1240 3968 Et
1269 3913 1398 3966 ibid.
1431 3929 1476 3968 c.
1516 3917 1581 3968 t2
1615 3930 1628 3969 :
1666 3933 1691 3965 α
1724 3914 1872 3970 Idem

283 3998 353 4054 de
391 4001 741 4071 apparatibus
784 4001 1274 4071 interpretabimur,
1311 4001 1364 4054 in
1410 4002 1649 4072 ipsorum
1689 4003 1870 4056 hono-

281 4100 403 4140 rum
433 4097 690 4160 suggestu
736 4089 1080 4159 deputandis,
1119 4109 1142 4140 n
1179 4096 1284 4142 etc.
1319 4089 1448 4142 Item
1479 4087 1534 4140 in
1566 4087 1602 4142 l.
1637 4087 1702 4144 de
1733 4088 1868 4145 Idol.

282 4188 335 4228 c.
365 4177 430 4228 18
463 4193 476 4229 :
512 4198 538 4224 ι
589 4177 703 4229 1am
752 4191 880 4230 vero
929 4178 997 4232 de
1042 4177 1158 4230 solo
1205 4183 1464 4247 suggestu
1515 4185 1570 4228 et
1614 4181 1872 4243 apparatu

282 4264 509 4319 honoris
563 4265 976 4329 retractandum,
1022 4284 1044 4312 »
1097 4272 1199 4318 etc.
1241 4264 1330 4319 Sic
1383 4262 1538 4318 etiam
1600 4263 1874 4316 Caesarum

1978 3137 2050 3178 ea:
2076 3118 2257 3176 nihilo
2287 3126 2389 3174 est.
2420 3119 2629 3174 Aurum
2669 3121 2883 3173 natura
2914 3115 3086 3172 tacitis
3117 3110 3572 3184 simplicissimis-

1978 3223 2096 3280 que
2140 3206 2242 3264 viis
2289 3204 2498 3279 perﬁcit
2549 3223 2562 3263 :
2613 3208 2738 3269 Ars,
2785 3207 2923 3260 inter
2974 3212 3049 3260 tot
3095 3208 3342 3272 suscepta
3386 3206 3570 3254 tenta-

1977 3297 2141 3361 mina,
2169 3298 2482 3367 genuinum
2523 3310 2739 3350 aurum
2770 3293 2872 3363 (nil
2912 3293 3086 3346 dicam
3133 3291 3202 3345 de
3247 3288 3575 3345 adamanti-

1977 3385 2098 3452 bus,
2130 3385 2261 3454 etc.)
2313 3383 2555 3439 fortassis
2600 3397 2748 3452 aegre
2802 3395 3056 3450 raroque,
3083 3385 3175 3433 aut
3216 3377 3395 3434 verius
3436 3390 3576 3430 nun-

1975 3489 2156 3545 quam,
2215 3471 2510 3541 producere
2566 3469 2762 3541 potuit.
2835 3467 3049 3524 Viribus
3104 3463 3455 3527 matricibus,
3517 3468 3580 3518 ut

1975 3568 2186 3628 vocant,
2228 3559 2334 3614 Ars
2384 3557 2694 3613 mechanica
2743 3556 3044 3610 mirandum
3093 3553 3148 3610 in
3195 3553 3441 3621 modum,
3474 3549 3576 3606 sed

1974 3647 2193 3704 nonnisi
2222 3663 2321 3718 per
2339 3646 2721 3718 multiplicatas
2739 3644 3020 3702 trochleas
3041 3643 3280 3712 aliasque
3309 3653 3576 3710 operosas

1972 3737 2266 3804 machinas,
2297 3743 2351 3791 et
2387 3750 2452 3791 eo
2479 3735 2671 3804 majori
2701 3749 2980 3790 successus
3011 3731 3312 3796 tarditate,
3344 3741 3575 3784 succur-

1977 3827 2067 3882 rit.
2097 3825 2245 3894 Quot
2280 3824 2590 3896 pharmacis
2639 3825 2704 3877 ad
2754 3821 3054 3893 pellendam
3103 3815 3368 3892 gravioris
3397 3813 3575 3871 morbi

1974 3914 2323 3986 pertinaciam
2361 3928 2498 3984 Opus
2543 3913 2662 3968 est?
2690 3922 2820 3983 quot
2862 3909 3039 3966 morbi
3081 3917 3224 3973 sunt,
3262 3905 3411 3961 nulla
3451 3919 3578 3960 me-

1973 4001 2216 4059 dicorum
2263 4009 2376 4056 arte
2415 4001 2838 4072 expugnabiles?
2870 3999 3033 4070 Atqui
3079 3998 3326 4054 Christus
3367 3995 3447 4063 (ut
3490 3994 3578 4049 vel

1977 4093 2093 4145 haec
2115 4105 2288 4161 pauca
2308 4087 2753 4157 commemorem)
2784 4088 3053 4156 leprosum
3079 4085 3290 4140 duabus
3317 4081 3526 4139 voculis
3560 4099 3574 4136 :

1989 4178 2130 4244 Volo,
2179 4177 2460 4233 mundare
2540 4174 2763 4242 (Matth.
2813 4189 2935 4237 vm,
2988 4175 3064 4241 3),
3114 4170 3282 4225 ﬁliam
3335 4169 3579 4225 mulieris

1976 4266 2292 4321 Chananaue
2326 4280 2420 4331 per
2451 4261 2665 4317 unicum
2699 4264 2825 4316 Fiat
2858 4259 3081 4330 (Matth.
3111 4273 3194 4330 ιι,
3227 4257 3343 4326 25),
3373 4269 3579 4312 cauum

285 4351 560 4422 imagines
589 4368 778 4409 aurea:
800 4356 855 4408 et
877 4357 1175 4424 argenteae,
1197 4368 1315 4422 quae
1335 4366 1498 4420 super
1519 4351 1724 4404 hastam
1755 4349 1874 4403 alite
1907 4352 1952 4428 υ
1977 4371 2008 4409 a
2034 4353 2306 4408 nativitatc
2334 4367 2433 4421 per
2460 4349 2634 4403 solam
2670 4349 2778 4404 luti
2801 4347 3192 4412 inunctionem,
3215 4352 3272 4404 et
3303 4344 3575 4403 lationem

284 4453 452 4509 super
481 4439 614 4496 alias
653 4439 829 4495 afﬁxa;
866 4440 1171 4510 legionibus
1199 4439 1642 4509 praeferebantur,
1674 4452 1873 4508 sugge-

285 4530 414 4582 stus
469 4527 688 4583 nomine
741 4529 1046 4594 veniebant,
1078 4536 1136 4583 ut
1179 4543 1368 4582 rursus
1423 4526 1563 4596 apud
1619 4525 1875 4580 Nostrum

285 4615 446 4686 Apol.
496 4616 588 4670 ad.
641 4620 791 4687 gent.
837 4630 887 4669 c.
936 4617 1000 4668 16
1051 4632 1065 4670 :
1121 4634 1147 4665 ι
1205 4613 1405 4670 Omnes
1448 4613 1527 4667 illi
1582 4611 1876 4687 imaginum

287 4711 583 4775 suggestus
626 4703 865 4774 insignes
906 4703 1130 4758 monilia
1170 4703 1407 4758 crucium
1449 4710 1590 4758 sunt.
1629 4723 1652 4753 ι»
1696 4699 1878 4757 Sumi-

287 4797 379 4845 tur
402 4800 455 4846 et
490 4807 589 4861 pro
628 4798 837 4851 ornatu
864 4793 1134 4849 muliebri
1171 4792 1225 4845 in
1267 4791 1525 4865 vestibus,
1553 4799 1613 4849 ut
1647 4790 1702 4846 in
1739 4792 1778 4846 l.
1810 4789 1879 4847 de

296 4880 522 4937 Veland.
569 4884 713 4954 virg.
763 4898 810 4936 c.
868 4884 933 4935 12
993 4899 1006 4937 :
1062 4901 1090 4933 α
1148 4882 1287 4937 Solae
1344 4892 1522 4937 autem
1579 4879 1879 4937 manifestae

283 4978 553 5038 paraturae
596 4977 765 5026 totam
815 4969 1199 5026 circumferunt
1242 4968 1460 5024 II43
1505 4969 1883 5024 mulieritatem

435 5073 544 5112 uno
584 5058 765 5112 habitu
804 5066 1081 5129 negantes,
1113 5059 1258 5128 quod
1297 5064 1412 5113 toto
1453 5064 1712 5128 suggestu
1751 5072 1884 5129 pro-

293 5143 537 5201 ﬁtentur.
569 5166 593 5196 ι
637 5146 708 5201 Ει
734 5148 788 5200 in
820 5149 855 5201 l.
889 5148 955 5202 de
1001 5149 1145 5204 (λιιι.
1177 5149 1309 5216 fern.
1341 5163 1391 5201 c.
1434 5150 1465 5200 2
1497 5163 1509 5202 :
1563 5167 1585 5196 κ
1620 5146 1737 5201 Jam
1779 5161 1886 5201 non

295 5239 499 5288 tantum
551 5233 793 5290 conﬁctae
840 5243 894 5290 et
930 5235 1217 5290 elaboratae
1281 5233 1520 5287 libidinis
1569 5241 1886 5305 suggestum

1979 4443 2033 4496 in
2080 4439 2341 4496 natatoria
2377 4436 2522 4493 Siloe
2571 4438 2752 4503 (Joan.
2805 4435 2921 4506 rx);
2954 4450 3166 4490 socrum
3217 4432 3364 4491 Petri
3404 4431 3575 4492 febri-

1981 4530 2227 4586 citantem
2290 4525 2516 4598 (Matth.
2582 4540 2712 4597 vm,
2782 4525 2892 4594 15),
2946 4523 3081 4577 duos
3137 4538 3308 4578 caecos
3363 4521 3586 4590 (Matth.

1980 4634 2079 4684 xx,
2126 4619 2237 4688 34),
2281 4615 2402 4672 solo
2443 4618 2692 4678 attactu,
2735 4623 2788 4668 et
2832 4610 3178 4668 Centurionis
3225 4609 3579 4680 paralyticutn

1982 4708 2140 4762 etiam
2178 4705 2374 4762 absens
2416 4705 2638 4776 (Matth.
2672 4718 2794 4767 vm,
2830 4700 2930 4770 13),
2967 4697 3198 4763 sanitati,
3231 4699 3340 4752 imo
3379 4695 3582 4753 Archi-

1983 4792 2246 4866 synagOgi
2291 4792 2452 4846 ﬁliam
2499 4791 2718 4846 omnino
2775 4796 3056 4854 mortuam,
3092 4791 3292 4843 tenens
3336 4798 3581 4838 manum

1981 4884 2192 4957 puellae
2219 4883 2418 4951 (Marc.
2449 4897 2502 4947 ν,
2538 4882 2598 4935 41
2631 4891 2683 4936 et
2730 4882 2873 4951 seq.)
2909 4875 3012 4947 ipsi
3040 4874 3164 4932 vita:
3199 4871 3451 4944 restituit,
3482 4885 3594 4940 per

1987 4971 2159 5028 media
2191 4971 2446 5024 nimirum
2477 4969 2686 5042 penitus
2716 4964 3222 5037 impr0portionata.

2062 5061 2314 5117 Mortem.
2345 5057 2480 5127 Quis
2526 5057 2666 5113 enim
2704 5054 2952 5111 humanis
2998 5053 3204 5110 viribus
3243 5060 3296 5107 et
3335 5049 3594 5122 superin-

1989 5163 2115 5220 fuso
2163 5149 2384 5204 lavacro
2433 5155 2678 5202 mortuos
2733 5159 2971 5215 unquam
3025 5144 3308 5199 suscitasse
3355 5129 3600 5212 legitur?

1994 5241 2064 5292 At
2110 5253 2246 5292 vero
2294 5237 2527 5290 animam
2584 5251 2680 5304 per
2726 5234 3051 5303 baptismum
3097 5231 3152 5286 in
3192 5245 3331 5301 aqua
3367 5227 3606 5287 ubilibet

296 5323 658 5378 recusandum
688 5339 720 5377 a
742 5323 908 5380 .vobis
939 5322 1139 5392 sciatis,
1174 5341 1197 5373 ι
1241 5328 1347 5376 etc.
1381 5321 1734 5392 Singulariter
1765 5337 1890 5376 vero
1994 5325 2174 5390 obvia,
2203 5325 2453 5394 simplici,
2477 5331 2604 5390 etc.,
2625 5340 2653 5376 a
2673 5327 2854 5378 morte
2873 5320 3093 5394 peccati
3111 5319 3178 5373 ad
3193 5320 3373 5372 vitam
3392 5317 3601 5388 gratiae

299 5421 404 5478 pro
448 5417 644 5466 ornatu
681 5411 885 5483 capitis,
915 5417 967 5465 et
1004 5409 1320 5480 capillorum
1363 5409 1661 5466 convolutis
1699 5408 1893 5466 cirrhis
1995 5414 2341 5481 resuscitare,
2391 5414 2444 5467 id
2503 5412 2674 5467 multo
2731 5411 3044 5483 simplicius
3102 5411 3202 5472 est,
3247 5420 3309 5463 ac
3364 5406 3602 5465 humana

302 5498 550 5568 ponitur,
582 5508 642 5556 ut
670 5509 751 5556 est
778 5499 910 5556 illud
939 5499 1114 5567 Statii,
1143 5499 1180 5553 l.
1211 5514 1231 5554 ι
1261 5499 1408 5570 Sylv.
1443 5517 1460 5554 :

1999 5502 2149 5559 omni
2182 5501 2488 5559 inﬁrmitate
2524 5501 2746 5570 majoris
2773 5498 3060 5558 volentia.
