4028 6180
462 316 598 378 1207

1538 313 1628 372 AD
1663 312 1955 374 GENUINA
1992 311 2432 375 TERTULLIANI
2470 315 2685 374 OPERA

3624 315 3763 376 1208

536 445 659 501 Non
679 440 952 497 creditur.
969 439 1051 494 Ea
1069 437 1210 493 enim
1231 437 1479 495 homines
1499 440 1776 496 admirari
1795 441 2056 504 solemus,
2081 435 2129 520 Α
2157 455 2276 494 cum
2309 460 2336 492 α
2380 440 2654 512 vigilando
2701 442 3014 508 necabatur,
3045 449 3160 495 erat
3204 440 3258 494 in
3307 441 3533 499 meliore
3570 459 3762 514 causa,

463 546 585 603 qum
631 538 846 599 captum
900 535 1142 583 nostrum
1187 534 1508 597 exsuperant
1561 546 1573 585 :
1624 527 1791 600 igitur
1835 528 1953 582 hmo
1994 542 2059 581 eo

467 618 644 690 magis
673 617 896 675 credere
925 617 1205 680 debemus,
1236 630 1346 687 quo
1375 615 1498 686 plus
1525 615 1834 672 Divinitatis
1863 615 1918 670 in
1948 615 2062 670 illis

472 707 698 772 relucet,
731 721 851 777 quae
881 715 933 761 et
969 713 1167 775 quanto
1208 706 1275 760 ab
1323 705 1553 760 humana
1598 705 1796 761 virtute
1840 703 2061 776 agendi-

467 811 577 868 que
602 795 767 850 modo
795 796 1088 850 remotiora
1114 801 1259 850 sunt.

541 887 661 943 Non
693 885 890 942 credit.
923 884 1136 953 Duplex
1175 898 1308 955 ergo
1347 881 1628 938 admiratio
1666 890 1770 938 est.
1800 883 1919 938 Una
1947 887 2064 937 orta

471 990 542 1031 ex
574 973 704 1042 ﬁde,
726 972 942 1043 quando
969 971 1036 1025 de
1065 972 1143 1026 rei
1163 971 1462 1040 existentia,
1489 971 1930 1043 prOprietatibus,
1955 979 2060 1027 etc.

472 1061 693 1116 minime
739 1061 961 1131 quidem
1009 1060 1341 1128 dubitamus,
1371 1069 1605 1116 attamen
1656 1059 1924 1132 quomodo
1970 1058 2064 1112 illa

471 1166 558 1206 res
587 1166 644 1207 se
675 1151 888 1217 habeat,
919 1157 1016 1206 aut
1044 1167 1246 1208 causas
1280 1151 1416 1219 ejus,
1445 1166 1548 1206 ceu
1575 1157 1795 1220 captum
1818 1156 2065 1203 nostrum

471 1246 815 1311 superantes,
846 1240 1069 1294 interius
1119 1255 1276 1295 nosse
1333 1255 1393 1294 ac
1444 1239 1747 1310 perspicere
1792 1238 2064 1302 volumus,

471 1335 523 1384 et
577 1342 687 1383 non
740 1327 1007 1397 valemus,
1039 1334 1102 1382 ut
1157 1329 1292 1382 adeo
1344 1327 1559 1382 nonnisi
1615 1343 1734 1382 eam
1782 1327 2068 1382 admirari

470 1415 779 1473 debeamus.
803 1417 976 1488 Atque
998 1417 1101 1472 hoc
1121 1431 1281 1471 sensu
1302 1417 1607 1472 admiratio
1637 1414 1806 1487 (quod
1835 1413 2065 1469 Aristot.

474 1504 669 1560 alicubi
712 1503 866 1573 dixit)
897 1508 982 1562 est
1027 1506 1152 1573 ﬁlia
1191 1506 1550 1576 ignorantiae.
1581 1503 1765 1559 Altera
1807 1504 1928 1557 sine
1955 1499 2064 1569 ﬁde

471 1599 574 1660 est,
605 1592 822 1663 quando
865 1592 1143 1661 miramur,
1175 1592 1242 1646 ab
1281 1591 1447 1647 altero
1497 1592 1551 1646 id
1587 1589 1751 1652 credi,
1785 1596 1878 1643 aut
1919 1603 2063 1657 prae-

469 1678 654 1746 dicari,
706 1679 849 1751 quod
905 1688 1151 1736 nostram
1213 1678 1370 1734 fidem
1433 1677 1656 1733 1144
1713 1683 1947 1746 superat,
1996 1689 2061 1729 eo

2160 548 2321 602 quam
2351 532 2396 586 si
2425 531 2573 586 domi
2603 547 2762 586 senex
2793 530 3056 600 captivus,
3094 552 3115 579 η
3153 537 3259 585 etc.

2231 623 2595 685 Provocatur,
2621 635 2717 675 seu
2745 621 3019 691 efﬁcitur,
3052 634 3116 674 ac
3145 621 3291 675 velut
3317 635 3385 675 ex
3414 625 3558 675 statu
3585 623 3770 692 possi-

2166 708 2406 765 bilitatis
2451 709 2516 762 ad
2563 709 2734 779 ipsam
2802 710 3173 766 existentiam
3229 718 3504 765 evocatur.
3559 710 3771 766 Sensus

2167 795 2334 866 igitur
2362 805 2461 862 est,
2495 811 2652 852 omne
2691 812 2851 867 opus,
2892 805 3091 852 statum
3121 813 3182 853 ac
3211 797 3574 853 conditionem
3605 813 3767 853 suam

2168 885 2412 956 accipere
2443 886 2510 939 ab
2537 900 2620 950 eo,
2653 901 2684 939 a
2724 902 2834 957 quo
2872 886 3236 959 pregignitur,
3269 887 3602 958 proindeque
3646 885 3773 942 effi-

2171 974 2371 1029 caciam
2419 973 2696 1044 Baptismi,
2727 989 2834 1030 non
2881 990 2944 1029 ex
2994 973 3242 1028 exteriori
3289 983 3570 1045 apparatu,
3598 975 3698 1029 sed
3737 991 3774 1029 a

2168 1061 2435 1131 Sapientia
2489 1078 2550 1116 ac
2627 1062 2869 1116 Potentia
2923 1061 3043 1128 Dei,
3094 1063 3235 1117 intus
3293 1078 3354 1118 ac
3410 1063 3771 1132 spiritualiter

2171 1158 2449 1221 operante,
2485 1148 2866 1204 dimetiendam
2905 1164 3048 1203 esse.

2666 1291 2825 1346 Notae
2850 1290 2924 1346 ad
2961 1293 3137 1363 caput
3167 1292 3262 1346 III.

2241 1416 2580 1484 Reformari.
2619 1418 2728 1470 Per
2757 1432 2964 1486 aquam
3000 1415 3308 1485 reforma-ri
3351 1413 3595 1482 dicimur,
3633 1430 3762 1470 cum

2166 1504 2412 1573 for-mam
2439 1504 2623 1573 gratiae
2668 1502 2892 1569 Divinas,
2929 1519 3024 1572 per
3064 1512 3339 1571 peccatum
3389 1503 3621 1568 amissaa,
3654 1519 3767 1575 po-

2168 1598 2289 1650 stea
2315 1592 2370 1644 in
2400 1592 2671 1661 Baptismo
2702 1607 3120 1663 recuperamus.

2247 1682 2405 1748 Quid.
2441 1682 2541 1735 Pro
2579 1698 2700 1745 cur,
2736 1688 2792 1733 ut
2823 1679 2979 1746 Ovid,
3011 1679 3067 1733 in
3098 1682 3196 1751 Ep.
3237 1681 3442 1736 Oenon.
3468 1682 3540 1735 ad
3569 1680 3766 1737 Par-id.

469 1768 612 1839 quod
686 1769 826 1823 hanc
896 1768 1133 1833 alterius,
1193 1768 1302 1823 imo
1378 1766 1547 1837 ipsius
1599 1765 1696 1820 Dei
1754 1762 2062 1820 authoritati
2098 1757 2141 1834 Β
2179 1808 2190 1819 .
2240 1807 2253 1821 .
2301 1808 2314 1820 .
2365 1806 2377 1818 .
2427 1806 2439 1818 .
2486 1804 2501 1817 .
2551 1805 2564 1818 .
2609 1803 2621 1815 .
2670 1803 2685 1819 .
2726 1767 2855 1828 Quid
2886 1782 3052 1817 arens:
3087 1768 3276 1816 semina
3304 1767 3546 1817 mandas?

473 1857 880 1913 aecommodare
907 1871 1219 1910 renuamus.

549 1946 718 2008 Vana,
775 1944 814 1996 i.
867 1959 916 1997 e.
976 1944 1210 2008 inania;
1267 1942 1613 1997 incredulitas
1686 1941 1829 1998 enim
1889 1942 2066 1998 omnia

469 2048 534 2088 ex
564 2031 818 2087 sensibus
869 2031 1046 2085 metiri
1092 2031 1270 2086 solet:
1305 2047 1428 2102 quae
1474 2047 1602 2105 ergo
1648 2034 1880 2088 exterius
1921 2035 2066 2088 sim-

469 2120 644 2192 plicia
680 2128 968 2188 apparent,
1019 2120 1142 2174 talia
1213 2134 1426 2191 quoque
1491 2119 1716 2176 interius
1793 2137 1914 2176 esse
1961 2120 2070 2176 exi-

475 2207 674 2262 stimat.

539 2297 927 2369 Impossibilia.
987 2295 1122 2363 Qum
1192 2297 1336 2350 intus
1408 2298 1714 2366 magni/ica
1771 2312 1911 2368 esse,
1974 2313 2065 2350 seu

472 2401 706 2457 magnos
749 2388 992 2455 effectus
1030 2385 1191 2438 edere
1228 2385 1498 2451 dicuntur,
1529 2384 1786 2454 quoniam
1826 2386 2074 2440 sensibus

487 2473 680 2543 attingi
719 2487 827 2525 non
857 2478 1098 2541 possunt,
1132 2471 1363 2525 inﬁdelis
1398 2487 1576 2541 neque
1607 2470 1725 2524 ﬁeri
1759 2487 1919 2540 posse
1948 2488 2072 2527 cre-

477 2559 582 2630 dit;
639 2559 841 2614 etenim
891 2568 948 2614 ut
1005 2562 1109 2629 Ap.
1163 2562 1191 2614 Ι
1231 2561 1351 2616 Cor.
1399 2574 1460 2625 ιι,
1514 2560 1599 2624 14,
1651 2561 1745 2630 ait,
1795 2561 2070 2618 animalis

476 2665 595 2708 non
630 2651 877 2720 percipit
907 2665 992 2714 ea,
1028 2665 1154 2720 quae
1187 2652 1327 2704 sunt
1375 2649 1618 2718 spiritus
1649 2662 1767 2712 DEI,
1815 2651 2075 2706 stultitia

485 2737 644 2795 homo
675 2740 828 2794 enim
857 2743 940 2794 est
970 2738 1082 2803 illi,
1115 2743 1168 2794 et
1197 2753 1314 2794 non
1347 2739 1535 2807 potest
1564 2738 1904 2807 intelligere.
1938 2738 2079 2794 Sunt

477 2826 640 2898 igitur
671 2842 858 2881 rursus
889 2827 1045 2890 tales,
1079 2824 1170 2895 qui
1199 2841 1264 2878 ex
1295 2824 1426 2879 solis
1451 2825 1726 2893 sensibus,
1759 2826 1851 2880 sed
1883 2840 2071 2895 parum

489 2919 711 2971 sensate
743 2914 1004 2982 judicent.

554 3004 730 3057 Penes
777 3004 972 3056 Deum.
1018 3000 1159 3054 Illud
1207 2999 1388 3070 utique
1429 2999 1630 3055 Christi
1677 3000 1819 3069 apud
1868 3002 2074 3058 Matth.

2243 1853 2578 1907 Auctoritas.
2626 1851 2973 1906 Praestantia
3013 1850 3277 1920 quaedam,
3321 1864 3384 1903 ac
3423 1849 3564 1905 velut
3606 1848 3776 1904 insita

2174 1943 2447 2013 dignitas.

2243 2029 2532 2102 Exigenda
2563 2031 2666 2084 est.
2700 2026 2986 2099 Aliquibus
3033 2034 3143 2081 tota
3183 2029 3295 2082 haec
3338 2026 3601 2080 sententia
3649 2027 3775 2080 im-

2175 2120 2330 2191 plexa
2361 2120 2591 2185 videtur,
2625 2134 2687 2172 ac
2717 2125 2998 2187 propterea
3038 2133 3159 2172 cum
3189 2115 3348 2169 Junio
3381 2115 3452 2169 ita
3481 2115 3775 2185 legendum

2174 2217 2394 2264 censent
2601 2227 2625 2256 α
2692 2222 2834 2276 aqua
2909 2205 3189 2261 reformari
3259 2212 3573 2269 tractamus,
3639 2203 3778 2274 quid

2173 2297 2379 2368 utique,
2422 2305 2524 2351 etc.
2572 2295 2831 2350 meruerit
2877 2293 3136 2349 ofﬁcium.
3175 2294 3238 2347 Ut
3279 2293 3490 2360 Opinor,
3535 2295 3781 2349 auctori-

2175 2393 2274 2452 tas,
2307 2391 2408 2439 etc.
2445 2404 2468 2433 »
2504 2386 2572 2437 At
2599 2400 2718 2456 quae
2747 2383 2824 2436 sic
2863 2381 3281 2452 interpungendi
3312 2381 3650 2436 necessitas?
3680 2389 3784 2435 aut

2176 2489 2269 2528 cur
2308 2488 2415 2526 non
2463 2472 2638 2541 potius
2685 2474 2780 2525 has
2821 2472 3039 2528 voculas
3073 2475 3138 2525 ut
3188 2471 3388 2540 opinor
3420 2470 3640 2538 ironiee,
3675 2485 3784 2540 pro

2176 2562 2411 2627 scilicet,
2444 2560 2792 2630 accipiamus,
2826 2568 2884 2614 ut
2912 2575 3104 2614 sensus
3138 2558 3205 2612 sit
3237 2576 3250 2610 :
3284 2557 3438 2628 quasi
3467 2573 3592 2612 vero
3621 2558 3784 2613 Deus

2180 2649 2308 2702 nihil
2336 2653 2542 2720 posset,
2573 2648 2719 2716 quod
2759 2664 2921 2717 supra
2953 2647 3113 2710 vires,
3146 2655 3197 2700 et
3237 2646 3558 2718 exigentiam
3583 2663 3776 2719 aquae,

2181 2745 2274 2791 aut
2302 2736 2514 2790 alterius
2543 2743 2824 2801 creaturae,
2857 2737 3041 2790 esset?

2253 2824 2298 2880 Α
2327 2825 2652 2895 primordio,
2687 2823 2856 2892 ipsius
2883 2824 3088 2878 mundi
3115 2822 3384 2877 videlicet.

2259 2915 2606 2983 Suggestu-m,
2641 2912 2675 2964 i.
2728 2928 2773 2967 ρ.
2827 2917 3114 2977 ornatum,
3148 2927 3241 2966 seu
3289 2911 3344 2964 in
3395 2925 3517 2965 suas
3561 2908 3786 2978 species

2184 3001 2562 3056 evolutionem.
2619 3001 2936 3071 Suggestus.
2997 3000 3132 3054 Vide
3210 3007 3368 3068 caput
3419 3013 3604 3068 prtem,
3663 2997 3779 3054 col.

490 3101 610 3153 XIV,
643 3090 732 3158 26,
763 3087 937 3142 innuit
970 3104 982 3141 :
1036 3087 1178 3158 Παρὰ
1226 3067 1489 3156 ἀνθ-ρωποις
1517 3091 1660 3140 τοῦτο
1687 3067 1927 3142 οἷδυνατόν
1954 3093 2064 3156 im,

2189 3090 2346 3153 1205,
2379 3088 2441 3142 C.

487 3175 622 3246 παρὰ
699 3171 755 3227 δὲ
812 3175 924 3247 Θεῷ
987 3176 1148 3228 πάντα
1225 3171 1408 3227 δυνατά
1465 3173 1586 3229 ἐστι.
1635 3175 1765 3243 Quae
1818 3175 2078 3247 Vulgatus

485 3271 673 3318 noster
712 3263 779 3316 ad
815 3263 1043 3318 verbum
1087 3263 1266 3316 reddit
1308 3281 1320 3316 :
1367 3264 1531 3333 Apud
1573 3262 1825 3320 homines
1855 3263 1932 3332 (id
1971 3271 2076 3330 est,

486 3365 539 3420 in
569 3349 840 3406 hominum
879 3349 1153 3422 Opinione)
1188 3352 1288 3406 hoc
1326 3350 1556 3419 (salvum
1595 3365 1735 3419 esse,
1769 3365 1863 3405 seu
1912 3358 2075 3405 aeter-

486 3453 613 3493 nam
648 3440 876 3495 salutem
904 3440 1183 3511 consequi)
1215 3437 1555 3510 impossibile
1582 3441 1666 3493 est
1696 3458 1713 3493 :
1744 3439 1894 3510 apud
1923 3455 2076 3496 natm

484 3532 680 3584 autem
709 3530 902 3586 omnia
928 3528 1214 3600 possibilia
1243 3534 1397 3584 sunt.
1429 3527 1562 3582 Fors
1591 3536 1766 3582 autem
1798 3528 2078 3582 Tertullia-

483 3633 588 3672 nus
608 3617 661 3670 iu
681 3633 778 3673 suo
797 3617 982 3673 codice
1005 3618 1396 3688 pra'dif/icilia
1415 3615 1620 3685 legerit,
1647 3631 1708 3669 ea
1730 3616 1981 3670 nimirum
2004 3634 2082 3670 ra-

2257 3177 2538 3249 Impolita.
2572 3176 2678 3231 Seu
2707 3176 2873 3231 rudia
2900 3176 3152 3230 adhueet
3183 3179 3476 3247 informia.

2256 3271 2425 3323 Penes
2457 3268 2652 3322 Deum.
2676 3265 2780 3319 Pro
2810 3266 2961 3337 apud
2989 3280 3143 3321 unum
3168 3282 3260 3320 seu
3283 3269 3344 3321 in
3374 3280 3470 3320 nm
3493 3269 3782 3336 potestate

2183 3371 2250 3410 ac
2286 3355 2595 3420 voluntate,
2629 3355 2726 3408 sita
2771 3361 2944 3419 erant,
2973 3353 3224 3424 quidnam
3269 3369 3333 3408 ex
3375 3353 3620 3424 quolibet
3649 3354 3776 3409 efﬁ-

2183 3459 2303 3498 cere
2327 3444 2514 3507 vellet;
2547 3456 2650 3511 quo
2699 3442 2862 3496 ferme
2910 3457 3074 3496 sensu
3119 3441 3259 3496 idem
3308 3449 3486 3496 noster
3532 3441 3586 3495 iu
3638 3442 3676 3494 l.
3707 3443 3783 3498 de

2182 3533 2431 3586 Patient.
2471 3546 2518 3584 e.
2574 3534 2619 3594 1,
2669 3529 2742 3583 ait
2803 3547 2814 3584 :
2880 3550 2902 3578 at
2963 3528 3114 3596 Quod
3174 3530 3407 3583 maxime
3464 3529 3688 3592 bonum,
3716 3530 3782 3584 id

2179 3619 2412 3674 maxime
2462 3635 2624 3687 penes
2653 3632 2823 3683 unum,
2859 3633 2956 3672 nec
2995 3617 3128 3670 alius
3159 3616 3210 3670 id
3259 3633 3418 3687 quam
3464 3618 3556 3686 qui
3584 3617 3783 3686 possi-

483 3705 648 3770 tione,
670 3724 775 3776 qua
791 3706 976 3761 Cicero
992 3705 1140 3759 illum
1166 3705 1467 3760 Platonisin
1496 3707 1694 3760 Timaeo
1723 3705 1902 3759 locum
1937 3705 2083 3758 τάδύ-
2183 3709 2290 3773 det,
2323 3706 2623 3774 dispensat,
2658 3713 2713 3757 ut
2742 3704 2937 3775 cuique
2967 3705 3238 3774 dignatur.

481 3812 627 3844 νατον
656 3794 791 3845 Θεῶν
852 3794 1016 3845 παισὶν
1071 3792 1304 3857 ἀπιστεῖν,
1354 3793 1426 3846 ita
1466 3792 1774 3847 transtulit:
1834 3794 2078 3862 Difﬁcile

2255 3791 2640 3860 Quiescebant.
2663 3789 2822 3843 Velut
2843 3790 3057 3844 inertia
3078 3789 3276 3856 adhuc,
3302 3788 3556 3858 nullaque
3575 3788 3784 3861 agendi

481 3883 642 3950 factu
672 3885 774 3945 est,
807 3896 840 3932 τι
871 3879 980 3934 diis
1011 3883 1152 3934 ortis
1183 3881 1431 3950 (deorum
1463 3879 1611 3945 tiliis)
1638 3879 1804 3947 ﬁdem
1834 3897 1946 3935 non
1977 3881 2080 3935 ha-
2180 3880 2429 3935 facultate
2461 3876 2700 3947 praedita.

479 3970 624 4023 bere.
658 3969 726 4021 Et
754 3983 882 4021 sane
914 3984 1034 4036 quae
1063 3969 1469 4039 prwdif/icilia,
1501 3983 1596 4021 seu
1627 3969 1784 4022 valde
1811 3969 2076 4038 difﬁcilia

480 4062 623 4120 sunt,
657 4055 972 4118 moraliter,
1007 4071 1100 4110 seu
1141 4055 1193 4108 in
1238 4054 1592 4111 aestimatione
1640 4056 1931 4124 hominum,
1965 4059 2074 4112 im-

476 4143 767 4217 possibilia
812 4143 990 4198 dicere
1037 4144 1293 4199 solemus.
1343 4143 1492 4197 Hanc
1529 4150 1710 4200 autem
1758 4144 2070 4200 Tertulliani

475 4242 711 4290 mentem
738 4249 821 4301 ea,
854 4248 975 4303 quae
1004 4248 1129 4288 mox
1158 4233 1535 4302 subjiciuntur,
1570 4232 1930 4290 manifestam.

544 4324 966 4378 Prcetereuntes
986 4337 1136 4387 eum,
1160 4320 1196 4374 i.
1220 4339 1270 4378 e.
1289 4321 1484 4389 obiter,
1505 4337 1566 4376 ac
1585 4323 1735 4380 velut
1764 4326 2066 4380 transeun-

477 4415 564 4466 ter
593 4411 1034 4468 considerantes.

523 4497 908 4562 'Adversarz'is,
942 4514 1037 4553 seu
1066 4498 1393 4555 contrariis.

545 4587 804 4650 Causam,
841 4586 879 4640 i.
911 4601 960 4642 e.
993 4602 1109 4643 esse
1137 4603 1344 4654 causae,
1377 4601 1494 4653 seu,
1526 4586 1571 4640 si
1610 4586 2060 4643 Scholasticorum

469 4689 620 4732 more
649 4676 948 4748 loquamur,
982 4677 1260 4732 virtutem
1290 4677 1664 4732 causativum.
1697 4677 1883 4732 Potest
1912 4693 2056 4746 quo-

462 4781 569 4838 que
615 4765 786 4835 accipi
837 4781 932 4836 pro
978 4781 1170 4832 causa,
1201 4781 1298 4821 seu
1348 4766 1600 4832 ratione,
1641 4766 1788 4837 quod
1838 4764 1925 4830 sit,
1958 4781 2056 4821 seu

460 4855 672 4922 existat,
723 4853 780 4910 id
835 4861 937 4925 est,
987 4869 1084 4926 pro
1138 4855 1443 4926 principio,
1485 4870 1585 4910 seu
1639 4855 1876 4926 origine.
1909 4854 2056 4909 Idem

458 4947 655 5000 modus
678 4945 930 5016 loquendi
965 4944 1124 4998 etiam
1153 4944 1295 5013 apud
1329 4945 1586 4999 Nostrum
1616 4943 1672 4998 in
1701 4943 1742 4997 l.
1772 4943 1838 4998 de
1867 4944 2050 5016 Spect.

457 5046 512 5090 c.
547 5035 635 5099 12,
667 5034 898 5088 occurrit
943 5047 958 5086 :
997 5052 1018 5080 α
1052 5032 1291 5088 Necesse
1333 5044 1435 5098 est,
1467 5032 1726 5104 quidquid
1775 5031 2056 5106 dignitatis

455 5120 680 5178 nomine
727 5121 1150 5187 administratur,
1193 5123 1554 5178 communicet
1603 5121 1768 5176 etiam
1813 5121 2050 5177 maculas

453 5207 594 5288 ejus,
627 5227 659 5266 a
686 5224 793 5282 quo
839 5211 996 5266 habet
1029 5225 1239 5282 causas.
1277 5231 1301 5261 ι)
1355 5210 1674 5282 Quanquam
1715 5209 1847 5281 quid
1885 5217 2044 5276 vetat,

451 5289 672 5356 causam
719 5298 808 5354 hic
856 5315 952 5368 pro
991 5303 1152 5356 statu
1192 5315 1254 5355 ac
1299 5298 1620 5357 conditione
1662 5296 1740 5351 rei
1769 5295 2048 5368 accipere;

449 5389 558 5446 hoc
601 5390 746 5446 enim
803 5404 966 5444 sensu
1019 5389 1183 5445 etiam
1237 5387 1349 5444 Cic.
1394 5387 1462 5444 de
1518 5389 1643 5443 Fin.
1700 5401 1832 5441 usus
1895 5393 1975 5440 est
2033 5404 2046 5444 :

454 5477 684 5535 «'Morte
721 5478 815 5550 qui
852 5478 1030 5535 affecti
1069 5483 1214 5544 sunt,
1246 5477 1301 5530 in
1333 5474 1514 5531 eadem
1558 5489 1724 5530 causa
1769 5483 1913 5542 sunt,
1944 5490 2053 5543 qua

445 5573 733 5639 antequam
775 5567 910 5635 nati;
954 5588 977 5618 ι
1021 5581 1119 5622 nec
1170 5565 1352 5618 minus
1397 5564 1488 5618 lib.
1528 5564 1596 5618 de
1649 5562 1810 5633 Ofﬁc.
1841 5562 2038 5633 inquit,

2247 3969 2464 4039 Inquit.
2494 3968 2708 4037 Moyses
2739 3964 3014 4028 nimirum,
3051 3966 3243 4021 Cenes.
3275 3980 3312 4028 ι,
3351 3968 3400 4018 1.

2248 4058 2565 4113 Invisibilis.
2591 4056 2753 4109 Hebr.
2791 4063 2930 4118 'lm't,
2985 4053 3040 4106 in
3069 4054 3297 4124 Vulgata
3326 4053 3538 4119 inanis,
3561 4053 3784 4126 Aquila:

2173 4154 2256 4200 est
2290 4143 2512 4200 1145
2562 4145 2785 4214 κένωμα,
2818 4143 3076 4199 inanitas
3133 4162 3151 4196 :
3211 4141 3537 4212 Symmacho
3594 4141 3781 4210 ἀργὸν,

2173 4239 2415 4292 otiosum
2445 4248 2508 4287 ac
2549 4234 2692 4286 iners
2717 4250 2728 4284 :
2753 4228 3104 4285 Theodotioni
3133 4229 3288 4292 κενὸν,
3317 4245 3564 4284 vacuum
3578 4228 3786 4296 ;-LXX

2169 4339 2299 4380 vero
2341 4339 2436 4393 per
2480 4321 2707 4392 ἀόράτος,
2729 4321 2935 4388 invisa,
2967 4335 3062 4373 seu
3100 4319 3401 4374 invisibilis
3441 4315 3624 4385 (meris
3679 4326 3783 4372 ut-

2098 4383 2297 4482 Dpote
2343 4383 2588 4466 tenebris
2641 4383 2816 4462 adhuc
2867 4383 3126 4474 involuta)
3179 4383 3508 4460 transferunt
3559 4417 3787 4474 :prout

2167 4500 2310 4554 idem
2339 4507 2522 4555 noster
2570 4499 2832 4568 Vulgatus
2876 4496 3052 4549 locum
3095 4493 3387 4564 quemdam
3415 4495 3546 4564 Sap.
3577 4506 3642 4559 ιι,
3679 4496 3784 4558 18,

2164 4588 2238 4642 ita
2267 4588 2503 4643 reddidit
2534 4604 2547 4639 :
2582 4586 2804 4642 Creavit
2843 4584 3028 4642 orbem
3072 4586 3362 4639 terrarum
3399 4598 3475 4639 ea:
3520 4585 3785 4637 materia

2164 4691 2368 4740 mvrsa,
2409 4675 2501 4730 ubi
2547 4675 2769 4729 Graecus
2829 4689 2840 4729 :
2876 4671 2925 4731 ἐξ
2953 4673 3174 4744 ἀμόρφου
3223 4671 3359 4734 ὕλης,
3392 4687 3464 4726 ex
3523 4682 3772 4725 tuream

2160 4767 2424 4829 materia,
2459 4764 2638 4818 habet.

2230 4850 2622 4921 'Incomposita.
2656 4848 2966 4903 Hebraieam
2998 4861 3191 4904 vocem
3244 4855 3359 4905 1n:
3383 4843 3614 4916 Vulgata
3657 4859 3777 4898 no-

2159 4949 2270 4997 stra
2317 4955 2414 5010 per
2470 4953 2650 4993 vacua
2683 4955 2702 4992 :
2742 4936 2941 5007 Aquila
2999 4944 3053 4990 et
3117 4933 3383 4989 Tlieodot.
3441 4948 3542 5002 per
3597 4930 3774 5017 osos»,

2158 5031 2305 5086 nihil
2336 5047 2354 5082 :
2387 5026 2736 5100 Symmachus
2773 5041 2872 5095 per
2901 5024 3205 5094 ἀδιάκριτον,
3235 5023 3614 5078 indiscretum
3661 5035 3774 5075 seu

2155 5120 2462 5188 confusum
2497 5135 2517 5183 ί
2577 5115 2728 5170 LXX
2784 5128 2874 5182 per
2919 5112 3343 5169 ἆκατασκεὺαστος
3375 5150 3390 5175 ,
3433 5110 3757 5180 impurata,

2154 5206 2528 5272 inelaborata,
2557 5217 2955 5271 inconposrrs,
2978 5216 3070 5255 seu
3100 5201 3356 5269 confusa,
3391 5196 3644 5252 reddunt.

2225 5295 2513 5368 Abyssum.
2542 5291 2869 5346 Hebraicum
2901 5298 3073 5349 mnn
3097 5287 3303 5343 Graecis
3340 5285 3592 5341 omnibus
3610 5283 3770 5337 ἄϐυσ-

2153 5404 2260 5454 σος,
2293 5384 2565 5447 nimirum,
2616 5393 2671 5435 ut
2716 5379 3034 5436 Eustachius
3086 5378 3191 5432 hoc
3250 5391 3448 5430 nomen
3490 5373 3775 5444 interpre-

2153 5481 2313 5542 tatur,
2331 5491 2475 5546 aqua
2503 5473 2684 5544 nimia
2704 5471 3007 5540 inﬁnitum
3029 5466 3234 5524 habens
3260 5461 3637 5537 profundum,
3659 5476 3773 5517 seu

2148 5562 2315 5618 fundo
2361 5576 2570 5625 carens,
2602 5560 2709 5624 vel,
2749 5567 2810 5614 ut
2849 5559 3009 5615 Corn.
3049 5571 3081 5611 a
3130 5555 3263 5625 Lap.
3296 5551 3538 5624 exponit,
3571 5548 3772 5608 moles
