4050 6168
294 283 434 346 1209

1148 290 1481 352 APPENDIX
1516 290 1583 350 v.
1622 324 1694 337 -
1716 292 1780 350 n.
1822 262 2203 351 GORBINIANi
2238 290 2484 352 Tenus
2523 293 2761 354 ADNOT.

3450 294 3589 355 1210

289 426 574 486 aquarum
607 419 745 470 tunc
773 417 997 472 terram
1017 432 1237 475 omnem
1268 420 1667 491 aperientium,
1701 424 1757 471 et
1782 415 1883 471 de-
1920 433 1967 514 Α
1994 425 2099 471 tem
2130 432 2284 472 suam
2313 421 2483 491 aperit
2517 439 2528 478 :
2569 423 2860 484 Tenebam,
2889 418 3161 490 inquiens,
3187 420 3313 490 jam
3357 432 3587 477 parum!
3614 468 3619 473 .

288 518 439 559 mum
468 502 853 558 Reverendiss.
883 503 1123 561 Calmeto
1151 518 1334 563 nostro
1376 522 1664 582 aquarum
1693 510 1885 563 mate-

288 593 402 660 ria,
438 593 609 647 terra:
636 590 820 647 adhuc
845 593 1121 660 i-mmista,
1154 613 1249 652 seu
1278 596 1459 665 limus,
1490 604 1595 655 est.

362 680 612 752 Spiritus
655 680 775 736 Dei.
808 678 940 747 Quis
968 697 1093 737 vero
1123 683 1210 739 hic
1232 665 1428 744 amba
1459 695 1593 752 n11,
1633 698 1884 741 smm'rns

286 769 426 823 nat?
455 767 578 822 Non
608 783 773 840 parva
813 768 930 825 haec
975 770 1261 829 difficultas
1296 774 1563 846 triplicem
1608 773 1884 845 praecipue

287 855 598 927 opinionem
627 856 858 928 peperit.
1206 884 1209 889 -

354 944 541 1000 Prima
587 952 750 1010 tenet,
782 945 1190 1019 intelligendum
1216 951 1304 1006 hic
1330 967 1453 1007 esse
1478 954 1736 1018 ventum,
1784 964 1883 1004 seu

288 1046 478 1089 aerem
499 1047 662 1104 super
688 1049 854 1106 aquas
882 1036 1264 1095 vehementius
1284 1045 1643 1096 com-motum.
1665 1039 1743 1093 Ita
1762 1052 1889 1094 sen-

285 1118 349 1176 tit
400 1120 742 1189 Severianus,
799 1123 1119 1180 Gabalensis
1175 1141 1263 1197 ep.
1325 1143 1450 1184 suae.
1525 1143 1583 1183 IV
1634 1126 1883 1200 scriptor,

285 1222 446 1279 quem
491 1209 866 1267 Theodoretus
915 1214 1193 1285 Inter-reg.
1249 1217 1365 1272 VIII
1406 1216 1469 1269 in
1516 1216 1650 1271 Gen.
1701 1214 1884 1270 diser-

284 1295 393 1351 tius
416 1298 644 1367 exponit
674 1314 687 1353 :
725 1318 754 1350 κ
785 1298 979 1355 Verius
1008 1302 1327 1370 putaverim,
1372 1303 1519 1373 quod
1566 1302 1658 1358 hic
1698 1318 1886 1360 aerem

286 1387 445 1441 vocet
501 1387 805 1457 spiritum;
853 1402 977 1440 nam
1027 1402 1146 1442 cum
1184 1390 1425 1460 dixisset,
1465 1393 1645 1448 Deum
1669 1406 1884 1446 creasse

289 1473 494 1529 caelum
522 1473 746 1545 (scilicet
779 1478 1133 1548 Empyreum,
1167 1477 1234 1531 ab
1262 1479 1413 1550 igne,
1446 1478 1539 1550 qui
1566 1479 1773 1536 Graecis
1801 1487 1880 1534 est

286 1565 400 1633 πῦρ,
420 1562 771 1635 appellatum)
802 1571 857 1620 et
890 1570 1128 1632 terram,
1159 1575 1211 1622 et
1240 1567 1518 1637 Aquarum
1546 1567 1883 1624 meminisset

288 1649 391 1705 sub
444 1649 666 1706 nomine
719 1652 930 1725 abyssi,
983 1654 1289 1711 necessario
1344 1657 1493 1712 aeris
1548 1655 1880 1711 mentionem

1965 506 2054 560 lin
2083 506 2182 560 Dei
2210 511 2461 578 nomine,
2490 511 2581 580 qui
2612 510 2755 581 fecit
2789 510 2908 566 hac
2944 509 3165 580 (caelum
3192 517 3245 563 et
3273 510 3496 581 terram)
3524 515 3582 568 et

1990 608 2176 651 meum
2222 599 2287 653 in
2332 598 2585 669 Principii
2613 598 2866 664 nomine,
2913 597 2970 651 in
3017 613 3126 669 quo
3154 600 3295 668 fecit
3328 599 3447 656 hinc
3478 619 3497 656 :
3531 605 3590 656 et

1991 697 2339 740 mrsu-arent
2359 703 2641 759 quarens,
2666 687 2980 758 qurerebam
3008 687 3070 740 in
3107 684 3145 740 I
3162 686 3199 741 I
3213 684 3326 742 46
3347 687 3589 758 eloquiis

1994 773 2421 845 Scripturarum
2437 778 2555 848 ejus
2575 794 2592 830 :
2612 779 2683 831 Et
2703 791 2828 831 ecce
2850 774 3110 830 Smnrrus
3127 780 3260 832 tuus
3279 777 3591 847 superfere-

1991 859 2163 916 batur
2188 879 2359 935 super
2389 880 2582 936 aquas,
2613 872 2715 919 etc.
2749 864 2902 918 Unde
2949 878 3061 917 non
3099 862 3319 927 mirum,
3350 862 3493 932 quod
3520 876 3588 917 ex

1992 954 2139 1005 tanto
2194 966 2460 1007 consensu
2517 954 2734 1007 Patrum
2791 951 2929 1005 hanc
2985 965 3205 1021 quoque
3263 949 3588 1005 sententiam

1992 1038 2323 1110 adeptaverit
2368 1039 2609 1097 Ecclesia
2646 1041 2698 1094 in
2743 1039 3121 1095 Benedictione
3169 1037 3335 1093 fontis
3379 1036 3588 1106 δειρῆς-ι

1990 1127 2148 1181 malis
2174 1128 2247 1182 ita
2274 1143 2471 1184 canens
2505 1130 2720 1192 :Dsus,
2751 1130 2912 1198 cujus
2940 1126 3178 1196 Spiritus
3209 1141 3383 1197 super
3410 1140 3584 1196 aquas

1989 1215 2143 1272 inter
2169 1219 2294 1289 ipsa
2319 1217 2523 1274 mundi
2536 1215 2856 1291 primordia
2874 1217 3182 1285 ferebatur,
3206 1219 3276 1270 ut
3294 1217 3422 1284 jam
3446 1217 3587 1267 tunc

1988 1307 2263 1363 virtutem
2292 1309 2765 1379 sanctiﬁcationis
2783 1322 3065 1378 aquarum
3085 1309 3302 1361 natura
3332 1302 3589 1374 concipe-

1990 1402 2095 1461 ret,
2122 1403 2231 1450 etc.

2060 1483 2167 1538 Sed
2198 1482 2329 1554 quid
2356 1490 2518 1548 vetat,
2551 1490 2659 1537 tres
2706 1481 2807 1537 has
2844 1479 3131 1552 opiniones
3156 1476 3310 1548 quasi
3340 1477 3396 1531 in
3424 1490 3588 1532 unam

1989 1571 2376 1643 compingere?
2417 1572 2669 1627 Dicamus
2713 1569 2902 1642 igitur,
2931 1584 3029 1640 per
3058 1580 3317 1623 summa
3348 1580 3447 1619 nar
3476 1564 3587 1618 im-

1991 1658 2179 1728 primis
2209 1658 2434 1728 intelligi
2464 1664 2714 1724 ventum,
2746 1672 2843 1714 seu
2871 1673 3061 1713 acrem
3102 1655 3501 1717 elementarem,
3534 1658 3589 1706 et

287 1736 435 1831 iecit,
482 1747 679 1831 {etc.,
720 1741 909 1831 Neque
955 1744 1071 1797 haec
1113 1743 1379 1831 sententia
1423 1761 1454 1800 a
1509 1744 1606 1802 SS.
1658 1744 1879 1815 Basilio,
1924 1748 2138 1831 Bhunc
2160 1748 2443 1821 singulari
2462 1750 2677 1804 virtute
2721 1762 2821 1801 DEI
2865 1748 3226 1808 commotum,
3270 1739 3588 1831 pgerﬂuendo

289 1826 603 1893 Ambrosio,
651 1828 978 1900 Augustino,
1020 1836 1152 1896 etc.,
1200 1830 1554 1903 improbatur.
1604 1834 1742 1889 Sane
1785 1848 1885 1888 au-

293 1919 402 1967 tem
432 1920 663 1984 constat,
695 1917 841 1987 quod
870 1917 1102 1986 Hebraei,
1135 1934 1374 1991 quorum
1403 1920 1588 1991 lingua
1624 1923 1883 1995 superla-

292 2002 426 2056 tivis
454 2002 785 2071 destituitur,
820 2004 959 2061 inter
1009 2006 1111 2063 alia
1156 2008 1223 2063 ad
1265 2009 1481 2065 eosdem
1510 2011 1888 2082 exprimendos

288 2087 615 2145 adminicula
641 2105 751 2145 non
781 2109 904 2149 raro
932 2109 1128 2152 nomen
1156 2096 1451 2169 quodpiam
1481 2114 1579 2154 nm
1608 2099 1886 2171 proprium

289 2173 549 2231 adhibere
572 2176 802 2247 soleant,
827 2186 884 2233 ut
917 2182 1047 2238 Gen.
1076 2166 1260 2250 xxxv,
1289 2166 1342 2250 ti,
1370 2194 1508 2246 nnn
1540 2166 1735 2246 ιειῇθά
1753 2203 1888 2243 rua-

291 2277 402 2320 non
427 2278 526 2319 mn
560 2265 635 2334 (id
665 2276 747 2321 est
772 2270 1165 2333 maximus,ac
1209 2271 1359 2328 velut
1405 2290 1433 2326 a
1482 2288 1593 2329 nec
1619 2273 1739 2344 ipso
1779 2275 1887 2328 im-

293 2351 515 2423 missus)
547 2354 761 2429 invasit
790 2370 995 2412 omnes.
1027 2356 1117 2411 Sic
1146 2360 1298 2413 Psal.
1328 2374 1511 2428 xxxv,
1543 2362 1599 2429 7,
1621 2361 1884 2415 habetur:

297 2442 534 2497 Iustitia
553 2445 654 2499 tua
681 2428 977 2505 Sat-7T1?!)
1007 2462 1170 2503 srcur
1198 2463 1426 2505 nonres
1454 2464 1572 2518 DEI,
1597 2449 1636 2504 i.
1660 2466 1691 2505 e
1725 2466 1888 2507 mon-

298 2534 383 2586 tes
409 2531 696 2590 altissimi.
730 2536 792 2589 Et
817 2535 967 2592 Psal.
996 2551 1207 2610 LXth,
1230 2541 1290 2591 Η
1332 2556 1344 2592 :
1379 2538 1621 2610 Operuit
1664 2542 1887 2595 montes

294 2620 496 2676 umbra
524 2622 664 2692 ejus,
684 2625 751 2677 et
778 2622 1009 2679 arbusta
1041 2627 1160 2696 ejus
1196 2609 1452 2687 διε-ιτηᾶ
1497 2640 1714 2682 cennos
1768 2640 1886 2693 nsi,

294 2707 531 2763 maxime
588 2708 841 2767 nimirum
900 2707 1159 2767 sublimes
1214 2729 1279 2768 ac
1331 2728 1600 2783 proceras.
1667 2714 1889 2770 Accedit

296 2797 441 2867 quod
470 2796 681 2868 iisdem,
727 2800 925 2871 quibus
962 2802 1179 2872 Moyses
1213 2802 1343 2859 Gen.
1376 2816 1416 2870 ι,
1444 2805 1500 2868 2,
1533 2806 1697 2857 etiam
1721 2803 1889 2857 Isaias

295 2899 392 2949 XL,
421 2887 477 2953 '1,-
505 2887 730 2943 vocibus
758 2896 973 2944 utatur:
1001 2892 1367 2946 Exsiccatum
1389 2895 1472 2947 est
1490 2893 1730 2962 frenum,
1753 2894 1889 2963 quia

297 2978 434 3030 mm
465 2981 830 3034 m'tspmrrns
856 2991 1057 3031 neum
1080 2980 1323 3050 sufﬂavit
1344 2979 1409 3032 in
1429 2995 1491 3035 eo
1514 2996 1531 3032 :
1555 2980 1697 3049 quod
1720 2981 1891 3049 palam

295 3068 379 3117 est
402 3060 469 3115 de
498 3065 665 3120 vento
692 3063 1107 3135 intelligendum
1135 3080 1272 3121 esse.

368 3146 614 3204 Secunda
643 3150 904 3206 sententia
946 3153 1239 3207 multorum
1289 3161 1394 3222 est,
1439 3153 1533 3224 qui
1580 3169 1676 3222 per
1722 3155 1894 3228 spiri-

295 3238 425 3290 tum
469 3235 638 3307 illum,
667 3245 802 3293 teste
833 3238 891 3293 8.
922 3239 1061 3310 Aug.
1094 3240 1161 3294 de
1194 3230 1327 3298 Gen.
1361 3242 1433 3297 ad
1463 3242 1551 3297 lit.
1584 3243 1721 3313 imp.
1755 3256 1805 3296 c.
1841 3244 1895 3312 4,

296 3321 608 3397 intelligunt
635 3347 659 3377 ε
681 3328 914 3384 vitalem
942 3332 1291 3400 creaturam,
1319 3344 1425 3400 qua
1456 3328 1741 3384 universus
1760 3329 1891 3387 visi-

296 3411 430 3468 bilis
475 3416 723 3481 mundus,
774 3422 936 3489 atque
981 3416 1159 3472 omnia
1205 3424 1474 3490 corpOrea
1527 3417 1889 3484 continentur,

299 3506 358 3555 et
393 3510 778 3570 moventur,»
830 3511 975 3570 etc.,
1020 3512 1143 3574 aut,
1192 3513 1250 3561 ut
1297 3506 1357 3562 S.
1402 3507 1559 3561 Joan.
1609 3506 1889 3578 Chrysost.

300 3588 453 3645 hom.
497 3595 530 3646 3
578 3593 639 3648 in
693 3594 825 3649 Gen.
879 3591 1129 3659 afﬁrmat,
1182 3613 1209 3645 α
1241 3595 1386 3666 quod
1433 3595 1669 3651 adfuerit
1702 3594 1893 3652 efﬁcax

297 3677 548 3748 quaedam
592 3687 647 3735 et
689 3681 884 3737 vitalis
931 3684 1182 3754 operatio
1219 3685 1381 3755 aquis
1425 3683 1652 3754 (scilicet
1681 3684 1895 3740 occulta

296 3765 432 3839 ipsis
459 3769 722 3839 impressa
750 3770 1158 3839 fecunditasad
1187 3773 1627 3846 progenerandas
1651 3772 1894 3830 viventes

298 3862 588 3921 creaturas,
620 3855 800 3926 pisces
847 3872 1047 3928 nempe
1094 3871 1159 3913 ac
1206 3859 1634 3928 volucres,Gen.
1684 3875 1724 3923 ι,
1774 3859 1890 3932 2t),

298 3946 355 3995 et
382 3955 489 3997 non
538 3940 703 3997 fuerit
752 3944 1065 4012 simpliciter
1111 3960 1250 4013 aqua
1298 3951 1463 4007 stans,
1498 3959 1549 3999 et
1584 3947 1889 4017 immobilis,

299 4026 397 4082 sed
422 4028 656 4093 mobilis,
688 4036 743 4083 et
767 4030 1004 4086 vitalem
1031 4031 1318 4102 quamdam
1348 4031 1464 4087 vim
1492 4032 1714 4087 habens.
1752 4055 1773 4084 υ

365 4117 547 4172 Tertia
573 4118 756 4188 opinio
783 4118 850 4173 de
881 4121 1098 4191 Spiritu
1126 4123 1323 4177 sancto
1353 4120 1576 4190 exponit
1601 4138 1613 4174 :
1648 4120 1702 4175 in
1731 4137 1890 4192 quam

292 4217 383 4258 me
408 4204 577 4275 adigit
605 4205 768 4277 longe
795 4206 975 4274 major
1002 4207 1100 4260 SS.
1134 4208 1348 4262 Patrum
1392 4222 1670 4264 numerus.
1719 4228 1745 4261 α
1781 4209 1888 4265 Ve-

293 4290 409 4346 rius
436 4298 519 4348 est
568 4293 667 4361 (ait
708 4292 764 4347 S.
812 4295 997 4360 Basil.,
1029 4296 1177 4348 hom.
1226 4299 1258 4350 2
1306 4296 1372 4350 in
1419 4296 1746 4367 Haxaém.),
1777 4305 1890 4351 eta

1991 1853 2197 1907 aquas,
2250 1837 2336 1890 liis
2382 1834 2533 1892 velut
2578 1835 2981 1906 incorporatum
3018 1832 3222 1896 fuisse,
3270 1829 3450 1900 sicque
3497 1843 3590 1883 eas

1993 1924 2061 1980 ad
2089 1925 2502 1996 progeneranda
2548 1923 2779 1980 viventia
2820 1921 3182 1988 feecundasse,
3230 1926 3284 1973 et
3328 1916 3587 1987 Spiritum

1992 2020 2234 2068 sanctum
2283 2013 2384 2067 sub
2430 2014 2534 2067 hoc
2580 2029 2699 2067 aere
2744 2009 3087 2067 invisibiliter
3136 2007 3413 2069 latentem,
3461 2017 3587 2058 eas-

1992 2103 2115 2156 dem
2153 2117 2322 2172 aquas
2359 2101 2577 2168 virtute,
2628 2116 2730 2169 per
2780 2098 3107 2169 Baptismum
3165 2094 3299 2150 olim
3351 2093 3589 2149 animum

1993 2188 2359 2243 sanctiﬁcandi
2387 2188 2784 2259 quodammodo
2814 2185 3076 2240 initiasse.

2064 2274 2387 2327 Ferebatur.
2420 2271 2738 2325 Hebraicum
2793 2280 3027 2335 manu:
3097 2266 3246 2339 quod
3290 2264 3447 2321 LXX
3494 2280 3589 2335 per

1993 2356 2271 2427 ἐπεφέρετο,
2324 2356 2785 2429 superferebatur
2808 2396 2824 2425 ,
2886 2363 3203 2424 exponunt,
3294 2352 3588 2408 arcanioris

1993 2443 2235 2497 nonnihil
2274 2441 2690 2515 signiﬁcationis
2728 2440 2869 2512 apud
2896 2439 3157 2497 Hebraeos
3203 2452 3323 2492 esse
3369 2437 3584 2491 dicitur.

1990 2530 2280 2586 Enimvero
2307 2529 2366 2584 8.
2396 2529 2623 2586 Basilius
2672 2530 2727 2583 in
2773 2532 3039 2586 Hexaem.
3069 2544 3120 2584 c.
3154 2530 3205 2591 1,
3238 2525 3358 2596 Syri
3395 2524 3585 2593 cujus-

1995 2619 2121 2674 dam
2164 2619 2470 2690 interpretis
2529 2620 2710 2690 (quem
2766 2620 3127 2673 communiter
3180 2623 3372 2685 putant
3420 2615 3591 2670 fuisse

1996 2709 2054 2764 S.
2082 2708 2346 2779 Ephrem,
2392 2707 2572 2761 Basilii
2619 2706 2885 2778 insignem
2933 2704 3187 2774 amicum)
3227 2703 3589 2759 testimonium

1998 2796 2290 2859 adducens,
2341 2795 2423 2848 sic
2497 2793 2790 2863 profatur:
2858 2812 2881 2841 α
2914 2792 3047 2845 Illud
3094 2793 3280 2858 itaque
3311 2790 3583 2861 ὶπεφίρετο,

1997 2881 2478 2953 superferebatur,
2528 2879 2600 2933 ait
2647 2879 2839 2950 (Syrus
2892 2878 3025 2947 ille),
3055 2877 3444 2947 interpretatur
3489 2890 3587 2946 pro

1999 2971 2284 3038 συνέθαλπε,
2356 2968 2723 3039 confovebat,
2805 2968 3105 3021 secundum
3175 2964 3587 3020 similitudinem

1927 3067 1967 3141 ε
1999 3056 2254 3130 ἐζωογόνιι
2279 3057 2592 3120 animabat,
2626 3054 2922 3111 secundum
2969 3053 3374 3109 similitudinem
3415 3052 3587 3105 ἐπωα-

1996 3147 2174 3213 ζούσης
2213 3148 2404 3216 ὄρνιθος,
2445 3147 2561 3201 ovis
2591 3144 2918 3200 incubantis
2965 3145 3218 3215 gallinae,
3267 3148 3322 3195 et
3374 3141 3589 3196 vitalem

1998 3234 2286 3306 quamdam
2339 3236 2589 3287 virtutem
2673 3232 3032 3297 immittentis,
3081 3234 3185 3291 τοῖς
3243 3229 3587 3300 ὓποθαλπομι-

1996 3341 2121 3388 νοις,
2144 3322 2562 3392 concalefactis,
2616 3320 2870 3375 nimirum
2917 3320 3033 3375 ovis
3081 3318 3208 3375 illis.
3246 3337 3270 3370 ι
3319 3318 3591 3373 Consonat

1998 3410 2272 3465 Diodorus
2300 3411 2451 3464 Tars.
2489 3411 2543 3462 in
2573 3409 2856 3479 praefatum
2887 3407 3087 3464 Genes.
3136 3409 3240 3461 loc.
3291 3407 3363 3459 ita
3412 3406 3592 3459 disse-

1997 3514 2120 3555 rens
2153 3518 2165 3553 :
2205 3519 2227 3548 ι
2260 3498 2386 3554 Vult
2430 3498 2571 3553 enim
2613 3495 2874 3552 Hebraica
2911 3496 3078 3551 dictio
3125 3494 3395 3565 (nni-nn)
3424 3493 3590 3548 verbo

1997 3586 2257 3658 ἐπεφέρετο
2320 3585 2673 3656 respondens,
2727 3582 3029 3655 signiﬁcare
3060 3583 3228 3653 quod,
3289 3583 3426 3637 sicut
3472 3581 3592 3653 gal-

1998 3675 2109 3729 lina
2155 3676 2270 3730 ovis
2320 3674 2551 3739 incubat,
2601 3674 2704 3727 alis
2752 3673 2865 3727 suis
2911 3688 2976 3728 ea
3025 3682 3279 3743 tanquam
3308 3670 3591 3723 animanda

1997 3762 2230 3819 molliter
2248 3762 2588 3834 contingens,
2615 3764 2692 3816 sic
2719 3761 2881 3816 etiam
2913 3761 3165 3831 Spiritus
3204 3758 3361 3828 aquis
3397 3773 3610 3829 super-.

1997 3853 2310 3924 ferebatur,
2355 3866 2445 3905 cas
2490 3851 2635 3905 vitali
2681 3850 2860 3905 calore
2910 3849 3177 3904 imbuens.
3213 3867 3236 3901 ι
3289 3850 3462 3919 Atque
3492 3848 3595 3901 hoc

1998 3939 2180 4009 ipsum
2207 3939 2261 3995 S.
2296 3939 2518 3994 Hieron.
2551 3937 2606 3993 in
2637 3925 2737 4009 E13.
2770 3937 2843 3992 ad
2876 3936 3078 3993 Ocean.
3129 3943 3183 3991 et
3231 3935 3267 3992 l.
3309 3934 3377 3994 de
3431 3932 3590 3990 Trad.

1998 4030 2182 4095 Hebr.,
2229 4044 2331 4083 nec
2379 4028 2556 4082 minus
2586 4028 2647 4082 8.
2678 4030 2871 4081 Amlwr.
2904 4027 2940 4080 l.
2974 4043 2993 4081 ι
3022 4029 3084 4084 in
3114 4028 3381 4082 Hexaem.
3432 4040 3481 4080 c.
3534 4026 3590 4089 8,

1998 4115 2334 4179 confirmant;
2387 4125 2446 4168 ut
2498 4113 2643 4184 apud
2686 4113 2861 4167 Natal.
2907 4114 3057 4168 Alex.
3114 4120 3154 4165 t.
3204 4112 3246 4178 Ι,
3295 4114 3405 4165 Ait.
3458 4111 3525 4164 Μ.
3569 4110 3596 4164 Ι

1997 4202 2212 4256 dissert.
2264 4217 2304 4266 ι,
2354 4208 2456 4256 art.
2512 4204 2564 4269 2,
2599 4216 2771 4270 (prop.
2801 4205 2858 4266 2,
2888 4199 3144 4253 diffusius
3184 4199 3370 4251 videre
3397 4203 3498 4250 est.
3522 4196 3596 4249 Et

1998 4289 2234 4359 denique
2276 4288 2453 4343 adhuc
2488 4286 2737 4342 subtilius
2766 4287 2820 4339 id
2852 4286 2910 4343 S.
2942 4285 3090 4355 Aug.
3121 4286 3185 4339 de
3220 4285 3350 4339 Gen.
3394 4283 3466 4337 ad
3505 4283 3591 4338 lit.

293 4379 597 4448 majoribus
623 4380 821 4435 nostris
848 4382 1161 4450 probatum,
1189 4383 1333 4454 quod
1364 4385 1603 4455 spiritus
1633 4384 1720 4439 ille
1751 4386 1882 4457 δρία
1920 4374 1970 4454 ﬂ
1998 4391 2047 4433 c.
2080 4378 2133 4440 4,
2173 4373 2399 4446 explicat
2429 4392 2441 4429 :
2478 4393 2500 4425 σ
2533 4372 2682 4429 Sicut
2709 4375 3077 4444 superfertur
3102 4370 3350 4427 voluntas
3377 4369 3598 4426 artificis

294 4467 446 4522 ritus
476 4469 573 4525 Dei
597 4473 829 4524 sanctus
857 4468 1036 4525 dictus
1063 4482 1163 4540 est,
1195 4491 1219 4521 lt
1255 4481 1356 4529 etc.
1388 4472 1453 4525 Et
1481 4470 1539 4525 S.
1567 4474 1755 4528 Ambr.
1797 4473 1835 4531 l.
1871 4490 1889 4528 ι

293 4554 363 4608 in
390 4556 529 4611 Hem.
561 4571 612 4611 c.
643 4560 696 4622 8,
730 4557 906 4629 inquit
939 4575 952 4610 :
992 4579 1011 4605 ι
1044 4560 1158 4614 Nos
1186 4576 1309 4615 cum
1338 4566 1657 4615 sanctorum
1686 4566 1740 4615 et
1758 4558 1892 4616 ﬁde-

292 4640 431 4698 lium
486 4648 748 4700 sententia
800 4656 1202 4719 congruentes,
1265 4648 1521 4718 Spiritum
1572 4650 1627 4704 S.
1687 4648 1890 4721 accipi-

292 4745 438 4799 mus,
463 4751 489 4783 ι)
511 4740 615 4788 etc.
639 4735 749 4790 Nec
762 4734 939 4789 minus
959 4734 1015 4788 S.
1033 4736 1177 4791 Hier.
1203 4736 1270 4791 dc
1300 4737 1457 4792 Trad.
1481 4738 1648 4794 Hebr.
1668 4740 1729 4792 in
1754 4740 1888 4794 Gen.

289 4815 525 4875 afﬁrmat
554 4839 568 4874 :
605 4844 629 4872 α
666 4838 771 4878 non
800 4823 866 4877 de
894 4825 1084 4892 spiritu
1122 4825 1308 4879 mundi
1337 4824 1464 4890 dici,
1498 4827 1594 4881 sed
1642 4826 1710 4882 de
1761 4828 1892 4899 Spi-

287 4908 421 4965 ritu
449 4910 505 4966 S.
533 4911 627 4983 qui
654 4918 709 4966 et
748 4913 1067 4981 Viuiﬁeator
1093 4913 1335 4967 omnium
1386 4930 1414 4967 a
1458 4915 1726 4986 principio
1754 4915 1894 4971 dici-

285 5005 398 5053 tur.
432 5016 460 5049 »
495 4999 675 5072 Atque
718 5000 957 5072 idipsum
1007 5003 1059 5054 in
1106 5005 1206 5074 Ep.
1239 5002 1310 5057 ad
1344 5003 1546 5058 Ocean.
1586 5002 1890 5069 conﬁrmat,

284 5085 547 5158 inquiens
578 5103 593 5141 :
630 5107 656 5141 α
684 5089 1102 5159 Incompositam
1144 5099 1198 5145 et
1243 5090 1571 5147 invisibilem
1613 5092 1894 5147 materiam

280 5174 614 5246 abyssorum
643 5177 1024 5249 magnitudine
1050 5186 1104 5233 et
1131 5178 1469 5234 deformibus
1513 5178 1752 5233 tenebris
1781 5195 1893 5251 op-

280 5262 560 5333 primebat
606 5281 621 5321 :
673 5268 822 5322 solus
869 5268 1117 5338 Spiritus
1164 5268 1262 5323 Dei
1312 5267 1365 5321 in
1413 5266 1619 5339 aurigae
1674 5268 1895 5323 modum

284 5365 459 5425 super
495 5368 663 5424 aquas
700 5355 1005 5423 ferebatur,
1065 5363 1119 5410 et
1174 5363 1489 5412 nascentem
1536 5355 1799 5411 mundum
1838 5356 1894 5411 in

281 5439 470 5512 ﬁgura
496 5444 768 5515 baptismi
796 5444 1141 5515 parturiebat.
1177 5464 1204 5493 ιι
1254 5443 1396 5512 Quid
1425 5457 1551 5499 vero
1600 5444 1657 5498 S.
1698 5445 1894 5517 Augu-

281 5524 471 5586 tinus?
502 5531 781 5589 *Prwclare
808 5541 862 5589 et
889 5533 979 5589 hic
1007 5532 1061 5587 in
1112 5532 1150 5589 Ι.
1192 5547 1297 5587 xm
1328 5533 1492 5604 Conf.
1543 5547 1592 5588 c.
1634 5534 1690 5604 3,
1736 5548 1892 5589 men-

2001 4464 2177 4537 ligno,
2236 4470 2363 4534 etc.,
2412 4462 2498 4518 vel
2543 4461 2707 4517 etiam
2753 4461 2888 4533 ipsis
2936 4459 3193 4515 membris
3217 4459 3459 4530 corporis
3486 4459 3593 4527 sui,

2000 4569 2122 4627 quae
2158 4552 2226 4606 ad
2255 4551 2588 4623 operandum
2617 4557 2818 4607 movet.
2850 4569 2876 4600 ι)
2915 4547 3099 4619 Atque
3140 4548 3216 4603 ita
3261 4548 3419 4604 etiam
3448 4546 3595 4602 indi-

1996 4642 2196 4702 viduus
2239 4639 2528 4712 Augustini
2568 4641 2804 4695 sectator
2850 4639 2908 4694 S.
2950 4637 3201 4691 Thomas.
3231 4651 3271 4693 ι.
3304 4653 3383 4708 p.,
3414 4653 3470 4708 q.
3500 4638 3593 4701 66,

1998 4746 2047 4784 a.
2079 4746 2128 4783 s.
2159 4728 2399 4799 exponit.
3080 4747 3089 4757 η

2070 4816 2417 4874 Substantia.
2449 4814 2696 4870 Subaudi
2722 4814 2818 4869 sit.

2072 4906 2485 4977 Dignationem,
2516 4917 2613 4974 pro
2641 4901 3003 4974 dignitatem.

2074 4993 2253 5051 Sedes.
2286 4991 2457 5062 Igitur
2502 4989 2864 5046 Tertullianus
2894 4989 3008 5058 jam
3056 4987 3302 5043 Patribus
3353 4986 3479 5053 illis,
3528 4986 3615 5043 de.

2003 5082 2203 5154 quibus
2240 5095 2447 5151 supra:
2502 5081 2755 5152 Spiritus
2803 5079 2922 5143 Dei,
2976 5077 3153 5132 facem
3202 5076 3456 5146 praetulit,
3488 5090 3598 5131 non

2004 5169 2184 5224 minus
2213 5168 2252 5224 ι.
2285 5182 2362 5234 tv,
2394 5167 2519 5224 adv.
2565 5168 2729 5225 Marc.
2763 5169 2852 5230 26,
2886 5165 3131 5220 eamdem
3160 5166 3481 5221 sententiam
3514 5163 3596 5215 in-

2001 5257 2224 5314 sinuans
2255 5275 2269 5310 :
2302 5272 2633 5328 quanquam,
2683 5255 2731 5310 si
2774 5271 2962 5313 verum
3009 5254 3191 5309 dicere
3217 5254 3468 5313 velimus,
3500 5264 3597 5319 pa-

2002 5362 2121 5401 rum
2148 5353 2484 5409 constanter;
2516 5361 2638 5398 nam
2672 5344 2708 5398 l.
2739 5344 2863 5401 adu.
2896 5345 3149 5414 Hermag.
3173 5358 3223 5397 c.
3254 5344 3343 5407 32,
3372 5338 3430 5393 in
3458 5337 3596 5392 illud

1999 5436 2163 5492 Amos
2208 5449 2287 5500 tv,
2356 5438 2421 5489 13
2501 5436 2582 5503 (ιιι
2657 5432 2878 5504 quidem
2922 5432 3076 5486 LXX
3122 5431 3333 5500 legunt)
3389 5431 3595 5497 στερεῶν

1998 5522 2227 5595 βροντὴν,
2258 5523 2356 5595 qui
2397 5521 2606 5579 solidat
2667 5523 3010 5587 tonitruum,
3041 5518 3123 5571 καὶ
3157 5516 3336 5579 κτίζων
3381 5519 3595 5587 πνεῦμα,
