4050 6168
444 244 575 306 1211

439 376 497 431 et
522 368 712 428 condit
761 367 1056 440 spiritum,
1088 372 1221 432 etc.,
1254 364 1325 420 ita
1354 363 1572 421 disserit
1604 381 1619 420 :
1653 384 1680 417 α
1711 365 1851 421 Eum
1879 362 2041 436 spiri-

438 468 552 517 tum
581 458 875 516 conditum
903 454 1156 524 ostendit,
1189 454 1287 527 qui
1315 454 1371 509 in
1402 463 1572 510 terras
1598 451 1841 510 conditas
1867 455 2040 525 depu-

445 548 675 612 tabatur,
709 544 801 617 qui
830 559 994 615 super
1020 558 1185 616 aquas
1216 542 1512 613 ferebatur,
1546 542 1791 614 librator,
1837 551 1892 598 et
1937 541 2038 597 ad-

449 635 627 705 flator,
677 641 732 691 et
776 634 1042 689 animator
1098 631 1481 698 universitatis,
1538 647 1666 699 non,
1716 641 1775 687 ut
1820 629 2039 702 quidam

447 731 654 794 putant,
685 721 864 793 ipsum
907 722 1007 778 Dei
1049 718 1335 791 signiﬁcari
1369 721 1642 791 spiritum
1670 720 1868 789 (neque
1894 716 2039 773 enim

438 826 607 882 aqua:
661 809 953 864 Dominum
1006 808 1271 862 sustinere
1328 807 1701 879 sufﬁcerent);
1762 806 1856 863 sed
1911 821 2038 862 eum

442 899 724 971 Spiritum
752 897 902 964 dicit,
923 895 989 951 de
1017 911 1125 967 quo
1155 896 1322 952 etiam
1352 898 1508 952 venti
1537 896 1853 961 consistunt,
1882 917 1903 945 ι
1929 903 2032 952 etc.

438 987 549 1041 Aut
602 986 771 1058 igitur
825 983 1023 1054 prioris
1077 999 1189 1039 suae
1247 984 1527 1039 sententiae
1582 983 1864 1039 immemor
1920 985 2036 1039 haec

442 1074 675 1143 scripsit,
739 1080 833 1127 aut
888 1074 941 1127 in
998 1073 1227 1144 gratiam
1270 1072 1510 1127 Montani
1554 1072 1638 1127 sui
1690 1077 1836 1141 (tunc
1889 1071 2034 1127 enim

438 1160 567 1218 huic
608 1162 725 1231 jam
771 1176 850 1228 se,
901 1158 1071 1216 eheu!
1129 1160 1288 1230 plene
1333 1158 1630 1231 addixerat)
1673 1160 1766 1232 qui
1810 1160 2040 1231 ipsemet

438 1265 497 1306 se
544 1249 804 1321 Spiritum
853 1248 912 1304 S.
961 1249 1224 1321 sacrilege
1262 1249 1498 1318 jactasse
1545 1248 1905 1321 quorumdam
1949 1265 2035 1304 re-

438 1338 640 1395 latione
688 1339 1019 1409 perhibetur,
1070 1338 1179 1393 imo
1230 1345 1285 1393 et
1332 1338 1401 1393 ab
1447 1339 1681 1408 ipsemet
1722 1337 1945 1393 Tertull.
1978 1337 2036 1391 in

437 1443 478 1487 ι.
526 1428 593 1485 de
637 1428 845 1499 Monoy.
878 1441 930 1484 c.
963 1429 1016 1491 1,
1052 1425 1466 1497 compellatione
1508 1428 1797 1483 Paracleti
1832 1427 2035 1483 saluta-

437 1522 544 1584 tur,
572 1523 809 1573 veterem
838 1531 991 1571 suam
1021 1515 1349 1571 sententiam
1380 1514 1612 1570 fortasse
1641 1514 1917 1585 expunxit.

510 1605 735 1677 Liquor.
768 1603 1058 1675 Liquidum
1086 1606 1234 1659 aeris
1261 1603 1607 1659 elementum.

513 1694 761 1764 Semper.
794 1692 923 1746 Inde
947 1692 1066 1759 jam
1094 1706 1125 1743 a
1154 1690 1450 1759 primordio
1480 1689 1768 1747 creationis
1795 1706 1927 1749 suas.

510 1782 686 1837 Lata.
720 1777 1032 1847 Opponitur
1062 1778 1219 1834 tristi
1246 1779 1457 1850 abysso.

510 1866 788 1937 Simplex.
821 1863 1117 1920 Uniformis
1151 1881 1246 1933 per
1275 1865 1458 1921 omnia
1486 1864 1819 1921 substantiae.

510 1954 869 2025 Subjiciebat.
900 1952 963 2006 In
988 1969 1095 2024 quo
1127 1953 1357 2024 Spiritus
1384 1954 1441 2011 S.
1466 1958 1684 2027 aurigae
1711 1957 1776 2011 in
1804 1955 2037 2014 modum

438 2056 605 2112 super
634 2056 803 2111 aquas
831 2041 1134 2110 veheretur,
1191 2049 1249 2097 ut
1298 2043 1354 2097 S.
1406 2042 1555 2100 Hier.
1605 2043 1661 2098 in
1708 2046 1809 2116 Ep.
1852 2047 1920 2104 83
1965 2044 2038 2100 ad

443 2130 643 2188 Ocean.
676 2128 924 2199 explicat.
958 2128 1096 2185 Vide
1125 2145 1316 2201 supra.

508 2219 983 2277 Modulatricibus.
1028 2219 1304 2276 Modulari
1344 2226 1424 2273 est
1472 2234 1585 2275 rem
1631 2221 1918 2285 concinne,
1960 2220 2034 2274 ad

438 2316 647 2364 certum
665 2308 917 2376 modum,
941 2322 1038 2361 seu
1062 2306 1452 2378 elegantiorem
1481 2306 1775 2363 modulum
1796 2322 1858 2362 ac
1876 2322 2034 2364 men-

438 2410 633 2451 suram
682 2395 992 2464 disponere.
1027 2392 1177 2447 Unde
1206 2396 1606 2451 modulatrices
1635 2411 1795 2466 aqua:
1824 2394 1911 2450 hic
1938 2409 2035 2450 vo-

437 2489 643 2546 cantur,
676 2480 936 2552 quoniam
968 2480 1180 2536 1147
1212 2497 1280 2536 ex
1309 2481 1464 2553 ipsis,
1494 2481 1639 2538 velut
1683 2482 2033 2539 modulanti-

440 2566 557 2632 bus,
590 2582 656 2624 ac
682 2568 1029 2639 praescriptos
1076 2569 1334 2627 modulos
1377 2570 1593 2625 cuilibet
1619 2585 1799 2625 rerum
1826 2570 2034 2642 speciei

434 2655 835 2726 praebentibus,
869 2656 1194 2713 Universum
1221 2656 1328 2713 hoc
1352 2658 1623 2730 digestum
1652 2674 1791 2729 aque
1818 2659 2035 2715 coordi-

436 2751 621 2799 natum
651 2744 675 2798 f
674 2745 769 2801 uit.

508 2834 616 2891 Deo
644 2835 925 2891 constitit.
947 2833 1053 2891 Alii
1084 2852 1119 2889 a
1143 2849 1256 2889 nso
1286 2836 1562 2892 constitit.
1586 2833 1902 2907 Quanquam
1923 2849 2033 2891 non

437 2928 541 2985 est,
595 2921 743 2991 quod
789 2921 1118 2976 ordinarium
1158 2919 1445 2977 lectionem
1492 2922 1712 2979 omnino
1758 2923 2030 2979 damnem.

1508 240 1597 301 AD
1632 239 1922 304 GENUINA
1959 235 2406 299 TBRTULLIANI
2442 238 2657 301 OPERA

3598 241 3743 304 1212

2216 364 2444 434 Parere,
2468 378 2569 434 pro
2586 380 2877 436 apparere,
2910 368 2972 419 ut
3000 362 3054 418 in
3081 363 3119 419 l.
3149 362 3216 420 de
3247 366 3406 437 Spec.
3438 379 3489 421 c.
3514 368 3572 435 8,
3592 366 3743 423 idem

2145 450 2342 508 Noster
2372 470 2386 507 :
2422 473 2449 501 α
2479 452 2621 507 Ante
2672 453 2771 506 has
2817 460 2926 509 tres
2955 451 3078 507 Arae
3113 452 3270 509 trinis
3311 453 3414 508 diis
3466 461 3677 526 parent.
3710 474 3739 507 ι

2148 539 2272 596 Vid.
2306 548 2359 595 et
2388 540 2425 596 l.
2458 541 2581 598 adv.
2610 540 2783 598 Marc.
2812 555 2862 596 c.
2896 543 2984 606 15,
3014 550 3069 595 et
3096 540 3244 596 alibi.

2218 632 2530 687 Eternam.
2575 631 2654 685 Bx
2695 637 2947 687 contextu
2979 630 3322 686 vehementer
3346 630 3595 703 suspicor
3623 636 3745 689 ter-

2144 732 2347 773 renum
2377 717 2661 790 legendum
2689 734 2829 774 esse.
2860 716 3176 790 Quanquam
3207 724 3488 775 (sternam
3522 718 3748 775 tolerari

2145 820 2309 876 posse
2340 806 2661 873 existimem,
2710 813 2770 861 ut
2817 822 3008 862 sensus
3045 808 3115 861 sit
3147 823 3159 863 :
3215 823 3239 859 ‹
3271 807 3350 861 Ex
3393 807 3553 876 cujus
3592 807 3746 864 velut

2144 900 2280 948 nutu
2322 893 2430 949 vita
2474 902 2676 950 aeterna
2710 895 2999 967 dependet,
3033 912 3059 946 ι
3092 900 3218 964 etc.,
3251 910 3373 950 cum
3401 894 3510 948 vim
3541 897 3746 953 sancti-

2142 980 2339 1038 ﬁcandi
2402 983 2485 1039 vel
2543 984 2597 1037 in
2654 982 2776 1053 ipso
2840 980 2923 1037 sui
2977 981 3280 1053 primordio
3336 982 3741 1054 quodammodo

2143 1079 2432 1129 consecuta
2487 1072 2589 1139 sit,
2650 1080 2707 1127 ut
2762 1087 2930 1142 supra
2982 1070 3186 1127 dictum
3240 1070 3370 1141 fuit,
3431 1071 3742 1145 partimque

2145 1175 2263 1231 cap.
2298 1177 2420 1232 seq.
2450 1161 2683 1232 amplius
2727 1168 3043 1231 exponetur.
3081 1161 3353 1216 Caeterum
3379 1174 3505 1218 vero
3532 1177 3743 1233 aquam

2143 1248 2413 1321 quoddam
2480 1251 2610 1305 Vita:
2664 1253 2893 1305 internis
2950 1248 3255 1319 symbolum
3303 1262 3447 1316 esse,
3486 1247 3742 1305 Christus

2143 1335 2261 1410 ipse
2289 1337 2495 1392 mulieri
2523 1337 2879 1393 Samaritana:
2911 1338 3071 1392 Joan.
3105 1352 3182 1405 Iv,
3220 1339 3304 1400 10,
3338 1343 3467 1407 etc.,
3500 1352 3563 1393 ac
3589 1352 3738 1407 prat-

2145 1425 2330 1480 sertim
2358 1440 2417 1479 v.
2442 1427 2527 1493 14,
2558 1424 3007 1494 praemonstravit,
3039 1423 3287 1495 inquiens
3316 1444 3329 1480 :
3364 1424 3540 1496 Aqua,
3570 1440 3743 1498 quam

2142 1511 2281 1569 dabo
2326 1514 2399 1580 ei,
2447 1514 2547 1582 ﬁet
2595 1513 2659 1566 in
2703 1528 2764 1570 eo
2807 1515 2937 1585 fons
2964 1528 3124 1584 aqua
3151 1512 3411 1567 salientis
3458 1511 3521 1566 in
3555 1513 3740 1567 vitam

2146 1605 2444 1659 wternam.

2074 1702 2120 1781 Β
2216 1692 2282 1746 In
2310 1691 2545 1781 cazlesti,
2580 1690 2618 1744 i.
2648 1705 2697 1781 e.
2728 1706 2832 1781 per
2859 1688 3061 1761 aliquid
3090 1689 3343 1781 caleste,
3384 1686 3593 1781 scilicet
3637 1686 3741 1741 Sa-

2144 1785 2479 1833 cramentum
2508 1776 2789 1849 Baptismi,
2837 1793 2939 1834 ceu
2984 1776 3220 1833 medium
3265 1775 3334 1829 ad
3381 1774 3610 1830 salutem
3638 1787 3745 1831 no-

2145 1872 2328 1931 stram,
2360 1881 2519 1937 quam
2567 1868 2629 1922 in
2675 1867 2828 1924 ccelis
2875 1866 3105 1939 denique
3133 1862 3503 1936 adipiscimur,
3533 1876 3744 1919 summe

2143 1954 2526 2011 necessarium.

2653 2044 2810 2101 Nota:
2839 2043 2911 2098 ad
2936 2046 3107 2116 caput
3136 2043 3225 2098 IV.

2212 2132 2336 2203 Ipso
2366 2132 2581 2201 habitu,
2614 2148 2734 2198 seu,
2765 2149 2862 2203 per
2890 2131 3059 2196 illam,
3091 2146 3253 2202 quam
3303 2144 3431 2185 mox
3478 2135 3608 2199 post
3655 2127 3743 2184 sui

2140 2220 2459 2277 creationem
2489 2222 2543 2276 in
2574 2239 2632 2278 se
2662 2232 2931 2292 receptam
2954 2220 3206 2287 habebat,
3231 2219 3523 2277 initialem
3549 2232 3747 2290 quam-

2141 2308 2265 2363 dam
2294 2308 2401 2364 vim
2431 2309 2821 2366 sanctiﬁcandi.

2214 2396 2392 2468 Super
2408 2414 2604 2469 aquas.
2627 2398 2695 2452 Ut
2717 2413 2834 2468 cap.
2868 2412 3029 2469 praec.
3061 2403 3206 2452 not.:
3230 2396 3484 2468 Spiritus
3512 2401 3569 2450 et
3595 2396 3745 2464 fere-

2138 2482 2322 2540 batur.

2142 2632 2149 2635 ,
2208 2574 2697 2642 Reformaturum.
2730 2574 2810 2628 1b.
2842 2580 2955 2627 not.
2986 2593 2999 2629 :
3037 2572 3373 2644 Ite/"armari.

2214 2662 2587 2720 Mutuabatur.
2626 2663 2716 2719 Sic
2762 2662 2923 2717 etiam
2951 2662 3127 2719 Exod.
3158 2677 3243 2726 ιιι,
3275 2663 3325 2728 2,
3354 2673 3511 2716 mons
3540 2657 3738 2723 Horeb,

2137 2748 2193 2804 in
2213 2764 2322 2821 quo
2349 2754 2623 2823 apparuit
2651 2753 2920 2808 Dominus
2951 2751 3119 2822 Moysi
3148 2751 3207 2804 in
3236 2749 3475 2817 ﬂamma
3502 2747 3652 2818 ignis
3670 2744 3744 2802 de

2139 2839 2319 2897 medio
2366 2841 2515 2905 rubi,
2571 2856 2637 2895 ex
2688 2839 2969 2909 praesentia
2997 2853 3094 2892 om
3142 2834 3405 2907 singulari
3443 2833 3746 2907 quamdam

2141 2928 2477 2983 sanctitatem
2508 2928 2885 2993 contrahebat,
2917 2938 3079 2997 atque
3108 2926 3232 2981 ideo
3261 2924 3333 2981 ad
3358 2924 3514 2980 illum
3542 2937 3694 2979 usus
3723 2942 3739 2979 :

438 3006 575 3062 Nam
603 3015 656 3061 et
682 3021 795 3062 nso
823 3006 1015 3062 Graeca
1061 3007 1264 3078 phrasi,
1293 3023 1394 3078 pro
1416 3024 1523 3081 per
1547 3024 1699 3066 unum
1730 3027 1743 3067 :
1775 3012 2034 3068 constitit
2070 3012 2116 3096 ο
2144 3016 2325 3086 Solve,
2344 3016 2533 3086 inquit,
2569 3018 3024 3074 calceamentum
3057 3015 3122 3071 de
3149 3013 3376 3086 pedibus
3407 3013 3557 3078 tuis;
3589 3012 3747 3068 locus

439 3109 569 3151 vero
597 3109 693 3165 pro
718 3095 966 3164 ﬁrmiter
993 3099 1176 3168 stetit,
1201 3103 1292 3152 aut
1320 3097 1497 3169 potius
1523 3114 1626 3170 pro
1653 3101 2035 3159 constitutum
2090 3095 2097 3096 ⁷
2141 3103 2314 3170 enim,
2339 3106 2401 3160 in
2422 3120 2525 3177 quo
2551 3109 2690 3170 stas,
2713 3118 2898 3159 nam
2924 3116 3136 3159 suam
3163 3105 3264 3158 est.
3298 3100 3380 3154 Ib.
3402 3115 3455 3155 v.
3479 3102 3533 3153 5.
3558 3096 3746 3154 Simile

439 3186 543 3252 est,
574 3183 800 3254 intelligi
829 3193 1023 3255 potest.

512 3274 578 3328 In
591 3273 895 3329 medietate
907 3273 1216 3339 distinctis,
1232 3288 1324 3329 seu
1344 3275 1409 3329 in
1422 3275 1601 3332 medio
1614 3290 1712 3345 per
1736 3278 1839 3334 hoc
1858 3276 2034 3348 ipsum

439 3360 871 3430 ﬁrmamentum
919 3365 1205 3433 separatis.
1258 3364 1339 3418 Ita
1385 3362 1532 3418 enim
1578 3362 1717 3419 Gen.
1759 3380 1801 3432 ι,
1832 3370 1863 3420 6
1895 3375 1951 3419 et
1976 3367 2032 3431 7,

440 3464 594 3505 sacer
623 3458 799 3505 textus
828 3451 1001 3523 inquit
1024 3471 1053 3541 ε.
1070 3452 1200 3507 Fiat
1226 3452 1659 3520 ﬁrmamentum
1680 3463 1844 3514 cum
1882 3464 2035 3541 Tn:

440 3552 504 3594 1N
530 3555 707 3596 nemo
735 3556 1018 3605 novanon,
1041 3525 1242 3601 53131::
1259 3550 1380 3609 ’πη
1411 3557 1488 3596 ΕΤ
1518 3555 1646 3597 ινιΑτ
1673 3525 2035 3610 υινιειο,’νθι,

440 3629 499 3677 ut
526 3624 684 3693 Vulg.
738 3631 917 3679 noster
965 3623 1145 3691 habet,
1181 3624 1398 3678 dividat
1428 3640 1599 3696 aquas
1645 3624 1712 3678 ab
1750 3627 1931 3696 aquis.
1966 3627 2038 3681 Et

438 3710 576 3780 fecit
588 3724 729 3765 unus
739 3712 1190 3779 ﬁrmamentum,
1203 3711 1504 3783 diuisitque
1517 3727 1713 3782 aquas,
1727 3718 1825 3769 etc.
1846 3714 1980 3769 Gen.
1995 3727 2036 3781 ι,

441 3798 639 3853 6et'7.

515 3882 911 3954 Suspenderet,
961 3884 1017 3937 in
1057 3892 1240 3940 centro
1271 3885 1521 3940 Universi
1551 3884 1839 3955 nimirum;
1883 3904 2040 3943 nam-

442 3985 549 4042 que
578 3969 712 4025 inibi
733 3986 878 4026 usus
896 3971 1163 4045 appendit
1190 3972 1373 4029 tribus
1402 3973 1596 4045 digitis
1614 3978 1821 4032 molem
1843 3981 2033 4035 terra.

444 4060 551 4116 Isa.
583 4075 679 4124 XL,
713 4063 800 4115 12.

514 4151 715 4218 Habiti,
749 4150 815 4207 ad
843 4151 1182 4224 recipiendas
1207 4153 1472 4225 ejusmodi
1500 4154 1701 4228 ﬁguras
1726 4156 2036 4227 tractabili,

440 4255 539 4296 seu
566 4240 784 4297 idonea.

2141 3192 2443 3263 exemplum
2472 3193 2706 3248 occurrit
2731 3192 2842 3249 los.
2871 3208 2955 3261 ιη,
2988 3194 3042 3258 5,
3073 3202 3127 3247 et
3152 3189 3279 3245 alibi
3308 3189 3486 3260 plura.

2212 3284 2439 3355 Rapiat.
2488 3283 2800 3350 Contrahat,
2846 3282 2993 3339 velut
3035 3281 3089 3337 vi
3136 3278 3370 3353 quadam
3419 3278 3493 3334 ad
3538 3292 3601 3333 se
3648 3292 3749 3332 ra-

2139 3384 2323 3442 piens.

2215 3460 2463 3517 Insidere
2488 3461 2736 3531 facilem.
2774 3457 3135 3514 Hellenismus
3162 3463 3271 3527 est;
3303 3454 3384 3511 sic
3410 3453 3562 3510 enim
3589 3452 3753 3509 Gre-

2144 3562 2240 3604 cus
2332 3548 2555 3614 diceret,
2668 3542 2883 3602 εἰσδῦναι
2935 3546 3018 3598 καὶ
3074 3544 3401 3617 ἐγκαθέζεσθαι
3455 3542 3750 3615 πρόχειρον,

2143 3650 2267 3691 cum
2292 3636 2526 3702 Latinus,
2557 3638 2727 3708 facile
2752 3638 3142 3708 penetrantem
3171 3638 3228 3691 et
3257 3632 3623 3691 insidentem.

2217 3723 2630 3782 Subtilitatem.
2684 3724 3050 3779 Similitudine
3097 3721 3328 3794 quadam
3365 3717 3664 3790 corporali,
3695 3724 3753 3773 et

2145 3810 2215 3867 ad
2244 3827 2443 3891 sensus
2487 3813 2886 3870 accommodata
2934 3812 3012 3867 uti
3059 3811 3303 3878 videtur;
3336 3808 3405 3864 de
3434 3808 3577 3864 oleis
3622 3804 3753 3878 qni-

2143 3898 2377 3955 busdam
2433 3899 2656 3958 1148
2710 3917 2773 3958 ac
2831 3902 3122 3965 tincturis,
3171 3895 3525 3954 solidissimas
3582 3893 3750 3951 etiam

2147 3989 2475 4045 substantias
2530 3988 2956 4059 penetrantibus.
3011 3985 3297 4056 Quomodo
3352 3993 3541 4041 autem
3607 3980 3753 4038 sub—

2148 4077 2381 4145 stantia,
2434 4085 2525 4132 aut
2570 4077 2800 4148 qualitas
2843 4074 3172 4146 spiritualis,
3220 4073 3277 4127 in
3323 4071 3573 4141 subjecto
3619 4084 3753 4125 cor-

2150 4181 2318 4237 poreo
2372 4166 2676 4237 recipiatur,
2734 4165 2789 4220 id
2843 4165 3117 4221 enimvero
3174 4158 3517 4234 philosophis
3574 4156 3750 4214 multo

2149 4252 2425 4309 difﬁcilius
2449 4252 2710 4324 explicatu
2739 4260 2840 4307 est.

515 4328 771 4423 Succida,
802 4344 899 4423 pro
927 4331 1282 4423 succulenta,
1306 4331 1523 4423 utidem
1544 4333 1697 4391 Varr.
1721 4333 1759 4389 l.
1783 4350 1846 4407 ιι,
1865 4351 1914 4391 c.
1944 4339 2034 4403 11,
2077 4329 2133 4423 ο
2225 4344 2507 4414 concepit,
2559 4357 2658 4413 pro
2685 4343 2897 4414 incepit
2928 4338 3193 4409 fortasse;
3240 4342 3335 4392 aut
3371 4348 3569 4391 sensus
3615 4340 3701 4388 est
3730 4349 3745 4386 ε

442 4414 518 4470 ait
548 4434 563 4468 :
599 4435 625 4467 ι
658 4417 708 4471 Α
735 4418 937 4473 sudore
981 4417 1160 4475 ovium
1208 4434 1395 4476 recens
1439 4420 1568 4475 lana
1612 4430 1765 4477 tonsa
1808 4425 2039 4482 succida
2079 4414 2122 4423 ⁷
2148 4432 2264 4487 vim
2290 4430 2689 4500 sanctiﬁcandi
2717 4430 2989 4501 concepit,
3021 4428 3057 4484 i.
3088 4442 3139 4482 e.
3170 4426 3227 4480 in
3256 4440 3316 4481 se
3343 4423 3582 4495 recepit.

442 4502 707 4572 appellata
734 4511 838 4558 est.
875 4526 897 4553 ι

515 4590 689 4646 Limo.
714 4590 904 4647 Graeca
932 4593 1114 4663 phrasi
1140 4608 1237 4664 pro
1264 4596 1330 4649 in
1362 4596 1586 4667 limum,
1609 4595 1664 4650 in
1694 4611 1855 4669 quem
1884 4602 2040 4656 terra

444 4691 508 4730 ex
540 4678 824 4748 superstite
851 4679 1081 4736 humore
1112 4696 1291 4752 aqueo
1316 4682 1553 4737 emollita
1581 4682 1777 4739 fuerat.

518 4767 633 4823 Aut
659 4770 867 4838 gratia.
902 4770 973 4825 Ut
1001 4770 1117 4826 Cic.
1150 4769 1189 4827 l.
1223 4786 1285 4835 ιι,
1328 4771 1489 4842 epist.
1520 4775 1551 4826 3
1581 4773 1654 4829 ad
1685 4774 1879 4842 Quint.
1913 4777 1989 4831 ait
2020 4791 2033 4833 :

450 4872 474 4904 ι
527 4853 732 4910 Caetera
782 4871 904 4926 quae
956 4865 1078 4911 sunt
1127 4856 1185 4911 in
1227 4858 1388 4913 rebus
1438 4861 1642 4917 nostris
1699 4862 2035 4934 hujusmodi,

446 4939 608 5009 plena
636 4940 915 5011 dignitatis
943 4949 997 4996 et
1026 4942 1231 5015 gratiae,
1270 4965 1294 4996 ι
1327 4945 1383 5000 id
1412 4954 1513 5015 est,
1544 4950 1858 5006 venustatis.

521 5029 775 5100 Ingenia.
815 5032 1111 5102 Ingenium
1140 5032 1208 5089 de
1236 5033 1549 5092 inanimatis
1594 5053 1810 5110 quoque
1855 5040 2039 5111 rebus,

446 5114 641 5173 saltem
696 5120 1014 5191 improprie,
1071 5121 1285 5191 dicitur,
1332 5141 1433 5197 pro
1478 5126 1529 5184 vi
1569 5126 1760 5185 iisdem
1809 5132 2039 5201 innata,

443 5221 540 5262 seu
571 5209 732 5264 intus
757 5211 973 5281 genita,
993 5227 1155 5283 quam
1183 5213 1316 5270 alias
1343 5231 1562 5288 quoque
1592 5218 1842 5277 indolem
1862 5219 2044 5277 dicere

446 5294 699 5392 solemus.
727 5298 839 5371 Ego
860 5307 1037 5357 autem
1066 5317 1166 5372 pro
1197 5305 1430 5375 ingenia
1448 5304 1738 5378 legendum
1765 5310 2040 5382 ingenita,

443 5385 485 5437 i.
516 5398 569 5439 e.
602 5385 934 5458 ingenerata,
965 5388 1230 5460 suspicor.

520 5472 994 5544 Instrumentum,
1026 5478 1095 5533 ad
1123 5477 1358 5535 inﬁnitos
1375 5493 1548 5553 prOpe
1568 5496 1700 5539 usus
1720 5490 1774 5541 et
1795 5483 2042 5547 effectus.

2220 4520 2309 4575 Ex
2335 4536 2402 4576 ea
2429 4522 2593 4592 parte
2614 4535 2745 4590 qua,
2767 4518 2805 4573 i.
2828 4533 2877 4574 c.
2898 4518 2964 4575 in
2989 4520 3241 4580 tantum,
3262 4513 3326 4570 in
3345 4515 3630 4586 quantum
3649 4522 3752 4580 ge-

2150 4623 2253 4664 nus
2283 4606 2520 4679 quidem,
2552 4614 2655 4662 etc.

2223 4698 2290 4752 In
2319 4696 2518 4766 specie.
2551 4695 2683 4749 Fors
2711 4692 3003 4765 legendum
3030 4693 3093 4747 in
3123 4690 3385 4762 speciem.

2224 4784 2509 4839 Diluatur.
2544 4780 2774 4848 Quidam
2818 4779 3037 4837 codices
3083 4779 3355 4833 deluatur
3381 4774 3619 4844 habent;
3648 4785 3754 4828 ve-

2149 4877 2291 4926 teres
2318 4868 2464 4924 enim
2494 4868 2723 4925 deluere
2752 4882 2851 4939 pro
2869 4868 3078 4933 eluere,
3100 4873 3155 4921 et
3173 4863 3321 4937 apud
3349 4863 3568 4920 Festum
3596 4858 3757 4915 delu-

2146 4958 2305 5017 uium
2336 4972 2435 5028 pro
2466 4956 2676 5013 diluvio
2701 4956 2970 5012 dicebant.

2220 5046 2288 5102 In
2322 5045 2515 5102 Tiberi.
2550 5047 2739 5101 Romae
2767 5045 3043 5108 nimirum,
3073 5056 3237 5114 quam
3273 5038 3466 5112 utique
3510 5052 3611 5110 per
3660 5035 3755 5091 Ti-

2150 5132 2346 5202 berim,
2377 5133 2581 5190 ﬂumen
2624 5132 2750 5189 huic
2789 5132 2921 5189 Urbi
2967 5129 3300 5196 interﬂuum,
3333 5126 3611 5199 designat.
3640 5124 3755 5181 Pe-

2151 5226 2310 5281 trum
2344 5221 2513 5294 igitur
2562 5225 2746 5279 Romae
2775 5222 2953 5293 fuisse
2979 5219 3197 5290 illicque
3242 5232 3367 5275 cum
3412 5215 3595 5272 Paulo
3624 5226 3758 5285 pas-

2150 5327 2307 5378 sum,
2361 5311 2715 5368 Tertullianus
2782 5325 2891 5367 non
2956 5309 3059 5364 hoc
3120 5310 3417 5374 duntaxat,
3476 5300 3574 5359 sed
3628 5299 3760 5357 aliis

2149 5416 2369 5473 quoque
2424 5401 2578 5471 locis,
2625 5416 2723 5457 ceu
2772 5413 2885 5454 rem
2934 5397 3150 5469 penitus
3209 5393 3563 5451 indubitatam
3622 5406 3756 5463 sup

2149 5490 2327 5562 ponit.
2374 5489 2464 5548 Sic
2509 5489 2654 5546 enim
2681 5488 2719 5546 l.
2752 5503 2807 5548 tv
2835 5487 2962 5545 adv.
3008 5487 3172 5545 Marc.
3203 5500 3256 5543 c.
3285 5487 3342 5555 5,
3371 5482 3489 5541 ait:
3522 5501 3546 5534 ι
3582 5479 3757 5538 Vide-
