4050 6168
313 249 449 310 1213

1125 249 1457 311 APPENDIX
1495 249 1556 306 ν.
1598 279 1670 290 -
1707 248 1770 306 D.
1835 249 2216 310 CORBINIANI
2255 250 2498 311 THOMZE
2540 251 2777 311 ADNOT.

3465 257 3600 317 12H

307 389 449 439 mus,
481 372 612 443 quid
651 372 813 428 etiam
858 373 1080 430 Romani
1112 373 1178 429 de
1219 375 1464 444 proximo
1509 380 1727 438 sonent,
1762 373 1896 444 qui-
1931 372 1976 452 Α
2010 375 2122 429 rit?
2152 377 2254 431 Aut
2285 376 2515 448 denique
2545 378 2786 434 Ecclesia
2822 378 3061 434 Romana
3099 379 3213 434 sola
3253 386 3360 434 tam
3399 378 3600 452 ignotae

305 462 406 518 bus
449 462 798 533 Evangelium
833 471 887 518 et
915 463 1110 520 Petrus
1157 474 1210 520 et
1246 463 1461 531 Paulus,
1490 463 1754 537 sanguine
1798 477 1896 519 suo

304 551 572 624 signatum
607 551 955 621 reliquerunt.
1001 575 1022 602 η
1060 554 1194 608 Huic
1230 553 1458 626 gemina
1495 560 1640 620 sunt,
1679 568 1804 624 qum
1835 552 1892 607 in

304 639 342 697 ι.
390 640 457 696 de
501 642 845 711 Prwscript.,
877 655 994 711 cap.
1041 643 1128 712 36,
1160 641 1325 696 habet
1355 657 1370 695 :
1406 663 1430 693 α
1473 641 1575 698 Sed
1607 650 1660 697 et
1694 642 1896 697 Roma-

303 741 495 782 norum
545 727 785 782 Ecclesia
829 728 1157 784 Clementem
1204 744 1234 783 a
1273 729 1432 785 Petro
1481 729 1728 799 (ubinam
1766 743 1896 786 vero

301 814 403 870 nisi
449 814 683 870 Romae?
730 831 854 868 nam
905 815 1152 872 Clemens
1204 821 1489 875 Romanus
1535 829 1654 872 ortu
1708 816 1898 885 fuerat,

300 917 399 959 nec
433 905 634 974 Roma,
676 903 780 958 nisi
811 905 926 974 jam
975 907 1357 962 Romanorum
1417 906 1735 978 episcopus,
1775 912 1830 962 et
1866 921 1898 960 a

301 993 534 1062 Trajano
578 992 633 1046 in
679 993 932 1049 exsilium
980 1002 1156 1060 actus,
1203 994 1544 1065 discesserat)
1592 994 1896 1050 ordinatum

302 1078 432 1134 edit.
478 1101 503 1128 ιο
536 1080 741 1135 Rursus
780 1089 956 1136 autem
987 1081 1040 1134 in
1081 1082 1272 1155 Scorp.
1303 1097 1352 1137 e.
1387 1087 1474 1139 15.
1506 1083 1578 1138 ita
1616 1083 1851 1153 loquitur
1882 1100 1898 1139 :

303 1187 329 1218 α
371 1168 647 1224 Orientem
695 1167 857 1225 ﬁdem
908 1170 1094 1225 Romae
1142 1171 1346 1243 primus
1393 1171 1538 1226 Nero
1577 1171 1899 1229 cruentavit.

299 1255 450 1312 Tune
490 1256 676 1312 Petrus
705 1257 774 1313 ab
803 1259 972 1314 altero
1014 1259 1277 1330 cingitur,
1310 1275 1435 1316 eum
1480 1259 1627 1316 cruci
1666 1259 1900 1315 adstrin-

298 1344 444 1416 gitur
494 1363 507 1402 :
553 1357 678 1403 tunc
726 1347 921 1402 Paulus
970 1347 1200 1403 civitatis
1248 1349 1502 1404 Romanae
1548 1348 1900 1420 consequitur

295 1433 646 1500 nativitatem,
677 1451 800 1491 cum
846 1435 954 1492 illic
992 1437 1229 1508 martyrii
1268 1437 1571 1494 renascitur
1606 1438 1894 1510 generosi-

298 1531 424 1579 tate.
470 1542 494 1576 ι
547 1525 716 1596 Igitur
756 1525 865 1594 jam
905 1525 1007 1579 sub
1044 1525 1252 1581 initium
1309 1526 1495 1582 saeculi
1548 1543 1630 1592 ιιι,
1677 1527 1794 1582 haec
1841 1525 1895 1580 in

297 1611 728 1681 Carthaginiensi
792 1613 1046 1678 Ecclesia,
1106 1614 1234 1686 quin
1301 1624 1355 1669 et
1417 1631 1510 1685 per
1567 1623 1729 1670 totam
1788 1613 1894 1669 late

2005 464 2237 535 originis
2272 475 2372 530 est,
2414 474 2473 520 ut
2509 482 2632 521 cum
2678 478 2995 523 eseterarum
3048 483 3216 538 prepe
3265 469 3509 523 omnium
3549 477 3602 525 et

2005 551 2166 624 longe
2224 553 2623 626 ignobiliorum,
2676 557 2835 625 primi
2892 555 3202 612 fundatores
3248 574 3312 610 ex
3369 556 3599 613 II49

2003 639 2273 710 probabili
2323 643 2510 698 saltem
2560 641 2747 699 notitia
2802 642 3188 714 designentur,
3236 645 3288 698 in
3341 646 3599 701 Romanae

2003 734 2185 782 autem
2242 728 2383 784 illius
2437 739 2560 786 ortu
2619 730 2946 802 assignando
2996 739 3105 787 tota
3161 733 3451 804 antiquitas
3498 734 3596 788 de-

2002 825 2158 886 cepta
2193 815 2399 872 fuerit?

2071 904 2256 974 Itaque
2305 906 2420 962 haec
2456 905 2900 980 Carthaginensis
2944 907 3202 962 Ecclesiae
3242 908 3454 964 traditio
3493 924 3600 965 non

2004 999 2204 1048 temere
2233 993 2346 1050 illic
2389 1002 2597 1063 exorta,
2629 1004 2721 1050 aut
2761 995 2992 1050 subdole
3038 997 3283 1061 conﬁcta,
3318 998 3414 1052 sed
3439 997 3506 1052 ab
3534 998 3601 1054 iis

2005 1081 2255 1136 omnibus
2288 1083 2378 1155 qui
2418 1085 2636 1138 Petrum
2684 1084 2870 1139 Romae
2918 1083 3182 1153 viderant,
3214 1085 3601 1155 praedicantem

2003 1169 2302 1240 audierant,
2353 1171 2606 1242 martyrio
2655 1172 2904 1240 ejusdem
2963 1172 3158 1227 oculati
3215 1183 3378 1229 testes
3429 1175 3600 1230 inter-

2005 1256 2235 1323 fuerant,
2271 1259 2338 1314 ad
2379 1263 2624 1330 posteros
2663 1269 2979 1332 prepagata,
3021 1261 3331 1334 Carthagini
3371 1263 3600 1335 indeque

2004 1346 2226 1418 reliquis
2263 1347 2528 1405 Africanis
2592 1348 2868 1413 Ecclesiis,
2919 1365 3024 1402 una
3089 1365 3212 1404 cum
3278 1350 3596 1422 Evangelio,

2003 1435 2147 1502 quod
2196 1436 2278 1489 hae
2306 1451 2337 1490 a
2364 1436 2608 1492 Romana
2652 1437 2916 1501 Ecclesia,
2950 1445 3010 1491 ut
3046 1437 3104 1492 S.
3144 1441 3284 1510 Aug.
3319 1439 3373 1493 iu
3416 1441 3594 1511 Epist.

2004 1526 2105 1576 l62
2157 1532 2398 1589 testatur,
2455 1534 2798 1597 acceperant,
2855 1526 3003 1581 illata
3060 1525 3247 1592 fuisse,
3304 1527 3600 1583 indubitato

2002 1610 2147 1664 credi
2193 1609 2370 1677 debet,
2426 1620 2532 1666 tam
2580 1611 2791 1668 fortiter
2838 1631 2935 1684 per
2980 1629 3171 1670 omnes
3214 1615 3394 1670 ubivis
3433 1625 3600 1670 terra-

299 1699 558 1768 Africam,
604 1701 906 1758 invaluerat
945 1702 1182 1770 traditio,
1218 1703 1450 1768 nemine,
1500 1719 1568 1756 ne
1606 1702 1895 1758 haeretico-
1932 1692 1973 1768 Β
2003 1715 2122 1753 rum
2156 1699 2422 1756 Ecclesias
2452 1699 2708 1770 stabilita,
2736 1709 3006 1757 utcontra
3047 1712 3121 1756 tot
3150 1703 3384 1772 testium,
3417 1710 3472 1759 et
3500 1719 3601 1773 pu-

297 1803 420 1842 rum
450 1788 683 1857 quidem,
718 1805 856 1860 quos
895 1797 1000 1844 tam
1039 1790 1253 1860 acriter,
1286 1797 1340 1844 et
1378 1789 1621 1855 ubilibet,
1656 1791 1889 1846 insecta-

299 1879 384 1928 tus
441 1873 614 1929 fuerat
671 1876 1053 1943 Tertullianus,
1101 1877 1348 1933 eamdem
1403 1879 1697 1949 quidquam
1751 1894 1889 1934 eon-

293 1960 497 2016 vellere
527 1979 680 2019 auso.

364 2049 470 2105 Sed
506 2065 682 2122 neque
719 2051 792 2107 ita
831 2053 1040 2109 seclusa
1080 2069 1111 2108 a
1139 2053 1398 2110 Romanis
1440 2061 1553 2109 erat
1599 2054 1889 2129 Carthago,

293 2143 354 2192 ut
401 2139 617 2192 nonnisi
677 2140 901 2206 tardius,
951 2158 1013 2196 ac
1059 2141 1264 2199 incerto
1320 2159 1559 2208 rumore,
1600 2161 1686 2198 res
1733 2145 1892 2214 paulo

294 2225 470 2298 magis
527 2227 792 2299 insignes,
843 2229 1160 2299 noviterque
1211 2239 1414 2302 gestas,
1454 2230 1593 2284 ultro
1650 2231 1892 2301 citroque

300 2314 528 2386 perferri
578 2331 717 2386 Opus
762 2315 964 2391 fuerit;
996 2333 1119 2371 nam
1163 2326 1216 2372 et
1262 2333 1293 2371 a
1331 2319 1474 2372 Julio
1526 2317 1736 2373 Caesare
1776 2329 1892 2374 tra-

291 2403 450 2461 ducta
480 2405 604 2459 illuc
635 2405 844 2476 integra
884 2409 1262 2465 Romanorum
1310 2409 1523 2462 civium
1571 2407 1802 2472 colonia,
1835 2417 1893 2465 et

292 2493 362 2548 ab
393 2496 645 2566 Augusto
675 2509 990 2551 successore
1019 2495 1139 2566 ipsa
1165 2495 1360 2564 Africa
1390 2503 1609 2551 senatus
1637 2496 1888 2568 potestati

293 2581 511 2650 tradita,
544 2592 599 2637 et
629 2598 724 2638 ceu
754 2585 1052 2640 Prouincia
1105 2587 1358 2640 Romana
1385 2599 1484 2654 per
1515 2599 1723 2639 annuos
1747 2601 1884 2656 pro-

291 2672 550 2728 consules
597 2671 858 2742 deinceps
900 2671 1287 2737 administrata,
1333 2679 1387 2726 et
1427 2673 1494 2727 ab
1541 2673 1688 2726 Italis
1734 2673 1886 2730 navi-

289 2759 391 2812 bus
429 2759 501 2812 ob
545 2758 797 2814 frumenti
836 2773 1009 2830 prope
1047 2759 1412 2828 quotidianam
1455 2759 1883 2830 exportationem

288 2843 552 2912 (Africam
598 2847 737 2901 enim
770 2849 954 2904 Italia:
997 2847 1260 2904 horreum
1291 2847 1397 2902 illis
1427 2848 1757 2918 temporibus
1784 2863 1880 2902 au-

290 2931 478 3001 diisse,
509 2949 576 2988 ex
623 2935 804 2990 Tacito
848 2936 884 2989 l.
927 2952 986 2990 III
1031 2937 1180 2992 Hist.
1225 2951 1343 3006 cap.
1395 2937 1482 3000 48,
1515 2951 1576 2990 ac
1614 2936 1886 3007 plerisque

290 3027 404 3076 tum
433 3022 655 3092 Graecis,
682 3033 790 3078 tum
826 3024 1030 3079 Latinis
1061 3041 1240 3080 rerum
1269 3025 1634 3081 Romanorum
1665 3025 1886 3096 scripto-

291 3109 444 3164 ribus
484 3111 644 3167 nimis
687 3129 850 3182 quam
891 3120 1074 3168 notum
1114 3114 1242 3180 est),
1273 3121 1382 3167 tum
1423 3112 1650 3168 aliorum
1682 3114 1882 3169 merci-

289 3198 595 3255 moniorum
643 3217 805 3254 causa
849 3209 1111 3272 perpetuo
1158 3200 1494 3272 frequentata
1545 3200 1739 3257 fuerat.
1774 3202 1882 3258 Oro

291 3283 482 3357 igitur,
535 3291 903 3360 obtestorque,
975 3305 1080 3358 quo
1147 3297 1362 3346 auctore
1426 3305 1536 3346 non
1608 3292 1880 3363 Carthago

293 3380 523 3443 tantum,
552 3378 644 3431 sed
684 3387 793 3432 tota
835 3380 1047 3448 Africa,
1082 3378 1188 3434 sibi
1227 3386 1451 3448 tantum,
1495 3386 1710 3451 tamque
1748 3395 1885 3434 con-

296 3471 446 3518 stans
497 3465 829 3522 mendacium
885 3466 1077 3520 alliniri
1134 3482 1291 3537 passa
1348 3466 1558 3533 fuisset,
1603 3475 1695 3522 aut
1749 3482 1885 3536 quo-

292 3552 458 3607 modo
514 3554 750 3609 veritatis
805 3553 995 3624 ipsius,
1056 3571 1151 3622 per
1208 3555 1520 3610 innumeras
1573 3557 1886 3612 occasiones

289 3640 487 3695 melius
523 3641 888 3711 explorandae,
932 3652 1037 3699 tam
1087 3643 1294 3699 incuria
1339 3659 1457 3699 esse
1509 3643 1785 3714 potuisset,
1827 3651 1886 3698 ut

289 3745 396 3784 non
437 3731 626 3786 saltem
669 3729 1050 3800 Tertullianus,
1083 3733 1214 3788 alias
1253 3734 1308 3786 in
1351 3735 1646 3789 Romanam
1690 3735 1881 3790 Eccle-

288 3818 461 3884 siam,
519 3821 818 3890 prmsertim
875 3832 1156 3892 postquam
1210 3822 1276 3875 ad
1331 3823 1640 3878 Montanum
1699 3840 1885 3892 suum,

289 3903 489 3974 impius
523 3909 793 3972 desertor,
827 3907 1207 3980 transfugerat,
1252 3909 1621 3964 conviciorum
1662 3911 1883 3964 minime

287 4008 500 4066 parcus,
543 3997 814 4052 traditioni
862 3996 940 4051 illi
989 3996 1308 4052 mendacem
1354 4012 1502 4050 suam
1549 3997 1747 4051 larvam
1787 3998 1883 4053 de-

288 4083 564 4149 traxisset,
624 4101 729 4140 non
797 4086 978 4157 utique
1042 4093 1374 4148 cessaturus,
1434 4085 1675 4140 Romano
1733 4085 1880 4138 clero

286 4171 426 4226 hanc
465 4173 813 4242 imposturam
853 4174 1111 4244 objicere,
1145 4173 1190 4228 si
1231 4173 1284 4226 in
1325 4173 1444 4239 ejus
1484 4171 1671 4226 saltem
1705 4171 1881 4242 suSpi-

280 4259 493 4314 cionem
523 4277 760 4333 unquam
809 4265 1104 4332 perductus
1151 4260 1381 4316 fuisset?
1412 4261 1519 4313 Aut
1546 4274 1724 4312 annon
1774 4259 1878 4329 ipsi

283 4351 660 4420 proconsules,
701 4367 764 4405 ae
807 4350 1089 4420 imprimis,
1131 4349 1246 4419 qui,
1289 4354 1420 4403 teste
1476 4347 1680 4412 Tacito,
1729 4351 1874 4403 Hist.

280 4434 318 4488 l.
371 4453 408 4504 ι,
458 4453 576 4508 cap.
626 4441 680 4503 ’7,
732 4437 934 4492 ultimis
988 4439 1220 4493 Neronis
1277 4437 1614 4506 temporibus
1671 4436 1875 4492 Africae

281 4533 533 4595 praeerat,
567 4525 784 4581 Clodius
813 4528 1001 4594 Mater,
1032 4534 1120 4580 aut
1146 4525 1238 4597 qui
1268 4540 1392 4579 eum
1421 4528 1692 4580 consecuti
1725 4535 1869 4595 sunt,

278 4610 570 4682 Vipsanius
631 4614 993 4684 Apronianus,
1033 4615 1300 4687 Vigellius
1345 4613 1683 4682 Saturninus,
1742 4625 1870 4682 etc.,

277 4709 337 4754 et
409 4701 638 4757 maxime
703 4703 959 4773 Scapula,
1030 4703 1096 4757 ad
1162 4718 1321 4773 quem
1372 4700 1638 4757 Africanae
1685 4701 1873 4757 Eccle-

277 4788 378 4842 sia:
423 4800 838 4860 persecutorem,
893 4791 1256 4847 Tertullianus
1312 4803 1417 4844 tam
1473 4791 1716 4846 animose
1777 4807 1875 4862 pro

273 4876 592 4934 Christianis
638 4881 944 4950 scripserat,
993 4881 1339 4936 traditionem
1379 4881 1461 4934 his
1513 4889 1620 4934 tam
1668 4882 1872 4952 glorio-

273 4982 412 5030 sam,
443 4976 496 5020 et
543 4969 608 5022 ad
658 4969 881 5024 eosdem
931 4969 985 5022 in
1025 4986 1121 5024 sua
1169 4968 1272 5024 fide
1320 4966 1716 5025 confirmandos
1764 4977 1871 5024 tam

270 5055 532 5120 validam,
574 5058 906 5127 deprehensa
947 5058 1174 5113 falsitate
1215 5059 1449 5114 evellere
1486 5059 1873 5114 dubitassem?

272 5141 356 5198 Ac
402 5143 603 5198 deinde
651 5145 695 5198 si
743 5147 932 5202 Petrus
979 5147 1128 5214 alibi,
1177 5162 1244 5200 an
1295 5147 1445 5201 solus
1499 5146 1870 5216 apostolorum

272 5237 379 5286 tam
416 5232 652 5288 obscuro
692 5235 744 5287 in
784 5235 904 5289 loco
947 5233 1255 5304 martyrium
1295 5233 1525 5289 subiisse
1566 5233 1871 5290 credendus

273 5326 379 5387 est,
427 5330 488 5374 ut
534 5337 602 5375 ne
652 5321 866 5392 quidem
918 5337 1099 5378 rumor
1145 5321 1294 5376 i'lius
1341 5321 1408 5376 ad
1456 5320 1867 5389 Tertullianum,

271 5415 368 5462 aut
394 5409 638 5480 quemvis
665 5418 789 5466 ante
820 5411 902 5468 vel
937 5420 1124 5482 postea
1154 5411 1334 5480 alium,
1368 5427 1475 5470 seu,
1501 5412 1866 5482 Carthagine,

271 5510 371 5551 seu
414 5498 623 5565 Romus,
655 5507 744 5554 aut
774 5500 996 5556 ubilibet
1036 5500 1251 5557 demum
1291 5507 1596 5558 versantem
1625 5497 1870 5573 perlige-

2003 1787 2262 1842 blicorum
2286 1795 2786 1857 monumentorum,
2813 1789 3074 1859 lapidum,
3097 1791 3444 1859 templorum,
3469 1801 3596 1856 etc.,

2003 1875 2166 1930 fidem
2198 1893 2467 1946 nunquam
2499 1876 2754 1946 deinceps
2775 1877 3029 1933 vacillare
3062 1878 3312 1947 potuerit.

2075 1965 2240 2021 Vides
2286 1980 2440 2036 ergo,
2485 1967 2566 2022 vel
2612 1966 2789 2021 solum
2837 1968 2939 2021 hoc
2987 1966 3296 2022 Tertulliani
3345 1965 3596 2022 testimo-

2003 2051 2151 2107 nium
2195 2053 2284 2123 (nil
2335 2053 2482 2110 enim
2522 2054 2634 2123 jam
2673 2054 2844 2110 dicam
2891 2055 2960 2109 de
2999 2055 3228 2110 aliorum
3279 2054 3595 2126 antiquissi-

2000 2157 2210 2196 morum
2252 2143 2488 2206 Patrum,
2519 2152 2573 2197 ct
2615 2143 2808 2214 partim
2849 2157 3063 2214 quoque
3106 2143 3208 2211 ipsi
3254 2143 3411 2198 Petro
3453 2157 3597 2200 coae-

1999 2245 2210 2299 vorum,
2261 2231 2550 2286 accedente
2609 2246 2833 2300 prorsus
2883 2231 3122 2284 unanimi
3180 2235 3474 2302 consensu)
3529 2231 3597 2286 ad

1999 2317 2342 2373 traditionem
2398 2321 2536 2373 hanc
2583 2318 2715 2387 ipsis
2764 2336 2793 2371 a
2841 2321 2955 2374 suis
3012 2319 3253 2374 fontibus
3310 2335 3594 2376 accersen-

1997 2407 2139 2470 dam,
2174 2415 2224 2460 et
2264 2407 2613 2460 sectariorum
2657 2406 2954 2470 audaciam,
2985 2423 3092 2476 qua
3129 2423 3246 2461 rem
3286 2415 3396 2460 tam
3435 2422 3596 2476 aper-

1999 2502 2126 2562 tam,
2163 2502 2214 2547 ct
2247 2493 2331 2547 cui
2364 2509 2431 2547 ne
2460 2494 2589 2546 alias
2619 2495 2836 2562 quidem
2879 2495 3252 2550 hzereticorum
3290 2502 3380 2550 aut
3419 2495 3596 2550 schis-

2001 2582 2318 2636 maticorum
2343 2582 2484 2637 ullus
2506 2591 2625 2637 ante
2649 2598 2749 2637 xv:
2771 2582 3033 2650 Ecclesiae
3055 2599 3180 2640 saec.
3200 2584 3284 2638 vel
3308 2583 3597 2637 minimum

1996 2668 2368 2724 contradicere
2441 2684 2606 2724 ausus
2679 2677 2779 2736 est,
2865 2671 2918 2724 in
2995 2671 3415 2726 controversiam
3483 2673 3595 2738 jam

1998 2758 2315 2828 pertrahunt
2363 2755 2730 2828 frangendam.
2771 2758 3037 2811 Nimirum
3087 2757 3333 2810 moderni
3379 2757 3595 2810 demum

1997 2846 2163 2901 nostri
2195 2853 2301 2900 tam
2337 2844 2534 2916 nasuti,
2566 2855 2658 2900 aut
2697 2845 2929 2900 nasutuli
2976 2845 3148 2914 potius
3187 2853 3330 2913 sunt,
3357 2854 3434 2912 ut,
3469 2861 3590 2916 quae

1994 2941 2206 2988 veteres
2251 2949 2438 2988 omnes
2485 2932 2820 2988 subolfacere
2865 2948 2973 2986 non
3023 2939 3320 3002 potuerant,
3349 2931 3454 3001 ipsi
3479 2933 3588 3001 jam

1997 3019 2212 3075 odorari
2257 3019 2532 3090 incipiant.
2581 3019 2754 3091 Atque
2786 3019 2830 3073 si
2861 3019 2986 3072 mihi
3034 3019 3248 3089 quidem
3278 3027 3462 3075 contra
3492 3020 3590 3076 hos

1996 3111 2128 3164 tales
2168 3109 2411 3180 pluribus
2449 3124 2612 3181 agere
2655 3108 2970 3172 collibitum,
3019 3117 3107 3162 aut
3141 3123 3318 3178 opera:
3357 3107 3589 3179 pretium

1997 3207 2156 3263 esset,
2199 3211 2296 3251 eos
2341 3197 2524 3266 etiam,
2567 3196 2683 3266 qui,
2726 3205 2781 3249 ut
2828 3213 2857 3247 a
2907 3195 3103 3252 nostris
3149 3197 3316 3250 sacris
3363 3194 3590 3252 maxime

1995 3285 2174 3355 alieni,
2245 3284 2319 3338 ita
2377 3285 2517 3354 apud
2580 3285 2704 3341 illos
2770 3284 2898 3338 alias
2975 3283 3204 3338 maxima
3271 3283 3589 3340 auctoritate

1996 3380 2140 3438 sunt,
2195 3372 2576 3437 Pearsonium,
2627 3372 2904 3438 GrOtium,
2965 3371 3268 3436 Usserium,
3331 3370 3589 3426 Chamie-

1995 3461 2168 3526 rium,
2230 3461 2596 3528 Blondellum,
2657 3462 2869 3516 Petrum
2924 3461 3284 3528 Molinaeum,
3321 3458 3585 3531 aliosque,

1993 3564 2222 3620 quorum
2267 3547 2352 3605 vel
2403 3549 2536 3605 solis
2581 3550 2890 3604 nominibus
2939 3548 3150 3617 pauculi
3195 3547 3302 3615 alii,
3334 3556 3385 3602 et
3416 3563 3589 3618 nuper

1993 3638 2124 3702 nati,
2178 3637 2330 3694 facile
2380 3639 2609 3710 opprimi
2658 3648 2897 3709 possent,
2947 3637 3108 3706 longo
3152 3637 3363 3708 agmine
3409 3635 3586 3691 addu-

1991 3742 2191 3782 cerem.
2241 3728 2396 3782 Nunc
2441 3743 2506 3782 ex
2553 3727 2655 3782 illis
2702 3728 2788 3783 vel
2840 3727 2996 3792 duos,
3044 3727 3346 3782 Samuelem
3385 3725 3584 3779 Basna-

1993 3818 2164 3889 gium,
2199 3823 2250 3870 et
2280 3817 2426 3872 Guil.
2473 3818 2726 3882 Caveum,
2760 3816 3002 3870 attulisse
3050 3813 3282 3870 sufficiat
3309 3832 3322 3866 :
3350 3828 3584 3885 quorum

1990 3907 2158 3976 prior,
2192 3904 2317 3960 licet
2363 3905 2417 3959 in
2457 3906 2660 3961 Annal.
2715 3906 2826 3960 suis
2875 3903 3370 3970 Politico-Eccles.,
3401 3902 3466 3956 ad
3495 3917 3584 3958 an.

1990 3995 2084 4061 42,
2113 4009 2171 4046 n.
2203 3998 2256 4060 8,
2291 3994 2634 4063 pertinaciter
2674 4001 2857 4064 neget,
2889 3994 3105 4048 Petrum
3144 3995 3334 4048 Romae
3364 3991 3585 4062 episco-

1990 4095 2121 4150 pum
2173 4079 2359 4143 fuisse,
2411 4090 2643 4134 attamen
2694 4080 2880 4132 Roma:
2933 4081 3120 4146 fuisse,
3167 4081 3233 4131 ad
3284 4083 3342 4134 Α.
3397 4082 3454 4134 C.
3491 4080 3583 4150 64,

1990 4183 2138 4222 num.
2174 4170 2227 4234 9,
2259 4167 2313 4221 in
2346 4168 2463 4221 haec
2491 4168 2653 4222 verba
2683 4167 3004 4221 inconcusse
3033 4167 3268 4218 affirmat
3299 4184 3312 4217 :
3352 4186 3374 4216 «
3425 4167 3584 4220 Nulla

1989 4270 2224 4326 unquam
2270 4253 2486 4308 traditio
2525 4254 2640 4316 fuit,
2672 4271 2791 4323 quae
2833 4257 3039 4320 majore
3092 4253 3303 4307 testium
3355 4268 3584 4311 numero

1922 4314 2262 4416 “cingatur;
2314 4350 2373 4394 ut
2420 4341 2485 4394 de
2537 4314 2771 4393 Pet-ri.in
2822 4314 3020 4392 Urbem
3071 4341 3298 4392 adventu
3348 4340 3583 4396 dubitari

1988 4447 2092 4487 non
2142 4429 2332 4502 possit,
2374 4429 2502 4502 quin
2549 4428 2728 4482 omnia
2781 4427 3016 4480 historiae
3064 4435 3412 4482 monumenta
3453 4444 3582 4485 con-

1984 4521 2265 4575 vellantur.
2351 4539 2371 4567 ι»
2433 4518 2579 4571 Alter
2635 4531 2762 4570 vero
2818 4515 2870 4568 in
2935 4515 3136 4586 Script.
3209 4519 3578 4578 ecclesiastic.

1985 4613 2226 4667 Historia
2272 4609 2610 4677 Litteraria,
2643 4623 2697 4676 p.
2729 4608 2782 4670 5,
2815 4605 2887 4660 ita
2919 4605 2994 4660 ait
3027 4623 3038 4658 :
3073 4627 3095 4656 α
3143 4607 3354 4661 Petrum
3394 4609 3580 4664 Romae

1985 4699 2181 4763 fuisse,
2229 4699 2494 4765 sedesque
2542 4697 2595 4750 in
2647 4711 2714 4750 ea
2765 4695 3094 4765 aliquamdiu
3137 4696 3408 4764 tenuisse,
3457 4712 3579 4750 cum

1984 4796 2096 4844 toto
2125 4787 2461 4857 antiquitatis
2491 4788 2635 4840 cuetu
2665 4783 2931 4852 intrepide
2961 4782 3310 4836 afﬁrmamus.
3362 4802 3388 4836 ι
3422 4783 3577 4838 Post-

1983 4893 2142 4949 quam
2199 4875 2394 4930 deinde
2453 4881 2614 4928 testes
2672 4873 3012 4942 produxisset
3066 4871 3210 4927 omni
3265 4871 3580 4940 exceptione

1983 4967 2235 5036 majores,
2271 4973 2324 5019 et
2362 4980 2426 5020 ex
2467 4961 2652 5018 ultima
2697 4962 3016 5030 antiquitate
3068 4959 3284 5030 petitos,
3317 4960 3374 5015 S.
3415 4959 3576 5032 Igna-

1984 5057 2117 5112 tium
2177 5053 2591 5116 Antiochenum,
2657 5051 2824 5121 ipsius
2895 5050 2955 5103 S.
3028 5049 3165 5104 Petri
3230 5050 3573 5118 discipulum,

1983 5144 2202 5215 Papiam
2260 5140 2599 5213 Hierapolit.,
2660 5143 2940 5204 Irenaeum,
3004 5139 3060 5196 S.
3121 5138 3417 5210 Polycarpi,
3479 5139 3577 5197 viri

1981 5232 2291 5304 apostolici,
2370 5226 2730 5301 discipulum,
2813 5229 3131 5296 Dionysium
3215 5226 3572 5294 Corinthium,

1979 5323 2394 5386 Tertullianum,
2445 5320 2654 5386 Caium,
2716 5321 3086 5390 presbyterum
3150 5319 3471 5384 Romanum,
3521 5323 3576 5370 et

1979 5410 2267 5482 Origenem
2316 5409 2605 5474 laudasset,
2639 5409 2710 5463 ita
2751 5407 2975 5480 pergit:
3029 5427 3050 5455 α
3106 5407 3232 5458 Post
3282 5412 3356 5458 tot
3403 5419 3572 5461 vene-

1981 5503 2148 5559 randa
2192 5501 2431 5568 nomina,
2483 5508 2589 5555 tam
2632 5498 2777 5554 clara
2823 5498 3010 5567 primae
3055 5492 3336 5550 vetustatis
3382 5507 3575 5550 monu.
