4050 6168
460 262 609 351 1215

1527 249 1619 307 ΑΙ)
1658 244 1953 307 GENUINA
1988 238 2438 300 TERTULLIANI
2474 240 2692 300 OPERA

3619 231 3759 292 1216

457 392 656 452 menta,
704 382 828 455 quis
873 396 1016 447 rem,
1066 387 1171 435 tam
1226 373 1530 449 perspicue,
1583 381 1692 427 tam
1740 361 2127 444 constanter.
2229 364 2311 420 Ad
2356 364 2675 436 simplicem
2702 364 2920 426 actum,
2952 371 3055 431 pro
3096 355 3352 427 simplici
3379 355 3565 423 actui,
3594 353 3763 410 ablu-

458 476 731 540 traditam,
760 475 815 529 in
851 472 1075 527 dubium
1119 464 1440 527 revocabit?
1466 465 1622 521 Certe
1649 461 1697 516 si
1733 468 1841 515 tam
1884 458 2054 513 densa

461 565 678 623 testium
741 562 933 631 nubes,
990 567 1098 613 tam
1163 569 1389 612 concors
1452 560 1699 608 veterum
1765 545 2050 614 sententia,

459 670 561 728 pro
606 651 846 722 cujusvis
894 648 1096 721 ingenii
1142 645 1353 719 pruritu
1399 641 1467 698 sit
1513 640 1827 702 vellicanda,
1873 642 2052 690 actum

462 726 567 798 erit
593 740 807 813 penitus
838 738 904 792 de
947 737 1241 807 primorum
1280 731 1598 789 saeculorum
1638 726 1922 791 memoria,
1951 737 2055 778 nec

462 830 709 901 cuiquam
756 828 893 882 ultra
944 841 1095 879 suam
1144 830 1357 878 aetatem
1406 834 1596 889 sapere
1644 816 1842 872 licebit.
1897 833 1923 865 »
1975 813 2055 867 Ita

462 917 721 973 nimirum
765 914 983 986 quidam
1020 927 1085 966 ex
1122 908 1463 966 beterodoxis
1508 905 1724 971 nostris,
1755 919 1875 958 cum
1920 914 2053 971 pro-

464 1006 582 1076 pria
626 1019 723 1057 sua
768 1000 977 1070 judicia
1023 998 1251 1054 ubilibet
1296 1012 1394 1069 pro
1443 994 1670 1051 veritate
1726 990 2053 1058 obtrudant,

465 1108 593 1150 cum
638 1099 714 1147 tot
760 1089 1177 1147 contumeliosas
1223 1094 1409 1141 contra
1459 1082 1770 1155 religionem
1815 1088 2056 1135 nostram

466 1182 674 1238 fabulas
735 1181 971 1250 undique
1032 1176 1346 1240 corradant,
1412 1172 1607 1245 partim
1673 1169 1777 1241 ipsi
1838 1182 2058 1241 quoque

467 1269 811 1341 excogitant;
854 1267 1016 1323 ﬁdem
1056 1267 1162 1321 sibi
1197 1264 1312 1319 dari
1357 1263 1501 1319 illico
1546 1260 1834 1333 postulant,
1860 1257 2060 1328 quibus

466 1374 642 1430 neque
696 1366 809 1413 tota
863 1355 1146 1427 antiquitas
1200 1369 1298 1424 par
1350 1360 1453 1419 est,
1493 1351 1565 1407 ad
1614 1349 1774 1404 ﬁdem
1831 1347 1898 1401 ab
1953 1344 2061 1400 illis

470 1455 656 1502 mutuo
704 1436 1367 1516 imprtrandam.'Verum
1414 1457 1538 1496 cum
1587 1440 1850 1493 hactenus
1893 1434 2062 1488 ferme

472 1542 623 1590 extra
672 1533 900 1589 instituti
949 1532 1121 1589 nostri
1174 1531 1371 1586 limites
1424 1527 1632 1600 abrepti
1679 1525 1963 1587 fuerimus,
2015 1521 2064 1576 si

470 1623 593 1694 quis
629 1624 851 1693 insuper
891 1624 1047 1693 plura
1093 1621 1381 1683 desideret,
1412 1618 1552 1688 apud
1593 1618 1892 1672 Calmetum
1927 1627 2062 1667 uos-

2163 454 2339 510 tionis
2366 452 2633 508 videlicet.

2241 543 2360 599 Vica
2394 540 2668 604 sordium,
2701 538 2738 593 i.
2771 554 2823 594 e.
2851 540 3072 602 instar;
3102 532 3188 592 vel
3219 535 3334 592 loco
3371 531 3653 588 sordium.

2229 631 2295 685 In
2343 630 2569 702 spiritu,
2615 644 2710 682 seu
2753 629 2821 682 in
2856 628 3085 691 anima;
3128 632 3400 691 peccatum
3449 618 3595 674 enim
3647 618 3766 673 sola

2158 717 2434 776 voluntate
2476 724 2833 788 perpetretur,
2866 723 2919 769 et
2945 714 2998 767 iu
3032 714 3207 765 anima
3248 709 3535 764 buculam
3580 707 3763 778 spiri-

2163 807 2395 872 tualem,
2434 820 2555 878 qua:
2600 802 2947 860 Scholasticis
2980 802 3285 874 peccatum
3323 796 3613 852 habitante
3655 794 3764 850 dici

2160 893 2321 958 solet,
2355 892 2626 965 relinquit.

2233 985 2494 1043 Beatum.
2551 980 2816 1053 Equidem
2886 978 3085 1034 nullam
3144 991 3299 1042 caro,
3365 987 3463 1030 seu
3534 987 3758 1043 corpus,

2162 1073 2374 1145 culpam
2429 1071 2651 1143 proprie
2714 1071 2916 1127 dictam
2982 1064 3281 1129 contrahit,
3348 1078 3526 1132 neque
3582 1064 3764 1132 [om

2162 1161 2272 1227 ille,
2303 1175 2411 1233 quo
2441 1176 2574 1216 caro
2615 1159 2964 1230 concupiscit
3002 1154 3264 1211 adversus
3300 1152 3572 1224 spiritum
3609 1149 3761 1217 (Gal.

2164 1266 2225 1321 ν,
2309 1249 2399 1321 17)
2482 1247 2711 1320 peccati,
2798 1245 2905 1301 nisi
2988 1241 3284 1315 imprOprie
3364 1238 3514 1303 dicti,
3594 1238 3765 1292 ratio-

2165 1354 2289 1394 nem
2355 1338 2558 1408 habet;
2620 1335 2751 1407 quia
2816 1344 3016 1401 tamen,
3075 1338 3136 1386 ut
3197 1343 3383 1384 rursus
3447 1328 3504 1380 in
3562 1324 3769 1381 scholis

2167 1424 2483 1497 loquuntur,
2515 1426 2771 1479 actiones
2800 1424 2939 1477 sunt
2974 1418 3421 1491 suppositarum,
3450 1428 3513 1467 ac
3541 1410 3769 1483 proinde

2171 1529 2280 1569 non
2310 1513 2424 1568 sola
2454 1514 2672 1576 anima,
2712 1511 2803 1566 sed
2832 1518 2977 1565 totus
3007 1508 3188 1575 homo,
3222 1520 3324 1559 ceu
3353 1503 3532 1572 ipsum
3561 1515 3772 1572 suppa.

2172 1604 2354 1666 situm,
2385 1617 2451 1657 ex
2477 1617 2706 1673 corpore
2744 1609 2799 1654 et
2837 1599 3037 1654 anima
3078 1601 3354 1656 constans,
3384 1591 3440 1644 in
3482 1603 3678 1653 carne,
3708 1603 3776 1643 ac

469 1715 615 1766 trum
650 1710 705 1764 in
734 1711 874 1764 Diss.
907 1708 1167 1781 peculiari
1196 1708 1262 1765 dc
1292 1709 1499 1764 itinere
1534 1708 1780 1762 Romano
1811 1704 1867 1760 S.
1908 1702 2069 1757 Petri

2207 1708 2275 1748 er
2323 1706 2557 1746 carnem
2613 1694 2818 1759 peccat,
2868 1684 2991 1739 inde
3038 1682 3220 1746 etiam,
3268 1685 3485 1750 prepter
3527 1675 3777 1731 intimam

473 1798 692 1867 abunde
725 1798 981 1855 inveniet.

548 1894 863 1964 Philippus,
881 1892 974 1964 qui
1003 1889 1349 1947 communius
1371 1890 1607 1945 creditur
1627 1903 1736 1943 non
1758 1887 2067 1961 apostolus,

479 1981 570 2034 sed
596 1996 735 2034 unus
762 1997 827 2035 ex
858 1989 1063 2053 septem
1093 1980 1281 2051 primis
1311 1981 1580 2045 diaconis,
1609 1981 1728 2034 Act.
1761 1992 1844 2046 vr,
1880 1979 1937 2045 5,
1970 1976 2075 2030 ele-

479 2066 598 2133 ctis,
628 2068 815 2126 fuisse.

552 2164 836 2228 Fortuita,
870 2163 907 2219 i.
941 2179 990 2218 e.
1023 2165 1265 2236 fortuito
1292 2164 1500 2220 oblata.

559 2261 793 2317 Retulit.
860 2264 985 2318 Haec
1047 2262 1230 2332 utique
1292 2262 1551 2315 sententia
1616 2259 1843 2314 ironiam
1913 2256 2073 2329 sapit.

485 2347 749 2402 Caeterum
792 2364 898 2403 non
946 2349 1033 2402 hic
1077 2349 1434 2403 Tertullianus
1479 2348 1814 2420 Baptismum
1848 2363 1880 2400 a
1918 2347 2078 2401 Petro

485 2435 740 2491 collatum
786 2452 908 2491 cum
955 2437 1228 2508 Baptismo
1271 2437 1512 2503 Joannis,
1560 2436 1653 2506 qui
1693 2434 1888 2506 prioris
1934 2436 2079 2489 dun-

488 2529 633 2578 taxat
660 2523 858 2591 praevia
890 2522 926 2577 I
946 2523 1113 2579 I50
1150 2524 1395 2595 quaedam
1433 2523 1629 2598 figura,
1663 2530 1717 2576 et
1745 2521 1898 2592 quasi
1924 2538 2079 2593 prce-

488 2611 674 2669 cursio
709 2611 906 2681 fuerat,
941 2613 1156 2683 penitus
1194 2628 1474 2684 exaequare
1515 2611 1871 2682 (manifestam
1910 2614 2076 2680 enim,

490 2714 666 2770 neque
714 2699 947 2769 unicam,
998 2701 1136 2755 inter
1179 2707 1468 2770 utrumque
1518 2698 1669 2754 illum
1719 2698 2078 2754 differentiam

491 2785 632 2842 infra
679 2804 797 2859 cap.
849 2794 935 2858 10,
968 2789 1181 2860 ponit);
1230 2790 1324 2844 sed
1365 2788 1420 2844 id
1466 2787 1723 2844 duntaxat
1765 2788 2081 2843 conﬁrmare

490 2876 680 2942 voluit,
757 2894 1133 2949 quamcunque
1211 2893 1432 2949 aquam,
1513 2893 1607 2943 per
1679 2876 1867 2931 orbem
1941 2877 2084 2929 hunc

493 2974 739 3020 nostrum
767 2964 1039 3032 dil‘fusam,
1071 2974 1255 3034 utpote
1284 2982 1403 3020 cum
1442 2965 1763 3038 primigenia
1801 2965 1888 3018 illa
1929 2979 2085 3033 pror-

496 3066 589 3105 sus
644 3052 923 3117 eamdem,
986 3068 1140 3123 aeque
1195 3069 1226 3106 a
1281 3054 1487 3123 Spiritu
1539 3063 1723 3108 sancto
1775 3054 1888 3122 jam
1942 3066 2087 3107 nunc

495 3138 799 3209 sdaptatam
832 3138 1018 3205 fuisse,
1049 3140 1116 3194 ad
1146 3142 1371 3196 salutem
1409 3141 1716 3196 hominibus
1745 3155 2088 3213 quocumque

496 3227 712 3283 demum
763 3228 926 3283 modo
981 3228 1361 3285 conferendam
1422 3246 1436 3282 :
1497 3230 1596 3285 etsi
1649 3229 1834 3300 utique
1889 3244 2091 3299 negan-

498 3315 626 3370 dum
672 3330 779 3371 non
824 3316 913 3385 sit,
964 3317 1287 3389 baptismum
1345 3324 1612 3384 nostrum,
1662 3324 1848 3387 utpote
1895 3318 2090 3373 Sacra-

499 3412 741 3460 mentum
787 3421 818 3459 a
864 3406 1080 3461 Christo
1139 3406 1263 3476 ipso
1320 3405 1644 3472 institutum,
1695 3405 1858 3478 longe
1905 3405 2093 3461 efﬁca-

498 3494 661 3549 cioris
687 3494 896 3553 virtutis
924 3495 1108 3560 fuisse,
1141 3510 1300 3566 quam
1332 3494 1677 3566 baptismum
1718 3494 1969 3560 Joannis,
2002 3492 2092 3562 qui

499 3596 609 3638 non
633 3600 738 3655 per
769 3601 826 3639 se
855 3584 1164 3637 conferebat
1197 3583 1574 3638 remissionem
1604 3590 1967 3652 peccatorum,
1999 3580 2096 3635 sed

499 3669 674 3722 solum
704 3670 772 3722 ad
802 3678 952 3723 actus
982 3670 1339 3739 poenitentim,
1376 3686 1473 3738 per
1514 3684 1648 3740 quos
1679 3668 1769 3721 illa
1814 3667 1976 3722 ﬁebat
2011 3683 2096 3722 re-

500 3754 714 3823 missio,
742 3756 1005 3810 excitabat
1046 3773 1060 3810 :
1103 3773 1208 3827 qua
1253 3758 1321 3811 de
1369 3774 1427 3811 re
1471 3756 1789 3824 interpretes
1833 3772 1897 3812 ac
1943 3756 2096 3810 theo-

500 3841 611 3914 logi
651 3841 820 3895 nostri
861 3842 1064 3911 passim
1106 3843 1275 3898 videri
1315 3851 1563 3913 possunt,
1596 3858 1804 3916 nosque
1840 3859 1940 3898 suo
1978 3843 2096 3899 loco

502 3927 725 3982 uberius
752 3929 1206 3984 conﬁrmabimus.

572 4027 972 4096 Prwrogativa.
1030 4026 1417 4098 Participantes
1472 4027 1750 4094 nimirum,
1804 4031 1946 4086 velut
1998 4047 2100 4102 per

505 4113 948 4181 transfusionem,
982 4115 1320 4188 privilegium
1351 4115 1504 4182 illud,
1537 4124 1588 4173 et
1616 4132 1772 4191 aquae
1810 4118 1956 4174 illius
1983 4117 2100 4190 pri-

504 4202 709 4261 mitivaa
738 4203 996 4260 indolem.

2175 1781 2367 1835 animai
2395 1794 2514 1834 cum
2542 1791 2773 1846 cerpore
2814 1775 3075 1830 unionem
3112 1770 3392 1836 nimirum,
3417 1776 3531 1821 tum
3565 1766 3774 1835 culpae,

2177 1876 2290 1924 tum
2332 1883 2513 1940 paena:
2556 1875 2737 1920 reatus
2780 1858 3176 1935 quodammodo
3220 1857 3289 1911 ad
3335 1855 3513 1925 ipsum
3550 1868 3772 1923 corpus,

2178 1972 2273 2011 seu
2304 1970 2555 2023 carnem,
2590 1952 2948 2022 protenditur,
2980 1949 3119 2003 adeo
3152 1953 3211 2001 ut
3248 1959 3359 1999 non
3398 1942 3619 2014 quidem
3650 1954 3775 1995 cor-

2179 2062 2282 2117 pus
2327 2061 2432 2118 per
2474 2061 2551 2108 se,
2584 2051 2638 2099 et
2684 2045 2918 2116 propter
2957 2055 3035 2105 se,
3068 2036 3164 2092 sed
3211 2033 3391 2090 anima
3428 2031 3483 2085 in
3524 2042 3775 2103 corpore,

2178 2142 2238 2190 et
2265 2151 2368 2207 per
2395 2149 2617 2206 corpus,
2649 2132 2833 2202 itaque
2869 2136 3016 2186 totus
3046 2128 3228 2189 homo,
3257 2122 3349 2194 qui
3387 2119 3650 2192 peccavit,
3680 2132 3778 2189 pu-

2178 2223 2380 2279 niatur.

2256 2310 2331 2368 0b
2387 2310 2798 2365 ministerium.
2857 2305 3031 2377 igitur
3088 2309 3247 2357 antea
3306 2299 3451 2355 dicta
3504 2297 3781 2369 praecipue

2181 2414 2311 2455 vera
2352 2407 2480 2453 sunt
2522 2398 2576 2451 in
2620 2397 2871 2469 peccatis
2909 2393 3254 2456 carnalibus,
3285 2404 3383 2445 seu
3425 2403 3550 2459 quae
3595 2399 3782 2450 carne,

2181 2502 2354 2559 eaque
2389 2485 2794 2558 quomodolibet
2834 2484 3050 2540 demum
3090 2484 3464 2544 concurrente,
3489 2474 3788 2546 perficiun-

2195 2582 2307 2630 tur.

2260 2662 2545 2720 Medicatis
2568 2661 2714 2735 quod
2733 2660 2912 2733 aquis,
2930 2658 2967 2713 i.
2989 2673 3037 2713 e.
3061 2659 3274 2715 virtute
3292 2654 3508 2712 medica
3530 2651 3790 2715 imbutis,

2186 2761 2246 2807 ut
2283 2752 2340 2807 in
2388 2750 2720 2807 naturalibus
2767 2755 2891 2803 sunt
2940 2746 3194 2811 thermae,
3223 2752 3280 2799 et
3320 2742 3586 2799 acidulw.
3639 2738 3794 2794 Alias

2188 2838 2369 2903 etiam,
2394 2836 2488 2893 sed
2520 2837 2714 2905 rarius,
2734 2851 2834 2906 pro
2855 2836 3151 2892 venenatis
3176 2833 3314 2887 sumi
3336 2830 3489 2900 solet,
3512 2838 3574 2884 ut
3598 2829 3798 2884 Sueto-

2184 2926 2312 2981 nius
2353 2924 2654 2982 Cla-udium
2690 2924 2821 2994 imp.
2863 2924 3036 2980 boleto
3076 2921 3350 2977 medicato
3374 2934 3404 2972 e
3430 2916 3567 2975 vivis
3613 2914 3800 2971 subla-

2114 2994 2169 3073 0‘
2190 3024 2304 3069 tum
2333 3028 2453 3067 esse
2478 3012 2666 3080 refert,
2696 3020 2749 3066 et
2778 3011 2943 3067 Silius
2966 3010 3003 3064 l.
3038 3025 3119 3079 v1,
3140 3009 3245 3064 tela
3272 3005 3557 3064 medicata
3584 3019 3799 3061 veneno

2186 3110 2358 3158 canit.

2268 3192 2680 3247 Interveniunt.
2705 3185 2911 3241 Alludit
2928 3186 2996 3240 ad
3015 3186 3305 3242 Piscinam
3333 3181 3721 3255 probaticam,
3738 3177 3800 3234 de

2198 3294 2307 3350 qua
2333 3279 2492 3333 Joan.
2527 3295 2587 3346 v,
2620 3284 2675 3331 et
2705 3276 2898 3331 Noster
2924 3291 3049 3345 cap.
3080 3290 3196 3344 seq.
3228 3270 3491 3342 apertius.

2268 3368 2549 3435 Dituitur,
2606 3363 2812 3420 scilicet
2873 3371 3097 3434 prOpter
3158 3376 3279 3416 eam
3350 3359 3568 3429 culpam
3636 3367 3807 3427 quam

2195 3472 2299 3528 per
2326 3471 2546 3527 corpus,
2575 3460 2631 3509 et
2657 3452 2972 3524 corporales
3016 3467 3083 3506 ac
3138 3447 3428 3507 sensibiles
3458 3447 3805 3516 voluptates.

2201 3544 2447 3600 incurrit.

2273 3630 2598 3687 Mundatur.
2631 3628 2718 3682 Ab
2746 3643 2810 3682 ea
2835 3624 3086 3682 videlicet
3123 3623 3353 3692 macula,
3387 3637 3556 3695 quam
3583 3623 3651 3678 in
3679 3619 3808 3678 ant-

2199 3736 2316 3785 ma,
2346 3720 2446 3774 sibi
2472 3717 2659 3773 intime
2684 3716 2904 3782 innexa,
2936 3712 3224 3770 contraxit.

2726 3855 2881 3911 Notae
2909 3851 2980 3907 ad
3010 3854 3183 3925 caput
3221 3852 3276 3908 γ.

2277 3977 2702 4050 Spiritualium,
2724 3976 2760 4029 i.
2781 3992 2832 4032 e.
2851 3975 3131 4033 destituta
3149 3974 3308 4030 omni
3326 3956 3655 4039 intellectu,
3680 3976 3801 4033 διον,

2204 4073 2259 4120 et
2296 4065 2514 4121 nonnisi
2556 4064 2817 4121 carnalia
2863 4063 3153 4134 sapientes.
3199 4062 3335 4117 Fors
3381 4061 3499 4115 haec
3540 4058 3807 4116 sententia

2204 4153 2279 4207 ita
2314 4153 2626 4225 interpungi
2675 4159 2857 4221 posset
2890 4168 2905 4206 :
2942 4171 2968 4202 α
3007 4152 3302 4206 Extranete
3330 4149 3401 4204 ab
3449 4148 3605 4204 omni
3650 4145 3812 4201 intel-

2205 4240 2370 4307 lectu,
2399 4239 2758 4309 spiritualium
2791 4246 3109 4311 potestatem
3148 4236 3269 4309 [seu
3310 4235 3595 4308 virtutem]
3628 4234 3811 4291 eadem

578 4302 734 4396 Sacr.
765 4302 1386 4396 sanctiﬁcationis,‘seu
1414 4304 1697 4361 occultam
1726 4304 1895 4376 illam,
1917 4322 1978 4361 ac
1995 4306 2103 4379 spi-
2132 4307 2185 4389 ο
2209 4302 2466 4396 efﬁcacia,
2514 4351 2537 4381 ,
2570 4337 2679 4384 ac.

506 4390 783 4446 ritualem
813 4391 1062 4445 virtutem
1093 4389 1457 4446 sanctificandi
1486 4393 1741 4449 animam.

578 4487 835 4543 Invocato
900 4492 1027 4546 Deo.
1095 4487 1230 4556 Quae
1296 4492 1574 4547 invocatio
1627 4490 1688 4546 ﬁt
1741 4490 1796 4544 in
1850 4491 2102 4548 benedic-

511 4574 665 4630 tione
693 4577 869 4644 fontis
898 4576 1252 4648 baptismatis
1274 4597 1292 4632 :
1312 4594 1469 4648 quem
1491 4578 1653 4633 ritum
1664 4579 1773 4646 jam
1790 4579 2105 4636 Tertulliani

509 4663 843 4733 temporibus
870 4665 1167 4720 adhibitum
1197 4663 1385 4731 fuisse,
1416 4673 1469 4720 et
1498 4666 1870 4723 verisirniliter
1889 4669 1956 4723 ab
1976 4668 2108 4739 ipsis

510 4750 776 4821 apostolis
803 4751 1177 4821 descendisse,
1207 4751 1295 4808 vel
1324 4767 1390 4809 ex
1419 4752 1535 4808 solo
1565 4754 1672 4813 hoc
1697 4752 1815 4810 loco
1846 4753 1977 4811 satis
2003 4756 2109 4812 col-

514 4838 722 4912 ligitur.

585 4940 756 5010 Aquis
784 4943 1059 5011 superest,
1090 4953 1185 4994 seu
1214 4954 1387 5010 super
1419 4953 1587 5012 aquas
1625 4945 1730 5009 est,
1769 4940 1944 5013 iisque
1964 4941 2110 5001 velut

515 5035 851 5095 supernatat.

595 5114 946 5172 Combibunt.
1004 5118 1087 5171 An
1143 5115 1260 5172 haec
1314 5114 1483 5173 virtus
1537 5117 1607 5173 sit
1650 5134 1779 5177 vere
1827 5123 2003 5180 realis
2049 5136 2112 5177 ac

510 5204 747 5278 physica
793 5220 823 5259 a
869 5204 1069 5275 Spiritu
1118 5205 1175 5262 S.
1234 5204 1387 5277 aquis
1446 5205 1731 5277 impressa,
1774 5216 1827 5264 et
1887 5212 2112 5282 physice

518 5305 747 5348 causans
773 5293 1001 5365 gratiam
1027 5291 1424 5363 baptismalem,
1455 5309 1524 5348 an
1552 5297 1791 5352 moralis
1831 5297 2110 5367 duntaxat,

519 5379 588 5479 in.
613 5389 682 5479 tr.
731 5380 799 5439 de
844 5381 1132 5454 Baptismo
1178 5380 1517 5439 vehementer
1560 5383 1837 5454 disputant
1883 5384 2112 5443 Schola-

520 5470 665 5528 stici.

2279 4417 2755 4480 Subministrant,
2790 4430 2888 4470 seu
2918 4415 3274 4471 attribuunt.

2291 4506 2500 4570 Viduis,
2531 4504 2569 4559 i.
2603 4521 2652 4560 e.
2688 4502 2980 4572 inanibus,
3011 4516 3075 4557 ac
3107 4500 3256 4557 omni
3304 4498 3581 4569 ejusmodi
3624 4497 3817 4553 virtute

2210 4592 2501 4648 destitutis.

2284 4681 2625 4738 Initiantur.
2668 4678 2929 4743 Initiare,
2962 4676 3191 4732 verbum
3238 4675 3295 4729 in
3329 4674 3503 4730 sacris
3539 4671 3820 4744 praecipue

2211 4768 2490 4832 usitatum,
2518 4775 2601 4822 est
2645 4780 2994 4831 consecrare,
3035 4780 3135 4819 seu
3183 4763 3361 4820 sacris
3410 4762 3688 4828 imbuere,
3734 4765 3822 4815 ant

2213 4854 2393 4925 potius
2421 4858 2488 4908 ad
2520 4853 2711 4909 eadem
2758 4854 3014 4909 idoneum
3067 4851 3315 4907 reddere.
3352 4871 3376 4901 κ
3418 4851 3585 4905 Erant
3624 4847 3823 4921 (inquit

2214 4943 2520 5002 Casaubon.
2551 4942 2606 4997 in
2653 4942 2914 5001 Athenaei
2943 4943 2976 4999 l.
3010 4956 3090 5010 vr,
3121 4957 3171 4997 c.
3206 4938 3298 5010 t5)
3340 4938 3564 5010 quidam
3614 4936 3821 5009 gradus

2216 5033 2274 5088 in
2323 5031 2735 5105 participatione
2788 5028 3166 5101 mysteriorum
3223 5026 3572 5084 observandi.
3628 5023 3811 5079 Prima

2220 5120 2418 5180 1511
2450 5121 2690 5178 omnium
2754 5117 2915 5185 fuiti;
2983 5118 3216 5189 κάθαρσις
3271 5115 3620 5189 (puriﬁcatio
3675 5124 3825 5183 qne-

2219 5211 2362 5276 dam,
2385 5226 2482 5279 per
2505 5217 2676 5265 certas
2695 5207 2952 5264 nimirum
2974 5206 3292 5263 ablutiones
3309 5202 3604 5270 facienda),
3628 5196 3820 5255 deinde

2219 5298 2583 5368 sequebantur
2619 5298 2893 5370 mysteria
2924 5310 3126 5367 parua,
3168 5292 3368 5364 quibus
3402 5289 3821 5345 instituebantur

2220 5395 2278 5442 et
2315 5387 2750 5459 praeparabantur
2787 5385 2854 5440 ad
2890 5381 3139 5453 majora;
3173 5388 3485 5452 postremus
3520 5388 3638 5432 crat
3671 5384 3821 5434 actus

2225 5476 2609 5549 mysteriorum
2635 5475 2923 5546 majorum,
2950 5480 3008 5528 et
3057 5471 3172 5543 illa,
3213 5484 3334 5542 quae
3370 5466 3684 5524 dicebantur
3715 5462 3826 5519 lao-
