4050 6168
287 297 422 356 1217

1091 293 1430 356 ΑΡΡΕΝΟΙΧ
1468 297 1531 356 ν.
1571 327 1644 340 -
1695 296 1754 354 D.
1797 295 2176 358 CORBlNlANl
2215 294 2466 356 THOMIE
2521 294 2762 354 ADNOT.

3451 299 3588 360 1218

281 423 460 488 metu,
511 441 535 470 ιι
578 419 778 476 scilicet
807 421 1084 492 inspectio
1131 421 1484 478 secretorium
1515 422 1879 492 quorumdam

1989 423 2021 476 I.
2081 437 2202 486 vrri,
2251 435 2299 485 c,
2360 423 2458 488 18;
2503 421 2844 475 Demsterum
2877 422 2944 478 de
2984 423 3116 478 Ant.
3167 425 3400 479 Roman.
3449 424 3486 482 Ι.
3521 441 3582 493 ιι,

281 525 578 578 sacrorum,
628 509 696 562 ad
752 523 874 578 quae
929 510 1122 564 initiati
1178 511 1397 564 nonnisi
1455 517 1652 566 exacto
1727 525 1874 566 anno

282 598 723 664 admittebantur,
755 604 814 650 ut
844 597 1114 652 Plutarch.
1149 599 1204 652 in
1251 597 1288 652 l.
1340 597 1404 652 de
1458 600 1674 669 Defeci.
1723 601 1872 654 orat.

282 686 556 759 perhibet.

349 777 616 830 Hactenus
685 780 870 828 autem
920 771 1061 827 dicta
1109 772 1329 848 egregie
1381 773 1664 828 conﬁrmat
1706 774 1874 830 Clem.

279 863 572 920 Alexandr.
615 863 652 915 l.
708 877 741 917 ν
789 862 1017 928 Strom.,
1069 862 1142 916 ita
1189 863 1492 918 disserens:
1543 884 1568 914 ι
1600 863 1724 920 Non
1782 864 1879 918 abs

282 969 340 1008 re
373 966 508 1024 ergo
537 950 592 1003 in
623 949 887 1021 mysteriis
913 966 1148 1022 quoque,
1190 967 1312 1021 qua:
1351 949 1489 1005 fiunt
1527 951 1672 1021 apud
1720 951 1876 1006 Grat-

279 1055 392 1104 cos,
427 1039 659 1110 primum
715 1039 889 1093 locum
944 1048 1124 1094 tenent
1183 1039 1245 1092 τὰ
1299 1041 1530 1110 καθάρσια
1583 1040 1878 1112 (puriﬁca-

284 1129 484 1192 tiones,
523 1143 620 1182 seu
652 1125 1060 1196 lustrationes),
1082 1127 1220 1182 sicut
1250 1128 1411 1182 etiam
1439 1130 1584 1198 apud
1615 1129 1880 1184 Barbaros

279 1217 338 1272 τὸ
391 1223 610 1288 toni-9w,
647 1217 1116 1272 lavacrumJPost
1163 1218 1278 1273 haec
1330 1228 1510 1272 autem
1568 1225 1694 1272 sunt
1727 1217 1878 1288 μικρὰ

279 1307 522 1379 μυστήρια
565 1307 766 1376 (parva
829 1307 1104 1378 mysteria
1186 1321 1308 1376 quas
1376 1306 1580 1360 habent
1646 1305 1874 1377 aliquod

277 1394 688 1450 fundamentum
735 1393 1014 1461 doctrinas,
1064 1397 1122 1448 et
1175 1399 1604 1465 προπαρασκευῆς,
1644 1411 1877 1467 praepa-

277 1485 540 1552 rationis,
557 1499 652 1538 seu
667 1481 1383 1553 initiationisjfuturorum,
1412 1503 1439 1532 ι
1461 1491 1562 1538 etc.
1577 1483 1644 1538 Et
1665 1484 1874 1540 Strom.

275 1571 316 1626 1.
366 1587 464 1641 vn,
505 1572 712 1643 inquit:
777 1591 800 1622 ι
850 1571 991 1626 Ante
1037 1570 1423 1641 mysteriorum
1475 1587 1688 1642 quoque
1735 1571 1878 1642 lseu

201 1657 204 1660 ’
275 1659 794 1731 sacramentorum]
851 1659 1194 1714 traditionem
1268 1666 1520 1730 Oportere
1601 1659 1877 1731 καθαρμούς

277 1767 412 1810 τινας
499 1751 760 1820 προσάγειν
846 1751 948 1808 τοῖς
1008 1750 1227 1818 μυεῖσθαι
1293 1748 1550 1819 μέλλουσιν
1628 1747 1834 1809 ἀξιοῦσιν
1862 1787 1876 1816 ,
1915 1749 1962 1828 Β

281 1835 620 1906 expiationes
695 1835 831 1906 [seu
899 1833 1340 1906 puriﬁcationes]
1375 1876 1390 1902 ,
1448 1835 1710 1907 quasdam
1774 1836 1876 1892 ad-

279 1923 468 1976 hibere
529 1923 625 1988 iis,
688 1923 782 1994 qui
830 1929 956 1978 sunt
1014 1922 1278 1988 initiandi,
1330 1922 1620 1993 mysteriis,
1683 1941 1707 1974 »
1770 1930 1874 1980 etc.

277 2007 468 2063 Cicero
497 2019 678 2063 autem
711 2009 764 2064 in
795 2027 832 2064 ιι
863 2012 929 2064 de
957 2012 1056 2065 LL.
1088 2011 1166 2064 ait
1194 2012 1464 2082 mysteria
1491 2009 1583 2064 illa
1620 2011 1879 2081 appellari

275 2097 472 2151 initia.
496 2097 606 2150 lmo
629 2107 680 2151 et
708 2098 852 2166 apud
883 2113 982 2152 nos
1023 2097 1360 2152 Christianos
1377 2097 1487 2152 dici
1519 2098 1684 2171 vulgo
1713 2099 1875 2169 solet,

275 2182 375 2238 SS.
408 2183 700 2238 Ordinibus
729 2185 964 2256 aliquem
1009 2186 1266 2254 initiare,
1301 2193 1352 2239 et
1387 2187 1586 2255 prima
1637 2192 1877 2244 tonsura

276 2271 522 2342 quaedam
561 2271 628 2324 ad
660 2273 878 2326 eosdem
907 2275 1166 2328 initiatio
1197 2274 1516 2342 appellatur.

347 2357 518 2415 Isidis
549 2360 818 2430 alicujus.
841 2361 1133 2429 Io,Inachi
1163 2359 1288 2426 tilia,
1320 2367 1442 2430 post
1463 2359 1702 2432 Epaphi,
1733 2362 1818 2416 sui
1849 2378 1878 2416 e

275 2447 410 2502 Jove
441 2445 554 2512 ﬁlii,
586 2457 821 2516 partum,
855 2455 1050 2521 agente
1098 2449 1317 2504 Iunone
1347 2449 1609 2517 zelotypa,
1653 2449 1708 2502 in
1737 2465 1875 2504 uac-

275 2551 400 2590 cam
469 2551 751 2601 conversa,
803 2545 874 2600 et,
939 2547 1220 2605 postquam
1287 2537 1576 2590 humanam
1645 2535 1874 2591 formam

273 2632 672 2691 recuperasset,
711 2625 898 2696 Apidi,
953 2623 1332 2695 [Egyptiorum
1381 2624 1521 2692 regi,
1573 2623 1674 2678 sub
1730 2639 1871 2684 novo

277 2712 442 2767 Isidis
490 2711 712 2766 nomine
778 2718 966 2783 nupta,
1023 2713 1092 2766 ob
1149 2711 1388 2766 maxime
1437 2709 1700 2767 beneﬁcia
1746 2713 1872 2770 huic

275 2802 424 2869 genti
477 2801 738 2870 impensa,
789 2811 916 2872 post
967 2807 1212 2866 mortem,
1245 2815 1351 2853 una
1379 2814 1502 2853 cum
1549 2799 1768 2866 marito,
1799 2803 1868 2856 ab

273 2887 542 2960 Egyptiis
578 2889 635 2944 in
673 2891 900 2945 deorum
948 2903 1239 2943 numerum
1288 2887 1490 2942 adscita
1537 2886 1661 2944 fuit.
1716 2889 1866 2945 Non-

272 2978 404 3033 nulli
433 2979 683 3048 credunt,
729 2979 1128 3050 perfabulosam
1159 2977 1300 3031 hanc
1345 2978 1502 3031 deam
1541 2976 1712 3047 (quod
1765 2980 1866 3034 Isis

1986 523 2034 563 c.
2077 511 2165 574 22,
2197 507 2441 580 aliosque
2470 509 2727 580 reperies.

2055 594 2212 663 Quod
2240 611 2366 653 vero
2393 600 2504 662 jam
2542 597 2608 650 ad
2637 612 2793 653 sacra
2821 597 2976 652 Isidis
3024 599 3236 668 attinet,
3271 615 3336 654 ea
3383 601 3580 658 admo—

1983 684 2112 738 dum
2157 699 2368 751 arcana,
2415 702 2478 742 ac
2543 685 2758 741 nonnisi
2799 691 3080 744 nocturna
3127 689 3314 755 fuisse,
3365 705 3396 744 a
3453 689 3588 748 solis

1983 771 2196 829 feminis
2235 775 2422 846 peragi
2472 773 2652 842 solita,
2703 774 3078 845 perhibentur.
3107 778 3358 832 Testatur
3407 787 3586 834 autem

1984 861 2239 920 Herodot.
2273 863 2326 916 in
2355 865 2616 934 Euterpe,
2651 863 2686 918 l.
2733 878 2789 928 ιι,
2812 866 3120 920 sacerdotes
3149 866 3308 921 Isidis
3337 868 3582 940 quotidie

1983 949 2199 1020 frigida,
2233 952 2486 1007 interdiu
2520 955 2627 1022 ter,
2657 957 2830 1009 noctu
2857 952 2958 1019 bis,
2996 955 3185 1010 lavari
3214 955 3582 1027 consuevisse,

1985 1045 2038 1089 et
2095 1037 2235 1092 inter
2289 1038 2542 1108 mysteria
2596 1039 2717 1108 ejus
2775 1041 3106 1112 amphoram
3166 1059 3330 1114 aqua
3376 1044 3584 1108 deferri

1983 1123 2214 1180 solitam.
2249 1126 2516 1181 Lucianus
2543 1127 2608 1184 de
2638 1131 2748 1184 Dea
2771 1130 2932 1200 Syria
2963 1137 3163 1185 narrat.
3201 1132 3306 1186 Sed
3332 1139 3385 1187 et
3413 1133 3578 1191 Juve-

1983 1211 2138 1279 nalis,
2169 1223 2268 1269 sat.
2311 1219 2364 1284 6,
2420 1217 2488 1272 de
2525 1217 2792 1286 ejusmodi
2831 1218 3030 1273 femina
3075 1222 3358 1278 sacerdote
3397 1222 3578 1289 Isidis,

1985 1312 2133 1356 canit
2151 1317 2166 1354 ἓ

2109 1413 2592 1483 I_iybernum_frac_ta_
2625 1416 2779 1483 glacie
2809 1417 3078 1467 descendet
3112 1419 3406 1483 inamnem,

2111 1478 2206 1544 Ter
2240 1477 2484 1544 matutino
2519 1477 2682 1544 Liberi
2707 1488 2976 1544 mergetur,
3005 1490 3054 1529 et
3087 1482 3212 1544 ipsis

2112 1537 2398 1590 Vorticibus
2427 1540 2658 1592 timidum
2690 1537 2840 1606 caput
2865 1537 3062 1593 abluet.
3081 1579 3094 1592 .
3113 1537 3126 1595 ξ
3143 1577 3158 1593 .

1983 1633 2050 1690 Et
2079 1650 2204 1691 mox
2233 1647 2457 1707 postea:
2497 1638 2536 1693 I
2555 1639 2722 1696 I52

2351 1753 2399 1801 Si
2436 1753 2651 1802 candida
2678 1755 2982 1816 jusseritlo,

2107 1813 2346 1879 Abieroe
2377 1816 2591 1877 portabit
2619 1813 2798 1878 aquas,
2831 1813 3181 1879 quas’spargat
3215 1819 3268 1868 in
3298 1821 3404 1872 aade

2109 1875 2272 1936 Isidis,
2301 1875 2507 1940 antiquo
2537 1875 2913 1942 qum—proxima
2945 1875 3274 1942 surgit—ovili.

2055 1975 2308 2030 Mithrae.
2347 1993 2370 2027 c
2404 1975 2510 2042 Qui
2548 1978 2756 2034 Mithrae
2805 1977 2958 2032 initia
3009 1979 3130 2048 (seu
3169 1980 3438 2051 mysteria)
3469 1988 3585 2038 tra-

1982 2060 2114 2116 dunt
2144 2063 2242 2132 (ait
2296 2063 2350 2117 S.
2399 2065 2598 2119 Justin.
2631 2066 2704 2122 Μ.
2755 2067 2812 2120 in
2853 2068 3064 2137 Dialog.
3101 2084 3234 2124 cum
3289 2070 3516 2142 Tryph.)
3561 2089 3590 2127 ρ

1983 2157 2138 2220 petra
2158 2165 2278 2205 eum
2300 2161 2484 2206 natum
2503 2159 2584 2208 est
2603 2162 2918 2219 memorant,
2941 2161 2994 2209 et
3016 2155 3284 2224 Spelzeum
3307 2157 3588 2214 nominant

1985 2253 2108 2292 eum
2130 2239 2326 2308 locum,
2353 2240 2446 2295 ubi
2467 2241 2665 2296 initiari
2695 2242 2746 2296 in
2768 2259 2890 2298 eum
2912 2244 3196 2299 credentes
3224 2245 3531 2316 perhibent.
3558 2269 3580 2297 ι

1983 2325 2140 2380 Unde
2167 2326 2222 2380 in
2250 2334 2462 2382 vetusto
2489 2329 2722 2400 quodam
2755 2345 3021 2385 marmore
3053 2332 3288 2387 Rosinus
3327 2333 3382 2387 in
3403 2337 3588 2394 Para-

1988 2413 2086 2484 lip.
2111 2413 2178 2466 ad
2197 2414 2505 2484 Dempsteri
2532 2416 2722 2488 Antig.
2757 2419 2936 2486 Rom.,
2961 2417 2996 2472 l.
3025 2433 3088 2484 ιι,
3118 2434 3167 2473 c.
3201 2424 3254 2488 8,
3287 2420 3438 2492 legit.

2271 2569 2401 2607 ΠΕΟ.
2444 2569 2584 2609 SOLI.
2609 2570 2820 2610 MITRE.
2854 2571 2940 2610 FL.
2977 2573 3290 2616 SEPTIMIUS.

2126 2639 2374 2680 ZOZIMUS.
2407 2641 2459 2678 υ.
2491 2643 2542 2679 Ρ.
2575 2641 2879 2682 SAGERDOS.
2913 2643 3025 2682 DEI.
3059 2645 3432 2690 BRONTONTIS.

2167 2711 2239 2750 ET
2268 2709 2500 2750 ΕΟΛΤᾹΞ.
2523 2711 2653 2750 HOC.
2685 2713 2976 2754 SPELEUH.
3010 2715 3367 2758 CONSTITUIT.

2053 2816 2178 2871 Haec
2230 2832 2359 2872 vero
2425 2817 2698 2872 Mithriaci
2763 2833 2932 2890 sacra,
2994 2837 3114 2891 quae
3179 2823 3232 2875 in
3301 2827 3582 2893 speluncis

1985 2904 2179 2959 abditis
2205 2903 2322 2960 fieri
2351 2906 2610 2972 solebant,
2673 2907 2956 2960 Persarum
3003 2911 3225 2978 propria
3286 2921 3454 2979 erant,
3488 2915 3582 2986 qui

1984 2995 2200 3049 nomine
2252 2995 2488 3064 Mithrae,
2517 3003 2572 3048 ut
2631 3003 2854 3051 testatur
2891 2997 3151 3065 Macrob.,
3185 2999 3221 3054 l.
3267 3017 3284 3054 ι
3337 3003 3576 3060 Saturn.

271 3065 543 3122 Cimbrica
570 3069 772 3140 ,lingua
805 3072 910 3136 est,
943 3071 1046 3135 est,
1097 3063 1414 3138 signiﬁcet),
1457 3065 1722 3120 inﬁnitam
1771 3068 1870 3123 Dei

1989 3099 2097 3151 cap.
2127 3085 2212 3148 l7,
2248 3085 2429 3140 Solem
2460 3085 2654 3149 colere,
2688 3085 2845 3155 eique
2893 3087 3109 3153 bovem,
3142 3105 3208 3142 ex
3255 3099 3410 3146 antro
3460 3109 3578 3147 cor-

277 3157 618 3228 sapientia-m
648 3157 1026 3211 adumbratam
1077 3154 1262 3220 fuisse,
1295 3170 1416 3224 qua:
1450 3154 1712 3211 Proverb.
1741 3169 1864 3222 vm,

267 3257 328 3298 ν.
353 3246 436 3310 la,
467 3245 534 3298 de
555 3261 614 3299 se
643 3244 844 3313 inquit:
865 3245 1038 3300 Meum
1069 3259 1171 3299 nsr
1201 3245 1504 3299 consilium
1527 3247 1582 3300 et
1604 3246 1865 3315 (equites,

269 3347 396 3387 mea
425 3347 526 3387 nsr
551 3334 881 3405 prudentia,
903 3349 1028 3390 mea
1045 3347 1148 3388 EST
1174 3331 1478 3402 fortitudo.
1504 3332 1662 3386 Certe
1693 3341 1868 3388 autem

275 3420 334 3474 in
365 3421 521 3475 Isidis
559 3424 756 3494 templo
805 3431 1122 3494 sequentem
1164 3421 1292 3476 olim
1334 3419 1743 3492 inscriptionem
1785 3437 1866 3478 re-

277 3516 486 3576 pertam
517 3511 695 3580 fuisse,
727 3511 1044 3566 Plutarchus
1082 3510 1138 3564 in
1192 3510 1228 3563 1.
1261 3509 1328 3566 de
1380 3510 1594 3566 Osiride
1633 3513 1689 3566 et
1728 3509 1870 3567 Iside

274 3605 684 3654 commemorat.

351 3742 490 3815 Ἐγώ
523 3742 620 3816 εἰμι
643 3747 732 3794 πᾶν
763 3744 820 3796 τὸ
848 3742 1047 3815 γεγονὸς
1066 3742 1146 3794 καὶ
1166 3743 1224 3794 ὃν
1250 3740 1330 3792 καὶ
1361 3738 1616 3812 ἐσόμενον.

335 3829 436 3893 Ego
466 3845 580 3880 sum
604 3845 748 3881 omne
779 3831 913 3894 quod
929 3831 1052 3890 fuit,
1086 3837 1134 3878 et
1166 3829 1306 3894 quod
1329 3833 1426 3888 est,
1447 3835 1494 3878 et
1529 3827 1668 3892 quod
1686 3829 1807 3878 erit.

343 3947 452 4001 Alii
479 3949 726 4016 credunt,
760 3948 860 4002 sub
889 3946 1030 4002 Iside
1073 3947 1322 4012 Terram,
1365 3952 1458 3998 aut
1498 3948 1742 4014 Lunam,
1777 3951 1869 3998 aut

279 4038 566 4092 Canicqu
609 4037 759 4091 sidus
786 4037 874 4106 (eo
912 4035 1058 4106 quod
1103 4033 1170 4087 ad
1213 4035 1377 4100 hujus
1415 4041 1658 4086 exortum
1707 4033 1870 4090 Nilus

273 4123 564 4195 Egyptum
619 4125 882 4178 inundare
927 4122 1142 4190 soleat),
1177 4129 1268 4174 aut
1319 4121 1594 4185 Cererem,
1639 4126 1730 4174 aut
1779 4121 1870 4176 Mi—

271 4229 528 4278 neruam,
561 4221 652 4266 aut
682 4212 844 4268 aliam
871 4227 938 4266 ex
968 4210 1194 4264 deastris
1225 4209 1478 4280 aliquam,
1513 4208 1711 4276 latere;
1747 4208 1866 4278 qui-

272 4301 398 4355 dam
437 4318 566 4358 vero
595 4302 734 4372 apud
765 4299 1186 4354 illustrissimum
1213 4304 1268 4352 et
1286 4297 1554 4351 eruditiss.
1588 4297 1862 4365 Huetium,

275 4405 362 4458 ep.
415 4390 827 4458 Abrincensem,
859 4389 914 4440 in
943 4389 1264 4444 Demonstr.
1320 4388 1532 4454 Evang.
1575 4399 1733 4454 prop.
1786 4400 1865 4456 Iv,
1906 4375 1960 4466 υ

271 4492 394 4548 cap.
447 4481 532 4545 t0,
565 4493 714 4532 num.
763 4481 812 4544 1,
865 4475 1012 4530 nulla
1038 4478 1148 4544 jam
1192 4490 1356 4530 sexus
1397 4473 1606 4528 ratione
1664 4473 1862 4544 habita,

273 4581 400 4620 cum
431 4567 666 4631 Osiride,
719 4568 970 4630 Astarte,
1004 4565 1273 4629 Saturno,
1311 4562 1522 4636 Cybele,
1555 4570 1682 4627 etc.,
1717 4563 1868 4632 peni-

273 4663 362 4710 tus
393 4655 742 4710 confundunt.
789 4654 928 4718 Quid
975 4653 1202 4709 autem?
1245 4653 1392 4725 quod
1445 4651 1590 4706 idem
1641 4651 1868 4708 Huetius

277 4741 492 4813 Moysen
523 4744 578 4795 in
614 4741 908 4807 Osiridcm,
939 4743 1062 4812 conj
1075 4757 1236 4814 ugem
1258 4741 1374 4809 ejus
1405 4740 1734 4812 Sephoram,
1759 4737 1869 4794 imo

271 4836 328 4883 et
375 4845 612 4884 sororem
672 4831 923 4896 Mariam,
973 4830 1030 4882 in
1078 4829 1302 4895 Isidem,
1353 4829 1498 4899 apud
1549 4827 1866 4883 idololatras

185 4905 198 4912 ’
271 4917 560 4990 Egyplios
592 4919 854 4991 migrasse
887 4915 1228 4973 contendat?

343 5009 634 5077 Caeterum,
685 5021 1038 5079 quaecumque
1101 5007 1216 5060 haec
1275 5006 1378 5060 Isis
1433 5002 1615 5071 fuerit,
1658 5010 1871 5059 constat

269 5107 472 5161 tamen,
497 5112 604 5152 non
637 5113 666 5150 a
705 5095 958 5151 Romanis
989 5095 1174 5158 modo,
1207 5092 1432 5163 aliisque
1464 5091 1646 5146 multis
1685 5106 1866 5164 pepu-

273 5185 360 5250 lis,
386 5185 504 5248 sed,
539 5193 596 5239 ut
639 5185 851 5240 Tacitus
891 5183 954 5239 de
998 5183 1234 5238 Moribus
1270 5185 1450 5238 Germ.
1485 5179 1672 5246 refert,
1708 5181 1868 5235 etiam

273 5289 306 5326 a
336 5273 527 5328 Suevis
558 5274 686 5329 olim
719 5273 854 5330 Isidi
897 5269 1258 5327 sacrificatum
1307 5269 1500 5334 fuisse,
1553 5269 1696 5324 idolo
1751 5269 1870 5338 ejus

273 5377 341 5416 ex
369 5361 602 5436 Egypto
640 5363 695 5416 in
742 5365 992 5420 Pontum
1017 5359 1332 5427 Euxinum,
1355 5357 1592 5427 indeque
1619 5371 1718 5428 per
1756 5360 1868 5414 Da-

269 5450 512 5506 nubium
532 5451 658 5507 illuc
683 5467 896 5506 sursum
924 5451 1170 5505 advecto.
1203 5447 1361 5502 Plura
1401 5447 1546 5517 apud
1593 5446 1864 5501 Plutarch.

273 5539 330 5594 in
359 5539 399 5593 ι.
434 5537 500 5597 de
531 5539 892 5608 Iside;Pitisc.
923 5539 978 5594 in
1001 5539 1187 5597 Lexic.
1207 5557 1226 5606 ,-
1247 5535 1590 5592 Natal.Com.
1616 5534 1866 5608 Mythol.,

1980 3172 2143 3226 nibus
2164 3171 2434 3240 eductum,
2461 3171 2599 3226 inter
2617 3172 2940 3242 hymnorum
2972 3184 3268 3231 concentus
3299 3178 3582 3235 immolare

1979 3268 2393 3316 consueverant.
2423 3259 2550 3312 Erat
2581 3259 2747 3330 igitur
2787 3262 2890 3317 hoc
2936 3262 3142 3318 idolum
3191 3266 3365 3321 leonis
3425 3267 3580 3323 vultu

1978 3365 2101 3404 cum
2133 3349 2280 3411 tiara,
2315 3347 2532 3402 Persico
2555 3347 2762 3414 habitu,
2783 3355 3008 3421 utraque
3038 3368 3199 3406 manu
3228 3355 3371 3410 bovis
3394 3356 3582 3424 cujus-

1979 3438 2100 3491 dam
2150 3436 2460 3490 reluctantis
2504 3451 2706 3492 cornua
2755 3439 3138 3508 comprimens,
3173 3449 3230 3494 ut
3276 3457 3342 3495 ex
3385 3443 3575 3512 Statio,

1982 3525 2018 3581 l.
2049 3539 2066 3578 ι
2131 3525 2380 3581 Thebaid.
2418 3525 2701 3595 discimus,
2733 3525 2858 3580 ubi:

2111 3700 2124 3712 .
2145 3701 2156 3712 .
2174 3699 2190 3715 .
2207 3700 2218 3712 .
2238 3699 2249 3710 .
2267 3699 2281 3714 .
2303 3701 2314 3712 .
2340 3677 2430 3714 seu
2453 3672 2496 3713 te
2525 3679 2725 3714 roseum
2761 3665 2950 3714 Titana
2985 3668 3172 3724 vocari,

2103 3725 2274 3789 Gentis
2301 3727 2617 3776 Aehemenize
2647 3729 2764 3782 ritu,
2795 3743 2886 3776 seu
2917 3737 3124 3789 prmstat
3161 3728 3352 3780 Osirim

2104 3787 2432 3853 Frugiferum,
2464 3803 2552 3853 seu
2585 3789 2754 3838 Persei
2775 3791 2870 3839 sub
2905 3787 3116 3853 rupibus
3150 3793 3307 3841 antri‘

2103 3849 2370 3913 Indignata
2403 3852 2550 3914 sequi
2589 3859 2904 3916 torquentem
2931 3849 3122 3902 cornua
3156 3854 3423 3905 Mithram.

1981 3967 2148 4021 Porro
2179 3968 2246 4022 de
2283 3967 2644 4024 ablutionibus
2676 3985 2795 4042 quae
2825 3971 2880 4025 in
2911 3973 3097 4028 initiis
3127 3974 3294 4043 hujus
3343 3974 3582 4030 numinis

1981 4055 2220 4110 adhiberi
2246 4067 2655 4124 consueverant,
2691 4069 2914 4115 testatur
2941 4063 3167 4116 Tertull.
3201 4064 3254 4118 in
3285 4064 3323 4120 Ι.
3371 4065 3436 4118 de
3471 4066 3578 4122 Co-

1983 4129 2108 4200 ron.
2147 4143 2284 4210 Mil.,
2316 4160 2366 4200 c.
2397 4146 2494 4199 ult.
2521 4155 2572 4201 et
2605 4147 2659 4200 in
2692 4147 2731 4201 1.
2766 4149 2830 4206 de
2851 4151 3178 4220 Prrescript.
3211 4166 3332 4220 cap.
3357 4154 3445 4215 40,
3491 4154 3582 4206 ubi

1984 4247 2082 4285 nos
2111 4232 2266 4302 plura
2295 4232 2346 4284 in
2378 4233 2558 4288 Notis.

2055 4319 2314 4375 Caeterum
2369 4327 2544 4375 autem
2598 4322 2918 4391 generaliter
2957 4323 3236 4378 sacrificiis
3296 4326 3580 4396 gentilium

1984 4407 2290 4481 praemissas
2319 4407 2483 4463 fuisse
2513 4408 2782 4476 ejusmodi
2823 4410 3148 4480 ablutiones,
3181 4419 3419 4467 veterum
3453 4431 3580 4470 mo-

1981 4503 2239 4553 numenta
2261 4495 2458 4567 passim
2484 4503 2770 4552 testantur.
2803 4497 2891 4552 Sic
2918 4497 3062 4554 enim
3095 4499 3360 4556 Hesiodus
3385 4519 3396 4558 :

2104 4584 2372 4652 Nunquam
2401 4584 2519 4652 vin_a
2549 4584 2683 4652 Jovi,
2718 4585 3002 4652 superisvei,
3037 4588 3274 4652 rubentia
3305 4588 3454 4652 libes,

2102 4647 2444 4698 Ante’manus
2469 4647 2609 4698 ﬂuvii
2633 4647 2800 4710 quani
2821 4663 2952 4712 pura
2981 4651 3174 4700 laveris
3203 4653 3360 4701 unda.

1979 4728 2296 4786 Audiendus
2349 4745 2566 4800 quoque
2619 4728 2964 4799 Thucydides
3009 4730 3048 4787 l.
3082 4746 3122 4784 ιι
3169 4733 3456 4802 Pelopon.,
3507 4734 3582 4788 ita

1978 4819 2239 4889 loquens:
2279 4839 2301 4868 α
2335 4817 2500 4872 Fonte
2547 4817 2710 4872 etiam
2755 4817 3054 4874 Callirrhoé
3093 4819 3148 4874 in
3203 4817 3421 4874 maximi
3464 4836 3584 4878 mo—

1977 4907 2144 4962 menti
2179 4907 2342 4961 rebus
2379 4906 2464 4962 usi
2511 4912 2661 4973 sunt,
2699 4921 2760 4962 ac
2804 4905 3102 4963 etiamnum
3140 4925 3172 4962 a
3213 4907 3406 4977 priscis
3450 4908 3583 4966 inde

1979 4992 2316 5066 temporibus
2341 5009 2484 5066 aqua
2515 4995 2604 5050 illa
2630 5001 2754 5050 ante
2791 4995 3075 5067 nuptialia,
3106 5005 3157 5053 et
3185 4997 3240 5051 in
3267 4995 3387 5052 aliis
3416 4998 3472 5053 in
3501 5014 3584 5055 sa-

1978 5083 2084 5140 cris
2111 5082 2313 5137 assolet
2351 5082 2612 5140 adhiberi.
2652 5102 2676 5132 n
2707 5082 2812 5138 Sed
2865 5093 2916 5139 et
2962 5087 3253 5141 Pausanias
3295 5086 3353 5141 in
3400 5089 3578 5146 Eliac.

1979 5173 2019 5228 l.
2051 5187 2092 5238 ι,
2125 5186 2244 5241 cap.
2280 5173 2404 5236 164,
2436 5171 2628 5226 eadem
2665 5170 2736 5227 de
2786 5187 2844 5227 re
2873 5172 2944 5228 ita
2991 5183 3216 5231 testatur
3249 5195 3263 5231 :
3321 5198 3346 5227 α
3394 5179 3582 5249 Neque

1978 5276 2108 5318 vero
2135 5267 2230 5316 aut
2257 5275 2356 5315 xv:
2385 5259 2603 5316 feminae
2637 5263 2812 5331 (erant
2861 5263 2946 5319 hte
2986 5269 3154 5321 sacris
3198 5275 3250 5320 et
3297 5263 3439 5320 ludis
3481 5266 3582 5322 Ju-

1981 5350 2160 5406 noniis
2205 5349 2260 5406 in
2315 5349 2466 5406 Elide
2523 5348 2815 5421 praetecta)
2875 5361 2970 5408 aut
3023 5354 3212 5410 aediles
3282 5353 3526 5409 Eliorum
3558 5397 3576 5422 ,

1981 5441 2144 5497 ullam
2181 5439 2456 5514 attingunt
2485 5439 2726 5497 muneris
2753 5439 2839 5495 sui
2895 5450 3124 5513 partem,
3157 5441 3469 5513 priusquam
3519 5458 3580 5500 se

1986 5529 2248 5601 peculiari
2281 5530 2372 5586 lue
2400 5535 2452 5586 et
2479 5545 2626 5603 aqua
2657 5529 2749 5600 (ex
2777 5528 2930 5586 Piera
2957 5529 3102 5586 fonte
3133 5530 3343 5600 hausta)
3375 5531 3576 5588 lustra-
