4028 6180
468 266 604 325 1219

1530 244 1616 302 ΑΙ)
1655 235 1946 301 GENUINA
1987 231 2433 293 TERTULLIANI
2472 229 2688 290 OPERA

3622 222 3763 282 1220

464 364 588 418 rint.
628 382 646 408 ››
683 358 839 411 Certe
863 359 1039 407 autem
1071 344 1439 403 Timarchides
1478 341 1623 413 apud
1670 338 1843 394 Nata].
1877 335 2055 396 Com.,

2202 345 2430 417 aptacula
2453 343 2733 405 transiere,
2765 338 3078 395 lustralibus
3107 334 3251 390 illius
3272 334 3423 389 modi
3453 334 3763 403 sacriﬁciis,

468 454 506 506 l.
543 466 559 503 1
595 447 841 521 Mythol.,
876 457 994 512 cap.
1028 440 1079 502 4,
1134 443 1411 501 memorat,
1447 431 1723 485 Asterium
1774 421 2057 495 quemdam

470 510 690 595 fulmine
718 510 1033 606 percussum
1067 523 1355 586 interiisse,
1389 519 1535 591 quod
1578 515 1829 571 manibus
1875 510 2056 581 impu-

469 628 545 685 ris
582 600 936 697 (quia-illatis)
996 631 1143 671 aram
1190 611 1334 667 Jovis
1383 608 1673 681 attigisset.
1722 600 1869 668 Quid
1910 612 2053 664 vero,

470 691 857 790 quod'nonnisi
896 702 1197 778 praemissis
1244 697 1512 768 ejusmodi
1544 691 1834 750 lotionibus
1871 702 2058 760 preces

470 784 537 861 ad
562 803 695 858 deos
736 798 887 853 fundi
918 787 1260 863 oportuerit?
1300 784 1461 855 Apud
1491 784 1764 838 Romanos
1811 792 1933 833 cum
1978 789 2064 828 sa-

469 890 817 949 crificandum
866 895 979 937 erat
1018 880 1101 949 (ut
1140 879 1367 945 Dionys.
1402 872 1696 933 Halicam.,
1727 869 1765 922 l.
1802 881 1905 920 vm
1936 864 2056 919 An—

481 982 578 1052 tiq.
612 981 869 1035 Romam,
914 986 1032 1040 cap.
1079 969 1170 1031 71,
1235 961 1474 1032 locuples
1516 958 1669 1021 testis
1710 954 1832 1024 est),
1870 972 1891 1004 ‹
1940 949 2065 1006 lotis

475 1045 745 1127 manibus,
775 1069 827 1115 et
849 1056 1085 1115 lustlalis
1116 1070 1253 1123 aqua
1284 1066 1418 1123 pura
1445 1046 1698 1111 victimis,
1724 1053 1855 1107 etc.,
1874 1045 2067 1114 postea

469 1153 707 1227 precati,
742 1158 854 1205 tum
896 1149 1111 1202 demum
1141 1140 1413 1197 ministros
1462 1138 1580 1191 illas
1624 1140 1860 1190 mactare
1903 1129 2067 1199 jube-

472 1221 622 1298 bant.
658 1260 680 1290 ιι
726 1239 878 1294 Salse
912 1245 1084 1289 autem
1116 1233 1213 1287 hos
1263 1229 1397 1285 tales
1426 1227 1573 1283 Lact.
1616 1226 1655 1279 l.
1686 1239 1723 1279 v
1770 1221 1985 1286 Instit.,
2018 1234 2066 1273 c.

476 1333 564 1395 20,
600 1328 825 1383 irridet:
867 1348 889 1377 α
928 1322 1189 1393 Flagitiis,
1215 1318 1484 1390 inquiens,
1520 1312 1768 1372 Omnibus
1810 1307 2071 1381 inquinati

474 1417 701 1478 veniunt
726 1416 791 1469 ad
831 1414 1182 1486 precandum,
1226 1418 1278 1464 et
1324 1423 1382 1461 se
1438 1406 1525 1477 pie
1574 1399 1898 1458 sacrificasse
1946 1395 2071 1466 Opi-

478 1514 697 1571 nantur,
730 1506 776 1558 si
806 1484 984 1558 cutem
1015 1498 1240 1553 laverint
1266 1514 1278 1550 :
1330 1506 1585 1563 tanquam
1633 1488 1899 1549 libidines,
1930 1484 2074 1538 intra

479 1603 667 1667 pectus
705 1592 961 1659 inclusas,
993 1589 1084 1644 ulli
1118 1602 1305 1640 amnes
1334 1582 1575 1646 abluant,
1617 1585 1706 1631 aut
1738 1575 1844 1631 ulla
1900 1571 2073 1625 maria

479 1682 781 1754 purificent.
816 1698 839 1727 »

549 1770 682 1825 Vide
728 1775 906 1819 autem
941 1760 1297 1831 superstitiosi
1332 1758 1494 1825 hujus
1529 1754 1663 1807 ritus
1699 1750 1989 1823 originem,
2017 1751 2072 1801 et

476 1858 716 1928 spiritus
758 1852 879 1906 illos
936 1865 1179 1918 nequam
1245 1846 1447 1913 ubique
1497 1840 1729 1913 Spiritus
1779 1838 1945 1891 divini
1992 1836 2074 1891 ni-

474 1926 643 1998 mium
673 1942 823 2013 legas
855 1937 1040 1994 simias
1066 1934 1076 1991 l
1119 1956 1139 1985 ι
1174 1932 1521 1990 Lavationem
1552 1932 1689 1984 hanc
1720 1927 1814 1998 (ait
1845 1926 1902 1981 S.
1932 1926 2071 1980 Just.

474 2033 545 2089 M.
596 2030 649 2083 in
698 2028 853 2100 Apol.
890 2043 949 2092 Il,
992 2025 1058 2080 de
1109 2022 1370 2096 Baptism.
1416 2030 1602 2077 nostro
1652 2016 1906 2089 loquens)
1951 2030 2071 2069 cum

478 2118 754 2176 audissent
791 2117 1071 2171 daemones
1125 2128 1225 2185 per
1281 2112 1599 2183 prOphetam
1655 2106 2073 2179 promulgatam,

479 2208 792 2275 effecerunt,
836 2216 896 2261 ut
940 2212 993 2258 et
1031 2203 1330 2274 ingressuri
1383 2200 1439 2253 in
1493 2197 1715 2252 delubra
1766 2208 1972 2259 eorum,
2024 2197 2077 2243 et

477 2297 743 2354 accessuri
804 2294 869 2346 ad
920 2292 1060 2360 illos,
1093 2302 1220 2356 etc.,
1272 2288 1480 2357 scipsos
1529 2298 1683 2355 aquae
1722 2278 2074 2351 adspersione

475 2385 807 2448 lustrarent;
842 2379 972 2449 quin
1004 2385 1061 2431 ut
1113 2384 1223 2431 toto
1273 2390 1491 2447 quoque
1538 2386 1768 2441 corpore
1824 2369 2077 2422 laventur

477 2470 825 2540 prodeuntes,
862 2466 1174 2535 priusquam
1204 2463 1272 2516 ad
1307 2462 1527 2532 templa,
1569 2458 1660 2513 ubi
1692 2456 1770 2511 illi
1817 2452 2076 2510 collocati

479 2564 624 2623 sunt,
667 2554 901 2618 veniant,
928 2551 1188 2605 instinctu
1218 2565 1316 2604 suo
1349 2558 1401 2604 et
1430 2562 1593 2619 Opera
1631 2552 1841 2602 curant.
1880 2562 1903 2591 ››
1957 2541 2077 2595 Ca3-

477 2652 653 2701 terum
672 2642 767 2697 illa
790 2658 915 2714 pars
947 2640 1153 2710 templi,
1178 2639 1237 2691 in
1266 2654 1372 2708 qua
1402 2634 1751 2691 sacrificaturi
1802 2648 1860 2686 se
1890 2631 2077 2687 ablue-

483 2732 637 2799 bant,
700 2749 790 2786 seu
851 2730 1151 2787 deluebant
1210 2728 1356 2797 (vide
1415 2743 1539 2797 cap.
1600 2738 1789 2797 priva,
1848 2724 1969 2776 not.
2020 2719 2077 2773 in

484 2820 707 2892 specie),
745 2818 962 2889 preprie
1019 2817 1314 2872 delubrum
1345 2813 1610 2885 appellata
1659 2810 1778 2873 fuit,
1811 2805 2078 2880 signiﬁca-

487 2912 632 2963 tione
661 2907 922 2975 deincl—ps
954 2905 1020 2958 ad
1053 2906 1316 2974 templum
1347 2904 1520 2972 ipsum
1552 2904 1861 2971 prorogata.
1892 2896 2077 2964 Quan-

487 3011 647 3067 quam
676 2994 767 3047 alii
795 2994 859 3048 dc
888 2992 1035 3048 vocis
1067 2993 1212 3045 illius
1243 3000 1420 3062 etymo
1446 2991 1614 3044 aliter.

565 3085 853 3154 Efferulzt.
905 3082 981 3135 lla
1011 3096 1135 3135 cum
1164 3080 1330 3133 Matre
1361 3080 1523 3132 deum
1558 3077 1745 3148 (quam
1798 3069 2085 3141 GraeciJet

492 3188 557 3227 ex
596 3171 680 3224 his
708 3171 920 3234 Noster,
944 3170 977 3222 Ι.
1031 3169 1095 3225 de
1155 3170 1331 3239 Spec.,
1388 3182 1506 3237 cap.
1533 3170 1583 3232 8,
1618 3166 1830 3236 μεγάλην
1860 3162 2082 3230 Μητέρα,

494 3261 751 3332 Magnam
784 3259 1048 3315 Matrem:
1090 3258 1324 3329 Phryges
1355 3272 1479 3310 vero
1528 3255 1710 3321 Rheae,
1741 3261 1795 3307 ct
1826 3252 2044 3322 Cybeles
2068 3268 2084 3301 :

488 3347 726 3419 Assyrii,
762 3356 896 3401 teste
937 3345 1172 3401 Macrob.
1207 3346 1328 3400 Sat.
1356 3342 1391 3407 l,
1426 3358 1461 3407 ι,
1516 3358 1563 3395 c.
1616 3345 1704 3405 23,
1756 3338 2045 3410 Adergatis
2070 3355 2088 3391 :

489 3437 747 3511 Egyptii,
810 3443 1032 3490 auctore
1084 3433 1273 3488 Sertio
1350 3434 1402 3486 in
1463 3447 1559 3485 vnl
1606 3429 1850 3495 1Eneid.;
1904 3427 2085 3493 Isidis,

494 3525 711 3583 1153
756 3525 871 3581 Afri
919 3524 1066 3594 apud
1114 3524 1171 3578 S.
1225 3526 1365 3594 Aug.
1402 3524 1435 3574 l.
1479 3537 1518 3574 ιι
1561 3521 1624 3577 de
1660 3522 1713 3576 ϐ.
1752 3522 1838 3587 D.,
1878 3534 1997 3588 cap.
2033 3519 2085 3583 4,

489 3620 615 3674 Dea:
638 3615 912 3677 caelestis;
945 3612 1205 3666 Germani
1227 3626 1354 3664 vero
1376 3609 1523 3679 apud
1545 3607 1742 3671 Tacit.,
1773 3610 1806 3661 1.
1840 3621 1922 3659 vu
1945 3607 2087 3660 Hist.

490 3720 540 3760 c.
571 3706 660 3767 20,
694 3702 917 3757 Herthw
942 3700 1128 3769 (Erde)
1160 3700 1375 3752 nomine
1401 3696 1771 3768 appellabant)
1804 3695 1871 3747 ad
1900 3695 2087 3751 Almo-

493 3807 624 3849 nem
663 3788 885 3843 ﬂuvium
918 3788 1213 3841 factitatum
1248 3785 1428 3849 luisse,
1462 3800 1523 3836 cx
1564 3782 1723 3837 Ovid.
1758 3781 1795 3834 ι.
1830 3797 1887 3835 1v
1932 3785 2083 3837 Fast.

494 3888 547 3935 et
592 3879 831 3943 Lucano,
864 3876 901 3930 1.
939 3876 1045 3929 Ide
1101 3873 1238 3928 Bell.
1273 3872 1533 3927 Pharsal.
1578 3877 1804 3925 constat.
1856 3870 2092 3942 Insignis

492 3964 695 4038 pariter
725 3966 864 4035 apud
896 3962 1062 4017 Tacit.
1090 3963 1123 4015 l.
1175 3978 1254 4015 xv
1284 3961 1493 4016 Annal.
1546 3976 1593 4015 c.
1630 3959 1720 4029 44,
1768 3960 1918 4015 locus
1963 3969 2043 4014 est
2076 3979 2087 4017 :

498 4076 521 4105 ι
553 4051 846 4125 Propitiata
873 4054 1011 4106 Juno
1060 4067 1161 4123 per
1214 4057 1508 4115 matronas,
1544 4050 1777 4120 primum
1826 4049 1882 4103 in
1935 4048 2093 4122 Capi-

493 4143 639 4211 tolio,
674 4142 929 4213 deinceps
958 4143 1101 4212 apud
1154 4138 1464 4209 proximum
1499 4153 1664 4193 mare.
1701 4138 1859 4194 Unde
1902 4139 2092 4195 hausta

490 4248 631 4305 aqua
687 4234 947 4304 templum
1005 4243 1059 4287 et
1126 4229 1474 4285 simulacrum
1548 4230 1675 4284 Deae
1739 4243 2093 4301 prospersum

494 4331 595 4379 est.
638 4342 661 4371 xl

566 4410 828 4466 Caeterum
867 4412 1043 4480 effera
1070 4409 1158 4463 hic
1203 4407 1512 4480 significare
1560 4406 1771 4464 videtur
1806 4421 1834 4460 e
1884 4406 2092 4476 templo

499 4502 649 4570 ferre
678 4498 843 4563 idola,
865 4515 925 4553 ac
964 4508 1118 4552 antea
1146 4496 1303 4566 aquis
1341 4498 1450 4550 lota
1478 4495 1531 4548 in
1552 4493 1782 4564 publicis
1803 4496 2092 4565 supplica—

502 4588 771 4653 tionibus,
837 4604 931 4642 seu
994 4586 1441 4659 processionibus
1520 4581 1733 4654 (quales
1805 4580 2093 4655 gentilibus

500 4676 682 4733 multae
725 4684 895 4744 erant,
940 4692 1003 4731 ac
1041 4675 1092 4728 in
1121 4673 1246 4728 Asia
1299 4673 1593 4727 etiamnum
1639 4672 1786 4741 sunt)
1818 4686 1917 4742 per
1945 4670 2093 4725 urbis

497 4768 663 4833 vicos,
687 4776 739 4821 et
766 4767 972 4837 plateas
1003 4764 1393 4833 circumferre.

580 4855 767 4911 Villas.
823 4854 995 4918 Villae,
1054 4852 1207 4920 quasi
1265 4851 1512 4916 vehillaa,
1560 4850 1714 4906 initio
1771 4848 2094 4906 dicebantur

501 4956 640 4996 casae
678 4940 924 5011 quaedam
954 4939 1010 4993 in
1047 4939 1213 5010 agris,
1244 4940 1313 4994 ad
1360 4938 1744 4996 convehendas
1791 4954 1854 4995 ac
1899 4951 2091 4993 recon-

506 5030 711 5086 dendas
742 5031 849 5086 illic
907 5031 1111 5102 fruges,
1150 5030 1491 5102 recipiendos
1535 5038 1701 5086 noctu
1747 5030 1994 5095 colonos,
2042 5037 2096 5083 et

503 5127 747 5192 pastores
792 5136 915 5176 cum
944 5120 1206 5192 gregibus
1245 5119 1376 5186 suis,
1426 5128 1552 5188 etc.,
1586 5118 1799 5175 nonnisi
1854 5135 1919 5175 ex
1964 5132 2090 5174 ces-

501 5210 634 5282 pite,
666 5217 757 5265 aut
785 5210 889 5263 alia
939 5209 1182 5276 materia,
1212 5224 1373 5281 quam
1426 5208 1718 5263 necessitas
1770 5206 2086 5278 imperabat,

498 5304 860 5364 constructae;
894 5305 1083 5368 postea
1113 5313 1233 5351 cum
1263 5296 1318 5349 in
1355 5302 1520 5351 statas
1559 5295 1888 5351 rusticorum
1936 5294 2092 5348 habi-

503 5386 736 5444 tationes
765 5387 1123 5451 transiissent,
1152 5382 1393 5439 nonnihil
1423 5381 1628 5438 firmius
1675 5389 1915 5453 structae,
1959 5388 2089 5437 tan-

494 5476 619 5532 dem
653 5479 705 5532 in
734 5476 1071 5549 voluptuaria
1115 5487 1330 5546 quoque
1359 5487 1420 5527 ac
1462 5470 1649 5529 aestiva
1685 5470 1948 5527 nobilium
1996 5486 2093 5527 re-

2162 443 2217 490 et
2245 437 2670 507 aspersionmus,
2701 445 2768 485 eo
2807 441 3101 485 so.emnius
3146 425 3408 494 deinceps
3470 439 3770 496 naugurart

2165 530 2444 580 consueta.

2236 613 2350 668 Huc
2407 624 2624 683 quoque
2690 605 3032 678 pertinebant
3087 601 3246 656 Festa
3300 602 3535 667 Palilia,
3570 615 3769 656 mense

2166 700 2339 773 Aprili
2372 701 2426 753 in
2456 701 2713 755 honorem
2744 695 2900 751 Palis
2931 693 3016 749 dei
3046 688 3308 746 celebrari
3333 690 3515 757 solita,
3538 689 3610 746 de
3639 690 3767 760 qui-

2171 789 2273 844 bus
2300 788 2461 844 Ovid.
2493 804 2569 853 ιν,
2604 802 2662 840 ν.
2688 787 2829 839 735:

2265 913 2442 964 Pastor
2465 925 2580 960 oves
2615 916 2813 959 saturas
2847 906 2912 955 ad
2939 904 3102 966 prima
3144 901 3439 965 crepuscula.
3470 901 3674 959 lustret,

2326 975 2466 1026 Unde
2501 973 2640 1037 prius
2669 977 2891 1035 spargat,
2926 975 3056 1017 etc.:

2171 1070 2409 1126 adhibita
2438 1068 2687 1123 nimirum
2725 1062 2924 1137 agresti
2964 1062 3057 1115 illa
3098 1067 3152 1115 et
3180 1058 3445 1128 condigna
3489 1056 3636 1126 apud
3670 1055 3778 1111 Ca-

2172 1160 2357 1215 ton.de
2389 1161 2462 1215 Re
2490 1161 2721 1221 rust.,c.
2742 1151 2946 1221 141,δά
2968 1148 3228 1204 rusticum
3262 1145 3409 1200 illum
3433 1145 3595 1199 deum
3625 1143 3779 1200 invo-

2173 1251 2407 1306 candum
2436 1245 2668 1302 formula
2697 1262 2710 1298 :
2751 1263 2775 1295 ι
2806 1241 2891 1298 Uti
2924 1248 2981 1295 tu
3011 1238 3231 1293 morbos
3259 1237 3406 1291 visos
3435 1233 3777 1303 invisosque,

2174 1339 2547 1399 viduertatem,
2583 1333 3093 1399 vastitudinemque,
3126 1325 3474 1390 calamitates,
3509 1324 3781 1393 intempe-

2176 1427 2392 1497 riesque
2431 1422 2786 1495 prohibessis,
2819 1418 3095 1482 defendas,
3126 1427 3584 1483 averruncesque,
3612 1430 3636 1463 ι
3672 1420 3779 1466 etc.

2177 1513 2317 1583 Quin
2348 1522 2591 1584 pastores
2619 1524 2842 1583 quoque
2874 1509 3021 1578 ipsos
3050 1512 3103 1560 et
3131 1506 3257 1576 igne
3289 1511 3343 1558 et
3370 1517 3517 1574 aqua
3557 1497 3785 1555 lustrari

2176 1577 2478 1675 oportebat,
2512 1602 2578 1655 de
2604 1577 2807 1671 quibus
2837 1595 2998 1653 Ovid.
3022 1594 3098 1648 ib.
3128 1608 3275 1649 vers.
3310 1593 3414 1645 725
3447 1608 3461 1643 :
3824 1577 3837 1587 ’

2254 1726 2393 1776 Certe
2427 1739 2517 1782 ego
2554 1721 2785 1771 transilui
2814 1719 3006 1782 positas
3043 1724 3113 1765 ter
3140 1716 3194 1764 in
3229 1715 3401 1782 ordine
3428 1714 3683 1769 flammas,

2474 1778 2677 1847 irgaque
2706 1778 2934 1832 rora-otes
2964 1783 3137 1830 laurea
3180 1778 3315 1826 misit
3337 1790 3516 1838 aquas.

2252 1868 2359 1922 Sed
2389 1866 2513 1938 quid
2538 1872 2701 1933 vetat,
2734 1865 2840 1918 huc
2871 1875 3088 1932 quoque
3119 1859 3372 1913 reducere
3404 1852 3790 1925 adspersiones

2181 1956 2300 2012 illas
2330 1954 2694 2021 ambarvales,
2740 1952 2881 2006 inter
2905 1965 3040 2021 quas
3069 1946 3414 2003 ambarvalis
3456 1944 3641 1998 hostia
3673 1940 3792 1996 cir-

2183 2060 2304 2100 cum
2336 2059 2519 2115 agros,
2550 2042 2699 2097 vclut
2730 2039 2978 2095 ambiens
2999 2053 3153 2102 arva,
3185 2032 3523 2089 ducebatur?
3554 2037 3665 2084 etc.

2256 2154 2475 2208 Demos.
2506 2148 2597 2203 Vel
2629 2162 2794 2200 unum
2824 2144 2960 2197 hanc
2978 2142 3033 2194 in
3065 2156 3173 2195 rem
3206 2139 3414 2193 adduco
3439 2134 3795 2190 Theocritum

2185 2240 2356 2311 ldyl.,
2387 2241 2478 2305 24,
2506 2237 2595 2289 ubi
2636 2234 2865 2290 Tiresias
2916 2238 3063 2285 vates
3103 2229 3318 2283 domum
3370 2224 3796 2295 Anphitryom’s

2184 2340 2218 2381 8.
2243 2324 2612 2395 serpentibus,
2645 2336 2780 2392 quos
2805 2320 3064 2374 Hercules
3093 2316 3145 2369 in
3176 2315 3332 2369 cunis
3364 2321 3595 2383 utraque
3624 2325 3799 2364 manu

2182 2427 2523 2486 compressos
2561 2410 2875 2472 suffocarat,
2912 2404 3118 2477 eXpiari
3152 2404 3367 2472 jubens,
3397 2402 3492 2469 ait,

2256 2556 2457 2624 Καθαρῷ
2481 2550 2534 2603 δὲ
2560 2551 2821 2624 πυρῴσᾳτε
2854 2550 2998 2619 δῶμα
3029 2544 3166 2624 Θεεὶφ

2184 2612 2413 2696 Πρῶτον·2
2435 2612 2683 2696 ’ἔδω-ᾆδ’
2717 2622 2881 2696 ς’ἱλλεσι
2913 2612 3219 2696 pqugi»)?
3364 2612 3668 2682 νενόμισται)

2186 2681 2371 2770 Θέιλλῷ
2400 2681 2682 2765 ἒπιῤῥαίνειν
2714 2681 3007 2761 ἐστεμμέῖιοῦ
3038 2681 3243 2744 ἀϐλαϐὲς
3263 2681 3426 2753 ὕδωρ.

2264 2811 2508 2882 Templa.
2535 2809 2615 2863 De
2643 2803 2958 2862 lustratione
2994 2802 3312 2873 templorum
3339 2797 3563 2867 insigne
3597 2809 3799 2850 rursus

2190 2898 2551 2958 testimonium
2579 2902 2749 2953 exstat
2778 2894 2924 2966 apud
2954 2891 3147 2955 Tacit.,
3176 2889 3213 2942 l.
3239 2905 3313 2954 ιν,
3340 2904 3391 2943 c.
3425 2888 3514 2951 43,
3548 2884 3644 2939 ubi
3670 2899 3803 2940 cum

2111 2964 2159 3046 0
2191 2991 2335 3048 Jovis
2405 2985 2715 3059 Capitolini
2772 2964 3055 3054 templum,
3086 2996 3116 3033 a
3168 2978 3486 3037 Vitellianis
3531 2972 3805 3027 militibus

2191 3080 2592 3140 destructum,a
2624 3074 2950 3145 Vespasiano
2984 3070 3113 3140 imp.
3133 3064 3551 3122 restaurandum
3582 3069 3726 3127 erat,
3742 3068 3806 3116 ut

2194 3185 2317 3225 area
2345 3168 2461 3236 ejus
2489 3162 2717 3221 solemni
2749 3162 2854 3217 ritu
2895 3159 3253 3222 dedicaretur,
3293 3178 3316 3206 ι
3366 3154 3621 3224 Virgines
3666 3152 3805 3206 Ves-

2197 3257 2327 3311 tales
2365 3270 2491 3311 cum
2528 3252 2716 3325 pueris
2768 3247 3071 3320 puellisque
3124 3243 3375 3317 patrimis
3424 3239 3808 3311 matrimisque

2197 3344 2392 3416 (aream
2432 3343 2575 3397 illam
2623 3339 2862 3409 omnem)
2911 3352 3068 3409 aqua,
3108 3333 3241 3391 rivis
3269 3342 3321 3388 et
3361 3329 3598 3386 fontibus
3625 3326 3805 3381 amni-

2200 3435 2406 3504 busque
2436 3433 2644 3493 hausta,
2677 3427 2941 3499 perluere,
2976 3446 3001 3476 »
3045 3431 3154 3480 etc.
3188 3425 3371 3492 Longe
3419 3429 3598 3473 autem
3648 3417 3807 3470 anti-

2201 3525 2358 3594 quior
2388 3522 2478 3575 hic
2516 3522 2652 3573 ritus
2682 3518 2749 3572 ab
2781 3516 2899 3587 ipso
2946 3515 3124 3569 Numa
3161 3527 3291 3582 rege
3332 3509 3547 3581 petitur,
3578 3506 3644 3561 de
3696 3520 3806 3576 quo

2200 3609 2514 3665 Plutarchus
2542 3608 2596 3660 in
2619 3606 2736 3674 ejus
2779 3605 2899 3659 Vita
2946 3601 3137 3672 inquit,
3174 3621 3197 3651 ι
3230 3601 3449 3662 fontem,
3492 3595 3588 3668 qui
3620 3596 3806 3649 locum

2204 3699 2391 3771 irrigat
2421 3700 2691 3766 (campum
2718 3691 2985 3757 videlicet,
3020 3690 3111 3745 ubi
3149 3706 3272 3746 cum
3312 3686 3507 3759 Egeria
3558 3684 3808 3756 nympha

2202 3786 2402 3843 versari
2458 3785 2679 3851 solebat)
2719 3797 2916 3851 aquam
2976 3794 3209 3835 sacram
3240 3776 3556 3849 Virginibus
3617 3773 3807 3827 Vesta

2204 3875 2601 3938 attribuisse,ut
2627 3888 2693 3928 ex
2714 3886 2781 3926 eo
2812 3869 3118 3925 haurientes
3147 3866 3508 3938 purificarent,
3536 3869 3594 3919 et
3625 3876 3812 3933 asper-

2205 3972 2392 4039 gerent
2421 3978 2629 4019 sacram
2650 3961 2842 4017 aedem.
2881 3978 2908 4010 ι

2285 4053 2464 4111 Urbes.
2499 4052 2668 4106 Erant
2706 4056 2760 4103 et
2810 4060 2963 4102 sacra
2991 4042 3375 4109 Amburbalia,
3425 4055 3549 4096 cum
3598 4038 3815 4096 scilicet

2206 4142 2355 4207 urbs,
2396 4141 2618 4210 ejusque
2647 4136 2971 4210 pomoerium
3001 4134 3344 4196 lustrabatur,
3401 4138 3459 4185 ut
3510 4127 3663 4199 apud
3697 4128 3813 4183 Lu-

2205 4246 2351 4299 can.,
2383 4246 2404 4285 I
2431 4230 2647 4293 Phars.,
2676 4242 2731 4281 v.
2765 4228 2909 4280 593:

2327 4370 2443 4443 Mox.
2465 4368 2679 4443 jubetet
2714 4363 3101 4443 totam‘pavidis
3137 4375 3169 4410 a
3193 4358 3594 4443 civibusurbem

2327 4423 2540 4489 Ambiri,
2578 4438 2626 4479 et
2658 4430 2785 4478 festo
2821 4423 3062 4477 celébrari
3094 4425 3275 4489 mmnia
3310 4423 3485 4489 luster.

2329 4496 2504 4558 Longa
2525 4482 2613 4558 per
2633 4499 2880 4558 extremos
2909 4488 3154 4551 pomoeria
3186 4486 3383 4548 cingere
3416 4482 3544 4532 ﬁnes

2331 4552 2596 4608 Pontiﬁces
2626 4552 2772 4611 sacri,
2810 4560 2901 4601 etc.

2204 4665 2389 4722 Fiebat
2413 4673 2592 4720 autem
2635 4663 2754 4716 haec
2811 4656 3056 4714 lustratio
3115 4650 3407 4726 quotannis
3462 4662 3643 4705 mense
3701 4648 3815 4705 Fe-

2202 4753 2434 4818 bruario,
2467 4752 2611 4806 hunc
2636 4747 2783 4805 enim
2812 4744 3109 4803 secundum
3156 4756 3398 4796 mensem
3444 4738 3619 4793 Numa
3647 4736 3817 4792 dica-

2201 4844 2279 4901 vit
2304 4842 2387 4914 (ut
2435 4840 2506 4896 ait
2562 4838 2828 4901 Macrob.,
2860 4835 2897 4890 1.
2958 4850 2976 4889 ι
3037 4834 3300 4895 Saturn.,
3359 4846 3410 4883 c.
3461 4828 3549 4896 13)
3590 4825 3820 4882 Februo

2204 4912 2328 5001 deo,
2387 4931 2478 5001 qui
2546 4927 2925 4982 lustrationum
2990 4931 3188 4994 potens
3252 4916 3518 4983 creditur;
3581 4912 3821 4969 lustrari

2203 5020 2373 5092 (quod
2403 5016 2637 5089 antiquis
2666 5025 2783 5071 erat
2823 5010 3103 5085 februari)
3138 5028 3163 5060 «
3211 5016 3391 5061 autem
3436 5018 3502 5059 eo
3551 5017 3751 5058 mense
3784 5020 3815 5053 ι

2205 5113 2475 5173 civitatem
2506 5129 2531 5157 α
2564 5119 2782 5162 necesse
2811 5108 2944 5171 erat,
2975 5109 3036 5155 ut
3062 5099 3207 5168 justa
3253 5095 3359 5149 diis
3388 5092 3638 5149 Manibus
3693 5092 3823 5147 sol-

2205 5207 2379 5263 veret.
2418 5220 2441 5249 υ

2280 5290 2320 5349 Ι
2335 5287 2497 5350 541
2534 5284 2854 5360 Aspergine.
2886 5276 3201 5353 Legendum
3223 5278 3374 5360 putat
3392 5267 3588 5360 Junius
3607 5283 3829 5360 asparb

2203 5382 2352 5456 giae.
2384 5382 2453 5435 At
2481 5356 2622 5449 quid
2636 5356 2736 5431 hac
2765 5368 3064 5429 mutatione
3097 5380 3238 5437 Opus
3260 5361 3287 5415 ?
3325 5357 3693 5431 Aspergiuem
3723 5356 3824 5411 di-

2204 5452 2338 5526 cunt
2365 5464 2646 5538 politiores
2663 5457 2856 5530 Latini,
2887 5462 2948 5514 ut
2972 5452 3191 5529 Virgil.,
3218 5452 3348 5507 En.
3384 5463 3446 5504 ιιι
3481 5466 3494 5502 :
