4050 6168
327 285 461 345 1221

481 409 752 460 ......Salsa
779 420 1015 474 spumant
1043 413 1298 477 aspergine
1333 422 1509 463 cautes

317 489 580 562 Equidem
609 489 660 545 in
693 490 728 544 l.
760 506 836 557 1v,
879 492 932 546 fl.
983 493 1047 547 ad
1077 494 1186 565 leg.
1238 494 1499 549 Rhodiam
1551 494 1616 550 de
1656 497 1848 566 jactu,
1883 510 1914 549 a

319 578 618 638 Callistrato
658 597 1013 654 aspargmem
1042 582 1241 637 dictum
1281 583 1536 652 invenio;
1586 591 1640 638 at
1685 584 1787 639 alia
1833 585 1915 638 si-

321 663 686 740 gniﬁcatione,
718 667 920 723 scilicet
963 685 1062 738 pro
1092 669 1220 724 vitio
1266 671 1344 724 rei
1376 687 1440 725 ex
1489 687 1648 743 aqua,
1683 673 1914 728 maxime

320 753 523 826 pluvia,
571 762 844 811 contracto
887 774 901 809 :
953 772 1256 829 quanquam
1299 775 1406 814 non
1453 760 1650 829 desint,
1698 762 1789 832 qui
1839 761 1913 816 ibi

319 857 540 915 quoque
568 846 858 916 aspergine
886 845 1087 916 legant.

390 933 835 1003 Apollinaribus.
884 933 948 986 lli
1005 935 1142 1002 ludi,
1190 951 1311 991 cum
1368 936 1601 992 Annibal
1659 948 1804 995 esset
1862 940 1913 994 in

316 1019 483 1087 Italia,
512 1022 722 1077 monitu
751 1024 1048 1077 carminum
1079 1025 1253 1079 Martii
1286 1025 1440 1092 vatis,
1495 1033 1606 1081 tum
1655 1026 1792 1083 forte
1821 1027 1911 1081 in-

315 1117 619 1176 ventorum,
665 1109 898 1180 primum
944 1127 1008 1166 ex
1055 1112 1189 1167 SCto
1236 1114 1487 1169 celebrati
1532 1115 1701 1180 fuere,
1750 1125 1810 1172 ut
1849 1133 1914 1173 ex

313 1197 485 1268 Livio,
535 1198 575 1257 l.
604 1214 744 1264 xxv,
791 1216 838 1255 c.
896 1205 962 1254 12
990 1211 1044 1257 et
1082 1203 1344 1274 Macrob.,
1392 1204 1432 1258 l.
1482 1221 1500 1259 ι
1545 1208 1809 1271 Saturn.,
1859 1223 1908 1262 c.

318 1287 406 1357 17,
448 1294 677 1342 constat.
710 1287 810 1344 Hic
838 1296 1018 1343 autem
1064 1291 1261 1348 Noster
1292 1293 1472 1362 potius
1523 1311 1733 1350 sacrum
1776 1295 1910 1350 illud

313 1377 458 1447 apud
488 1375 777 1447 Egyptios
825 1377 1258 1451 celeberrimum,
1310 1381 1456 1452 quod
1485 1384 1628 1439 Horo
1661 1385 1805 1452 (nam
1853 1392 1909 1438 ut

312 1468 539 1520 testatur
567 1465 767 1521 Herod.
808 1468 863 1520 in
892 1469 1156 1539 Euterpe,
1191 1471 1291 1524 hoc
1321 1470 1538 1525 nomine
1582 1473 1772 1542 Apollo
1803 1473 1910 1530 illis

311 1550 728 1624 designabatur)
774 1553 841 1608 ad
895 1557 1106 1612 Butum
1152 1557 1206 1611 in
1238 1557 1413 1611 insula
1446 1559 1698 1616 Chemmi
1727 1560 1904 1629 fiebat,

311 1640 556 1710 respicit,
588 1650 678 1696 aut
725 1642 880 1697 ludos
908 1645 1158 1716 Apollini
1214 1649 1426 1718 Triopiu
1473 1665 1504 1701 a
1545 1650 1906 1706 Doriensibus

311 1734 574 1793 sacratos,
606 1729 672 1784 de
700 1729 899 1800 quibus
939 1731 1083 1785 idem
1112 1732 1315 1788 Herod.
1348 1734 1398 1787 in
1437 1737 1573 1792 Clio.

385 1814 648 1871 Pelusiis.
707 1817 1018 1884 Pelusium,
1068 1835 1211 1873 nunc
1259 1823 1546 1892 Damiata,
1599 1824 1664 1878 ad
1713 1825 1910 1880 ostium

309 1897 418 1952 Nili
449 1901 675 1956 maxime
703 1901 963 1959 orientale
1006 1906 1104 1960 sita
1153 1916 1254 1973 est,
1286 1909 1474 1965 civitas
1522 1913 1646 1966 olim
1685 1913 1904 1981 nobilis,

307 1999 341 2038 a
370 1987 552 2054 Peleo,
585 1989 810 2044 Achillis
845 1999 1013 2061 patre,
1046 2001 1104 2046 ut
1154 1995 1338 2062 fertur,
1372 2007 1656 2068 postquam
1705 2002 1776 2056 ob
1823 2002 1908 2055 in-

307 2069 592 2128 terfectum
640 2073 860 2131 fratrem
907 2080 1157 2137 Phocum
1204 2084 1258 2136 in
1300 2084 1415 2140 lacu
1467 2087 1646 2142 vicino
1694 2090 1906 2146 lustrari

300 2159 513 2229 jussus,
542 2176 574 2214 a
603 2161 804 2226 Furiis,
839 2165 1041 2235 quibus
1069 2169 1138 2222 ob
1168 2169 1313 2224 illam
1343 2174 1547 2228 caadem
1579 2178 1900 2249 agitabatur,

306 2247 377 2302 ad
405 2264 590 2304 sanam
619 2259 857 2306 mentem
906 2254 1177 2326 rediisset,
1223 2260 1464 2327 condita,
1515 2264 1606 2317 ubi
1637 2265 1691 2319 in
1723 2247 1900 2320 bono?

307 2350 423 2391 rem
451 2338 671 2404 Dianre,
705 2354 826 2408 quae
865 2341 1242 2411 Egyptiorum
1292 2346 1500 2418 lingua,
1533 2349 1761 2420 indeque
1790 2353 1907 2423 ipsa

307 2423 492 2481 civitas
521 2425 624 2480 alio
657 2427 873 2482 nomine
916 2428 1173 2485 Bubastis
1203 2433 1500 2502 dicebatur,
1534 2437 1692 2492 ludos
1723 2455 1903 2510 quon-

307 2512 431 2568 dam
487 2513 869 2568 celeberrimos
905 2518 1194 2585 quotannis
1251 2528 1398 2576 actos
1456 2523 1645 2591 fuisse,
1706 2526 1906 2583 iterum

303 2602 509 2657 Herod.
559 2601 614 2654 in
660 2604 816 2667 Eut.,
868 2618 917 2657 c.
968 2605 1056 2670 49,
1109 2604 1225 2661 fuse
1263 2620 1544 2666 memorat.
1577 2611 1898 2686 Quanquam

305 2702 417 2744 non
448 2689 662 2761 ignoro,
694 2705 724 2743 a
758 2690 909 2766 vulg.
940 2699 1126 2748 nostro
1175 2694 1470 2766 Interprete
1516 2703 1708 2758 Ezech.
1753 2718 1901 2771 ‘xxx,

307 2781 373 2832 16
419 2787 472 2833 et
499 2779 585 2846 17,
619 2779 906 2835 Bubasten
963 2780 1104 2834 inter
1161 2798 1223 2837 ac
1270 2786 1562 2842 Pelusium
1599 2790 1900 2861 distingui:

309 2867 477 2936 Quasi
515 2868 846 2939 parturiens
873 2868 1078 2958 dolebit
1105 2878 1196 2958 ’με
1230 2873 1370 2942 (Sin)
1398 2877 1696 2945 pELUSIUM,
1728 2881 1899 2950 juve-

299 2971 403 3012 nes
436 2964 674 3015 non-i2
705 2956 1043 3027 (Phibeseth)
1073 2956 1505 3033 Busssngladio
1536 2967 1756 3024 cadent.

1143 289 1477 348 APPENDIX
1519 289 1581 347 V.
1621 320 1690 332 —
1728 290 1793 346 D.
1833 290 2210 354 CORBINIANI
2247 294 2490 356 THOM/E
2530 299 2768 359 ADNOT.

3488 313 3625 374 1222

2151 417 2490 503 Ξυ,ιεριῐ)ίιοι·,.
2509 437 2628 486 cape
2659 439 2811 503 sacra
2841 439 3019 487 manu,
3051 430 3343 503 patriosque
3373 443 3581 503 penates
3612 454 3622 484 :

2152 479 2228 555 hic
2256 479 2388 555 bello
2420 499 2445 532 ο
2472 479 2612 555 tant-0
2643 488 2944 555 digressum,
2963 479 3017 555 Ae,
3042 479 3174 542 Ezede
3204 479 3408 555 recenti,

2149 543 2424 654 ﬁgli‘ectare
2449 549 2608 612 nefas,
2641 543 2802 601 donec
2836 543 3159 605 me'ﬂumine
3198 556 3316 606 vivo

2252 620 2390 654 uero.
2404 645 2416 654 .
2436 644 2447 654 .
2462 644 2474 654 .
2487 647 2498 654 .

2252 620 2416 657 uero..
2436 644 2498 658 ...

2025 738 2092 794 Et
2117 739 2306 794 Senec.
2340 740 2393 794 in
2414 744 2570 799 Herc.
2602 746 2746 814 fur.,
2780 755 2884 802 act.
2917 764 2995 814 ιν,
3029 765 3173 805 scen.
3210 754 3260 818 1,
3293 767 3435 806 vers.
3472 755 3573 809 918
3606 771 3619 810 :

2157 914 2200 950 τί
2220 917 2231 930 .
2250 915 2262 930 .
2283 916 2295 930 .
2315 881 2475 942 .Nate,
2501 893 2766 950 manantes
2794 887 2936 950 prius

2147 940 2324 993 Manus
2354 940 2557 996 cruenta
2587 949 2739 1008 caede,
2768 940 2817 998 et
2839 949 3013 1000 hostili
3046 951 3214 1015 expia.

2022 1054 2175 1111 Hunc
2203 1056 2476 1116 enimvero
2508 1063 2786 1134 gentilium
2820 1081 3023 1122 morem
3056 1067 3174 1140 ipse
3203 1068 3343 1125 ridet
3372 1069 3618 1140 Ovid.,tt

2023 1144 2199 1199 Fast.:

2146 1285 2249 1356 Ah!
2282 1285 2509 1356 nimium
2519 1290 2711 1356 faciles,
2740 1293 2831 1356 qui
2860 1293 3026 1344 tristia
3055 1296 3270 1348 crimina
3304 1300 3437 1350 caede

2147 1347 2416 1400 Fluminea
2447 1351 2556 1401 tolli
2590 1347 2738 1416 posse
2755 1347 2957 1419 putatis
2990 1372 3144 1422 aqua.

2020 1451 2188 1522 Atqui
2234 1463 2438 1512 constat
2472 1459 2835 1528 expiationum
2882 1472 2934 1519 et
2980 1464 3359 1522 lustrationum
3401 1468 3620 1524 nomine

2021 1544 2148 1593 tunc
2177 1543 2388 1598 nonnisi
2435 1544 2663 1602 lotiones
2709 1565 2848 1620 aqua
2897 1550 3066 1607 factas
3106 1553 3334 1627 intelligi
3388 1572 3621 1613 consue-

2019 1642 2184 1682 V1839.

1947 1737 1990 1814 Β
2097 1715 2310 1773 1155
2347 1719 2878 1814 ,εέιξέζιιῐδιοεὶψῐεῐη
2940 1737 3021 1781 est
3089 1730 3415 1801 exemplum,
3475 1733 3618 1802 quod

2019 1812 2192 1860 exstat
2221 1807 2362 1878 apud
2385 1808 2610 1881 Dionys.
2635 1811 2930 1883 Halicarn.,
2953 1815 2992 1869 Ι.
3025 1831 3061 1869 v
3091 1818 3221 1871 Ant.
3247 1819 3427 1886 Rom.,
3452 1835 3501 1873 c.
3526 1823 3614 1885 58,

2021 1893 2113 1948 ubi
2143 1909 2266 1949 cum
2295 1909 2361 1950 ex
2388 1895 2618 1954 Senatus
2667 1899 2882 1955 decreto
2911 1902 3125 1972 publica
3152 1906 3406 1975 justaque
3439 1908 3617 1964 caedes

2021 1982 2418 2049 conjuratorum
2475 1987 2661 2041 Roma:
2715 1986 2852 2043 facta
2899 1989 3105 2056 fuisset,
3161 2011 3187 2043 α
3249 1993 3442 2048 SCtum
3493 1994 3614 2052 fac-

2021 2078 2139 2124 tum
2175 2079 2276 2138 est,
2309 2079 2365 2125 ut
2407 2079 2518 2127 tota
2564 2075 2886 2130 lustraretur
2932 2077 3141 2144 civitas,
3189 2081 3336 2151 quod
3369 2082 3614 2136 necessi-

2022 2165 2130 2212 tate
2157 2165 2338 2213 coacta
2367 2170 2508 2214 esset
2539 2161 2708 2218 civilis
2752 2163 2912 2218 caedis
2960 2175 3148 2222 auctor
3177 2167 3291 2222 fieri
3325 2186 3338 2224 :
3373 2183 3494 2225 cum
3525 2186 3622 2224 ne-

2016 2244 2100 2299 fas
2147 2254 2290 2300 esset
2319 2247 2386 2301 ad
2423 2263 2576 2303 sacra
2603 2251 2889 2322 accedere,
2921 2262 2975 2308 et
3022 2255 3266 2311 victimas
3314 2257 3619 2324 immolare,

2019 2339 2306 2402 antequam
2353 2334 2562 2391 facinus
2611 2339 2884 2408 expiatum
2935 2350 3103 2408 esset,
3143 2345 3371 2416 luesque
3425 2347 3623 2403 lustra-

2018 2420 2256 2477 tionibus
2285 2423 2502 2480 abolita.
2539 2445 2562 2474 ι

2086 2510 2320 2566 Naturae
2347 2528 2515 2583 aqua,
2551 2511 2590 2567 i.
2623 2529 2673 2568 e.
2700 2532 2863 2588 aqua;
2897 2521 3180 2585 naturali,
3216 2536 3435 2593 suasque
3466 2531 3613 2579 natu-

2017 2611 2090 2650 ra:
2121 2598 2324 2654 relicta.

2089 2684 2549 2742 Emundationis.
2588 2688 2689 2742 Pro
2719 2691 3022 2760 auspicato
3059 2694 3362 2762 faciendae,
3395 2712 3458 2751 ac
3493 2697 3618 2754 feli-

2016 2771 2168 2842 citer,
2199 2771 2429 2843 ipsoque
2457 2775 2596 2830 cmlo
2629 2786 2920 2847 annuente,
2956 2780 3317 2850 suscipienda:
3349 2785 3614 2842 emunda»

2017 2858 2196 2914 tionis.
2228 2860 2412 2931 Itaque
2442 2875 2550 2916 non
2599 2863 2758 2920 video
2806 2880 2905 2920 cur
2951 2882 3073 2923 cum
3106 2870 3273 2927 Junio
3324 2871 3616 2945 legendum

2015 2947 2086 3002 sit
2114 2949 2359 3020 auspicii
2379 2954 2436 3005 et
2463 2951 2876 3011 mundationis.

386 3044 724 3114 Tinguntur.
757 3044 932 3099 Dubio
965 3049 1151 3115 procul
1181 3047 1336 3104 ludos
1358 3052 1475 3121 hos,
1509 3062 1570 3108 ut
1597 3056 1734 3111 alios
1759 3059 1902 3128 ejus-
1942 3050 1988 3131 Β
2086 3035 2368 3131 Μῗξίίθανίν
2399 3038 2434 3092 ίο
2469 3056 2518 3097 θ’
2549 3041 2767 3131 medic“
2801 3044 3018 3100 υίνίαίθ
3049 3047 3253 3103 imbui'
3297 3046 3616 3121 Quanquam

303 3130 455 3187 modi
483 3145 694 3203 omnes,
738 3131 1022 3197 sacrificia,
1053 3137 1346 3204 praemissis
1393 3141 1578 3214 utique
1615 3144 1902 3203 ablutioni-

301 3219 431 3288 bus,
460 3235 523 3276 ac
551 3220 961 3277 lustrationibus
988 3224 1400 3283 comitabantur.

372 3310 764 3366 Prtesumunt.
797 3309 946 3364 Sicut
979 3327 1159 3367 rerum
1196 3316 1434 3371 omnium
1473 3324 1900 3389 generationem

304 3396 376 3451 ab
413 3398 590 3469 Aqua,
622 3413 720 3454 ceu
761 3398 934 3469 primo
967 3401 1256 3472 principio,
1281 3404 1565 3475 proficisci,
1594 3411 1900 3484 philOSOphi

304 3499 418 3538 non
449 3492 731 3556 postremae
779 3489 906 3541 olim
958 3492 1310 3562 auctoritatis,
1343 3509 1404 3550 ac
1451 3496 1590 3552 inter
1621 3501 1720 3554 hos
1758 3517 1903 3572 prie-

302 3574 466 3643 cipue
508 3573 694 3630 Thales
728 3577 993 3648 Milesius,
1039 3580 1350 3648 credebant,
1381 3584 1454 3638 ita
1480 3589 1723 3658 perjuri,
1757 3590 1906 3645 velut

297 3662 372 3717 ob
413 3662 638 3732 jamjam
665 3672 719 3718 et
767 3665 995 3720 ubilibet
1044 3667 1423 3727 imminentem
1468 3673 1694 3731 deorum
1725 3677 1900 3733 irato-

299 3766 420 3806 rum
478 3750 772 3808 vindictam
828 3770 997 3824 prope
1059 3762 1172 3824 jam
1226 3762 1443 3828 mortui,
1514 3779 1573 3818 se
1629 3766 1902 3834 ejusmodi

296 3839 683 3908 ablutionibus,
725 3843 952 3898 crimina
1000 3844 1110 3914 illa,
1144 3855 1202 3902 ut
1250 3847 1388 3904 falso
1443 3853 1756 3923 credebant,
1799 3872 1899 3912 ex-

297 3929 599 4000 piantibus,
649 3931 938 4002 impetrata
1005 3936 1154 3991 velut
1209 3936 1546 4010 impunitate,
1588 3944 1654 3995 ad
1709 3960 1897 4000 novam

297 4016 484 4084 vitam,
516 4018 743 4089 ejusque
771 4020 1114 4076 securitatem
1156 4025 1353 4091 redire,
1398 4043 1458 4082 ac
1485 4030 1638 4099 quasi
1667 4048 1900 4105 regene-

298 4105 408 4160 rari
438 4105 543 4160 sibi
582 4107 920 4165 videbantur.
972 4111 1041 4166 Ut
1077 4126 1209 4181 ergo
1256 4117 1396 4183 apud
1438 4115 1658 4172 Graecos
1706 4135 1898 4192 magna

298 4195 694 4265 perjuriorum
739 4196 1042 4267 frequentia
1087 4207 1222 4265 erat,
1257 4203 1327 4256 ita
1371 4211 1494 4258 ante
1524 4205 1697 4272 ludos,
1731 4223 1801 4262 ne
1839 4208 1893 4263 in

299 4279 389 4346 iis,
427 4283 575 4338 velut
624 4285 678 4338 in
727 4283 946 4340 illorum
995 4288 1267 4356 publicam
1309 4289 1620 4359 vindictam,
1671 4295 1898 4365 turpiter

299 4371 733 4439 succumberent,
766 4374 995 4429 maxime
1025 4375 1094 4430 de
1142 4377 1246 4431 diis
1275 4388 1428 4434 antea
1455 4397 1552 4451 per
1597 4383 1896 4442 ablutiones
1934 4370 1986 4456 Β
2015 4407 2247 4464 gnorum
2311 4393 2590 4448 ﬂuminum
2648 4396 2821 4466 capita
2887 4413 3208 4454 veneramur

300 4458 570 4529 ejusmodi
600 4460 950 4532 prOpitiandis
978 4465 1193 4520 solliciti
1224 4478 1394 4522 erant.

375 4548 444 4604 Se
491 4549 778 4620 expiabat.
839 4553 1097 4624 Exempla
1147 4556 1220 4610 rei
1268 4557 1429 4625 hujus
1464 4558 1696 4629 plurima
1743 4565 1887 4634 apud

300 4633 526 4691 Graecos
557 4636 822 4709 imprimis
870 4649 1144 4710 prostant;
1196 4644 1273 4700 sic
1311 4647 1454 4716 apud
1498 4649 1713 4720 Herod.,
1773 4633 1807 4708 l.
1855 4669 1894 4720 ι,

301 4736 354 4780 c.
381 4725 438 4792 7,
467 4725 758 4796 Adrastus,
804 4727 1080 4785 fratricidii
1120 4749 1259 4798 reus,
1293 4752 1323 4788 a
1370 4738 1576 4803 Crwso,
1622 4739 1894 4810 Lydorum

302 4825 460 4881 rege,
503 4813 747 4886 expiatus
778 4815 893 4872 fuit.
926 4818 1227 4889 Apollinem
1279 4825 1416 4880 item
1454 4831 1511 4883 et
1559 4827 1808 4897 Dianam,
1839 4839 1897 4886 ut

301 4899 534 4956 Pausan.
592 4905 867 4977 Corinth.,
919 4923 1036 4980 cap.
1084 4914 1173 4975 51,
1222 4924 1502 4981 memorat,
1569 4938 1590 4966 ε
1658 4919 1895 4988 Pythone

299 5003 470 5056 caeso,
509 4999 567 5046 ut
607 5009 664 5048 se
693 4995 988 5064 expiarent,
1020 4998 1278 5069 Egialam
1331 5003 1548 5060 venisse
1599 5007 1832 5062 tradunt.
1871 5028 1894 5056 ι

297 5073 450 5131 Idem
502 5079 759 5148 Pausan.,
808 5084 844 5137 l.
888 5100 924 5149 ι,
975 5100 1025 5140 c.
1061 5087 1152 5154 74,
1205 5090 1413 5144 refert:
1471 5111 1493 5140 (ι
1531 5092 1688 5147 Prius
1733 5111 1895 5164 quam

295 5164 531 5218 materni
588 5168 867 5240 sanguinis
908 5173 1172 5228 maculam
1220 5178 1616 5247 expiationibus
1678 5183 1896 5240 Orestes

295 5249 522 5319 clueret,
557 5253 624 5310 de
669 5257 941 5314 Trazeuiis
971 5277 1128 5317 nemo
1177 5280 1298 5318 cum
1343 5273 1484 5321 tecto
1514 5269 1756 5340 recipere
1787 5286 1888 5328 vo-

298 5333 417 5430 l_uit,
469 5362 492 5390 ι
547 5349 650 5400 etc.
707 5346 838 5416 Sed,
887 5349 934 5403 si
979 5350 1206 5423 Virgilio
1262 5354 1554 5422 credimus,
1583 5333 1693 5427 jam
1752 5361 1896 5430 apud

297 5425 566 5498 Trojanos
597 5431 683 5490 hic
713 5434 846 5491 ritus
874 5438 1144 5511 obtinuit;
1179 5441 1253 5497 ita
1281 5443 1426 5500 enim
1453 5425 1650 5502 Encas
1678 5447 1744 5503 ad
1773 5425 1894 5506 Au-

294 5514 507 5587 cbisen,
538 5521 780 5595 Aineid.,
813 5540 872 5589 ιι,
908 5542 963 5580 v.
996 5528 1099 5582 717
1144 5546 1157 5583 :

2017 3131 2072 3180 et
2111 3124 2214 3181 alio
2261 3141 2440 3193 sensu,
2474 3128 2566 3200 qui
2596 3132 2936 3187 communior
2964 3142 3064 3200 est,
3098 3143 3152 3188 et
3198 3135 3284 3192 hic
3314 3137 3528 3209 melior,
3559 3139 3612 3193 id

2014 3213 2425 3284 intelligendum
2455 3231 2574 3272 esse
2603 3225 2815 3288 putem,
2845 3229 2904 3275 ut
2925 3220 2959 3274 l.
2995 3237 3057 3276 χι
3089 3224 3310 3281 Αζηείά.
3343 3243 3363 3279 :

2075 3299 2309 3413 ISlodlnrin
2337 3301 2598 3354 Dardaniae
2653 3306 2897 3357 medicari-
2929 3309 3154 3375 (sanare)
3196 3311 3424 3376 cuspidis
3463 3312 3617 3365 ictum

2119 3378 2177 3411 va
2204 3379 2251 3412 ui
2285 3401 2297 3413 .

2119 3378 2274 3412 νειυιι
2285 3401 2297 3413 .

2009 3498 2014 3503 _
2085 3428 2374 3484 Aimulum
2405 3430 2520 3495 Dei,
2555 3429 2834 3486 diaboium
2864 3432 3132 3490 videlicet.

2084 3515 2473 3582 Sacramenta,
2507 3532 2603 3572 seu
2640 3519 2920 3589 mysterio,
2969 3535 3034 3576 ac
3063 3521 3222 3576 etiam
3253 3529 3405 3578 extra
3435 3538 3610 3591 usum,

2013 3608 2068 3656 et
2111 3602 2522 3672 applicationcm
2563 3620 2718 3676 aquae
2756 3606 2824 3661 ad
2851 3607 3158 3664 ablutiones
3189 3609 3446 3666 hactenus
3487 3613 3614 3668 des-

2011 3689 2231 3758 criptas.

2084 3779 2309 3835 Sciunt.
2356 3779 2462 3835 Alii
2507 3787 2661 3848 sunt,
2707 3797 2809 3838 nec
2849 3784 3019 3853 male;
3068 3801 3374 3857 quanquam
3421 3788 3612 3844 sciunt

2014 3867 2143 3922 mihi
2183 3869 2489 3939 elegantius
2519 3885 2641 3927 esse
2690 3870 2924 3942 videtur,
2976 3873 3204 3946 ideoque
3252 3875 3611 3934 retinendum.

2092 3959 2297 4032 Quique
2325 3961 2528 4029 fontes.
2581 3959 2778 4017 Fontes
2825 3976 2891 4016 ex
2929 3963 3224 4031 specubus,
3273 3963 3464 4019 aliisve
3495 3981 3612 4020 um-

2014 4045 2189 4100 brosis
2261 4046 2390 4101 locis
2457 4057 2824 4117 erumpentes,
2881 4049 3082 4119 aliquid
3143 4051 3462 4121 divinitatis,
3520 4063 3611 4108 aut

2015 4131 2293 4186 diabolicae
2324 4133 2503 4203 potius
2532 4133 2765 4203 virtutis,
2796 4136 2993 4192 habere
3039 4138 3434 4204 credebantur;
3469 4139 3611 4194 unde

2017 4228 2070 4272 et
2117 4218 2334 4274 divinus
2383 4221 2558 4276 honor
2602 4237 2634 4275 a
2663 4237 2804 4278 caeca
2852 4224 3151 4294 gentilitate
3200 4223 3334 4294 ipsis
3372 4224 3611 4295 impendi

2015 4312 2387 4361 consueverat.
2421 4307 2500 4363 De
2543 4307 2627 4361 his
2665 4309 2883 4375 Senec.,
2929 4310 3087 4380 epist.
3123 4313 3211 4377 41,
3253 4311 3373 4368 ait:
3426 4333 3451 4365 α
3496 4315 3611 4370 Ma-

3255 4417 3270 4454 :
3313 4403 3490 4456 subita
3543 4419 3610 4458 ex

2014 4479 2196 4536 abdito
2224 4488 2374 4538 vasto
2412 4483 2622 4554 eruptio
2663 4501 2794 4540 aras
2827 4485 2987 4539 habet
3029 4488 3320 4542 :coluntur
3349 4505 3608 4560 aquarum

2014 4567 2301 4627 calentium
2337 4574 2547 4643 fontes,
2601 4580 2652 4627 et
2688 4578 2892 4646 stagna
2925 4577 3173 4644 quaedam
3200 4577 3282 4632 vel
3334 4581 3604 4650 apacitas,

2014 4659 2096 4716 vel
2126 4659 2393 4717 immensa
2421 4661 2646 4717 altitudo
2692 4661 2939 4718 sacravit.
2975 4680 2999 4714 ι
3043 4663 3164 4718 Erat
3215 4665 3375 4720 etiam
3423 4668 3606 4722 Romae

2014 4747 2159 4816 fons,
2189 4750 2402 4819 Egeriae
2433 4749 2719 4820 Nymphae,
2752 4750 2817 4804 ad
2849 4750 3062 4805 radices
3100 4754 3297 4806 montis
3330 4754 3602 4823 Aventini,

2011 4850 2180 4906 sacer,
2220 4837 2288 4890 de
2334 4851 2443 4906 quo
2483 4835 2690 4901 Livius,
2733 4837 2769 4891 l.
2817 4853 2856 4901 1,
2897 4852 2946 4893 c.
3003 4841 3088 4906 19,
3120 4838 3284 4893 refert
3323 4857 3336 4897 :
3375 4857 3398 4892 ς
3433 4841 3608 4896 Lucus

2009 4930 2138 4987 erat,
2175 4939 2337 4993 quem
2369 4923 2602 4978 medium
2643 4943 2707 4982 ex
2739 4941 2914 4998 opaca
2937 4942 3105 4998 specu
3139 4925 3362 4996 perenni
3395 4927 3608 4998 rigabat

2008 5026 2146 5080 aqua
2186 5026 2340 5082 :quo
2369 5012 2497 5083 quia
2537 5027 2594 5068 se
2626 5029 2868 5084 persaepe
2916 5016 3103 5070 Numa
3151 5014 3272 5069 sine
3323 5015 3608 5072 arbitris...

2008 5099 2289 5168 inferebat,
2325 5102 2603 5159 Camtenis
2631 5118 2759 5158 eum
2787 5103 2968 5159 lucum
2997 5103 3350 5160 consecravit.
3387 5124 3412 5155 n
3447 5104 3612 5160 Addit

2008 5188 2322 5243 Plutarchus
2373 5190 2428 5244 in
2467 5191 2675 5257 Numa,
2725 5190 2890 5248 fontis
2937 5192 3097 5262 hujus
3155 5209 3300 5248 curae
3369 5194 3608 5250 Vestales

2009 5275 2248 5349 virgines
2270 5278 2340 5332 ab
2374 5279 2564 5334 eodem
2595 5279 2874 5351 praefectas
2921 5279 3108 5348 fuisse,
3156 5293 3288 5349 etc.,
3338 5289 3398 5334 ut
3441 5295 3604 5352 supra

2009 5365 2131 5423 Not.
2181 5367 2401 5438 Templa
2430 5367 2737 5423 retulimus.

2079 5453 2267 5525 Itaque
2298 5455 2473 5511 fontes
2510 5456 2842 5527 bujusmodi,
2879 5472 2946 5514 ex
2976 5457 3217 5522 horrida,
3248 5455 3432 5510 nescio
3478 5470 3603 5526 qua,

2008 5540 2272 5613 locorum,
2300 5544 2444 5600 unde
2473 5545 2866 5612 scaturiebant,
2904 5547 3183 5614 majestate
3216 5543 3440 5601 omnino
3468 5542 3612 5601 inter
