4050 6168
479 306 617 367 12‘23

477 435 610 489 deos
656 425 1010 499 reponebant,
1070 418 1420 488 ipsorumque
1467 409 1602 500 adeo
1629 403 1920 500 honoribus

479 517 680 577 cularia
707 489 951 588 quaedam
981 489 1155 575 sacra,
1204 509 1262 558 ut
1291 507 1444 555 erant
1485 498 1673 588 Roma:
1718 489 2066 588 Fontinalia,

478 613 509 665 3
538 577 743 664 Octob:
765 597 1022 660 celebrari
1070 592 1248 663 solita,
1278 589 1488 659 aliaque
1534 585 1702 639 multa
1739 578 1884 645 alibi,
1916 577 2070 630 insti-

481 697 721 754 tuebant.

550 784 736 853 Neque
765 793 891 837 vero
921 772 1180 843 beneﬁcis
1207 768 1403 834 solum,
1436 762 1529 819 sed
1558 759 1829 853 malignis
1857 766 2072 853 quoque

483 840 722 927 fontibus
779 840 1361 931 arcanum—quoddam
1409 865 1607 906 numen
1662 848 1839 902 inesse
1885 840 2073 931 crede-

484 962 631 1024 bant,
681 953 878 1010 divinis
929 929 1162 1005 cultibus
1223 940 1645 1016 pr0pitiandum,
1687 943 1745 990 ut
1804 929 2075 1024 exitialem

486 1018 693 1103 illorum
731 1042 863 1106 vim,
898 1053 1058 1110 quam
1107 1043 1286 1090 tamen
1333 1039 1519 1084 natura
1562 1024 1665 1080 sibi
1714 1023 1937 1078 inditam
1984 1018 2077 1110 ha-

486 1136 702 1200 bebant,
761 1106 1173 1183 averruncarent
1205 1139 1218 1174 :
1252 1115 1560 1186 cujusmodi
1604 1118 1753 1168 erant
1798 1106 2078 1200 aquae.“-

489 1195 701 1295 ος]οηίίέ
731 1217 944 1289 paludis
972 1212 1110 1283 apud
1135 1211 1364 1264 Pausan.
1406 1207 1465 1259 in
1519 1200 1771 1295 Corinth.
1805 1197 1897 1295 ad.
1937 1195 2076 1295 ﬁn.,

490 1287 685 1380 quibus
721 1287 1024 1362 innatantes
1053 1299 1125 1354 ad
1155 1299 1339 1352 imum
1387 1293 1633 1366 fundum
1670 1287 2028 1380 trahebantur.
2062 1297 2075 1334 :

491 1369 663 1454 fontes
690 1396 816 1450 item
858 1389 1144 1448 Acidantis
1186 1383 1442 1448 ﬂuminis,
1472 1397 1502 1434 e
1541 1376 1796 1450 Lapitlia,
1836 1369 2081 1429 Arcadia

490 1493 694 1553 monte,
720 1481 954 1547 oriundi,
989 1486 1147 1547 atque
1185 1473 1322 1527 adeo
1355 1479 1546 1525 tetrum
1571 1470 1794 1553 odorem
1827 1456 2080 1553 efflantis,

489 1585 550 1631 ut
614 1549 929 1630 hominibus
988 1568 1071 1625 vel
1125 1564 1242 1619 solo
1316 1559 1482 1615 halitu
1552 1549 1934 1610 interficiendis
1991 1561 2084 1615 par

490 1665 665 1731 fuerit,
726 1673 862 1718 tesre
916 1657 1106 1713 eodem
1160 1652 1414 1713 Pansam,
1471 1646 1526 1698 in
1572 1645 1748 1699 Eliac.
1811 1654 1870 1731 l,_
1911 1639 2084 1731 Taceo

1604 283 1691 341 Al)
1731 274 2026 338 GENUINA
2063 271 2509 333 TERTULLIANI
2547 271 2759 332 OPERA

2187 416 2209 446 ‹
2244 395 2308 449 ad
2341 395 2514 451 fossas
2543 402 2597 450 et
2624 393 2805 450 incilia
2838 395 2920 466 (ut
2948 395 3098 466 Lips.
3136 395 3190 450 in
3225 395 3444 460 Senec.,
3475 395 3638 466 epist.
3681 401 3777 463 83,

2184 483 2282 553 ait)
2310 499 2431 538 cum
2461 482 2636 553 aquis,
2681 482 2857 553 qualia
2885 482 3056 538 hortis
3097 490 3150 538 et
3197 481 3468 553 pmtoriis
3519 499 3586 538 ex
3625 483 3783 546 more

2185 582 2373 643 erant;
2412 593 2434 622 ν
2472 572 2578 627 imo
2617 579 2669 628 et
2696 572 2990 628 universim
3039 587 3298 642 aquarum
3345 588 3417 627 ex
3445 572 3784 642 aqumducti-

2185 661 2286 716 bus
2353 660 2690 732 receptacula
2751 661 2903 732 (παρὰ
2954 667 3041 714 τοῦ
3097 660 3434 731 adplicita-goat,
3490 661 3638 732 quod
3680 678 3781 733 per

2185 752 2287 807 hos
2312 751 2485 820 facile
2514 748 2638 806 illuc
2665 766 2815 821 aquae
2838 751 3365 822 praecipitarentur,
3393 756 3447 803 et
3474 747 3531 804 in
3571 751 3778 806 tumul-

2189 845 2373 894 tuosos
2403 839 2632 895 vortices
2683 840 3196 912 circumagerentur,
3245 846 3338 894 aut
3382 836 3586 908 verius,
3620 847 3780 896 terra

2186 928 2468 997 cujusdam
2507 927 2808 998 portionem
2849 929 2991 984 velut
3037 927 3269 983 insulam
3317 928 3778 998 circumﬂuerent)

2188 1015 2366 1087 εὔριποι
2397 1016 2539 1072 dicta
2586 1024 2728 1084 sunt,
2759 1015 2826 1072 de
2869 1017 3072 1088 quibus
3101 1016 3389 1072 Pausanias
3462 1017 3520 1071 in
3549 1019 3777 1083 Luem,

2186 1120 2302 1174 cap.
2341 1106 2406 1158 96
2449 1123 2461 1158 :
2498 1124 2524 1156 or
2575 1107 2808 1175 Campus
2855 1107 2922 1170 is,
2971 1107 3024 1160 in
3071 1120 3179 1176 quo
3225 1122 3350 1160 suas
3394 1105 3588 1176 ephebi
3633 1121 3782 1162 eom-

2190 1193 2404 1248 mittunt
2446 1209 2676 1266 pugnas,
2711 1196 2906 1267 euripo
2952 1195 3395 1265 circumquaque,
3446 1210 3554 1250 non
3605 1195 3779 1260 aliter,

2189 1297 2349 1354 quam
2377 1282 2512 1336 mari
2550 1283 2742 1348 insula,
2778 1283 3032 1355 cingitur.
3071 1302 3094 1332 ι
3139 1284 3204 1338 Et
3232 1283 3454 1355 Dionys.
3489 1283 3784 1355 Halicarn.,

2194 1373 2227 1429 l.
2263 1387 2343 1444 ιιι,
2377 1387 2423 1425 c.
2459 1375 2545 1438 9i,
2576 1374 2800 1428 Circum
2829 1375 3176 1438 maximum,
3201 1389 3231 1428 a
3259 1373 3552 1442 Tarquinio
3572 1384 3785 1429 exstru-

2193 1471 2360 1528 ctum,

3628 272 3656 331 1
3666 272 3776 332 224

2424 1461 2495 1515 ita
2555 1460 2814 1516 describit
2869 1481 2882 1518 :
2967 1462 3176 1532 Εὔριπος
3207 1460 3270 1520 εἰς
3320 1460 3563 1528 ὑποδοχὴν
3614 1458 3790 1523 ὖδατες

2197 1550 2496 1620 ὀρώρυκται,
2543 1549 2684 1612 βάθος
2725 1569 2784 1602 τε
2849 1551 2929 1602 καὶ
2974 1551 3162 1610 πλάτος
3227 1551 3465 1610 δεκάπους
3497 1571 3512 1618 ;
3549 1550 3586 1606 i.
3653 1566 3704 1605 e.
3775 1569 3788 1605 ζ

2196 1640 2443 1709 Euripus
2473 1636 2544 1692 ad
2573 1638 2925 1708 recipiendas
2947 1655 3126 1709 aquas
3145 1640 3542 1706 circum/assus
3565 1645 3667 1704 est,
3699 1640 3795 1695 de-

489 1726 673 1827 plures
718 1746 986 1820 ejusmodi
1025 1744 1179 1806 alios,
1223 1739 1290 1792 de
1319 1737 1515 1806 quibus
1551 1732 1825 1793 Polemon,
1858 1728 1912 1826 in
1951 1726 2088 1827 l.‘de
2122 1737 2169 1817 Β
2197 1726 2520 1827 pempedali
2551 1727 2962 1826 profunditate,
2982 1728 3315 1827 pariterque
3347 1728 3676 1827 latitudine.
3710 1728 3793 1782 De

491 1814 659 1899 iniria
691 1814 918 1899 Sicilire,
943 1834 1070 1886 item
1099 1835 1284 1882 auctor
1313 1825 1406 1878 lib.
1443 1820 1508 1877 de
1546 1819 1760 1882 Mirab.,
1794 1816 1885 1888 qui
1924 1814 2087 1884 vulgo

623 2105 706 2160 ivi.
747 2103 935 2168 Rivus,
971 2097 1042 2152 ait
1072 2095 1286 2161 Festus,
1324 2111 1351 2138 α
1383 2088 1549 2159 vulgo
1582 2083 1886 2156 appellatur
1914 2077 2092 2135 tenuis

494 2195 634 2248 fluor
662 2206 837 2262 aquae,
879 2201 988 2242 non
1037 2200 1152 2255 spe,
1205 2177 1503 2236 consiliove
1548 2175 1737 2241 factus,
1772 2186 1962 2262 verum
1975 2184 2086 2262 pa-

497 2280 654 2336 turali
695 2254 794 2334 suo
827 2254 1124 2344 impetu.»
1159 2267 1268 2324 Alii
1313 2265 1415 2319 alia
1455 2265 1555 2318 hoc
1588 2275 1785 2317 nomen
1825 2254 2092 2329 signiﬁca-

496 2372 642 2424 tione
670 2371 951 2432 usurpant.

567 2456 828 2510 Piscinae.
873 2449 1116 2502 Piscina:
1147 2443 1461 2497 dicebantur
1497 2453 1608 2492 non
1679 2435 1792 2490 sola
1821 2433 2092 2506 ἰχθυοτρο-

497 2543 627 2614 φιῖα,
651 2553 749 2594 seu
797 2533 999 2592 vivaria
1044 2531 1289 2604 piscium,
1323 2527 1419 2582 sed
1467 2525 1624 2582 etiam
1657 2538 1806 2593 aqua:
1855 2521 2088 2614 frigidm,

498 2610 568 2685 ad
614 2625 914 2682 natationes
962 2629 1053 2676 aut
1099 2618 1402 2673 ablutiones
1440 2611 1768 2688 voluptarias
1817 2616 1872 2664 in
1915 2610 2093 2664 locum

500 2719 626 2774 satis
656 2713 894 2785 amplum
942 2718 992 2765 et
1043 2707 1284 2778 undique
1324 2704 1586 2771 clausum,
1634 2700 1787 2756 velut
1831 2695 2091 2752 artificia-

495 2807 604 2862 lem
661 2801 947 2875 quemdam
1004 2799 1205 2862 lacum,
1267 2794 1526 2856 collectae,
1585 2789 1710 2843 licet
1763 2785 2093 2875 caeteroquin

497 2872 739 2966 piscibus
785 2889 1072 2944 destitutae.
1122 2885 1200 2939 Ita
1249 2895 1373 2938 vero
1404 2880 1471 2935 de
1508 2875 1828 2934 Alexandra
1866 2875 2004 2966 irnp.
2031 2872 2092 2966 in

510 2961 631 3038 Vita
662 2976 1032 3047 Lampridius:
1063 2993 1089 3023 α
1111 2973 1316 3027 Unctus
1345 2968 1638 3030 lavabatur,
1665 2966 1735 3019 ita
1767 2970 1825 3018 ut
1844 2961 2094 3018 caldariis

2198 1816 2299 1870 hoc
2331 1816 2457 1869 item
2488 1814 2795 1882 Suetonius,
2829 1815 2885 1868 in
2916 1815 3085 1887 Julia,
3121 1831 3169 1870 c.
3203 1819 3270 1869 39
3303 1832 3318 1871 :
3352 1835 3377 1867 α
3429 1815 3791 1881 Circensibus,

2197 1902 2368 1971 spatio
2411 1900 2546 1958 Circi
2590 1903 2656 1957 ab
2703 1911 2928 1973 utraque
2977 1912 3128 1972 parte
3165 1903 3444 1972 producto,
3488 1912 3543 1957 et
3586 1905 3644 1956 in
3687 1919 3788 1972 gy-

2199 2009 2316 2048 rum
2360 1990 2546 2062 euripo
2594 1990 2793 2057 addito,
2839 1992 3149 2064 quadrigas,
3192 1992 3472 2062 bigasque,
3520 1999 3573 2046 et
3619 2007 3790 2064 equos

2198 2080 2525 2136 desultorios
2580 2080 2919 2152 agitaverunt
2975 2080 3301 2138 nobilissimi
3350 2083 3601 2150 juvenes.
3658 2100 3685 2130 )
3735 2081 3792 2134 In

2199 2171 2284 2235 his
2311 2185 2525 2242 quoque
2554 2169 2682 2224 editi
2720 2170 2832 2225 ludi
2864 2170 3100 2235 navales,
3133 2186 3270 2241 aqua
3296 2186 3393 2239 per
3439 2171 3667 2240 euripos
3696 2169 3793 2240 (sic

2197 2261 2342 2315 enim
2374 2260 2533 2314 etiam
2564 2261 2791 2316 canales
2830 2259 3170 2331 grandiores,
3212 2269 3264 2314 et
3292 2259 3665 2330 aquwductus
3692 2274 3795 2328 ap-

2200 2348 2561 2420 pellabantur)
2596 2349 2652 2403 in
2692 2349 2866 2418 ipsum
2918 2348 3117 2403 circum
3165 2347 3443 2413 immissa;
3480 2346 3612 2417 quin
3653 2355 3800 2402 eteo

2201 2444 2512 2492 excreverat
2539 2437 2892 2507 quorumdam
2939 2437 3318 2507 imperatorum
3365 2435 3597 2498 luxuria,
3631 2444 3692 2488 ut
3736 2433 3805 2490 de

2204 2523 2554 2593 Heliagabalo
2599 2523 2912 2594 Spartianus
2958 2530 3218 2578 memoret
3251 2542 3264 2578 :
3304 2544 3326 2573 κ
3379 2525 3570 2579 Fertur
3609 2523 3666 2576 in
3701 2539 3803 2578 eu-

2203 2611 2338 2682 ripis
2381 2611 2508 2668 vino
2559 2613 2735 2684 plenis
2785 2613 3004 2668 navales
3060 2613 3334 2668 circenses
3378 2611 3722 2667 exhibuisse.
3780 2631 3804 2662 ε

2204 2700 2468 2756 Caeterum
2499 2709 2552 2757 et
2581 2699 2637 2754 hi
2667 2701 2846 2770 euripi
2866 2701 3044 2760 .certis
3081 2701 3409 2772 quibusdam
3435 2701 3540 2755 diis
3608 2699 3805 2756 sacrati

2205 2798 2377 2856 erant,
2415 2797 2469 2844 et
2514 2788 2757 2855 Tertull.,
2802 2789 2897 2844 lib.
2947 2791 3014 2845 de
3052 2791 3254 2862 Spect.,
3285 2806 3332 2844 c.
3368 2791 3454 2855 10,
3492 2789 3750 2859 perhibet
3791 2806 3804 2843 :

2211 2900 2233 2926 «ι
2268 2878 2342 2933 Ea
2368 2877 2550 2949 itaque
2580 2878 2770 2948 (Mater
2817 2893 3030 2949 magna,
3075 2878 3280 2934 scilicet
3311 2879 3434 2950 Ops,
3473 2877 3688 2946 Tellus,
3720 2877 3808 2934 vel

2210 2968 2424 3040 Cybele)
2453 2967 2565 3023 illic
2591 2967 2844 3039 praesidet
2871 2967 3078 3038 euripo.
3134 2986 3159 3020 ι

499 3081 797 3137 nunquam,
829 3065 918 3118 vel
952 3076 1092 3130 raro,
1125 3059 1372 3132 piscina,
1415 3070 1624 3126 semper
1656 3059 1933 3120 uteretur;
1979 3072 2004 3102 ι)
2039 3059 2093 3106 et
2129 3050 2172 3129 ο
2281 3059 2572 3114 Cisternaz.
2617 3057 2696 3112 lta
2733 3066 2994 3114 vocantur
3035 3058 3380 3115 subterranea
3409 3072 3568 3128 aqum
3607 3055 3808 3128 pluviae

501 3158 568 3212 de
599 3155 838 3212 Arriano
874 3151 1124 3224 Olympia
1144 3148 1348 3213 Victor,
1371 3142 1752 3200 Tunnunensis
1783 3140 2088 3210 episcopus,

498 3247 555 3301 in
590 3245 861 3301 Chronico
906 3240 977 3293 ait
1011 3255 1022 3293 :
1062 3260 1084 3289 α
1120 3239 1178 3290 ln
1216 3234 1426 3307 piscina
1472 3232 1681 3304 frigidae
1729 3246 1882 3300 aquae
1928 3229 2091 3284 vitam

499 3333 662 3404 impie
693 3330 846 3386 ﬁniit.
883 3349 906 3379 ν
943 3327 1087 3382 Talis
1115 3339 1331 3397 quoque
1371 3329 1486 3378 erat
1533 3320 1823 3378 Probatica
1854 3317 1948 3371 illa
1972 3319 2091 3388 pis-

498 3426 648 3491 cina,
682 3422 747 3476 de
770 3435 872 3490 qua
890 3420 1042 3473 Joan.
1062 3433 1119 3483 v,
1143 3425 1198 3471 et
1223 3417 1514 3470 natatoria
1538 3411 1684 3467 Siloa
1713 3407 1854 3478 apud
1880 3406 2088 3472 eumd.,

496 3527 618 3582 cap.
648 3527 724 3580 ιχ,
756 3509 819 3564 de
849 3506 1051 3579 quibus
1080 3520 1181 3562 nos
1219 3502 1380 3557 infra.

571 3595 798 3664 1156
831 3597 994 3650 Porro
1035 3594 1255 3658 balnea,
1290 3599 1366 3660 et,
1413 3603 1537 3660 quae
1567 3587 1757 3642 horum
1786 3599 1915 3656 pars
1943 3597 2092 3653 qum-

500 3689 645 3751 dam,
679 3695 732 3740 et
760 3684 893 3739 nihil
920 3681 1059 3736 aliud
1094 3696 1254 3752 quam
1294 3679 1494 3732 balnea
1525 3673 1737 3746 frigida
1761 3680 1948 3755 erant,
1978 3672 2095 3741 pis-

497 3778 680 3837 cinas,
721 3771 848 3839 diis,
880 3785 976 3824 seu
1025 3768 1180 3822 malis
1227 3765 1587 3828 dwmonibus,
1618 3776 1680 3814 ac
1710 3759 1873 3814 idolis
1911 3773 2094 3812 sacras

500 3861 686 3925 fuisse,
715 3855 1072 3911 Tertullianus
1102 3854 1218 3923 ipse
1250 3852 1302 3906 in
1334 3852 1433 3904 lib.
1469 3850 1534 3904 de
1570 3849 1774 3918 Spect.,
1808 3862 1856 3901 c.
1890 3850 1943 3914 8,
1967 3861 2094 3914 per-

502 3949 653 4001 hibet
688 3960 700 3998 :
740 3963 761 3996 ‹
793 3943 858 3996 Et
890 3941 1097 4010 platea,
1131 3951 1186 3994 et
1209 3939 1404 4006 forum,
1437 3946 1488 3991 et
1515 3937 1750 3998 balneae,
1782 3944 1834 3989 et
1865 3933 2089 4000 stabula,

500 4043 553 4091 et
581 4034 714 4104 ipsm
745 4033 938 4087 domus
967 4035 1166 4085 nostrae
1197 4027 1313 4082 sine
1340 4025 1497 4080 idolis
1526 4025 1744 4080 omnino
1789 4039 1898 4080 non
1945 4032 2092 4078 sunt.

499 4127 693 4181 Totum
743 4121 1002 4176 saeculum
1051 4116 1356 4188 (mundum)
1402 4115 1628 4170 Satanas
1675 4122 1728 4170 et
1757 4113 1938 4189 angeli
1977 4113 2097 4182 ejus

500 4216 860 4286 repleverunt.
908 4231 927 4259 υ
964 4207 1108 4277 Quin
1141 4215 1192 4263 et
1236 4205 1291 4260 in
1321 4205 1417 4262 lib.
1471 4204 1538 4260 de
1569 4204 1728 4273 Idal.,
1774 4219 1824 4260 c.
1878 4207 1964 4269 15,
2013 4210 2095 4256 te-

499 4310 668 4360 statur
712 4319 725 4356 :
763 4320 787 4353 ί
844 4299 908 4354 Et
955 4296 1090 4353 ostia
1143 4295 1198 4349 in
1238 4292 1449 4348 balneis
1503 4292 1718 4346 adorari
1776 4292 2092 4349 videmus...

2206 3147 2561 3216 receptacula,
2603 3161 2723 3217 quae
2768 3148 2958 3202 Festus
3006 3147 3076 3202 ita
3127 3146 3270 3201 dicta
3317 3153 3481 3218 putat,
3524 3145 3682 3217 quod
3729 3145 3812 3202 eis

2203 3251 2298 3290 seu
2326 3234 2466 3290 infra
2505 3240 2718 3292 terram
2750 3236 2872 3291 sint.

2274 3327 2460 3380 Putei.
2519 3327 2688 3381 Putei
2742 3332 2868 3380 sunt
2926 3323 3190 3395 profunda
3234 3340 3387 3397 aqua:
3433 3325 3594 3390 viva»,
3644 3331 3703 3379 et
3753 3340 3814 3377 ex

2203 3413 2400 3468 abditis
2443 3414 2762 3485 quibusdam
2813 3415 2970 3470 venis
3026 3414 3242 3469 assiduo
3299 3414 3671 3483 scaturientis,
3725 3429 3813 3467 re-

2201 3502 2500 3572 ceptacula,
2531 3519 2650 3573 quae
2680 3502 2864 3559 .IEoles
2915 3503 3043 3558 olim
3099 3488 3324 3573 τέοτήρια,
3391 3501 3486 3555 ἀπὸ
3533 3508 3620 3554 τοῦ
3711 3521 3812 3554 πο-

2205 3595 2315 3658 τοῦ,
2358 3590 2636 3660 dicebant;
2669 3591 2812 3646 unde
2840 3600 2894 3646 et
2917 3596 3121 3665 puteos
3161 3600 3373 3646 nostros
3401 3607 3431 3645 a
3458 3597 3620 3663 potu,
3653 3591 3810 3662 quasi

2200 3684 2409 3753 pateas,
2443 3679 2482 3733 i.
2525 3695 2574 3733 e.
2609 3679 3023 3736 saluberrimum
3072 3680 3228 3735 nobis
3279 3684 3477 3752 potum
3531 3680 3812 3735 submini-

2203 3775 2454 3835 strantes,
2489 3768 2781 3838 appellatos
2830 3768 3013 3822 volunt
3049 3787 3059 3824 :
3101 3769 3276 3841 qualis
3317 3776 3431 3824 erat
3471 3767 3563 3823 ille
3612 3778 3815 3838 puteus

2205 3854 2343 3924 apud
2375 3855 2590 3910 Homer.
2630 3856 2789 3927 Odys.
2818 3872 2878 3923 χ,
2912 3873 2975 3912 ex
3006 3871 3114 3928 quo
3145 3857 3363 3926 Ulysses
3403 3858 3633 3913 Tiresia:
3667 3857 3806 3912 vatis

2207 3959 2394 3999 manes
2422 3951 2536 3999 erat
2573 3945 2640 3998 ab
2668 3944 2855 3999 inferis
2884 3954 3225 4000 evocaturus.

2282 4034 2517 4104 Rapere.
2567 4032 2645 4087 llli
2694 4032 2966 4100 nimirum,
3009 4033 3122 4103 qui,
3165 4044 3225 4088 ut
3266 4033 3321 4088 S.
3371 4033 3570 4087 Justin.
3621 4033 3702 4086 Μ.
3757 4033 3808 4086 in

2208 4120 2369 4192 Apol.
2405 4137 2464 4188 ιι,
2497 4121 2757 4192 loquitur,
2786 4140 2819 4178 a
2848 4127 3206 4178 mort-uarum
3233 4121 3491 4178 manibus
3528 4123 3654 4190 (seu
3687 4123 3809 4193 spi—

2212 4208 2424 4278 ritibus)
2500 4205 2896 4281 λαμεανόμενοι,
2977 4211 3055 4262 καὶ
3138 4210 3462 4282 ῥιπτουμένοι,
3529 4211 3801 4282 cormpti,

2211 4301 2377 4369 atque
2419 4295 2578 4352 humi
2609 4299 2980 4370 praecipitati,
3005 4315 3138 4368 quos
3194 4297 3657 4366 δαιμονιολήπτους,
3718 4315 3806 4352 ar-

503 4391 654 4445 Idolo
687 4387 900 4453 feceris,
952 4384 1211 4457 quidquid
1259 4382 1398 4438 ostio
1449 4381 1661 4436 feceris.
1700 4403 1724 4429 ιι
1757 4381 1926 4452 Igitur
1958 4381 2098 4435 inter
2134 4375 2188 4460 υ
2212 4388 2491 4457 reptitios,
2514 4391 2570 4443 et
2597 4389 2932 4456 μαινομένους,
2957 4389 3237 4456 furentes,
3261 4387 3570 4443 nominant
3592 4403 3806 4443 omnes.

503 4487 727 4536 crateras
757 4477 1022 4532 idolorum
1054 4473 1243 4528 sordes
1275 4471 1432 4527 etiam
1465 4471 1772 4540 balnearii,
1803 4482 1854 4525 et
1871 4471 2097 4526 ostiarii

506 4570 675 4632 lares,
707 4574 759 4620 et
788 4565 972 4622 nescio
1020 4579 1139 4635 quae
1190 4562 1293 4617 alia
1332 4575 1552 4617 caenosa
1591 4559 1831 4626 numina,
1873 4559 2098 4628 gentili-

501 4659 604 4714 bus
649 4662 818 4721 erant,
852 4657 951 4709 sub
993 4668 1227 4725 quorum
1269 4649 1598 4720 turpissimis
1644 4647 1901 4719 auspiciis
1947 4647 2097 4704 lava-

503 4755 705 4809 rentur,
736 4743 822 4800 vel
848 4741 1026 4798 verius
1057 4739 1223 4795 multo
1253 4737 1469 4793 fwdiori
1501 4735 1720 4792 sorditie
1769 4737 2100 4792 contamina-

501 4842 707 4892 rentur.

576 4921 800 4993 Euripi.
851 4919 1093 4987 Euripus
1140 4913 1492 4986 peculiariter
1523 4911 1724 4968 dictum
1753 4923 1870 4969 erat
1904 4913 2103 4969 fretum

508 5011 638 5066 illud
668 5008 996 5064 vorticosum
1046 5004 1188 5058 inter
1219 5003 1484 5059 Euboeam
1513 5010 1563 5058 et
1592 5004 1866 5068 Atticam,
1899 5004 2103 5074 septies

507 5115 604 5171 per
652 5095 818 5162 diem,
870 5093 1144 5163 totiesque
1190 5107 1288 5163 per
1334 5099 1547 5147 noctem
1594 5090 1959 5163 reciprocans,
2008 5107 2102 5147 seu

503 5202 673 5259 aquas
725 5199 818 5253 per
871 5181 1018 5240 vices
1075 5196 1354 5250 evomens,
1404 5181 1708 5252 iterumque
1757 5182 2042 5237 resorbens
2085 5199 2098 5235 :

507 5277 664 5346 cujus
711 5285 901 5329 causas
930 5286 1050 5325 cum
1084 5269 1285 5326 frustra
1331 5277 1692 5338 perscrutatus
1740 5268 1936 5325 fuisset
1975 5269 2108 5324 Aria

503 5363 746 5428 stoteles,
776 5375 889 5431 prie
920 5373 1154 5414 mairore
1200 5359 1560 5424 contabuisse,
1598 5367 1706 5424 aut,
1760 5366 1819 5412 ut
1851 5357 1940 5412 alii
1985 5359 2101 5429 (sed

499 5469 689 5526 parum
719 5452 867 5521 vere)
909 5457 1148 5516 narrant,
1191 5443 1412 5501 omnino
1466 5445 1591 5500 illuc
1636 5461 1697 5500 se
1735 5447 2100 5516 praecipitasse

502 5543 692 5597 fertur.
749 5537 976 5593 Extendi
1028 5533 1370 5604 postmodum
1432 5533 1545 5588 haec
1593 5533 1880 5604 appellatio
1934 5537 2099 5607 coepit

2282 4474 2558 4532 Nocentis.
2611 4474 2875 4530 Omnibus
2918 4475 3000 4530 his
3028 4477 3301 4546 fani-ibus,
3341 4477 3498 4539 rivis,
3543 4477 3808 4547 piscinis,

2211 4566 2441 4635 euripis,
2466 4567 2747 4632 cisternis,
2779 4566 2983 4637 puteis,
3018 4572 3144 4632 etc.,
3177 4564 3305 4620 certi
3335 4563 3557 4635 quidam
3590 4565 3746 4635 genii
3783 4578 3812 4616 ι

2211 4652 2502 4723 gentilibus
2557 4652 2798 4723 praefecti
2856 4660 3027 4722 erant,
3076 4653 3189 4722 qui,
3242 4656 3495 4724 quoniam
3557 4651 3810 4708 muliebri

2209 4741 2387 4812 specie
2416 4741 2525 4798 illic
2553 4742 2826 4798 daemones
2855 4744 3199 4814 apparebant,
3233 4743 3331 4798 hac
3367 4757 3588 4813 quoque
3636 4743 3811 4797 forma

2210 4830 2542 4896 colebantur,
2573 4838 2737 4903 atque
2781 4840 2931 4887 antra
2976 4831 3086 4902 illa,
3117 4830 3348 4886 fontium
3387 4831 3651 4886 scatebris
3685 4831 3813 4886 irri-

2210 4935 2337 4991 gua,
2363 4920 2662 4975 inhabitare
2688 4922 3060 4977 credebantur.
3093 4921 3244 4976 Unde
3265 4921 3480 4993 Virgil.,
3505 4936 3522 4975 ι
3553 4917 3808 4981 ,ΑΕηεὶἀη

2209 5007 2463 5078 Libycum
2493 5008 2627 5064 illud
2663 5028 2676 5064 :

2371 5150 2692 5215 .....scopulis
2725 5151 3062 5216 pendentibus
3095 5158 3316 5216 antrum,

2211 5277 2598 5349 Nympharum
2638 5277 2865 5335 domum
2896 5286 3070 5333 vocat.
3111 5277 3200 5334 Sic
3229 5279 3386 5333 etiam
3426 5275 3725 5332 Pausanias
3758 5276 3809 5332 in

2210 5369 2439 5423 Boeotio.
2463 5367 2600 5421 antri
2623 5367 2904 5436 cujusdam
2939 5367 3382 5424 Cithreranidum
3415 5365 3812 5438 Nympharum

2212 5455 2550 5512 meminit.Et
2568 5455 2620 5510 in
2638 5454 2883 5521 Ph-ocic.,
2907 5461 3143 5511 antrum
3166 5458 3456 5529 Corycium
3487 5455 3813 5511 describens

2214 5543 2254 5599 Ι
2277 5541 2435 5600 I57
2468 5543 2541 5598 ait
2572 5560 2589 5598 :
2637 5566 2654 5591 ι
2691 5543 2836 5600 Multi
2867 5543 2992 5599 hinc
3022 5543 3132 5600 illic
3159 5559 3190 5600 e
3222 5544 3358 5601 vivis
3403 5542 3640 5599 fontibus
3688 5542 3816 5598 ﬂui-
