4028 6180
282 472 400 520 tant
430 465 549 523 rivi.
579 467 830 524 Parnassi
859 451 1060 527 accola
1088 488 1299 531 sacrum
1326 476 1675 551 Coryciarum
1702 485 1870 558 Nym-

281 555 513 624 pharum
560 563 764 626 putant.
811 580 835 609 υ
893 559 984 616 Sic
1034 560 1218 628 etiam,
1271 572 1330 620 ut
1387 566 1529 626 idem
1580 555 1767 631 rursus
1825 577 1880 632 in

281 644 509 702 Bazotic.
525 646 793 717 perhibet,
806 648 871 702 ad
892 649 1302 710 Libethriadem
1320 655 1519 712 fontem
1541 662 1879 721 Libethridw

278 731 553 805 Nympha:
604 734 934 794 colebantur.
991 741 1159 796 Erant
1216 737 1432 816 quoque
1474 746 1712 808 fontibus
1761 753 1880 810 aliis
1987 779 2022 834 q

277 835 386 875 arae
417 839 546 890 suae,
600 825 862 896 aediculae,
915 839 1007 885 aut
1063 832 1286 888 omnino
1340 838 1555 908 templa,
1607 841 1876 915 Nymphis

277 919 507 978 sacrata,
529 929 648 983 quae
686 923 738 969 et
766 916 1074 988 Ngmphtea
1105 919 1445 994 dicebantur,
1472 935 1533 981 ut
1563 927 1692 983 illud
1714 947 1876 1003 supra

275 996 477 1054 fontem
515 1002 740 1072 Cytheri
781 1003 929 1063 ﬂuvii
960 1009 1104 1078 apud
1136 1007 1364 1067 Pausan.
1397 1011 1454 1068 in
1484 1017 1664 1074 Eliac.
1697 1034 1758 1076 ιι.
1781 996 1874 1076 Ἰιι

272 1087 456 1156 specie
486 1105 618 1146 vero
650 1091 754 1148 illae
784 1094 1067 1167 Nymphae,
1084 1100 1416 1172 ﬂuminum,
1449 1111 1875 1178 stagnorum,et

265 1180 575 1244 puteorum
608 1182 887 1251 praesides,
911 1187 1172 1259 Naiades,
1197 1199 1287 1245 aut
1316 1194 1716 1268 Ephydriades,
1742 1209 1869 1269 etc.,

262 1259 608 1323 dicebantur.
644 1269 748 1323 Sed
785 1278 840 1324 et
874 1273 1136 1330 Comatas
1164 1279 1306 1346 apud
1331 1259 1582 1356 Thetim,
1613 1259 1781 1360 Ιιιριι.
1815 1259 1867 1359 5,

259 1366 362 1422 per
392 1355 685 1429 Nymphas
708 1358 968 1428 λιμνάδας,
1017 1365 1300 1433 palustres
1338 1371 1504 1438 jurat.
1565 1355 1632 1431 Ut
1679 1355 1868 1434 autem

259 1437 521 1511 Orpheus
592 1445 874 1517 Nymphas
937 1450 1143 1508 Oceani
1169 1461 1223 1509 et
1288 1437 1534 1519 Thetidos
1581 1462 1724 1520 ﬁlias
1780 1482 1870 1538 ap-

258 1528 445 1597 pellat,
481 1531 554 1587 ita
583 1533 683 1590 has
714 1536 996 1607 Virgilius,
1021 1543 1239 1599 .Eneid.
1264 1561 1386 1615 vm,
1420 1549 1708 1610 ﬂuviorum
1741 1528 1865 1612 ma-

262 1622 371 1671 tres
399 1621 630 1694 putavit,
687 1626 837 1696 quod
875 1626 1022 1685 ﬂuvii
1052 1646 1082 1686 e
1113 1632 1247 1688 mari
1277 1636 1551 1698 orirentur
1580 1661 1596 1699 :

256 1765 528 1835 Nymphae,
563 1773 840 1829 Laurentes
871 1779 1138 1848 Nymphas,
1170 1799 1324 1850 genus
1357 1793 1594 1848 amnibus
1615 1798 1746 1851 unde
1767 1811 1859 1854 est.

1122 348 1455 413 APPENDIX
1499 352 1555 412 ν.
1595 386 1666 403 -
1703 357 1767 418 D.
1839 362 2216 431 CORBINIANI
2251 369 2493 436 THOMIE
2528 373 2769 443 ADNOT.

2059 676 2364 740 Piscinam.
2420 684 2478 739 In
2532 686 2726 746 Graeco
2783 699 2930 751 textu
2984 699 3297 778 κολυμϐήθρα
3351 719 3455 782 est,
3486 731 3583 785 per

2025 779 2148 819 uam
2174 771 2418 839 piscina,
2451 789 2516 831 eo
2539 792 2723 847 sensu,
2763 799 2870 854 quo
2900 801 3066 860 supra
3092 771 3218 849 Not.
3235 771 3576 874 'Asperpine,

1985 851 2256 912 lavacrum
2286 860 2371 915 vel
2401 867 2660 922 natatoria
2689 851 3040 940 signiﬁcatur.

2053 944 2394 1004 Betsaida-m.
2420 951 2646 1011 Graecus
2670 967 2846 1018 textus
2873 966 3057 1034 Joan.,
3091 987 3142 1026 v.
3177 977 3230 1040 2,
3261 975 3334 1032 ita
3361 978 3526 1042 habet
3559 1001 3574 1038 :

1978 1028 2128 1085 ’Ἐστι
2195 1035 2249 1089 δὲ
2293 1037 2342 1092 ἐν
2421 1040 2778 1117 Ἱεροσολύμοις
2825 1053 2904 1106 ἐπὶ
2949 1062 3008 1125 τῆ
3045 1028 3578 1146 amoenas—2101;:

1980 1119 2130 1146 BJA__,
2209 1123 2224 1142 Ἰ
2263 1125 2280 1146 ι
2342 1129 2361 1146 π
2506 1134 2518 1146 ι
2642 1133 2730 1146 ...Δ
2799 1138 2808 1146 .
2872 1142 2880 1146 .
3100 1145 3107 1146 ,

1980 1119 2152 1226 ῗήϐρᾳ,
2201 1123 2230 1192 ἠ
2263 1125 2576 1203 ἒπιλεγομένη
2642 1133 2891 1209 Ἑϐραΐστὶ
2931 1119 3175 1221 Βηνθεσέὰ,
3232 1119 3373 1211 ad};
3398 1119 3574 1226 "diog;

1977 1205 2198 1308 ἐῖᾎουσα,
2244 1235 2295 1271 κ.
2351 1237 2399 1272 τ.
2448 1221 2522 1290 λ.,
2583 1239 2706 1295 quae
2735 1205 2744 1209 ⁷
2772 1205 3033 1304 Vulgatus
3098 1205 3414 1304 noster-ita
3450 1205 3574 1308 red:

1977 1296 2054 1354 dit
2084 1317 2099 1354 :
2132 1305 2229 1358 Est
2259 1311 2452 1365 autem
2482 1313 2836 1388 Jerosolymis
2857 1296 3137 1383 Pyrobatica
3182 1296 3412 1406 piscina,

1978 1393 2411 1459 cognominatur
2461 1399 2724 1463 Hebraice
2778 1408 3063 1470 Bethsaida
3084 1461 3099 1486 ,
3143 1393 3412 1496 qui-nque,
3443 1393 3574 1500 por.

1981 1477 2125 1500 11--.-
2164 1480 2177 1500 1
2203 1481 2253 1500 ξι
2279 1499 2288 1500 κ
2458 1495 2467 1500 -
2601 1490 2661 1500 ---
2688 1492 2700 1500 .
2929 1499 2937 1500 ,

1980 1477 2126 1534 ticus
2157 1480 2378 1552 habens,
2421 1495 2526 1545 etc.
2601 1490 2702 1546 Ubi
2743 1477 3380 1576 notandum,'p‘iscinam
3429 1477 3571 1576 hranc

1975 1579 2094 1666 non
2114 1571 2381 1666 appellari
2425 1578 2781 1666 probaticam
2825 1601 2857 1640 a
2883 1571 3189 1666 probando,
3235 1599 3332 1654 sed
3352 1571 3570 1660 suasa;

1973 1650 2241 1727 προϐάτων,
2283 1676 2377 1716 seu
2439 1665 2506 1720 ab
2551 1671 2767 1738 ovibus;
2823 1675 2878 1727 τὸ
2923 1676 3158 1749 πρόϐατον
3201 1686 3348 1744 enim
3405 1690 3565 1750 Gras-

1973 1741 2052 1799 cis
2085 1761 2241 1803 ovem
2282 1749 2571 1822 signiﬁcat.
2611 1759 2970 1823 Probaticam
3007 1783 3138 1843 ergo
3179 1771 3324 1832 idem
3367 1779 3459 1836 hic
3503 1799 3568 1840 ac

1889 1837 1938 1919 Β
1973 1832 2195 1891 ovinam
2250 1845 2345 1893 aut
2388 1843 2590 1900 ovilem
2634 1846 2812 1907 dicere
2867 1861 2968 1915 est.
3019 1832 3328 1920 vocabatur
3386 1877 3566 1926 autem

2674 1900 2769 1906 “’⁷“
2785 1900 2810 1907 ⁷
2870 1900 2968 1915 ⁷⁷⁷⁸
3036 1900 3048 1915 ¹
3067 1900 3315 1920 ννιδυίδδυι
3386 1900 3565 1926 αυισιυ

258 1900 535 1961 Caeterum
591 1924 719 1965 vero
767 1911 851 1968 ha?
905 1915 1170 1989 Nyinphae
1239 1937 1574 2000 nequaquam
1629 1937 1860 2008 propitia
1890 1900 1938 1919 '
1965 1921 2584 2020 Piscftnuaoviumgqnod
2633 1933 2689 1990 in
2743 1952 2811 1994 ea
2854 1954 3005 2013 oves,
3055 1945 3269 2020 aliaque
3308 1953 3565 2014 animalia

265 2006 484 2020 unm-‘4...
512 1996 853 2020 L-‘--L_--L,_,,
1031 2007 1041 2018 υ
1263 2012 1278 2020 α
1454 2017 1464 2020 -
1483 2017 1499 2020 _
1565 2019 1571 2020 κ

263 2006 484 2065 semper
512 1996 858 2056 habebantur
897 2007 1136 2078 numina,
1185 2012 1281 2066 sed
1332 1996 1628 2087 sacrificiis,
1659 1996 1860 2082 neno-

252 2087 471 2151 cerent,
503 2085 792 2157 placanda;
818 2089 962 2146 unde
1001 2092 1310 2169 Theocrito,
1342 2102 1506 2176 Idyll.
1539 2085 1650 2164 13':
1697 2113 1862 2169 Διιναὶ

249 2170 356 2223 θεαὶ
386 2169 649 2244 ἀγρώταις,
693 2176 818 2234 dira
843 2183 1072 2239 rusticis
1100 2189 1346 2246 numina
1391 2203 1562 2267 erant,
1618 2216 1688 2256 ux
1732 2218 1858 2260 mox

256 2257 588 2318 videbimus.
639 2264 854 2324 Interea
896 2268 941 2324 si
989 2272 1112 2341 quis
1168 2274 1306 2333 forte
1361 2281 1514 2352 plura
1551 2257 1857 2364 desideret,

247 2350 394 2418 apud
423 2352 602 2408 Nata].
632 2353 826 2412 Comit.
865 2358 1093 2431 Mythol.
1136 2363 1174 2418 l.
1209 2380 1262 2420 v.
1304 2350 1440 2438 c.i2,
1483 2379 1596 2430 tum
1627 2388 1682 2436 et
1731 2350 1854 2438 eru:

245 2434 428 2494 ditiss.
463 2449 713 2499 nostrum
754 2446 1236 2520 Montfauconium,
1269 2434 1631 2535 L’Antiquite
1661 2434 1853 2544 expli-

246 2531 407 2597 quée,
450 2538 580 2587 tom.
613 2532 660 2605 Ι,
683 2550 738 2605 p.
787 2550 850 2601 ιι,
888 2537 924 2591 1.
957 2553 1036 2605 1v,
1058 2555 1109 2595 c.
1139 2543 1193 2612 7,
1227 2549 1475 2618 reperiet.

320 2635 580 2697 Enectos.
610 2639 774 2698 Laut.
803 2641 974 2711 Valla,
995 2645 1030 2700 l.
1066 2662 1149 2714 ιν,
1171 2665 1219 2706 c.
1244 2653 1332 2723 27,
1356 2658 1588 2729 appellat
1608 2674 1845 2740 enectos,

243 2724 340 2792 qui
396 2742 506 2783 non
544 2728 661 2798 jam
691 2734 918 2788 enecati
946 2744 1090 2802 sunt,
1142 2745 1304 2810 atque
1347 2724 1561 2815 mortui,
1618 2756 1713 2810 sed
1752 2724 1848 2828 qui

242 2817 643 2882 pr0pemodum
690 2818 845 2875 tales.
880 2821 1034 2878 Unde
1087 2840 1209 2880 cum
1266 2829 1463 2888 Noster
1515 2836 1568 2890 in
1626 2838 1719 2895 lib.
1768 2817 1847 2901 .de

243 2899 516 2974 Jejuniis,
544 2919 594 2960 c.
625 2905 679 2971 7,
713 2907 780 2960 de
818 2923 1009 2965 severo
1049 2911 1143 2967 illo
1187 2915 1393 2987 jejunio
1424 2922 1838 2999 Ninivitarum,

238 2989 390 3054 quod
460 2991 622 3046 etiam
672 2995 976 3065 pecudibus
1019 3005 1230 3059 enectis
1276 3005 1461 3078 fiebat,
1508 2989 1839 3078 mentionem

233 3071 384 3145 facit,
451 3088 598 3136 recte
653 3081 848 3138 Junius
897 3085 1014 3142 haec
1070 3091 1236 3146 verba
1292 3093 1360 3151 de
1413 3071 1520 3155 illis
1579 3071 1699 3161 non,
1727 3071 1836 3179 jam

229 3169 509 3237 mortuis,
565 3168 663 3224 sed
714 3169 856 3227 fame
888 3176 1139 3262 perihoc
1170 3181 1457 3254 jejunium,
1505 3195 1647 3262 quod
1867 3163 1917 3245 ε

229 3263 318 3318 ιιι,
347 3253 412 3320 7,
451 3270 517 3311 ex
546 3255 726 3312 edicto
757 3259 903 3330 regis
947 3261 1139 3322 Ninive
1187 3268 1254 3323 ad
1303 3287 1502 3340 pecora
1522 3253 1706 3352 .usque
1745 3300 1836 3340 ex-

230 3340 582 3416 tendebatur,
624 3345 700 3401 ita
743 3351 1051 3420 maceratis,
1107 3362 1163 3409 ut
1213 3357 1326 3426 jam
1356 3367 1587 3422 mortuis
1617 3340 1836 3444 pmpio-

231 3443 344 3500 res,
375 3450 537 3506 quam
584 3435 749 3508 vivis,
794 3447 998 3509 essent,
1055 3445 1328 3519 explicat,
1367 3451 1575 3527 hocque
1612 3435 1834 3534 proprie

233 3533 338 3588 per
355 3525 583 3580 verbum
604 3541 840 3584 enecare
867 3528 1155 3600 significari
1179 3535 1272 3592 ait.

304 3626 662 3702 Lymphatos.
704 3631 839 3686 Dan.
871 3631 1128 3692 Heinsius
1171 3638 1228 3694 in
1286 3643 1400 3701 suis
1452 3650 1706 3710 Lection.
1765 3659 1827 3714 in
1890 3701 1894 3705 .

239 3714 488 3788 Theocr.,
521 3721 656 3792 Idyl.
692 3723 745 3787 5,
778 3719 855 3814 ita
890 3721 1067 3795 inquit
1106 3742 1121 3782 :
1159 3748 1182 3779 α
1228 3729 1595 3807 Nympharum
1624 3746 1832 3814 quoties

225 3806 559 3862 meminisset
588 3808 901 3879 antiquitas,
933 3827 1117 3869 earum
1177 3816 1314 3874 iram
1371 3823 1826 3903 deprecabantur,

226 3889 328 3948 hoc
384 3904 489 3959 est,
588 3894 877 3964 insaniam,
963 3915 1058 3956 seu
1125 3889 1531 3983 Blaxedatpovtav
1615 3922 1830 3992 (quibus

221 3979 370 4035 enim
399 3981 515 4036 deae
552 3980 658 4036 illa}
697 3983 1190 4060 conspiciebantur,
1251 3979 1448 4055 mentis
1494 3979 1825 4068 statu‘exci-

221 4065 369 4123 disse
433 4069 798 4140 putabantur),
855 4073 1001 4142 quod
1078 4077 1239 4135 etiam
1298 4087 1512 4143 vatibus
1575 4065 1822 4155 accidere

219 4155 616 4223 existimabant,
673 4174 810 4229 quos
891 4164 1250 4234 νυμφολήπτους
1317 4171 1441 4242 (hos
1495 4187 1673 4236 autem
1726 4186 1825 4240 La“

219 4243 319 4296 lini
348 4247 518 4301 nostri
547 4261 666 4335 non.
686 4250 1043 4322 nymphatos,
1077 4256 1170 4311 sed
1196 4258 1509 4332 lymphatos
1539 4271 1818 4341 appellare

215 4331 413 4405 solent)
444 4325 713 4392 dicebant.
748 4359 774 4386 υ
799 4338 954 4433 Unde
988 4348 1043 4396 et
1070 4325 1271 4433 Noster
1299 4325 1352 4402 in
1372 4349 1469 4408 lib.
1495 4325 1816 4433 del/inima',

215 4436 264 4476 c.
308 4425 400 4495 50,
439 4427 514 4482 ait
546 4444 560 4481 :
604 4447 628 4477 cr
661 4427 1044 4509 Lymphaticos
1075 4431 1240 4492 efﬁcit
1273 4437 1604 4511 Colophonis
1633 4425 1814 4508 scatu-I

213 4510 336 4584 rigo
363 4515 679 4572 daemonica.
714 4536 738 4568 ι
772 4519 852 4574 De
879 4518 986 4576 hoc
1020 4521 1182 4596 Eus.,
1233 4525 1290 4583 in
1336 4532 1521 4606 Prcep.
1575 4539 1811 4614 Evang.,

213 4600 306 4660 liv.
339 4619 400 4671 ιι,
436 4621 485 4662 c.
509 4609 565 4661 5.

283 4713 690 4786 Hydrophobos.
752 4713 1060 4788 Ὗδροφόϐοι
1131 4725 1470 4795 appellantur
1539 4734 1672 4805 παρὰ
1753 4737 1811 4792 τὸ

204 4800 451 4869 φοϐεῖσθαι
479 4803 529 4856 τὸ
559 4800 713 4875 ὕδωρ,
762 4807 905 4877 quod
963 4823 1173 4880 aquam
1231 4817 1492 4875 timeant.
1524 4800 1702 4894 Atque
1759 4827 1808 4882 id

203 4889 437 4946 maxime
473 4892 667 4949 accidit
710 4909 740 4948 a
800 4910 932 4964 cane
962 4898 1151 4956 rabido
1181 4902 1462 4974 admorsis,
1503 4912 1700 4983 quibus
1754 4917 1809 4972 id

201 4979 567 5038 miserrimum
622 4991 722 5052 est,
776 4991 1020 5041 extremo
1079 5003 1234 5062 aqua}
1289 4995 1499 5070 timore,
1585 5006 1810 5078 parique

201 5067 368 5124 simul
401 5068 491 5125 siti
527 5073 730 5128 vexari.
769 5072 1063 5132 Terribiles
1124 5081 1299 5137 morbi
1356 5067 1516 5156 hujus
1556 5067 1808 5168 effectus,

200 5168 510 5232 caeteraque
566 5163 672 5218 huc
749 5163 1095 5234 pertinentia,
1157 5170 1280 5226 vide
1377 5178 1521 5246 apud
1597 5163 1806 5260 Kircb.,

205 5245 404 5302 Mundi
459 5248 560 5304 sub
597 5245 691 5302 lib.
755 5262 836 5316 1x,
892 5255 1027 5304 sect.
1060 5266 1118 5321 ιι,
1153 5272 1199 5313 c.
1229 5261 1282 5313 5.
1312 5245 1439 5318 Haec
1485 5274 1664 5325 autem
1702 5245 1810 5326 om:

203 5334 297 5390 nia
330 5337 560 5407 gentiles
599 5336 754 5393 malis
783 5335 977 5409 geniis,
1009 5353 1208 5412 aquam
1249 5346 1628 5428 insidentibus,
1679 5359 1808 5416 olim

204 5420 558 5493 imputabant.

282 5527 584 5598 Pro/imus.
613 5534 672 5588 In
721 5532 778 5590 S.
839 5533 1036 5606 Script,
1075 5547 1218 5629 ιτα-πρ
1247 5549 1537 5620 sanctum,
1589 5559 1644 5606 et
1693 5533 1804 5616 ἨΠ

204 5619 534 5690 pro/anum,
559 5621 761 5693 Opponi
779 5624 954 5681 solent
976 5643 990 5698 ;
1012 5619 1319 5703 profanus,
1341 5649 1474 5708 ergo
1503 5619 1587 5696 hic
1606 5647 1800 5716 appel-

518 5727 763 5792 Ρλτιιοι..
819 5732 902 5796 ii.

1971 2010 2246 2069 sacrificiis
2291 2017 2576 2088 destinata,
2630 2025 2798 2095 ablui,
2858 2039 2950 2087 aut
2991 2010 3104 2104 jam
3161 2010 3561 2103 iinmolatorum

1969 2105 2095 2154 exta
2137 2100 2342 2175 detergi
2390 2113 2790 2171 consueverint.
2849 2117 2961 2175 Alii
2995 2100 3127 2180 vnon
3183 2127 3355 2198 ipsam
3399 2133 3563 2204 pisci-

1965 2202 2115 2259 nam,
2167 2191 2261 2247 sed
2291 2202 2520 2265 portam,
2570 2200 2638 2258 ad
2691 2219 2852 2275 quam
2895 2207 2985 2264 illa
3040 2211 3144 2268 sita
3176 2191 3292 2274 erat
3339 2191 3562 2295 (legitur

1963 2277 2106 2333 enim
2136 2277 2191 2334 in
2223 2279 2418 2340 Graeco
2439 2285 2507 2358 ἐν,
2541 2291 2628 2345 vel
2684 2299 2742 2347 ut
2778 2293 2868 2349 alii
2917 2296 2953 2353 I
2977 2297 3139 2358 I58
3189 2277 3556 2368 codices-ha-

1959 2365 2599 2450 ὺθῐη,ἐπὶτῇπροϐατικῇ,
2637 2381 2698 2436 in
2747 2384 2833 2440 vel
2893 2389 3074 2455 potius
3152 2398 3306 2468 apud
3357 2365 3557 2471 proba-

1961 2455 2156 2528 ticam,
2188 2457 2326 2517 forte
2356 2465 2600 2522 eamdem
2621 2485 2743 2540 qua:
2772 2472 2821 2526 Il
2849 2474 3010 2532 Esdr.
3044 2496 3121 2548 ιιι,
3174 2455 3222 2550 ,
3253 2455 3556 2558 appellatur

1959 2545 2131 2604 Porta
2151 2551 2366 2623 gregis),
2392 2554 2741 2625 probaticam
2787 2545 3122 2636 appellatam
3179 2545 3349 2632 fuisse
3377 2545 3549 2638 aiunt;

1959 2632 2158 2692 Verum
2189 2639 2304 2696 haec
2327 2642 2390 2701 ὥς
2411 2642 2460 2697 ἐν
2489 2643 2710 2719 παρόδῳ,

2030 2725 2296 2782 Caeterum
2325 2730 2533 2802 piscina
2587 2736 2724 2806 haec,
2783 2757 2908 2810 quae
2943 2744 2996 2798 in
3036 2747 3229 2805 Graeco
3269 2759 3413 2809 textu
3443 2759 3549 2813 Be-

1959 2813 2151 2870 thcsda
2180 2814 2305 2884 (alia
2347 2818 2537 2876 Graeca
2583 2828 2912 2897 exemplaria
2967 2834 3162 2890 habent
3234 2840 3550 2916 Bethseda),

1958 2900 2153 2960 domus
2183 2905 2614 2977 misericordiae,
2635 2915 2952 2988 appellatur,
2972 2919 3026 2976 in
3054 2922 3258 2981 Latinis
3277 2900 3554 3002 exempla:

1955 2989 2105 3046 ribus
2162 2993 2482 3064 Bethsaida,
2527 2999 2729 3058 domus
2793 3008 3062 3078 piscatus,
3131 3012 3344 3088 dicitur,
3414 2989 3550 3078 forte

1951 3079 2095 3152 quod
2126 3081 2254 3136 olim
2281 3085 2527 3155 piscium
2557 3091 2840 3150 vivarium
2869 3096 3052 3158 fuerit.

2027 3171 2428 3230 Commovebat.
2452 3175 2746 3236 Credidere
2791 3183 3013 3256 quidam
3043 3190 3186 3248 hunc
3233 3196 3546 3271 archange-

1950 3255 2059 3312 lum
2090 3256 2261 3316 fuisse
2289 3263 2556 3335 Raphael,
2589 3267 2681 3338 qui
2718 3269 3096 3344 interpretatur
3115 3282 3399 3341 “Medicina
3425 3255 3542 3358 δαί,

1948 3351 2004 3400 ut
2029 3346 2160 3402 olim
2190 3349 2536 3419 peculiariter
2581 3371 2612 3410 a
2639 3358 2754 3415 Deo
2804 3361 2871 3415 ad
2921 3366 3138 3424 Tobiam
3183 3386 3214 3425 a
3261 3388 3361 3428 sua
3386 3378 3544 3433 caeci-

1948 3440 2058 3490 tate
2113 3435 2449 3496 liberandum
2515 3442 2730 3517 missus,
2782 3448 2855 3503 ita
2917 3453 2986 3507 ad
3052 3456 3279 3514 aliorum
3327 3477 3543 3536 quoque

1945 3522 2226 3580 hominum
2271 3529 2542 3599 graviores
2605 3532 2944 3594 inﬁrmitates
2992 3545 3256 3602 curandas
3293 3549 3538 3607 destina-

1941 3618 2050 3667 tus.
2099 3611 2358 3686 Quisquis
2403 3616 2452 3674 is
2506 3619 2624 3690 fuit,
2685 3639 2791 3681 non
2846 3626 3042 3685 visibili
3087 3632 3318 3704 quadam
3365 3638 3539 3698 forma

1939 3699 2303 3773 descendisse,
2333 3706 2428 3762 sed
2457 3708 2632 3765 solum
2662 3726 2876 3784 aquam,
2910 3699 3335 3780 virtute—medica
3363 3727 3535 3786 eidem
3639 3709 3643 3715 ’

1941 3789 2097 3860 quasi
2151 3799 2488 3851 transeunter
2559 3797 2842 3871 impressa,
2893 3805 3156 3879 singulari
3212 3813 3312 3872 Dei
3374 3817 3534 3886 jussu

1936 3876 2220 3952 imbuisse,
2277 3882 2462 3954 sicque
2516 3885 2734 3960 signum
2789 3908 2902 3950 suae
2959 3876 3264 3968 praesentiae
3322 3904 3533 3964 visibile

1937 3967 2192 4036 edidisse,
2225 3973 2498 4042 putandus
2528 3984 2636 4032 est.

2006 4057 2591 4134 Antecedunt.Figura
2613 4067 2755 4122 enim
2777 4085 2994 4143 semper
3009 4076 3172 4133 debet
3192 4094 3312 4136 esse
3327 4084 3523 4152 notior,

1932 4149 1985 4196 et
2033 4145 2212 4212 captui
2257 4151 2750 4223 accommodatior;
2813 4161 2957 4214 unde
3003 4165 3069 4218 ad
3129 4145 3524 4239 prae-figuranda

1932 4231 2266 4299 spiritantia
2295 4250 2510 4307 semper
2528 4239 2767 4297 solemus
2794 4249 3076 4320 carnalia,
3104 4265 3206 4307 seu
3233 4258 3524 4316 scnsibilia

1929 4317 2086 4389 signa
2150 4319 2373 4392 eligere,
2436 4339 2539 4394 per
2592 4344 2714 4398 quae
2771 4331 2838 4386 ad
2893 4317 3251 4404 spiritualium
3317 4359 3516 4413 rerum,

1925 4403 2290 4479 altiorumque
2336 4412 2740 4484 mysteriorum,
2795 4403 2939 4489 quasi
2969 4422 3101 4477 alias
3151 4441 3366 4486 omnem
3421 4450 3517 4490 ca-

1849 4485 1895 4565 D
1923 4501 2076 4564 ptum
2105 4497 2402 4556 humanum
2428 4502 2712 4572 excedunt,
2772 4485 3200 4583 intelligentiam,
3231 4519 3373 4576 velut
3403 4540 3517 4581 ma-

1921 4584 2278 4642 nuducamur.

1990 4673 2255 4730 Caeterum
2275 4693 2404 4734 vero
2427 4681 2711 4752 piscinam
2740 4684 2878 4741 hanc
2906 4686 3159 4758 baptismi
3185 4698 3354 4753 nostri
3382 4699 3515 4771 ﬁgu-

1919 4776 2033 4815 ram
2063 4762 2253 4834 fuisse,
2283 4765 2422 4822 inter
2457 4777 2686 4828 caeteros
2717 4771 2814 4829 SS.
2850 4775 2972 4845 PP.,
3008 4780 3242 4838 maxime
3280 4785 3338 4840 S.
3387 4790 3516 4843 Am-

1917 4851 2091 4920 bros.,
2123 4852 2219 4910 lib.
2248 4870 2266 4910 ι
2296 4856 2362 4912 de
2395 4859 2544 4929 Spir.
2577 4865 2792 4928 sancto,
2826 4879 2943 4935 cap.
2974 4867 3028 4933 7,
3071 4871 3261 4925 asserit
3289 4890 3303 4927 :
3343 4895 3365 4925 α
3396 4877 3510 4932 Ha-

1915 4937 2009 4993 bes
2065 4941 2224 4997 etiam
2281 4942 2336 4998 in
2380 4945 2696 5020 Evangelia,
2756 4951 2883 5023 quia
2939 4957 3171 5028 angelus
3219 4965 3513 5022 secundum

1914 5036 2130 5098 tempus
2183 5032 2545 5091 descendebat
2619 5039 2675 5094 in
2738 5044 3026 5115 natatoria,
3087 5054 3143 5103 et
3196 5053 3514 5113 movebatur

1916 5132 2076 5190 aqua,
2107 5125 2162 5174 et
2190 5122 2284 5191 qui
2315 5121 2463 5193 prior
2515 5125 2883 5186 descendisset
2913 5133 2966 5188 in
3005 5139 3287 5206 natatoria,
3348 5159 3512 5202 sanus

1917 5205 2099 5262 fiebat.
2130 5207 2272 5276 Quid
2299 5209 2355 5265 in
2394 5213 2496 5270 hoc
2525 5222 2655 5287 typo
2683 5219 2934 5291 angelus,
2965 5222 3071 5279 nisi
3100 5205 3508 5288 descensionem

1912 5471 2159 5529 invocata
2203 5476 2476 5546 precibus,
2534 5488 2913 5543 consecraret?
2944 5489 3038 5543 Ille
3091 5505 3223 5562 ergo
3277 5495 3503 5565 angelus

1908 5561 1966 5616 S.
1998 5561 2230 5633 Spiritus
2249 5575 2365 5622 erat
2385 5570 2624 5640 nuntius,
2677 5588 2744 5629 eo
2777 5577 2917 5645 quod
2951 5592 3044 5645 per
3069 5561 3296 5648 gratiam
3340 5561 3500 5655 spiri-

1908 5650 2105 5709 tualem
2133 5653 2396 5712 medicina
2438 5659 2643 5715 nostris
2671 5669 2812 5718 esset
2850 5662 3012 5718 animi
3050 5681 3114 5722 ac
3141 5671 3337 5729 mentis
3375 5672 3496 5729 lan-

3213 5778 3280 5832 39
