4028 6180
542 245 682 306 1227

536 369 800 443 guoribus
843 368 1156 427 deferenda.
1205 390 1229 421 ι
1279 366 1351 423 Et
1404 368 1458 421 in
1507 366 1604 421 lib.
1639 368 1706 423 de
1756 368 1839 423 his
1873 370 1968 440 qui
1995 369 2208 454 init.

539 459 785 529 Mysten,
833 474 881 515 c.
911 462 965 525 4,
1006 474 1115 515 ιιοιι
1144 460 1326 514 minus
1354 458 1629 530 eleganter
1666 455 1837 528 inquit
1877 468 1892 509 :
1949 478 1973 508 α
2020 457 2130 513 Illis

537 546 761 620 angelus
814 546 892 615 (in
927 546 1188 617 piscinam
1232 544 1397 616 illam)
1435 544 1795 600 descendebat
1828 562 1840 599 :
1873 545 1965 601 tibi
1996 544 2128 617 Spi-

536 634 674 691 ritus
700 644 939 691 sanctus.
1002 636 1113 691 Illis
1170 642 1419 690 creatura
1458 634 1792 700 movebatur,
1842 633 1940 688 tibi
1978 634 2131 689 Chri-

537 729 652 778 stus
679 732 930 795 Operatur
958 725 1097 795 ipse,
1142 723 1408 779 Dominus
1442 729 1726 776 creaturas.
1772 722 1921 777 Tunc
1969 738 2131 778 cura-

536 813 697 868 batur
725 831 874 870 unus
907 834 925 870 :
953 830 1095 869 nunc
1123 828 1316 868 omnes
1346 819 1621 867 sanantur.
1652 811 1796 883 Ergo
1827 820 1881 868 et
1917 811 2009 865 illa
2033 813 2131 883 pi-

538 905 702 958 scina
732 902 787 956 in
814 902 1004 974 ﬁgura,
1038 909 1096 956 ut
1120 903 1331 968 credas,
1371 900 1497 973 quia
1518 900 1572 955 in
1592 900 1739 955 hunc
1787 900 2008 957 Fontem
2051 901 2133 957 vis

540 988 733 1044 Divina
754 989 1051 1045 descendit.
1079 989 1323 1060 Denique
1356 987 1680 1062 paralyticus
1719 987 1810 1043 ille
1839 997 2128 1060 exspecta-

540 1076 635 1133 bat
676 1077 969 1133 hominem.
1023 1078 1249 1148 Quem?
1285 1076 1391 1133 nisi
1434 1077 1587 1133 illum
1624 1076 1915 1134 Dominum
1955 1078 2141 1133 Jesum

535 1170 722 1220 natum
753 1181 817 1220 ex
844 1164 1088 1237 Virgine,
1119 1167 1276 1236 cujus
1314 1165 1544 1223 adventu
1597 1166 1710 1236 jam
1762 1180 1873 1222 non
1928 1167 2131 1223 umbra

543 1261 756 1308 sanaret
775 1253 1043 1324 singulos,
1075 1253 1169 1309 sed
1190 1255 1397 1312 veritas
1426 1252 1722 1310 universos.
1754 1274 1778 1304 ι)

619 1341 817 1397 Gratia
836 1343 952 1397 Dei.
983 1340 1203 1397 Scilicet
1237 1348 1359 1413 post
1388 1340 1605 1407 Christi,
1646 1339 1898 1398 Auctoris
1927 1340 2131 1414 gratiae,

542 1430 851 1485 adventum.

615 1518 1035 1578 Remediabant.
1069 1519 1267 1576 Eodem
1316 1534 1532 1592 quoque
1588 1519 1753 1576 verbo
1808 1518 2003 1575 Noster
2066 1520 2137 1574 ad

545 1607 778 1678 Scapul.
810 1622 861 1662 c.
900 1609 955 1674 4,
987 1605 1189 1665 utitur:
1244 1627 1266 1656 ιι
1306 1598 1501 1675 Quanti
1559 1606 1772 1662 honesti
1825 1604 1927 1661 viri
1988 1614 2077 1661 aut
2106 1622 2137 1660 a

1629 242 1720 305 AD
1756 242 2049 305 GENUINA
2085 241 2522 306 TERTULLIANI
2558 240 2774 303 OPERA

3697 233 3844 293 1228

2242 370 2545 440 imaginem
2591 373 2646 421 et
2709 373 2888 424 mm
2920 377 3017 434 per
3081 359 3323 432 ὁμοίῳσιν,
3369 358 3846 425 similitudinem,

2241 456 2489 508 reddunt.
2519 453 2660 509 Inter
2688 452 2807 507 haec
2845 452 2955 507 duo
2980 457 3183 516 autem,
3214 448 3261 502 si
3308 445 3491 503 stricte
3520 445 3671 518 loqui
3690 443 3843 502 veli-

2240 560 2383 613 mus,
2413 542 2698 599 discrimen
2720 540 3072 605 intercedere,
3107 538 3164 596 S.
3199 540 3432 609 August.
3461 535 3518 591 in
3546 536 3583 594 l.
3614 551 3852 593 Lxxxm

2238 632 2353 703 QQ.
2396 648 2451 702 q.
2485 633 2574 702 bl,
2608 629 2816 700 pridem
2865 627 3091 694 notavit,
3143 626 3391 698 inquiens
3425 646 3437 683 :
3493 644 3521 676 α
3553 625 3691 681 Sunt
3747 624 3851 696 qui

2238 734 2347 775 non
2376 720 2572 773 frustra
2607 717 2926 790 intelligant,
2960 718 3068 772 duo
3097 714 3241 771 dicta
3269 729 3406 781 esse,
3435 715 3508 770 ad
3526 713 3851 787 imaginem

2240 814 2297 866 et
2325 807 2766 865 similitudinem
2797 827 2815 863 :
2855 823 2997 873 cum,
3020 806 3066 861 si
3088 821 3197 861 una
3225 819 3315 860 res
3344 811 3503 869 esset,
3537 819 3707 858 unum
3737 819 3849 858 no-

2239 914 2363 954 men
2384 896 2635 953 sufﬁcere
2665 895 2975 968 potuisset.»
3021 893 3293 966 Imprimis
3339 901 3538 959 autem,
3562 891 3698 948 utS.
3733 893 3851 948 Th.

2239 1004 2259 1043 ι
2288 1003 2344 1059 p.
2376 1003 2431 1058 q.
2458 988 2547 1053 93,
2579 993 2678 1042 art.
2715 989 2767 1053 9,
2811 984 2863 1040 in
2893 982 2917 1058 ς
2949 984 3203 1055 explicat,
3251 1006 3278 1033 ι
3313 981 3621 1039 Similitudo
3651 980 3852 1037 consi-

2241 1077 2459 1133 deratur
2484 1084 2545 1132 ut
2592 1075 2982 1148 praeambulum
3017 1074 3087 1129 ad
3125 1072 3442 1146 imaginem,
3495 1070 3549 1127 in
3576 1080 3854 1143 quantum

2241 1172 2324 1223 est
2361 1164 2720 1232 communius,
2759 1180 2922 1238 quam
2952 1164 3151 1235 imago.
3187 1180 3214 1214 »
3247 1162 3381 1218 Nam
3412 1159 3489 1217 ait
3534 1158 3589 1214 iu
3640 1159 3741 1216 cit.
3789 1176 3848 1231 q.

2242 1271 2292 1311 a.
2326 1254 2364 1313 i.
2387 1255 2443 1310 in
2471 1254 2503 1327 ἕ
2534 1274 2558 1305 ι
2582 1253 2882 1311 Dicendum
2905 1252 3043 1309 sicut
3071 1252 3128 1308 S.
3151 1253 3292 1324 Aug.
3316 1249 3445 1306 dicit
3473 1248 3529 1304 in
3559 1250 3595 1304 l.
3614 1264 3853 1305 Lxxxm

2242 1342 2384 1413 QQ.,
2407 1362 2460 1416 q.
2482 1345 2586 1399 '74:
2626 1343 2720 1403 Ubi
2739 1348 2819 1400 est
2838 1344 3039 1416 imago,
3065 1341 3339 1400 continuo
3366 1344 3449 1396 est
3485 1339 3852 1397 similitudo:

2241 1432 2337 1488 sed
2356 1431 2452 1489 ubi
2479 1435 2561 1488 est
2586 1431 2922 1495 similitudo,
2953 1446 3068 1488 non
3098 1430 3370 1486 continuo
3399 1431 3483 1485 est
3519 1428 3735 1500 imago.
3767 1427 3852 1482 Ex

2243 1535 2349 1592 quo
2378 1527 2543 1591 patet,
2574 1521 2752 1594 pergit
2798 1519 2856 1575 S.
2880 1519 3133 1586 Thomas,
3152 1518 3298 1591 quod
3318 1515 3638 1575 similitudo
3668 1524 3760 1572 est
3782 1515 3855 1572 de

2244 1609 2449 1665 ratione
2485 1609 2775 1680 imaginis,
2812 1615 2866 1663 et
2902 1609 3088 1679 imago
3116 1606 3317 1678 aliquid
3355 1605 3500 1660 addit
3541 1620 3718 1677 supra
3745 1619 3846 1660 ra-

540 1694 845 1760 daemoniis,
888 1704 979 1751 aut
1021 1694 1419 1752 valetudinibus
1449 1693 1730 1750 remediati
1769 1700 1910 1749 sunt.
1943 1712 1971 1746 π
2004 1692 2137 1750 Vide
2171 1701 2215 1779 Β
2244 1696 2444 1753 tionem
2473 1697 2896 1770 similitudinis,
2925 1695 3129 1753 scilicet
3173 1693 3318 1766 quod
3352 1693 3424 1750 sit
3468 1710 3540 1753 ea:
3596 1693 3722 1749 alio
3752 1708 3856 1749 ex-

542 1783 785 1839 etiamin
822 1784 915 1841 lib.
953 1784 1019 1841 de
1050 1786 1315 1849 Prcescr.,
1346 1798 1396 1839 c.
1456 1786 1542 1840 38.
1597 1782 1912 1855 Quanquam
1955 1791 2136 1839 autem

541 1871 763 1927 verbum
816 1872 919 1927 hoc
982 1871 1397 1928 Ciceronianum
1483 1887 1591 1928 non
1673 1871 1767 1941 sit,
1830 1870 2139 1928 adhibuisse

543 1969 725 2015 tamen
753 1960 809 2015 id
848 1960 1088 2017 noscitur
1118 1961 1174 2019 S.
1216 1961 1433 2018 Hieron.
1469 1962 1523 2017 in
1571 1963 1694 2019 Vita
1743 1962 1967 2019 Hilarii.

615 2051 915 2123 Spiritum.
955 2049 1189 2119 Quidam
1247 2051 1432 2123 legunt
1466 2070 1479 2107 :
1532 2052 1781 2124 Spiritui
1816 2050 2138 2107 medentur.

540 2138 647 2194 Sed
676 2138 808 2211 quid
847 2147 994 2198 vetat
1020 2142 1291 2213 spiritum
1323 2140 1589 2198 retinere?
1617 2156 1742 2195 nam
1762 2148 1813 2196 et
1843 2141 2058 2196 Terent.
2082 2137 2137 2193 in

542 2227 877 2287 Phormione
915 2230 1120 2287 habet:
1160 2251 1183 2280 α
1216 2228 1389 2298 Quas,
1421 2244 1547 2286 cum
1602 2245 1692 2285 res
1729 2228 1968 2284 adversae
2006 2226 2135 2292 sint,

539 2316 722 2372 minus
749 2318 952 2371 mederi
984 2316 1171 2387 possis.
1210 2339 1235 2366 ι.

618 2406 972 2473 Ileformant.
1004 2403 1335 2473 Simpliciter
1362 2419 1461 2475 pro
1507 2406 1783 2475 formant,
1841 2413 1900 2459 ut
1936 2403 2134 2475 saepius

544 2495 859 2547 retractare
886 2507 985 2563 pro
1019 2495 1287 2562 tractare,
1320 2502 1374 2549 et
1396 2492 1515 2548 aliis
1531 2493 1796 2564 ejusmodi
1817 2494 2137 2566 compositis

542 2591 644 2648 pro
680 2578 1032 2648 simplicibus
1062 2578 1248 2638 utitur.

610 2667 963 2725 Liberabant.
994 2668 1235 2742 Singulis
1279 2669 1445 2741 igitur
1487 2670 1641 2726 annis
1687 2670 1904 2728 nonnisi
1962 2671 2132 2729 semel

537 2757 760 2828 angelus
787 2756 901 2827 ille,
940 2767 1001 2814 ut
1043 2766 1224 2814 censet
1275 2758 1659 2827 Tertullianus,
1718 2760 2123 2817 descendebat:

537 2845 719 2918 itaque
768 2862 931 2905 voces
960 2847 1079 2903 illas
1108 2849 1267 2906 Joan.
1300 2865 1349 2905 v.
1381 2851 1435 2915 3,
1456 2848 1583 2902 κατὰ
1654 2851 1833 2923 καιρὸν,
1909 2867 2117 2909 secun-

539 2934 678 2990 dum
747 2939 970 3007 tempus
997 2980 1016 3005 ,
1074 2951 1175 3008 pro
1232 2952 1406 2995 annua
1481 2938 1741 3013 temporis
1796 2940 2132 2999 revolutione

535 3021 749 3093 accipit.

601 3112 804 3169 Deleta
831 3118 1032 3185 morte,
1054 3114 1319 3186 spirituali
1339 3114 1542 3174 scilicet
1569 3118 1803 3174 animae.

601 3199 831 3256 Scilicet
858 3206 1054 3259 reatu.
1083 3205 1292 3261 Beatus
1320 3204 1591 3273 (Ciceroni
1609 3205 1795 3281 ignota
1821 3221 1944 3274 vox,
2007 3206 2119 3278 pri-

526 3304 782 3362 mumque
818 3306 851 3345 a
893 3290 1146 3359 Messala,
1177 3301 1236 3347 ut
1285 3291 1666 3366 Quintilianus,
1718 3294 1759 3350 1.
1816 3309 1941 3364 vm,
1973 3310 2023 3350 c.
2061 3298 2115 3363 3,

523 3385 769 3450 testatur,
806 3378 1086 3452 usurpata)
1137 3378 1379 3437 debitum
1433 3380 1672 3453 aliquod,
1714 3382 1875 3453 cujus
1921 3398 2117 3455 nempe

521 3467 648 3538 quis
684 3482 842 3536 reus,
873 3482 969 3524 seu
997 3469 1267 3527 obnoxius
1294 3478 1398 3543 est,
1429 3470 1739 3545 designans.
1771 3473 1820 3529 A
1848 3471 2123 3543 theologis

521 3562 709 3612 autem
737 3556 939 3627 duplex
967 3562 1163 3616 reatus
1198 3558 1458 3631 distingui
1488 3561 1645 3629 solet,
1675 3558 1881 3616 scilicet
1908 3562 2115 3633 culpae,

523 3644 592 3699 ad
621 3646 1200 3716 satisfaciendum;et
1246 3665 1451 3720 preme,
1490 3648 1556 3703 ad
1620 3649 2115 3721 satispatiendum.

529 3730 691 3788 Unde
718 3731 883 3804 vulgo
911 3731 1107 3789 dicitur
1146 3751 1160 3788 :
1191 3755 1215 3786 ι
1257 3734 1362 3804 Qui
1401 3750 1508 3792 non
1537 3736 1696 3792 habet
1748 3736 1804 3792 in
1832 3752 1941 3793 aere
1994 3736 2123 3811 (quo

524 3817 780 3872 nimirum
810 3820 1143 3888 satisfacere
1173 3822 1384 3892 possit),
1420 3823 1533 3878 luat
1561 3823 1616 3876 in
1645 3831 1791 3891 cute,
1822 3840 1926 3895 qua
1955 3825 2120 3882 satis-

525 3904 776 3973 patiatur.
812 3924 838 3955 ι)

602 3990 643 4047 Ι
662 3990 701 4047 Ι
715 3989 833 4049 59
847 3994 1043 4050 Prona.
1074 3994 1257 4052 Potest
1292 4004 1475 4053 autem
1495 3998 1692 4056 Noster
1717 4000 1804 4059 hic
1831 4001 2122 4076 dupliciter

524 4081 765 4156 intelligi,
834 4082 1040 4140 scilicet
1102 4084 1172 4141 de
1222 4091 1387 4145 reatu
1448 4105 1683 4160 paznce:
1749 4107 1856 4165 quo
1910 4094 2120 4152 sublato

524 4172 716 4244 utique
753 4172 871 4245 ipsa
908 4190 1075 4246 pazna
1129 4174 1309 4233 locum
1360 4192 1473 4233 non
1517 4181 1752 4251 amplius
1807 4181 1991 4254 habet,
2034 4184 2121 4241 vel

520 4264 669 4334 quod
697 4263 878 4319 verius
906 4263 1159 4331 arbitror,
1192 4266 1258 4321 de
1288 4271 1453 4325 reatu
1480 4270 1663 4343 culpa:
1694 4290 1713 4327 :
1765 4279 1817 4327 et
1846 4277 1972 4330 tunc
2004 4274 2120 4330 haec

2243 1799 2449 1857 pressa.
2481 1785 2663 1859 Imago
2691 1784 2834 1840 enim
2880 1782 3073 1841 dicitur
3102 1799 3171 1841 ex
3216 1797 3303 1855 eo,
3350 1780 3496 1855 quod
3532 1779 3721 1853 agitur
3783 1780 3853 1836 ad

2246 1874 2598 1931 imitationem
2637 1873 2878 1931 alterius.
2910 1874 3067 1931 Unde
3113 1887 3299 1938 ovum,
3347 1880 3853 1943 quantumcumque

2242 1964 2311 2019 sit
2338 1962 2490 2019 alteri
2518 1976 2619 2021 ovo
2674 1962 2867 2028 simile,
2924 1969 2976 2017 et
3032 1960 3256 2033 aequale,
3340 1959 3465 2032 quia
3503 1966 3687 2015 tamen
3739 1974 3853 2014 non

2246 2060 2330 2107 est
2377 2067 2688 2124 expressum
2745 2066 2809 2107 ex
2863 2050 2976 2119 illo,
3006 2066 3113 2107 non
3141 2049 3342 2105 dicitur
3385 2049 3565 2120 imago
3624 2048 3781 2118 ejus.
3816 2068 3841 2101 ι

2241 2144 2310 2198 At
2341 2155 2465 2196 vero
2488 2139 2646 2195 aliam
2674 2155 2885 2212 quoque
2922 2126 3339 2196 similitudinis.
3383 2135 3845 2209 signiﬁcationem

2241 2230 2411 2299 aperit
2437 2229 2528 2284 cit.
2562 2244 2618 2298 q.
2670 2233 2758 2294 93,
2800 2245 2851 2284 a.
2895 2231 2948 2293 9,
2993 2228 3069 2284 ita
3116 2228 3345 2298 loquens
3388 2244 3401 2281 :
3450 2226 3851 2282 Consideratur

2240 2317 2406 2373 etiam
2435 2324 2493 2373 ut
2521 2320 2859 2390 subsequens
2887 2318 2953 2372 ad
2985 2319 3293 2390 imaginem
3341 2316 3397 2372 in
3446 2324 3717 2388 quantum
3767 2317 3849 2372 si-

2241 2405 2459 2480 gniﬁcat
2513 2407 2745 2478 aliquam
2794 2407 3064 2479 imaginis
3108 2406 3548 2479 perfectionem;
3605 2404 3851 2462 dicimus

2239 2494 2379 2551 enim
2414 2494 2698 2568 imaginem
2722 2494 2948 2565 alicujus
2988 2510 3110 2552 esse
3146 2493 3398 2561 similem,
3430 2494 3518 2551 vel
3561 2509 3671 2568 non
3720 2510 3848 2552 esse

2238 2583 2471 2641 similem
2491 2558 2562 2652 ei,
2593 2586 2749 2656 cujus
2786 2558 2877 2643 est
2899 2585 3099 2659 imago.
3143 2605 3166 2635 ι
3200 2558 3393 2657 Atque
3413 2585 3492 2641 sic
3521 2558 3650 2645 053
3679 2587 3844 2643 Psal.

2238 2691 2426 2743 χχχιιι,
2459 2691 2514 2731 v.
2565 2677 2618 2744 7,
2679 2690 2778 2746 pro
2832 2677 3082 2749 imagine
3111 2672 3633 2749 quadam_fugitiva,
3665 2673 3731 2729 id
3761 2684 3843 2731 est

2236 2738 2572 2836 imperfecta,
2598 2738 2829 2823 sumitur
2851 2738 3275 2824 :Verumtdmen
3304 2738 3479 2825 D535
3490 2764 3553 2819 in
3575 2738 3840 2836 imagine

2237 2856 2555 2927 pertransit
2585 2855 2764 2914 homo.
2813 2855 2886 2910 At
2933 2868 3063 2913 vero
3085 2862 3256 2916 mm
3284 2852 3622 2921 similitudo,
3674 2852 3833 2924 apud

2235 2942 2458 2999 Graecos
2484 2944 2628 2999 sumi
2657 2945 2792 3001 solet
2818 2959 2917 3015 pro
2942 2946 3211 3016 imagine,
3249 2957 3373 3015 quae
3418 2955 3609 3016 presse
3638 2956 3711 2997 ac
3739 2957 3842 3001 ve-

2162 3027 2213 3110 c
2234 3031 2311 3088 lut
2337 3032 2408 3087 ad
2444 3049 2682 3107 unguem
2708 3032 2962 3105 exprimit
2988 3048 3144 3088 suum
3174 3040 3515 3104 prototypon.
3567 3029 3734 3087 Unde
3788 3041 3844 3088 et

2231 3120 2371 3178 Gen.
2402 3139 2454 3190 v,
2497 3136 2555 3183 v.
2584 3125 2639 3193 5,
2696 3137 2861 3180 voces
2898 3120 3002 3178 illae
3047 3120 3375 3178 adhibentur
3420 3119 3489 3175 ad
3530 3118 3835 3189 perfectam

2230 3209 2656 3281 similitudinem,
2702 3228 2827 3284 quae
2879 3213 2964 3268 est
3026 3209 3169 3267 inter
3196 3212 3435 3284 _Patrem
3488 3214 3544 3264 et
3582 3208 3828 3275 Filium,

2222 3299 2626 3371 exprimendam
2642 3276 2664 3360 ἐ
2695 3276 2873 3359 ddum
2899 3302 3095 3374 genuit
3119 3276 3316 3362 173533
3343 3306 3582 3360 1mm:
3598 3298 3676 3354 ad
3694 3302 3839 3355 ima-

2222 3389 2413 3458 ginem
2440 3396 2497 3447 et
2544 3391 2985 3450 similitudinem
3029 3407 3214 3459 suam,
3262 3391 3590 3461 vocavitque
3624 3404 3837 3448 nomen

2226 3479 2349 3549 ejus
2379 3478 2531 3537 Seth.

2306 3574 2399 3628 Est
2419 3568 2583 3642 igitur
2615 3569 2779 3626 homo
2808 3566 2982 3624 factus
3028 3568 3452 3641 adimaginem,
3509 3580 3621 3623 non
3648 3566 3837 3641 quoad

2226 3675 2430 3734 corpus
2453 3658 2578 3729 aloe
2603 3658 2749 3713 enim
2776 3670 3064 3713 commune
3088 3656 3251 3713 habet
3288 3671 3414 3714 cum
3449 3654 3575 3712 aliis
3602 3655 3825 3712 anima-

2226 3748 2392 3819 libus,
2422 3762 2545 3818 quae
2572 3751 2752 3801 tamen
2781 3759 2888 3803 non
2915 3744 2988 3801 ad
3020 3745 3295 3817 imginem
3322 3744 3421 3801 Dei
3445 3750 3629 3802 creata
3647 3747 3833 3816 sunt),

2226 3835 2324 3893 sed
2356 3842 2616 3908 quantum
2643 3834 2710 3890 ad
2746 3836 3024 3902 animum,
3056 3849 3177 3907 quae
3214 3837 3408 3893 natura
3431 3848 3531 3889 sua
3581 3841 3664 3890 est
3711 3838 3835 3908 spi-

2228 3924 3428 3997 ritualis,simplex,immortalis,intellectu
3446 3924 3832 3989 etvoluntate,

2228 4016 2461 4087 ejusque
2502 4014 2763 4072 libertate
2800 4014 3032 4084 pollens,
3083 4021 3189 4071 etc.
3231 4014 3413 4088 Itaque
3456 4010 3637 4068 anima
3677 4013 3832 4070 attri-

2227 4105 2354 4160 buta
2403 4101 2501 4160 Dei
2552 4103 2608 4158 in
2661 4118 2741 4171 se,
2792 4102 2938 4162 velut
2964 4103 3182 4174 speculo
3218 4101 3475 4176 quodam,
3530 4100 3838 4159 relucentia

2226 4192 2458 4251 exhibet.
2492 4192 2647 4250 Unde
2677 4193 2737 4249 S.
2766 4191 2938 4264 Aug.,
2962 4192 3005 4247 l.
3028 4207 3090 4260 ιι,
3125 4192 3193 4250 de
3224 4193 3358 4249 Gen.
3390 4191 3515 4249 adv.
3539 4191 3760 4248 Mane.
3779 4192 3834 4256 '7,

2226 4283 2451 4355 pulchre
2479 4283 2766 4340 observat:
2803 4301 2829 4334 α
2878 4282 3012 4338 Cum
3062 4280 3218 4337 ﬁnxit
3254 4276 3403 4337 Deus
3456 4279 3743 4338 hominem
3770 4280 3839 4335 de

523 4351 789 4444 sententia
833 4368 1181 4444 nequaquam
1222 4358 1548 4429 generaliter
1590 4359 1939 4435 intelligenda
1986 4362 2114 4431 erit;
2152 4351 2353 4441 mimo
2387 4381 2875 4444 terrm’propwrea
2895 4385 3005 4427 non
3045 4370 3288 4428 additum
3322 4385 3464 4440 esse,
3511 4368 3581 4424 ad
3625 4368 3832 4441 iungi-

524 4456 645 4496 cum
674 4441 814 4496 inter
842 4443 1130 4514 theologos
1152 4461 1338 4504 omnes
1360 4457 1565 4504 certum
1594 4449 1684 4520 sit,
1711 4466 1809 4521 per
1833 4453 2115 4525 paeniten-

525 4532 670 4585 tiam
725 4529 897 4587 deleta
949 4532 1109 4603 culpa
1175 4536 1386 4592 mortali
1433 4537 1782 4594 nihilominus
1838 4557 2116 4598 remanere

523 4622 749 4676 reatum
769 4636 994 4691 parum;
1021 4629 1279 4691 attamen,
1310 4640 1434 4681 cum
1481 4636 1634 4683 antea
1656 4631 1875 4689 aeterna
1905 4631 2113 4699 fuisset,

517 4709 734 4765 nonnisi
791 4714 1185 4784 temporaliter
1240 4714 1293 4769 in
1348 4716 1657 4790 purgatorio
1713 4720 2110 4790 persolvendze.

517 4798 627 4854 Uni
684 4810 858 4856 autem
906 4802 1177 4873 baptismo
1220 4807 1494 4875 proprium
1550 4815 1650 4879 est,
1698 4808 1843 4880 quod
1907 4810 2116 4867 sublato

516 4902 621 4956 per
646 4889 896 4943 eumdem
922 4895 1085 4946 reatu
1106 4893 1284 4949 omnis
1320 4895 1505 4967 culpa:
1535 4898 1920 4966 antecedentis,
1953 4900 2113 4956 simul

519 4973 697 5028 omnis
734 4980 927 5031 reatus
961 4993 1144 5047 paena:
1171 4978 1462 5040 auferatur.

589 5060 671 5115 Ad
698 5061 1002 5132 imaginem
1023 5065 1143 5123 Dei.
1175 5066 1385 5123 Alludit
1415 5069 1461 5125 si
1475 5087 1542 5127 ne
1576 5070 1744 5129 dubio
1772 5071 1839 5127 ad
1861 5072 1935 5140 id,
1968 5073 2116 5147 quod

517 5148 665 5225 Deus
692 5148 831 5206 Gen.
892 5163 931 5217 ι,
988 5157 1169 5225 v.26,
1221 5155 1355 5212 dixit
1402 5175 1415 5211 :
1486 5161 1780 5218 Faciamus
1832 5162 2115 5222 hominem

513 5220 744 5301 111352:
755 5238 829 5296 ad
842 5220 1164 5312 imaginem.
1179 5249 1519 5317 nostram,et
1537 5256 1803 5311 tamn-ra
1912 5220 2119 5317 ,ςίνηίιίζ

508 5330 769 5390 tudinem
787 5333 1212 5389 nostram—Et
1231 5315 1598 5395 creavitvDeus
1622 5338 1904 5395 hominem
1919 5315 2114 5404 πωθιξι

500 5419 576 5477 ad
602 5420 914 5494 imaginem
932 5436 1118 5490 suam,
1144 5404 1319 5482 n'm:
1338 5422 1411 5480 ad
1440 5427 1749 5496 imaginem
1775 5430 1874 5487 Dei
1900 5433 2113 5488 creavit

498 5508 693 5570 illum.
738 5512 845 5570 Ubi
872 5528 1063 5572 omnes
1101 5510 1424 5585 interpretes
1474 5494 1653 5575 Graeci
1679 5494 1805 5583 D5}:
1833 5537 1932 5595 per
1961 5523 2117 5579 εἰκόνα

2226 4479 2352 4521 nem
2383 4470 2438 4520 et
2467 4460 2875 4519 similitudinem
2906 4477 3086 4531 suam,
3117 4460 3371 4533 quoniam
3399 4475 3542 4516 nunc
3567 4457 3638 4514 de
3688 4475 3828 4517 cor-

2226 4556 2381 4627 poris
2423 4551 2742 4609 formatione
2783 4550 2999 4607 dicitur.
3045 4551 3197 4606 Tunc
3235 4557 3416 4607 autem
3468 4550 3632 4605 homo
3686 4548 3838 4604 inte-

2226 4643 2338 4699 rior
2367 4641 2425 4713 (i.
2452 4657 2502 4700 e.
2547 4642 2745 4698 anima
2772 4655 2899 4713 qua:
2944 4640 3081 4697 intra
3108 4654 3303 4711 corpus
3331 4640 3441 4711 est)
3472 4634 3838 4711 signiﬁcaba-

2228 4736 2335 4795 tur,
2366 4729 2585 4800 quando
2616 4728 2818 4784 dictum
2861 4736 2987 4784 est:
3034 4727 3181 4785 Fecit
3224 4729 3369 4784 Deus
3425 4727 3707 4785 hominem
3763 4727 3839 4782 ad

2223 4817 2517 4892 imaginem
2544 4826 2598 4873 et
2630 4816 3040 4873 similitudinem
3068 4817 3189 4873 Dei.
3225 4837 3249 4867 ι

2292 4907 2470 4979 Atque
2497 4906 2616 4962 haec
2658 4907 2976 4965 similitudo
3019 4912 3105 4963 est
3146 4905 3296 4965 velut
3348 4905 3619 4979 imaginis
3679 4904 3839 4962 illius

2219 4994 2486 5069 perfectio
2524 5004 2576 5050 et
2603 4994 3093 5065 complementum;
3133 4995 3390 5066 quoniam
3419 5009 3527 5051 non
3564 4993 3671 5049 Dei
3705 5009 3839 5064 per-

2220 5082 2486 5139 fectiones
2524 5080 2799 5148 duntaxat,
2857 5082 2952 5139 sed
3008 5082 3129 5154 ipsa
3186 5097 3399 5155 quoque
3446 5082 3593 5139 velut
3633 5081 3842 5137 ultima

2222 5171 2534 5230 earumdem
2604 5170 2923 5228 lineamenta
2976 5170 3242 5244 exprimit,
3310 5170 3592 5243 ipsiusque
3663 5171 3843 5229 etiam

2218 5262 2320 5321 SS.
2350 5261 2623 5319 Trinitatis
2656 5261 2965 5336 symbolum
3011 5260 3284 5335 quoddam
3330 5260 3559 5329 exsistit,
3604 5267 3668 5316 ut
3709 5262 3840 5318 ele-

2219 5360 2413 5428 ganter
2449 5354 2677 5426 explicat
2706 5354 2901 5410 author
2926 5352 3076 5409 Libri
3123 5349 3189 5407 de
3222 5351 3514 5423 Dignitate
3552 5349 3841 5415 hominis,

2220 5459 2269 5503 c.
2301 5446 2355 5512 2,
2386 5443 2479 5517 qui
2498 5444 2631 5500 alias
2650 5443 2709 5503 S.
2744 5441 3027 5501 Ambrosio
3059 5440 3358 5513 adscriptus
3398 5439 3521 5500 fuit.
3568 5439 3666 5495 Ait
3724 5456 3839 5497 au-

2222 5544 2363 5592 tem:
2404 5554 2428 5588 ι
2460 5533 2615 5591 Sicut
2661 5548 2727 5591 ex
2755 5532 2910 5589 Patre
2938 5537 3226 5605 generatur
3255 5528 3444 5601 Filius,
3476 5536 3529 5587 et
3561 5544 3632 5587 ex
3662 5528 3839 5587 Patre
