4050 6168
367 279 504 342 1229
1179 283 1516 349 APPENDIX
1554 284 1619 344 ν.
1656 312 1730 331 -
1762 285 1830 345 ι).
1887 284 2273 350 CORBINIANI
2310 283 2554 345 raouls
2590 258 2830 347 AbNor.
3512 296 3656 358 1220

360 406 604 480 Filioque
625 406 862 479 procedit
889 408 1119 481 Spiritus
1147 411 1227 476 S.,
1262 411 1338 466 ita
1356 428 1422 468 ex
1449 412 1751 469 intellectu
1774 428 1944 484 gene-
1992 461 2033 487 _
2057 413 2295 470 litteram
2323 415 2387 469 in
2415 428 2584 470 nares
2613 415 2755 484 ejus,
2788 426 2891 469 ceu
2911 413 3240 486 praecipuum
3279 418 3654 487 respirationis

362 461 532 553 ratur]
557 461 837 563 voluntas,
888 461 955 553 etr
978 514 1045 556 ex
1086 500 1176 556 his
1220 500 1347 557 item
1385 502 1652 558 ambobus
1699 461 1943 573 prgcedit
1989 461 2723 578 .organumﬂallnﬁnim
2742 461 3109 574 spiragulum
3137 461 3579 578 vitae,etrfactus
3596 526 3652 567 es

359 587 655 652 memoria,
691 604 714 636 ι
745 592 849 642 etc.
880 585 985 642 Sed
1033 587 1161 659 quid
1202 587 1519 660 praeclarius
1549 572 1780 647 ιιεὶθ
1811 590 1936 659 illo,
2058 572 2218 649 homo
2249 599 2356 650 mn
2381 572 2549 655 ωε)ιὸ
2578 592 2642 644 in
2689 572 2946 648 animam
2997 594 3301 651 viventem.
3354 572 3525 653 Porro
3555 613 3653 669 per

359 674 502 745 quod
529 673 586 733 S.
618 674 764 747 Aug.
804 674 840 728 l.
873 689 981 729 xm
1027 676 1186 747 Conf.
1219 692 1272 733 c.
1302 680 1355 741 2,
1397 677 1610 734 habet?
1642 699 1669 733 α
1702 679 1942 736 Trinita-
2058 684 2312 739 animam
2340 682 2620 736 viventem
2648 677 2946 735 litteraliter
2973 680 3289 755 intelligitur
3309 684 3430 741 vita
3458 702 3648 759 corpo-

359 768 467 817 tem
496 761 590 828 ait,
630 760 1065 835 Omnipotentcm
1096 764 1219 836 quis
1251 764 1549 837 intelligit?
1576 767 1645 821 Et
1680 768 1802 837 quis
1838 783 1945 824 non
2056 772 2137 827 ris
2165 790 2184 827 :
2214 778 2269 826 at
2314 770 2530 841 quidam
2582 784 2646 822 ex
2694 766 2794 823 SS.
2834 769 3081 826 Patribus
3121 770 3174 826 in
3217 788 3378 829 sensu
3427 776 3654 847 mystico

358 851 595 923 loquitur
619 864 735 906 eam
756 892 770 917 ,
802 850 847 904 si
877 859 1055 906 tamen
1084 852 1338 926 intelligit
1366 856 1527 910 eam?
1555 855 1699 911 Rara
1726 857 1941 926 anima,
2055 860 2123 915 de
2150 860 2259 916 vita
2303 858 2517 922 animae,
2553 872 2673 929 quae
2719 864 2801 911 est
2846 858 3025 928 gratia
3063 859 3425 929 sanctiﬁcans,
3478 879 3655 936 expo-

359 954 498 1011 qutc,
532 954 654 994 cum
699 937 769 994 de
813 937 906 993 illa
950 939 1206 1012 loquitur,
1239 942 1368 999 sciat
1407 942 1534 1013 quid
1580 943 1845 1016 loquatur.
1876 974 1945 988 --
2055 958 2208 1013 nunt,
2239 956 2299 1004 ut
2327 949 2381 1004 S.
2425 945 2613 1001 Ambr.
2646 944 2702 1000 in
2729 945 2771 1001 l.
2810 947 2877 1002 de
2921 948 3216 1013 Paradiso,
3249 965 3297 1006 c.
3345 954 3378 1006 5
3412 969 3427 1007 :
3464 972 3488 1003 ε
3522 953 3649 1007 Erat

360 1028 563 1083 Vellem
593 1035 649 1082 ut
677 1028 792 1083 haec
840 1026 939 1082 tria
965 1029 1262 1100 cogitarent
1303 1030 1359 1085 in
1387 1047 1447 1089 se
1483 1031 1775 1100 homines,
1809 1051 1941 1105 esse,
2054 1048 2233 1095 autem
2288 1038 2416 1103 vita,
2477 1035 2619 1091 sicut
2670 1035 2964 1105 Apostolus
3031 1037 3235 1094 Coloss.
3295 1054 3352 1095 γ.
3386 1039 3443 1110 3)
3496 1040 3650 1107 dixit,

358 1133 538 1186 nosse,
568 1116 733 1173 velle.
762 1117 906 1172 Sum
926 1117 1071 1173 enim
1090 1126 1145 1173 et
1172 1121 1304 1177 novi
1332 1128 1386 1176 et
1411 1122 1735 1191 volo;sum,
1765 1126 1952 1181 sciens
2059 1126 2371 1184 abscondita
2417 1140 2541 1181 cum
2591 1122 2802 1179 Christo
2844 1124 2901 1179 in
2943 1125 3080 1182 Deo.
3131 1127 3302 1183 llomo
3360 1143 3497 1202 ergo
3537 1129 3655 1188 sive

358 1213 412 1262 et
446 1206 639 1263 volens
668 1225 684 1260 .·
715 1214 767 1262 et
795 1207 909 1265 scio
937 1222 1025 1262 me
1054 1222 1189 1278 esse,
1223 1216 1277 1266 et
1304 1210 1447 1269 velle
1477 1217 1537 1266 ut
1566 1210 1670 1267 sim
1702 1228 1716 1267 :
1748 1225 1805 1269 et
1831 1214 1952 1271 volo
2057 1215 2115 1273 in
2143 1215 2336 1272 umbra
2362 1216 2500 1273 vitae
2535 1222 2669 1283 erat,
2700 1221 2922 1286 prOpter
2948 1213 3176 1286 ﬁguram
3206 1219 3488 1287 futuram,
3520 1225 3648 1284 etc.,

354 1310 498 1367 esse,
531 1299 586 1351 et
615 1295 779 1352 scire.
815 1313 840 1345 ι
873 1295 1054 1351 Aurea
1078 1295 1385 1355 confessio!
2059 1306 2170 1364 sive
2200 1306 2257 1361 in
2285 1303 2523 1377 quodam
2549 1302 2778 1375 pignore
2814 1304 2949 1361 vitae
2985 1311 3120 1374 erat,
3151 1304 3280 1376 quia
3308 1306 3541 1363 habebat
3569 1308 3657 1363 in-

430 1383 531 1439 Est
575 1391 755 1440 autem
804 1391 860 1440 et
908 1383 1017 1441 alia
1062 1386 1245 1459 imago
1286 1387 1390 1445 Dei
1434 1387 1489 1442 in
1535 1387 1734 1456 anima,
1782 1406 1952 1462 eaque
2059 1396 2460 1467 sufflationem
2486 1393 2603 1460 Dei,
2635 1399 2740 1449 etc.

354 1473 535 1563 longe,
565 1472 939 1563 Aescellentior
961 1513 977 1543 ,
1008 1473 1167 1563 Aquia
1225 1477 1440 1547 penitus
1504 1478 1946 1550 supernaturalis,
2576 1535 2723 1563 Amm
2756 1534 2824 1563 Μ,
2866 1538 3033 1563 MM;
3072 1535 3111 1563 π

355 1534 739 1636 quavvidelicet
764 1561 884 1617 Deo
913 1534 1084 1619 multo
1112 1534 1427 1633 perfectius,
1466 1534 1627 1638 quain
1664 1582 1762 1636 per
1796 1534 1952 1624 dotes
2566 1535 2723 1591 Νθίίε
2752 1534 2824 1591 ad
2861 1538 3033 1606 caput
3072 1535 3150 1591 VI-

359 1651 517 1710 nobis
546 1652 895 1710 naturaliter
923 1650 1215 1724 ingenitas,
1247 1655 1771 1728 appropinquamus,
1804 1654 1950 1712 scili-
2135 1657 2243 1717 Sub
2271 1656 2737 1729 angelo.Innuere
2755 1653 2973 1712 videtur
2999 1658 3337 1716 ministrum
3365 1658 3648 1734 baptismi,

361 1750 447 1799 cet
487 1741 659 1815 gratia
703 1739 1045 1798 sanctiﬁcans
1067 1783 1082 1811 ,
1123 1759 1245 1815 quae
1269 1785 1287 1814 ,
1335 1746 1400 1800 ut
1434 1743 1740 1801 scholastici
1784 1745 1954 1801 nostri
2001 1789 2043 1822 ε,
2062 1747 2306 1804 alludens
2325 1746 2393 1802 ad
2412 1744 2664 1818 angelum
2691 1743 2841 1800 illum
2861 1742 2915 1798 in
2935 1746 3160 1817 piscina
3186 1747 3503 1818 Bethsaida,
3532 1763 3650 1822 cap.

364 1789 678 1901 ostenndupt,
700 1836 784 1886 est
802 1789 1443 1904 formalis1pa1rticipatio
1462 1834 1675 1890 divina:
1695 1837 1955 1892 essentia:
2000 1789 2045 1869 Β
2064 1836 2294 1909 praeced.

362 1920 686 1987 et:naturce,
702 1934 799 1991 per
821 1934 982 1990 quam
1002 1919 1116 1988 ﬁlii
1134 1922 1235 1979 Dei
1254 1924 1641 1995 nominamur,
1658 1926 1716 1981 et
1732 1939 1953 1993 sumus,-
2136 1929 2560 1998 Prceparamur.
2593 1921 2680 1977 An
2710 1936 2820 1977 non
2857 1927 3039 1978 autem
3078 1921 3239 2001 paulg
3267 1928 3394 1981 ante
3422 1924 3652 1994 dixerat,

364 2014 630 2076 praeterea
676 2010 855 2065 autem
900 2004 1009 2062 ﬁde
1055 2006 1360 2066 intellectus
1409 2018 1594 2068 noster
1639 2012 1948 2083 cognoscit,
2065 2017 2315 2087 recipere
2343 2027 2447 2069 nos
2485 2027 2582 2083 per
2608 2010 2936 2081 baptismum
2968 2011 3249 2083 Spiritum
3278 2012 3335 2068 S.
3366 2028 3526 2086 quem
3549 2031 3655 2088 per

359 2101 415 2149 et
450 2109 611 2161 eum,
656 2096 725 2151 ad
752 2112 914 2169 quem
944 2115 1043 2172 spe
1072 2098 1281 2169 tendit,
1341 2099 1602 2157 charitate
1632 2101 1954 2174 complecti-
2065 2107 2363 2178 peccatum
2407 2099 2806 2155 amiseramus?
2845 2097 3043 2155 Verum
3090 2098 3182 2154 hic
3231 2099 3423 2157 sedulo
3457 2109 3657 2159 notan-

360 2188 468 2240 tur.
500 2182 683 2254 Atque
727 2184 796 2240 de
842 2186 943 2244 hac
972 2188 1216 2261 imagine
1257 2186 1646 2260 intelligendus
1683 2197 1763 2248 est
1798 2192 1949 2262 Apo-
2065 2193 2219 2259 dum,
2262 2190 2318 2244 in
2355 2190 2413 2245 S.
2471 2188 2749 2260 Scriptura
2794 2201 2940 2257 saepe
2989 2186 3129 2242 inter
3175 2188 3459 2259 Spiritum
3499 2192 3556 2248 S.
3604 2199 3659 2247 et

363 2270 532 2328 stolus
557 2270 628 2326 ad
654 2269 863 2329 Coloss.
884 2290 965 2342 ιιι,
989 2292 1046 2332 v.
1078 2279 1111 2331 9
1142 2284 1195 2333 et
1223 2291 1340 2348 seq.
1365 2277 1555 2334 dicens
1579 2296 1591 2335 :
1616 2279 1954 2351 Exspctianr
2073 2279 2333 2338 Gratiam
2359 2275 2780 2332 sanctiﬁcantem
2802 2314 2818 2345 ,
2858 2290 3022 2346 quam
3052 2291 3146 2345 per
3173 2284 3455 2346 peccatum
3485 2279 3655 2335 amis-

365 2363 446 2417 tes
474 2377 565 2419 vos
584 2366 828 2419 veterem
857 2363 1143 2421 hominem
1171 2382 1304 2423 cum
1341 2366 1562 2423 actibus
1589 2367 1734 2431 suis,
1765 2372 1823 2424 et
1853 2368 1949 2423 in-
2065 2383 2179 2424 sam
2210 2367 2265 2421 in
2306 2363 2573 2435 baptismo
2620 2362 2934 2432 recipimus,
2968 2361 3247 2436 distingui.
3297 2365 3517 2422 Certum
3544 2369 3653 2422 im-

364 2449 599 2506 duentes
626 2464 861 2516 novum,
894 2467 1025 2508 eum
1044 2452 1141 2524 qui
1161 2458 1470 2510 renovatur
1497 2456 1561 2510 in
1585 2456 1958 2525 agnitionem,
2063 2454 2256 2528 primis
2301 2460 2383 2510 est
2436 2450 2713 2523 apostolos
2766 2458 2888 2506 ante
2938 2449 3081 2504 diem
3138 2454 3493 2511 Pcntecostes
3538 2457 3655 2526 jam

364 2537 670 2596 secundum
689 2538 999 2610 imaginem
1017 2541 1158 2611 ejus,
1180 2541 1276 2613 qui
1290 2543 1505 2598 creavit
1528 2558 1682 2599 eum.
1704 2542 1870 2600 Porro
1890 2544 1960 2599 de
2064 2542 2382 2616 baptizatos,
2439 2548 2533 2596 aut
2583 2548 2726 2597 certe
2778 2538 2988 2594 aliunde
3030 2539 3259 2609 Spiritus
3315 2542 3373 2598 S.
3432 2544 3653 2615 gratiam

362 2633 594 2699 utraque
651 2627 883 2700 imagine
945 2629 1170 2700 pulchre
1233 2628 1565 2703 capioseque
1629 2629 1847 2688 disserit
1895 2633 1956 2690 S.
2064 2640 2380 2691 consecutos
2436 2628 2602 2685 fuisse
2659 2649 2672 2685 :
2728 2624 2943 2683 1191
2990 2634 3046 2682 et
3090 2635 3271 2684 tamen
3319 2631 3550 2701 primum
3590 2634 3651 2690 in

361 2715 619 2776 Ambros.
649 2715 687 2772 1.
720 2730 780 2772 v1
809 2719 1103 2785 Hexaem.,
1148 2733 1198 2775 c.
1229 2721 1284 2774 8.
2068 2721 2157 2778 die
2197 2721 2542 2776 Pentecostes
2568 2716 2639 2773 de
2679 2714 2807 2779 illis,
2836 2717 2956 2770 Act.
2994 2729 3058 2784 ιι,
3086 2732 3148 2771 v.
3190 2720 3245 2782 4,
3276 2718 3469 2775 dicitur
3498 2738 3511 2777 :
3544 2725 3651 2780 Re-

432 2804 682 2878 Denique
730 2821 859 2862 vero
915 2808 1080 2863 homo
1135 2805 1487 2878 singulariter
1541 2807 1716 2864 factus
1763 2815 1850 2864 est
1889 2809 1958 2865 ad
2065 2811 2208 2885 pleti
2234 2814 2374 2866 sunt
2400 2822 2590 2864 omnes
2618 2805 2840 2877 Spiritu
2868 2808 3085 2868 sancto,
3111 2808 3170 2859 et
3195 2812 3489 2878 coeperunt
3513 2811 3666 2883 loqui

363 2893 673 2969 imaginem,
720 2893 920 2951 Christi
969 2894 1251 2967 nimirum,
1288 2894 1404 2966 qui,
1451 2902 1511 2951 ut
1546 2894 1605 2951 S.
1645 2896 1897 2964 Thomas,
1938 2911 1959 2951 1
2065 2902 2238 2956 variis
2289 2899 2495 2970 linguis
2518 2897 2688 2968 prout
2718 2893 2969 2967 Spiritus
2993 2897 3232 2950 sanctus
3259 2895 3431 2951 dabat
3478 2901 3665 2974 eloqui

363 3008 445 3061 p.,
478 3006 535 3061 q.
568 2991 659 3054 93,
701 3005 750 3044 a.
804 2992 830 3042 1
874 2987 942 3042 ad
982 2990 1015 3043 2
1060 2991 1257 3041 notat:
1310 2984 1727 3055 Primogenitus
1773 2988 1960 3043 omnis
2067 2989 2204 3045 illis.
2252 2985 2460 3044 Deinde
2506 2983 2625 3040 Act.
2660 2998 2717 3051 ν,
2764 2984 2835 3037 14
2869 2990 2919 3037 et
2958 2997 3078 3054 seq.
3119 3001 3133 3039 :
3169 2983 3318 3040 Cum
3367 2986 3664 3045 audissent

365 3080 646 3135 creatura:
670 3079 756 3134 est
795 3076 979 3148 imago
1008 3075 1108 3133 Dei
1131 3074 1421 3147 perfecta,
1454 3072 1696 3145 perfecte
1724 3073 1961 3147 impleas
1997 3077 2327 3193 capostoli,
2364 3076 2459 3148 qui
2504 3077 2669 3131 erant
2707 3070 3119 3142 Hierosolymis,
3168 3073 3318 3144 quod
3365 3077 3666 3147 recepisset

365 3166 515 3193 ιιι...-
592 3167 743 3193 ..ηεηη
799 3164 975 3193 ἔρνη-Α
1018 3169 1097 3193 no.
1137 3179 1151 3193 .
1212 3165 1374 3193 "mn
1445 3176 1551 3193 nnn
1598 3161 1784 3193 summa
1824 3163 1936 3193 nan
2078 3168 2328 3193 o-......:-
2368 3165 2592 3193 ......t......
2644 3163 2733 3193 nnc.
2784 3164 3068 3193 ,Μέροαηιωι
3099 3163 3170 3193 ιιι]
3218 3179 3304 3193 Mm
3351 3166 3575 3193 n-¢.......
3617 3173 3665 3193 -.ι

365 3166 540 3234 illum,
589 3167 746 3236 cujus
797 3164 978 3238 imago
1017 3169 1102 3220 est
1136 3179 1151 3218 :
1203 3165 1394 3229 Homo,
1444 3176 1555 3217 non
1597 3161 1788 3217 similis
1823 3163 1957 3232 Deo,
1999 3161 2045 3193 ν
2070 3168 2333 3226 Samaria
2368 3165 2597 3223 verbum
2635 3163 2752 3230 Dei,
2784 3164 3069 3219 miserunt
3097 3163 3170 3218 ad
3213 3179 3304 3220 eos
3342 3166 3579 3222 Petrum
3610 3173 3667 3225 et

366 3254 464 3313 sed
492 3255 608 3325 ipse
642 3256 827 3323 Deus;
875 3263 932 3310 et
977 3252 1100 3311 ideo
1129 3249 1326 3308 dicitur
1352 3254 1559 3324 imago,
1590 3258 1646 3307 et
1680 3267 1956 3323 nunquam
2067 3259 2366 3315 Joannem.
2405 3255 2509 3322 Qui
2538 3268 2669 3309 cum
2692 3251 3003 3316 venissent,
3035 3256 3351 3309 oraverunt
3372 3268 3479 3325 pro
3505 3256 3662 3328 ipsis,

364 3344 441 3401 ad
478 3345 806 3418 imaginem.
844 3341 983 3398 Nam
1024 3340 1321 3414 Apostolus
1348 3340 1417 3396 ad
1452 3342 1614 3398 Rom.
1653 3354 1779 3407 VIII,
1811 3355 1864 3396 νο
1890 3342 1957 3396 29
2067 3351 2139 3403 ut
2160 3346 2485 3416 acciperent
2508 3342 2789 3414 Spiritum
2807 3343 3100 3405 sanctum,
3132 3340 3394 3398 nondum
3419 3344 3577 3400 enim
3605 3346 3667 3399 in

370 3433 450 3490 ait
476 3450 492 3489 :
520 3436 618 3491 Eos
664 3438 892 3499 autem,
924 3448 1055 3505 quos
1094 3432 1383 3504 praescivit
1413 3433 1470 3485 et
1505 3428 1954 3501 praedestinavit,
2068 3448 2406 3509 quamquam
2435 3434 2689 3503 ipsorum
2725 3432 2977 3495 venerat,
2999 3428 3094 3483 sed
3124 3428 3403 3503 baptizati
3436 3436 3668 3488 tantum

369 3523 684 3592 conformes
723 3522 854 3591 ﬁeri
890 3519 1140 3593 imaginis
1168 3520 1304 3576 Filii
1348 3519 1459 3575 δαί·
1504 3519 1752 3590 Itemque
1778 3519 1802 3573 Ι
1828 3518 1957 3574 (ἔστι
2070 3529 2239 3582 erant
2266 3525 2331 3580 in
2366 3522 2599 3578 nomine
2630 3518 2877 3576 Domini.
2908 3516 3168 3586 Baptizati
3197 3533 3330 3590 ergo
3359 3527 3529 3586 erant,
3558 3528 3613 3576 et
3637 3537 3667 3575 a

362 3624 476 3677 xv,
507 3627 562 3666 ν.
592 3612 680 3678 49,
703 3611 777 3668 ita
801 3608 1042 3682 loquitur
1073 3627 1087 3664 :
1117 3610 1278 3666 Sicut
1293 3609 1647 3682 portavimus
1666 3606 1960 3680 imaginem
2071 3611 2303 3684 peccatis
2324 3612 2436 3667 suis
2447 3607 2883 3683 perbaptismum
2906 3606 3204 3673 emundati,
3224 3606 3671 3681 utiquegratiam

373 3702 592 3760 terreni
629 3700 869 3771 (Adam),
908 3702 1198 3772 portemus
1235 3703 1291 3757 et
1345 3700 1653 3771 imaginem
1699 3697 1958 3764 caelestis,
2070 3700 2304 3773 Spiritus
2357 3700 2414 3756 S.
2474 3695 2798 3753 viviﬁcantis
2842 3695 3157 3766 habebant;
3209 3695 3451 3752 nondum
3494 3706 3670 3754 autem

367 3789 568 3847 Christi
588 3788 867 3857 videlicet,
895 3804 1058 3860 quem
1086 3802 1213 3846 mox
1257 3794 1413 3844 antea
1444 3805 1500 3846 ν.
1531 3789 1600 3844 49
1629 3787 1839 3845 dixerat
1862 3803 1963 3844 no-
2070 3790 2329 3863 Spiritum
2356 3796 2601 3845 sanctum
2639 3785 2896 3840 habuisse
2923 3783 3194 3840 dicuntur.
3239 3786 3390 3842 Tunc
3415 3786 3670 3861 impone-

369 3881 668 3937 vtssimum
696 3878 878 3935 Adam
906 3881 970 3935 in
990 3879 1274 3950 Spiritum
1296 3878 1698 3947 viviﬁcantem.
1715 3876 1805 3934 Sic
1827 3891 1962 3947 ergo
2070 3883 2206 3939 bant
2226 3894 2436 3935 manus
2455 3893 2622 3949 super
2641 3874 2772 3933 illos
2791 3876 2849 3931 et
2864 3873 3219 3946 accipiebant
3235 3874 3517 3946 Spiritum
3531 3892 3668 3932 san-

374 3983 474 4039 per
500 3969 848 4040 baptismum
874 3967 946 4022 ad
981 3967 1296 4037 imaginem
1323 3966 1422 4023 Dei
1450 3966 1751 4022 restituitur
1778 3965 1960 4032 homo,
2074 3974 2251 4027 ctum.
2293 3965 2543 4040 Apostoli
2573 3964 2738 4038 igitur
2766 3963 2821 4017 in
2850 3961 2938 4018 die
2968 3963 3317 4019 Pentecostes
3348 3972 3673 4034 acceperunt

368 4073 481 4114 non
512 4057 843 4114 naturalem
872 4055 1017 4112 illam
1056 4058 1235 4127 (quam
1268 4070 1368 4127 per
1398 4061 1677 4125 peccatum
1706 4054 1758 4109 in
1788 4055 1965 4109 Adam
2072 4059 2334 4130 Spiritum
2376 4062 2623 4112 sanctum
2655 4068 2764 4108 non
2797 4050 3314 4125 quomodocunque,
3358 4051 3453 4107 sed
3483 4052 3672 4125 pleni-

368 4144 613 4201 amitlere
662 4160 775 4201 non
821 4144 1012 4216 potuit)
1045 4143 1142 4200 sed
1182 4143 1688 4216 supernaturalem
1731 4144 1963 4215 Gratias,
2078 4149 2339 4204 tudinem
2368 4146 2510 4214 ejus,
2558 4157 2680 4213 quae
2709 4155 2819 4197 non
2862 4139 3033 4195 solam
3070 4138 3370 4193 inundabat
3413 4139 3670 4203 animam,

367 4250 533 4306 quam
567 4250 663 4307 per
689 4237 985 4306 peccatum
1010 4232 1204 4289 Adami
1230 4231 1552 4303 deperdidit.
2077 4235 2172 4291 sed
2201 4235 2260 4289 in
2289 4248 2486 4303 corpus
2531 4230 2705 4300 ipsum
2754 4243 2848 4295 per
2885 4234 3031 4282 certa
3058 4226 3307 4296 quaedam
3340 4224 3496 4295 signa
3536 4226 3674 4283 visi-

442 4325 863 4381 In‘wternitate
885 4326 1170 4381 censetur.
1190 4322 1377 4394 Imago
1398 4320 1495 4376 Dei
1516 4320 1765 4377 hamines
1783 4335 1969 4376 sumus
2076 4324 2207 4381 bilia
2235 4320 2616 4379 redundabat:
2662 4316 2878 4389 Repleti
2915 4320 3052 4371 sunt
3093 4315 3317 4386 Spiritu
3361 4319 3577 4381 sancto,
3618 4321 3675 4373 et

369 4414 429 4469 in
458 4415 642 4486 efﬁgie
663 4456 681 4479 ,
740 4412 984 4484 quandiu
1013 4412 1264 4470 videmus
1300 4427 1429 4468 eum
1457 4427 1558 4483 per
1594 4409 1881 4482 speculum
1908 4409 1971 4465 in
2007 4436 2057 4487 η
2079 4416 2367 4487 cazperunt
2389 4409 2539 4482 loqui
2558 4407 2731 4464 variis
2756 4406 3161 4477 linguis,prout
3181 4404 3677 4475 Spiritussanctus

371 4503 719 4574 aenigmate;
751 4500 1046 4558 similitudo
1074 4500 1345 4559 efﬁcimur
1366 4542 1382 4571 ,
1413 4515 1547 4557 cum
1585 4500 1737 4571 facie
1780 4499 1853 4554 ad
1880 4501 1970 4570 fa-
2009 4490 2056 4519 ¹¹
2080 4503 2251 4561 dabat
2277 4501 2459 4575 eloqui
2492 4499 2634 4555 illis.
2673 4495 2764 4551 Sic
2803 4503 2857 4550 et
2901 4492 3183 4548 Samaritae
3230 4492 3307 4547 illi
3341 4490 3462 4549 Act.
3496 4509 3551 4563 ν,
3589 4496 3674 4561 l7,

372 4593 582 4664 eiern,l
614 4593 741 4648 Cor.
772 4606 900 4658 xm,
945 4606 1005 4646 ν.
1057 4594 1148 4646 12.
1181 4591 1320 4646 Nam
1359 4592 1575 4646 scimus
1605 4587 1705 4662 (ait
1745 4588 1899 4643 Joan.
1938 4592 1965 4643 1
2077 4594 2192 4665 jam
2238 4588 2487 4662 baptizati
2530 4602 2627 4659 per
2676 4581 3082 4655 impositionem
3124 4596 3379 4636 manuum
3431 4585 3679 4656 αεοίρίθ..

374 4680 545 4751 Epist.
578 4697 628 4737 c.
652 4696 733 4749 ιιι,
755 4697 813 4736 v.
847 4683 903 4751 2)
927 4682 1202 4753 quoniam
1220 4695 1355 4737 cum
1373 4681 1732 4752 apparuerit,
1762 4679 1977 4737 similes
2083 4684 2223 4740 bant
2255 4681 2538 4752 Spiritum
2569 4670 2918 4739 sanctum,id
2947 4676 3049 4732 est,
3080 4671 3505 4741 plenitudinem
3537 4674 3677 4740 ejus.

374 4774 432 4829 ei
458 4772 700 4841 erimus;
747 4771 1023 4844 quoniam
1070 4772 1383 4851 videbimus
1428 4786 1558 4827 eum
1589 4811 1606 4838 ,
1634 4773 1811 4829 sicuti
1855 4773 1974 4835 est;
2154 4772 2337 4842 Atque
2378 4769 2466 4823 hic
2505 4776 2586 4822 est
2614 4764 2706 4819 ille
2739 4760 2969 4857 Spiritus
2998 4765 3219 4857 sanctus
3244 4774 3407 4828 quem
3434 4763 3681 4857 pecunia

376 4861 634 4916 nimirum
666 4872 812 4928 tunc,
835 4860 1056 4933 quando
1087 4846 1191 4918 nos
1215 4876 1408 4921 omnes
1431 4863 1685 4920 revelata
1711 4862 1854 4933 facie
1873 4860 1982 4931 glo-
2081 4861 2187 4918 sibi
2236 4854 2465 4913 mercari
2508 4852 2707 4924 impius
2752 4850 2847 4905 ille
2896 4846 3084 4904 Simon
3130 4845 3398 4915 voluerat,
3444 4846 3572 4904 ibid.
3623 4865 3679 4903 ν.

374 4952 529 5006 riam
567 4951 797 5008 Domini
844 4952 1234 5024 speculantes,
1277 4953 1341 5007 in
1393 4953 1649 5009 eamdem
1694 4949 1984 5024 imaginem
2086 4954 2153 5007 18
2179 4967 2191 5006 :
2218 4949 2356 5005 Cum
2376 4943 2601 5000 vidisset
2621 4945 2813 4998 autem
2845 4937 3060 5034 Simon,
3094 4935 3355 5034 quiaper
3371 4935 3684 5009 impositio-

375 5042 889 5111 transformamur,
914 5057 949 5096 a
966 5040 1233 5098 claritate
1253 5042 1318 5097 in
1338 5042 1687 5106 claritatem,
1711 5044 1983 5113 tanquam
2089 5056 2222 5097 nem
2240 5050 2448 5092 manus
2481 5030 2868 5104 apostolorum
2895 5025 3132 5125 daretur
3152 5025 3415 5125 Spiritus.
3427 5030 3685 5125 sanctus,

387 5131 619 5203 Spiritu
648 5130 894 5196 Domini,
915 5129 963 5184 ΙΙ
991 5131 1119 5186 Cor.
1150 5145 1237 5198 ιιι,
1269 5146 1324 5186 v.
1360 5134 1449 5185 18.
1470 5130 1652 5201 Atque
1670 5128 1749 5185 sic
1765 5128 1986 5184 demum
2093 5127 2296 5187 obtulit
2333 5125 2414 5182 eis
2463 5121 2787 5195 pecuniam,
2834 5123 2936 5172 etc.
2989 5114 3081 5203 Ita
3098 5128 3319 5185 quoque
3348 5114 3485 5170 alius
3516 5116 3688 5183 locus,

381 5202 803 5292 intelligendum
833 5228 917 5275 est
930 5219 1073 5276 istud
1096 5218 1418 5277 Tertulliani
1449 5220 1671 5290 :Imago
1691 5218 1755 5272 in
1778 5216 1985 5288 effigie,
2094 5218 2220 5274 Act.
2265 5229 2392 5279 XIX,
2445 5214 2478 5266 ὅ
2529 5218 2583 5266 et
2612 5224 2767 5280 seqq.
2800 5202 3155 5277 exponendas
3183 5211 3262 5260 est
3294 5221 3305 5260 :
3340 5206 3435 5260 His
3480 5205 3695 5261 auditis

382 5307 688 5365 similitudo
718 5310 781 5364 in
809 5310 1162 5367 (eternitate.
2100 5305 2377 5379 baptizati
2406 5305 2543 5358 sunt
2569 5296 2941 5371 (Ephesiorum
2973 5292 3217 5365 quidam)
3248 5295 3313 5349 in
3340 5294 3569 5350 nomine
3594 5296 3698 5350 Do-

459 5400 535 5456 De
585 5398 797 5469 αΓΙῖαίῑι
826 5399 972 5470 ejus.
1005 5396 1161 5454 Haud
1194 5396 1358 5455 dubie
1386 5397 1455 5453 ad
1484 5396 1639 5454 illum
1669 5395 1809 5453 Gen.
1841 5410 1901 5462 ιι,
1930 5409 1986 5449 v.
2101 5396 2252 5455 mini
2272 5395 2422 5452 Jesu.
2455 5393 2526 5447 Et
2553 5405 2683 5446 cum
2703 5386 3061 5459 imposuisset
3081 5382 3198 5439 illis
3215 5383 3360 5451 (post
3376 5381 3700 5452 baptismum

386 5486 445 5553 7,
476 5487 669 5544 alludit
699 5505 715 5547 :
751 5488 1041 5544 Formavit
1076 5488 1253 5560 igitur
1283 5490 1425 5545 Deus
1455 5487 1741 5547 hominem
1770 5487 1838 5544 de
1859 5485 1994 5542 limo
2104 5484 2313 5557 utique)
2333 5497 2541 5538 manus
2573 5477 2804 5545 Paulus,
2826 5475 2983 5533 venit
3015 5471 3266 5560 Spiritus
3283 5474 3515 5560 sanctus
3535 5486 3705 5543 super

388 5584 571 5644 terrae,
606 5584 791 5645 “sit:
818 5584 981 5645 nan,
1006 5579 1063 5634 et
1091 5555 1399 5649 inspiravit
1426 5578 1490 5636 in
1517 5578 1726 5650 faciem
1753 5577 1875 5648 ejus
1906 5573 1996 5647 (ad
2110 5555 2220 5641 eos,
2252 5576 2306 5631 et
2338 5568 2714 5653 loquebantur
2745 5564 2979 5635 linguis:
3011 5563 3068 5615 εί
3092 5555 3525 5630 ΡνοΡῘιείαῦαηί·
