4028 6180
433 246 565 306 1231

1503 239 1591 298 AD
1633 237 1927 301 GENUINA
1962 236 2408 300 TERTULLIANI
2443 237 2658 298 OPERA

3580 238 3725 298 123‘).

496 372 666 425 Porro
712 366 802 422 illa
847 367 1133 438 impositio
1161 361 1464 431 mdnuum,
1521 379 1711 420 recens
1739 363 2026 436 baptizatis
2057 369 2373 471 “operata,
2417 363 2472 418 in
2529 370 2784 434 quantum
2848 359 3055 416 scilicet
3108 357 3412 430 baptismus
3438 375 3471 413 a
3510 359 3728 419 Christo

518 467 525 471 .
706 456 754 471 ..
829 454 840 466 .
905 454 915 465 α
1403 458 1452 471 .,
1663 454 1722 471 ρν
2433 451 2455 471 ρ
2668 450 3128 471 ,λῄμεμη-ὼ-
3171 449 3220 471 ε*
3264 449 3361 471 ω,
3417 457 3459 471 _.
3633 455 3648 471 ,.

428 461 586 527 facta,
608 463 723 512 erat
741 454 1071 525 ipsissimum
1093 458 1517 511 sacramentum
1546 452 2023 522 conﬁrmationis.

427 548 578 604 Sicut
605 545 749 601 enim
781 560 880 618 per
902 543 1223 616 baptismum
1254 560 1285 598 a
1315 542 1519 612 Spiritu
1542 551 1726 598 sancto
1746 557 1842 614 per
1859 557 2026 612 quas-

429 638 553 691 dam
592 636 736 692 velut
773 635 962 706 gratia:
996 650 1105 688 suae
1134 631 1398 703 primitias
1429 631 1496 685 ad
1543 631 1702 685 ﬁdem
1735 631 2026 696 initiamur,

428 726 507 780 sic
536 740 634 797 per
663 723 1127 780 conﬁrmationem
1169 723 1351 792 ipsum
1393 722 1573 778 Robur
1601 722 1755 790 ﬁdei,
1788 736 1853 775 ac
1879 720 2029 774 illius

429 815 664 885 Spiritus
710 812 1127 884 plenitudinem,
1169 827 1269 867 ceu
1310 826 1408 880 per
1453 825 1646 866 novam
1697 810 1928 882 gratiam
1974 811 2026 864 in

430 903 536 959 ﬁde
550 904 663 974 jam
691 901 984 957 adultiores
1021 899 1166 970 facti,
1199 899 1603 969 consequimur.
1630 899 1863 971 Spiritus
1891 913 2025 970 ergo

431 992 542 1060 ille,
576 989 670 1060 qui
708 1005 804 1059 per
844 989 1170 1058 baptismum
1203 995 1317 1043 erat
1344 986 1676 1042 invisibiliter
1726 985 1899 1050 datus,
1933 1001 2030 1056 per

433 1078 902 1136 conﬁrmationem
929 1079 998 1131 ab
1029 1076 1286 1147 apostolis
1313 1077 1537 1132 dabatur
1573 1091 1789 1148 quoque
1838 1074 2027 1132 visibi-

431 1170 576 1239 liter,
610 1183 735 1223 cum
780 1167 1009 1222 annexis
1047 1165 1288 1221 videlicet
1336 1165 1559 1236 gratiis,
1592 1173 1651 1220 ut
1690 1164 2032 1234 appellamus

433 1258 612 1328 gratis
633 1256 805 1322 datis,
830 1253 1030 1310 scilicet
1063 1254 1310 1310 curandi
1338 1261 1592 1323 aegrotos,
1620 1252 2024 1325 prophetandi,

435 1343 883 1417 interpretandi,
919 1343 1144 1401 diversis
1171 1341 1380 1412 linguis
1413 1342 1692 1414 loquendi,
1724 1349 1854 1412 etc.,
1887 1340 2031 1396 aliis-

436 1451 542 1504 que
581 1433 851 1502 ejusmodi
895 1431 1074 1498 donis,
1114 1431 1485 1487 sacramentali
1534 1429 1718 1502 gratia:
1760 1438 1888 1485 tunc
1930 1429 2030 1484 ad-

438 1521 791 1578 haarentibus.
837 1522 966 1576 Ilrec
1016 1527 1142 1575 ante
1185 1519 1340 1592 signa
1369 1518 1460 1574 diu
1499 1534 1714 1590 quoque
1759 1526 1946 1590 postea
1976 1517 2031 1571 in

435 1610 675 1666 Ecclesia
722 1624 1115 1680 perseverasse,
1163 1608 1221 1662 S.
1265 1607 1527 1673 Justinus,
1575 1607 1664 1678 qui
1703 1609 1767 1662 A.
1806 1609 1860 1663 C.
1906 1608 2030 1671 166,

2127 454 2402 509 institutus
2432 451 2532 507 fuit
2576 461 2636 508 ut
2663 450 3128 506 administraretur
3171 449 3225 504 in
3255 449 3362 518 ﬁde
3409 457 3462 506 et
3491 455 3726 511 nomine

2128 545 2287 599 totius
2321 557 2547 599 suam;
2567 543 2896 598 TBINITATIS
2928 556 2943 595 :
2978 556 3099 612 quae
3126 537 3262 595 ﬁdes
3289 547 3373 597 est
3401 544 3721 602 intrinseea

2127 631 2314 703 forma
2349 630 2513 700 hujus
2543 628 2883 684 sacramenti.

2202 721 2422 792 Spiritu
2441 724 2657 777 sancto.
2675 718 2844 789 Igitur
2866 718 2934 772 ad
2956 720 3156 786 formae
3177 717 3349 789 hujus
3370 721 3727 775 substantiam

2130 816 2186 865 et
2205 810 2440 865 valerem
2462 807 2752 881 requiritur
2780 809 3053 863 distincta
3079 806 3349 864 invocatio
3379 809 3563 866 trium
3581 827 3723 882 per-

2130 913 2399 955 sonarum
2431 895 2756 962 Divinitatis,
2790 911 2884 966 per
2912 911 3073 968 quam
3111 896 3268 952 Fides
3298 895 3390 950 illa
3428 899 3489 952 in
3532 898 3728 970 bapti-

2129 1003 2247 1043 smo
2273 987 2613 1057 obsignhtur,
2633 995 2691 1040 ut
2719 984 2859 1040 idem
2881 985 3079 1040 Noster
3099 983 3152 1039 in
3177 984 3214 1037 l.
3239 983 3306 1039 de
3325 980 3460 1042 Idol.
3483 1001 3601 1058 cap.
3634 990 3726 1055 12,

2129 1075 2223 1129 ait.
2249 1074 2404 1131 Unde
2449 1075 2516 1128 ab
2543 1072 2774 1144 antiquis
2805 1073 3054 1130 Patribus
3083 1088 3112 1127 a
3152 1075 3340 1144 forma
3387 1091 3486 1130 sua
3523 1093 3730 1133 sacra-

2136 1163 2382 1219 mentali
2410 1161 2704 1234 appellatur
2721 1161 3017 1233 baptismus
3039 1163 3313 1233 sigillum,
3343 1166 3727 1234 signaculum,

2133 1253 2441 1323 obsignatio
2459 1252 2614 1322 ﬁdei,
2634 1255 3058 1310 sacramentum
3086 1253 3409 1316 Trinitatis,
3421 1252 3576 1338 ﬁdei,
3591 1261 3698 1309 etc.
3711 1294 3730 1323 ,

2135 1349 2194 1397 ut
2226 1342 2370 1411 apud
2398 1340 2604 1398 Tourn.
2637 1339 2692 1394 in
2737 1343 2824 1398 Tr.
2855 1340 2921 1398 de
2957 1343 3120 1412 Bapt.
3155 1356 3210 1411 q.
3244 1343 3297 1407 1,
3339 1356 3391 1394 a.
3424 1345 3474 1408 1,
3507 1359 3563 1413 p.
3596 1345 3726 1408 146,

2134 1429 2322 1484 videre
2343 1436 2445 1484 est.
2471 1427 2734 1483 Caeterum
2752 1434 2932 1483 autem
2953 1443 3016 1482 ex
3037 1429 3142 1484 hoc
3159 1427 3278 1484 loco
3298 1427 3579 1485 manifeste
3615 1432 3732 1486 col-

2137 1516 2340 1588 ligitur,
2376 1519 2489 1586 jam
2533 1515 2843 1573 Tertulliani
2890 1525 3132 1588 tempore
3175 1515 3231 1570 in
3271 1515 3444 1572 forma
3472 1517 3730 1590 baptismi

2135 1614 2244 1660 tres
2272 1620 2533 1677 personas
2559 1603 2768 1660 divinas
2796 1604 3102 1660 necessario
3131 1603 3505 1674 exprimendas
3534 1604 3730 1674 fuisse,

443 1706 497 1752 et
525 1698 582 1753 S.
635 1699 896 1762 lrenaeus,
929 1697 1024 1768 qui
1075 1699 1141 1750 12
1174 1695 1330 1750 annis
1380 1695 1457 1766 (1)
1487 1703 1672 1766 postea
1715 1694 2029 1765 martyrium
2062 1710 2108 1792 Β
2139 1704 2190 1752 et
2220 1710 2564 1766 nequaquam
2621 1694 2944 1766 baptismum
3002 1704 3128 1750 tunc
3173 1697 3236 1750 in
3283 1695 3512 1752 nomine
3555 1697 3736 1753 solius

442 1785 699 1851 subierat,
745 1795 797 1840 et
835 1784 925 1840 ille
955 1784 1175 1855 quidem
1205 1783 1259 1837 in
1291 1785 1445 1856 Apol.
1480 1800 1519 1848 ι,
1565 1791 1616 1838 et
1645 1784 1870 1856 Dialogo
1900 1801 2035 1841 cum
2063 1783 2106 1792 ’⁷
2139 1783 2348 1840 Christi
2377 1784 2634 1841 collatum
2664 1783 2844 1849 fuisse,
2879 1792 2938 1839 ut
2964 1783 3110 1839 idem
3137 1783 3192 1838 in
3239 1783 3275 1838 1.
3306 1784 3433 1841 adv.
3466 1786 3640 1842 Prax.
3672 1802 3730 1842 c.

445 1874 668 1946 Tryph.,
689 1872 778 1928 hic
805 1888 934 1944 vero
957 1875 1014 1926 L.
1045 1874 1098 1928 V.
1119 1871 1313 1928 hcercs.
1337 1887 1385 1928 c.
1411 1875 1441 1926 6
1472 1880 1524 1928 et
1544 1872 1693 1940 alibi,
1722 1873 2031 1944 perhibent.

443 1963 554 2016 Sed
586 1960 718 2016 satis
756 1967 988 2026 constat,
1020 1959 1177 2014 etiam
1207 1976 1402 2016 versus
1425 1960 1590 2016 ﬁnem
1621 1977 1662 2017 ιι
1693 1977 1815 2018 saec.
1848 1961 1902 2017 in
1935 1963 2034 2017 ali-

441 2049 638 2120 quibus
667 2049 925 2104 Ecclesiis
949 2049 1219 2119 ejusmodi
1240 2052 1459 2121 gratias
1477 2053 1653 2122 gratis
1675 2051 1840 2108 datas
1860 2051 2034 2106 adhuc

438 2136 680 2208 viguisse
711 2154 725 2206 ;
753 2139 1055 2210 multosque
1084 2138 1308 2193 nimium
1347 2139 1616 2208 credulos,
1648 2147 1738 2194 aut
1777 2139 1911 2194 alias
1941 2139 2031 2194 in-

441 2234 648 2296 cautos,
682 2234 966 2300 propterea
1005 2227 1150 2298 quod
1189 2228 1331 2282 inter
1370 2244 1524 2284 veras
1552 2244 1615 2284 ac
1661 2228 2032 2298 pseudo-pro-

447 2316 657 2384 phetias
686 2330 796 2370 non
825 2324 966 2369 recte
1008 2313 1398 2381 distinxissent,
1439 2331 1471 2369 a
1500 2317 1772 2385 Montano,
1805 2317 2034 2388 ejuSque

447 2403 800 2467 mulierculis,
853 2403 1052 2456 donum
1107 2403 1404 2472 prophetia
1457 2419 1521 2458 ac
1576 2403 1809 2473 Spiritus
1864 2404 2034 2459 sancti

441 2490 685 2546 afﬂatum
726 2490 1010 2546 temerarie
1030 2497 1085 2545 et
1122 2490 1380 2546 fallaciter
1405 2492 1750 2562 jactantibus,
1785 2493 2034 2549 seductos

439 2578 635 2644 fuisse,
685 2577 970 2650 ipsumque
1017 2579 1332 2650 cumprimis
1366 2580 1754 2635 Tertullianum
1785 2590 2030 2638 nostrum

441 2667 737 2724 foedissime
767 2669 823 2722 in
853 2668 1090 2724 Montani
1115 2667 1348 2723 hmresin
1378 2669 1714 2740 prolapsum,
1746 2679 1804 2726 ut
1830 2671 1883 2724 in
1919 2673 2030 2740 QQ.

446 2759 588 2814 Crit.
619 2757 756 2812 libro
787 2757 852 2812 de
885 2761 1125 2816 .Pra’scr.
1160 2756 1469 2827 prmmissis,
1501 2775 1556 2829 q.
1587 2761 1643 2824 4,
1675 2759 2029 2815 ostendimus.

440 2845 578 2902 Vide
605 2845 765 2902 etiam
794 2860 878 2912 ea,
926 2856 1047 2918 quae
1084 2845 1140 2898 in
1196 2847 1390 2917 Spie-il.
1432 2845 1612 2903 Theol.
1669 2847 1735 2902 de
1780 2848 2028 2905 Ecclesia

446 2936 660 2992 Christi
684 2936 852 3002 Diss.,
880 2950 960 3002 vr,
1000 2951 1152 2991 num.
1187 2939 1252 2990 13
1292 2945 1346 2992 et
1374 2952 1530 3009 seqq.
1561 2936 1812 2994 diximus.

511 3023 601 3078 Sic
637 3039 769 3094 ergo
799 3038 896 3093 per
932 3023 1260 3094 baptismum
1285 3025 1397 3094 jam
1427 3035 1669 3099 recepto,
1700 3026 1796 3084 sed
1827 3029 2028 3086 invisi-
2058 3033 2100 3112 ε

441 3113 651 3176 biliter,
678 3110 909 3182 Spiritus
927 3120 1142 3166 sanctus
1163 3129 1261 3184 per
1277 3114 1462 3185 gratiae
1491 3113 1823 3170 infusionem
1851 3131 1882 3170 a
1902 3133 2029 3188 pec-

439 3201 570 3257 catis
595 3198 1218 3272 mundamur,simulque
1237 3201 1304 3254 ad
1331 3204 1578 3258 eumdem
1601 3203 1654 3258 in
1671 3211 2027 3263 sacramento

445 3289 906 3359 Conﬁrmationis
934 3289 1160 3361 plenius
1197 3288 1328 3361 (non
1358 3291 1576 3361 quidem
1605 3292 1720 3360 jam
1751 3293 1851 3348 sub
1880 3294 2027 3363 ejus-

440 3377 590 3434 modi
623 3377 792 3452 signis
826 3378 1140 3435 visibilib-us
1160 3422 1177 3447 ,
1210 3379 1307 3434 sed
1336 3395 1456 3436 cum
1490 3379 1745 3436 invisibili
1783 3381 2017 3452 plenitu-

438 3467 565 3522 dine
593 3481 656 3522 ac
683 3464 810 3524 ﬁdei
839 3474 1027 3523 contra
1057 3465 1293 3523 internas
1319 3477 1372 3526 et
1411 3476 1659 3526 externas
1698 3471 2020 3527 tentationcs

439 3556 652 3628 robore)
674 3556 1036 3628 recipiendum
1063 3574 1452 3629 praeparamur.

513 3649 792 3719 Baptismi
829 3647 1067 3704 arbiter.
1099 3649 1398 3705 Ministrum
1439 3649 1528 3704 hic
1558 3650 1819 3721 intelligo,
1849 3650 1902 3705 in
1932 3667 2027 3707 cu-

433 3735 526 3803 jus
553 3734 700 3790 velut
729 3735 968 3789 arbitrio
988 3749 1049 3789 ac
1065 3739 1348 3806 potestate
1371 3735 1762 3792 administratio
1781 3738 2030 3808 baptismi

436 3823 612 3893 posita
639 3829 743 3878 est.
775 3821 900 3889 Quo
923 3838 1086 3878 sensu
1116 3823 1172 3879 in
1201 3825 1297 3882 lib.
1328 3826 1394 3882 de
1424 3827 1633 3898 Monog.
1665 3842 1713 3881 c.
1751 3830 1804 3891 6,
1836 3828 2031 3883 Noster

441 3909 481 3964 Ι
501 3907 663 3965 162
690 3909 866 3980 inquit
897 3927 910 3967 ε
945 3910 1125 3968 Habes
1143 3912 1377 3983 Moysen,
1408 3916 1506 3970 Dei
1524 3915 1588 3969 de
1603 3916 1865 3986 proximo
1885 3917 2031 3973 arbi-

438 4003 613 4055 trum.
634 3999 761 4053 Non
780 3998 1010 4054 obscure
1023 4007 1204 4055 autem
1225 4001 1314 4056 hic
1333 4018 1522 4058 rursus
1542 4004 1729 4059 alludit
1749 4005 1815 4061 ad
1828 4007 2026 4077 saepius

432 4089 551 4157 jam
579 4097 924 4143 memoratam
955 4087 1236 4145 historiam
1261 4093 1503 4149 Piscinae
1530 4094 1840 4152 Probatica:
1866 4097 2022 4154 Joan.

431 4193 490 4244 v,
523 4194 588 4236 eo
619 4178 785 4250 quod,
810 4180 950 4235 sicut
979 4179 1204 4254 angelus
1245 4181 1353 4237 illic
1382 4183 1736 4240 descendebat
1763 4184 1830 4240 de
1859 4186 2020 4253 coelo,

431 4282 778 4325 commovens
806 4284 993 4340 aquas,
1033 4276 1158 4340 etc.,
1209 4278 1262 4326 et
1305 4273 1444 4329 sicut
1473 4273 1530 4331 S.
1562 4274 1719 4328 Joan.
1761 4274 2018 4345 Baptista,

2135 1876 2224 1942 26,
2259 1873 2420 1929 habet
2448 1871 2632 1928 dicens
2665 1889 2679 1929 :
2725 1891 2750 1923 α
2781 1873 2892 1927 Nec
2917 1871 3108 1938 semel,
3141 1870 3236 1926 sed
3265 1887 3396 1939 mn,
3418 1873 3484 1927 ad
3515 1873 3736 1946 singula

2136 1963 2352 2018 nomina
2383 1963 2441 2018 in
2471 1975 2760 2018 pessmus
2787 1960 3030 2032 singulas
3061 1960 3342 2033 tingimur.
3378 1982 3401 2011 υ

2208 2055 2316 2108 Per
2335 2051 2796 2109 benedictionem.
2815 2050 3048 2105 Nomine
3069 2051 3742 2125 benedictionisintelligit

2139 2145 2386 2213 formam
2426 2141 2870 2198 sacramentalem
2900 2139 3171 2211 baptismi.

2207 2230 2455 2288 Arbitros
2503 2230 2654 2298 ﬁdei.
2701 2229 2933 2284 Multum
2981 2228 3068 2284 hic
3115 2229 3356 2286 nonnulli
3403 2230 3742 2302 interpretes

2135 2319 2276 2374 circa
2305 2318 2442 2373 hanc
2482 2333 2665 2374 vocem
2712 2333 2775 2372 ex
2805 2317 2922 2388 ipso
2968 2318 3298 2391 Tertulliano
3345 2320 3629 2388 laborant;
3660 2330 3743 2379 ct-

2140 2404 2284 2460 enim
2313 2404 2367 2459 in
2416 2407 2571 2477 Apol.
2603 2407 2817 2463 advers.
2873 2407 3033 2462 Gent.
3066 2422 3116 2462 c.
3145 2409 3200 2472 7,
3241 2408 3488 2466 arbitros
3517 2425 3620 2480 pro
3648 2419 3744 2466 te-

2141 2491 2334 2562 stibus,
2366 2491 2460 2563 qui
2491 2492 2568 2548 rei
2597 2493 2830 2565 cuipiam
2876 2494 3133 2566 gerendae
3163 2494 3450 2563 intersunt,
3489 2498 3746 2569 accipere

2143 2581 2373 2648 videtur,
2416 2581 2665 2653 inquiens
2705 2599 2718 2638 :
2765 2601 2792 2634 cr
2850 2581 3072 2653 Semper
3116 2582 3275 2638 etiam
3322 2584 3502 2655 impiae
3545 2585 3745 2641 initia-

2148 2667 2324 2723 tiones
2353 2675 2538 2723 arcent
2565 2667 2822 2738 profanos
2845 2668 2923 2738 (id
2951 2676 3050 2738 est,
3085 2670 3150 2725 ab
3177 2669 3358 2740 impiis
3388 2671 3606 2728 illismet
3633 2689 3741 2728 su-

2144 2754 2550 2824 perstitionibus
2594 2753 2824 2826 alienos)
2870 2759 2927 2811 et
2981 2757 3225 2814 arbitros
3262 2757 3484 2829 (scilicet
3529 2776 3600 2817 ne
3628 2761 3743 2817 illis

2140 2851 2394 2915 tanquam
2428 2849 2592 2901 testes
2624 2844 2893 2915 intersint)
2929 2853 3136 2901 cavent.
3169 2847 3234 2902 Et
3264 2847 3396 2904 ibid.
3431 2863 3480 2904 c.
3512 2852 3602 2915 16,
3635 2852 3738 2909 ait:

2145 2952 2167 2981 α
2211 2932 2510 2989 Verebatur
2555 2943 2841 2990 extraneos
2884 2934 3116 2990 arbitros
3162 2934 3370 3007 (testes,
3403 2947 3496 2995 aut
3542 2940 3738 3012 inspe-

2138 3023 2338 3092 ctores)
2366 3038 2519 3080 vanae
2547 3022 2785 3080 culturae.
2818 3041 2841 3073 ι
2869 3022 3005 3078 Etin
3036 3023 3076 3079 l.
3099 3025 3166 3082 de
3201 3026 3381 3083 Carne
3414 3027 3656 3094 Christi,
3679 3046 3736 3088 c.

2139 3112 2230 3175 24,
2280 3110 2349 3166 de
2388 3111 2600 3168 Christo
2644 3111 3023 3184 transﬁgurato
3053 3112 3299 3185 loquens,
3351 3137 3374 3166 ε
3406 3116 3461 3171 in
3510 3133 3739 3175 secessu

2137 3201 2340 3256 montis
2368 3200 2422 3255 in
2450 3201 2653 3257 ambitu
2680 3200 2841 3258 nubis
2878 3201 2981 3256 sub
3010 3201 3181 3259 tribus
3219 3203 3434 3260 arbitris
3461 3205 3668 3262 clarum
3707 3231 3736 3257 ι

2140 3289 2290 3344 dicit.
2323 3289 2398 3346 At
2424 3288 2478 3344 in
2508 3290 2631 3346 eod.
2677 3290 2773 3344 lib.
2802 3305 2921 3360 cap.
2953 3293 3045 3360 21,
3076 3291 3333 3348 arbitrum
3363 3307 3460 3364 pro
3499 3301 3742 3354 auctore

2137 3377 2347 3435 videtur
2374 3394 2607 3448 sumere,
2650 3379 2718 3432 de
2747 3377 2960 3434 Christo
2991 3378 3064 3434 ita
3089 3380 3338 3451 inquiens
3380 3401 3392 3439 :
3423 3385 3605 3454 Hujus
3627 3386 3739 3456 igi-

2137 3469 2234 3522 tur
2262 3469 2466 3539 gratice
2484 3468 2821 3539 disciplinae.
2847 3488 2876 3517 α
2899 3466 3116 3523 Arbiter
3143 3477 3200 3525 et
3217 3471 3494 3543 Magister,
3525 3471 3737 3530 illumi-

2134 3564 2424 3628 natorque,
2467 3572 2530 3613 ac
2575 3556 2837 3612 deductor
2881 3557 3097 3628 generis
3135 3558 3375 3626 humani,
3423 3559 3585 3616 Filius
3628 3562 3738 3618 Dei

2133 3644 2566 3700 annuntiabatur.
2604 3663 2627 3694 ι
2659 3644 2784 3701 Vid.
2816 3643 2996 3712 etiam,
3027 3662 3148 3717 qua:
3178 3663 3339 3719 supra
3368 3649 3436 3704 de
3461 3648 3567 3704 hac
3591 3665 3736 3708 voce

2133 3736 2349 3791 arbiter
2375 3733 2629 3789 diximus.
2661 3733 2926 3790 Caeterum
2959 3735 3062 3792 hoc
3091 3736 3210 3794 loco
3239 3737 3480 3798 arbitros
3505 3755 3605 3810 pro
3636 3745 3736 3796 te-

2132 3823 2312 3880 stibus
2341 3822 2555 3878 videtur
2583 3839 2817 3889 sumere,
2861 3823 3090 3882 fortasse
3117 3826 3185 3880 ad
3221 3827 3352 3882 illud
3392 3829 3420 3884 Ι
3444 3832 3608 3887 Ιοαη.
3638 3844 3735 3896 1n,

2133 3913 2189 3984 '7,
2223 3911 2474 3967 alludens
2507 3929 2520 3966 :
2564 3915 2686 3968 Tres
2735 3917 2892 3978 sunt,
2927 3916 3025 3985 qui
3063 3916 3453 3975 testimonium
3487 3917 3632 3974 dant
3661 3921 3734 3975 in

2130 3999 2262 4058 caelo
2292 4016 2306 4054 :
2341 4002 2550 4066 Pares,
2581 4001 2836 4070 Vnnsuu,
2870 4006 2924 4060 et
2944 4001 3202 4060 Spmrrus
3234 4019 3498 4061 smcrus.

2201 4091 2500 4162 Sponsores
2519 4091 2746 4147 salutis.
2780 4091 2891 4146 Hoc
2911 4107 3108 4162 nempe
3135 4108 3316 4165 sensu,
3336 4094 3512 4166 quoin
3542 4094 3733 4166 Epist.

2128 4177 2195 4233 ad
2224 4177 2387 4233 Hebr.
2409 4194 2510 4245 vn,
2526 4181 2615 4246 22,
2641 4179 2882 4238 Melioris
2911 4181 3251 4239 Testamenti
3271 4183 3510 4255 Sponsor
3526 4187 3736 4255 factus

2127 4285 2242 4326 esse
2267 4269 2428 4324 Jesus
2475 4266 2689 4322 dicitur.
2735 4267 2906 4338 Igitur
2933 4269 3089 4324 etiam
3138 4270 3346 4341 Pares,
3380 4273 3594 4327 mittens
3622 4273 3736 4328 Fl-

433 4363 681 4426 tanquam
712 4355 956 4426 Angelus
975 4356 1183 4412 missus
1211 4366 1294 4413 est
1321 4357 1388 4412 ad
1416 4359 1814 4427 prmdicandum
1845 4368 1900 4416 et
1928 4361 2022 4417 ad-
2049 4354 2100 4440 υ
2127 4369 2282 4421 LIUH.
2315 4366 2370 4410 et
2393 4353 2647 4411 SPIRITUS
2676 4369 2938 4425 SANCTUS,
2961 4355 3158 4412 missus
3186 4373 3216 4411 a
3244 4357 3399 4428 Filio,
3425 4360 3737 4432 Sponsam:

429 4442 847 4499 ministrandum
901 4444 1228 4513 baptismum
1293 4445 1619 4516 poenitentize
1661 4447 1717 4502 in
1769 4449 2020 4505 Iordanis

427 4529 648 4586 ﬂumine
677 4547 692 4584 :
723 4531 793 4586 ita
821 4548 963 4587 nunc
990 4534 1258 4603 sacerdos,
1304 4543 1555 4606 tanquam
1604 4535 1742 4590 alter
1787 4539 2020 4609 angelus

430 4635 497 4675 ex
525 4620 708 4691 ofﬁcio
728 4637 826 4676 suo
851 4623 918 4677 ad
946 4623 1050 4678 hoc
1073 4622 1373 4692 deputatus,
1405 4639 1500 4678 seu
1532 4625 1759 4691 missus,
1787 4641 1884 4696 per
1915 4626 2018 4680 mi-

431 4709 709 4765 nisterium
739 4710 1152 4781 baptismiviam
1169 4711 1690 4784 prteparetSpiritui
1710 4720 1894 4770 sancto
1917 4729 2016 4784 per

421 4797 902 4866 conﬁrmationem,
929 4807 987 4853 ut
1017 4799 1271 4864 diximus,
1302 4801 1524 4872 ple—nius
1553 4800 1910 4858 infundendo.

421 4926 430 4938 .
492 4888 654 4943 Fides
682 4891 970 4960 impetrat.
1004 4887 1122 4944 Non
1143 4888 1314 4960 ipsius
1333 4892 1697 4962 baptizantis,
1717 4899 1808 4946 aut
1826 4892 2013 4964 bapti-

420 4975 591 5031 zandi
621 4976 820 5047 (neque
871 4976 1012 5031 enim
1053 4975 1278 5032 effectus
1323 4978 1582 5049 baptismi
1633 4979 1904 5051 dependet
1947 4981 2016 5036 ab

415 5077 584 5133 opere
611 5064 928 5136 Oparantis,
961 5071 1053 5120 aut
1074 5064 1308 5137 subjecti
1338 5066 1657 5138 recipientis
1681 5086 1698 5137 ;
1720 5068 1842 5140 quis
1871 5069 2016 5124 enim

415 5167 447 5206 a
476 5152 701 5225 parvulo
730 5152 917 5224 ﬁdem,
960 5169 1056 5208 seu
1095 5162 1270 5212 actum
1301 5154 1447 5222 ﬁdei,
1493 5156 1710 5229 exigere
1743 5159 2012 5231 poterit?)

410 5244 510 5299 sed
567 5241 702 5300 ﬁdes
758 5242 1055 5300 intrinseca
1112 5243 1214 5317 ipsi
1268 5253 1649 5317 sacramento,
1704 5262 1806 5304 ceu
1860 5251 2016 5321 operi

490 5367 567 5438 (1)
594 5367 891 5426 Duodecim
930 5371 1117 5426 annis.
1145 5369 1313 5424 Error
1339 5375 1421 5423 est
1449 5371 1891 5427 commentatoris
1921 5371 2004 5426 fa-

408 5437 513 5494 cile
540 5441 904 5498 emendandus
926 5484 940 5512 ,
971 5439 1347 5512 confundentis
1364 5441 1681 5510 martyrium
1710 5442 1767 5512 S.
1799 5443 2009 5512 Iraenei,

404 5524 518 5584 quo
563 5521 852 5571 coronatus
896 5517 974 5569 est
1003 5526 1091 5569 an.
1119 5511 1179 5567 C.
1212 5513 1338 5576 202,
1361 5525 1482 5567 cum
1511 5511 1772 5583 martyrio
1799 5511 2012 5585 praede;

2125 4451 2312 4510 erunt;
2345 4459 2577 4516 namque
2605 4444 2758 4500 Pater
2784 4460 2882 4514 per
2910 4445 3140 4512 Filium,
3174 4446 3349 4504 Filius
3373 4447 3490 4520 ipse
3517 4447 3572 4503 in
3593 4451 3734 4521 Spi-

2131 4535 2255 4588 ritu
2285 4538 2480 4590 sancto
2511 4532 2667 4588 nobis
2697 4533 2926 4588 salutem
2957 4534 3225 4603 promisit.

2196 4623 2501 4679 Nominum
2530 4623 2869 4695 divinorum,
2901 4622 2956 4677 id
2977 4631 3077 4694 est,
3099 4625 3474 4684 Personarum
3496 4627 3730 4684 divina-

2123 4726 2276 4779 rum,
2318 4728 2385 4766 ne
2417 4711 2538 4781 quis
2578 4711 2704 4766 inde
2734 4711 3202 4768 Sabellianismum
3228 4717 3516 4772 extundere
3542 4732 3729 4774 cone-

2125 4807 2230 4865 tur,
2264 4800 2413 4870 quasi
2443 4799 2684 4857 solorum
2703 4803 3023 4870 nominum,
3046 4803 3192 4860 nulla
3212 4822 3406 4864 rerum
3438 4807 3490 4862 in
3520 4807 3734 4866 divinis

2121 4887 2399 4944 distinctio
2428 4899 2589 4944 esset.
2633 4890 2698 4944 Ut
2726 4901 2907 4948 autem
2954 4901 3139 4950 ternus
3175 4905 3256 4951 est
3284 4912 3542 4954 numerus
3575 4915 3730 4972 per-

2118 4994 2407 5044 sonarum,
2443 4979 2517 5033 ita
2535 4982 2836 5038 nominum
2856 4998 3096 5056 quoque,
3120 4985 3327 5044 scilicet
3356 4988 3411 5043 in
3433 5004 3726 5062 gramma-

2120 5066 2259 5122 ticali
2291 5083 2486 5138 sensu;
2527 5076 2581 5124 at
2610 5069 2664 5124 in
2711 5071 3023 5144 theologica
3065 5090 3246 5132 unum
3275 5092 3478 5135 nomen
3519 5085 3623 5148 est,
3655 5078 3725 5134 id

2117 5164 2221 5224 est,
2250 5156 2308 5212 in
2340 5159 2513 5214 tribus
2538 5158 2643 5214 illis
2661 5159 2908 5230 personis
2934 5177 3044 5217 una
3069 5164 3366 5236 eademque
3387 5166 3636 5238 dignitas
3658 5177 3727 5222 et

2115 5247 2452 5304 auctoritas.
2493 5247 2674 5316 Quare
2711 5247 2898 5304 irritus
2942 5257 3084 5306 esset
3132 5251 3409 5323 baptimus
3455 5253 3512 5308 in
3540 5253 3732 5310 tribus

2113 5371 2488 5500 gestsoriséejus
2517 5372 2576 5429 S.
2609 5373 2840 5445 Pothini,
2873 5375 3019 5446 quod
3060 5391 3252 5433 revera
3279 5378 3345 5433 ad
3377 5393 3462 5433 an.
3499 5379 3600 5432 178
3624 5394 3732 5436 re-

2138 5457 2198 5499 er
2219 5461 2301 5500 ur.
2368 5459 2461 5500 nn.

2138 5457 2301 5501 ertur.
2324 5457 2461 5500 EDD.
