4050 6168
350 335 489 397 1233

348 464 668 523 nominibus
689 468 903 534 Patris,
934 470 1087 537 Filii,
1118 479 1247 544 etc.,
1278 475 1504 532 collatus
1530 494 1544 533 :
1575 476 1941 533 necessarium

349 568 484 628 ergo
502 563 604 620 est,
628 555 761 610 utin
783 558 1019 616 Nomine
1036 562 1229 618 Patris
1250 567 1307 621 et
1342 566 1494 631 Filii,
1516 572 1645 635 etc.,
1679 566 1795 621 ﬁat.
1818 565 1941 635 Qua

344 644 412 700 de
428 657 486 700 re
504 642 719 699 videndi
740 644 995 720 theologi,
1010 648 1103 705 ubi
1122 651 1188 706 de
1205 654 1393 723 forma
1414 654 1940 728 baptismiltractant.

416 734 817 805 Pignerentur.
846 736 968 791 Non
995 738 1137 794 male
1166 755 1264 810 pro
1288 744 1707 816 pignorentur;
1732 761 1856 801 nam
1887 752 1942 802 et

347 821 493 893 apud
540 821 653 878 Cic.
696 822 752 876 in
795 823 1050 897 Philipp.
1098 841 1176 896 1v,
1207 837 1262 886 et
1289 831 1462 889 activo
1505 832 1722 903 quidem
1753 848 1936 901 sensu,

346 910 563 966 invenio
595 927 608 966 :
641 932 665 962 α
708 911 853 967 Mars
887 911 1005 984 ipse
1034 913 1389 976 fortissimum
1435 934 1713 993 quemque
1739 920 1940 996 pigne-

344 998 451 1055 rari
486 996 718 1057 "68
765 1001 884 1073 (seu
912 1002 1015 1058 sibi
1056 1004 1326 1063 vindicare
1367 1023 1430 1066 ac
1474 1011 1617 1067 velut
1645 1009 1701 1065 in
1745 1011 1942 1084 pignus

345 1089 582 1158 sumere)
648 1089 814 1147 solet.
864 1090 1131 1149 Caeterum
1167 1109 1200 1148 a
1253 1096 1453 1153 Nostro
1502 1098 1589 1154 hic
1625 1098 1681 1153 in
1720 1098 1941 1171 passivo

343 1191 527 1247 sensu,
554 1191 654 1248 pro
684 1180 1063 1252 oppignerari,
1087 1183 1335 1251 sumitur,
1368 1193 1428 1241 ut
1444 1201 1640 1244 sensus
1665 1186 1771 1243 sit:
1792 1188 1938 1261 quod

347 1272 398 1322 et
426 1267 659 1324 testatio
696 1267 828 1337 ﬁdei
854 1275 910 1324 et
936 1273 1161 1342 sponsio
1209 1274 1413 1331 salutis
1452 1291 1553 1348 per
1588 1276 1938 1348 baptismum,

343 1354 430 1410 cui
480 1354 596 1412 haec
632 1354 742 1411 duo
779 1357 923 1413 velut
964 1357 1327 1431 innectuntur,
1368 1377 1468 1421 ceu
1506 1378 1614 1436 quo
1656 1366 1769 1436 jam
1815 1365 1939 1423 dato

343 1444 593 1516 pignore,
627 1442 999 1502 obﬁrmentur.

414 1535 676 1591 Ecclesia:
719 1537 949 1593 mentio.
981 1536 1232 1595 Fortasse
1279 1539 1359 1596 sic
1386 1541 1800 1615 intelligendum
1832 1552 1933 1613 est,

339 1624 488 1695 quod
532 1625 839 1682 necessario
887 1627 1048 1683 etiam
1090 1628 1352 1687 Ecclesiae
1389 1634 1677 1706 implicita
1730 1635 1933 1693 mentio

344 1709 457 1780 ﬁat,
491 1720 739 1785 tanquam
765 1716 862 1770 cui
889 1716 1007 1772 haec
1033 1715 1124 1773 ﬁat
1155 1722 1567 1793 oppignoratio.

1158 344 1492 409 APPENDIX
1532 349 1596 409 V.
1635 379 1708 392 —
1746 349 1809 408 D.
1869 347 2252 411 CORBINIANI
2291 350 2534 412 THOM/E
2576 354 2815 416 ADNOT.

3503 365 3642 426 1234

2119 480 2160 535 Α
2206 480 2377 553 Moyse
2408 487 2619 541 unctus
2640 489 2742 541 est.
2776 484 2866 541 Sic
2896 485 3036 542 enim
3057 486 3126 544 de
3154 490 3372 548 Aarone
3396 493 3449 547 in
3477 508 3653 552 sacer-

2047 565 2230 624 dotem
2253 571 2616 628 consecrando
2647 573 2793 628 Deus
2824 573 2959 644 ipse,
2990 578 3173 633 Exod.
3204 592 3371 650 χχιχ,
3405 584 3460 647 '1,
3478 581 3651 656 Moysi

2046 658 2309 730 praecepit
2338 677 2353 715 :
2391 661 2588 717 Oleum
2609 662 3013 723 benedictionis
3038 667 3247 737 fundes
3273 685 3442 742 super
3468 678 3646 744 caput

2048 747 2189 817 ejus,
2223 753 2330 804 etc.
2377 750 2641 807 Cmtcrum
2678 752 2945 809 cornibus
2992 754 3122 811 olim
3160 773 3410 816 vasorum
3458 760 3645 832 instar,

2048 844 2266 891 veteres
2312 839 2621 896 utebantur.
2667 840 2758 896 Sic
2800 842 2958 896 etiam
2999 844 3186 901 unctio
3232 847 3441 919 Regum
3486 849 3649 907 ﬁebat

2043 939 2143 993 per
2167 926 2341 982 oleum
2372 943 2438 983 ex
2468 945 2669 985 cornu.
2714 932 2888 1004 Imple
2933 949 3114 990 cornu
3145 938 3309 992 tuum
3337 940 3479 1007 oleo,
3511 948 3640 1008 etc.,

2041 1012 2177 1068 dixit
2203 1015 2349 1071 Deus
2376 1017 2442 1071 ad
2472 1016 2780 1075 Samuelem
2808 1022 2836 1075 Ι
2863 1024 2986 1094 Reg.
3029 1037 3151 1092 xv1,
3188 1029 3239 1085 1,
3272 1024 3490 1084 mittens
3516 1045 3644 1087 eum

2044 1103 2111 1157 ad
2139 1103 2332 1173 David,
2356 1105 2413 1161 in
2446 1108 2647 1180 Regem
2668 1107 3063 1182 inungendum.
3094 1115 3246 1170 Tulit
3265 1133 3390 1189 ergo
3409 1119 3640 1176 Samuel

2041 1206 2226 1247 CORNU
2244 1207 2393 1262 01.121,
2409 1199 2465 1249 et
2480 1197 2653 1251 unxit
2664 1213 2797 1252 eum
2809 1198 2872 1255 in
2890 1200 3071 1256 medio
3082 1204 3335 1271 fratrum
3351 1206 3641 1277 ejus(Ibid.

2042 1294 2094 1334 v.
2128 1280 2238 1351 13).
2286 1281 2376 1337 Sic
2419 1284 2579 1339 etiam
2619 1293 2814 1341 unctus
2842 1285 3017 1343 fuerat
3066 1289 3320 1347 Salomon
3348 1309 3380 1349 a
3436 1295 3637 1368 Sadoc,

2039 1381 2249 1424 summo
2279 1372 2559 1428 sacerdote
2592 1373 2698 1443 (ΙΙΙ
2721 1377 2850 1447 Reg.
2882 1391 2922 1441 1,
2950 1392 3010 1434 v.
3045 1379 3155 1447 39).

2110 1458 2151 1512 A
2180 1459 2509 1517 chrismate.
2557 1463 2802 1521 Christus
2841 1481 2873 1520 a
2898 1468 3163 1540 κέχρισται,
3198 1472 3230 1524 3
3276 1486 3429 1541 pers.
3478 1484 3634 1544 praet.

2037 1559 2183 1633 pass.
2242 1548 2417 1604 verbis
2447 1551 2591 1623 χρίω,
2623 1568 2769 1626 ungo
2800 1573 2818 1609 :
2863 1556 3049 1628 χρίσμα
3096 1565 3272 1614 autem
3320 1575 3351 1614 a
3412 1566 3437 1616 1
3488 1578 3631 1633 pers.

2036 1632 2215 1722 ejusd.
2245 1645 2459 1707 praeter.
2490 1640 2739 1712 κέκρισμαι
2793 1643 3014 1714 dictum,
3053 1655 3108 1703 et
3144 1646 3236 1701 ἀπὸ
3266 1653 3349 1701 τοῦ
3374 1632 3636 1722 χρίσματος

2035 1718 2237 1779 factum
2283 1732 2368 1780 est
2410 1730 2623 1799 χριστὸς,
2668 1735 2896 1788 unctus.
2937 1731 3088 1804 Unde
3131 1737 3240 1792 Isa.
3271 1718 3495 1804 xcv,iv.v
3542 1745 3566 1796 1
3617 1759 3630 1795 :

423 1801 612 1902 trium
640 1818 840 1874 corpus
868 1808 973 1906 est,
1001 1805 1208 1906 scilicet
1236 1809 1291 1863 in
1330 1811 1509 1869 tribus
1562 1814 1823 1885 personis
1844 1815 1934 1871 di-
1961 1824 2010 1906 Β
2037 1812 2161 1869 Hcce
2207 1813 2359 1870 dixit
2413 1818 2685 1874 Dominus
2715 1801 2978 1887 (τηνωιειι
3008 1821 3211 1894 Etmcro
3239 1840 3356 1881 uno
3381 1801 3449 1899 ,a
3478 1839 3634 1892 num

343 1888 513 1957 vinis,
538 1904 830 1963 earumque
856 1891 966 1961 ﬁde
993 1891 1308 1956 adunatum.

841 2042 1000 2100 Notis
1019 2043 1093 2099 ad
1111 2049 1286 2116 caput
1316 2047 1423 2103 VII.

416 2161 704 2219 Unctione.
732 2162 1084 2237 Nequaquam
1130 2167 1219 2225 hic
1262 2169 1504 2243 loquitur
1544 2169 1614 2227 de
1666 2175 1936 2233 Unctione

339 2251 768 2320 conﬁrmatoria
795 2253 884 2321 (de
931 2254 1032 2311 hac
1058 2255 1204 2312 enim
1241 2273 1357 2329 cap.
1401 2261 1570 2333 seq.);
1607 2263 1701 2317 sed
1730 2264 1799 2319 de
1826 2265 1932 2321 ritu

340 2339 503 2396 etiam
531 2338 693 2396 hodie
718 2341 1043 2413 baptismum
1065 2359 1191 2401 mox
1221 2347 1607 2421 subsequente.
1639 2351 1776 2405 Nam
1810 2363 1935 2422 post

340 2429 487 2487 hunc
512 2427 572 2485 ﬁt
617 2431 878 2488 osculum
919 2434 1100 2505 pacis,
1141 2433 1268 2491 dein
1314 2436 1610 2508 baptizatus
1656 2439 1934 2513 inungitur

340 2518 626 2574 chrismate
653 2520 718 2575 in
764 2520 992 2576 vertice.
1026 2520 1142 2577 Imo
1188 2529 1408 2579 sanctus
1435 2524 1654 2583 Hieron.
1696 2527 1751 2581 in
1777 2530 1928 2585 Dial.

341 2607 465 2664 adv.
517 2608 904 2679 Luciferianos
951 2609 1044 2677 ait,
1078 2610 1409 2685 presbyteris
1460 2630 1570 2671 non
1606 2615 1786 2684 licere,
1817 2617 1935 2675 sine

342 2697 625 2768 subjuncta
649 2698 903 2756 unctione
934 2698 1242 2756 chrismatis
1270 2701 1565 2773 baptizare.

411 2787 534 2844 Non
565 2802 787 2859 possum
828 2795 1008 2845 autem
1035 2804 1145 2845 non
1170 2789 1260 2846 hic
1287 2791 1594 2850 adscribere
1643 2794 1804 2852 ritum
1833 2797 1934 2853 hu-

335 2876 428 2945 jus
455 2875 745 2947 unctionis,
776 2883 939 2948 prout
967 2877 1015 2933 is
1044 2877 1099 2934 in
1123 2881 1454 2950 Pontiﬁcali
1482 2881 1707 2955 antiquo
1735 2886 1930 2941 Metro-

339 2963 589 3036 politanus
617 2966 824 3037 hujatis
852 2966 1111 3023 Ecclesiae
1133 2968 1277 3039 apud
1307 2977 1553 3026 nostrum
1581 2971 1930 3030 Edmundum

338 3054 581 3110 Martene
611 3053 678 3111 de
697 3056 952 3130 antiquis
972 3057 1237 3115 Ecclesiae
1267 3059 1417 3116 ritib.
1450 3060 1486 3115 l.
1518 3074 1560 3126 1,
1588 3076 1708 3135 cap.
1738 3066 1791 3129 1,
1824 3072 1925 3119 art.

2036 1903 2232 1972 unxit)
2269 1905 2487 1964 Christo
2507 1924 2627 1965 meo
2653 1911 2808 1981 Cyro,
2832 1918 2935 1966 etc.

2112 1993 2324 2049 Unctio.
2358 1994 2506 2051 Alias
2532 1995 2713 2067 χρῖσμα
2775 1997 2951 2069 ipsum
3010 2008 3391 2072 unguentum,
3442 2020 3549 2078 quo
3577 2007 3636 2063 ﬁt

2034 2081 2248 2147 unctio,
2282 2082 2554 2155 signiﬁcat
2584 2103 2599 2139 :
2633 2086 2775 2141 unde
2802 2096 2856 2144 et
2883 2087 3064 2144 Latini
3094 2092 3331 2164 theologi
3356 2093 3415 2149 in
3455 2111 3636 2153 sacra-

2036 2176 2216 2224 mento
2246 2170 2674 2229 conﬁrmationis
2719 2174 2859 2230 inter
2888 2177 3161 2249 chrisma,
3194 2188 3247 2236 et
3276 2180 3448 2253 ipsam
3475 2185 3634 2242 chri-

2036 2259 2397 2323 smationem,
2430 2276 2529 2317 seu
2574 2263 2988 2336 inunctionem,
3025 2266 3304 2340 ipsiusque
3331 2273 3637 2330 chrismatis

2033 2343 2464 2417 applicationem,
2496 2363 2616 2419 quae
2636 2349 2769 2404 alias
2791 2366 2823 2405 a
2852 2351 3059 2408 Graecis
3078 2357 3295 2426 preprie
3322 2360 3479 2428 χρίσις
3524 2361 3632 2418 dici

2033 2430 2188 2496 solet,
2223 2431 2579 2505 distinguunt.
2611 2434 2935 2507 Quanquam
2964 2456 2995 2494 a
3039 2441 3295 2500 Patribus
3325 2447 3637 2517 promiscue

2031 2521 2085 2573 τὸ
2113 2520 2291 2591 χρίσμα
2319 2537 2420 2593 pro
2453 2532 2737 2595 unguento
2758 2535 2811 2582 et
2852 2531 3118 2587 unctione
3162 2532 3333 2603 accipi
3376 2535 3625 2594 invenio.

2033 2607 2124 2665 Sic
2149 2609 2403 2665 Clemens
2424 2611 2715 2669 Alexandr.
2749 2616 2786 2670 l.
2809 2631 2829 2670 1
2859 2617 3070 2675 Strom.
3092 2620 3161 2675 de
3188 2628 3356 2678 vetor.
3378 2624 3638 2681 Lacrede-

2034 2697 2232 2753 moniis
2255 2697 2387 2753 dicit
2414 2699 2560 2770 quod
2586 2702 2808 2757 dolosas
2847 2704 3069 2777 quidem
3098 2712 3296 2775 vestes,
3324 2706 3364 2762 Ι
3384 2707 3551 2765 I64
3581 2720 3638 2767 et

2034 2788 2251 2843 dolosas
2271 2788 2354 2858 (τὰ
2371 2789 2968 2863 χρισματα)ἰιηοιίοηε.ς,
2985 2800 3135 2851 recte
3152 2797 3637 2872 existimaverint,

2033 2876 2581 2952 appellaverintque.
2599 2878 2664 2934 Et
2684 2881 2834 2937 Paed.
2857 2880 2900 2937 Ι.
2924 2896 2990 2951 ιι,
3005 2897 3130 2938 cum
3154 2884 3310 2954 paulo
3325 2893 3450 2942 ante
3473 2888 3634 2945 dixis-

2032 2972 2116 3020 set
2169 2966 2287 3020 2οὐ
2339 2966 2465 3037 θέμις
2529 2962 2702 3039 δολερὰ
2747 2966 2945 3040 εἵματα,
3000 2972 3082 3024 καὶ
3143 2972 3390 3045 χρίσματα
3442 2976 3505 3039 εἰς
3550 2983 3635 3046 τῆς

2032 3053 2253 3113 ἀληθείας
2282 3051 2472 3107 stativa:
2499 3055 2632 3108 πόλιν
2656 3076 2669 3089 ο
2715 3058 2884 3128 Nefas
2912 3062 2994 3117 est
3030 3064 3208 3118 vestes
3261 3062 3518 3133 dolosas,
3569 3072 3624 3123 et

340 3146 428 3212 13,
460 3143 488 3216 §
518 3146 573 3215 6,
603 3145 869 3216 reperitur
897 3162 911 3203 ;
949 3164 977 3199 α
1008 3145 1142 3202 Cum
1170 3144 1402 3204 infantes
1447 3147 1645 3205 elevati
1670 3148 1871 3207 fuerint
1898 3167 1930 3207 ε
1954 3144 2002 3224 c
2034 3150 2306 3216 unguenta
2332 3146 2397 3200 in
2425 3145 2713 3201 civitatem
2740 3149 2997 3205 veritatis
3016 3149 3270 3222 ingredi;
3304 3153 3463 3224 paulo
3506 3163 3634 3226 post

338 3231 511 3305 fonte,
540 3261 608 3277 -
654 3231 983 3305 Episcopus,
1010 3234 1098 3292 vel
1125 3234 1427 3307 presbyter,
1458 3236 1692 3294 chrisma
1747 3240 1930 3312 requi-

338 3338 489 3390 rens,
521 3321 679 3379 faciat
718 3337 933 3378 crucem
966 3336 1106 3379 num
1144 3322 1345 3395 pollice
1381 3323 1438 3380 in
1477 3325 1679 3383 vertice
1716 3341 1926 3398 eorum,

340 3409 421 3465 ita
440 3410 669 3468 dicendo
688 3426 700 3466 :
722 3414 868 3469 Deus
887 3413 1058 3468 Pater
1086 3412 1444 3486 Omnipotens
1459 3442 1533 3456 —
1549 3415 1666 3488 ipse
1686 3419 1740 3472 te
1762 3417 1933 3473 liniat

346 3499 650 3558 chrismate
667 3501 874 3559 salutis
907 3501 973 3557 in
997 3501 1053 3559 C.
1093 3503 1144 3559 Ι.
1165 3503 1228 3558 D.
1253 3503 1319 3559 N.
1340 3502 1405 3560 in
1423 3504 1602 3560 vitam
1630 3508 1923 3564 aeternam.

341 3588 654 3645 Paxtibi.»

409 3677 538 3733 Erat
582 3686 636 3734 et
684 3677 785 3734 alia
830 3678 1013 3738 unctio
1062 3679 1378 3750 praecedens
1423 3680 1773 3752 baptismum,
1822 3699 1928 3757 qua

334 3766 642 3838 baptizandi
671 3768 1011 3840 ungebantur
1055 3768 1191 3846 odeo
1220 3770 1275 3824 in
1312 3775 1534 3843 pectore
1580 3779 1633 3829 et
1659 3775 1927 3846 scapulis.

338 3854 515 3926 Hujus
541 3854 814 3912 unctionis
838 3858 949 3927 jam
968 3864 1156 3914 auctor
1187 3860 1243 3915 L.
1270 3861 1736 3932 Recognitionum
1765 3862 1930 3935 (quis-

331 3946 457 4015 quis
484 3944 577 4001 ille
614 3945 793 4016 fuerit,
825 3953 971 4002 certe
1016 3946 1431 4019 vetustissimus)
1463 3948 1516 4003 in
1556 3950 1598 4008 l.
1638 3966 1702 4004 ιιι
1730 3951 1925 4007 memi-

330 4034 413 4091 nit
461 4052 477 4091 :
531 4054 554 4086 ι
586 4033 892 4107 Baptizetur
935 4034 1299 4108 unusquisque
1358 4041 1600 4093 vestrum
1660 4038 1715 4092 in
1771 4040 1925 4110 aquis

334 4122 685 4195 perennibus,
740 4123 991 4180 nomine
1026 4123 1203 4180 Trinas
1248 4124 1601 4181 Beatitudinis
1647 4142 1810 4198 super
1865 4145 1925 4185 se

332 4208 608 4281 invocato,
655 4222 955 4283 perunctus
1016 4212 1250 4283 primum
1299 4211 1443 4278 oleo,
1491 4228 1587 4284 per
1628 4216 1926 4272 orationem

333 4298 686 4357 sanctiﬁcato.
748 4320 776 4354 io
861 4301 1033 4371 Hujus
1106 4300 1371 4357 unctionis
1439 4300 1686 4358 meminit
1766 4304 1925 4361 etiam

332 4386 396 4446 S.
425 4389 580 4446 Joan.
614 4389 894 4461 Chrysost.
948 4390 1100 4444 hom.
1130 4392 1186 4457 6,
1216 4388 1272 4444 in
1309 4404 1357 4445 c.
1389 4404 1430 4445 11
1470 4393 1569 4464 Ep.
1601 4392 1676 4447 ad
1721 4395 1924 4450 Coloss.

2030 3231 2104 3287 ita
2131 3233 2290 3289 habet
2320 3249 2333 3287 :
2370 3234 2601 3289 Femina
2629 3250 2848 3308 semper
2872 3244 2946 3310 τῷ
2966 3242 3052 3307 τῆς
3078 3242 3380 3311 σωφροσύνης
3405 3243 3632 3315 χρίσματι

2032 3322 2384 3392 συναλιιφέσθω
2405 3365 2420 3391 ,
2452 3324 2657 3379 Divina
2708 3325 3006 3397 pudicitia:
3050 3328 3303 3386 unctione
3358 3336 3627 3403 ungatur,

2035 3417 2232 3469 sancto
2269 3412 2550 3469 delectata
2598 3432 2757 3486 μυρῳ,
2789 3422 3088 3486 unguento,
3138 3434 3338 3491 nempe
3387 3420 3627 3492 Spiritu.

2033 3500 2099 3555 Et
2127 3500 2183 3556 in
2228 3501 2266 3556 1.
2297 3516 2373 3567 1v,
2405 3503 2459 3553 τὸ
2504 3500 2688 3573 χρίσμα
2719 3508 2827 3572 ,τῆς
2882 3506 3251 3577 εὐαρεστῆσιως,
3304 3510 3630 3566 unctionem

2035 3590 2373 3663 beneplaciti
2396 3590 2475 3659 (id
2503 3599 2606 3661 est,
2639 3592 2834 3649 mentis
2853 3594 2970 3649 Deo
3000 3595 3140 3651 bene
3160 3595 3446 3666 placentis)
3471 3596 3624 3655 dicit.

2034 3677 2177 3747 Quid
2207 3678 2388 3736 multis
2431 3686 2634 3749 autem,
2665 3680 2880 3751 quando
2927 3689 2981 3737 et
3007 3679 3064 3738 in
3118 3697 3259 3740 novo
3306 3685 3540 3742 Testam.
3573 3687 3628 3737 τὸ

2032 3767 2214 3839 χρίσμα
2267 3781 2368 3838 pro
2420 3768 2676 3825 unctione
2730 3768 2996 3825 sumitur?
3031 3778 3090 3827 ut
3135 3772 3158 3826 Ι
3202 3770 3356 3828 Joan.
3389 3786 3450 3840 11,
3480 3788 3625 3829 vers.

2032 3858 2100 3912 20
2130 3877 2143 3912 :
2178 3859 2248 3914 Et
2295 3872 2391 3913 vos
2416 3858 2621 3930 χρίσμα,
2653 3859 2984 3916 unctionem
3040 3859 3253 3917 habetis
3308 3877 3344 3917 a
3407 3865 3625 3919 sancto.

2030 3944 2344 4018 Rursusque
2372 3963 2511 4004 vers.
2545 3949 2613 4003 27
2645 3965 2657 4005 :
2692 3950 2763 4005 Et
2814 3964 2904 4005 vos
2937 3949 3013 4018 (τὸ
3040 3948 3249 4023 χρίσμα)
3297 3951 3628 4009 unctionem

2034 4054 2205 4109 quam
2233 4038 2527 4108 accepistis
2555 4037 2623 4091 ab
2643 4053 2724 4103 eo,
2754 4039 2818 4093 in
2842 4038 2992 4095 vobis
3019 4044 3239 4097 manet.

2103 4125 2143 4179 A
2174 4126 2283 4180 Deo
2312 4126 2502 4179 Patre.
2540 4125 2746 4181 Unctus
2765 4130 2848 4177 est
2875 4131 3057 4179 autem
3072 4125 3335 4192 Christus,
3367 4133 3623 4197 tanquam

2033 4210 2330 4281 Propheta,
2365 4209 2649 4276 Sacerdos,
2690 4215 2749 4266 et
2780 4213 2933 4278 Rex,-
2962 4212 3081 4267 haac
3098 4211 3239 4267 enim
3269 4214 3385 4268 sola
3406 4214 3503 4268 tria
3532 4215 3631 4271 ho-

2032 4296 2236 4353 minum
2261 4313 2461 4373 genera
2487 4296 3031 4371 antiquitusinnungi
3060 4308 3470 4357 consueverant.
3496 4301 3628 4359 Haec

2030 4387 2213 4443 unctio
2255 4396 2436 4443 autem
2482 4401 2593 4441 non
2639 4386 2948 4442 chrismate
2992 4386 3227 4457 quodam
3270 4388 3497 4457 visibili,
3528 4390 3626 4448 sai

335 4477 556 4535 dicens:
586 4498 609 4528 α
642 4478 924 4550 Inungitur
943 4461 1635 4550 baptizandusathletarum
1656 4497 1822 4549 more,
1838 4485 1927 4554 qui
1951 4461 2005 4547 Β
2036 4477 2350 4551 spirituali,
2368 4476 2436 4531 ab
2455 4474 2686 4547 ipsemet
2705 4472 2915 4544 Spiritu
2936 4474 2993 4531 S.
3014 4473 3152 4530 facta
3165 4483 3268 4542 est,
3288 4477 3502 4549 quando
3530 4479 3632 4535 sci-

337 4567 570 4623 stadium
598 4568 708 4637 jam
736 4566 1037 4639 ingressuri
1065 4575 1211 4623 sunt.
1244 4586 1271 4619 »
1305 4566 1443 4623 Vide
1470 4569 1627 4625 etiam
1657 4580 1927 4629 auctorem

336 4654 374 4710 l.
408 4671 428 4711 1
460 4655 529 4712 de
560 4657 812 4712 Sacram.
844 4671 895 4711 c.
927 4658 959 4709 2
990 4660 1044 4710 et
1070 4654 1107 4708 l.
1140 4670 1201 4721 11,
1230 4671 1279 4713 c.
1311 4658 1365 4723 '7,
1399 4656 1539 4715 inter
1564 4674 1733 4728 opera
1759 4662 1928 4719 sancti

341 4744 635 4800 Ambrosii.
700 4747 951 4801 Attamen
1012 4745 1130 4801 haec
1191 4745 1373 4801 unctio
1442 4762 1553 4804 non
1608 4748 1772 4806 ﬁebat
1832 4767 1929 4821 per

340 4832 611 4903 chrisma,
637 4833 732 4888 sed
753 4834 941 4890 oleum
957 4834 1509 4893 catechumenorum.
1525 4836 1813 4910 Deduplici
1832 4839 1932 4896 hac

336 4921 591 4978 unctione
620 4920 762 4978 idem
792 4920 1026 4977 Marteue
1055 4922 1212 4989 ibid.,
1245 4937 1313 4979 ex
1341 4922 1576 4994 antiquis
1614 4924 1926 4983 Latinorum

333 5011 411 5066 ita
437 5011 719 5083 appellatis
744 5011 1062 5078 Ordinibus,
1083 5027 1146 5066 ac
1166 5014 1508 5079 Ritualibus,
1532 5030 1631 5071 nec
1645 5030 1751 5072 non
1775 5016 1927 5072 Grie-

332 5114 527 5156 corum
555 5099 929 5171 Euchologiis,
951 5100 1165 5158 abunde
1192 5101 1358 5156 dabit.

410 5190 682 5246 Caeterum
729 5204 909 5261 neque
945 5189 1090 5245 illam
1136 5188 1448 5246 unctionum
1490 5192 1760 5263 baptismo
1795 5195 1929 5251 sub-

335 5279 579 5349 junctam
626 5276 1050 5334 confirmationis
1093 5277 1494 5333 sacramentalis
1536 5279 1795 5337 rationem
1826 5283 1927 5338 ha-

337 5367 545 5435 buisse,
592 5365 679 5422 vel
734 5381 800 5423 ex
842 5381 906 5423 eo
952 5373 1116 5438 patet,
1158 5367 1306 5438 quod
1352 5367 1689 5427 conﬁrmatio
1736 5387 1767 5426 a
1794 5372 1929 5428 solis

336 5456 505 5527 (apud
569 5458 796 5515 Latinos
851 5455 1067 5529 saltem)
1123 5454 1396 5529 episcOpis
1459 5459 1653 5515 collata
1707 5460 1866 5517 fuerit
1912 5480 1925 5517 :

339 5544 523 5600 unctio
548 5545 657 5610 illa,
688 5545 807 5602 licet
834 5547 1160 5616 chrismate,
1194 5545 1355 5602 etiam
1384 5564 1414 5603 a
1438 5551 1797 5623 presbyteris,
1831 5569 1929 5610 nec

339 5632 396 5689 in
424 5636 631 5705 fronte,
653 5634 754 5692 sed
775 5636 977 5695 vertice
1004 5634 1128 5692 data
1157 5633 1336 5693 fuerit.

2036 4568 2158 4624 licet
2173 4566 2417 4624 Christus
2429 4566 2727 4637 baptizatus
2754 4565 2811 4620 in
2831 4564 3084 4631 Jordane,
3103 4568 3406 4638 confestim
3424 4585 3630 4627 ascen-

2034 4657 2120 4712 dit
2137 4656 2203 4712 de
2222 4673 2367 4728 aqua
2384 4674 2402 4722 ;
2425 4659 2479 4712 et
2495 4671 2616 4713 ecce
2628 4654 2818 4726 aperti
2834 4658 2969 4710 sunt
2986 4654 3036 4712 ei
3050 4655 3197 4720 caeli,
3220 4660 3276 4711 et
3298 4656 3436 4714 vidit
3452 4656 3631 4713 Senu-

2034 4759 2149 4801 τυιι
2196 4746 2299 4799 DEI
2337 4744 2756 4801 descendentem
2784 4744 2934 4801 sicut
2964 4742 3366 4809 columbam,et
3398 4746 3629 4801 venien-

2036 4840 2148 4892 tem
2177 4848 2347 4906 super
2375 4848 2452 4888 se.
2488 4833 2562 4888 Et
2593 4848 2716 4889 ecce
2744 4849 2852 4890 vos:
2873 4833 2939 4888 de
2966 4833 3104 4890 cazlo
3126 4832 3314 4888 dicens
3344 4850 3362 4887 :
3394 4832 3495 4887 Ηιο
3524 4847 3629 4888 Εεσι·

2034 4923 2220 4978 Fiuns
2282 4936 2446 4987 unus,
2504 4935 2793 4989 DILECTUS,
2845 4936 2904 4977 IN
2959 4934 3068 4983 ouo
3123 4934 3250 4976 111111
3296 4934 3627 4976 COMPLACUI.

2036 5012 2231 5069 Matth.
2261 5026 2341 5078 ιιι,
2372 5027 2424 5067 v.
2460 5015 2550 5077 16,
2580 5020 2635 5066 et
2663 5028 2775 5085 seq.
2806 5010 2926 5068 Non
2968 5019 3151 5066 autem
3182 5010 3284 5065 hoc
3328 5009 3404 5064 ita
3431 5008 3629 5065 intelli-

2034 5100 2273 5176 gendum
2300 5107 2403 5165 est,
2424 5101 2579 5171 quasi
2606 5100 2839 5172 Spiritus
2860 5099 2916 5154 S.
2954 5101 3141 5173 gratiae
3169 5115 3282 5155 suae
3298 5098 3629 5170 plenitudine

2033 5189 2089 5244 in
2129 5188 2402 5260 Baptismo
2449 5188 2664 5245 tinxerit
2709 5188 2977 5244 Christum
3030 5188 3192 5260 (hanc
3243 5188 3389 5243 enim
3429 5187 3539 5256 jam
3598 5202 3630 5241 a

2032 5278 2208 5353 primo
2240 5279 2622 5350 conceptionis
2653 5294 2765 5334 suae
2793 5278 3010 5335 instanti
3052 5277 3257 5345 habuit,
3290 5275 3493 5330 nullius
3515 5276 3629 5345 jam

2030 5368 2263 5441 amplius
2292 5367 2565 5440 augmenti
2595 5368 2839 5441 capace),
2872 5367 2968 5423 sed
2998 5367 3145 5437 quod
3176 5363 3406 5434 Spiritus
3436 5365 3494 5420 S.
3526 5379 3627 5419 un-

2031 5456 2263 5514 ctionem
2279 5457 2497 5525 Christi,
2518 5458 2791 5530 praecipue
2806 5456 2859 5511 in
2887 5457 3083 5514 Gratia
3099 5469 3316 5510 CAPITIS
3328 5460 3382 5509 et
3398 5467 3627 5509 umoms

2034 5562 2427 5605 arrosrarxcm
2502 5549 2903 5612 consistentem,
2948 5544 3104 5616 signo
3152 5542 3336 5616 aliquo
3402 5543 3625 5609 visibili,

2031 5642 2283 5708 tanquam
2310 5636 2525 5709 pridem
2559 5637 2670 5706 jam
2697 5634 2911 5699 factam,
2952 5633 3326 5692 demonstrare
3367 5633 3617 5691 voluerit.
