4028 6180
365 338 507 399 1235

1457 329 1546 387 ΑΙ)
1583 328 1874 389 GENUINA
1910 327 2351 391 TERTULLIANI
2390 328 2605 390 OPERA

3521 324 3664 386 1236

360 463 429 518 Et
467 461 570 517 hoc
616 473 778 515 sensu
823 455 1069 514 Christus
1099 454 1230 510 illud
1268 453 1419 510 Isaiae
1474 469 1590 519 νει,
1622 470 1676 510 v.
1719 457 1744 507 1
1782 470 1796 508 :
1830 453 1955 525 Spi-
1975 450 2025 528 ﬂ
2063 454 2356 526 potuerint,
2387 453 2478 525 qui
2506 452 2801 524 baptizatos
2830 448 3007 506 statim
3051 449 3485 519 conﬁrmarent.
3515 448 3660 504 Hinc

309 591 319 599 ο
364 553 512 609 ritus
540 548 766 607 Domini
812 564 981 619 super
1024 561 1134 612 me,
1162 560 1222 601 eo
1261 544 1403 617 quod
1432 545 1609 600 unxit
1654 557 1765 609 me,
1798 541 1865 598 ad
1896 557 1955 598 se

363 639 541 711 ipsum
571 639 702 695 Luc.
755 651 832 705 IV,
867 651 918 691 v.
955 639 1041 699 18,
1075 632 1365 689 transtulit.
1416 631 1505 688 Sic
1534 641 1589 687 et
1615 631 1804 686 Petrus
1831 632 1951 687 Act.

368 742 533 793 ξενίη,
584 731 634 792 8,
680 725 745 780 de
793 723 1006 781 Christo
1054 721 1403 792 praedicavit:
1444 721 1724 790 Quomodo
1781 720 1956 775 unae-it

369 833 501 874 eum
530 819 678 872 Deus
705 815 925 887 Spiritu
953 815 1170 875 sancto,
1195 819 1297 865 etc.
1321 829 1337 878 ;
1364 810 1510 882 quod
1538 811 1593 865 S.
1624 812 1764 881 Aug.
1794 809 1853 863 L.
1880 824 1956 864 xv

371 905 436 960 de
472 904 669 961 Trinit.
705 918 753 957 c.
785 904 874 967 26,
906 901 982 954 sic
1008 900 1237 969 explicat
1268 918 1281 953 :
1321 918 1345 950 α
1376 900 1496 954 Non
1526 900 1710 970 utique
1739 898 1857 954 oleo
1882 896 1958 953 vi-

372 991 534 1060 sibili,
585 989 681 1045 sed
740 988 885 1043 dono
934 986 1141 1058 gratiae,
1183 987 1328 1057 quod
1379 985 1572 1040 visibili
1629 983 1959 1057 signiﬁcatur

372 1087 666 1154 unguento,
697 1092 803 1148 quo
853 1075 1157 1147 baptizatos
1196 1075 1350 1145 ungit
1388 1073 1647 1130 Ecclesia.
1690 1075 1799 1129 Nec
1828 1088 1960 1128 sane

374 1179 501 1224 tunc
545 1176 736 1223 unctus
784 1175 865 1222 est
904 1165 1145 1221 Christus
1193 1163 1397 1235 Spiritu
1435 1164 1491 1218 S.
1532 1162 1745 1234 quando
1795 1178 1963 1233 super

376 1273 500 1314 eum
530 1254 854 1326 baptizatum
872 1254 1016 1312 velut
1043 1254 1292 1310 columba
1310 1252 1611 1308 descendit.
1643 1253 1790 1307 Tunc
1818 1252 1962 1307 enim

377 1361 574 1416 corpus
621 1359 799 1410 suum,
832 1341 887 1396 id
932 1349 1034 1411 est,
1068 1339 1359 1397 Ecclesiam
1399 1356 1573 1405 suam,
1615 1337 1966 1412 praeﬁgurare

377 1434 628 1506 dignatus
672 1439 772 1497 est,
816 1431 872 1486 in
927 1447 1032 1503 qua
1077 1430 1352 1503 praecipue
1398 1428 1649 1501 baptizati
1698 1429 1967 1500 accipiunt

379 1522 635 1594 Spiritum
692 1529 943 1577 sanctum
989 1537 1003 1577 ι
1044 1520 1140 1576 sed
1181 1519 1288 1574 ista
1331 1519 1561 1590 mystica
1607 1525 1662 1573 et
1710 1517 1966 1574 invisibili

380 1611 630 1668 unctione
661 1619 789 1667 tunc
818 1609 1196 1680 intelligendus
1234 1616 1315 1664 est
1343 1618 1557 1673 unctus,
1590 1605 1805 1678 quando
1834 1606 1967 1663 Ver-

381 1702 509 1757 bum
537 1714 663 1756 caro
701 1699 901 1756 factum
953 1705 1055 1767 est,
1101 1718 1125 1748 κ
1158 1704 1259 1753 etc.
1309 1696 1446 1752 Vide
1491 1697 1741 1751 eumdem
1780 1710 1967 1767 porro.

453 1792 798 1853 Liberamur,
831 1803 953 1843 cum
982 1788 1081 1842 hac
1108 1794 1287 1843 tamen
1307 1784 1628 1852 differentia,
1663 1786 1809 1857 quod
1838 1786 1974 1859 bap-
1996 1769 2046 1849 Β
2080 1788 2399 1858 baptizante,
2476 1787 2834 1859 subjungatur

386 1882 590 1936 tismus
620 1872 1010 1933 sacramentum
1040 1874 1126 1944 sit,
1158 1883 1405 1945 peccata,
1430 1883 1682 1945 tanquam
1713 1876 1973 1931 maculas

385 1966 597 2032 animae,
648 1966 871 2020 abluens
902 1981 917 2018 :
950 1963 1132 2019 unctio
1171 1963 1261 2018 illa
1307 1962 1480 2020 solum
1521 1964 1590 2018 ad
1628 1965 1808 2021 ritum
1837 1964 1974 2019 sub-

386 2071 616 2127 sequum
666 2055 830 2124 hujus
875 2051 1194 2109 sacramenti
1259 2052 1540 2124 pertineat,
1606 2052 1978 2110 liberationem

386 2145 535 2200 illam
561 2143 617 2200 vi
644 2142 833 2218 gratiae
847 2141 1210 2214 Baptismalis,
1239 2142 1597 2214 spiritualiter
1616 2143 1975 2213 inungentis,

387 2234 603 2304 factam,
650 2234 825 2291 solum
871 2241 1122 2305 tanquam
1172 2232 1229 2288 in
1283 2233 1530 2303 symbolo
1578 2233 1653 2288 rei
1691 2236 1978 2303 praeteritae

388 2322 666 2392 exhibens,
716 2338 823 2379 non
870 2321 1098 2392 ipsamet
1148 2336 1347 2377 novum
1394 2322 1580 2393 gratiae
1636 2327 1978 2393 augmentum

391 2409 696 2466 conferens.

464 2498 644 2553 Locus
672 2495 800 2553 huic
844 2494 1130 2567 parallelus
1160 2504 1242 2553 est
1277 2495 1334 2550 in
1379 2497 1416 2553 l.
1450 2496 1514 2554 de
1561 2499 1788 2553 Resurr.
1818 2514 1982 2556 carn.

395 2602 447 2643 c.
476 2589 528 2656 8,
562 2584 655 2640 ubi
709 2585 905 2641 Noster
935 2602 950 2640 :
987 2586 1124 2642 Caro
1152 2584 1411 2652 abluitur,
1442 2589 1511 2642 ut
1540 2588 1737 2642 anima
1767 2602 1983 2643 emacu-

396 2676 556 2730 letur.
594 2674 734 2731 Caro
762 2673 1005 2745 ungitur,
1037 2677 1106 2729 ut
1135 2674 1332 2730 anima
1352 2682 1718 2730 consecretur.
1758 2677 1896 2733 Caro
1917 2677 1989 2731 si-

399 2773 613 2837 gnatur,
644 2767 711 2818 ut
740 2763 938 2818 anima
984 2761 1280 2818 muniatur.
1315 2763 1453 2819 Caro
1484 2779 1738 2818 manuum
1767 2763 1991 2835 imposi-

401 2851 544 2909 tione
571 2851 942 2917 adumbratur,
973 2854 1038 2906 ut
1066 2855 1121 2906 et
1153 2851 1351 2907 anima
1379 2852 1599 2925 Spiritu
1635 2851 1983 2910 illuminetur.

401 2938 603 2997 Verum
632 2941 699 2996 de
725 2939 810 2996 his
840 2955 965 2997 mox
993 2940 1334 3012 explicatius.

884 3138 1043 3196 Notae
1069 3138 1142 3197 ad
1178 3144 1349 3213 caput
1386 3140 1537 3196 VIII.‘

482 3298 819 3372 Imponitur.
841 3298 978 3355 Duae
998 3299 1127 3356 olim
1147 3300 1535 3373 impositiones
1553 3315 1836 3357 manuum
1856 3301 2000 3358 cele-

408 3388 702 3447 brabantur
731 3392 785 3444 in
816 3388 1079 3460 baptismo
1112 3404 1127 3444 :
1158 3404 1285 3454 una,
1317 3404 1425 3444 non
1462 3389 1786 3460 baptismum
1814 3391 1999 3458 modo,

410 3478 509 3536 sed
550 3478 697 3535 illam
734 3478 907 3551 ipsam
946 3494 1166 3550 quoque
1213 3478 1542 3551 unctionem,
1596 3495 1718 3551 quae
1747 3485 1827 3535 est
1861 3480 2007 3536 inter

409 3568 664 3639 baptismi
707 3567 847 3624 ritus
874 3568 1103 3639 praevias
1148 3567 1291 3636 (vide
1336 3583 1456 3639 cap.
1497 3584 1659 3639 prmo.
1698 3569 1826 3625 Not.
1862 3572 2001 3629 Uno-

414 3658 590 3729 tione)
610 3658 956 3731 praecedens,
986 3660 1142 3725 cujus
1171 3656 1370 3713 mentio
1407 3657 1547 3712 inter
1579 3658 1817 3714 Ordines
1859 3662 2002 3732 Bap-

416 3746 574 3800 tismi
618 3744 853 3808 Latinos,
894 3757 1032 3813 quos
1076 3743 1233 3799 Edm.
1273 3745 1514 3800 Martene
1560 3744 1627 3800 de
1654 3747 1769 3801 Rit.
1810 3748 1999 3818 Antiq.

414 3830 753 3895 Ecclesiae,l.
786 3846 826 3895 ι,
851 3844 900 3887 c.
936 3833 989 3895 1,
1008 3845 1061 3884 v.
1095 3833 1150 3896 8,
1173 3829 1393 3899 profert,
1421 3830 1725 3904 frequenter
1744 3835 2001 3892 occurrit.

413 3916 607 3972 Altera
634 3925 747 3972 erat
773 3916 1099 3987 baptismum
1136 3916 1492 3990 subsequens,
1523 3919 1741 3975 nonnisi
1777 3921 1845 3976 ab
1875 3924 1998 3996 epi-

414 4021 575 4078 scopo
612 4004 876 4061 facienda.

486 4093 593 4152 Ubi
611 4090 907 4161 sciendum,
926 4093 1116 4166 primis
1132 4094 1390 4152 Ecclesiae
1408 4096 1616 4154 saeculis
1636 4099 2000 4173 baptismum,

414 4186 723 4244 solemnem
749 4183 1025 4253 nimirum,
1073 4184 1164 4258 qui
1193 4185 1395 4243 scilicet
1439 4187 1655 4245 nonnisi
1680 4189 1737 4245 in
1768 4190 2002 4250 Sabbato

414 4278 612 4331 sancto
630 4277 687 4330 et
710 4273 1002 4345 pervigilio
1016 4275 1369 4333 Pentecostes
1397 4274 1642 4347 dabatur,
1668 4277 1735 4333 ab
1766 4277 2004 4349 ipsismet

417 4360 688 4434 episcopis
728 4362 1177 4429 administratum,
1208 4378 1437 4436 moxque
1484 4366 1552 4420 ab
1580 4365 1773 4423 iisdem
1819 4384 2001 4424 sacra-

416 4463 658 4506 mentum
711 4451 1184 4521 conﬁrmationis,
1216 4453 1365 4510 velut
1413 4453 1583 4509 instar
1627 4455 2005 4525 complementi
2029 4420 2081 4504 θ

417 4539 764 4609 subjunctum
802 4538 979 4597 fuisse.
1013 4542 1165 4597 Unde
1193 4542 1260 4597 de
1288 4541 1346 4598 S.
1373 4543 1656 4600 Ambrosio
1690 4543 1729 4599 I
1750 4543 1915 4602 165
1945 4546 2001 4600 in

417 4627 538 4698 ejus
567 4626 682 4683 Vita
710 4627 766 4682 S.
827 4627 1083 4685 Paulinus
1112 4630 1300 4687 scribit
1332 4651 1345 4687 :
1380 4654 1407 4682 α
1447 4633 1507 4686 In
1535 4633 1698 4689 rebus
1725 4634 1884 4690 etiam
1912 4635 2006 4690 Di-

416 4717 560 4775 vinis
587 4715 872 4788 implendis
893 4716 1219 4777 fortissimus
1248 4720 1422 4792 labor,
1453 4722 1507 4777 in
1539 4728 1745 4780 tantum
1774 4732 1833 4781 ut
1859 4725 2005 4796 quod

418 4805 639 4878 implere
657 4806 850 4864 solitus
864 4816 982 4864 erat
998 4808 1141 4865 circa
1168 4809 1537 4882 baptizandos,
1560 4812 1794 4883 quinque
1821 4823 2008 4882 postea

418 4895 682 4968 episcopi,
713 4911 747 4950 a
773 4902 1037 4966 tempore,
1069 4913 1180 4968 quo
1224 4899 1477 4967 decessit,
1508 4900 1593 4956 vix
1624 4900 1935 4973 implerent.
1981 4924 2003 4952 ιν

417 4983 790 5043 Perseveravit
834 4999 954 5040 mos
995 4984 1085 5040 ille
1147 4986 1332 5042 multis
1374 4988 1429 5043 in
1484 4990 1721 5046 Ecclesia
1765 4992 2006 5064 saeculis;

418 5074 516 5130 sed
558 5089 678 5130 cum
723 5073 779 5128 in
842 5072 1075 5144 singulis
1126 5075 1383 5134 Ecclesiis
1430 5078 1657 5134 nimium
1672 5079 2011 5138 ’increvisset

419 5162 661 5219 fidelium
693 5162 868 5228 turba,
917 5171 1077 5232 atque
1106 5164 1348 5236 episcopi
1400 5166 1451 5221 in
1479 5167 1774 5239 Evangelio
1809 5170 2011 5244 praedi-

417 5252 587 5308 cando
645 5250 806 5307 nimis
852 5252 1144 5307 necessarii
1193 5253 1440 5322 fuissent,
1495 5255 1743 5328 idemque
1797 5274 2011 5329 quoque

416 5341 658 5398 obtinere
702 5340 993 5414 inceperat,
1045 5342 1193 5414 quod
1242 5345 1269 5399 Ι
1329 5344 1448 5401 Cor.
1495 5360 1537 5412 1,
1583 5362 1633 5401 v.
1672 5351 1761 5410 17,
1818 5348 2011 5404 Paulus

416 5428 551 5486 dixit
577 5449 591 5484 :
633 5432 754 5490 Non
791 5433 953 5490 misit
978 5447 1070 5489 me
1105 5432 1357 5490 Christus
1388 5433 1695 5507 baptizare,
1728 5437 1824 5493 sed
1849 5451 2010 5493 evan-

426 5520 678 5593 gelizare.
707 5521 881 5593 Atque
928 5521 1056 5578 inde
1084 5521 1282 5580 factum
1332 5528 1437 5590 est,
1473 5532 1532 5581 ut
1560 5539 1670 5581 non
1716 5541 1928 5599 semper
1955 5528 2013 5586 in

421 5606 712 5681 baptismo,
760 5609 922 5670 etiam
974 5611 1226 5685 solemni,
1270 5617 1515 5689 episcopi
1561 5625 1854 5688 praesentes
1889 5636 2010 5679 esse

2066 545 2163 601 Ms.
2212 542 2519 601 Pontiﬁcale
2556 543 2815 599 Ecclesiae
2864 540 3195 612 Apmnensis
3238 540 3294 594 in
3352 538 3528 609 Syria,
3571 552 3666 594 an.

2070 637 2162 687 121
2176 636 2209 688 4
2223 641 2524 699 .exaratum,
2554 632 2700 704 quod
2716 638 2899 685 noster
2927 628 3177 693 Martene,
3202 628 3269 686 de
3289 629 3481 701 Antiq.
3498 630 3662 684 Eccl.

2067 725 2179 779 Rit.
2211 723 2247 777 l.
2278 738 2320 788 ι,
2350 738 2398 778 c.
2434 727 2487 789 2,
2520 730 2618 776 art.
2656 725 2707 791 1,
2737 720 2770 792 g
2798 722 2855 786 3,
2885 717 3123 786 exhibet,
3154 726 3276 788 post
3312 732 3502 773 omnes
3531 718 3675 788 bap-

2065 810 2209 865 tismi
2239 813 2374 867 ritus
2400 809 2719 881 praescribit,
2750 815 2831 873 ut,
2864 807 2914 862 si
2943 807 3234 878 episcopus
3252 805 3428 874 adest,
3460 809 3674 863 statim

2067 906 2322 973 oporteat
2338 898 3197 972 eum(baptizatnm)conﬁrmari
3216 897 3544 962 chrismate,
3560 902 3677 951 etc.

2067 991 2180 1045 Imo
2206 991 2319 1060 jam
2357 1006 2484 1047 saec.
2534 1005 2634 1053 vn,
2674 985 2829 1058 pauci
2877 985 3121 1057 episcOpi
3169 1000 3368 1041 munus
3405 984 3666 1056 baptismi

2069 1078 2330 1148 obierant,
2380 1077 2583 1134 scilicet
2635 1075 2754 1131 aliis
2792 1074 2939 1130 curis
2982 1072 3207 1128 nimium
3257 1072 3498 1128 distenti.
3560 1074 3658 1127 In-

2074 1166 2227 1222 terim
2264 1166 2453 1238 praxin
2498 1166 2636 1220 hanc
2666 1204 2683 1231 ,
2742 1162 3173 1234 nco-baptizatos
3219 1161 3397 1217 statim
3453 1160 3669 1217 conﬁr-

2075 1255 2277 1323 mandi,
2308 1255 2363 1310 in
2392 1253 2662 1325 aliquibus
2689 1251 2877 1309 saltem
2932 1250 3216 1317 Ecclesiis,
3249 1250 3413 1306 etiam
3442 1251 3683 1316 Latinis,

2075 1345 2241 1400 ferme
2288 1343 2360 1399 ad
2406 1350 2589 1399 nostra
2634 1357 2805 1414 usque
2862 1342 3059 1398 saecula
3105 1340 3419 1411 perductam
3474 1339 3663 1407 fuisse,

2074 1434 2220 1488 idem
2251 1434 2488 1488 Martene
2510 1432 2546 1485 l.
2579 1446 2630 1489 c.
2662 1431 2689 1502 §
2722 1434 2772 1499 1,
2805 1436 3047 1485 testatur.
3080 1428 3239 1499 Quod
3256 1442 3388 1486 vero
3418 1427 3486 1482 ad
3514 1429 3682 1484 Grae-

2077 1536 2171 1576 cos
2216 1519 2417 1587 attinet,
2449 1519 2591 1574 idem
2640 1534 2759 1573 mos
2788 1517 3077 1573 etiamnum
3124 1516 3266 1587 apud
3308 1517 3457 1588 ipsos
3483 1531 3675 1587 perse-

2077 1615 2243 1677 verat,
2292 1616 2353 1664 ut
2406 1614 2797 1665 sacramentum
2851 1604 3275 1663 confirmationis
3340 1619 3466 1661 mox
3520 1605 3671 1676 bap-

2080 1698 2263 1764 tismo,
2295 1713 2404 1754 non
2435 1706 2611 1754 autem
2638 1696 2706 1752 ab
2736 1695 3018 1768 episcopo,
3046 1695 3145 1753 sed
3196 1696 3320 1768 ipso
3349 1695 3687 1767 presbytero

2898 1801 2914 1840 :
2980 1801 3086 1857 qua
3146 1785 3216 1841 de
3274 1799 3333 1841 re
3406 1783 3680 1842 videndus

2081 1878 2280 1933 Juenin
2323 1876 2457 1931 diss.
2506 1878 2561 1941 '7,
2611 1875 2676 1933 de
2730 1875 2996 1945 Conﬁrm.
3057 1890 3116 1945 q.
3169 1876 3223 1945 5,
3262 1889 3315 1932 a.
3362 1878 3415 1941 2,
3464 1872 3499 1946 ἕ
3538 1876 3564 1927 1
3627 1881 3690 1930 et

2086 1981 2236 2037 seqq.

2158 2057 2267 2112 Per
2295 2053 2750 2119 benedictionem,
2782 2051 2819 2107 i.
2850 2068 2900 2109 e.
2932 2051 3144 2107 Certam
3165 2050 3450 2124 quamdam
3478 2051 3693 2108 verbo-

2088 2161 2209 2200 rum
2239 2147 2505 2215 formam,
2537 2142 2711 2216 qualis
2731 2141 2861 2198 alias
2887 2140 3124 2197 etiamin
3153 2140 3492 2213 quibuslibet
3512 2141 3694 2197 ferme

2088 2233 2442 2290 sacramentis
2469 2249 2536 2289 ex
2584 2231 2836 2288 mandato
2881 2230 3172 2287 Salvatoris
3216 2229 3524 2286 adhibenda
3580 2239 3695 2301 est,

2095 2337 2260 2395 quam
2288 2323 2448 2379 etiam
2475 2337 2657 2391 supra,
2689 2336 2806 2391 cap.
2839 2323 2894 2387 6,
2925 2319 3117 2376 Noster
3145 2334 3240 2391 per
3284 2319 3699 2376 benedictionis

2096 2410 2416 2468 vocabulum
2442 2410 2729 2481 expressit.

2170 2503 2440 2556 Invocans
2470 2501 2616 2572 Spir.
2649 2500 2704 2556 S.
2736 2499 3000 2555 Caeterum
3049 2506 3194 2554 totus
3220 2497 3372 2554 locus
3394 2497 3483 2555 hic
3506 2496 3704 2554 favere

2097 2588 2307 2646 videtur
2334 2588 2548 2644 illorum
2589 2588 2894 2658 sententiae,
2934 2586 3026 2659 qui
3054 2589 3228 2643 solam
3271 2587 3705 2660 impositionem

2098 2696 2378 2735 manuum
2425 2680 2558 2747 (non
2602 2678 2767 2734 etiam
2810 2678 3141 2735 unctionem
3191 2676 3537 2746 chrismatis)
3595 2692 3709 2747 pro

2098 2770 2344 2826 materia
2391 2765 2813 2824 conﬁrmationis
2850 2765 3139 2823 adstruunt
3170 2785 3183 2821 :
3213 2780 3319 2838 qua
3353 2765 3422 2820 de
3451 2781 3508 2820 re
3533 2766 3705 2821 theo-

2101 2857 2211 2930 logi
2254 2854 2927 2931 Dogmatico-Scholastici
2971 2854 3158 2910 multis
3203 2854 3545 2919 altercamur,
3598 2853 3710 2908 im-

2102 2946 2395 3019 primisque
2443 2946 2644 3003 Tourn.
2703 2945 2790 3000 Tr.
2821 2945 2888 3002 de
2936 2944 3088 3002 Sacr.
3145 2944 3612 3015 Conﬁrmationis
3639 2961 3702 3015 q.

2104 3041 2156 3104 1,
2197 3052 2248 3102 a,
2288 3038 2341 3090 3.

2176 3126 2421 3199 Ingenio,
2444 3123 2480 3180 i.
2501 3139 2552 3180 e.
2582 3125 2811 3181 invento
2833 3122 3067 3195 quodam
3088 3123 3394 3194 artiﬁciose
3413 3124 3709 3195 excogita-

2108 3220 2163 3274 to
2193 3234 2211 3271 :
2244 3222 2301 3271 ut
2328 3214 2471 3270 idem
2498 3211 2693 3270 Noster
2720 3214 2775 3268 in
2803 3212 2843 3267 l.
2873 3213 2939 3268 de
2973 3214 3155 3285 Spect.
3186 3229 3237 3269 c.
3271 3215 3361 3284 10,
3387 3211 3478 3277 ait,
3514 3231 3545 3263 ι
3583 3210 3715 3268 das-

2109 3319 2297 3360 mones
2342 3303 2410 3358 ab
2455 3302 2614 3357 initio
2680 3296 3079 3372 prospicientes
3136 3301 3259 3366 sibi,
3311 3302 3452 3356 inter
3504 3309 3717 3357 caetera

2110 3378 2442 3458 idololatriae,
2510 3389 2670 3447 etiam
2754 3391 3185 3463 spectaculorum
3274 3388 3713 3460 inquinamenta,

2110 3482 2373 3554 ejusmodi
2421 3497 2633 3555 quoque
2681 3481 2875 3537 artium
2920 3481 3140 3553 ingenia
3185 3479 3504 3553 inspirasse.
3552 3499 3578 3529 ι
3628 3477 3717 3534 Eo

2112 3572 2362 3627 nimirum
2424 3587 2606 3637 sensu,
2647 3586 2756 3642 quo
2795 3571 2849 3626 in
2902 3570 2941 3625 l.
2982 3570 3048 3628 de
3094 3572 3243 3627 Pali.
3292 3585 3341 3626 c.
3375 3575 3427 3638 1,
3467 3572 3717 3627 arietem

2114 3664 2431 3718 Romanum
2500 3659 2824 3730 (machinam
2905 3659 3175 3731 bellicam)
3258 3659 3720 3732 Carthaginenses

2112 3747 2455 3821 obstupuisse
2482 3747 2631 3815 dicit,
2662 3752 2731 3804 ut
2755 3763 2965 3806 novum
2990 3754 3352 3821 extraneum,
3388 3749 3716 3821 ingenium,

2111 3838 2147 3893 i.
2181 3853 2233 3894 e.
2264 3836 2561 3892 inventum.

2185 3926 2388 3983 Licebit
2430 3926 2720 3997 spiritum.
2772 3924 2930 3982 Certe
2966 3939 3075 3980 non
3120 3924 3354 3994 bonum;
3399 3923 3466 3979 de
3506 3924 3722 3997 hydro-

2113 4014 2325 4070 mantis
2356 4013 2499 4068 enim
2527 4013 2778 4083 loquitur,
2807 4012 2898 4085 qui
2933 4027 3001 4068 ex
3026 4027 3164 4083 aqua
3201 4012 3497 4068 futurarum
3524 4027 3723 4067 rerum

2113 4102 2364 4159 vaticinia
2409 4101 2709 4173 capiebant.
2741 4102 2915 4172 Hujus
2960 4100 3092 4157 artis
3133 4100 3564 4158 studiosissimus
3596 4098 3724 4155 fer-

2115 4201 2200 4248 tur
2227 4190 2394 4248 fuisse
2432 4206 2525 4247 rex
2553 4189 2728 4246 Numa
2755 4188 3068 4262 Pompilius,
3098 4189 3191 4263 qui
3219 4206 3308 4245 res
3335 4190 3580 4262 ritusque
3622 4203 3723 4243 re-

2115 4281 2334 4353 ligionis
2405 4282 2546 4352 apud
2605 4279 2881 4335 Romanos
2954 4293 3082 4335 suos
3146 4278 3512 4344 ordinaturus,
3571 4293 3726 4350 quo-

2113 4369 2260 4424 niam
2312 4368 2468 4426 aliter
2530 4368 2635 4424 sibi
2671 4368 2955 4425 consulere
3010 4383 3119 4424 non
3184 4382 3349 4439 posse
3402 4366 3724 4433 videbatur,

2120 4480 2142 4510 α
2182 4458 2612 4530 hydromantiam
2650 4456 2830 4513 facere
2865 4456 3174 4527 compulsus
3230 4463 3333 4525 est,
3375 4463 3436 4512 ut
3486 4455 3540 4509 in
3570 4471 3724 4528 aqua

2113 4547 2320 4604 videret
2367 4547 2628 4618 imagines
2683 4545 2925 4616 deorum,
2967 4544 3052 4601 vel
3099 4545 3276 4616 potius
3319 4543 3726 4600 ludiﬁcationcs

2118 4636 2448 4703 daemonum,
2495 4651 2526 4688 a
2573 4632 2773 4706 quibus
2817 4632 3032 4689 audiret
3075 4633 3207 4705 quid
3256 4633 3311 4688 in
3352 4632 3521 4688 sacris
3573 4648 3724 4688 con-

2115 4725 2337 4781 stituere
2358 4732 2521 4795 atque
2547 4723 2841 4779 observare
2862 4721 3103 4779 deberet.
3152 4742 3176 4771 ι
3210 4722 3289 4776 Ita
3308 4721 3365 4777 S.
3396 4723 3537 4794 Aug.
3570 4720 3611 4776 ι.
3629 4737 3724 4779 vn

2116 4814 2181 4871 de
2212 4814 2270 4869 ϐ.
2301 4815 2366 4869 D.
2396 4826 2448 4867 c.
2481 4813 2571 4879 35,
2603 4820 2655 4866 et
2682 4811 2818 4869 ibid.
2849 4818 2975 4883 post
3027 4810 3130 4865 alia
3158 4810 3402 4882 quwdam
3435 4828 3449 4865 :
3488 4831 3513 4861 ι
3549 4809 3724 4879 Quod

2118 4918 2258 4973 ergo
2293 4916 2486 4972 aquam
2534 4902 2817 4973 egesserit,
2866 4899 2920 4954 id
2957 4908 3057 4963 est,
3091 4899 3473 4970 exportaverit,
3532 4898 3726 4954 Numa

2120 4989 2432 5060 Pompilius,
2482 4989 2626 5045 unde
2669 4987 3096 5060 bydromantiam
3148 4986 3375 5058 faceret,
3405 4986 3528 5043 ideo
3552 5002 3726 5059 nym-

2120 5080 2279 5152 pham
2334 5077 2584 5151 Egeriam
2641 5076 2862 5149 (frigida
2908 5092 3035 5133 sane
3090 5075 3516 5146 nomenclatura)
3574 5075 3729 5131 dici-

2123 5177 2207 5225 tur
2234 5169 2527 5240 conjugem
2571 5165 2841 5222 habuisse.
2884 5167 2962 5221 Ita
3005 5165 3148 5221 enim
3197 5165 3371 5220 solent
3417 5180 3505 5219 res
3540 5174 3725 5238 gestae

2121 5258 2428 5331 aspersione
2455 5256 2859 5313 mendaciorum
2889 5256 2945 5310 in
2977 5254 3183 5311 fabulas
3210 5254 3366 5311 verti.
3412 5274 3437 5305 η

2197 5346 2762 5420 Concorporatione-m
2803 5362 3018 5414 eorum,
3066 5344 3101 5403 i.
3139 5360 3189 5400 e.
3240 5342 3482 5399 intimam
3524 5358 3728 5401 eorum

2121 5435 2580 5509 conjunctionem,
2613 5452 2777 5507 aquae
2800 5435 3003 5491 scilicet
3031 5442 3085 5491 et
3113 5434 3353 5507 spiritus
3382 5431 3543 5489 illius.

2191 5525 2628 5587 Accommodatis
2669 5524 2784 5583 des.
2826 5525 3112 5582 manibus.
3149 5521 3259 5579 Seu
3299 5522 3581 5594 impositis
3604 5523 3726 5580 de-

2122 5633 2281 5691 super
2309 5614 2598 5681 manibus;
2629 5612 2720 5671 hic
2739 5613 2885 5672 enim
2911 5614 3046 5673 ritus
3064 5622 3181 5672 erat
3198 5611 3725 5684 hydromantarum.
