4050 6168
250 331 386 392 I237

1059 322 1392 387 APPBNDIX
1430 322 1491 381 v.
1532 354 1604 367 —
1628 294 1704 380 'o.
1749 321 2124 385 CORBINIANI
2177 319 2418 381 vacua
2456 318 2698 382 ADNOT.

3395 318 3531 379 1238

246 474 412 532 aquas
455 455 863 521 incantantium,
898 469 960 512 ac
994 453 1139 513 velut
1165 451 1418 524 potestati
1458 450 1675 525 Spiritus
1704 450 1831 506 mali
1873 453 1923 536 η
2014 453 2423 522 Deformantes,
2474 464 2574 520 pro
2616 451 3067 523 prtefor‘mantes,
3099 465 3192 506 seu
3236 448 3532 523 ﬁgurantes

246 547 585 607 tradentium.

317 639 609 696 Animare.
650 635 785 690 Tota
815 632 1079 689 sententia
1099 633 1216 688 haec
1242 629 1466 687 ironiam
1498 629 1656 701 sapit,
1678 638 1837 702 atque

249 727 316 784 ad
368 725 611 798 magicos
655 724 793 780 ritus
833 722 1038 787 alludit,
1098 720 1297 793 quibus
1343 735 1536 792 aquam
1584 720 1652 775 ad
1708 733 1839 775 usus

249 817 494 890 magicos
524 812 784 870 adhibere
820 813 1213 886 Hydromantte
1251 809 1447 864 solent.
1492 806 1633 864 Dicit
1662 815 1838 862 autem

250 909 386 978 alio,
418 906 472 962 id
502 913 602 971 est,
653 904 940 977 superiore
969 900 1203 975 quodam
1232 914 1294 955 ac
1329 896 1632 970 potentiore
1671 897 1841 968 spiri-

255 1004 340 1067 tu,
374 999 553 1052 tanta:
582 994 866 1050 claritatis
885 991 1051 1064 (sicut
1070 988 1321 1043 nimirum
1345 987 1740 1061 Hydromantte
1764 986 1844 1054 ja-

252 1094 398 1143 ctare
426 1086 618 1148 solent,
655 1083 724 1137 ab
772 1083 864 1140 illo
900 1079 1092 1151 spiritu
1126 1089 1229 1134 tam
1271 1073 1546 1150 gloriosos
1578 1091 1639 1132 ac
1684 1076 1841 1131 illus-

255 1187 364 1232 tres
405 1173 631 1231 effectus
676 1171 917 1245 produci)
962 1172 1238 1240 ani‘mam,
1287 1182 1382 1222 seu
1437 1181 1556 1222 eam
1604 1165 1844 1235 incitare,

251 1279 317 1321 ac
340 1264 487 1320 velut
513 1265 789 1321 viventem
824 1260 1069 1316 reddere.

329 1356 565 1426 Organa.
608 1351 667 1406 Id
716 1357 815 1417 est,
866 1346 1135 1419 ministro,
1178 1354 1431 1418 tanquam
1488 1347 1845 1401 instrumento

256 1441 482 1501 “66
530 1441 655 1513 sibi,
686 1447 746 1495 ut
783 1436 1102 1495 Scholastici
1132 1437 1440 1510 loquuntur,
1463 1432 1852 1492 obedientiali-

256 1540 369 1607 ter,
415 1532 472 1589 in
509 1531 697 1588 ordine
744 1529 811 1585 ad
857 1542 1208 1600 quoscunque
1256 1524 1480 1581 effectus
1531 1520 1845 1594 patrandos,

253 1623 526 1694 subjecto.
1636 1674 1643 1681 ν

330 1715 441 1769 Per
465 1723 672 1767 manus
700 1710 945 1776 sanctas,
977 1719 1074 1777 per
1114 1701 1428 1759 earumdem
1457 1697 1710 1756 videlicet
1736 1696 1846 1752 im-

259 1800 610 1870 positionem.

337 1888 631 1945 Modulari.
662 1885 934 1942 Modulari
960 1891 1040 1939 est
1068 1880 1268 1954 aliquid
1300 1878 1369 1935 ad
1386 1885 1593 1934 certum
1623 1875 1853 1933 modum

254 1991 323 2031 ac
353 1992 682 2034 mensuram
709 1989 1055 2046 componere,
1075 1980 1135 2027 ut
1157 1971 1271 2041 jam
1301 1983 1465 2040 supra
1493 1982 1609 2037 cap.
1641 1969 1695 2036 3,
1724 1965 1850 2020 Not.

256 2063 755 2130 Hodulatriribus,
785 2062 1042 2118 diximus.
1091 2061 1192 2115 Per
1238 2057 1649 2115 sublimitatem
1677 2059 1853 2108 autem

255 2154 626 2227 spiritualem
656 2151 811 2206 facile
840 2149 1093 2222 intelligit
1118 2149 1228 2205 vim
1265 2145 1597 2219 producendi
1628 2142 1857 2217 gratiam

255 2241 705 2300 sacramentalem
751 2238 1195 2308 confirmationis,
1244 2235 1482 2306 episcOpi
1523 2231 1855 2290 conﬁrman-

254 2333 336 2389 tis
364 2330 609 2387 manibus
634 2330 787 2403 quasi
816 2329 1065 2397 inditam,
1096 2342 1159 2382 ac
1188 2325 1555 2380 inhaerentem.

341 2421 588 2479 Referam
616 2419 727 2487 hic,
757 2419 902 2489 quod
924 2432 1032 2472 non
1053 2430 1277 2485 prorsus
1304 2429 1335 2467 a
1362 2419 1547 2467 nostro
1577 2406 1856 2479 proposito

257 2514 509 2571 alienum
537 2524 656 2566 esse
682 2507 911 2575 videtur,
941 2513 991 2560 et
1018 2505 1087 2559 ab
1123 2501 1372 2573 Eunapio
1402 2498 1682 2563 Sardiano,
1717 2512 1857 2570 gen-

257 2604 370 2670 tili,
399 2601 493 2675 qui
523 2600 662 2657 circa
703 2598 770 2655 A.
821 2596 882 2651 C.
929 2598 1054 2663 380,
1085 2592 1224 2647 inter
1252 2606 1384 2647 suos
1411 2604 1518 2671 non
1566 2586 1859 2645 incelebris

259 2668 510 2764 sophista
530 2694 666 2760 erat,
693 2686 761 2742 de
780 2682 1108 2749 Jamblicho,
1138 2679 1340 2751 insigni
1368 2668 1652 2733 Platenicae
1682 2674 1863 2748 philo-

260 2780 478 2855 sophiae
505 2785 794 2844 sectatore,
835 2774 889 2829 in
928 2775 1033 2829 Vit.
1076 2769 1393 2840 Philosoph.
1424 2773 1601 2822 narrat
1634 2780 1647 2819 :
1684 2785 1708 2816 α
1742 2764 1858 2819 Ali-

260 2853 472 2947 quanto
506 2875 632 2941 post
653 2873 892 2937 tempore
921 2860 1120 2935 placuit
1145 2857 1372 2948 cuncgis,
1405 2863 1544 2911 stato
1567 2853 1695 2908 anni
1719 2861 1860 2908 tem-

262 2939 409 3035 pore
430 2939 685 3015 accedere
704 2953 770 3009 ad
800 2951 1033 3019 Gadara,
1053 2948 1146 3019 qui
1174 2939 1327 3003 locu's
1349 2952 1432 3000 est
1458 2944 1786 2998 thermarum
1808 2939 1864 2995 in

263 3029 449 3122 Syria,
467 3055 572 3103 etc.
590 3043 754 3100 Isthic
772 3057 892 3098 cum
911 3040 1119 3094 lavaret
1137 3033 1536 3122 (Jamblichus),
1555 3029 1864 3122 pariterque

260 3117 449 3196 centeri
464 3128 925 3191 darentlavationi
946 3140 1188 3198 operam,
1210 3130 1333 3177 nata
1352 3120 1416 3175 de
1440 3118 1650 3174 balneis
1676 3117 1864 3188 dispu-

267 3225 476 3282 tatione
498 3220 786 3279 subridens
818 3215 1147 3273 Jamblichus
1180 3230 1193 3266 :
1226 3208 1455 3265 Tametsi
1486 3205 1764 3280 religione,
1787 3203 1868 3258 in-

268 3314 413 3389 quit,
445 3311 730 3384 impediar,
755 3306 1045 3381 quominus
1071 3304 1173 3357 ista
1200 3299 1461 3371 aperiam,
1493 3303 1669 3351 vestra
1688 3302 1867 3349 tamen

273 3381 441 3462 causa
471 3381 662 3457 idﬁet.
696 3396 977 3465 Simulque
1004 3390 1164 3463 jussit
1208 3386 1505 3459 discipulos
1534 3381 1796 3438 sciscitari
1835 3398 1867 3436 a

275 3491 635 3565 popularibus
663 3484 958 3558 indigenis,
991 3480 1183 3554 quibus
1227 3478 1339 3565 jam
1384 3473 1515 3565 olim
1562 3470 1870 3527 nominibus

277 3560 469 3640 donati
524 3577 748 3635 fuissent
797 3574 906 3629 duo
955 3586 986 3627 e
1043 3566 1231 3626 calidis
1283 3562 1555 3620 fonticulis
1611 3560 1870 3628 minores,

275 3669 376 3727 sed
426 3668 633 3726 cmteris
673 3660 1052 3736 elegantiorcs,
1093 3654 1562 3723 venustioresque.
1604 3648 1685 3703 Illi
1726 3656 1876 3718 post-

277 3774 444 3832 quam
495 3755 754 3828 imperata
798 3751 1071 3816 fecissent,
1113 3742 1507 3816 signiﬁcarunt,
1557 3738 1650 3795 uni
1686 3738 1878 3794 Amori

278 3828 481 3905 nomen
502 3861 646 3911 esse,
677 3841 829 3898 alteri
857 3838 1137 3901 Anteroti,
1169 3834 1263 3892 deo
1290 3832 1614 3888 amantium
1643 3828 1879 3899 injuriae

279 3936 517 3994 vindici.
546 3930 844 3989 Confestim
874 3927 991 3999 ipse
1035 3929 1282 3982 contacta
1310 3936 1475 3976 manu
1505 3933 1663 3990 aqua,
1695 3914 1879 3986 paucis

282 4020 708 4082 admurmuratis
744 4016 1006 4083 verbulis,
1046 4012 1114 4069 de
1143 4013 1289 4068 fonte
1319 4008 1430 4064 imo
1462 4006 1743 4077 pusionem
1773 4020 1875 4059 ex-

283 4116 416 4172 civit
448 4110 759 4181 candidum,
798 4104 1085 4162 commoda
1130 4107 1354 4163 statura,
1387 4093 1641 4166 capillitio
1672 4094 1726 4147 in
1758 4091 1878 4146 ful-

284 4221 417 4263 vum
455 4217 647 4258 aurum
691 4199 877 4264 tincto,
907 4192 1056 4251 dorsi
1102 4197 1220 4247 cute
1249 4188 1439 4252 nitida,
1481 4186 1572 4257 qui
1621 4190 1766 4238 totus
1792 4181 1876 4235 la-

284 4291 434 4351 vanti
480 4299 569 4345 aut
607 4288 719 4343 loto
770 4281 1025 4339 assimilis
1054 4286 1188 4335 erat.
1239 4273 1494 4332 Attonitis
1539 4271 1617 4326 rei
1657 4269 1877 4327 novita-

290 4390 346 4438 te
390 4377 725 4436 comitibus:
777 4374 1159 4437 Transeamus,
1211 4365 1402 4436 inquit,
1459 4360 1529 4416 ad
1572 4359 1878 4433 proximum

292 4466 640 4533 fonticulum,
696 4461 968 4532 simulque
1040 4470 1359 4527 exsurgens,
1410 4448 1770 4522 praecedebat,
1827 4446 1884 4501 in

291 4557 623 4632 COgitatione
645 4552 872 4617 defixus,
893 4564 956 4604 ac
978 4559 1244 4617 suspenso
1273 4540 1445 4609 vultu,
1472 4539 1652 4610 ibique
1675 4536 1884 4605 eadem,

294 4626 417 4719 quae
443 4644 615 4717 prius,
648 4655 938 4715 peragens,
970 4637 1231 4693 Amorem
1260 4627 1521 4699 evocavit,
1556 4626 1750 4697 prioris
1780 4640 1880 4697 per

298 4712 482 4790 6mm;
527 4712 959 4795 simi—lem,vextra
994 4714 1194 4788 comas,
1244 4720 1521 4791 nigrantes
1559 4715 1686 4771 huic
1716 4712 1891 4786 magis

299 4831 359 4880 et
412 4822 617 4886 rutilas,
676 4826 731 4874 et
790 4833 883 4889 per
922 4815 1119 4871 collum
1169 4824 1404 4881 sparsas.
1458 4806 1631 4862 Ambo
1677 4802 1890 4876 pueruli

302 4909 617 4968 circumfusi
660 4906 820 4963 arctis
857 4901 1238 4976 complexibus
1280 4895 1581 4954 Jamblicho
1610 4893 1760 4949 velut
1788 4907 1895 4947 na-

303 4999 463 5057 turali
506 4997 642 5071 patri
680 4993 1017 5050 inhaerebant
1055 5008 1068 5044 :
1110 5003 1248 5061 quos
1284 4986 1376 5043 ille
1406 4985 1461 5039 in
1491 4981 1741 5056 proprias
1770 4996 1896 5035 suas

304 5090 468 5147 sedes
517 5104 548 5144 e
588 5083 820 5158 vestigio
860 5081 1110 5149 restituit,
1158 5078 1407 5150 lotusque
1444 5072 1691 5139 excessit,
1724 5091 1751 5121 »
1792 5077 1895 5125 etc.

304 5181 434 5236 Haec
463 5177 577 5234 ille.

379 5266 652 5323 Nimirum
682 5261 930 5321 evanidze
974 5260 1058 5314 ha:
1089 5257 1354 5331 imagines
1382 5259 1535 5309 erant
1561 5248 1902 5307 infernalium

312 5356 616 5427 geniorum,
646 5362 700 5409 et
729 5348 1115 5422 quantumlibet
1143 5346 1199 5399 hi
1238 5360 1297 5401 se
1334 5343 1478 5400 lotos
1514 5355 1576 5396 ac
1605 5337 1906 5410 baptizatos

315 5425 661 5513 simulabant,
718 5438 969 5495 manibus
1016 5451 1115 5507 per
1161 5448 1378 5506 magum
1432 5429 1584 5485 illum
1629 5444 1695 5484 ex
1752 5425 1906 5498 aquis

318 5531 586 5589 extracti:
621 5546 727 5586 non
772 5536 951 5583 tamen
997 5539 1188 5579 manus
1237 5521 1344 5576 illis
1395 5519 1672 5590 imponere
1720 5513 1905 5587 valuit,

320 5622 521 5692 quibus
545 5635 643 5679 eos
668 5619 725 5676 in
752 5617 927 5677 solido
954 5613 1186 5688 quodam
1214 5617 1356 5669 statu
1381 5606 1739 5667 confirmaret.

1944 548 2036 597 aut
2064 538 2380 611 simpliciter
2405 540 2745 610 formantes.
2779 538 2889 595 [loc
2915 546 3060 594 certe
3088 537 3373 610 posteriori
3401 555 3530 596 sen-

1944 646 2007 684 su
2036 629 2198 686 etiam
2225 627 2367 699 apud
2404 626 2611 683 Vitruv.
2640 627 2676 681 l.
2715 642 2791 698 vr,
2826 627 2929 684 hoc
2954 628 3175 685 verbum
3198 637 3525 700 usurpatum

1945 718 2200 775 invenio:
2239 739 2262 771 «
2296 717 2517 789 Tragica
2546 731 2709 773 scena
2754 715 3125 773 deformantur
3169 718 3302 787 (non
3354 719 3535 792 utique

1946 808 2002 862 in
2031 806 2268 879 sequiori
2295 821 2479 875 sensu,
2512 804 2608 860 sed
2646 804 2818 876 magis
2855 821 2953 876 pro
2983 812 3359 875 exornantur,
3396 808 3538 865 acci-

1947 895 2232 967 piendum)
2266 894 2553 960 columnis,
2602 893 2791 965 signis,
2859 914 2882 944 »
2942 901 3049 951 etc.
3098 895 3364 950 Caeterum
3394 903 3540 953 totus

1949 985 2037 1039 hic
2065 986 2216 1040 locus
2243 1000 2307 1040 ex
2356 984 2499 1039 Gen.
2528 998 2728 1047 XLVIII,
2770 998 2912 1037 vers.
2947 986 3012 1037 13
3046 991 3098 1037 et
3135 1000 3286 1056 seqq.
3320 984 3539 1055 petitur,

1952 1074 2068 1146 ubi,
2108 1076 2305 1130 Posuit
2333 1072 2573 1144 (Joseph)
2604 1058 2877 1143 Ephrdim
2921 1072 2993 1127 ad
3021 1073 3319 1129 sinistram
3366 1072 3543 1129 Israel

1950 1165 2067 1229 (seu
2115 1163 2298 1227 Jacob,
2347 1161 2439 1234 qui
2487 1160 2621 1216 illud
2668 1176 2867 1216 nomen
2921 1161 2990 1215 ab
3035 1161 3252 1232 angelo,
3310 1176 3545 1231 quocum

1954 1250 2268 1307 colluctatus
2315 1250 2509 1320 fuerat,
2566 1247 2670 1303 sibi
2712 1249 3022 1320 impositum
3069 1249 3206 1308 Gen.
3251 1265 3441 1319 xxxn,
3487 1264 3542 1304 v.

1954 1343 2043 1407 28,
2083 1339 2405 1411 acceperat),
2454 1339 2742 1395 Manassen
2785 1354 2911 1397 vero
2951 1341 3013 1394 in
3051 1340 3286 1395 sinistra
3314 1356 3438 1403 sua,
3474 1340 3547 1394 ad

1956 1429 2251 1485 dexteram
2268 1428 2483 1485 scilicet
2498 1429 2679 1501 patris
2704 1428 2927 1497 (Iacob),
2949 1427 3202 1500 applicui
3209 1432 3336 1500 tque
3358 1426 3548 1485 ambos

1958 1517 2030 1573 ad
2056 1531 2206 1573 eum.
2258 1516 2364 1585 Qui
2402 1517 2709 1573 extendens
2739 1532 2978 1572 manum
3007 1517 3323 1584 dexteram,
3359 1518 3547 1589 posuit

1955 1621 2125 1679 super
2144 1611 2320 1678 caput
2334 1607 2621 1677 Ephraim,
2636 1608 2873 1662 minoris
2894 1606 3119 1676 fratris,
3137 1607 3436 1662 sinistram
3451 1622 3551 1662 au—

1960 1700 2072 1752 tem
2091 1712 2258 1770 super
2276 1700 2443 1767 caput
2464 1695 2732 1765 Manasse,
2754 1696 2854 1766 qui
2874 1698 3057 1764 maior
3074 1699 3222 1751 natu
3242 1699 3385 1759 erat,
3405 1712 3552 1751 com-

1890 1772 1931 1851 Β
1958 1788 2188 1841 mutans
2207 1783 2844 1856 manus,Benedixitque
2866 1782 3029 1839 Jacob
3047 1784 3187 1852 ﬁliis
3210 1783 3428 1856 Ioseph,
3442 1791 3548 1839 etc.

1959 1873 2159 1943 Joseph
2188 1872 2434 1929 videlicet
2453 1872 2643 1927 ambos
2672 1870 2808 1925 filios
2828 1886 2956 1926 suos
2976 1886 3158 1926 coram
3186 1871 3370 1938 Jacob,
3401 1878 3555 1940 patre

1961 1978 2080 2032 suo,
2103 1961 2401 2027 constituit,
2422 1961 2712 2034 etquidem
2732 1960 3155 2035 primogenitum
3178 1960 3470 2017 Manassen
3487 1959 3555 2015 ad

1962 2054 2238 2112 sinistram
2267 2068 2438 2121 suam,
2463 2067 2583 2124 qum
2613 2048 2814 2106 scilicet
2844 2048 3045 2107 directe
3076 2049 3414 2121 respeciebat
3432 2047 3557 2106 dex-

1963 2153 2133 2200 teram
2179 2142 2381 2213 Jaeob;
2422 2141 2679 2212 Ephraim
2724 2155 2854 2197 vero
2885 2139 2953 2194 ad
2988 2138 3260 2195 dexteram
3296 2154 3473 2208 suam,
3503 2145 3559 2194 ct

1965 2239 2359 2304 consequenter
2385 2229 2453 2283 ad
2486 2227 2753 2283 sinistram
2783 2227 3032 2296 ejusdem
3060 2228 3250 2299 Jacob,
3275 2229 3422 2283 haud
3451 2226 3559 2284 uti-

1964 2336 2071 2391 que
2098 2319 2318 2387 dubius,
2352 2316 2516 2371 Jacob
2551 2316 2844 2373 dextenam
2887 2331 3040 2371 suam
3069 2315 3454 2386 impositurum
3484 2314 3564 2379 ei,

1965 2408 2061 2480 qui
2089 2405 2159 2462 ad
2180 2406 2458 2461 dexterum
2481 2417 2699 2475 quoque
2728 2403 2851 2471 ejus
2871 2401 3011 2457 latus
3039 2402 3336 2458 collocatus
3363 2402 3559 2470 fuerat,

1968 2496 2074 2568 ipsi
2114 2493 2368 2548 nimirum
2399 2492 2659 2562 Manassi,
2688 2492 2986 2548 sinistram
3033 2505 3160 2547 vero
3204 2490 3383 2557 alteri,
3418 2488 3561 2547 scili-

1969 2593 2053 2641 cet
2104 2581 2391 2656 Ephraim.
2443 2580 2577 2635 Cum
2623 2593 2755 2634 vero
2783 2579 2951 2633 Jacob
2989 2586 3341 2634 commutatas
3370 2595 3563 2634 manus

1972 2671 2331 2739 decussatim,
2366 2668 2420 2723 id
2450 2676 2551 2732 est,
2585 2682 2706 2721 sese
2735 2673 2924 2721 mutuo
2954 2665 3357 2731 intersecantes,
3391 2666 3560 2731 adeo-

1972 2777 2076 2832 que
2115 2760 2386 2814 dexteram
2436 2757 2578 2828 (qua:
2628 2760 2821 2808 natura
2876 2769 2973 2807 sua
3020 2752 3236 2823 dignior
3287 2760 3392 2820 est,
3439 2753 3565 2825 quia

1975 2846 2186 2918 fortior)
2240 2843 2518 2917 Ephraim,
2585 2841 2830 2899 secundo
2884 2842 3091 2912 genito,
3151 2840 3384 2895 Manassi
3438 2856 3566 2898 vero

1977 2938 2367 3010 primogenita,
2416 2932 2687 2988 sinistram
2734 2928 3098 3001 imposuisset,
3146 2928 3371 3001 Joseph,
3420 2927 3567 2986 velut

1977 3040 2232 3090 errorem,
2264 3039 2423 3096 quem
2471 3021 2712 3092 putabat,
2753 3026 3110 3087 correcturus,
3157 3018 3432 3075 dexteram
3462 3036 3563 3090 pa-

1900 3091 1945 3170 C
1978 3113 2073 3169 tris
2097 3129 2128 3167 a
2156 3091 2327 3185 capite
2366 3091 2637 3183 Eptiraim
2667 3122 2962 3171 removere,
2993 3115 3153 3179 atque
3190 3105 3246 3161 in
3275 3113 3437 3178 caput
3463 3106 3567 3164 Μα-

1979 3205 2161 3261 nassis
2217 3199 2506 3257 transferre
2562 3197 2840 3255 contendit
2883 3214 2897 3256 :
2939 3197 3102 3254 Iacob
3156 3211 3303 3263 vero,
3359 3195 3566 3252 altioris

1978 3293 2123 3349 haud
2154 3290 2315 3346 dubie
2367 3287 2406 3344 I
2426 3286 2590 3344 I67
2637 3286 2882 3357 mysterii
2909 3284 3173 3353 conscius,
3205 3284 3259 3339 in
3283 3284 3565 3357 pr0posito

1977 3397 2076 3439 suo
2123 3395 2497 3453 perseverans,
2546 3376 2712 3434 semel
2760 3376 3086 3448 auspicatum
3133 3374 3566 3432 benedictionem

1977 3472 2166 3529 eodem
2196 3470 2299 3525 ritu
2327 3467 2572 3540 perfecit.

2052 3564 2117 3617 In
2146 3559 2436 3617 Christum
2463 3559 2749 3629 futuram.
2774 3553 2963 3615 Manus
2982 3566 3113 3627 ergo
3134 3552 3238 3609 illae
3257 3552 3311 3608 in
3340 3550 3571 3608 formam

1978 3648 2157 3707 crucis
2203 3649 2497 3703 decussatee
2554 3646 2729 3716 ipsam
2784 3658 2998 3699 crucem
3054 3638 3248 3699 Christi
3302 3650 3571 3713 praenota-

1981 3741 2130 3794 bant.
2161 3735 2461 3792 MANASSES
2489 3732 2746 3789 nimirum
2784 3734 2988 3789 Veteris
3023 3731 3365 3788 Testamenti
3395 3727 3576 3799 ﬁgura

1983 3830 2121 3891 erat,
2176 3829 2428 3893 tanquam
2478 3821 2744 3892 (tempore
2792 3818 3066 3889 nimirum)
3114 3819 3521 3892 primogenitus
3551 3830 3570 3865 :

1985 3921 2041 3970 et
2075 3913 2331 3985 quoniam
2371 3910 2503 3967 illud
2530 3909 2707 3981 ipsum
2738 3908 2915 3984 ﬁgura
2950 3917 3064 3965 erat
3090 3908 3229 3964 Novi
3256 3909 3569 3964 Testamen-

1986 4003 2047 4075 ti,
2077 4004 2157 4058 sic
2185 4005 2459 4060 Manasses
2487 4015 2545 4055 IN
2580 4014 2836 4056 nmmum
2869 3999 3043 4069 ipsius
3082 3996 3280 4054 Christi
3326 4003 3455 4062 erat,
3484 3994 3577 4066 qui

1988 4093 2201 4149 Coloss.
2226 4108 2263 4158 ι,
2289 4107 2338 4146 v.
2370 4092 2457 4158 15,
2491 4089 2907 4160 Pri-mogenitus
2935 4088 3118 4144 omnis
3145 4091 3424 4142 creaturae
3444 4084 3580 4141 dici-

1989 4190 2094 4236 tur.
2107 4181 2366 4235 Epnnam
2385 4176 2783 4243 vero,secundo
2804 4174 3040 4245 genitus,
3059 4172 3350 4228 exhibebat
3368 4173 3581 4228 Novum

2000 4272 2437 4333 Testamentum,
2463 4271 2683 4333 eratque
2711 4277 2918 4318 FIGURA
2947 4259 3119 4332 ipsius
3149 4260 3371 4327 Christi,
3401 4267 3455 4316 et
3479 4260 3584 4317 Ec-

1992 4357 2186 4427 clesiae,
2238 4363 2489 4426 tanquam
2537 4350 2864 4424 posterioris
2902 4349 3021 4419 (sed
3071 4349 3290 4405 nonnisi
3338 4357 3586 4422 tempore

1995 4442 2208 4516 rursus)
2254 4458 2316 4498 ac
2378 4439 2531 4512 quasi
2580 4440 2635 4496 in
2683 4437 2896 4495 Christo
2924 4437 3167 4495 secundo
3223 4440 3447 4510 genitas,
3493 4438 3590 4497 sed

1998 4534 2204 4591 meritis
2246 4547 2306 4587 ac
2350 4527 2652 4603 privilegiis
2700 4527 2859 4597 longe
2907 4526 3204 4597 amplioris,
3238 4526 3293 4581 in
3335 4542 3443 4597 qua
3479 4542 3592 4583 non,

2000 4626 2184 4697 ﬁgura
2221 4623 2399 4680 crucis
2432 4627 2595 4686 esset,
2629 4615 2724 4672 sed
2754 4631 2899 4671 crux
2926 4616 3068 4688 ipsa,
3103 4615 3381 4673 Cnnrsrns
3409 4632 3593 4672 cancr-

2000 4730 2186 4769 rtxns.
2215 4713 2401 4781 Itaque
2436 4724 2558 4764 cum
2594 4706 2684 4762 alii
2711 4704 2893 4779 legant
2936 4720 2997 4760 IN
3041 4719 3271 4761 θειωδτο
3309 4708 3594 4776 futuram,

2003 4801 2201 4858 obnixe
2231 4798 2435 4857 retineo
2468 4797 2531 4851 in
2574 4795 2864 4853 Christum
2892 4794 3181 4863 futuram,
3225 4792 3446 4863 scilicet,
3477 4809 3598 4863 qua:

2006 4898 2146 4947 esset
2177 4903 2236 4943 IN
2265 4888 2570 4950 Cumsrun,
2593 4899 2686 4940 seu
2717 4882 2764 4953 ej
2777 4899 2839 4938 ns
2858 4880 3157 4939 Ecclesium
3178 4897 3286 4937 pan
3313 4881 3601 4939 CHRISTUM

2007 4979 2392 5036 redundatura.

2079 5067 2424 5126 Emundata.
2459 5063 2559 5120 Per
2596 5063 2947 5121 ablutionem
2994 5062 3270 5132 nimirum,
3301 5079 3423 5136 qua:
3455 5062 3513 5118 fit
3548 5062 3606 5119 in

2009 5158 2275 5230 baptismo
2303 5154 2521 5210 Christi.

2084 5224 2406 5313 benedicta,
2440 5243 2643 5300 scilicet
2662 5251 2713 5299 et
2730 5259 2829 5316 per
2855 5243 3221 5316 baptismum,
3244 5224 3472 5314 ejusque
3492 5245 3609 5312 for-

2014 5354 2170 5394 mam
2200 5335 2675 5393 sacramentalem
2716 5332 3069 5405 sanctiﬁcata,
3106 5339 3159 5388 et
3184 5346 3280 5402 per
3304 5332 3610 5403 impositio-

2015 5447 2145 5487 nem
2161 5442 2437 5485 manuum
2456 5422 2707 5494 deinceps
2722 5423 3075 5492 conﬁrmata.
3099 5421 3357 5476 Cmterum
3378 5435 3484 5475 non
3506 5435 3616 5474 ma-

2018 5519 2068 5576 le
2100 5519 2324 5574 fortasse
2354 5512 2622 5573 videbitur
2655 5512 2770 5568 luec
2798 5510 3059 5566 sententia
3091 5508 3297 5564 tacitam
3327 5526 3618 5582 comparav

2022 5611 2231 5667 tionem
2278 5604 2584 5669 continere,
2624 5605 2682 5655 ut
2722 5598 2855 5655 adeo
2883 5598 2963 5654 sic
2992 5598 3187 5669 exponi
3217 5599 3389 5671 possit
3421 5616 3435 5653 :
3469 5599 3621 5656 Sicut
