4050 6168
415 228 550 290 1239

1483 224 1572 284 AD
1618 225 1912 288 GENUINA
1949 224 2390 286 TERTULLIANI
2445 224 2660 286 OPERA

3585 219 3729 278 1240

408 354 638 424 Spiritus
668 356 727 410 S.
777 357 829 410 in
880 353 1018 409 tilios
1046 354 1270 424 .loseph,
1322 352 1591 424 Epitraim
1621 358 1675 408 et
1726 353 1994 421 Manasse,
2040 345 2092 432 η
2113 368 2174 408 se
2194 353 2360 408 aiunt.
2384 352 2707 426 Quanquam
2726 358 2930 424 putem,
2949 348 3108 404 etiam
3128 349 3233 402 ira:
3253 346 3510 402 sustineri
3535 361 3726 419 posse,

410 457 445 496 a
472 443 635 498 Jacob
665 459 761 515 per
788 443 1205 516 impositionem
1236 458 1473 498 manum
1503 440 1834 510 benedictos,
1876 455 2000 497 cer-

409 541 464 588 to
521 534 682 591 modo
740 534 994 605 delapsus
1036 541 1120 587 est
1168 550 1182 586 :
1233 531 1311 587 sic
1367 531 1528 587 etiam
1576 531 1630 585 in
1682 530 2000 601 baptizatos,

409 621 670 693 episcopo
718 623 907 677 iisdem
956 636 1148 677 manus
1194 620 1527 691 imponente,
1580 619 2004 676 conﬁrmationis

409 711 581 781 gratia
609 711 912 767 descendit.

482 803 794 859 Descendit.
845 799 1155 870 Copulativa
1185 804 1242 857 et
1288 798 1499 855 videtur
1539 797 1823 864 excidisse,
1857 797 2006 853 ideo-

412 904 518 958 que
547 889 634 946 hic
659 889 978 960 supplenda.

493 979 771 1034 Columba.
801 978 985 1049 Itaque
1013 986 1254 1032 veterum
1277 975 1490 1046 quidam
1518 977 1795 1034 credidere
1819 995 1833 1044 ;
1869 988 1925 1033 at
1947 995 2011 1034 ex

417 1067 551 1138 ipsis
575 1080 788 1139 quoque
818 1066 1086 1121 veteribus
1114 1065 1452 1136 Aristoteles,
1485 1066 1520 1120 Ι.
1551 1081 1590 1120 ιι
1621 1065 1685 1121 de
1713 1066 1862 1122 Hist.
1885 1069 2014 1123 ani-

417 1157 552 1212 mal.
583 1163 636 1211 et
662 1156 823 1224 Plin.,
872 1155 910 1210 l.
953 1171 1037 1221 xi,
1085 1170 1135 1212 c.
1177 1158 1264 1227 27,
1298 1165 1350 1212 et
1377 1158 1701 1212 recentiores
1729 1155 2013 1213 anatomici

419 1258 629 1310 omnes,
661 1243 985 1301 contrarium
1007 1254 1333 1301 asseverant.
1366 1244 1513 1300 Licet
1541 1253 1716 1300 autem
1749 1243 2014 1300 columbis

419 1348 639 1405 quoque
667 1333 892 1389 aliorum
914 1332 1082 1389 instar
1110 1334 1449 1401 animalium,
1471 1335 1552 1405 fel
1581 1333 1668 1400 sit,
1701 1334 1880 1390 omnis
1908 1335 2014 1388 iraa
2081 1341 2083 1343 ’

421 1430 477 1476 et
504 1420 812 1477 acerbitatis
849 1421 1023 1493 origo,
1070 1422 1208 1476 istud
1237 1429 1414 1478 tamen
1460 1422 1616 1478 valde
1664 1431 2012 1492 temperatum

423 1524 568 1577 esse,
615 1519 670 1565 et
698 1509 913 1566 nonnisi
945 1512 1288 1568 vehementer
1323 1510 1587 1567 irritatum
1636 1510 2011 1578 effervescere,

425 1598 481 1653 in
525 1605 803 1666 comperto
850 1608 951 1654 est.
989 1600 1162 1670 Atque
1203 1601 1304 1655 hoc
1353 1615 1515 1654 sensu
1554 1598 1612 1652 S.
1646 1599 1793 1669 Aug.
1823 1599 1916 1652 Tr.
1956 1598 2014 1650 7.

2116 441 2162 496 si
2178 440 2251 497 ita
2270 441 2518 516 legamus
2541 459 2554 496 :
2579 461 2607 494 α
2631 443 2826 496 Pacem
2843 437 3084 494 caelestis
3103 435 3196 491 irae
3223 435 3295 505 (id
3318 443 3427 507 est,
3446 439 3726 517 pacatam

2117 533 2257 595 curii,
2306 539 2461 586 antea
2507 530 2759 586 nimirum
2811 527 2951 592 irati,
2998 526 3168 596 iram)
3214 540 3400 596 praeco
3447 523 3722 593 (ejusdem

2119 617 2211 674 irae
2252 621 2367 691 jam
2407 620 2630 690 pacatae)
2678 619 2934 676 columba
2967 614 3190 686 (scilicet
3216 614 3460 669 eamdem
3492 629 3715 668 annun-

2118 709 2279 778 tians,
2311 718 2470 780 atque
2499 708 2766 780 praeconis
2796 707 2968 762 instar
2992 703 3092 761 toti
3113 703 3316 760 mundo
3345 701 3728 775 promulgans)

2122 799 2275 854 terris
2295 798 2654 857 adnuntiavit.
2691 819 2714 847 ε

2196 889 2603 945 Prwtenditur.
2637 887 2723 942 Nil
2753 883 3051 960 vulgatius,
3075 899 3234 955 quam
3267 883 3399 955 ipsis
3428 881 3564 936 olim
3595 897 3728 954 gen-

2125 978 2306 1033 tilibus
2348 979 2533 1034 oleam
2573 976 2722 1048 pacis
2751 973 2978 1049 ﬁguram
3026 971 3194 1029 fuisse
3229 991 3241 1028 :
3274 973 3484 1044 hucque
3521 969 3718 1042 impri-

2125 1066 2226 1122 mis
2252 1067 2484 1139 pertinet
2512 1064 2646 1122 illud
2676 1063 3047 1120 Maronianum
3088 1079 3102 1116 :

2300 1216 2638 1282 Pacifermque
2665 1228 2816 1266 manu
2845 1226 3041 1264 ramum
3072 1211 3349 1274 praetendit
3378 1210 3547 1260 olivas.

2203 1334 2289 1389 Sic
2317 1332 2478 1390 etiam
2509 1333 2564 1388 in
2593 1329 2821 1387 Adriani
2859 1329 2990 1400 imp.
3021 1342 3244 1383 nummo
3273 1327 3509 1400 quodam
3560 1327 3731 1382 simu-

2129 1422 2332 1477 lacrum
2371 1422 2607 1479 cernitur
2638 1422 2775 1476 ﬂexo
2818 1434 2980 1492 genu,
3015 1417 3287 1472 dexteram
3332 1415 3435 1486 ipsi
3484 1417 3728 1486 impera-

2131 1512 2236 1566 tori
2267 1510 2575 1582 porrigens,
2599 1509 2820 1565 sinistra
2844 1520 2974 1562 vero
2995 1507 3131 1562 olea:
3157 1521 3384 1560 ramum
3408 1503 3728 1574 praeferens.

2133 1615 2255 1655 curn
2301 1599 2650 1670 inscriptione
2699 1609 3130 1653 :RBSTITUTORI
3177 1608 3470 1659 HISPANIA-1,
3520 1593 3731 1648 scilicet

427 1688 493 1742 in
524 1690 624 1760 Ep.
649 1661 719 1744 's.
753 1687 912 1746 Joan.
957 1686 1030 1742 ait
1062 1661 1137 1741 ε’σι
1171 1685 1262 1741 Fel
1290 1685 1535 1740 columba
1564 1700 1669 1741 non
1710 1661 1892 1756 lmbet,
1944 1692 2023 1739 ια·
2060 1661 2104 1742 Β
2130 1705 2250 1745 eam
2295 1661 2565 1762 pacatam
2630 1685 2901 1743 reddenti.
2952 1683 3159 1739 Pariter
3205 1697 3456 1737 nummus
3506 1681 3725 1752 quidam

427 1791 549 1831 men
579 1783 754 1831 rostro
782 1786 834 1830 et
869 1774 1066 1846 pennis
1096 1790 1194 1846 pro
1224 1774 1350 1830 nido
1389 1783 1638 1846 pugnat;
1667 1774 1787 1828 sine
1819 1773 2021 1829 amari-

425 1863 614 1919 tudine
646 1862 818 1919 smvit.
851 1883 874 1912 υ

501 1955 742 2025 Figurae.
787 1951 940 2008 Illum
971 1950 1119 2008 enim
1149 1950 1472 2007 descensum
1507 1950 1739 2022 Spiritus
1771 1950 1826 2006 S.
1855 1948 2026 2022 praeﬁ-

429 2043 662 2114 gurabat
690 2041 796 2097 alia
840 2042 1116 2108 columba,
1153 2041 1295 2096 illius
1333 2043 1450 2098 Noe
1498 2041 1553 2096 in
1604 2041 1721 2096 Vet.
1763 2041 2023 2108 Testam.,

429 2131 702 2201 simulque
733 2133 846 2188 haec
875 2132 1044 2188 nostri
1072 2129 1326 2202 baptismi
1355 2130 1554 2201 praevia
1573 2130 1822 2202 quaedam
1852 2128 2031 2201 ﬁgura

429 2228 566 2282 erat.
720 2283 726 2289 _

506 2310 718 2368 Mundi.
782 2311 872 2365 Sic
925 2311 1198 2380 eleganter
1251 2307 1513 2362 diluvium
1573 2306 1702 2361 illud
1746 2306 2029 2360 Nocticum

437 2399 688 2469 appellat,
721 2413 755 2452 a
785 2399 842 2452 S.
883 2397 1113 2469 Gregor.
1145 2396 1278 2449 Naz.
1311 2403 1444 2451 orat.
1478 2397 1566 2462 40,
1600 2395 1664 2450 de
1712 2397 1872 2466 Bapt.
1905 2409 2034 2450 vere

436 2487 656 2560 peccati
682 2487 965 2542 diluvium
987 2485 1323 2538 nominatum
1345 2497 1360 2535 :
1385 2497 1448 2538 eo
1470 2481 1618 2554 quod
1639 2489 1784 2537 totus
1805 2481 2038 2535 mundus

441 2575 678 2650 peccatis
706 2590 768 2630 ac
798 2573 1096 2630 sceleribus
1147 2579 1271 2627 ante
1300 2572 1552 2642 repletus,
1591 2587 1652 2628 ac
1679 2569 1828 2628 velut
1874 2567 2035 2623 inun-

439 2671 628 2730 datns;
649 2662 1066 2736 superveniento
1097 2661 1298 2716 diluvio
1327 2662 1426 2715 sub
1455 2660 1592 2730 Noe,
1625 2660 1880 2716 universo
1911 2674 2038 2731 pro-

441 2771 508 2825 pe
538 2769 733 2829 genere
760 2754 1000 2809 humano
1038 2750 1094 2805 in
1123 2752 1276 2822 aquis
1305 2751 1500 2806 misere
1527 2749 1818 2816 suffocato,
1853 2765 1886 2804 a
1917 2765 2040 2820 pec-

442 2851 687 2899 catorum
738 2841 989 2898 sordibus
1027 2848 1354 2914 expurgatus
1393 2839 1576 2899 fuerit.
1627 2842 1703 2895 Ita
1747 2841 1905 2895 etiam
1945 2854 2042 2911 per

445 2931 776 3002 baptismum
823 2929 1019 2986 Christi
1067 2931 1133 2984 ab
1172 2929 1424 3002 originali
1470 2937 1525 2984 et
1569 2928 1778 2985 caeteris
1831 2943 2043 3000 quoque

448 3021 719 3087 omnibus,
749 3035 872 3092 quae
903 3028 1027 3075 ante
1054 3019 1379 3088 baptismum
1411 3020 1609 3089 insunt,
1641 3018 1872 3090 peccatis
1899 3017 2043 3074 elui-

448 3126 592 3165 mur.
625 3109 765 3164 Sane
813 3116 986 3164 autem
1019 3111 1162 3163 hunc
1206 3108 1388 3179 ipsum
1427 3109 1771 3180 baptismum
1799 3116 2043 3163 nostrum

449 3213 548 3269 per
579 3196 865 3253 diluvium
887 3195 1016 3251 illud
1048 3195 1450 3269 praeﬁguratum
1471 3195 1662 3263 fuisse,
1693 3211 1756 3251 ex
1777 3195 1914 3266 ipsis
1944 3195 2040 3251 SS.

449 3283 666 3341 Litteris
697 3285 719 3338 Ι
749 3285 889 3342 Petr.
942 3299 1020 3354 ιιι,
1056 3300 1109 3338 x.
1158 3287 1226 3339 20
1275 3294 1328 3339 et
1357 3300 1474 3356 seq.
1514 3284 1679 3354 liquet
1709 3301 1723 3339 :
1765 3284 1823 3339 In
1853 3284 2045 3340 diebus

449 3375 559 3432 Noe
596 3391 726 3431 cum
768 3376 1152 3445 fabricaretur
1181 3374 1345 3439 Area,
1386 3375 1449 3430 in
1487 3389 1598 3446 qua
1624 3374 1819 3446 pauci,
1851 3373 1910 3428 id
1940 3377 2043 3441 est,

449 3466 570 3522 octo
590 3465 800 3520 anima:
833 3465 1005 3520 salva:
1034 3466 1209 3535 factae
1238 3469 1371 3521 sunt
1398 3480 1500 3535 per
1528 3477 1755 3536 aquam.
1797 3461 1946 3530 Quod
1991 3464 2048 3517 et

450 3569 542 3609 vos
572 3551 771 3625 (pergit
798 3552 1113 3622 Apostolus)
1142 3568 1294 3608 nunc
1312 3553 1521 3608 similis
1541 3555 1730 3622 forma
1759 3553 1937 3608 salvos
1956 3553 2049 3621 fa-

448 3641 528 3696 cit
570 3653 898 3706 BAPTISIUS,
937 3656 1053 3694 non
1099 3641 1293 3696 carnis
1337 3639 1605 3712 depositio
1633 3640 1900 3707 sordium,
1951 3642 2046 3697 sed

452 3729 814 3784 conscientia:
839 3727 995 3782 bona:
1031 3729 1396 3798 interrogatio
1421 3729 1484 3782 in
1520 3731 1694 3785 Deum
1723 3747 1826 3800 per
1863 3743 2050 3785 resur—

455 3815 760 3872 rectionem
781 3816 830 3870 J.
858 3815 915 3869 C.
946 3815 1112 3884 quue
1139 3815 1371 3883 amplius
1399 3815 1636 3870 declarat
1665 3815 1720 3869 S.
1745 3819 1886 3886 Aug.
1909 3818 1942 3873 l.
1969 3833 2049 3872 xu

451 3907 650 3962 contra
678 3905 868 3958 Faust.
904 3918 952 3957 θ.
986 3903 1074 3968 14,
1108 3901 1179 3955 ita
1215 3901 1471 3972 inquiens
1505 3915 1518 3954 :
1570 3922 1593 3956 ι
1634 3904 1747 3962 Noe
1775 3921 1896 3960 cum
1935 3907 2048 3962 suis

454 4005 550 4060 per
579 4005 772 4061 aquam
803 3998 856 4045 et
882 3989 1094 4061 lignum
1123 3988 1348 4061 (arcam)
1384 3989 1642 4048 liberatur
1675 4009 1688 4046 :
1719 3993 1855 4050 sicut
1885 3994 2046 4050 fami-

451 4078 523 4135 lia
569 4077 762 4133 Christi
808 4094 907 4149 per
953 4077 1283 4148 baptismum
1338 4081 1514 4136 crucis
1558 4081 1808 4153 passione
1855 4085 2046 4160 signa-

455 4178 558 4224 tur.
591 4187 616 4218 »
649 4167 716 4223 Et
743 4167 877 4224 ibid.
910 4183 958 4224 c.
996 4171 1061 4224 i7
1089 4167 1164 4222 ait
1194 4185 1209 4221 :
1249 4187 1275 4220 α
1305 4168 1433 4224 Post
1455 4178 1661 4241 septem
1693 4171 1826 4241 dies,
1850 4188 1916 4228 ex
1943 4189 2049 4245 quo

453 4259 570 4315 Noe
603 4257 882 4329 ingressus
924 4263 1004 4312 est
1057 4257 1112 4311 in
1163 4273 1359 4325 arcam,
1392 4257 1594 4315 factum
1640 4269 1724 4316 est
1769 4261 2046 4331 diluvium,

465 4345 590 4418 quia
613 4361 708 4418 spe
735 4344 916 4401 futura
962 4345 1179 4416 quietis,
1213 4362 1318 4417 qua
1347 4346 1575 4418 septimo
1622 4349 1710 4404 die
1742 4349 2048 4422 signiﬁcata

460 4441 563 4502 est,
597 4434 951 4504 baptizamur.
991 4453 1015 4486 ι
1053 4434 1161 4490 Sed
1192 4442 1245 4490 et
1272 4435 1330 4490 S.
1363 4436 1592 4492 Basilius
1620 4438 1690 4492 Μ.
1724 4438 1870 4493 hom.
1919 4443 1965 4504 l,
1996 4439 2049 4494 in

454 4522 596 4577 Psal.
627 4529 829 4588 Xxvm,
884 4524 968 4588 10,
1001 4522 1332 4594 baptismum
1376 4523 1577 4582 diluvio
1625 4534 1925 4596 comparat,
1976 4529 2049 4582 in-

455 4610 648 4682 quiens
681 4624 694 4664 :
732 4631 755 4661 α
808 4610 1060 4681 Baptismi
1102 4609 1278 4682 itaque
1323 4611 1546 4682 gratiam
1576 4611 1836 4670 diluvium
1875 4615 2050 4670 nomi-

453 4706 543 4754 nat
569 4699 901 4772 (prOpheta),
937 4714 1045 4772 quo
1074 4697 1152 4767 ﬁt,
1199 4706 1257 4754 ut
1286 4699 1466 4756 anima
1509 4701 1744 4772 peccatis
1781 4703 1964 4759 abluta
1998 4714 2051 4762 et

454 4797 702 4861 purgata,
767 4804 994 4845 excusso
1035 4805 1066 4843 a
1104 4804 1164 4844 se
1221 4787 1389 4843 veteri
1425 4790 1666 4859 homine,
1717 4791 2050 4849 domicilium

455 4879 714 4949 deinceps
756 4879 847 4934 ﬁat
889 4877 1294 4934 accommodum
1325 4878 1440 4933 Deo
1488 4879 1544 4935 in
1585 4881 1802 4951 spiritu.
1855 4903 1881 4934 ι›
1946 4883 2052 4940 Sed

455 4973 508 5021 et
530 4966 721 5022 similia
752 4967 806 5020 in
838 4968 984 5020 hom.
1018 4969 1070 5036 2,
1102 4968 1166 5021 in
1192 4967 1378 5024 eumd.
1410 4969 1563 5024 Psal.
1600 4969 1782 5025 habet.

529 5055 775 5113 Caelestis
805 5057 909 5112 iraa
937 5073 1139 5128 praeco.
1171 5058 1346 5114 Locus
1375 5057 1466 5114 hic
1495 5057 1785 5118 admodum
1815 5061 2054 5134 impedi-

457 5153 542 5200 tus
602 5143 824 5202 Il68
883 5156 993 5216 est;
1053 5146 1309 5218 numquid
1363 5149 1507 5203 enim
1555 5151 1830 5222 columba,
1886 5157 2046 5224 pacis

455 5237 637 5293 oleam
665 5233 922 5300 afferens,
948 5252 1133 5308 praeco
1165 5239 1404 5296 caelestis
1435 5240 1540 5295 ira:
1570 5237 1708 5295 fuit?
1731 5239 1912 5312 Aliqui
1944 5241 2047 5312 igi-

457 5335 547 5383 tur
585 5332 773 5396 putant
806 5340 905 5397 pro
944 5327 1050 5382 ira:
1074 5328 1468 5384 restituendum
1509 5344 1628 5384 esse
1664 5332 1885 5400 gratim.
1923 5330 2054 5385 Cum

455 5414 598 5469 enim
617 5415 668 5470 in
692 5415 1011 5486 quibusdam
1035 5417 1458 5488 mss.'_'reperitur
1479 5417 1808 5473 abbrevitate
1828 5435 1964 5488 grue,
1989 5421 2056 5474 ab

455 5503 700 5574 imperito
739 5503 961 5562 librario
993 5506 1243 5565 Voculam
1290 5507 1346 5564 in
1391 5509 1493 5562 ira:
1542 5505 1896 5565 deformatam
1927 5508 2056 5567 fuis-

2135 1781 2322 1836 Severi
2350 1778 2440 1832 Pii
2481 1778 2618 1846 Aug.
2660 1782 2896 1846 togatam
2938 1773 3155 1828 exhibet
3201 1770 3449 1842 ﬁguram,
3482 1770 3731 1827 similiter

2133 1881 2256 1922 cum
2286 1864 2420 1919 oleae
2442 1878 2612 1933 ramo,
2638 1863 2820 1918 addita
2848 1861 3141 1933 epigraphe
3165 1877 3178 1915 :
3203 1875 3524 1916 ruam-rom
3553 1875 3731 1916 ηας.

2133 1954 2256 2009 Non
2287 1952 2463 2006 minus
2493 1951 2653 2007 etiam
2701 1952 2755 2006 in
2789 1948 3120 2018 Maximiani,
3151 1956 3204 2004 et
3250 1948 3508 2020 Philippi,
3540 1948 3736 2018 patris,

2135 2044 2414 2111 nummis,
2461 2040 2727 2110 ejusmodi
2774 2038 3126 2095 simulacrum
3175 2038 3429 2107 cernitur,
3481 2045 3537 2092 et
3591 2036 3739 2105 prior

2135 2131 2353 2204 quidem
2393 2146 2496 2186 pax
2543 2145 2801 2198 AUGUSTI,
2850 2126 3115 2199 posterior
3161 2141 3288 2183 vero
3327 2142 3437 2182 pax
3492 2140 3738 2181 .l-ZTEBNA

2139 2218 2468 2275 inscribitur.
2502 2217 2740 2273 Plurima
2776 2215 3046 2287 ejusmodi
3077 2214 3342 2286 exempla,
3375 2214 3420 2271 si
3457 2214 3615 2271 locus
3645 2214 3731 2270 fo-

2140 2316 2239 2375 ret,
2283 2309 2388 2364 huc
2411 2309 2629 2377 congeri
2659 2311 2904 2377 possent.

2214 2397 2420 2452 Eadem
2449 2395 2828 2468 dispositione,
2860 2407 2957 2462 pro
2997 2391 3186 2451 eodem
3220 2391 3400 2459 modo,
3432 2399 3526 2448 aut
3549 2395 3744 2450 eadem

2144 2478 2528 2542 ordinatione.

2221 2576 2395 2631 Carni
2421 2578 2651 2631 nostrae.
2697 2573 2825 2630 Haec
2853 2571 3022 2639 enim,
3053 2571 3308 2644 quoniam
3339 2572 3402 2631 de
3431 2578 3589 2630 terra
3627 2572 3742 2629 for-

2146 2671 2286 2716 mata
2308 2669 2387 2716 est
2408 2662 2702 2730 (formavit
2729 2664 2879 2718 enim
2902 2664 3172 2718 Dominus
3189 2664 3333 2717 Deus
3363 2663 3648 2719 hominem
3681 2664 3747 2719 de

2149 2753 2281 2809 limo
2305 2754 2500 2820 terras)
2537 2751 2666 2807 Gen.
2698 2765 2759 2819 ιι,
2791 2767 2845 2805 v.
2875 2753 2931 2819 7,
2964 2759 3112 2806 recte
3146 2756 3298 2808 terra
3323 2751 3542 2806 dicitur.

2218 2843 2418 2897 Pacem
2447 2842 2545 2898 Dei
2574 2837 2850 2910 adferens.
2883 2842 2960 2895 De
2979 2840 3078 2895 hac
3105 2839 3355 2896 columba
3383 2840 3441 2895 S.
3474 2841 3670 2897 Ambr.
3703 2841 3741 2896 l.

2149 2945 2190 2984 ιι
2219 2933 2280 2986 in
2300 2933 2430 2987 Luc.
2463 2945 2512 2986 c.
2536 2945 2620 2996 tu,
2648 2929 2721 2984 ait
2755 2943 2767 2982 :
2805 2949 2831 2981 α
2854 2929 3263 3000 Simplicitatem
3293 2930 3490 2986 lavacri
3519 2931 3748 3003 requirit

2151 2977 2190 2984 --
2300 2977 2430 2987 -..η
2466 2977 2512 2986 -.
2649 2977 2720 2984 κ--
2756 2977 2767 2982 -
2811 2977 2831 2981 --
2854 2977 3263 3000 ---πρ----ηψπ
3293 2977 3490 2986 -_._-.-
3520 2977 3748 3003 “qm.-.

2083 2977 2128 3057 θ
2150 3020 2344 3091 gratia,
2378 3028 2438 3076 ut
2465 3019 2634 3074 simus
2661 3020 2947 3092 simplices
2979 3018 3415 3075 sicutcolumbaz.
3446 3019 3645 3076 Pacem
3679 3021 3748 3075 la-

2151 3111 2293 3169 vacri
2324 3110 2546 3182 requirit
2575 3109 2764 3182 gratia,
2808 3125 2971 3181 quam
3015 3109 3070 3164 in
3117 3118 3246 3181 typo
3278 3109 3454 3166 veteri
3485 3111 3746 3169 columba

2151 3199 2424 3271 quondam
2451 3198 2518 3253 ad
2560 3199 2706 3253 illam
2735 3199 2952 3271 Arcam,
2991 3215 3096 3269 qua
3125 3199 3240 3253 sola
3284 3197 3384 3254 fuit
3413 3199 3602 3253 diluvii
3635 3200 3745 3254 im-

2153 3288 2352 3358 munis,
2383 3287 2615 3346 advexit.
2645 3287 2840 3343 Docuit
2872 3303 2972 3354 me,
3001 3289 3156 3357 cujus
3177 3297 3339 3359 typus
3368 3289 3624 3344 columba
3654 3288 3746 3344 illa

2156 3377 2332 3447 fuerit,
2365 3376 2460 3448 qui
2491 3391 2631 3432 nunc
2678 3375 3001 3433 descendere
3039 3376 3292 3449 dignatus
3328 3383 3409 3432 est
3456 3392 3515 3432 IN
3545 3391 3741 3432 SPECIE

2153 3482 2448 3523 COLUMBE.
2480 3464 2692 3531 Docuit,
2727 3466 2782 3520 in
2819 3466 2910 3520 illo
2941 3483 3120 3531 ramo,
3151 3465 3206 3520 in
3238 3465 3330 3520 illa
3359 3467 3521 3529 Area,
3554 3473 3744 3538 typum

2155 3556 2324 3611 fuisse
2355 3555 2511 3610 Pacis
2535 3553 2829 3620 Ecclesiae;
2862 3555 3002 3624 quod
3033 3554 3172 3608 inter
3219 3553 3336 3623 ipsa
3382 3553 3572 3608 mundi
3600 3553 3742 3608 dilu-

2153 3644 2238 3701 via
2271 3645 2525 3699 Spmrrus
2565 3642 2623 3697 S.
2663 3642 2730 3696 ad
2780 3641 3068 3699 Ecclesiam
3115 3657 3267 3697 suam
3313 3656 3500 3697 paen
3550 3640 3743 3698 efferat

2155 3731 2501 3787 fructuosam.
2567 3751 2588 3780 »
2641 3731 2768 3786 Haec
2800 3731 2857 3786 S.
2901 3731 3086 3786 Ambr.
3142 3730 3402 3786 Columba
3443 3731 3563 3785 haec
3608 3746 3740 3804 ergo

2157 3826 2300 3886 tunc,
2333 3835 2456 3874 cum
2487 3828 2627 3874 terra
2652 3820 2764 3890 jam
2799 3835 2830 3874 a
2858 3819 3111 3876 sordibus
3139 3818 3252 3874 suis
3278 3826 3580 3891 expurgata
3620 3820 3742 3889 fuit,

2157 3925 2384 3966 ramum
2413 3909 2574 3967 olivae
2601 3909 2816 3976 attulit;
2864 3925 3008 3965 nunc
3037 3908 3268 3980 Spiritus
3308 3909 3367 3964 S.
3413 3925 3506 3979 per
3537 3909 3744 3980 baptis-

2160 4015 2308 4055 mum
2337 3997 2550 4067 ablutis,
2585 4014 2775 4069 pacem
2806 4005 2859 4053 et
2884 3999 3112 4069 gratiam
3140 3997 3335 4053 animae
3358 3998 3411 4052 in
3441 4013 3748 4053 sacrameno

2161 4099 2216 4146 to
2265 4087 2687 4144 conﬁrmationis
2733 4085 2908 4152 affert,
2945 4103 3170 4158 eamque
3213 4088 3334 4143 oleo
3383 4087 3652 4161 inungens
3682 4089 3747 4142 ad

2160 4178 2355 4232 luctam
2383 4177 2701 4246 conﬁrmat.

2087 4288 2139 4376 ο
2165 4353 2194 4376 Ω
2232 4267 2376 4364 Area
2404 4267 2667 4364 ﬁgurata,
2692 4267 2867 4376 Atque
2894 4264 2948 4319 in
2969 4266 3067 4321 hac
3087 4264 3374 4364 allegorica
3393 4266 3554 4321 Area:
3575 4264 3748 4361 signi-

2164 4353 2412 4409 ﬁcatione
2459 4353 2660 4425 antiqui
2703 4354 2904 4418 Patres,
2956 4362 3118 4426 atque
3165 4354 3488 4424 interpretes
3543 4353 3748 4423 passim

2161 4442 2529 4498 concordant:
2576 4457 2643 4496 ex
2685 4442 2886 4512 quibus
2924 4443 3008 4500 vel
3036 4441 3174 4497 duos
3221 4440 3514 4512 proferam,
3549 4440 3747 4512 Orige-

2163 4547 2304 4597 nem,
2339 4537 2393 4586 et
2431 4531 2486 4587 S.
2533 4531 2907 4604 Augustinum.
2951 4530 3107 4587 Prior
3137 4545 3269 4602 ergo
3299 4529 3351 4583 in
3396 4530 3548 4585 hom.
3597 4532 3651 4596 2,
3687 4533 3744 4586 in

2169 4623 2299 4678 Gen.
2331 4621 2536 4693 prolixe
2565 4621 2620 4675 id
2651 4621 2963 4687 conﬁrmat,-
2997 4635 3062 4675 ex
3110 4635 3218 4690 qua
3255 4617 3471 4675 nonnisi
3518 4619 3745 4689 paucula

2163 4711 2433 4780 decerpe:
2469 4729 2494 4759 α
2526 4708 2675 4763 Sicut
2705 4718 2830 4765 tunc
2873 4709 3072 4764 dictum
3116 4717 3197 4765 est
3225 4707 3291 4762 ad
3339 4705 3490 4761 illum
3533 4709 3654 4764 Noe
3685 4719 3738 4762 ut

2161 4798 2363 4854 faceret
2408 4799 2634 4863 Arcam,
2683 4804 2736 4851 et
2792 4797 3150 4854 introduceret
3192 4796 3245 4852 in
3279 4813 3397 4853 eam
3425 4811 3533 4852 non
3565 4797 3740 4852 solum

2164 4887 2303 4942 ﬁlios
2341 4894 2395 4942 et
2441 4887 2718 4958 proximos
2759 4903 2905 4952 suos,
2941 4887 3037 4942 sed
3078 4886 3241 4943 etiam
3279 4885 3479 4944 diversi
3531 4885 3742 4959 generis

2165 4973 2420 5030 animalia
2455 4991 2468 5032 :
2499 4973 2573 5028 ita
2614 4973 2776 5028 etiam
2813 4973 2880 5027 ad
2921 4981 3161 5029 nostrum
3208 4974 3338 5039 Noe,
3393 4973 3460 5027 D.
3492 4973 3560 5026 N.
3599 4975 3648 5028 ⁴1.
3680 4972 3738 5027 C.

2164 5064 2216 5119 in
2267 5061 2717 5120 consummatione
2759 5062 3086 5117 saeculorum
3115 5060 3314 5116 dictum
3346 5070 3429 5116 est
3457 5077 3484 5115 a
3536 5077 3735 5124 raras.

2164 5164 2221 5210 ut
2251 5154 2447 5209 faceret
2493 5151 2594 5207 sibi
2627 5165 2815 5208 ARCAM
2862 5165 2926 5203 ex
2957 5149 3121 5223 lignis
3166 5149 3459 5222 quadratis,
3502 5158 3552 5205 et
3583 5166 3736 5206 men—

2164 5260 2320 5300 suras
2348 5243 2397 5297 ei
2424 5241 2576 5296 daret
2605 5240 2915 5297 coelestibus
2944 5238 3290 5294 sacramentis
3311 5239 3560 5310 repletas,
3588 5259 3610 5287 ι
3636 5247 3734 5294 etc.

2166 5333 2221 5389 S.
2265 5331 2411 5404 Aug.
2454 5339 2629 5386 autem
2675 5327 2730 5386 in
2775 5330 2868 5387 lib.
2919 5343 2998 5385 xv
3046 5329 3111 5386 de
3168 5330 3331 5387 Civit.
3395 5329 3508 5396 Dei,
3557 5343 3604 5382 c.
3645 5330 3733 5392 26,

2164 5423 2237 5478 ita
2265 5420 2484 5492 pulchre
2514 5419 2730 5475 disserit
2760 5435 2774 5472 :
2809 5441 2836 5468 α
2869 5417 3026 5488 Quod
3054 5416 3190 5484 Noe,
3239 5415 3442 5472 homini
3465 5417 3634 5485 justo,
3666 5445 3734 5456 —

2163 5510 2388 5580 imperat
2414 5511 2576 5577 Deus,
2610 5516 2670 5566 ut
2699 5523 2875 5566 arcam
2907 5508 3083 5577 faciat,
3115 5537 3184 5550 —
3211 5504 3268 5562 in
3304 5522 3410 5578 qua
3455 5522 3576 5563 cum
3611 5504 3717 5560 suis
