4028 6180
298 362 427 423 1241

290 489 609 547 liberaretur
651 501 683 541 a
729 482 917 542 diluvii
944 480 1214 546 vastitate,
1262 480 1456 552 procul
1503 477 1670 534 dubio
1720 485 1802 534 est
1829 474 1889 530 fi-

294 592 430 647 gura
459 572 861 647 peregrinantis
900 572 956 627 in
1005 572 1110 628 hoc
1148 568 1348 627 saeculo
1376 567 1605 625 civitatis
1632 566 1756 633 Dei,
1786 566 1890 622 hoc

297 671 398 731 est,
429 664 728 732 Eccussm,
767 677 886 734 quae
917 660 975 717 ﬁt
1003 660 1145 717 salva
1174 674 1271 731 per
1297 672 1531 724 uersum,
1563 658 1618 713 in
1646 671 1755 729 quo
1784 672 1885 727 pe-

299 753 487 827 pendit
528 751 790 809 mediator
824 749 923 808 Dei
958 756 1025 806 eL
1046 749 1347 805 hominum.
1395 748 1567 803 Homo
1612 747 1887 803 Cnntsrns

300 844 487 901 Jnsus.
548 861 574 894 ι
639 840 774 897 Vide
829 839 1081 895 eumdem
1142 852 1306 909 porro
1370 844 1484 893 tum
1549 836 1655 891 hoc
1688 876 1703 905 ,
1772 841 1887 891 tum

300 947 413 1005 seq.
444 947 493 990 c.
524 932 611 986 27.
642 930 776 984 Item
801 927 857 983 in
878 930 1081 1001 Expos.
1115 929 1324 998 Evang.
1358 926 1412 983 S.
1444 927 1604 983 Joan.
1639 929 1797 978 tract.
1830 926 1884 991 6,

308 1021 412 1090 QQ.
438 1022 645 1091 Evang.
668 1016 708 1072 l.
732 1032 793 1085 ιι,
815 1034 871 1090 q.
893 1014 984 1085 44,
1004 1015 1101 1071 lib.
1126 1017 1202 1071 De
1222 1014 1494 1071 catechiz.
1518 1012 1699 1069 rudib.
1722 1026 1770 1068 c.
1798 1012 1887 1077 i9,

294 1107 528 1165 maxime
557 1113 735 1163 autem
764 1106 860 1161 lib.
892 1120 974 1160 χιι
1003 1107 1206 1160 contra
1224 1105 1444 1167 Faust.,
1472 1116 1519 1156 c.
1548 1099 1610 1153 11
1636 1107 1690 1154 et
1709 1114 1886 1170 seqq.,

290 1195 382 1252 ubi
436 1194 817 1267 copiosissime
869 1194 1091 1257 Arcam,
1150 1206 1250 1246 ccu
1305 1189 1536 1263 ﬁguram
1591 1186 1881 1253 Ecclesiae,

286 1284 535 1356 exponit.
567 1284 644 1339 De
674 1282 865 1339 eodem
892 1294 1112 1354 quoque
1141 1286 1457 1351 argumento
1504 1276 1615 1349 legi
1659 1282 1890 1348 possunt

284 1372 344 1430 S.
369 1373 608 1446 Gregor.
629 1372 701 1427 Μ.
725 1372 873 1429 hom.
889 1371 954 1424 16
976 1372 1039 1426 in
1063 1368 1283 1433 Ezech.,
1300 1368 1571 1438 Rupertus
1590 1362 1813 1430 Tuit.,l.
1832 1379 1889 1419 tv

285 1468 587 1521 comment.
618 1462 682 1517 in
715 1462 994 1531 Genes.,c.
1022 1459 1087 1515 ’71
1125 1467 1178 1515 et
1206 1455 1663 1530 seqq.,multique
1685 1454 1888 1527 passim

285 1551 399 1607 alii.

359 1640 603 1698 Diluvio.
643 1638 935 1694 Mendosus
960 1637 1122 1693 Junio
1158 1635 1374 1694 videtur
1402 1634 1490 1690 hic
1515 1633 1692 1703 locus,
1727 1646 1886 1704 quem

286 1727 449 1799 proin
475 1728 553 1784 ita
580 1726 969 1783 restituendum
1008 1725 1179 1783 credit
1211 1742 1225 1779 :
1261 1744 1287 1777 α
1321 1722 1377 1779 Si
1404 1732 1458 1781 et
1486 1723 1720 1778 mundus
1767 1736 1888 1777 rur-

289 1832 384 1873 sus
412 1815 657 1887 deliquit,
687 1830 797 1887 quo
828 1814 967 1870 male
994 1821 1339 1885 comparatur
1381 1812 1701 1884 baptismus,
1742 1809 1889 1864 dilue

288 1904 383 1962 vio
409 1902 633 1961 II69
658 1904 840 1977 itaque
868 1903 1011 1976 ignis
1040 1902 1365 1972 destinatur,
1391 1919 1415 1953 ι
1440 1909 1544 1956 etc.
1570 1901 1638 1958 Ut
1657 1899 1890 1972 proinde

286 1995 437 2051 hunc
492 2008 714 2048 sensum
767 1990 894 2048 huic
957 1991 1077 2047 loco
1133 1989 1390 2046 attribuat
1448 2006 1463 2044 :
1535 2008 1560 2039 ι
1619 1986 1777 2057 Quod
1842 1989 1890 2045 si

283 2081 526 2141 mundus
580 2088 707 2154 post
760 2080 998 2136 oblatam
1042 2078 1164 2145 Dei,
1223 2076 1556 2149 singularem
1613 2075 1891 2147 Baptismo

283 2172 545 2248 gratiam,
587 2171 644 2226 in
694 2179 917 2242 peccata
947 2167 1135 2235 fertur,
1170 2177 1329 2239 atque
1377 2167 1432 2222 in
1479 2181 1543 2223 ea
1589 2165 1701 2221 ruit
1747 2174 1894 2222 totus

284 2276 576 2336 praeceps;
610 2273 719 2332 quo
750 2258 896 2315 facto
925 2257 982 2314 in
1012 2256 1344 2329 Baptismum
1380 2262 1462 2312 est
1497 2253 1892 2329 iniquissimus,

284 2357 343 2407 et
372 2349 678 2421 Baptismus
728 2346 869 2402 male
908 2354 1000 2419 est
1044 2353 1384 2416 comparatus
1418 2360 1431 2401 :
1463 2344 1668 2415 itaque,
1702 2342 1755 2398 id
1788 2350 1892 2410 est,

281 2448 580 2514 propterea
609 2437 821 2495 diluvio
840 2438 987 2510 ignis
1017 2435 1317 2492 destinatur
1350 2435 1603 2505 mundus,
1625 2442 1686 2490 ut
1704 2449 1893 2506 quem-

283 2528 586 2585 admodum
615 2526 743 2583 olim
770 2526 926 2597 aquis
954 2523 1353 2581 exundantibus
1401 2522 1586 2594 periit,
1619 2522 1698 2581 sic
1727 2522 1891 2579 etiam

284 2617 421 2674 olim
450 2616 568 2690 igni
593 2614 781 2687 judicii
809 2613 991 2671 Divini
1021 2622 1444 2670 consummetur.
1471 2632 1497 2663 υ
1523 2598 1533 2613 ’

360 2706 437 2763 At
486 2720 590 2779 ego
636 2703 854 2776 quidem
899 2701 1085 2757 malim
1131 2702 1364 2758 retinere
1403 2708 1646 2772 textum,
1688 2703 1891 2759 obscu-

249 2794 590 2851 rriusculum
634 2792 876 2863 quidem,
928 2801 979 2846 at
1023 2789 1114 2861 qui
1158 2790 1263 2844 hoc
1311 2805 1494 2857 sensu,
1536 2788 1670 2843 satis
1706 2789 1893 2860 utique

285 2883 602 2951 commodo,
626 2879 857 2952 intelligi
886 2886 1104 2950 potest:
1138 2879 1243 2936 Sed
1270 2879 1520 2935 mundus
1544 2876 1896 2932 nihilominus

286 2987 495 3028 rursus
524 2970 778 3041 deliquit,
822 2967 878 3022 in
917 2974 1138 3039 peccata
1177 2964 1402 3036 pristina
1446 2966 1712 3023 recidivus
1756 2967 1892 3035 (ma-

283 3059 445 3116 xime
471 3056 527 3112 in
553 3055 816 3129 progenie
849 3056 1043 3121 Cham,
1076 3054 1132 3108 in
1163 3061 1371 3125 patrem
1402 3070 1562 3110 suum
1605 3062 1714 3109 tam
1759 3069 1893 3110 con-

1139 349 1475 413 APPENDIX
1512 351 1578 411 V.
1619 380 1689 394 —
1725 351 1791 411 D.
1830 349 2207 412 CORBINIANI
2243 349 2483 411 ἰῊΟΜλΕ
2523 347 2766 409 ΑΠΝΟΤ.

3450 350 3589 412 1242

1993 493 2139 550 sura,
2170 478 2362 535 lubens
2388 474 2765 550 praetermitto,
2794 474 3021 534 nimium
3060 478 3305 552 vulgata,
3335 486 3390 537 et
3416 479 3586 536 solius

1993 565 2161 622 ferme
2184 567 2409 639 Iosephi
2454 566 2638 636 hujus,
2684 572 2940 637 quantum
2985 566 3200 641 quidem
3243 576 3471 639 constat,
3507 578 3583 626 tc-

1995 652 2248 710 stimonio
2275 654 2425 712 nixa.

2064 742 2273 799 Interea
2302 753 2479 800 tamen
2506 753 2711 801 certum
2739 754 2842 815 est,
2895 745 3034 803 hanc
3080 745 3148 802 de
3192 745 3384 801 mundi
3413 745 3587 801 inter-

1994 830 2071 885 itu
2108 832 2269 905 igneo
2307 833 2651 904 Opinionem,
2699 836 3005 891 universam
3052 850 3222 906 prope
3272 835 3581 909 Antiquita-

1996 928 2105 975 tcm
2162 923 2463 992 pervasisse
2489 964 2503 989 ,
2556 939 2623 981 ac
2677 926 2746 980 ab
2801 924 2933 996 ipsis
2986 940 3205 997 quoque
3260 925 3587 997 gentilibus,

1997 1009 2231 1077 Zenone,
2274 1012 2603 1084 Pythagora,
2654 1014 2944 1085 Heraclito,
2975 1015 3264 1086 Sophocle,
3298 1024 3428 1086 etc.,
3460 1031 3589 1087 pro-

1996 1106 2247 1172 pagatam
2276 1100 2462 1157 fuisse.

2069 1187 2177 1244 Sed
2216 1188 2342 1244 vide
2385 1190 2524 1248 hanc
2569 1205 2684 1246 rem
2732 1191 2992 1267 gravibus
3018 1192 3076 1249 S.
3108 1193 3305 1266 Script.
3338 1192 3588 1251 testimo-

1997 1274 2103 1330 niis
2131 1275 2353 1332 nixam:
2387 1293 2452 1333 ex
2480 1277 2676 1348 quibus
2720 1278 2804 1336 vel
2851 1295 3039 1347 unum,
3085 1282 3295 1337 caeteris
3341 1280 3591 1338 luculen-

1999 1362 2125 1428 tius,
2157 1378 2224 1418 ex
2253 1364 2300 1419 Il
2329 1365 2473 1420 Petr.
2504 1381 2588 1433 ιιι,
2620 1368 2672 1434 5,
2697 1364 2915 1439 profero
2939 1384 2965 1421 εκ
2990 1366 3124 1423 Cwli
3151 1372 3321 1424 erant
3343 1370 3510 1441 prius
3539 1372 3593 1425 et

2001 1453 2173 1517 terra,
2191 1450 2259 1508 de
2276 1468 2443 1525 aqua,
2458 1455 2516 1508 et
2531 1470 2637 1526 per
2654 1470 2858 1527 aquam
2878 1455 3148 1510 insistens
3168 1458 3268 1511 Dei
3284 1459 3442 1514 verbo
3460 1476 3478 1513 :
3491 1472 3595 1531 per

2000 1556 2123 1611 quae
2151 1539 2251 1598 ille
2281 1544 2421 1597 tunc
2438 1542 2685 1599 mundus
2711 1559 2861 1616 aqua
2889 1544 3206 1601 inundatus
3231 1546 3430 1616 periit.
3461 1546 3595 1602 Caeli

1999 1634 2214 1695 autem,
2236 1632 2329 1704 qui
2349 1647 2502 1689 nunc
2521 1637 2680 1699 sunt,
2704 1635 2762 1689 et
2784 1637 2956 1700 terra,
2980 1633 3170 1689 eodem
3188 1633 3347 1690 verba
3366 1636 3595 1706 repositi

1999 1722 2154 1783 sunt,
2187 1717 2311 1789 igni
2336 1722 2610 1776 reservati
2638 1722 2700 1775 in
2729 1721 2879 1777 diem
2902 1721 3134 1793 judicii,
3168 1728 3223 1779 et
3251 1722 3594 1795 perditionis

2003 1807 2310 1879 impiorum
2338 1807 2657 1866 hominum.
2686 1809 2753 1864 Et
2782 1818 2906 1882 post
2933 1825 3105 1882 pauca
3136 1828 3151 1865 :
3181 1812 3450 1870 Adveniet
3481 1829 3595 1869 au-

2006 1901 2121 1952 tem
2149 1896 2266 1955 dies
2285 1899 2513 1955 Domini
2528 1904 2595 1956 ut
2613 1901 2746 1970 fur;
2776 1902 2838 1956 in
2866 1917 2969 1974 quo
3000 1900 3124 1958 caeli
3150 1917 3357 1972 magno
3378 1902 3597 1973 impetu

2005 1988 2310 2054 transient,
2334 1988 2616 2046 elementa
2634 2003 2762 2045 vero
2781 1990 2968 2048 calore
2986 1990 3295 2061 solventur,
3320 1994 3476 2047 terra
3493 2008 3599 2048 au-

2004 2077 2142 2146 tem,
2192 2081 2245 2133 et
2292 2092 2415 2150 qua:
2460 2077 2525 2132 in
2572 2078 2699 2150 ipsa
2748 2094 2919 2151 opera
2955 2083 3299 2144 exurentur.
3329 2078 3596 2137 Eruditis-

2001 2162 2174 2220 simus
2226 2163 2326 2220 hac
2379 2165 2436 2220 in
2491 2165 2716 2222 materia
2774 2175 2859 2223 est
2914 2167 3272 2227 reverendiss.
3328 2168 3601 2225 Calmetus

2001 2262 2185 2310 noster
2248 2255 2304 2309 in
2380 2254 2786 2327 Prolcgomenis
2858 2256 2974 2314 suis
3042 2259 3275 2315 Dissert.
3348 2257 3414 2316 de
3484 2259 3599 2329 ﬁne

2000 2343 2223 2410 mundi,
2255 2350 2361 2400 etc.

2073 2434 2400 2491 Restaurat.
2447 2434 2537 2491 Sic
2582 2432 2726 2490 enim
2756 2437 2867 2492 erit
2891 2435 2954 2493 in
2981 2435 3466 2494 consummatione
3495 2455 3597 2494 sce-

2000 2523 2145 2580 culi.
2165 2524 2349 2580 Mittet
2373 2523 2554 2580 Filius
2577 2524 2823 2582 hominis
2842 2526 3069 2599 angelos
3090 2542 3236 2594 suos,
3260 2529 3319 2581 et
3336 2526 3599 2598 colligent

2001 2610 2067 2667 de
2098 2627 2266 2683 regno
2296 2613 2490 2670 omnia
2520 2613 2811 2678 scandala,
2833 2617 2890 2669 et
2909 2629 2996 2671 eos
3016 2616 3116 2685 qui
3132 2614 3361 2685 faciunt
3392 2616 3599 2687 iniqui-

2003 2704 2183 2756 tatem
2199 2720 2216 2753 :
2239 2703 2296 2755 et
2315 2702 2554 2757 mittent
2575 2716 2663 2759 cos
2682 2702 2746 2756 in
2766 2702 3060 2758 caminum
3079 2703 3245 2773 ignis.
3268 2701 3453 2758 Matth.
3467 2717 3595 2769 xm,

2004 2788 2072 2842 40
2100 2797 2153 2841 et
2181 2802 2300 2858 seq.

2076 2877 2280 2933 Debeat
2307 2876 2510 2947 accipi.
2536 2875 2646 2931 Illae
2676 2873 2808 2946 ipsa:
2836 2873 3087 2931 nimirum
3117 2873 3310 2948 figura:
3343 2875 3594 2949 baptismi

2007 2966 2176 3021 nostri
2206 2964 2485 3036 (nimirum
2518 2973 2573 3021 et
2598 2980 2872 3022 DILUVIUM
2900 2974 2953 3022 et
2980 2967 3152 3037 lGNIS)
3181 2965 3475 3022 admonere
3503 2981 3605 3023 nos

2006 3054 2224 3123 debent,
2254 3052 2381 3124 quid
2412 3061 2538 3125 post
2565 3069 2883 3111 BAP’I‘ISIUM
2913 3055 3112 3127 lapsos,
3144 3070 3243 3111 nec
3278 3063 3470 3127 postea
3506 3072 3603 3127 per

284 3143 609 3210 tumeliosi,
658 3145 815 3213 cujus
858 3141 999 3198 filius
1050 3142 1360 3208 Chanaan,
1410 3143 1723 3213 posterique
1778 3143 1895 3212 ejus
1926 3140 1971 3223 ς
2001 3143 2405 3215 paenitentiam
2433 3142 2828 3216 redintegratos
2865 3142 3109 3215 (minime
3157 3144 3300 3199 enim
3345 3145 3601 3201 Montano

284 3233 616 3290 Chanancei
634 3247 666 3287 a
683 3232 800 3288 Deo
822 3232 939 3301 ipso
961 3229 1248 3287 maledicti
1274 3229 1483 3285 fuerant
1510 3231 1673 3303 (Gen.
1696 3247 1778 3299 ιχ,
1803 3232 1893 3298 25)

284 3334 401 3394 quo
450 3319 512 3393 (i.
563 3336 617 3376 e.
665 3336 774 3393 qua
803 3334 884 3387 re,
931 3317 1023 3374 vel
1069 3320 1137 3374 ut
1165 3317 1323 3388 adeo)
1352 3318 1504 3375 male
1532 3324 1895 3393 comparetur

286 3412 431 3483 (non
465 3411 611 3483 quod
652 3407 986 3481 comparatio
1030 3407 1183 3480 prior
1227 3409 1384 3464 mala
1440 3424 1538 3464 seu
1582 3408 1767 3481 inepta
1804 3408 1891 3479 sit,

290 3498 401 3556 sed
432 3498 579 3572 quod
610 3512 719 3554 non
745 3497 919 3553 solum
946 3498 1081 3555 bene
1119 3496 1436 3568 baptismus,
1460 3504 1717 3569 tanquam
1760 3514 1893 3569 pec-

290 3596 547 3647 catorum
594 3586 834 3643 omnium
881 3585 1070 3643 sordes
1117 3601 1183 3643 ex
1229 3585 1415 3641 anima
1459 3586 1753 3657 cujuslibet
1788 3588 1894 3643 ho-

288 3676 479 3747 minis,
528 3675 671 3734 sicut
718 3674 985 3733 diluvium
1027 3689 1094 3731 ex
1139 3674 1392 3733 universo
1432 3674 1658 3745 mundo,
1686 3691 1891 3748 expur-

286 3783 458 3842 gans,
506 3772 867 3837 comparetur,
914 3762 1015 3820 sed
1061 3762 1220 3820 etiam
1268 3765 1333 3820 in
1376 3764 1547 3831 malo,
1596 3780 1696 3821 seu
1742 3767 1899 3823 alteri

286 3854 524 3921 diluvio,
574 3852 740 3924 ignis,
785 3851 880 3923 qui
926 3852 1127 3908 mundo
1165 3851 1221 3906 in
1258 3858 1501 3908 extremo
1538 3853 1755 3910 Iudicio
1793 3870 1893 3911 su-

284 3950 651 4017 perventurus
706 3946 816 4006 est,
875 3946 1021 3996 recte
1075 3941 1472 4011 comparandus
1524 3940 1613 3997 sit.
1674 3944 1896 4002 Diluvio

284 4037 487 4105 itaque
501 4028 622 4103 (seu
650 4028 972 4102 eapropter)
996 4028 1140 4100 ignis
1170 4028 1513 4096 destinatur,
1540 4035 1642 4088 etc.
1665 4031 1894 4102 Recole,

284 4135 415 4194 qua:
440 4135 617 4191 supra
644 4116 782 4189 (not.
819 4114 1033 4186 Mundi)
1063 4114 1319 4171 diximus.

365 4209 490 4279 Igni
514 4207 859 4265 destinatur.
892 4205 1130 4262 Mundus
1158 4204 1404 4262 videlicet
1442 4223 1456 4260 :
1505 4221 1613 4278 qua
1644 4207 1713 4264 de
1745 4225 1803 4266 re
1833 4208 1892 4264 S.

282 4297 541 4355 Justinus
584 4297 656 4352 M.
689 4295 745 4352 in
772 4296 930 4369 Apol.
967 4296 1038 4364 II,
1070 4310 1127 4366 p.
1161 4310 1237 4349 m.
1269 4297 1358 4361 51,
1393 4294 1469 4350 ita
1497 4295 1613 4352 ait:
1664 4296 1756 4350 Καὶ
1800 4298 1894 4356 Σί-

280 4385 451 4442 ϐυλλά
478 4382 535 4441 δὲ
558 4387 640 4441 καὶ
675 4385 938 4446 Ὑστάσπις
965 4384 1243 4458 γινήσισθαι
1270 4391 1367 4439 τῶν
1397 4388 1615 4457 φθαρτῶν
1655 4387 1893 4441 ἀνάλώσιν

2005 3238 2098 3287 aut
2142 3230 2447 3288 Novatiano
2492 3231 2914 3304 astipulandum,
2957 3241 3175 3303 peccata
3229 3241 3351 3305 post
3396 3233 3602 3306 baptis-

2004 3337 2152 3378 mum
2182 3321 2488 3389 commissa,
2520 3321 2725 3393 pariter
2760 3320 3156 3378 irremissibilia
3190 3323 3331 3394 esse)
3354 3322 3409 3378 in
3431 3324 3601 3379 altera

2003 3409 2111 3465 vita
2141 3417 2375 3466 maneat.

2511 3500 2671 3557 Nota:
2699 3498 2773 3555 ad
2799 3503 2969 3571 caput
2997 3499 3094 3556 IX.

2074 3587 2661 3656 Patrocinianaturw,
2674 3588 2829 3645 dotes
2844 3586 3050 3645 scilicet
3060 3585 3599 3659 naturales,Aquam

2005 3692 2115 3749 prae
2170 3675 2382 3733 caeteris
2427 3675 2709 3733 elementis
2764 3675 3235 3744 commendantes,
3282 3676 3352 3733 de
3398 3676 3600 3749 quibus

2002 3781 2127 3838 cap.
2160 3768 2213 3836 3,
2245 3782 2341 3838 per
2368 3772 2465 3822 tot.
3550 3840 3559 3843 γ

2078 3854 2169 3911 ll
2190 3854 2305 3912 70
2333 3854 2639 3928 Privilegia
2666 3854 2891 3927 gratiae.
2929 3856 3219 3924 Gratuita,
3249 3862 3413 3927 atque
3445 3855 3600 3925 ejus-

2004 3945 2127 4002 dem
2173 3954 2379 4001 naturae
2416 3942 2786 4017 superaddita,
2827 3943 2895 4000 de
2932 3944 3131 4017 quibus
3166 3960 3287 4016 cap.
3340 3945 3371 3999 4
3415 3942 3601 4000 itidem

2005 4050 2104 4106 per
2132 4041 2229 4090 tot.

2080 4124 2366 4180 Solemnia
2389 4124 2726 4195 disciplinae,
2775 4124 2921 4179 ritus
2949 4122 3218 4188 videlicet,
3249 4122 3305 4176 in
3334 4122 3600 4191 baptismo

2007 4224 2071 4265 ex
2101 4211 2363 4267 Ecclesia:
2391 4209 2753 4268 ordinatione
2802 4209 3047 4264 adhiberi
3097 4206 3243 4265 soliti
3276 4225 3288 4263 :
3336 4216 3395 4262 ut
3438 4224 3601 4279 supra

2005 4315 2125 4371 cap.
2156 4301 2190 4353 7
2218 4306 2272 4354 et
2301 4303 2354 4353 8.

2079 4387 2560 4454 Praestructiones,
2607 4400 2707 4441 seu
2750 4386 3224 4459 praeparationes,
3256 4392 3310 4440 et
3337 4400 3599 4444 caeremo-

282 4473 378 4530 διὰ
402 4476 549 4548 πυρὸς
593 4476 795 4547 ἔφασαν.
825 4473 886 4527 Οἱ
913 4476 1154 4547 λεγόμενοι
1184 4469 1238 4526 δᾶ
1283 4472 1478 4529 Στοΐκοὶ
1518 4476 1763 4549 φιλόσοφοι
1812 4478 1894 4531 καὶ

2017 4492 2112 4533 uiae
2140 4474 2540 4532 antecedentes.
2582 4474 2695 4530 Hoc
2741 4473 2884 4529 enim
2931 4489 3092 4530 sensu
3120 4480 3305 4529 noster
3330 4472 3473 4532 hanc
3498 4488 3599 4531 vo-

283 4565 432 4620 αὓτὸν
471 4566 549 4620 τὸν
594 4564 716 4619 Θιδν
763 4562 829 4626 εἰς
874 4568 966 4636 πῦρ
1015 4562 1299 4617 ἀναλύεσθαι
1336 4558 1694 4636 donaui-(Eoum,
1723 4565 1804 4618 καὶ
1825 4571 1888 4619 αὖ

282 4654 435 4708 πάλιν
505 4653 635 4708 κατὰ
686 4648 954 4725 μεταϐολὴν
1032 4653 1112 4705 τὸν
1175 4653 1350 4723 κόσμον
1403 4653 1621 4723 φινέσθαι
1674 4654 1864 4726 λέγουσι
1882 4696 1896 4711 .

286 4744 337 4800 Ι.
370 4757 422 4798 e.
454 4744 528 4799 Et
585 4742 792 4816 Sibylla
836 4757 987 4810 vero,
1044 4746 1103 4801 et
1158 4738 1444 4815 Hystaspis
1496 4745 1769 4815 futuram
1806 4762 1888 4802 re-

283 4847 425 4890 rum
484 4831 944 4903 corruptibilium
1002 4834 1495 4905 consumptionem
1550 4851 1654 4907 per
1701 4835 1889 4909 ignem

283 4921 592 4979 dixerunt.
619 4919 722 4987 Qui
764 4935 892 4977 vero
920 4919 1291 4993 appellantur
1328 4922 1500 4979 Stoici
1524 4922 1848 4997 philosophi
1873 4965 1889 4990 ,

279 5012 483 5085 ipsum
521 5010 695 5065 etiam
724 5009 900 5064 Deum
948 5010 1011 5063 in
1043 5010 1234 5080 ignem
1272 5009 1617 5069 dissolutum
1660 5012 1740 5067 iri
1794 5011 1893 5069 do-

277 5102 448 5168 cent,
470 5112 538 5155 ac
559 5112 767 5155 novum
794 5111 899 5170 per
928 5099 1303 5155 mutationem
1350 5098 1628 5155 mundum
1657 5101 1780 5171 fore
1810 5100 1895 5155 di-

284 5193 460 5249 cunt

365 5276 510 5347 Quid
560 5290 708 5346 vero,
761 5274 908 5348 quod
954 5275 1177 5347 Joseph.
1217 5275 1311 5333 lib“.
1346 5293 1364 5332 ι
1402 5277 1535 5334 Ant.
1569 5278 1698 5335 Jud.
1743 5293 1789 5336 c.
1838 5281 1890 5345 3,

289 5366 548 5437 afﬁrmet,
584 5388 609 5420 ι
643 5365 812 5423 Adam
842 5365 1200 5424 universalem
1230 5383 1409 5423 rerum
1439 5366 1713 5423 interitum
1743 5384 1890 5439 prte-

289 5455 525 5528 dixisse,
550 5471 722 5513 unum
751 5471 1044 5524 meamne,
1067 5454 1293 5511 alterum
1321 5457 1585 5513 DILUVIO?
1610 5477 1632 5511 ι
1666 5456 1892 5531 Reliqua

290 5546 366 5602 de
395 5542 603 5602 duabus
647 5545 930 5612 columnis,
964 5546 1217 5604 lateritio
1261 5561 1388 5616 una,
1420 5546 1591 5603 altera
1640 5564 1891 5606 marmo-

293 5649 398 5694 rea
438 5648 503 5694 ac
545 5633 803 5695 alterutra
829 5634 1041 5707 saltem,
1069 5642 1159 5694 aut
1186 5638 1395 5709 ignem,
1428 5645 1520 5697 aut
1550 5653 1723 5711 aquas
1752 5652 1887 5696 eva-

2008 4583 2127 4623 cem
2173 4565 2227 4622 in
2274 4564 2315 4620 l.
2361 4562 2490 4622 adv.
2535 4565 2790 4635 Hermog.
2823 4578 2873 4619 c.
2907 4565 2993 4632 16,
3026 4571 3289 4636 usurpat:
3321 4561 3496 4636 Igitur
3546 4563 3599 4618 in

2006 4655 2424 4732 prmstructione
2471 4654 2637 4725 hujus
2666 4652 2899 4719 articuli,
2933 4671 2959 4702 ι
2990 4661 3093 4709 etc.
3124 4654 3237 4709 Nec
3263 4653 3444 4709 minus
3472 4652 3526 4708 in
3558 4653 3595 4708 ι.

2006 4748 2073 4804 de
2100 4749 2300 4804 Resur.
2331 4760 2496 4801 earn.
2527 4758 2576 4800 c.
2607 4743 2641 4798 4
2674 4760 2688 4796 :
2726 4761 2752 4794 (ι
2783 4740 2990 4797 Deinde
3037 4739 3270 4796 haeretici
3316 4739 3442 4796 inde
3488 4750 3598 4796 sta-
3694 4810 3697 4813 λ

2006 4837 2099 4890 tim
2130 4832 2417 4903 incipiunt,
2449 4839 2504 4886 et
2532 4829 2658 4885 inde
2699 4835 3049 4901 praestruunt.
3086 4848 3110 4879 ι
3144 4827 3276 4884 Vide
3303 4827 3465 4884 etiam
3494 4826 3592 4884 lib.

2004 4925 2072 4983 de
2098 4926 2336 4981 Prwscr.
2364 4936 2484 4993 cap.
2518 4922 2606 4976 15.

2072 5013 2450 5080 Precationes,
2484 5025 2706 5081 precum
2750 5006 3016 5076 formulae,
3045 5007 3347 5080 praesertim
3392 5006 3448 5064 in
3494 5008 3597 5066 be-

2002 5103 2305 5161 nedictione
2335 5100 2496 5156 fontis
2521 5099 2882 5172 baptismatis,
2930 5106 3022 5153 aut
3065 5097 3121 5153 in
3168 5097 3293 5170 ipso
3330 5098 3598 5171 baptismo

2002 5190 2248 5249 adhiberi
2300 5190 2492 5249 solitae.
2538 5188 2675 5245 Vide
2722 5203 2884 5259 supra
2930 5203 3049 5259 cap.
3081 5188 3113 5243 4
3142 5186 3290 5260 (Not.
3342 5188 3597 5245 Invocato

2002 5281 2154 5352 Deo).

2074 5372 2418 5443 Religionem
2447 5385 2630 5442 aqua.
2664 5367 3009 5439 Religionem
3036 5365 3123 5421 hic
3148 5374 3304 5422 vocat
3332 5365 3595 5419 sanctita-

2002 5469 2113 5517 tem
2144 5458 2310 5529 illam,
2357 5474 2478 5532 quae
2526 5455 2630 5529 ipsi
2677 5472 2833 5529 aquae
2873 5452 3203 5527 baptismali,
3236 5461 3491 5525 tanquam
3520 5454 3593 5509 rei

2001 5564 2167 5606 sacra:
2210 5557 2266 5607 et
2309 5548 2379 5606 ad
2426 5552 2824 5606 sacramentum
2870 5540 3125 5617 baptismi
3174 5541 3487 5612 destinata,
3517 5543 3594 5598 in-

2000 5648 2099 5696 est.
2147 5678 2157 5689 .
