4028 6180
446 358 583 420 1243

1499 353 1586 414 AD
1624 353 1917 415 GENUINA
1978 350 2416 415 TERTULLIANI
2484 350 2699 413 OPERA

3594 353 3733 413 1244

513 483 846 559 Expeditus.
900 482 1199 554 Expeditos
1250 478 1467 551 proprie
1513 478 1760 545 dicimus,
1808 495 2039 551 quorum
2075 487 2121 568 η
2219 477 2567 535 Remedians.
2616 476 2697 568 Ita
2742 475 2901 533 etiam
2956 475 3159 548 antiqui
3216 476 3422 543 Patres,
3480 491 3543 532 ac
3598 477 3739 532 inter

439 574 608 645 pedes
653 588 683 628 e
728 570 974 639 vinculis,
1007 585 1106 625 ceu
1146 568 1590 642 impedimentis,
1623 568 1852 639 exempti
1883 583 1945 624 ac
1973 566 2036 623 li-

442 662 612 720 berati
642 668 791 717 sunt.

512 753 896 809 Sacramento.
922 745 1215 811 Sententia,
1246 743 1512 817 quidquid
1543 744 1795 801 reclamet
1820 745 2033 817 Junius,

440 840 692 913 εἶρὼνικῶς
720 837 975 910 legenda.

512 932 591 986 De
621 930 846 985 saeculo.
881 928 939 980 In
969 925 1205 995 sequiori
1247 940 1409 980 sensu
1437 923 1526 981 hic
1556 926 1852 992 sreculum,
1882 931 1943 980 ut
1974 925 2034 981 S.

437 1019 670 1075 Iacobus
693 1017 866 1087 Epist.
892 1032 949 1071 v.
974 1017 1029 1082 4,
1053 1014 1243 1069 sumit:
1271 1015 1607 1086 Quicunque
1626 1014 1873 1071 voluerit
1894 1018 2038 1070 ami-

439 1125 539 1164 cus
569 1122 685 1163 esse
713 1105 908 1163 sreculi
932 1104 1119 1175 hujus,
1144 1104 1410 1158 inimicus
1433 1105 1531 1161 Dei
1550 1105 1945 1160 constituitur.
1968 1103 2039 1158 Et

440 1197 498 1253 S.
534 1194 731 1250 Paulus
779 1193 845 1248 ad
894 1192 1070 1247 Galat.
1104 1206 1144 1262 ι,
1179 1194 1228 1261 4,
1261 1191 1329 1247 de
1358 1191 1573 1248 Christo
1617 1190 1790 1262 inquit
1825 1209 1838 1244 :
1872 1190 2037 1247 Dedit

439 1286 804 1357 semetipsum
828 1298 931 1355 pro
961 1282 1205 1354 peccatis
1236 1280 1467 1348 nostris,
1490 1283 1555 1337 ut
1571 1296 1672 1336 nos
1703 1280 1943 1352 eriperet
1972 1279 2037 1337 de

443 1374 715 1447 prresenti
744 1373 946 1430 saeculo
977 1386 1243 1443 nequam.

510 1463 932 1519 Dominatorem
961 1459 1295 1531 pristinum,
1326 1457 1469 1515 velut
1499 1456 1747 1523 alterum,
1770 1455 2037 1527 longeque

437 1551 783 1607 immitiorem
808 1549 1167 1615 Pharaonem,
1215 1546 1308 1619 qui
1354 1563 1448 1616 per
1492 1553 1773 1617 peccatum
1802 1546 2035 1601 humano

438 1638 626 1711 generi
677 1638 972 1696 saevissime
1018 1637 1323 1694 dominatus
1367 1635 1506 1702 fuit,
1555 1651 1621 1690 ac
1665 1634 2037 1706 peccatoribus

438 1727 668 1803 singulis
714 1726 1007 1781 etiamnum
1062 1725 1411 1794 dominatur,
1459 1723 1633 1779 donec
1690 1738 1786 1793 per
1843 1736 2035 1792 aquam

2148 568 2248 622 hos
2276 566 2331 622 S.
2362 565 2575 634 Ambr.,
2604 563 2702 620 lib.
2728 567 2803 621 De
2832 566 2917 622 his
2946 565 3046 638 qui
3074 565 3212 620 init.
3243 579 3296 622 c.
3326 567 3383 635 3,
3412 572 3731 635 exponunt:

2152 676 2176 706 α
2210 654 2435 719 Marath,
2484 652 2673 726 inquit,
2719 650 2844 709 fons
2891 651 3260 710 amarissimus
3305 661 3450 722 erat;
3490 652 3636 708 misit
3682 653 3737 707 in

2144 762 2269 802 eum
2303 743 2517 802 1171
2556 744 2770 816 Moyses
2807 743 3059 816 Lignum,
3107 750 3163 799 et
3197 742 3369 799 dulcis
3417 750 3500 799 est
3544 741 3735 799 factus.

2146 834 2304 907 Aqua
2377 834 2522 890 enim
2588 834 2705 889 sine
2760 833 3137 904 praedicatione
3203 832 3505 888 Dominicis
3564 833 3738 889 crucis

2147 926 2290 994 (ecce
2326 923 2575 996 lignum),
2634 922 2702 978 ad
2751 922 2930 980 nullos
2969 937 3103 979 usus
3140 922 3332 978 futurae
3386 918 3576 977 salutis
3611 929 3731 993 est;

2144 1030 2267 1071 cum
2320 1028 2450 1072 vero
2506 1014 2753 1068 salutaris
2809 1011 2972 1068 fuerit
3025 1011 3200 1069 crucis
3253 1013 3509 1083 mysterio
3549 1025 3737 1067 conse-

2145 1109 2308 1174 crata,
2358 1110 2487 1158 tunc
2533 1103 2601 1158 ad
2650 1119 2809 1157 usum
2860 1100 3115 1173 spiritalis
3153 1101 3371 1170 lavacri,
3404 1109 3458 1157 et
3486 1099 3740 1157 salutaris

2144 1191 2361 1263 poculi,
2419 1199 2771 1263 temperatur.
2829 1190 2979 1248 Sicut
3031 1205 3165 1262 ergo
3219 1191 3272 1245 in
3324 1189 3477 1245 illum
3530 1188 3738 1245 fontem

2145 1282 2355 1354 Moyses
2382 1280 2525 1336 misit
2552 1281 2781 1355 lignum,
2822 1279 2926 1335 hoc
2966 1286 3050 1335 est
3087 1279 3354 1352 Pr0pheta
3386 1295 3401 1332 :
3433 1277 3485 1333 ei
3511 1278 3566 1334 in
3594 1276 3742 1333 hunc

2144 1370 2345 1425 fontem
2410 1370 2662 1426 sacerdos
2719 1368 3158 1438 praedicationem
3216 1366 3508 1424 Dominicm
3563 1366 3741 1424 crucis

2144 1458 2327 1525 mittit,
2358 1468 2414 1515 et
2440 1474 2584 1530 aqua
2612 1457 2671 1513 ﬁt
2699 1473 2895 1514 nuncts
2924 1456 2991 1511 ad
3021 1472 3291 1514 ωιτη-ιω.
3328 1476 3352 1509 ι

2216 1545 2480 1601 Caeterum
2527 1545 2721 1600 Junius
2764 1546 2907 1601 hunc
2954 1544 3269 1600 Tertulliani
3313 1545 3493 1600 locum
3541 1544 3612 1598 ita
3664 1545 3744 1600 le-

2146 1635 2375 1709 gendum
2406 1642 2600 1706 putat:
2653 1655 2676 1686 «
2710 1634 2888 1690 Venas
2935 1634 3377 1691 insaluberrimas
3418 1650 3584 1704 aquas
3635 1637 3744 1690 Ba-

2145 1724 2325 1797 ptismi
2373 1723 2582 1780 scilicet
2608 1739 2673 1779 ex
2703 1739 2824 1779 sese
2854 1724 3179 1779 remedians.
3216 1743 3242 1776 s
3289 1724 3363 1779 At
3401 1723 3602 1779 obnixe
3651 1740 3744 1778 re-

438 1813 691 1887 baptismi
747 1815 816 1868 ab
874 1813 1121 1886 ejusdem
1190 1811 1472 1881 tyrannide
1539 1810 1753 1865 liberati
1821 1808 2036 1866 fuerint.
2070 1821 2112 1897 3
2145 1814 2290 1870 tineo
2320 1820 2561 1869 nostram
2591 1811 2907 1879 lectionem;
2957 1828 3066 1868 non
3114 1812 3258 1868 enim
3304 1826 3445 1884 aqua
3483 1811 3748 1884 baptismi

448 1906 587 1963 Cum
616 1903 764 1961 servi
789 1899 978 1960 essetis
1002 1902 1242 1975 peccati,
1273 1899 1349 1956 ait
1378 1900 1568 1972 Apost.
1603 1901 1783 1971 (Rom.
1816 1916 1895 1969 1v,
1922 1903 2034 1971 20),

444 1993 606 2051 liberi
631 1993 826 2063 fuistis
855 1991 1129 2064 justitiae.
1159 1991 1299 2062 Lege
1341 1997 1510 2047 totum
1542 1989 1644 2047 hoc
1672 1989 1922 2062 Apostoli
1952 2006 2040 2047 ca-

442 2089 558 2151 put.

518 2172 943 2243 Derelinquunt,
977 2171 1207 2227 Satanae
1251 2168 1505 2226 nimirum
1554 2176 1611 2224 et
1657 2169 1879 2242 pompis
1924 2169 2042 2239 ejus

441 2261 502 2316 in
532 2260 808 2332 Baptismo
859 2260 1248 2315 renuntiantes.
1281 2258 1546 2313 Caeterum
1599 2258 1883 2314 transitum
1923 2274 2038 2313 ma-

443 2352 518 2406 ris
568 2350 733 2405 Rubri
777 2350 1011 2421 ﬁguram
1055 2349 1225 2405 nostri
1272 2347 1528 2418 baptismi
1567 2347 1752 2413 fuisse,
1809 2348 2042 2419 ipsemet

441 2436 735 2509 Apostolus
762 2437 784 2490 ι
813 2436 935 2490 Cor.
984 2452 1043 2504 x,
1098 2439 1149 2501 1,
1200 2442 1254 2490 et
1298 2450 1416 2507 seq.
1450 2434 1578 2489 satis
1608 2434 1844 2491 declarat
1877 2453 1892 2491 :
1930 2437 2041 2491 Pa-

445 2520 559 2584 tres
579 2527 763 2585 nostri
782 2541 972 2583 omnes
1001 2523 1099 2580 sub
1127 2523 1272 2580 nube
1299 2525 1562 2595 fuerunt,
1592 2527 1648 2579 et
1676 2538 1865 2580 omnes
1885 2538 2042 2579 mare

445 2616 885 2677 transierunt,et
896 2629 1087 2670 omnes
1102 2608 1351 2684 inMoyse
1362 2612 1637 2684 baptisati
1648 2614 1784 2667 sunt
1796 2612 1855 2666 in
1870 2611 2040 2677 nube,

445 2707 503 2760 et
552 2704 734 2769 mari;
785 2701 839 2756 in
886 2717 1008 2774 qua:
1048 2701 1212 2757 verba
1260 2700 1318 2755 S.
1367 2699 1515 2772 Aug.
1563 2698 1658 2757 lib.
1709 2716 1792 2755 xx
1840 2703 2045 2759 contra

444 2794 663 2858 Faust.,
711 2806 760 2847 c.
812 2792 907 2855 29,
955 2789 1029 2845 ait
1074 2806 1089 2843 :
1145 2810 1167 2839 α
1222 2788 1428 2855 Nubes,
1487 2796 1542 2843 et
1598 2803 1747 2845 mare
1795 2787 2042 2843 Rubrum

445 2879 753 2952 Baptismus
784 2878 996 2951 utique.
1032 2878 1225 2935 Hostes
1252 2887 1549 2950 sequuntur
1594 2892 1626 2931 a
1672 2886 1829 2950 tergo
1863 2895 1877 2931 :
1918 2893 2042 2933 mo-

444 2967 655 3024 riuntur
697 2976 922 3039 peccata
963 2966 1250 3038 praeterita.
1288 2986 1310 3016 »
1360 2965 1427 3021 Et
1474 2964 1529 3023 S.
1563 2966 1749 3022 Ambr.
1784 2966 1820 3021 l.
1854 2970 1929 3023 De
1959 2966 2044 3023 his

446 3059 544 3130 qui
587 3057 922 3123 initiantur,
971 3062 1097 3121 ete.,
1145 3071 1196 3112 c.
1245 3058 1300 3125 3,
1350 3055 1424 3111 ita
1472 3055 1676 3111 habet:
1736 3077 1760 3105 α
1792 3055 2045 3112 Advertis

2143 1911 2261 1960 erat
2288 1902 2588 1958 remedians
2614 1901 2734 1957 illas
2759 1919 2933 1975 aquas
2978 1919 3224 1968 amaras,
3259 1919 3360 1960 ceu
3388 1918 3558 1959 venas
3585 1904 3749 1959 insa-

2152 1993 2503 2059 luberrimas,
2535 1991 2631 2047 sed
2662 1992 2880 2063 lignum
2910 1991 3029 2062 (seu
3056 1991 3299 2048 Christus
3334 1991 3393 2047 in
3432 1992 3581 2062 ligno
3610 2007 3748 2047 cru-

2145 2081 2354 2151 ciﬁxus)
2404 2080 2525 2136 illas
2571 2095 2771 2151 aquas,
2818 2079 2887 2134 ad
2934 2079 3269 2152 baptismum
3303 2079 3633 2145 destinatas,
3685 2096 3753 2135 ac

2144 2170 2276 2226 alias
2304 2169 2619 2237 insalubres,
2649 2184 2747 2224 seu
2773 2168 2910 2224 nihil
2937 2169 3190 2238 salutare,
3236 2185 3299 2226 ac
3345 2166 3643 2240 proﬁciens
3679 2167 3753 2222 ad

2145 2258 2375 2313 salutem
2430 2264 2671 2314 nostram
2728 2256 3091 2323 continentes,
3148 2256 3203 2311 in
3257 2256 3617 2322 dulcedinem,
3678 2274 3753 2314 ea:

2145 2363 2278 2416 sese,
2310 2362 2407 2403 seu
2438 2346 2651 2417 propria
2680 2361 2776 2401 sua
2805 2344 3026 2415 virtute,
3057 2347 3113 2402 in
3140 2346 3457 2405 remedium
3482 2349 3751 2419 peceato-

2147 2454 2278 2493 rum
2303 2438 2357 2491 et
2386 2435 2619 2490 salutem
2647 2433 2838 2490 animm
2867 2443 3069 2491 nostrae
3096 2435 3377 2493 convertit.

2216 2523 2522 2594 Deﬂuebat.
2548 2562 2553 2567 .
2576 2522 2716 2579 Cum
2764 2524 2906 2578 enim
2956 2525 3190 2596 populus
3217 2524 3386 2580 Israel
3422 2539 3489 2580 ex
3524 2523 3751 2580 deserto

2146 2612 2240 2667 Sin
2277 2612 2615 2685 pervenisset
2668 2613 2725 2668 in
2782 2613 3091 2684 Raphidim,
3150 2621 3309 2685 atque
3365 2613 3435 2669 ob
3489 2612 3749 2669 acerbam

2144 2700 2311 2773 sitim,
2352 2717 2459 2772 qua
2500 2701 2818 2768 vexabatur,
2850 2711 3040 2760 contra
3068 2704 3291 2774 Moysen
3321 2711 3745 2767 murmurasset,

2138 2792 2303 2862 jussit
2353 2792 2502 2847 Deus
2559 2791 2704 2847 illam
2743 2790 2917 2863 ipsam
2957 2792 3184 2863 virgam,
3236 2808 3345 2864 qua
3395 2801 3553 2848 antea
3590 2807 3753 2848 mare

2143 2882 2389 2938 Rubrum
2436 2880 2710 2949 diviserat,
2759 2881 2969 2950 tollere,
3016 2888 3356 2953 petramque,
3407 2882 3475 2936 ad
3521 2880 3755 2936 elicien-

2146 2968 2273 3023 dam
2321 2966 2448 3023 inde
2494 2983 2711 3040 aquam,
2759 2975 3061 3039 percutere,
3092 2981 3192 3025 etc.
3243 2968 3416 3026 Exod.
3466 2985 3561 3034 xv,
3614 2973 3643 3024 1
3698 2977 3755 3023 et

2147 3073 2265 3128 seq.
2295 3055 2483 3112 Simile
2511 3071 2729 3129 quoque
2759 3053 3065 3129 prodigium
3112 3056 3312 3114 accidit
3360 3056 3415 3111 in
3467 3057 3660 3122 Gades,
3692 3064 3756 3111 ut

449 3148 594 3219 quod
639 3142 703 3202 iri
743 3146 835 3202 illo
882 3145 1233 3202 Hebraeorum
1291 3144 1517 3200 transitu
1560 3147 1677 3216 jam
1726 3152 1852 3200 tunc
1902 3144 2043 3200 sacri
2079 3145 2305 3226 QNum.
2334 3161 2426 3214 xx,
2455 3148 2523 3200 13
2556 3154 2608 3201 et
2634 3161 2786 3218 seqq.
2835 3144 3021 3202 videre
3068 3153 3167 3202 est.
3218 3147 3516 3219 Utrumque
3553 3162 3754 3219 respe-

447 3235 794 3307 Baptismatis
849 3234 1025 3307 ﬁgura
1079 3233 1442 3306 praecesserit,
1494 3232 1547 3287 in
1597 3247 1706 3303 quo
1751 3233 2043 3305 Egyptius

2146 3234 2227 3290 xit
2272 3235 2329 3290 S.
2377 3233 2782 3290 PaulusICor.
2832 3249 2892 3303 ι,
2945 3236 2996 3303 4,
3050 3233 3125 3288 ita
3172 3249 3495 3305 exponens:
3547 3235 3757 3292 Omnes

443 3323 625 3397 periit,
672 3331 725 3381 et
769 3323 1028 3379 Hebraeus
1058 3320 1268 3379 evasit?
1300 3320 1443 3390 Quid
1471 3320 1614 3375 enim
1644 3319 1789 3374 aliud
1836 3320 1892 3374 in
1937 3319 2041 3395 hoc
2144 3323 2405 3381 eumdem
2432 3326 2628 3397 potum
2676 3322 2998 3395 spiritalem
3027 3322 3289 3379 biberunt
3332 3324 3509 3393 (ἔπινον
3550 3322 3647 3395 γὰρ
3703 3324 3761 3375 ἐκ

445 3412 689 3485 quotidie
754 3420 1082 3468 sacramento
1146 3410 1408 3467 docemur
1440 3450 1455 3479 ,
1522 3408 1627 3464 nisi
1692 3410 1821 3480 quia
1884 3408 2041 3479 culpa

2151 3416 2464 3484 πνευματικῆς
2506 3410 2848 3471 ἀκολουθούσης
2902 3411 3076 3483 πέτρας
3106 3430 3118 3444 ⁸
3144 3412 3416 3469 Bibebant
3461 3416 3658 3469 autem
3687 3413 3759 3469 de

450 3498 738 3571 mergitur,
770 3506 825 3555 et
853 3513 1003 3555 error
1041 3498 1324 3556 aboletur?
1359 3520 1381 3548 ι
1417 3498 1604 3570 Itaque
1635 3496 1924 3553 Christiani
1952 3511 2048 3568 per
2139 3502 2415 3574 spiritali,
2451 3506 2820 3574 consequente
2870 3515 2984 3568 eos,
3056 3508 3209 3573 petra
3241 3518 3255 3555 :
3317 3517 3502 3558 pn'rna
3547 3506 3750 3558 autem

444 3587 805 3660 baptismum,
835 3596 1088 3660 tanquam
1116 3605 1276 3645 mare
1306 3585 1575 3653 Rubrum,
1622 3585 1689 3640 ad
1734 3600 1928 3641 novam
1959 3585 2042 3642 vi-

445 3684 553 3731 tam
590 3682 892 3732 transeunt.
923 3677 1068 3731 Mare
1113 3676 1213 3745 (ait
1259 3675 1632 3731 Theodoretus
1677 3673 1823 3745 apud
1868 3672 2039 3729 Calm.

444 3764 510 3818 in
559 3765 587 3818 Ι
634 3764 754 3819 Cor.
806 3778 865 3826 Χ,
916 3762 972 3833 2)
1010 3778 1223 3819 sacrum
1251 3762 1514 3819 referebat
1543 3774 1862 3827 LAVACRUM,
1893 3761 2041 3833 quod

442 3847 745 3917 baptizandi
783 3847 1156 3919 ingrediuntur
1202 3868 1217 3906 :
1270 3850 1452 3907 Nubes
1495 3863 1739 3904 GRATIAM
1787 3863 2040 3904 SPIRITUS

446 3935 501 3991 S.
518 3953 538 4000 ;
571 3935 793 4006 Moyses,
824 3950 1193 3993 sacnnnornn
1222 3936 1588 4006 baptizantem
1621 3951 1636 3989 :
1670 3937 1827 4007 virga
1877 3936 2040 4009 hujus

441 4021 770 4096 legislatoris
798 4024 924 4080 Jesu
954 4023 1148 4080 Christi
1177 4040 1400 4082 canona
1432 4042 1448 4080 :
1499 4025 1772 4082 Israelita:
1813 4025 1870 4079 in
1907 4025 2042 4081 mari

444 4128 807 4172 CHRISTIANOS
854 4115 945 4187 qui
995 4114 1328 4187 baptizantur
1362 4132 1375 4172 :
1411 4117 1660 4188 {Egyptii
1698 4116 1952 4182 demersi,
1989 4126 2043 4172 et

442 4202 549 4259 dux
579 4220 767 4262 eorum
795 4205 1039 4274 Pharao,
1072 4205 1375 4277 daemones,
1423 4207 1493 4263 de
1540 4205 1771 4277 imperio
1809 4207 1955 4280 quod
1985 4207 2041 4262 in

443 4306 544 4347 nos
572 4293 910 4360 exercebant,
943 4294 1206 4365 dejectos.

519 4382 899 4439 Commodum.
931 4382 1171 4439 Latinius
1196 4384 1261 4440 in
1288 4399 1457 4441 usum
1486 4384 1840 4440 commodum
1871 4382 2002 4456 legit
2026 4402 2039 4438 :

2146 3595 2271 3649 erat
2298 3590 2624 3660 cnntsrns);
2654 3590 2750 3647 sed
2770 3606 2885 3646 non
2906 3593 2971 3647 in
2987 3591 3267 3664 pluribus,
3290 3599 3394 3647 etc.
3419 3591 3598 3662 Atque
3623 3590 3756 3646 inde

2146 3692 2257 3732 non
2284 3676 2515 3733 Rabbini
2543 3678 2739 3743 solum,
2771 3677 2867 3733 sed
2913 3685 2967 3733 et
3014 3694 3080 3735 ex
3129 3675 3448 3733 Christianis
3478 3678 3756 3748 interpre-

2145 3773 2226 3820 tes
2273 3777 2385 3818 non
2431 3764 2587 3833 pauci
2626 3764 2980 3831 contendunt,
3012 3767 3245 3823 Petram
3273 3764 3444 3830 illam,
3475 3774 3571 3820 aut
3600 3773 3757 3821 certe

2143 3858 2308 3925 petrae
2360 3850 2504 3907 illius
2553 3870 2753 3926 aquas,
2809 3854 3080 3910 Israelitas
3130 3853 3394 3925 deinceps
3432 3854 3487 3909 in
3526 3854 3755 3910 deserto

2146 3956 2358 4014 semper
2386 3940 2667 3998 comitatas
2696 3940 2886 3999 fuisse.
2937 3942 3017 3999 Ita
3062 3942 3206 3998 enim
3246 3943 3446 3998 Noster
3472 3942 3527 3998 in
3556 3942 3656 4000 lib.
3688 3943 3760 4000 de

2148 4033 2297 4096 Pat.,
2348 4046 2397 4090 c.
2450 4034 2503 4099 5,
2557 4031 2632 4089 ait
2663 4048 2678 4090 :
2730 4051 2755 4085 α
2786 4035 2919 4089 Post
2951 4034 3158 4089 Manna:
3185 4032 3463 4090 escatilem
3490 4032 3755 4104 pluviam,

2145 4129 2269 4192 post
2296 4128 2469 4193 petrae
2512 4121 2805 4192 aquatilem
2835 4122 3135 4195 sequelam,
3172 4144 3195 4174 ι
3232 4130 3339 4179 etc.
3372 4123 3445 4178 At
3472 4140 3593 4195 quae
3626 4138 3764 4193 pro-

2144 4210 2277 4285 digii
2324 4218 2431 4267 tam
2477 4210 2749 4279 immanis,
2802 4219 2856 4268 et
2884 4228 2916 4266 a
2945 4215 3128 4283 Moyse
3175 4212 3488 4285 neutiquam
3542 4212 3762 4284 signiﬁ—

2147 4299 2273 4367 cati,
2320 4299 2410 4357 hic
2454 4300 2765 4356 adstruendi
2795 4300 3124 4357 necessitas?
3152 4301 3275 4357 Non
3314 4301 3461 4358 enim
3507 4300 3761 4371 Aposto-

2147 4389 2232 4447 lus
2276 4388 2364 4444 hic
2408 4390 2473 4446 de
2512 4392 2681 4463 petra
2705 4388 2797 4444 illa
2822 4390 3138 4457 materiali,
3169 4406 3291 4462 qua:
3318 4398 3434 4445 erat
3459 4388 3513 4443 in
3544 4388 3763 4458 Raphi-

442 4469 531 4526 cui
581 4484 692 4551 n_on
736 4471 987 4527 reluctor.
1028 4472 1205 4527 Potest
1252 4484 1428 4528 autem
1477 4483 1531 4529 et
1575 4472 1821 4545 vulgaris
1858 4472 2037 4539 lectio,
2071 4469 2119 4550 ﬂ
2146 4478 2278 4546 dim,
2329 4479 2426 4534 sed
2475 4478 2544 4533 de
2590 4483 2754 4551 petra
2796 4479 3096 4551 spirituali
3124 4478 3481 4551 (proindeque
3508 4477 3669 4534 etiam
3698 4477 3761 4532 in

445 4558 547 4613 etsi
576 4539 908 4625 duriuscula,
944 4560 1184 4629 retineri,
1214 4570 1375 4633 atque
1402 4561 1455 4616 in
1488 4578 1655 4619 suum
1685 4562 2042 4619 commodum

447 4644 676 4718 intelligi
706 4662 803 4717 pro
832 4650 896 4704 in
923 4665 1085 4705 suam
1114 4650 1454 4715 utilitatem,
1478 4666 1643 4721 quam
1664 4649 1925 4705 suavitate
1946 4665 2043 4706 sua

446 4750 509 4790 ac
535 4733 857 4809 limpiditate
885 4736 1195 4793 hominibus
1221 4738 1417 4794 afferre
1444 4739 1600 4796 solet.

519 4827 700 4895 Mosei,
735 4843 832 4898 pro
862 4826 1039 4895 Mosis,
1072 4827 1334 4900 gignendi
1363 4843 1513 4885 casu.

520 4917 902 4972 Remediatur.
946 4916 1025 4971 De
1071 4916 1175 4972 hoc
1220 4918 1386 4973 verbo
1424 4917 1545 4973 vide
1594 4933 1755 4989 supra
1801 4933 1918 4991 cap.
1960 4920 2043 4973 15.

448 5003 713 5060 Caeterum
761 5003 985 5060 historia
1030 5005 1147 5060 haec
1196 5006 1370 5062 Exod.
1421 5025 1511 5077 xv,
1561 5011 1650 5073 23,
1704 5018 1755 5064 et
1803 5025 1920 5081 seq.
1970 5009 2046 5063 ita

445 5099 728 5149 narratur:
760 5096 826 5149 Et
846 5096 1357 5167 veneruntmmn)
1377 5112 1436 5153 IN
1465 5113 1638 5167 nam,
1670 5101 1727 5156 et
1756 5116 1872 5157 non
1895 5102 2048 5171 pote-

449 5188 587 5240 rant
616 5182 796 5242 biberc
822 5199 997 5255 aquas
1035 5186 1267 5257 (mnta)
1292 5200 1365 5240 nn
1394 5201 1575 5260 uana,
1600 5204 1660 5246 eo
1691 5188 1837 5261 quod
1864 5190 2047 5246 essent

456 5285 616 5335 D9173
654 5289 888 5341 autem;
918 5275 1069 5332 unde
1116 5279 1172 5332 et
1225 5291 1532 5347 congruum
1566 5280 1680 5335 loco
1710 5294 1915 5335 nomen
1946 5279 2049 5332 im-

449 5365 671 5437 posuit,
718 5379 919 5421 vocans
959 5363 1129 5418 illum
1163 5364 1543 5434 (multum,
1573 5366 1631 5421 id
1686 5372 1767 5423 est
1796 5364 2049 5421 amaritu-

449 5455 721 5509 dinem....
760 5456 831 5508 Et
867 5453 1113 5509 ostendit
1143 5452 1196 5507 ei
1227 5452 1531 5525 (Dominus)
1581 5456 1801 5526 lignum
1842 5475 1859 5511 :
1907 5454 2050 5527 quod

451 5560 581 5600 eum
610 5544 854 5600 misisset
883 5544 947 5598 in
973 5556 1169 5614 aquas,
1203 5542 1265 5595 in
1294 5540 1651 5600 dulcedinem
1689 5559 1862 5602 versa:
1889 5547 2046 5602 sunt.

522 5635 707 5699 Retro,
740 5644 843 5702 pro
872 5633 1067 5698 antea,
1101 5635 1160 5685 ut
1188 5627 1319 5686 alibi
1347 5629 1565 5701 saepius.

2150 4582 2315 4622 sensu
2346 4565 2520 4622 solum
2549 4565 2834 4636 Spirituali,
2876 4583 2973 4622 seu
3026 4566 3276 4640 mystico)
3308 4567 3563 4638 loquitur,
3592 4567 3765 4621 Chri—

2147 4663 2229 4711 sto
2285 4655 2553 4721 videlicet,
2611 4670 2710 4727 per
2764 4664 2973 4728 petram
3031 4656 3173 4712 illam
3232 4654 3600 4729 praeﬁgurata,
3656 4656 3766 4727 qui

2149 4753 2399 4816 tanquam
2421 4758 2605 4799 parua
2621 4758 2755 4799 vrva
2778 4743 3129 4804 Christianos
3153 4745 3427 4816 (meliores
3444 4745 3771 4815 Israelitas)

2148 4847 2245 4904 per
2290 4831 2561 4887 desertum
2610 4832 2770 4903 hujus
2817 4832 3004 4888 mundi
3045 4832 3267 4889 assiduo
3314 4832 3626 4901 comitatur,
3670 4830 3765 4887 fa-

2150 4930 2271 4978 ctus
2300 4919 2491 4978 iisdem
2520 4922 2646 4992 fons
2673 4938 2837 4994 aqua:
2865 4923 3129 4979 salientis
3159 4924 3221 4978 in
3246 4924 3426 4978 vitam
3446 4926 3766 4978 aeternam.

2151 5012 2304 5066 Joan.
2335 5029 2393 5081 v,
2428 5011 2516 5068 14.
2550 5011 2724 5082 Atque
2754 5009 2879 5067 ideo
2910 5010 3107 5067 Noster
3136 5013 3273 5067 hanc
3301 5027 3494 5084 aquam
3544 5011 3597 5066 in
3648 5012 3773 5067 Ra-

2148 5100 2363 5172 phidim
2395 5117 2459 5157 ex
2487 5109 2642 5173 petra
2690 5099 3070 5174 proﬂuentem,
3104 5101 3294 5158 merito
3323 5100 3462 5157 inter
3503 5100 3771 5172 baptismi

2116 5240 2121 5245 .
2156 5190 2325 5246 nostri
2354 5189 2554 5263 ﬁguras
2583 5190 2752 5261 ponit.

2229 5279 2506 5336 Benedici.
2544 5279 2716 5335 Locus
2753 5294 2882 5335 sane
2911 5281 3200 5336 obscurus.
3234 5276 3515 5336 Excidisse
3542 5277 3781 5336 videtur

2157 5368 2454 5440 quidpiam,
2487 5368 2633 5442 quod
2663 5369 2886 5424 omnino
2933 5368 3319 5440 supplendum.
3352 5366 3541 5440 Itaque
3565 5368 3650 5423 sic
3680 5368 3781 5424 le—

2158 5457 2392 5529 gendum
2433 5468 2560 5527 puto
2594 5475 2607 5510 :
2660 5477 2684 5508 α
2716 5458 2868 5528 Aqua
2914 5456 2969 5512 in
3013 5457 3252 5521 Christo,
3293 5460 3357 5513 in
3404 5474 3510 5530 quo
3541 5458 3777 5528 Baptis-

2160 5562 2303 5601 mum
2333 5544 2572 5601 videmus
2619 5544 2895 5610 benedici;
2928 5564 2950 5594 υ
3008 5545 3099 5616 qui
3147 5561 3341 5601 sensus
3387 5544 3519 5602 satis
3563 5546 3783 5615 planus

2158 5640 2261 5690 est.
2293 5633 2433 5704 Quid
2462 5648 2591 5692 vero
2621 5634 2786 5703 istud,
2817 5636 3177 5707 Baptismum
3220 5633 3517 5693 benedici?
3563 5633 3786 5692 Enim-
