4050 6168
211 393 349 459 1245

1021 385 1355 449 ΑΡΡΕΝΒΙΧ
1398 388 1459 445 ν.
1497 414 1569 429 -
1606 384 1671 442 D.
1725 376 2102 443 CORBINIANI
2136 377 2377 440 ΤΗΟΜᾸζ
2416 380 2656 443 ADNOT.

3362 385 3499 446 1246

208 534 334 579 vero
360 517 449 578 vel
477 515 543 571 de
571 511 946 585 antiquissimo
972 511 1065 567 illo
1111 512 1240 581 ritu,
1271 512 1339 567 ad
1382 516 1565 567 nostra
1612 520 1791 579 usque
1833 500 2047 582 Eidem
2071 504 2262 561 Noster
2291 505 2351 561 in
2378 505 2472 563 lib.
2505 507 2572 564 de
2604 510 2729 565 Pat.
2761 524 2882 580 cap.
2915 512 2968 575 3,
3015 510 3084 567 de
3119 509 3341 568 Christo
3372 511 3445 568 ait
3479 530 3492 566 :

211 618 452 679 tempora
492 606 875 675 perseverante
898 642 913 667 ,
955 600 1157 658 scilicet
1197 599 1582 656 benedictione
1631 595 1803 668 ipsius

209 696 372 753 fontis
412 690 771 766 baptismatis,
822 706 943 762 quae
997 690 1052 745 in
1099 690 1335 746 Sabbato
1379 689 1433 748 Ξ.
1491 696 1545 745 et
1600 686 1804 760 Vigilia

209 784 557 841 Pentecostes
600 780 715 837 ﬁeri
759 780 896 836 solet
921 779 1069 852 (vide
1114 795 1277 850 supra
1308 795 1427 850 cap.
1458 779 1583 834 Not.
1613 778 1802 847 {Invo—

212 879 336 931 cato
362 872 513 941 Deo),
562 869 649 925 vel
676 870 747 925 de
796 869 912 937 ipsa
948 870 1137 939 forma
1186 868 1453 940 baptismi
1480 868 1565 938 (ut
1592 882 1713 938 cap.
1745 870 1800 934 6,

207 963 335 1020 Not.
365 964 473 1017 Per
501 956 964 1027 benedictionem)
993 956 1219 1028 intelligi
1246 962 1444 1026 potest.

283 1056 453 1126 Aquae
479 1051 692 1123 gratia,
715 1063 812 1118 pro
842 1050 1139 1103 venustate
1167 1053 1259 1101 aut
1277 1047 1575 1118 dignitate,
1598 1054 1658 1101 ut
1677 1059 1800 1117 cap.

213 1148 262 1213 3,
287 1143 415 1197 Not.
443 1141 556 1195 Aut
591 1137 804 1209 gratia,
835 1136 918 1191 vel
950 1135 1429 1206 prdbenignitate,
1465 1137 1680 1205 favore,
1704 1140 1806 1187 aut

210 1231 587 1289 (estimatione
618 1224 759 1296 apud
806 1238 904 1279 seu
933 1237 1103 1295 penes
1131 1226 1330 1291 Deum,
1363 1225 1446 1279 cui
1491 1237 1606 1294 prae
1637 1223 1801 1278 caete-

207 1320 286 1376 ris
312 1315 599 1375 elementis
625 1328 761 1385 aqua
792 1328 1008 1383 semper
1034 1311 1305 1383 acceptior
1328 1310 1444 1379 fuit,
1472 1319 1572 1368 etc.

284 1404 804 1477 Conﬁrmationem,
827 1409 889 1457 ut
916 1400 1173 1457 nimirum
1203 1416 1298 1471 per
1326 1398 1664 1472 aquam,"ceu
1686 1415 1802 1454 ma-

204 1497 396 1555 teriam
435 1509 607 1564 suam,
646 1493 982 1550 stabiliatur
1020 1490 1106 1547 vel
1142 1489 1321 1563 magis
1363 1488 1794 1546 commendetur

204 1586 530 1658 baptismus.

281 1677 439 1749 Aqua
457 1672 814 1745 auspicatur,
846 1668 1093 1726 eamdem
1117 1668 1174 1724 in
1202 1668 1390 1726 vinum
1416 1668 1802 1726 commutando

202 1763 353 1837 quod
383 1762 621 1834 primum
648 1760 768 1829 ejus
804 1757 1123 1815 miraculum
1152 1757 1347 1816 fuerat.
1373 1761 1479 1816 Hoc
1507 1761 1647 1829 fecit
1681 1758 1800 1814 ini-

1906 611 1931 646 α
1966 594 2161 650 Parum
2191 602 2293 664 est,
2326 595 2373 653 si
2400 613 2515 653 non
2553 598 2712 656 etiam
2742 599 3074 671 proditorem
3105 617 3265 656 suum
3309 617 3495 658 secum

1904 684 2113 752 habuit,
2143 701 2244 743 nec
2272 692 2599 746 constanter
2621 688 2909 745 denotavit.
2950 710 2972 739 ιι
3014 689 3088 746 At
3116 689 3243 745 alibi
3272 704 3369 762 pro
3392 708 3497 746 au-

1902 775 2170 833 dacter‘et
2188 777 2473 849 intrepide
2500 786 2748 849 usurpat,
2781 794 2868 833 ex.
2893 777 2989 834 Gr.
3014 777 3071 832 in
3100 778 3199 839 lib.
3220 780 3286 837 de
3307 781 3496 853 Spect.

1905 880 2023 936 cap.
2063 868 2152 935 26,
2191 865 2284 921 ubi
2329 866 2541 922 daemon
2587 882 2654 923 ex
2691 868 2911 923 obsessa
2959 868 3197 940 quadam
3241 869 3493 936 muliere,

1908 975 1933 1028 ᾳ
1975 955 2293 1027 Qonstanter
2320 963 2374 1011 et
2404 956 2706 1027 iustissime
2736 958 2956 1029 quidem
2987 957 3205 1029 (inquit)
3239 958 3364 1015 feci.
3401 980 3425 1009 ιι

1982 1044 2296 1101 Credentes.
2328 1044 2535 1102 Alludit
2562 1045 2745 1118 utique
2774 1047 2845 1102 ad
2873 1046 2950 1117 id,
2980 1048 3130 1118 quod
3158 1048 3262 1103 Isa.
3294 1063 3396 1114 vn,
3437 1052 3493 1117 9,

1905 1134 2166 1203 habetur;
2222 1134 2315 1190 ubi
2361 1135 2577 1205 quidem
2626 1136 2885 1193 Hebraeus
2932 1144 3118 1194 textus
3164 1135 3237 1193 ita
3293 1149 3491 1193 sonat:

1904 1236 2099 1286 unum
2121 1208 2183 1285 1‘7
2213 1234 2267 1283 ι)
2292 1204 2515 1287 utinam
2537 1204 2596 1285 πθ
2623 1227 2833 1288 :szzad
2854 1227 3085 1284 litteram
3113 1244 3125 1283 :
3147 1228 3205 1284 Si
3234 1243 3349 1283 non
3369 1243 3493 1282 crc-

1907 1314 2378 1388 dideritis,neque
2396 1314 2583 1384 ﬁdeles
2607 1316 2877 1388 eritis,vel
2906 1316 3215 1386 con/idetis.
3235 1315 3488 1387 Symma-

1905 1406 2041 1459 chus
2093 1411 2271 1459 autem
2338 1404 2410 1459 ita
2454 1404 2708 1461 transfert
2760 1423 2772 1460 :
2814 1404 2933 1458 Ἒὰν
2991 1404 3060 1476 μὴ
3116 1406 3422 1472 πιστεύσητε,
3448 1409 3500 1457 ob

1905 1488 2202 1565 διαμενεῖτε;
2234 1501 2394 1564 atque
2424 1509 2490 1549 ex
2528 1495 2632 1550 hoc
2669 1495 2938 1569 Vulgatus
2985 1502 3204 1552 noster:
3280 1495 3343 1551 Si
3391 1512 3502 1553 non

1908 1582 2280 1649 credideritis,
2311 1600 2428 1643 non
2450 1585 2880 1657 permanebitis.
2913 1584 3079 1642 Paulo
3127 1582 3281 1639 aliter
3318 1583 3502 1639 Theo-

1909 1672 2105 1737 doret.,
2138 1667 2245 1725 οὔδ’
2263 1673 2314 1724 οὐ
2343 1670 2410 1743 μὴ
2439 1674 2771 1739 πιστευθείητε,
2837 1689 3190 1746 nequaquam
3232 1672 3499 1728 credetur

1910 1760 2094 1830 vobis;
2147 1761 2472 1834 demumque
2532 1762 2723 1817 LXX:
2765 1762 2882 1815 Ἐὰν
2928 1762 2994 1833 μὴ
3038 1761 3343 1825 πιστεύσητε,
3388 1756 3500 1817 οὗδὲ

211 1827 703 1922 tium-signorum
732 1849 888 1906 Iesus
916 1848 980 1903 in
1030 1849 1186 1905 Cana
1217 1848 1464 1916 Galilete,
1498 1827 1602 1906 etc.
1644 1849 1801 1905 Joan.
1837 1827 1882 1907 θ
1909 1849 1976 1923 μὴ
1997 1827 2186 1920 συνῆτε,
2202 1851 2261 1908 Si
2278 1827 2401 1909 non
2414 1827 3135 1922 credideritismeut‘iquam
3147 1849 3507 1922 intelligetis;

202 1956 276 2013 ιι,
316 1945 406 1995 lt.

280 2030 366 2086 Ad
383 2046 592 2102 aquam
617 2045 781 2085 suam
809 2028 1046 2085 invitat.
1077 2025 1166 2083 Sic
1185 2027 1326 2083 enim
1352 2026 1381 2081 J
1389 2042 1512 2083 esus
1528 2027 1595 2082 ad
1617 2027 1806 2085 mulie-

200 2133 325 2176 rem
390 2117 803 2186 Samaritanam,
859 2117 1013 2173 Joan.
1084 2132 1163 2187 IV,
1213 2119 1302 2187 44,
1362 2117 1797 2175 sermocinatur:

202 2210 388 2283 Aqua,
404 2221 578 2278 quam
599 2220 694 2276 ego
713 2204 850 2262 dabo
869 2208 941 2274 ei,
955 2205 1055 2275 ﬁet
1077 2206 1138 2260 in
1164 2222 1225 2263 eo
1250 2208 1381 2277 fons
1409 2222 1570 2280 aqua:
1595 2207 1809 2264 salien-

203 2300 287 2355 tis
318 2298 382 2352 in
407 2295 588 2352 vitam
617 2298 910 2375 aeternam.
942 2295 1011 2349 Et
1039 2294 1193 2349 Joan.
1226 2309 1327 2360 vn,
1362 2295 1466 2351 3'7:
1504 2296 1563 2352 Si
1600 2296 1722 2368 quis
1744 2295 1809 2351 si-

204 2387 313 2453 tit,
334 2385 525 2440 veniat
548 2380 620 2437 ad
637 2399 726 2439 me
746 2381 984 2438 etbibat.
1013 2382 1119 2450 Qui
1141 2382 1319 2440 credit
1342 2384 1406 2438 in
1425 2399 1535 2452 me,
1558 2383 1809 2452 ﬂumina

203 2476 277 2534 de
310 2476 503 2530 ventre
532 2472 652 2544 ejus
671 2472 860 2541 ﬂuent
892 2487 1053 2542 aqua:
1074 2472 1233 2528 vivas.

278 2564 364 2618 De
396 2574 591 2633 agape.
629 2558 831 2631 Ἀγάπη
878 2558 1085 2614 Graecis
1122 2559 1484 2617 dilectionem
1514 2558 1804 2631 signiticet.

211 2652 251 2709 I
276 2649 441 2708 I72
464 2651 611 2705 Alias
637 2649 799 2705 etiam
829 2650 1031 2721 Agapae
1060 2647 1372 2720 significant
1393 2648 1487 2703 illa
1509 2648 1807 2719 primorum

206 2740 644 2799 Christianorum
683 2740 936 2795 convivia
972 2738 1293 2806 charitatis,
1326 2753 1446 2809 quae
1473 2745 1596 2792 ante
1618 2737 1676 2792 S.
1698 2738 1809 2794 Eu-

208 2828 483 2889 charistize
508 2827 985 2892 consecrationem,
1020 2833 1133 2880 tum
1162 2826 1217 2879 in
1244 2826 1559 2882 memoriam
1607 2825 1810 2881 ultimae

212 2921 405 2977 Caerite
434 2917 653 2983 Christi,
686 2916 742 2971 in
772 2931 883 2988 qua
928 2922 1326 2971 sacramentum
1364 2913 1509 2970 istud
1555 2914 1806 2981 instituit,

214 3017 339 3067 tum
384 3007 451 3062 ad
487 3005 775 3063 fovendam
821 3012 1063 3060 mutuam
1105 3002 1451 3061 dilectionem
1477 3044 1491 3072 ,
1537 3002 1811 3059 celebrare

215 3095 474 3152 solebant
508 3112 523 3152 :
556 3108 785 3165 quorum
830 3094 971 3166 apud
1021 3094 1306 3149 nonnullos
1343 3093 1577 3148 abusum
1613 3091 1812 3150 Paulus

217 3189 244 3240 1
281 3184 408 3241 Cor.
439 3198 505 3249 ιι,
544 3186 612 3239 20
639 3191 693 3239 et
721 3198 875 3255 seqq.
898 3184 1092 3238 acriter
1129 3181 1495 3254 reprehendit.

291 3274 516 3330 Probat.
548 3271 639 3329 Sic
683 3271 827 3327 enim
873 3271 1060 3326 Matth.
1091 3286 1132 3326 χ
1164 3270 1451 3327 fraternam
1492 3269 1813 3327 charitatem

212 3362 627 3432 commendans,
658 3377 803 3417 vers.
835 3360 932 3429 ult.
965 3359 1041 3415 ait
1073 3377 1088 3415 :
1124 3360 1465 3434 Quicumque
1483 3364 1685 3432 potum
1714 3360 1810 3415 de-

217 3453 374 3510 derit
393 3454 497 3509 uni
518 3467 587 3508 ex
605 3452 861 3507 minimis
882 3450 1270 3517 istis,calicem
1284 3466 1444 3524 aqua:
1452 3450 1681 3522 frigidae
1695 3454 1818 3506 tan-

1911 1940 2209 1996 secundum
2258 1955 2416 2011 quem
2463 1946 2707 1996 tenorem
2752 1939 2907 1996 Joan.
2951 1938 3265 2009 Chrysost.,
3315 1936 3506 2009 Cypr.,

1913 2031 2147 2104 August.
2176 2037 2229 2085 et
2255 2027 2345 2084 alii
2376 2030 2558 2085 Patres
2592 2029 2795 2103 saepius
2842 2030 2989 2086 hunc
3017 2028 3198 2085 locum
3244 2026 3501 2099 allegant.

1912 2119 2141 2177 Videtur
2169 2118 2297 2176 huic
2322 2132 2536 2193 quoque
2582 2133 2882 2176 consonare
2924 2118 3057 2174 illud
3110 2117 3271 2173 Joan.
3320 2131 3399 2185 vx,
3454 2119 3506 2184 9,

1915 2209 2010 2265 ubi
2036 2208 2223 2264 Petrus
2279 2208 2344 2263 ad
2395 2208 2709 2267 Christum:
2772 2209 2865 2263 Καὶ
2895 2207 3036 2280 ἡμεῖς
3102 2206 3508 2279 πεπιστεύκαμεν,

1917 2296 2212 2370 ἐγνώκαμεν.
2253 2318 2298 2351 ιι.
2329 2317 2374 2351 τ.
2401 2298 2473 2368 λ.,
2504 2300 2575 2353 Et
2599 2315 2698 2355 nos
2730 2297 3086 2363 credidimus,
3120 2299 3176 2354 et
3237 2294 3511 2369 cognovi-

1918 2402 2060 2455 mus,
2091 2388 2226 2459 quia
2252 2392 2317 2442 tu
2345 2402 2401 2443 es
2434 2386 2710 2454 Christus,
2744 2393 2846 2441 etc.
2875 2385 2943 2441 Et
2967 2387 3126 2441 Joan.
3157 2401 3219 2451 χ,
3262 2388 3349 2442 38;
3393 2381 3511 2436 Ἐὰν

1916 2474 2021 2547 ἐμοὶ
2099 2475 2167 2546 μὴ
2254 2475 2525 2541 πιστεύητε,
2606 2476 2701 2536 τοῖς
2794 2474 2946 2545 ἔργοις
3038 2474 3343 2541 πιστεύσατε,
3428 2472 3514 2524 ἵνα

1915 2571 2091 2637 γνῶτε,
2136 2564 2216 2617 καὶ
2261 2566 2542 2620 πιστεύσητε
2600 2566 2671 2617 ὄτι
2726 2564 2773 2617 ἐν
2825 2563 2929 2637 ἐμοὶ
2977 2564 3000 2615 ὅ
3054 2562 3248 2635 Πατὴρ,
3283 2582 3329 2615 κ.
3360 2582 3405 2613 τ.
3434 2562 3510 2626 λ.,

1917 2655 1978 2712 Si
2003 2654 2151 2710 mihi
2178 2670 2292 2711 non
2319 2655 2494 2710 vultis
2522 2654 2765 2719 credere,
2788 2652 3047 2725 operibus
3067 2653 3290 2720 credite,
3313 2653 3382 2707 ut
3414 2664 3513 2705 co-

1917 2742 2212 2816 gnoscatis,
2245 2747 2300 2798 et
2327 2743 2573 2800 credatis
2594 2745 2729 2814 quia
2758 2743 2934 2798 Pater
2960 2742 3027 2795 in
3062 2756 3155 2796 me
3177 2743 3281 2797 est.

1988 2833 2175 2903 Itaque
2213 2831 2260 2885 si
2287 2831 2542 2888 volumus
2570 2829 2827 2901 mysteria
2855 2845 2885 2883 a
2914 2830 3032 2884 Deo
3062 2827 3305 2884 revelata
3344 2826 3508 2883 intel-

1918 2922 2109 2994 ligere,
2140 2929 2297 2978 antea
2328 2920 2585 2975 debemus
2611 2919 2849 2985 credere,
2890 2926 2951 2974 ut
2977 2917 3113 2974 adeo
3145 2917 3313 2988 ﬁdem
3358 2932 3508 2990 prte-

1920 3008 2115 3067 cedere
2161 3015 2425 3081 Oporteat,
2472 3015 2526 3064 et
2571 3024 2636 3064 ex
2674 3007 2780 3063 tide
2828 3007 2980 3080 sequi
3018 3007 3508 3080 intelligentiam;

1920 3100 2065 3172 quod
2101 3097 2466 3155 Tertullianus
2511 3096 2669 3154 etiam
2699 3096 2824 3152 alibi
2872 3095 3172 3166 conﬁrmat,
3204 3102 3266 3153 ut
3309 3095 3364 3150 in
3410 3095 3507 3154 lib.

1921 3189 1987 3247 de
2018 3190 2231 3246 Corona
2260 3188 2436 3244 milit.
2478 3202 2600 3258 cap.
2650 3189 2703 3253 2,
2732 3185 2859 3244 ubi:
2886 3206 2909 3237 ‹
2941 3185 3129 3241 Laudo
3173 3183 3356 3251 ﬁdem,
3388 3199 3512 3256 qua:

1921 3287 2045 3335 ante
2074 3279 2254 3335 credit
2300 3276 2699 3334 observandum
2747 3291 2890 3342 esse,
2922 3292 3085 3348 quam
3129 3274 3349 3333 didicit.
3384 3294 3412 3326 ι)
3446 3275 3512 3329 Et

1922 3368 2018 3423 lib.
2051 3383 2130 3436 ιν,
2161 3366 2287 3423 adv.
2319 3368 2489 3423 Marc.
2519 3381 2567 3422 c.
2601 3367 2691 3432 20,
2731 3366 2848 3431 ubi,
2876 3381 3002 3420 cum
3052 3364 3141 3419 illo
3172 3364 3325 3419 Isaiae
3358 3361 3516 3418 testi-

1921 3455 2102 3513 monio
2132 3453 2376 3511 similiter
2405 3470 2537 3511 usus
2566 3453 2772 3519 fuisset,
2802 3469 2928 3509 mox
2959 3451 3237 3525 subiungit
3270 3471 3284 3506 :
3323 3472 3346 3501 ι
3390 3450 3517 3505 llaec

220 3546 357 3598 tum
371 3542 433 3597 in
460 3544 684 3599 nomine
704 3541 991 3613 discipuli,
1018 3555 1183 3596 amen
1210 3540 1331 3597 dico
1360 3538 1529 3607 vobis,
1552 3555 1670 3596 non
1688 3555 1817 3612 per-
1923 3554 2040 3602 erat
2089 3545 2246 3615 ﬁdes,
2305 3560 2426 3616 quae
2480 3543 2783 3601 contulerat
2827 3542 2989 3598 etiam
3046 3541 3432 3599 intellectum.
3487 3557 3513 3588 ιο

218 3632 319 3688 det
345 3630 652 3687 mercedem
682 3646 866 3686 suam.

290 3720 569 3779 Libenter.
583 3721 799 3789 Quarta
812 3722 1007 3775 autem
1025 3719 1224 3790 vigilia
1240 3718 1422 3775 noctis
1445 3719 1574 3773 veni
1579 3716 1814 3789 t(Jesus)

217 3811 295 3866 ad
310 3825 397 3867 eos
416 3807 737 3883 (discipulos
758 3808 1212 3879 suos)ambulans
1228 3821 1401 3881 super
1419 3822 1601 3864 mare.
1624 3805 1812 3863 Matth.

218 3913 344 3965 xw,
374 3901 461 3953 25.

300 3989 674 4059 Transfretat.
696 3989 767 4043 Et
785 3987 1086 4044 ascendens
1104 3989 1165 4043 in
1184 3986 1521 4044 naviculam
1543 3987 1815 4057 transfre-

221 4079 369 4134 tavit
385 4081 443 4132 et
460 4077 617 4133 venit
636 4078 700 4131 in
720 4075 1010 4133 civitatem
1033 4092 1215 4132 suam.
1239 4075 1425 4132 Matth.
1460 4090 1539 4141 ιχ,
1577 4077 1626 4128 1.
1650 4074 1816 4129 Simi-

218 4167 344 4222 liter
362 4183 491 4222 cum
523 4169 995 4239 transfretassent
1016 4166 1290 4238 (discipuli
1310 4181 1431 4221 cum
1452 4163 1816 4235 Jesu),'vene-

221 4259 361 4311 runt
390 4257 453 4312 in
495 4259 710 4312 terram
743 4257 1011 4313 Gcnasar.
1031 4256 1215 4310 Matth.
1247 4271 1362 4324 χιν,
1394 4255 1483 4309 34.

293 4344 529 4402 Lancea.
562 4347 708 4403 Unus
728 4346 986 4401 militum
1019 4344 1215 4400 lancea
1236 4344 1390 4399 latus
1416 4345 1540 4415 ejus
1563 4344 1814 4416 aperuit,

219 4438 278 4489 et
307 4434 578 4490 continuo
610 4434 789 4490 exivit
823 4435 1055 4506 sanguis
1094 4438 1151 4489 et
1185 4449 1349 4506 aqua.
1379 4433 1531 4489 Joan.
1566 4448 1688 4501 χιχ,
1722 4434 1811 4490 34.

218 4520 327 4577 Per
373 4522 512 4579 hanc
559 4529 734 4578 autem
781 4538 977 4594 aquam
1032 4522 1355 4593 baptismum
1410 4521 1816 4598 praefiguratum

217 4610 416 4679 fuisse,
446 4612 502 4667 S.
533 4611 751 4680 Ambr.,
799 4614 862 4668 in
891 4614 1017 4669 Luc.
1044 4626 1215 4680 χχιιι,
1246 4610 1404 4667 docet
1436 4628 1449 4666 :
1485 4614 1573 4669 Ex
1592 4613 1692 4672 illo
1724 4615 1817 4668 in-

221 4707 486 4773 corrupto
521 4702 649 4759 licet
678 4716 926 4774 corpore,
959 4701 1052 4759 sed
1079 4701 1366 4772 defuncto,
1407 4702 1664 4760 omnium
1702 4705 1819 4758 vita

221 4789 520 4846 manabat.
543 4793 697 4865 Aqua
716 4793 868 4849 enim
884 4793 940 4848 et
959 4793 1188 4863 sanguis
1209 4792 1387 4849 exivit
1409 4812 1426 4849 :
1448 4793 1573 4864 illa,
1597 4794 1818 4865 quiedi-

223 4878 402 4945 luat;
431 4881 537 4937 iste
574 4881 679 4953 qui
709 4880 972 4940 redimat.
1001 4881 1069 4935 Et
1117 4880 1174 4935 S.
1222 4881 1362 4954 Aug.
1413 4888 1568 4940 tract.
1611 4885 1711 4938 120
1755 4885 1820 4939 in

219 4969 393 5023 Joan.
426 4968 547 5024 ideo
575 4970 650 5024 ait
694 4967 749 5024 in
780 4984 940 5025 cruce
988 4977 1231 5040 apertum
1270 4969 1439 5026 fuisse
1478 4971 1621 5027 latus
1654 4972 1816 5028 Chri-

216 5054 313 5125 sti,
348 5059 414 5112 ut
444 5057 994 5130 illichuodammodo
1041 5060 1174 5115 vita:
1197 5060 1404 5117 ostium
1444 5061 1816 5132 panderetur,

216 5144 375 5201 unde
401 5158 765 5201 εΑοιιΑιιεΝτΛ
794 5152 1132 5211 manarunt,
1162 5149 1284 5203 sine
1303 5150 1501 5222 quibus
1517 5148 1589 5204 ad
1618 5150 1816 5216 vitam,

217 5250 353 5305 qua:
395 5251 526 5293 vera
552 5251 686 5291 vrra
708 5241 810 5303 est,
831 5253 945 5293 non
966 5238 1249 5294 intratur.
1283 5239 1384 5294 Ille
1405 5241 1637 5311 sanguis
1658 5240 1720 5296 in
1737 5257 1817 5298 re-

216 5324 549 5381 missionem
579 5328 746 5396 fusus
766 5332 850 5383 est
871 5330 1256 5398 peccatorum:
1282 5344 1427 5398 aqua
1442 5328 1547 5382 illa
1563 5330 1820 5386 salutare

220 5415 512 5500 temperat
546 5415 818 5488 poculum
860 5437 878 5473 :
908 5416 1024 5471 ha’c
1064 5420 1117 5471 et
1147 5430 1442 5474 stscnuu
1473 5423 1728 5491 prwstal,
1763 5424 1817 5474 et

218 5505 445 5572 potum.

756 5597 910 5654 Nota:
937 5595 1007 5652 ad
1035 5601 1204 5670 caput
1229 5599 1287 5654 Χ.

308 5680 665 5751 Constanter,
687 5682 896 5743 scilicet
925 5699 1022 5756 pro
1042 5688 1334 5758 continuo,
1365 5700 1462 5744 seu
1490 5688 1722 5746 statim:
1757 5697 1815 5749 ut

1922 3635 2189 3707 Denique,
2220 3634 2357 3692 ibid.
2389 3650 2439 3691 c.
2471 3636 2560 3702 25,
2593 3633 2738 3689 idem
2775 3631 3059 3689 conﬁrmat
3085 3649 3100 3686 :
3135 3651 3162 3680 ι
3193 3627 3516 3696 Abscondit,

1921 3720 2189 3796 inquiens,
2222 3724 2502 3797 praamisso
2549 3721 2894 3779 obscuritatis
2941 3720 3256 3793 prophetico
3300 3719 3506 3773 instru-

1923 3821 2126 3879 mento,
2156 3814 2312 3885 cujus
2332 3813 2686 3870 intellectum
2706 3810 2842 3881 ﬁdes
2870 3818 3166 3866 mereretur
3194 3826 3206 3865 :
3230 3805 3351 3863 Nisi
3371 3805 3517 3863 enim

1923 3903 2278 3970 credideritis,
2312 3917 2419 3959 non
2446 3899 2775 3974 intelligetis.
2814 3921 2837 3950 ι
2870 3899 2940 3954 At
2975 3897 3105 3971 quid
3143 3896 3519 3953 Protestantes

1924 3994 2144 4051 nostri?
2193 3992 2347 4049 Prius
2389 3990 2643 4048 nimirum
2690 3990 3018 4062 intelligere
3070 3986 3278 4053 volunt,
3319 3984 3518 4041 deinde

1925 4085 2165 4153 credere,
2219 4081 2455 4154 pr0priae
2494 4096 2607 4135 suae
2654 4079 2878 4134 rationis
2922 4076 3110 4132 lumini
3150 4074 3309 4131 ﬁdem
3366 4090 3519 4129 suam

1924 4179 2438 4234 commensurantes,
2468 4176 2524 4224 et
2553 4183 2892 4239 nequaquam
2931 4167 3213 4237 vulgatum
3264 4162 3393 4216 illud
3430 4170 3518 4215 at-

1927 4259 2248 4315 tendentes':
2272 4259 2590 4314 Discentem
2619 4258 2839 4325 oportet
2858 4253 3104 4314 credere,
3126 4255 3411 4320 antequam
3434 4247 3519 4302 ni-

1929 4350 2126 4406 mirum
2167 4346 2243 4416 id,
2294 4345 2437 4413 quod
2487 4343 2663 4407 discit,
2697 4340 2983 4412 intelligat.
3032 4338 3165 4396 Vide
3210 4353 3341 4409 ergo
3385 4336 3520 4410 quid

1929 4441 2067 4496 inter
2114 4452 2216 4493 nos
2261 4434 2489 4505 illosque
2534 4431 2766 4487 intersit.
2818 4432 2886 4486 Hi
2932 4446 3045 4489 non
3085 4429 3352 4493 credunt,
3401 4429 3516 4485 nisi

1931 4530 1968 4586 I
1984 4533 2022 4584 ι
2036 4525 2145 4585 73
2162 4525 2497 4597 intelligant
2520 4542 2537 4578 :
2560 4536 2661 4577 nos
2689 4520 2996 4590 credimus,
3017 4522 3085 4575 ut
3103 4519 3516 4599 intelligamus.

1927 4622 2105 4689 Atque
2131 4616 2235 4673 hoc
2264 4620 2345 4671 est
2372 4611 2524 4677 illud,
2562 4609 2707 4682 quod
2733 4607 3029 4680 Apostolus
3076 4621 3173 4663 nos
3200 4607 3247 4663 H
3282 4609 3404 4664 Cor.
3454 4621 3517 4676 χ,

1928 4723 1985 4765 v.
2019 4710 2072 4775 ὅ,
2104 4711 2308 4772 monet,
2345 4708 2404 4758 ut
2440 4702 2608 4756 simus
2629 4697 2865 4755 consilia
2895 4695 3173 4766 (humana)
3208 4696 3517 4753 destruen-

1931 4800 2011 4853 tes
2042 4798 2097 4853 et
2118 4808 2342 4853 omnem
2361 4786 3128 4846 altitudinem'extollentem
3164 4802 3222 4843 se
3250 4784 3516 4840 adversus

1926 4885 2223 4943 scientiam
2250 4882 2348 4937 Dei
2375 4877 2491 4950 (seu
2521 4876 2781 4933 adversus
2807 4890 2869 4930 ea
2899 4888 3020 4947 quae
3049 4873 3204 4929 nobis
3227 4889 3332 4946 per
3351 4871 3519 4943 ﬁdem

1927 4974 1995 5028 de
2025 4972 2140 5025 Deo
2175 4963 2538 5036 innotescunt)
2575 4968 2629 5022 et
2662 4965 2725 5021 in
2772 4962 3164 5035 captivitatem
3203 4961 3519 5034 redigentes

1927 5075 2149 5117 omnem
2180 5054 2505 5111 intellectum
2544 5053 2609 5107 in
2639 5052 2964 5124 obsequium
3000 5051 3233 5109 Christi.

2003 5146 2265 5203 Mandata
2307 5148 2520 5199 tamen.
2568 5140 2883 5215 Mandatus,
2926 5157 3026 5212 us,
3067 5146 3276 5212 quartae
3320 5138 3516 5198 declin.

1928 5237 2127 5309 legitur
2156 5235 2297 5307 apud
2319 5232 2478 5288 JClos
2518 5249 2533 5288 :
2562 5246 2683 5304 quae
2731 5230 2889 5300 proin
2918 5244 3022 5285 vox
3056 5227 3386 5284 Tertulliano
3431 5226 3515 5279 fa-

1928 5326 2031 5383 cile
2086 5341 2151 5381 ex
2210 5320 2638 5393 jurisprudentia
2688 5318 2837 5376 civili
2883 5322 3091 5374 haerere
3133 5314 3345 5388 potuit;
3397 5330 3519 5368 nam

1927 5415 2166 5473 civilium
2223 5413 2402 5485 legum
2459 5408 2704 5482 apprime
2752 5408 2984 5478 peritum
3031 5404 3218 5469 fuisse,
3269 5402 3326 5456 in
3374 5401 3509 5472 Epi-

1926 5515 2068 5564 tome
2096 5503 2233 5560 Vitae
2264 5499 2530 5571 ejusdem,
2562 5499 2698 5555 libro
2726 5498 2791 5554 de
2820 5501 3078 5559 Praescia,
3123 5508 3158 5547 a
3187 5491 3344 5548 nobis
3372 5506 3516 5561 prae-

1926 5592 2031 5650 ﬁxa
2059 5591 2361 5648 docuimus.

1999 5679 2349 5741 Conditione.
2381 5680 2490 5736 Seu
2519 5673 2816 5733 secundum
2844 5670 3193 5729 intrinsecam
3222 5685 3375 5728 suam
3408 5684 3506 5726 na-
