4028 6180
480 310 501 369 1
514 310 620 370 247

1520 313 1606 374 AD
1643 310 1936 375 GENUINA
1974 308 2419 374 TERTULLIANI
2472 313 2689 374 OPERA

3636 313 3787 373 1248

482 448 674 507 turam,
715 447 829 513 aut,
866 448 926 497 ut
966 438 1100 497 alias
1136 440 1431 512 loquimur,
1461 441 1769 497 secundum
1815 440 2075 497 substan-
2099 436 2149 514 ιι
2173 454 2277 511 per
2316 458 2450 514 quos
2489 448 2704 514 peccata
2752 440 2988 497 nomine
3040 437 3253 495 Christi
3303 437 3676 504 dimittantur,
3726 450 3789 497 et

482 531 646 586 tiam.
696 529 825 586 Erat
854 546 988 605 ergo
1018 528 1315 601 baptismus
1358 529 1449 585 ille
1478 537 1685 586 tantum
1732 531 2069 597 extrinsece,

481 618 695 675 scilicet
729 628 991 691 quantum
1034 619 1101 674 ad
1149 617 1465 673 mandatum
1513 617 1644 672 illud
1697 618 1821 683 Dei,
1853 633 1916 672 cx
1964 631 2072 688 quo

481 706 584 764 fuit
617 722 647 762 a
683 708 890 764 Joanne
930 706 1330 765 administratus
1361 723 1373 763 :
1407 720 1516 761 non
1562 720 1691 762 vero
1739 706 2072 772 intrinsece,

480 803 534 852 et
577 806 840 868 quantum
885 796 955 853 ad
1003 804 1243 852 naturam
1293 811 1471 867 suam,
1514 796 1773 861 Divinas,
1802 795 1897 851 sed
1926 798 2075 853 omni

483 883 707 951 virtute,
733 885 840 940 sibi
868 884 1053 954 indita,
1085 884 1387 941 destitutus.

555 974 894 1031 Prtestabat.
924 972 1228 1045 Baptismus
1255 989 1389 1045 ergo
1418 974 1640 1029 Joannis
1668 973 1871 1029 nullam
1900 974 2074 1030 habe—

483 1062 578 1117 bat
631 1060 929 1118 efﬁcaciam
960 1064 1026 1118 ad
1056 1062 1257 1133 aliquid
1307 1065 1747 1136 supernaturale
1797 1063 1851 1117 in
1897 1062 2080 1118 anima

2175 529 2413 601 Spiritus
2453 531 2514 587 S.
2571 529 2875 587 conferatur
2922 526 3428 583 communicabilem
3484 544 3630 599 esse,
3666 529 3784 585 ita-

2182 633 2285 689 que
2315 617 2476 674 etiam
2520 635 2553 674 a
2601 619 2817 674 Christo
2860 616 3140 687 apostolis,
3185 615 3609 690 eorumdemque
3656 634 3786 676 suc-

2178 707 2487 763 cessoribus
2515 707 2803 780 episcopis,
2835 715 2890 762 et
2938 722 3035 776 per
3080 705 3181 762 hos
3227 705 3583 777 presbyteris,
3616 722 3783 763 com-

2182 796 2509 852 municatam
2536 796 2722 863 fuisse,
2752 812 2817 851 ex
2841 795 2996 853 Joan.
3037 810 3131 863 xx,
3163 798 3232 850 22
3280 803 3335 850 et
3379 811 3495 868 seq.
3543 806 3784 865 constat,

2181 884 2278 939 ubi
2306 884 2554 941 Christus
2581 884 2842 956 apostolis
2883 881 3178 940 insufﬂavit
3221 890 3276 938 et
3315 883 3451 938 dixit
3481 901 3495 941 :
3528 886 3787 958 Accipite

2181 975 2459 1046 Spiritum
2478 979 2762 1031 sanctum.
2786 974 3038 1041 Quorum
3065 973 3401 1030 remiseritis
3425 972 3463 1027 I
3481 971 3638 1029 I74
3654 992 3789 1046 pec-

2179 1064 2331 1127 cata,
2378 1064 2766 1119 remittuntur
2811 1063 2912 1126 eis,
2963 1069 3071 1117 etc.
3122 1059 3482 1115 Nihilominus
3521 1076 3672 1129 vero,
3724 1072 3789 1117 ut

483 1150 916 1222 producendum,
949 1151 1085 1206 sicut
1139 1159 1318 1206 tamen
1365 1152 1612 1208 Christus
1659 1152 1930 1225 baptismo
1977 1166 2078 1207 suo
2177 1151 2235 1207 S.
2271 1149 2531 1206 Pacianus
2560 1150 2719 1222 epist.
2747 1150 2891 1215 t,ad
2921 1151 3404 1222 Sympronianum
3423 1149 3513 1216 ait,
3553 1170 3576 1200 ι
3621 1150 3787 1220 Quod

489 1238 596 1295 vim
633 1238 858 1295 inseruit
902 1239 970 1294 ad
1014 1239 1419 1312 producendam
1465 1240 1694 1312 gratiam
1737 1239 2081 1295 sanctiﬁcan-

486 1336 613 1394 tem,
645 1334 700 1383 et
724 1336 944 1399 peccata
971 1343 1066 1398 per
1113 1329 1361 1384 eamdem
1389 1328 1675 1385 abolenda.
1707 1330 1858 1386 Hanc
1895 1329 2078 1401 bapti-

485 1416 587 1472 smi
616 1417 894 1489 utriusque
924 1416 1287 1474 differentiam
1319 1418 1547 1489 ipsemet
1573 1420 1829 1484 Joannes,
1853 1420 2013 1474 Marc.
2039 1435 2080 1482 ι.

2180 1257 2279 1312 per
2327 1255 2455 1295 suos
2512 1241 2820 1296 sacerdotes
2880 1237 3006 1294 facit
3056 1237 3325 1307 Christus,
3385 1254 3485 1294 sua
3542 1246 3789 1309 potestas

2174 1338 2277 1385 est.
2312 1349 2335 1379 »
2372 1329 2436 1383 Et
2465 1329 2623 1400 epist.
2660 1332 2690 1384 3
2719 1347 2733 1383 :
2765 1350 2789 1380 α
2820 1326 2983 1397 Quod
3012 1341 3114 1400 ego
3145 1326 3313 1394 facio,
3342 1341 3452 1382 non
3481 1342 3606 1383 meo
3630 1328 3789 1397 jure,

2178 1420 2275 1475 sed
2306 1434 2506 1475 bonum
2532 1435 2546 1488 ;
2582 1418 2680 1474 Dei
2706 1417 2851 1473 enim
2881 1432 3069 1473 sumus
3097 1416 3395 1486 adjutores.
3426 1414 3609 1485 Quare
3642 1414 3793 1488 (per-

486 1509 540 1573 8,
591 1505 895 1563 luculenter
940 1506 1283 1578 signiﬁcavit,
1317 1508 1563 1580 inquiens
1596 1528 1610 1564 :
1642 1508 1751 1581 Ego
1801 1508 2089 1580 baptizavi
2179 1509 2300 1580 git),
2324 1508 2437 1564 sive
2465 1507 2826 1579 baptizamus,
2857 1506 2973 1564 sive
3000 1505 3067 1560 ad
3096 1504 3463 1577 pmnitentiam
3488 1504 3769 1577 cogimus,

488 1612 580 1655 vos
606 1611 766 1667 aqua,
796 1596 897 1651 ille
924 1612 1052 1653 vero
1077 1595 1383 1668 baptizabit
1432 1613 1520 1653 vos
1564 1596 1793 1652 Sprnrru
1843 1611 2078 1655 sancro.

2184 1613 2284 1653 seu
2314 1595 2524 1654 veniam
2554 1596 2863 1666 petentibus
2883 1594 3207 1662 relaxamus,
3229 1592 3445 1649 Christo
3472 1593 3529 1649 id
3558 1602 3795 1651 auctore

556 1684 1071 1741 Praeministrabat.
1101 1684 1252 1741 Sicut
1279 1684 1423 1739 enim
1453 1684 1568 1755 ipse
1604 1685 1844 1741 Joannes
1873 1694 2079 1742 tantum
2113 1755 2138 1756 η
2181 1692 2489 1742 tractamus.
2523 1703 2548 1738 ι
2581 1684 2767 1756 Atque
2797 1686 2915 1739 haec
2941 1692 3129 1740 contra
3158 1684 3522 1739 Protestantes
3568 1691 3797 1739 nostros

486 1781 600 1829 erat
627 1773 932 1828 Praecursor
959 1772 1196 1840 Domini,
1228 1789 1562 1846 praeparans
1610 1775 1893 1831 nimirum
1922 1775 2080 1830 viam
2107 1755 2152 1835 Β
2183 1774 2417 1830 notanda
2446 1782 2618 1843 erant,
2660 1773 3034 1830 sacerdotibus
3062 1788 3170 1829 non
3204 1788 3398 1829 veram
3440 1777 3795 1845 potestatem

488 1863 631 1933 ejus,
668 1861 834 1917 Marc.
863 1876 903 1930 ι,
935 1863 989 1928 2,
1019 1861 1092 1915 ita
1140 1860 1299 1915 etiam
1346 1860 1645 1932 baptismus
1688 1862 1914 1919 Joannis
1951 1871 2079 1919 tan-
2178 1860 2504 1931 remittendi,
2534 1860 2866 1931 sedtnonnisi
2886 1876 3030 1917 mere
3060 1860 3469 1918 declarativam
3480 1860 3602 1929 jam
3633 1859 3795 1917 facta:

485 1958 601 2006 tum
631 1962 752 2004 erat
779 1950 1103 2017 prodromus
1145 1949 1369 2022 quidam
1397 1950 1655 2022 Baptismi
1683 1951 1903 2019 Christi,
1938 1951 2086 2010 velut
2180 1967 2213 2006 a
2239 1951 2354 2007 Deo
2384 1950 2760 2015 remissionis,
2792 1948 3184 2007 asserentibus.

486 2039 554 2094 ad
582 2037 833 2093 eumdem
862 2054 961 2110 per
988 2039 1247 2095 excitatos
1266 2047 1416 2095 actus
1444 2038 1774 2111 paenitentiae
1802 2056 1833 2096 a
1851 2041 2087 2111 peccatis

486 2141 718 2183 avocans
738 2134 793 2183 et
818 2127 886 2183 ad
924 2128 1200 2185 meliorem
1226 2127 1388 2185 vitam
1419 2128 1733 2201 diSponens,
1767 2143 1876 2185 non
1906 2128 2083 2202 ipsam

489 2215 657 2273 vitam
688 2216 989 2274 conferens.
1039 2219 1117 2273 Ita
1157 2217 1301 2273 enim
1341 2223 1532 2273 auctor
1577 2220 1644 2271 22
1674 2218 1748 2273 ad
1784 2219 2082 2277 orthodox.

494 2310 758 2379 Respons.
800 2305 876 2362 ad
920 2310 972 2374 2,
1014 2321 1235 2372 xxxvn,
1265 2306 1386 2361 ait:
1423 2326 1446 2356 ι
1497 2305 1807 2377 Baptismus
1861 2307 2090 2363 Joannis

493 2394 779 2463 proemium
825 2393 928 2450 fuit
952 2392 1235 2467 Evangelii
1264 2393 1479 2465 gratim.
1513 2412 1537 2444 ι
1561 2394 1632 2448 Ει
1666 2395 1722 2450 S.
1754 2394 1914 2450 Basil.
1938 2395 2088 2451 hom.

498 2483 586 2551 i3,
618 2481 683 2539 de
709 2482 944 2538 Exhort.
993 2481 1067 2536 ad
1115 2481 1477 2553 baptismum,
1519 2481 1693 2552 inquit
1727 2499 1741 2540 :
1775 2502 1798 2531 ι
1842 2481 2089 2539 Initiato-

497 2585 618 2625 rum
647 2579 763 2626 erat
786 2568 1010 2625 Joannis
1037 2570 1313 2642 Baptisma
1344 2587 1357 2625 :
1382 2568 1524 2624 istud
1547 2584 1678 2625 vero
1707 2570 2091 2640 perfectorum.

499 2660 577 2714 Ac
606 2666 827 2731 peccato
866 2656 997 2713 illud
1025 2658 1284 2714 avocabat
1317 2674 1330 2715 :
1364 2656 1507 2713 istud
1537 2672 1665 2714 cum
1701 2659 1819 2715 Deo
1856 2660 2089 2729 conjun-

500 2747 597 2823 git,
627 2756 679 2803 ct
704 2748 1017 2805 familiarem
1047 2747 1243 2805 reddit.
1275 2767 1302 2801 ι

569 2838 876 2903 Potestate,
906 2851 1003 2892 seu
1030 2836 1312 2902 libertate,
1354 2832 1564 2891 scilicet
1589 2849 1685 2906 per
1733 2833 1878 2891 vires
1905 2833 2093 2909 gratiae

498 2925 702 2995 adjuta.
772 2926 775 2931 ’

570 3018 761 3087 Egere.
793 3014 891 3069 Est
921 3012 1066 3069 enim
1098 3012 1252 3085 ﬁdes,
1276 3022 1335 3069 ut
1365 3011 1568 3069 Concil.
1601 3012 1845 3068 Trident.
1878 3027 2014 3068 sess.
2035 3016 2090 3081 6,

2255 2042 2684 2097 Descensurum.
2712 2040 2772 2096 Si
2799 2054 2918 2096 non
2957 2038 3144 2096 abiero
3195 2036 3291 2109 (ait
3333 2035 3577 2093 Christus
3624 2039 3798 2094 Joan.

2187 2143 2314 2195 xvn,
2341 2127 2416 2200 '7),
2442 2127 2769 2185 Paracletus
2812 2142 2930 2183 non
2975 2127 3165 2183 veniet
3208 2126 3282 2182 ad
3327 2142 3421 2183 vos
3451 2144 3471 2182 :
3512 2126 3564 2181 si
3593 2128 3802 2182 autem

2134 2248 2146 2257 -
2186 2216 2393 2284 abiero,
2424 2218 2660 2273 mittam
2687 2215 2760 2272 ad
2786 2233 2899 2274 vos.
2930 2213 3049 2284 Quo
3080 2213 3388 2271 testimonio
3425 2214 3799 2269 Tertullianus

2189 2305 2359 2360 utitur
2388 2305 2456 2359 ad
2480 2303 2840 2377 probandum,
2872 2302 3020 2375 quod
3052 2302 3351 2373 baptismus
3384 2302 3617 2358 Joannis
3663 2319 3799 2377 gra-

2189 2393 2316 2448 tiam
2363 2392 2595 2461 Spiritus
2634 2390 2805 2449 sancti
2851 2392 3093 2447 nondum
3136 2391 3384 2448 conferre
3418 2390 3684 2463 potuerit,
3732 2406 3803 2447 eo

2193 2480 2340 2552 quod
2368 2481 2598 2552 Spiritus
2626 2489 2846 2537 sanctus
2881 2490 3007 2537 ante
3034 2479 3231 2537 Christi
3278 2480 3335 2535 in
3364 2479 3532 2536 caelos
3566 2478 3798 2537 Ascen-

2191 2585 2312 2625 sum
2349 2570 2589 2626 nondum
2618 2585 2679 2625 se
2707 2569 2763 2623 in
2791 2569 3097 2627 Ecclesiam
3131 2567 3401 2627 effuderit.
3433 2570 3516 2625 Ex
3545 2583 3664 2641 quo
3688 2584 3803 2625 non

2192 2658 2353 2732 pauci
2372 2660 2531 2715 etiam
2558 2675 2626 2715 ex
2655 2659 2856 2715 nostris
2876 2658 3229 2724 contendunt,
3266 2673 3444 2728 neque
3462 2657 3804 2728 baptismum

2193 2764 2224 2802 a
2254 2748 2464 2806 Christo
2502 2747 2823 2814 institutum,
2866 2757 2989 2804 ante
3026 2749 3354 2806 Passionem
3400 2757 3454 2803 et
3489 2749 3805 2805 Resurrec.

2200 2838 2433 2907 tionem,
2459 2838 2570 2894 imo
2604 2848 2659 2894 et
2686 2838 2806 2908 ejus
2833 2838 3245 2906 Ascensionem,
3278 2834 3571 2893 efficaciam
3600 2836 3801 2892 confe-

2199 2928 2383 2983 rendae
2426 2927 2618 3000 gratiae
2661 2926 2980 2985 obtinuisse.
3020 2927 3222 2983 Verum
3251 2927 3354 2984 hac
3394 2926 3460 2982 de
3508 2943 3566 2982 re
3616 2926 3807 2997 potius

2199 3032 2322 3088 cap.
2354 3032 2468 3088 seq.

496 3102 566 3162 de
608 3076 855 3173 'Justiﬁc.
884 3117 1003 3176 cap.
1059 3076 1252 3172 docet,
1273 3101 1554 3174 dispositio
1611 3101 1878 3172 quaedam,
1925 3076 2097 3172 ipsam
2131 3076 2183 3163 0
2265 3076 2347 3162 lVe
2373 3076 2577 3162 auditu
2606 3104 2835 3179 quidem
2862 3110 3158 3162 noverant.
3183 3107 3307 3161 Act.
3340 3120 3458 3170 xix,
3480 3106 3515 3159 2
3543 3112 3601 3159 et
3622 3119 3802 3176 seqq,

499 3191 876 3265 paenitentiam
921 3191 1224 3247 necessario
1274 3193 1626 3261 antecedens,
1670 3198 1727 3247 ut
1776 3187 1851 3246 ibi
1907 3189 2088 3245 latius.

500 3283 634 3339 Cum
662 3296 793 3354 ergo
823 3281 952 3339 Luc.
981 3296 1087 3347 vn,
1115 3283 1219 3338 29:
1260 3282 1453 3338 Omnis
1476 3279 1728 3352 populus
1755 3278 2016 3346 audiens,
2038 3284 2096 3338 et

499 3372 790 3446 publicani
806 3371 1272 3444 justiﬁcaverunt
1301 3371 1481 3426 Deum
1511 3366 1811 3440 (credentes
1839 3366 2091 3423 nimirum

500 3461 733 3532 Christo,
764 3462 997 3519 Joannis
1025 3458 1183 3516 dotes
1216 3466 1319 3514 tam
1350 3456 1639 3533 insigniter
1675 3456 2099 3530 commendanti)

501 3550 783 3623 baptizati
810 3549 1083 3620 baptismo
1105 3548 1361 3604 Joannis.
1394 3548 1466 3602 Et
1494 3561 1619 3602 mox
1648 3544 1826 3618 pergit
1852 3546 2100 3618 Evange-

498 3638 623 3696 lista
652 3658 666 3695 :
697 3639 974 3695 Pharisaei
1000 3642 1197 3694 autem
1221 3642 1277 3695 et
1312 3637 1622 3709 legisperiti
1652 3637 1960 3692 consilium
2000 3635 2101 3691 Dei

501 3731 839 3802 spreverunt
859 3730 923 3784 in
951 3730 1275 3799 semetipsos
1296 3725 1583 3798 (increduli
1604 3725 1859 3781 nimirum
1885 3723 2098 3789 Joanni,

501 3816 827 3886 baptismum
874 3813 1205 3884 paenitentiae
1256 3814 1592 3884 praedicanti,
1632 3822 1685 3868 et
1732 3813 1836 3884 ipsi
1886 3812 2100 3869 Christo

503 3902 755 3960 eumdem
806 3910 913 3957 tam
962 3899 1249 3957 efﬁcaciter
1297 3900 1598 3971 suadenti),
1653 3917 1770 3956 non
1817 3900 2097 3972 baptizati

500 3995 644 4050 sunt
670 3992 737 4049 ab
774 4008 855 4055 eo,
889 4003 1061 4061 neque
1100 3988 1252 4062 digni
1280 3989 1383 4044 hoc
1409 3990 1768 4061 paenitentiae
1797 3990 2094 4063 baptismo,

502 4080 758 4157 quoniam
813 4078 942 4151 ﬁde,
997 4085 1109 4134 tam
1155 4077 1504 4151 pertinaciter
1551 4077 1807 4136 nimirum
1855 4079 2095 4152 repulsa,

502 4171 762 4228 destituti.

571 4264 920 4318 Humanum.
949 4258 1056 4314 Seu
1085 4272 1176 4312 res
1201 4256 1269 4311 ab
1300 4255 1530 4312 arbitrio
1578 4256 1834 4326 hominis,
1874 4258 2098 4331 ejusque

502 4350 690 4407 liberis
715 4349 925 4406 actibus
954 4346 1265 4404 necessario
1295 4347 1627 4417 dependens.

576 4442 806 4498 Necesse
836 4442 942 4494 est.
992 4437 1198 4493 Pariter
1244 4436 1450 4493 scilicet
1498 4436 1797 4504 humanos,
1830 4444 1889 4492 ut
1934 4452 2098 4507 supra

502 4527 655 4585 dixit.
687 4527 822 4585 Vide
848 4527 976 4583 Not.
1013 4525 1365 4587 Conditione.
1420 4526 1724 4595 Baptismus
1767 4541 1897 4598 ergo
1935 4527 2100 4582 Joan-

503 4618 590 4674 nis
613 4615 830 4674 nonnisi
860 4615 927 4670 ad
973 4614 1346 4688 paenitentiam
1384 4612 1673 4685 excitabat,
1714 4615 1907 4686 gratiae
1947 4615 2097 4670 auxi-

503 4709 579 4765 lia
605 4705 674 4763 ad
703 4705 946 4763 eamdem
977 4703 1283 4761 necessaria
1319 4702 1621 4777 largiendo,
1655 4718 1765 4759 non
1814 4701 1930 4774 ipsa
1958 4719 2094 4775 pec-

505 4805 627 4855 cata
653 4794 884 4853 delendo
913 4812 926 4849 :
965 4802 1155 4866 utpote
1189 4791 1334 4865 quod
1368 4808 1462 4863 per
1486 4800 1664 4848 actum
1695 4791 1953 4863 perfecta:
1982 4808 2098 4864 poe-

505 4885 747 4943 nitentiae
780 4901 875 4941 seu
904 4880 1262 4951 contritionis,
1307 4890 1561 4956 tanquam
1602 4898 1741 4955 opus
1766 4880 1937 4955 ipsius
1964 4900 2099 4957 cpe-

507 4980 720 5046 rantis,
750 4970 938 5043 perﬁci
964 4986 1186 5026 necesse
1213 4979 1347 5027 erat.

582 5065 644 5121 Si
664 5064 903 5121 caelestis
922 5062 1143 5133 fuisset.
1167 5060 1318 5117 Sicut
1338 5061 1638 5133 baptismus
1661 5060 1835 5133 ipsam
1855 5065 2102 5136 gratiam

508 5154 963 5225 sanctiﬁcante-m
993 5160 1044 5208 et
1070 5153 1461 5210 remissionem
1489 5157 1870 5226 peccatorum,
1912 5153 2102 5211 Divina

509 5244 722 5318 sibique
751 5242 1041 5299 intrinseca
1067 5242 1290 5313 virtute,
1322 5258 1441 5309 seu,
1472 5250 1530 5297 ut
1561 5242 1858 5315 loquimur,
1882 5259 1960 5300 ex
1981 5258 2101 5313 ope-

510 5352 571 5392 re
599 5336 849 5407 operato,
876 5331 1203 5396 conferebat,
1235 5339 1295 5387 ut
1321 5331 1430 5397 jam
1459 5330 1591 5385 alias
1628 5331 1882 5386 diximus.

584 5427 728 5482 Deus
768 5421 937 5481 solus.
988 5422 1162 5490 Atque
1209 5418 1261 5474 id
1310 5416 1527 5490 quidem
1574 5418 1983 5490 intelligendum
2023 5429 2107 5475 est

511 5513 577 5566 de
608 5517 886 5583 potestate
924 5508 1226 5583 principali
1271 5515 1325 5563 et
1368 5508 1790 5564 auctoritativa.
1836 5506 2102 5564 Caeterum

516 5609 697 5653 autem
737 5599 876 5654 hanc
921 5597 1082 5654 etiam
1128 5595 1454 5661 hominibus,
1484 5595 1630 5654 velut
1674 5597 2091 5667 instrumentis,

2200 3195 2401 3251 Paulus
2426 3194 2496 3249 ad
2535 3193 2827 3266 discipulos
2856 3208 2986 3249 suos
3014 3194 3125 3250 ait:
3159 3194 3219 3251 Si
3246 3194 3519 3251 Setat'run
3551 3194 3609 3249 S.
3645 3211 3807 3250 acce-

2192 3285 2361 3358 pistis
2391 3282 2680 3339 credentes
2701 3282 2729 3335 t7
2749 3285 2819 3340 At
2848 3283 2942 3337 illi
2970 3282 3246 3339 dixerunt
3274 3280 3351 3339 ad
3378 3297 3507 3338 eum
3530 3301 3548 3337 :
3572 3282 3696 3339 Sed
3714 3300 3811 3339 ne

2201 3390 2308 3446 que
2331 3374 2382 3429 si
2395 3370 2646 3445 Spiritus
2657 3373 2891 3427 sanctus
2912 3373 3015 3434 est,
3031 3370 3379 3427 audivimus.
3404 3370 3507 3426 Ille
3528 3385 3662 3426 vero
3676 3371 3765 3424 ait
3788 3390 3805 3425 :

2197 3463 2264 3517 In
2290 3477 2397 3535 quo
2413 3476 2542 3532 ergo
2563 3458 2845 3532 baptizati
2863 3459 2999 3515 estis
3022 3458 3050 3511 .9
3078 3459 3182 3528 Qui
3201 3458 3476 3514 dixerunt
3500 3477 3519 3513 :
3543 3459 3611 3512 In
3630 3459 3807 3515 Joan-

2195 3551 2289 3607 nis
2317 3550 2679 3622 Baptismate.
2703 3550 2864 3605 Dixit
2894 3551 3085 3606 autem
3109 3550 3323 3605 Paulus
3347 3568 3365 3605 :
3382 3549 3633 3604 Joannes
3680 3547 3813 3621 bap-

2200 3638 2402 3695 tizavit
2423 3639 2710 3710 Baptismo
2736 3638 3096 3710 paenitentiae
3123 3638 3416 3711 populum,
3446 3644 3553 3692 etc.
3580 3638 3664 3692 Ex
3683 3637 3811 3708 qui-

2202 3726 2304 3781 bus
2349 3724 2504 3781 facile
2541 3723 2792 3791 infertur,
2841 3725 3168 3796 baptismum
3212 3725 3436 3782 Joannis
3464 3716 3583 3780 ‘non
3626 3724 3810 3780 colla-

2203 3822 2317 3870 tum
2382 3812 2550 3868 fuisse
2598 3812 2655 3867 in
2698 3813 2919 3870 nomine
2968 3814 3026 3870 S.
3084 3813 3399 3883 Trinitatis;
3460 3813 3597 3869 alias
3655 3814 3807 3869 enim

2202 3901 2465 3975 Spiritum
2494 3909 2739 3959 sanctum
2793 3902 3048 3975 ignorare
3096 3919 3206 3959 non
3246 3903 3567 3975 potuissent,
3613 3910 3811 3973 utpote

2196 3990 2254 4046 in
2309 4006 2469 4064 quem
2522 3998 2680 4046 antea
2732 3989 2951 4047 credere
2998 3990 3352 4059 debuissent,
3402 3997 3662 4062 tanquam
3708 4005 3814 4060 per

2201 4081 2362 4153 cujus
2407 4079 2636 4156 gratiam
2687 4079 2934 4134 remissio
2993 4087 3340 4150 peccatorum
3378 4077 3497 4135 ﬁeri
3546 4078 3811 4143 debebat,

2202 4177 2259 4224 et
2285 4167 2480 4224 animae
2526 4166 2880 4224 sanctificatio
2907 4166 3164 4223 conferri.
3214 4169 3385 4223 Erant
3422 4166 3583 4239 igitur
3636 4167 3691 4222 hi
3743 4183 3811 4223 ex

2207 4256 2410 4313 Judaeis
2437 4256 2702 4328 Ephesiis,
2733 4255 2828 4328 qui
2858 4272 2889 4311 a
2914 4256 3121 4311 Joanne
3143 4256 3433 4329 aliquando
3478 4255 3535 4310 in
3562 4255 3815 4311 Jordane

2204 4345 2453 4418 baptizati
2484 4346 2716 4412 fuerant,
2749 4344 3062 4417 intereaque
3093 4346 3370 4416 Ephesum
3410 4344 3637 4409 reversi,
3670 4344 3820 4399 nihil

2203 4443 2495 4507 antequam
2514 4433 2708 4489 Paulus
2729 4432 2854 4489 illuc
2874 4433 3231 4505 pervenisset,
3244 4434 3310 4489 de
3331 4434 3607 4506 baptismo
3626 4434 3826 4491 Chris-

2210 4526 2276 4593 ti,
2308 4520 2570 4579 hactenus
2608 4523 2678 4577 ab
2708 4522 2967 4594 apostolis
3009 4522 3221 4589 collato,
3252 4539 3426 4597 neque
3456 4524 3525 4579 de
3571 4526 3824 4596 imposi-

2204 4617 2356 4671 tione
2409 4628 2708 4681 manuum,
2761 4626 2858 4667 seu
2906 4617 3267 4669 sacramento
3327 4613 3819 4683 conﬁrmationis,

2208 4700 2351 4773 quod
2401 4706 2529 4755 tunc
2572 4698 2841 4771 baptismo
2885 4715 3012 4754 mox
3066 4701 3512 4774 subjungebatur,
3539 4700 3825 4772 donisque

2204 4788 2436 4861 Spiritus
2474 4788 2643 4845 sancti
2687 4787 2819 4844 illud
2873 4787 3278 4856 comitantibus,
3332 4789 3608 4861 quidpiam
3659 4790 3823 4844 inau-

2166 4944 2179 4951 η
2202 4879 2428 4937 dierant.
2458 4878 2526 4934 Et
2553 4892 2683 4934 vero
2710 4876 2910 4934 Paulus
2938 4877 3160 4934 minime
3193 4880 3438 4950 putabat,
3469 4879 3584 4949 ipse
3631 4877 3820 4934 suffe-

2199 4969 2339 5026 cisse
2367 4967 2703 5041 haptismum
2730 4967 2973 5037 Joannis,
3005 4984 3070 5025 eo
3090 4969 3236 5041 quod
3266 4985 3366 5041 per
3396 4970 3651 5025 eumdem
3682 4983 3828 5024 non-

2208 5060 2342 5117 dum
2389 5059 2600 5120 Christi
2636 5058 2907 5116 Ecclesia:
2953 5059 3147 5116 initiati
3180 5059 3428 5116 fuissent.
3471 5057 3657 5128 Quare
3704 5060 3824 5127 loc.

2205 5154 2303 5209 cit.
2333 5168 2388 5209 ν.
2418 5152 2451 5205 5
2498 5156 2554 5204 et
2599 5151 2653 5215 6,
2686 5148 3076 5222 subjungitur:
3117 5151 3209 5206 His
3260 5148 3479 5215 auditis
3524 5148 3831 5219 baptisati

2204 5241 2343 5296 sunt
2372 5241 2437 5295 in
2463 5239 2697 5296 nomine
2720 5238 2946 5296 Domini
2976 5238 3128 5295 Iesu.
3162 5239 3235 5294 Et
3284 5254 3417 5294 cum
3448 5236 3829 5309 imposuisset

2206 5329 2324 5385 illis
2354 5344 2562 5384 manus
2594 5327 2826 5397 Paulus,
2856 5328 3015 5384 venit
3044 5326 3305 5382 SleTUS
3333 5340 3577 5381 ancrus
3632 5342 3828 5398 super

2204 5436 2319 5487 eos,
2346 5424 2402 5475 et
2434 5419 2804 5491 loquebantur
2853 5419 3086 5489 linguis,
3121 5422 3177 5473 et
3200 5414 3635 5490 prophetabant.
3671 5416 3825 5472 Vide

2207 5508 2373 5584 igitur
2400 5522 2561 5578 quam
2585 5507 2753 5562 multo
2776 5504 3040 5562 infirmior
3070 5504 3232 5562 fuerit
3256 5504 3555 5577 baptismus
3572 5504 3825 5563 Joannis

2204 5614 2318 5670 prae
2347 5597 2518 5656 altero
2549 5597 2765 5654 Christi.
