4028 6180
244 301 377 361 1249

1086 291 1422 354 APPENDIX
1458 293 1523 351 ν.
1561 324 1635 338 -—
1669 291 1733 353 D.
1774 290 2154 353 CORBINIANI
2189 290 2441 352 THOMIE
2470 289 2710 353 ADNOT.

3390 294 3529 356 1250

312 426 554 500 Spiritus
588 420 919 495 pmphetite.
950 418 1219 490 Propheta
1245 418 1388 474 enim
1419 425 1535 475 erat
1561 417 1816 483 Joannes,
1854 412 1904 496 ⁸
1929 415 2117 475 lestem
2172 416 2321 473 illam
2369 416 2425 472 in
2483 416 2656 472 Deum
2694 429 2900 482 vocem,
2940 423 2994 472 et
3038 412 3270 472 ollicium
3336 418 3527 475 futura:

242 516 348 571 imo
374 511 538 586 (quod
568 510 813 566 Christus
840 508 1025 563 Matth.
1057 522 1141 574 xi,
1174 508 1227 573 9,
1265 507 1446 564 turbas
1475 507 1631 579 dixit)
1657 509 1820 581 plus-
1925 505 2180 563 claritatis
2210 506 2484 575 ediscunt;
2523 526 2545 557 ι
2577 504 2705 579 quia
2748 504 3021 576 ejusmodi
3068 505 3368 563 secundum
3400 522 3531 580 pro-

243 620 411 677 quam
439 600 739 673 Propheta.
776 597 902 653 Vide
941 604 1072 652 etc.
1106 612 1221 662 xxi,
1253 611 1310 652 ν.
1343 599 1431 652 26.
1465 596 1825 666 Prophetabat

246 691 405 763 enim,
444 704 552 746 non
579 696 641 744 ut
685 686 890 758 antiqui
936 685 1010 740 illi
1043 684 1313 741 Christum
1342 686 1442 742 diu
1488 690 1701 759 postea,
1734 685 1827 741 sed

247 797 379 836 mox
418 787 540 848 post
566 793 623 832 se
649 784 955 834 venturum.

326 866 788 924 Translationem.
813 863 1031 919 Scilicet
1051 863 1267 935 quando
1288 863 1553 932 Christus,
1578 878 1611 916 a
1626 862 1830 919 Joanne

249 955 558 1028 baptizatus,
585 954 730 1010 vidit
776 953 1057 1024 Spiritum
1086 953 1187 1008 Dei
1230 951 1653 1007 descendentem
1682 953 1832 1008 sicut

252 1043 577 1108 columbam,
608 1045 665 1097 et
682 1043 1003 1097 venientem
1031 1054 1200 1111 super
1224 1055 1304 1105 se,
1330 1039 1520 1095 Matth.
1552 1054 1634 1105 ιιι,
1670 1042 1758 1094 16.

318 1132 698 1189 Sciscitatum.
724 1127 989 1186 Nimirum
1023 1127 1219 1183 Matth.
1253 1142 1334 1198 1x,
1358 1142 1415 1182 v.
1450 1132 1505 1194 3,
1526 1144 1648 1185 cum
1673 1129 1838 1184 Joan-

247 1234 342 1276 nes
386 1219 449 1274 ad
490 1219 765 1275 Christum
803 1218 1041 1273 mittens
1085 1216 1225 1274 duos
1254 1215 1319 1272 de
1367 1216 1663 1289 discipulis
1692 1216 1833 1283 suis,

243 1312 327 1366 ait
352 1310 449 1366 illi
475 1327 495 1365 :
533 1310 611 1364 Tu
638 1324 717 1373 es,
759 1306 858 1379 qui
882 1309 1160 1361 venturus
1188 1321 1267 1375 es,
1298 1324 1375 1362 an
1403 1307 1585 1363 alium
1613 1321 1841 1380 exspec-

243 1400 483 1455 tamus?
522 1397 602 1453 Bx
632 1399 736 1452 hoc
771 1402 947 1451 autem
979 1394 1207 1451 credidit
1251 1394 1640 1463 Tertullianus,
1679 1396 1840 1451 Joan-

238 1504 365 1545 nem
412 1487 489 1544 de
531 1485 767 1553 Christo,
815 1500 974 1557 quem
1017 1485 1274 1543 Messiam
1328 1491 1636 1543 venturum
1682 1485 1841 1542 toties

241 1586 465 1649 tamque
510 1582 695 1645 aperte
739 1573 1162 1646 praedicaverat,
1210 1583 1417 1645 postea,
1467 1573 1681 1631 Christo
1722 1574 1841 1647 ipso

243 1681 404 1722 suum
456 1662 855 1735 praedicationis
899 1679 1100 1719 munus
1126 1663 1376 1735 obeunte,
1416 1664 1483 1719 de
1530 1663 1741 1729 eodem,
1772 1679 1843 1720 an

1930 594 2239 651 missionem
2272 592 2489 664 Christi,
2523 593 2707 649 Matth.
2747 609 2894 665 xxu,
2945 610 2999 651 v.
3036 597 3125 666 30,
3156 600 3329 653 erunt
3373 597 3527 654 sicut

1930 686 2121 756 angeli
2148 684 2247 740 Dei
2274 686 2339 740 in
2367 685 2524 740 calo.
2557 682 2649 739 Sic
2685 693 2739 739 et
2776 683 2874 738 lib.
2906 683 2978 739 ad
3014 687 3202 751 Uxor.,
3243 701 3293 741 c.
3325 688 3379 755 7,
3408 688 3527 743 vel—

1932 780 1990 827 ut
2035 769 2090 827 in
2138 770 2404 843 tyrocinio
2447 772 2656 827 timoris
2702 770 2798 827 Dei
2845 779 3117 844 agentem,
3149 772 3531 830 Candidatum

1941 862 2172 920 Timoris
2214 860 2472 933 appellat,
2522 868 2577 916 et
2626 860 2751 915 alibi
2802 860 3072 930 ejusmodi
3100 861 3202 917 alia
3231 861 3416 918 habet.
3451 864 3532 918 Ita

1934 949 2100 1024 igitur
2128 948 2288 1005 etiam
2326 948 2520 1003 Noster
2559 948 2884 1020 baptismum
2919 950 3143 1005 Joannis
3180 958 3340 1008 vocat
3386 969 3535 1009 can-

1935 1039 2193 1096 didatum
2221 1037 2753 1110 remissionis,quod
2783 1053 2848 1094 eo
2871 1039 3085 1108 initiati,
3105 1040 3172 1096 ad
3202 1040 3535 1113 baptismum

1935 1128 2155 1198 Christi,
2204 1144 2304 1200 per
2348 1142 2511 1200 quem
2557 1124 2616 1184 ﬁt
2660 1127 2819 1199 plena
2864 1139 3213 1199 peccatorum
3264 1131 3533 1199 remissio,

1937 1216 2226 1290 praeparati
2277 1232 2341 1273 ac
2388 1214 2635 1286 diSpositi
2686 1216 2923 1272 fuerunt.
2958 1217 3225 1274 Caeterum
3267 1226 3321 1276 et
3357 1220 3413 1276 in
3441 1236 3535 1276 se-

1939 1306 2120 1379 quiori
2165 1321 2328 1361 sensu
2357 1304 2449 1360 lib.
2482 1305 2548 1361 de
2579 1305 2775 1364 Coron.
2804 1320 2853 1361 o.
2884 1308 2938 1374 7,
2971 1305 3275 1363 idololatras
3335 1309 3537 1366 candi-

1944 1396 2100 1453 datos
2121 1394 2346 1460 diaboli,
2376 1403 2429 1449 et
2455 1393 2510 1447 in
2537 1393 2631 1449 lib.
2663 1394 2730 1449 de
2758 1395 2945 1452 Anim.
2973 1411 3024 1452 c.
3057 1398 3147 1462 39,
3170 1396 3346 1469 proles
3374 1414 3540 1470 quas-

1945 1484 2072 1539 dam
2100 1483 2280 1539 adhuc
2314 1480 2369 1536 in
2398 1491 2549 1539 utero
2594 1481 2778 1538 matris
2804 1484 3095 1554 genimina
3132 1484 3541 1547 daemoniorum

1947 1570 2254 1628 candidata
2281 1569 2531 1641 appellat.

2025 1660 2098 1716 In
2131 1654 2370 1716 Christo.
2403 1652 2621 1714 Scilicet
2648 1662 2712 1715 in
2743 1662 3091 1733 Baptismate
3131 1662 3360 1720 Christi.

242 1771 411 1811 verus
440 1760 581 1810 esset
607 1752 847 1817 Messias,
870 1752 1118 1809 dubitare
1136 1751 1519 1824 incmpisse,ut
1544 1752 1684 1808 idem
1708 1752 1845 1809 Nos-
1883 1745 1926 1822 Β
2023 1748 2403 1804 Enuntiatum
2431 1751 2534 1802 est.
2557 1746 2691 1817 Quae
2710 1746 2962 1804 nimirum
2984 1748 3135 1806 ﬁeret
3157 1765 3264 1806 non
3291 1751 3344 1806 in
3372 1750 3543 1825 ipsius

246 1854 328 1901 ter
358 1844 422 1897 L.
457 1842 523 1899 de
574 1844 838 1907 Praesen,
877 1855 996 1912 cap.
1039 1843 1094 1907 8,
1123 1840 1255 1896 satis
1295 1841 1497 1912 prodit,
1528 1847 1583 1896 et
1622 1839 1676 1895 in
1705 1856 1755 1897 c.
1788 1856 1845 1896 tv

247 1934 471 1990 advers.
528 1931 692 1986 Marc.
728 1946 775 1986 c.
812 1932 899 1998 18,
931 1929 1106 1985 adhuc
1134 1929 1372 2000 apertius
1400 1936 1454 1984 et
1482 1927 1744 2001 prolixius
1772 1928 1847 1983 si-

247 2019 491 2093 gniﬁcat,
529 2017 621 2073 ubi
650 2017 705 2073 in
734 2019 847 2073 haec
886 2018 1051 2075 verba
1077 2016 1195 2071 ait:
1237 2036 1263 2069 α
1303 2018 1428 2088 Ipso
1460 2016 1688 2072 Domino
1733 2015 1848 2074 vir-

248 2118 430 2165 tutum
469 2122 718 2165 sermone
763 2114 816 2162 et
864 2105 1068 2178 Spiritu
1115 2105 1287 2162 Patris
1337 2113 1599 2177 operante
1641 2104 1699 2160 in
1734 2112 1847 2162 ter-

250 2201 350 2267 ris,
383 2207 438 2253 et
486 2195 831 2268 praedicante,
863 2209 1087 2252 necesse
1113 2203 1227 2251 erat
1273 2194 1579 2268 portionem
1618 2193 1851 2265 Spiritus

247 2287 450 2357 sancti,
479 2302 601 2356 quae
647 2300 713 2341 ex
750 2282 925 2339 forma
973 2283 1271 2355 prophetici
1306 2282 1509 2341 moduli
1554 2284 1608 2338 in
1644 2283 1852 2341 Joanne

247 2382 443 2450 egerat
489 2380 909 2445 praeparaturam
949 2372 1162 2429 viarum
1206 2371 1628 2437 Dominicarum,
1660 2372 1853 2430 absce-

245 2466 379 2521 dere
416 2466 527 2534 jam
561 2464 628 2518 ab
674 2463 902 2529 Joanne,
933 2460 1211 2518 reductam
1256 2461 1610 2532 (revocatam)
1650 2460 1854 2518 scilicet

248 2554 303 2608 in
363 2551 677 2618 Dominum,
725 2558 784 2607 ut
836 2550 893 2604 in
944 2550 1223 2605 massalem
1276 2565 1430 2606 suam
1468 2565 1733 2605 summam
1776 2550 1856 2623 (in

247 2654 361 2712 quo
392 2638 647 2695 nimirum
679 2646 787 2694 tota
819 2653 993 2694 massa
1030 2647 1084 2694 et
1109 2637 1390 2711 plenitudo
1419 2638 1608 2710 gratiae
1641 2639 1855 2695 reside-

251 2728 394 2797 bat).
426 2727 612 2800 Itaque
637 2728 871 2783 Joannes
898 2728 1201 2784 communis
1223 2728 1338 2797 jam
1367 2728 1530 2783 homo
1569 2728 1719 2799 (quia
1743 2728 1857 2797 jam

251 2830 285 2871 a
333 2814 532 2886 spiritu
584 2815 904 2888 prophetico
955 2814 1061 2870 sibi
1105 2815 1210 2884 ipsi
1254 2814 1499 2885 relictus)
1552 2811 1768 2870 1175
1805 2812 1862 2870 εἰ

250 2918 403 2958 unus
438 2902 553 2971 jam
596 2901 666 2958 de
709 2900 882 2968 turba,
920 2921 944 2951 ιν
991 2909 1093 2957 etc.
1125 2902 1393 2958 Hactenus
1438 2910 1493 2957 et
1528 2916 1690 2973 porro
1718 2902 1857 2958 Ter-

257 2990 546 3047 tullianus.

1950 1835 2202 1908 baptismi
2248 1836 2502 1901 Joannis,
2542 1835 2636 1891 sed
2674 1836 2927 1907 baptismi
2970 1839 3198 1905 Christi,
3232 1848 3419 1911 postea
3445 1857 3540 1898 se-

1952 1922 2149 1991 cuturi,
2177 1921 2407 1993 virtute;
2453 1923 2531 1979 sic
2570 1922 2717 1978 enim
2764 1923 2910 1980 solus
2951 1943 3022 1983 ea:
3050 1932 3297 1999 operata,
3329 1945 3425 1985 seu
3451 1928 3542 1983 in-

1955 2012 2189 2068 trinseca
2214 2028 2309 2068 sua
2336 2012 2552 2082 virtute,
2584 2013 2891 2071 remittebat
2919 2024 3152 2087 peccata,
3176 2024 3233 2074 ut
3261 2019 3377 2089 jam
3400 2034 3546 2092 saepe

1953 2101 2079 2157 alibi
2108 2102 2360 2158 diximus.

2028 2192 2249 2265 Spiritu
2278 2196 2335 2249 et
2361 2192 2501 2262 igni.
2534 2191 2612 2247 Ita
2641 2192 2785 2248 enim
2828 2195 2956 2250 Luc.
2986 2209 3065 2263 ιιι,
3095 2210 3151 2250 v.
3191 2198 3283 2263 l6,
3310 2197 3547 2255 Joannes

1956 2280 2032 2335 ait
2062 2298 2077 2335 :
2110 2282 2218 2352 Ego
2247 2279 2475 2353 quidem
2501 2296 2647 2354 aqua
2693 2280 2913 2353 baptizo
2949 2298 3043 2339 vos
3073 2302 3093 2339 :
3119 2285 3308 2343 veniet
3354 2291 3546 2345 autem

1956 2370 2162 2442 fortior
2180 2385 2288 2435 me,
2313 2370 2431 2440 ipse
2448 2384 2541 2426 vos
2570 2368 2878 2441 baptizabit
2905 2371 2971 2425 in
2998 2369 3224 2429 Semi'ru
3252 2388 3464 2431 amaro
3492 2380 3550 2434 et

1961 2473 2099 2516 IGNI.
2133 2458 2256 2513 Non
2285 2457 2474 2530 utique
2502 2458 2726 2514 exclusit
2749 2476 2955 2532 aquam
2985 2474 3017 2513 a
3040 2460 3309 2532 baptismo
3335 2463 3553 2531 Christi,

1960 2551 2056 2606 sed
2110 2548 2166 2603 id
2221 2547 2396 2604 solum
2449 2546 2755 2618 significare
2812 2548 3038 2605 intendit
3093 2549 3351 2619 Joannes,
3403 2568 3558 2609 suam

1964 2637 2300 2694 ablutionem
2327 2635 2503 2691 solum
2532 2635 2832 2706 simplicem
2870 2652 3015 2707 esse,
3045 2637 3275 2709 simplici
3303 2638 3557 2695 nimirum

1965 2739 2108 2797 aqua
2149 2722 2394 2779 exterius
2436 2720 2660 2788 factam;
2716 2728 2770 2777 at
2816 2722 2965 2791 illam
3013 2721 3071 2778 in
3100 2724 3299 2780 *futuro
3345 2725 3560 2782 Christo

1964 2812 2236 2885 baptismo
2264 2810 2381 2867 fore
2409 2810 2477 2865 ad
2506 2809 2667 2866 altius
2696 2812 3019 2882 mysterium
3045 2818 3099 2866 et
3136 2814 3206 2866 ad
3243 2812 3558 2870 interiorem

1964 2916 2183 2973 quoque
2210 2898 2537 2956 ablutionem
2585 2896 2798 2963 animae,
2829 2913 2950 2969 quae
2979 2899 3096 2955 sine
3124 2899 3301 2971 gratia
3327 2900 3559 2974 Spiritus
3608 2960 3619 2967 ,

1964 2991 2137 3048 sancti
2167 2989 2368 3062 nequit,
2402 2987 2743 3045 elevandum.

330 3076 533 3132 Verum
579 3077 910 3148 probabilius
942 3077 1034 3132 alii
1070 3086 1124 3133 et
1168 3078 1385 3134 Patrum
1420 3087 1475 3135 et
1503 3080 1858 3150 interpretum
1892 3069 1935 3148 Ω
2036 3076 2170 3147 Quis
2198 3090 2330 3136 vero
2386 3076 2456 3133 sit
2510 3074 2597 3131 ille
2648 3074 2973 3146 baptismus,
3023 3075 3072 3130 ἐν
3116 3078 3359 3151 Πνεύματι
3410 3078 3557 3154 ἁγίῳ,

253 3163 593 3231 existimant,
619 3165 878 3221 Joannem
922 3181 1196 3238 nunquam
1225 3168 1293 3222 de
1327 3167 1541 3225 Christo
1565 3167 1859 3241 dubitasse,

252 3253 360 3311 sed
409 3254 702 3326 discipulos
741 3269 891 3321 suos,
922 3270 1062 3328 quos
1107 3255 1176 3311 de
1214 3256 1484 3313 miraculis
1530 3257 1727 3313 Christi
1754 3257 1859 3313 sibi

256 3342 596 3409 nuntiantes,
627 3342 855 3400 fortasse
896 3351 1075 3399 tamen
1101 3344 1167 3400 de
1214 3344 1500 3402 Divinitate
1543 3346 1667 3416 ejus
1693 3345 1859 3403 dubi-

254 3437 445 3487 tantes
480 3431 778 3500 invenerat,
805 3433 873 3487 ad
922 3432 1196 3489 Christum
1235 3432 1467 3504 misisse,
1498 3434 1859 3508 interrogatu-

256 3536 388 3589 ros;
440 3528 499 3575 ut
537 3520 618 3578 sic
659 3536 726 3577 ex
754 3521 873 3590 ejus
918 3521 1221 3593 praesentia,
1270 3530 1325 3580 et
1367 3522 1640 3579 miraculis
1680 3539 1859 3581 coram

255 3609 489 3682 patratis
544 3611 613 3666 de
677 3610 795 3680 ejus
838 3609 1123 3667 Divinitate
1171 3612 1329 3684 plane
1392 3613 1857 3670 convincerentur.

257 3700 403 3758 Vide
447 3700 609 3757 etiam
636 3699 693 3755 S.
735 3700 989 3756 Ambros.
1022 3699 1077 3755 in
1121 3700 1253 3758 Luc.
1283 3717 1402 3773 cap.
1443 3717 1543 3773 vn,
1574 3702 1670 3759 ubi
1716 3719 1862 3775 prae-

257 3797 415 3844 terea
442 3788 700 3858 mysticus
726 3787 1124 3860 etallegoricas
1159 3791 1449 3848 missionis
1477 3790 1621 3848 illius
1647 3791 1862 3866 signiﬁ-

257 3888 347 3934 cat
357 3875 511 3930 iones
540 3876 718 3931 affert.

346 3962 693 4019 Candidatus
739 3965 1106 4023 remissionis.
1140 3964 1249 4034 Qui
1295 3966 1439 4038 apud
1479 3968 1753 4025 Romanos
1795 3968 1862 4025 ad

259 4056 508 4110 honores
536 4050 776 4122 publicos
800 4052 1129 4124 aspirabant,
1157 4061 1212 4110 et
1252 4055 1308 4110 in
1356 4055 1592 4112 comitiis
1618 4057 1864 4130 singulas

264 4140 445 4198 tribus
486 4138 802 4206 circuibant,
835 4140 1099 4214 suffragia
1128 4158 1226 4214 pro
1269 4157 1330 4200 se
1359 4151 1663 4211 exerentes,
1714 4147 1863 4202 Can-

261 4226 475 4293 didati,
518 4244 555 4284 a
595 4227 838 4286 candida
883 4244 983 4285 sua
1026 4237 1196 4298 veste,
1243 4230 1669 4302 appellabantur.
1714 4231 1865 4289 Unde

262 4316 500 4376 Tertull.
546 4317 603 4374 in
633 4319 669 4375 l.
716 4317 784 4375 de
812 4319 976 4385 Idol.,
1021 4335 1070 4377 c.
1104 4322 1195 4387 18,
1222 4320 1296 4375 ait
1328 4337 1341 4374 :
1381 4341 1405 4371 α
1437 4320 1543 4389 Qui
1587 4319 1867 4376 familiari-

1961 3167 2045 3221 καὶ
2094 3166 2225 3238 πυρὶ,
2255 3165 2322 3221 in
2356 3163 2576 3237 Spiritu
2606 3168 2801 3223 sancto
2819 3168 2876 3221 et
2902 3165 3043 3237 igni,
3074 3166 3274 3225 multos
3303 3168 3561 3235 exercuit,

1964 3256 2098 3328 quin
2135 3264 2189 3312 et
2214 3254 2538 3327 quibusdam
2581 3257 2933 3312 vehementer
2960 3257 3177 3313 errandi
3222 3258 3562 3315 occasionem

1967 3345 2218 3416 praebuit.
2247 3344 2421 3401 Fuere
2458 3345 2602 3401 enim
2648 3353 2888 3400 veterum
2918 3344 3293 3403 haereticorum
3320 3348 3560 3418 quidam,

1966 3433 2064 3506 qui
2092 3435 2279 3506 ignem
2307 3431 2455 3489 illum
2486 3431 2820 3504 simpliciter,
2851 3447 2914 3489 ac
2952 3433 3019 3488 de
3063 3434 3211 3489 vero'
3241 3441 3295 3490 et
3323 3435 3565 3491 elemen-

1969 3522 2069 3577 tari
2102 3522 2228 3598 igne
2262 3529 2451 3577 nostro
2479 3520 2915 3595 intelligendum,
2948 3520 3180 3593 ideoque
3212 3522 3268 3578 in
3297 3524 3565 3596 baptismo

1966 3626 2077 3668 non
2104 3611 2286 3667 minus
2332 3610 2516 3684 ignem
2564 3627 2722 3683 quam
2770 3626 2964 3684 aquam
3011 3610 3366 3667 adhibendam
3398 3620 3562 3686 puta-

1968 3711 2109 3757 runt.
2139 3699 2228 3757 Sic
2257 3699 2403 3757 enim
2432 3700 2682 3758 Clemens
2717 3700 3004 3757 Alexandr.
3035 3699 3120 3759 vel
3151 3700 3396 3774 quisquis
3423 3701 3565 3759 alius

1966 3789 2128 3861 hujus
2158 3788 2346 3861 scripti
2374 3795 2563 3845 auctor
2608 3795 2711 3854 est,
2746 3788 2799 3844 in
2839 3788 3053 3862 Eclogis
3100 3789 3566 3862 Propheticorum

1971 3885 2196 3936 testatur
2260 3894 2275 3933 :
2327 3874 2481 3930 Ἔνιοι
2542 3871 2622 3945 δὲ,
2688 3877 2757 3939 ὥς
2823 3896 2964 3949 φησιν
3038 3876 3323 3951 ’Πρακλέων
3375 3922 3391 3947 ,
3453 3881 3566 3953 πυρὶ

1968 3966 2031 4019 τὰ
2054 3963 2159 4022 ὦτα
2220 3973 2318 4020 τῶν
2382 3968 2776 4040 σφραγιζομένων
2840 3967 3254 4039 κατεσημήναντο,
3302 3969 3405 4026 hoc
3440 3979 3565 4026 est:

1975 4057 2231 4125 Quidam,
2255 4059 2325 4110 ut
2353 4057 2438 4111 ait
2457 4057 2779 4121 Heracleon,
2802 4057 2933 4127 igne
2978 4072 3145 4114 aures
3185 4058 3568 4127 sigillatorum

1970 4143 2405 4215 (haptizalorum)
2451 4143 2780 4201 adurebant.
2832 4143 2940 4198 Sed
2988 4151 3043 4197 et
3109 4151 3301 4200 auctor
3378 4146 3566 4200 Carm.

1971 4234 2038 4289 in
2065 4232 2330 4289 Marcion.
2351 4230 2444 4286 lib.
2469 4245 2511 4298 1,
2532 4231 2601 4287 de
2618 4230 2781 4303 igneo
2802 4230 3040 4302 quodam
3070 4230 3344 4286 Valentini
3394 4231 3573 4288 haere-

1972 4318 2201 4375 siarchas
2241 4318 2509 4391 baptismo
2554 4328 2832 4383 memorat,
2889 4332 2990 4375 ceu
3033 4315 3127 4389 qui
3167 4337 3191 4369 ι
3249 4317 3337 4374 Bis
3382 4318 3570 4376 docuit

263 4413 385 4463 tate
430 4422 621 4478 regum
670 4407 979 4480 utebantur,
1024 4407 1307 4481 purpurati
1354 4424 1545 4480 regum
1592 4410 1867 4467 vocaban-
1898 4392 1946 4473 Β
1974 4409 2133 4483 tingi,
2165 4406 2409 4464 traducto
2434 4420 2660 4477 corpore
2682 4404 2917 4464 ﬂamma.
2940 4426 2967 4459 ιο

266 4505 383 4561 tur,
431 4495 569 4552 sicut
619 4497 759 4566 apud
805 4511 905 4552 nos
950 4512 982 4552 a
1029 4505 1156 4570 toga
1198 4497 1427 4556 candida
1474 4499 1773 4557 Candidati.
1837 4519 1863 4553 ι

264 4584 508 4641 Extendi
537 4586 880 4655 postmodum
901 4585 1066 4657 coepit
1089 4588 1202 4640 haec
1228 4585 1520 4657 appellatio
1550 4586 1730 4655 latius,
1761 4603 1870 4645 non

269 4674 351 4731 ob
393 4676 561 4731 vestis
605 4674 841 4746 quidem,
891 4675 986 4731 sed
1029 4675 1266 4731 muneris
1310 4674 1734 4733 similitudinem.
1777 4678 1871 4736 Sic

266 4763 440 4831 enim,
478 4766 570 4835 qui
612 4765 872 4837 principis
910 4764 1165 4837 epistolas
1214 4775 1264 4823 et
1313 4768 1533 4825 decreta
1578 4770 1634 4824 iu
1682 4778 1873 4827 senatu

267 4851 595 4917 reeitabant,
651 4852 837 4908 itidem
895 4854 1199 4911 Candidati
1258 4854 1687 4929 appellabantur;
1746 4857 1873 4928 quia

266 4957 373 5015 per
405 4941 509 4997 hoc
548 4956 746 4997 munus
797 4941 930 5012 ipsis
958 4948 1073 5000 erat
1113 4943 1292 5000 aditus
1316 4945 1386 5000 ad
1432 4944 1649 5002 altiores
1691 4947 1871 5004 hono-

270 5044 387 5095 res,
416 5029 676 5101 ipsosque
713 5029 1079 5104 magistratus,
1110 5040 1170 5087 ut
1215 5032 1341 5104 Ulp.
1373 5032 1427 5088 in
1475 5034 1511 5089 l.
1544 5050 1648 5090 un.
1677 5032 1705 5106 ὃ
1752 5036 1781 5089 4
1807 5033 1869 5091 ff.

271 5120 347 5175 de
383 5119 496 5189 Off.
546 5122 740 5190 quiest.
769 5118 948 5176 docet.
996 5118 1087 5177 Sic
1121 5119 1283 5178 etiam
1316 5121 1410 5194 qui
1458 5129 1611 5178 aetate
1635 5124 1877 5193 juniores

275 5208 340 5263 in
383 5206 651 5278 tyrocinio
694 5208 1113 5277 exercebantur,
1151 5209 1310 5282 paulo
1364 5218 1489 5281 post
1532 5227 1601 5268 ex
1652 5213 1877 5283 ephebis

277 5297 574 5367 egressuri,
609 5297 915 5355 Candidati
939 5298 1371 5371 appellabantur;
1393 5314 1504 5371 quo
1536 5299 1703 5357 ferme
1717 5317 1880 5357 sensu

280 5383 512 5454 Quintil.
544 5387 736 5443 Instit.
767 5386 807 5441 l.
837 5401 898 5459 v,
936 5387 1277 5446 Candidatos
1304 5388 1640 5461 eloquentia:
1668 5405 1880 5447 nuncu-

286 5479 399 5543 pat.
430 5472 656 5532 Proinde
678 5483 733 5531 et
760 5476 960 5532 Noster
987 5476 1042 5531 in
1071 5476 1167 5532 lib.
1199 5477 1267 5534 de
1300 5477 1474 5543 0rat.,
1495 5493 1547 5535 c.
1578 5480 1632 5545 3,
1661 5491 1756 5534 eos
1780 5493 1881 5536 ΑΝ-

286 5572 552 5620 σιιιοιιυιι
580 5576 931 5625 «nummos
957 5564 1214 5637 nominat,
1244 5564 1336 5637 qui
1368 5585 1391 5618 α
1426 5573 1732 5626 meruerant
1759 5581 1877 5625 coe-

2048 4497 2108 4554 S.
2137 4499 2281 4570 Aug.
2298 4510 2512 4570 quoque
2532 4497 2599 4553 de
2617 4497 2824 4553 eres.
2847 4495 2921 4552 ad
2942 4494 3237 4564 Quodvult.
3260 4494 3454 4555 haeres.
3476 4499 3567 4565 59,

1978 4585 2328 4643 Seleucianos
2382 4583 2665 4641 haereticos
2716 4585 2846 4656 igne
2899 4583 3228 4655 Baptismum
3277 4584 3570 4642 contulisse

1978 4674 2243 4747 perhibet.
2275 4671 2548 4747 Quidquid
2585 4687 2714 4731 vero
2746 4674 2814 4729 de
2859 4674 2944 4729 his
2992 4671 3081 4743 sit,
3109 4681 3314 4731 certum
3359 4681 3462 4742 est,
3503 4677 3571 4731 ab

1980 4762 2240 4835 apostolis
2266 4778 2544 4833 nunquam
2573 4762 2754 4834 ignem
2783 4760 2851 4817 ad
2893 4761 3221 4832 Baptismum
3248 4762 3567 4828 adhibitum,
3628 4830 3633 4835 ἡ

1977 4852 2226 4923 adeoque
2268 4848 2497 4908 1176
2531 4851 2587 4906 id
2635 4865 2667 4904 a
2716 4849 2932 4907 Christo
2976 4848 3197 4905 minime
3241 4850 3573 4922 praeceptum

1982 4938 2175 5006 fuisse,
2213 4953 2277 4995 ac
2319 4938 2482 5010 proin
2529 4936 2826 4996 Ecclesiam
2881 4938 2952 4994 ab
3003 4938 3104 4995 hac
3163 4935 3316 5009 praxi
3359 4951 3576 5009 semper

1984 5026 2354 5086 abhorruisse.

2053 5115 2230 5187 Quare
2283 5114 2686 5174 Catholicorum
2742 5118 3030 5189 lnterpret.
3076 5115 3320 5173 nonnulli
3376 5116 3576 5174 rectius

1984 5213 2195 5279 putant,
2236 5222 2334 5279 per
2359 5206 2494 5262 illud
2530 5208 2596 5263 in
2624 5208 2839 5281 spiritu
2867 5212 2923 5263 et
2964 5207 3086 5279 igni
3124 5207 3371 5265 denotari
3396 5207 3575 5279 ipsum

1984 5294 2312 5367 baptismum
2377 5293 2597 5362 Christi,
2656 5295 2714 5350 in
2761 5310 2919 5367 quem
2976 5295 3290 5367 supervenit
3341 5294 3576 5367 Spiritus

1984 5390 2204 5440 sanctus
2231 5382 2288 5439 in
2317 5384 2501 5456 specie
2527 5384 2819 5452 columbae,
2841 5383 3109 5458 simulque
3139 5384 3220 5454 (ut
3247 5383 3306 5440 S.
3336 5383 3578 5440 Justinus

1985 5472 2057 5529 Μ.
2097 5470 2152 5528 in
2174 5472 2318 5530 Dial.
2349 5488 2485 5529 cum
2521 5473 2718 5547 Tryph.
2759 5491 2814 5546 p.
2856 5489 2929 5531 ιιι.
2962 5475 3089 5541 246,
3118 5471 3394 5544 perhibet)
3453 5491 3577 5528 κατ-

1985 5559 2201 5622 ελθόντος
2277 5566 2360 5615 τοῦ
2432 5559 2589 5632 Ἰησῡῢ
2655 5559 2732 5618 ἐπὶ
2803 5562 2854 5616 rb
2906 5559 3056 5635 ὕδωρ,
3113 5554 3197 5615 καὶ
3233 5566 3327 5634 πῦρ
3393 5559 3581 5634 ἀνήφθη
