4028 6180
499 208 631 269 1251
1524 197 1613 258 AD
1650 195 1943 258 GENUINA
1980 190 2424 258 TBRTULLIANI
2457 187 2669 251 OPERA
3665 170 3818 232 ηὃῖ

497 334 550 386 ἐν
577 351 652 405 τῳ
688 329 929 402 Ἰορδάνῃ,
962 327 1018 382 h.
1050 341 1101 383 e.
1137 326 1275 383 Cum
1306 325 1484 380 ‘Jesus
1528 323 1584 379 in
1630 338 1822 394 aquam
1862 323 2089 381 descen-

2234 335 2414 376 ensum
2451 311 2815 373 Tertullianus
2857 321 2926 363 ex
2965 303 3060 363 illo
3108 304 3166 361 S.
3215 299 3363 405 Pauli
3390 299 3430 402 Ι.
3460 298 3529 355 ad
3553 298 3691 356 Cor.
3724 313 3814 362 ιιι,

499 395 691 487 disset,
714 390 1060 490 etiam-ignis
1078 417 1141 471 in
1173 413 1414 472 Iordane
1442 390 1710 470 accensus
1739 413 1874 484 fuit.
1898 410 2006 467 Sed
2036 418 2091 467 et
2119 390 2168 401 ”
2199 414 2266 466 13
2291 416 2345 465 et
2388 422 2539 478 seqq.
2569 402 2817 460 hausisse
2859 396 3071 490 videtur
3100 411 3115 448 :
3154 390 3613 490 Uniuscujusque
3662 402 3814 488 opus

496 509 553 564 in
609 476 794 565 no’stro
851 476 1123 579 baptismo
1179 502 1491 561 accenditur
1545 476 1845 559 invisibilis
1873 499 2089 571 quidam
2196 476 2573 569 manifestum
2589 492 2731 559 erit;
2753 502 2880 545 DIES
2899 485 3054 543 enim
3068 477 3605 539 nonmrdeclarabit
3670 476 3817 576 quia

498 600 665 673 ignis,
696 613 819 654 cum
847 598 1035 670 gratia
1087 596 1334 667 Spiritus
1372 594 1563 649 sancti
1611 589 1867 648 cordibus
1894 588 2093 645 nostris
2197 591 2261 645 in
2275 564 2407 643 [cive
2425 579 2871 640 revelabitur:et
2885 573 3340 644 uniuscujusque
3355 584 3495 640 opus
3513 565 3689 641 quale
3711 564 3815 630 sit,

499 653 756 757 illabitur,
781 653 872 753 et:
876 694 935 741 ut
962 685 1018 740 S.
1042 653 1233 739 Ambr.
1257 683 1311 737 in
1340 681 1431 737 lib.
1453 681 1519 740 de
1540 682 1666 737 Elia
1694 684 1747 735 et
1758 682 1947 753 jejun.
1971 693 2091 749 cap.
2200 690 2354 731 rarus
2370 672 2645 747 probabit.
2671 670 2730 725 Si
2758 667 2919 737 cujus
2946 679 3084 736 opus
3108 659 3383 717 manserit
3401 686 3474 697 —

502 777 604 834 ult.
645 775 907 847 loquitur,
934 776 1166 847 peccata
1195 775 1394 828 nostra
1423 771 1726 838 consumit,
1758 769 2097 838 animamque

502 868 568 924 ab
590 868 784 922 horum
813 863 1005 919 scoriis
1031 868 1247 936 purgat.
1272 860 1406 915 Sunt
1436 859 1583 925 dein,
1607 858 1842 931 quicum
1872 856 1928 912 S.
1948 856 2094 928 Aug.

503 960 567 1012 in
589 958 681 1013 Ps.
704 969 835 1023 va,
858 952 926 1008 de
954 951 1301 1016 exorcismis,
1326 949 1596 1020 baptismo
1623 956 1811 1004 nostro
1840 962 2094 1002 commu-

503 1046 643 1101 niter
696 1040 950 1114 praemitti
1005 1039 1196 1110 solitis,
1257 1037 1603 1113 intelligunt;
1663 1036 1737 1092 ait
1791 1050 2024 1108 namque
2078 1052 2093 1090 :

510 1154 538 1188 (ι
574 1132 732 1190 Unde
769 1130 1089 1203 plerumque
1118 1126 1383 1185 immundi
1425 1126 1646 1198 spiritus
1684 1125 1954 1197 clamant:
1988 1125 2097 1179 Ar-

504 1226 635 1291 deo;
668 1220 715 1279 si
742 1221 834 1278 ille
862 1219 1005 1292 ignis
1036 1234 1146 1275 non
1182 1216 1300 1275 est?
1345 1218 1475 1273 Post
1516 1215 1699 1291 ignem
1727 1225 1907 1272 autem
1935 1229 2096 1271 exor-

507 1311 661 1372 cismi
686 1310 904 1370 venitur
949 1308 1017 1364 ad
1062 1306 1409 1379 baptismum.
1444 1325 1468 1357 ι
1513 1305 1619 1362 Alii
1647 1321 1743 1375 per
1770 1303 2099 1377 baptismum

507 1401 658 1458 illum
687 1400 829 1477 ignis
866 1415 988 1456 cum
1025 1407 1245 1456 auctore
1287 1396 1480 1470 Operis
1508 1397 1739 1470 imper)”.
1788 1396 1854 1451 in
1899 1393 2098 1450 Matth.

506 1493 653 1550 hom.
686 1494 742 1559 3,
772 1490 1071 1562 designant
1101 1486 1491 1558 (metaphorice
1537 1484 1809 1553 nimirum)
1854 1482 2101 1539 tribula-

512 1582 695 1639 tiones
738 1587 794 1637 et
837 1573 1278 1652 persecutiones,
1304 1574 1519 1647 quibus
1566 1571 1809 1628 ﬁdelium
1833 1569 2102 1644 justorum

2200 746 2438 837 accipiet
2454 765 2533 820 :si
2543 762 2705 833 cujus
2715 774 2857 831 opus
2868 751 3510 822 arserit,detrimentum
3519 746 3819 820 patietur;

2201 858 2321 930 ipse
2348 856 2541 910 autem
2562 851 2751 906 salvus
2772 846 2885 904 erit
2913 863 2931 899 :
2961 843 3042 899 sic
3067 842 3276 905 tamen,
3300 837 3462 911 quasi
3481 847 3819 892 venierint.

2204 923 2374 1018 I'dque
2402 942 2577 1013 ipsum
2621 947 2729 1007 est,
2755 935 2901 1008 quod
2944 931 3013 986 ab
3042 929 3180 1018 Isaia
3207 942 3367 1018 c.1v,
3401 927 3454 992 4,
3486 923 3820 1018 praedictum

2202 1012 2375 1089 fuerat
2405 1012 2650 1087 {Abluet
2679 1025 2951 1084 Dominus
2978 1017 3165 1077 sordes
3192 1017 3449 1086 ﬁliarum
3482 1014 3623 1071 Sion
3647 1041 3730 1052 —
3753 1012 3820 1065 in

2205 1136 2424 1179 setm'ru
2459 1132 2682 1183 JUDIGII,
2721 1121 2776 1170 et
2819 1124 3040 1168 suam:
3084 1120 3345 1173 annonis,
3375 1119 3473 1161 seu
3516 1100 3717 1175 ignis;
3766 1098 3821 1154 in

2206 1227 2369 1282 quem
2414 1211 2599 1267 locum
2645 1205 2703 1262 S.
2733 1199 2961 1258 Basilius
3004 1197 3127 1255 ait:
3162 1191 3377 1251 H77
3426 1215 3451 1244 ιι
3500 1188 3824 1282 Baptismus

2204 1279 2426 1358 Joannis
2456 1303 2572 1355 erat
2589 1290 2908 1366 expurgatio
2937 1286 3200 1354 sordium,
3220 1285 3339 1340 haec
3366 1288 3548 1340 autem
3578 1279 3709 1351 ipsa
3737 1290 3824 1332 re-

2207 1386 2488 1463 generatio
2515 1401 2613 1457 per
2659 1363 2918 1454 Spiritum
2948 1384 3197 1434 sanctum
3226 1372 3283 1428 id
3326 1370 3471 1444 quod
3498 1383 3742 1426 examen
3768 1363 3825 1419 ﬁl

2210 1456 2304 1550 per
2331 1456 2741 1533 renuntiantur.
2775 1492 2797 1520 ι»
2833 1468 2899 1524 Et
2929 1468 2988 1523 in
3015 1467 3053 1523 ι.
3084 1465 3153 1522 de
3178 1462 3339 1550 Spir.
3366 1461 3425 1517 S.
3454 1459 3524 1513 ad
3550 1456 3822 1550 Amphil.

2210 1545 2329 1637 cap.
2360 1567 2452 1630 35,
2480 1562 2676 1635 inquit,
2712 1579 2737 1614 ι
2758 1560 2916 1616 [ams
2944 1567 3261 1611 ΒΑρτιειιιιι
3290 1548 3436 1606 illam
3463 1561 3591 1606 esse
3620 1545 3827 1618 proba-

508 1671 565 1728 in
616 1670 725 1728 ﬁde
785 1648 1102 1733 constantia,
1146 1672 1198 1723 et
1240 1663 1296 1719 in
1349 1661 1588 1719 adversis
1634 1659 1911 1732 patientia,
1958 1659 2107 1715 velut
2143 1648 2181 1724 Β
2214 1654 2436 1722 tionem,
2467 1667 2587 1724 quae
2616 1649 2709 1708 ﬁet
2736 1649 2793 1705 in
2829 1659 3066 1704 JUDICIO.
3102 1662 3128 1693 ι

510 1776 702 1817 aurum
727 1758 785 1814 in
812 1756 1032 1813 fornace
1061 1754 1222 1826 ignis,
1253 1752 1536 1824 probatur.
1568 1749 1627 1808 S.
1658 1749 1827 1806 Basil.
1860 1749 1916 1805 in
1946 1750 2103 1806 Hom.

513 1851 578 1907 de
624 1852 784 1921 Bapt.
827 1842 1240 1916 intelligendum
1283 1840 1559 1899 contendit
1600 1840 1792 1912 ignem
1839 1837 1991 1894 illum
2020 1838 2108 1911 ,de

511 1936 673 1994 verbo
684 1934 781 1991 doc
789 1933 979 2003 trinas,
991 1931 1133 2004 quod
1144 1934 1199 1986 et
1218 1933 1579 2003 peccatorum
1589 1929 1879 1985 malitiam
1894 1927 2106 1999 arguit,

515 2029 571 2082 et
578 2023 1063 2097 justiﬁcationum
1081 2020 1331 2093 gratiam
1348 2019 1692 2089 manifestat
1712 2036 1731 2073 :
1750 2031 1876 2090 qua!
1894 2014 2108 2088 quidem

512 2112 881 2187 expositiones
915 2109 1043 2167 satis
1071 2108 1392 2179 commodae,
1430 2107 1526 2164 sed
1566 2105 1782 2162 nonnisi
1810 2105 2111 2178 metapho-

516 2205 653 2262 rica:
701 2209 843 2259 sunt.
889 2200 1137 2273 Denique
1185 2207 1368 2256 autem
1415 2197 1778 2253 Tertullianus
1816 2205 1999 2253 noster
2044 2195 2112 2251 de

519 2294 608 2351 die
629 2292 859 2364 judicii,
892 2299 1053 2362 atque
1083 2291 1211 2360 igne
1240 2288 1519 2360 infernali
1537 2287 1918 2342 damnatorum
1945 2298 2112 2355 expo-

517 2381 615 2450 nit,
647 2386 707 2434 ut
732 2379 894 2451 paulo
923 2384 1047 2450 post
1075 2376 1399 2433 videbimus.

590 2471 803 2526 Interea
844 2468 997 2534 mihi,
1029 2465 1220 2531 fateor,
1254 2465 1544 2537 praeplacet
1589 2480 1779 2522 eorum
1826 2462 2111 2533 sententia,

521 2558 614 2633 qui
646 2561 713 2614 ad
742 2557 982 2613 litteram
1008 2555 1311 2628 intelligunt
1339 2554 1406 2610 de
1434 2552 1668 2624 Spiritus
1688 2553 1745 2612 S.
1765 2568 1874 2609 non
1902 2553 1959 2608 in
1988 2567 2114 2625 apo-

521 2647 691 2706 stolos
715 2646 1104 2713 duntaxat,sed
1123 2644 1179 2701 in
1208 2642 1527 2700 eorumdem
1545 2644 1842 2716 discipulos
1870 2658 2111 2717 quoque,

524 2753 719 2795 recens
747 2735 1068 2809 baptizatos,
1099 2733 1297 2791 visibili
1325 2733 1588 2790 descensu
1616 2734 1681 2788 in
1725 2736 1913 2805 forma
1939 2734 2110 2805 ignis,

524 2827 683 2896 cujus
731 2823 1043 2897 exemplum
1088 2830 1169 2879 sat
1213 2821 1484 2896 fulgidum
1527 2830 1580 2878 et
1625 2820 1833 2877 illustre
1878 2823 1997 2878 Act.
2028 2837 2109 2891 χι,

454 2924 459 2927 ’
524 2930 670 2971 vers.
705 2917 793 2979 11,
822 2911 1066 2979 habetur,
1113 2910 1207 2966 ubi
1248 2910 1320 2965 ita
1375 2910 1434 2968 S.
1482 2910 1669 2967 Petrus
1700 2928 1714 2964 :
1752 2912 1890 2968 Cum
1920 2914 2115 2966 autem

2727 1796 2886 1853 Nota:
2906 1791 2978 1849 ad
3001 1793 3179 1862 caput
3211 1788 3297 1846 XI.

2293 1928 2462 1998 Quasi
2487 1938 2700 1982 revera.
2730 1920 2851 1976 Mea
2876 1917 3100 1991 quidem
3126 1914 3290 1971 editio
3319 1911 3454 1986 quia
3482 1910 3675 1975 habet,
3699 1910 3829 1966 obs-

2214 2032 2343 2075 curo
2388 2023 2533 2072 certe
2577 2028 2641 2069 ac
2669 2009 2930 2066 mendoso
2968 2020 3171 2071 sensu;
3201 2000 3370 2057 malui
3416 2014 3552 2071 ergo
3603 2013 3677 2054 ex
3711 1998 3831 2054 aliis

2215 2105 2542 2164 editionibus
2589 2102 2754 2175 quasi
2782 2109 3046 2168 reponere
3078 2111 3092 2150 :
3125 2098 3182 2149 ut
3224 2090 3358 2147 adeo
3386 2087 3665 2145 sententia
3715 2087 3830 2142 hac

2215 2195 2443 2254 ironiam
2472 2191 2653 2265 potius
2686 2186 2974 2260 exprimat.

2286 2282 2675 2341 Praedicasset.
2726 2278 2859 2335 Cum
2908 2272 3112 2331 scilicet
3151 2271 3391 2326 Joannes
3433 2266 3581 2338 apud
3630 2267 3827 2323 Matth.

2219 2389 2338 2446 cap.
2376 2387 2456 2442 ιιι,
2482 2386 2535 2427 v.
2580 2373 2669 2438 11,
2700 2366 2770 2424 de
2796 2362 3012 2421 Christo
3057 2359 3192 2416 dixit
3225 2377 3239 2416 :
3273 2360 3393 2430 Ipse
3419 2372 3514 2413 vos
3553 2356 3831 2430 baptista-

2220 2464 2320 2530 bit,
2350 2470 2476 2528 etc.,
2509 2470 2847 2529 nequaquam
2891 2450 3093 2508 addidit
3122 2468 3136 2504 :
3165 2464 3267 2522 per
3312 2451 3506 2512 semet,
3538 2455 3639 2503 aut
3686 2462 3830 2518 pro-

2216 2553 2363 2626 priis
2390 2550 2509 2606 suis
2535 2545 2820 2604 manibus.

2292 2640 2614 2713 Proposuit,
2643 2634 2683 2691 i.
2726 2649 2777 2689 e.
2799 2628 3201 2705 promulgavit,
3229 2632 3321 2683 aut
3344 2624 3413 2679 ad
3439 2622 3629 2683 valvas
3655 2622 3834 2681 curia:

2220 2732 2439 2805 afﬁxit,
2471 2738 2598 2798 etc.,
2629 2726 2788 2797 cujus
2834 2721 3020 2793 utique
3047 2734 3242 2776 sensus
3279 2724 3362 2775 est
3390 2732 3405 2775 :
3436 2716 3834 2789 promulgari,

2221 2822 2308 2881 vel
2338 2822 2498 2893 afﬁgi
2517 2818 2715 2892 jussit,
2739 2822 2830 2871 aut
2860 2812 3028 2885 fecit,
3057 2826 3155 2883 per
3193 2808 3354 2866 alium
3383 2823 3607 2879 nempe.

2293 2911 2516 2967 Dicitur
2546 2907 2756 2980 facere.
2804 2900 3110 2959 Secundum
3157 2896 3435 2970 vulgatam
3480 2896 3631 2952 illam
3670 2894 3837 2952 JCto-

527 3004 811 3077 coepissem
843 3002 1014 3075 loqui,
1046 2978 1247 3058 cecidit
1277 3000 1522 3073 Spiritus
1552 3000 1610 3056 S.
1639 3016 1811 3072 super
1837 3013 2116 3069 eos,srcrrr
2155 2978 2194 3055 (ἶ
2223 3016 2343 3056 rum
2384 2978 2627 3070 regulam
2662 3008 2675 3045 :
2713 3012 2741 3045 α
2768 2990 2928 3061 Quod
2972 2989 3096 3062 quis
3122 3002 3221 3059 per
3246 2986 3411 3042 alium
3464 2984 3613 3050 facit,
3642 3001 3754 3056 per
3780 3000 3839 3040 se

524 3107 597 3148 ar
631 3105 692 3148 IN
720 3096 831 3146 nos
864 3103 923 3145 IN
966 3102 1160 3152 mmo,
1193 3087 1433 3158 adeoque
1460 3088 1621 3142 etiam
1653 3086 1709 3140 in
1744 3083 1918 3142 forma
1944 3087 2114 3158 ignis,

525 3179 663 3237 sicut
690 3178 883 3234 cecidit
927 3178 984 3233 in
1026 3176 1299 3251 apostolos
1341 3174 1400 3229 in
1447 3175 1536 3231 die
1579 3176 1941 3231 Pentecostes.
1976 3174 2116 3231 Sen-

528 3285 624 3326 sus
670 3267 839 3341 igitur
885 3267 1157 3323 dictorum
1204 3265 1261 3320 S.
1309 3264 1536 3320 Joannis
1582 3264 1831 3335 Baptistae
1878 3262 1967 3319 hic
1999 3279 2120 3321 esse

527 3357 787 3431 Optimus,
817 3357 1086 3429 planeque
1137 3354 1384 3412 litterulis
1435 3354 1649 3414 videtur
1693 3370 1707 3407 :
1744 3356 1851 3425 Ego
1899 3353 2121 3426 quidem

528 3465 675 3522 aqua
715 3445 909 3519 (sterili
953 3444 1162 3503 scilicet
1199 3443 1494 3510 elemento,
1526 3458 1626 3499 nec
1670 3442 1779 3499 vim
1833 3442 2021 3514 gratiae
2067 3443 2122 3499 in

528 3553 590 3593 se
618 3535 876 3607 habente)
905 3535 1131 3608 baptizo
1175 3549 1290 3600 vos,
1322 3541 1428 3590 etc.
1463 3534 1583 3606 Ipse
1611 3539 1792 3588 autem
1821 3548 1913 3589 vos
1942 3533 2117 3604 bapti-

528 3628 676 3685 zabit
710 3626 843 3697 (non
871 3624 987 3681 sola
1024 3624 1191 3696 aqua)
1219 3622 1317 3679 sed
1343 3625 1405 3679 in
1435 3623 1655 3694 Spiritu
1686 3622 1741 3678 S.
1774 3621 1994 3691 (aquam
2021 3622 2125 3677 ba-

529 3713 713 3788 ptismi
749 3712 819 3768 ad
874 3711 1340 3784 progenerandum
1385 3710 1613 3782 gratiam
1665 3708 2014 3782 fecundante)
2069 3715 2127 3769 et

529 3804 669 3874 igni,
703 3800 909 3857 scilicet
954 3800 1144 3873 gratiis
1190 3799 1423 3872 Spiritus
1461 3800 1521 3856 S.
1552 3799 1611 3855 in
1656 3797 1781 3871 igne
1824 3815 1924 3870 per
1949 3798 2124 3871 impo-

529 3889 782 3945 sitionem
810 3903 1070 3943 manuum
1107 3887 1532 3959 superventuris.
1563 3891 1742 3959 Atque
1783 3886 1874 3945 hic
1919 3896 2001 3946 est
2036 3888 2127 3946 ille

534 3976 835 4050 baptismus
864 3979 1085 4050 igneus,
1120 3991 1285 4049 quem
1321 3975 1568 4034 Christus
1601 3977 1719 4049 ipse
1748 3979 1868 4035 Act.
1899 3993 2036 4048 1,-v.
2066 3980 2122 4045 5,

528 4067 911 4142 praenuntiavit
942 4084 955 4125 :
990 4069 1232 4126 Joannes
1252 4066 1474 4141 quidem
1501 4065 1814 4141 baptizavit
1839 4082 2005 4141 aqua,
2034 4081 2126 4126 vos

531 4163 725 4217 autem
737 4156 1165 4232 baptizabimini
1176 4155 1404 4213 SPlanU
1423 4169 1636 4212 SANCTO
1658 4172 1774 4214 non
1781 4160 1905 4225 post
1915 4157 2127 4214 multos

532 4249 627 4306 hos
657 4248 796 4306 dies.
826 4247 893 4303 Et
922 4245 1086 4319 paulo
1121 4253 1263 4318 post,
1306 4262 1360 4303 v.
1392 4249 1424 4301 8
1456 4262 1471 4305 :
1502 4246 1801 4318 Accipietis
1847 4246 2127 4304 virtutem

2224 3090 2401 3161 ipsum
2432 3085 2612 3142 facere
2640 3089 2912 3141 censetur.
2948 3098 2975 3132 ››
3009 3077 3282 3133 Caeterum
3320 3074 3839 3147 prreministmtur

2225 3176 2418 3234 eodem
2438 3189 2601 3231 sensu
2618 3172 2830 3237 Noster,
2860 3183 2969 3239 quo
2995 3165 3049 3221 in
3080 3165 3117 3221 l.
3140 3163 3209 3222 de
3241 3166 3397 3223 Orat.
3428 3178 3551 3234 cap.
3588 3167 3638 3229 1,
3658 3163 3835 3219 Joan-

2226 3282 2351 3323 nem
2400 3261 2864 3337 prwministrum
2891 3255 3114 3324 Christi,
3143 3252 3298 3326 quasi
3343 3259 3711 3323 praeeuntem,
3744 3266 3839 3307 seu

2227 3354 2432 3429 praevie
2470 3351 2884 3414 ministrantem,
2925 3347 3079 3403 dixit.
3110 3346 3190 3402 Ita
3219 3352 3275 3400 et
3303 3341 3568 3415 Apuleius
3596 3341 3655 3396 in
3688 3344 3839 3415 Apo-

2229 3445 2334 3518 log.
2366 3443 2607 3517 linguam
2635 3437 3062 3498 mendaciorum
3091 3439 3148 3495 et
3174 3431 3642 3491 amaritudinum
3678 3448 3838 3505 ρνιε-

2227 3534 2560 3591 ministram
2587 3526 2902 3586 nominavit.

2298 3626 2407 3681 Per
2433 3622 2643 3694 ipsum.
2674 3618 2808 3688 Ejus
2835 3615 3092 3671 nimirum
3113 3615 3346 3672 nomine
3373 3626 3434 3669 ac
3454 3612 3840 3668 auctoritate.

2302 3713 2367 3768 In
2394 3712 2603 3783 ipsum.
2633 3706 2740 3762 Seu
2756 3706 2819 3760 in
2851 3705 2973 3776 ejus
3002 3705 3276 3761 virtutem
3296 3715 3359 3758 ac
3387 3709 3631 3769 nomen,
3651 3707 3718 3754 ut
3737 3700 3842 3755 sei-

2225 3797 2351 3855 licet
2369 3792 2654 3853 transeatis
2673 3792 2729 3847 in
2747 3806 2949 3847 nomen
2983 3790 3215 3856 Christi,
3237 3788 3494 3858 deinceps
3516 3787 3842 3843 Christiani

2229 3884 2561 3959 appellandi.
2594 3882 2686 3940 Sic
2711 3880 2859 3938 enim
2896 3880 2956 3936 S.
3001 3877 3151 3937 Paul.
3183 3877 3360 3934 Galat.
3395 3891 3478 3942 ιιι,
3510 3877 3607 3943 27,
3636 3880 3696 3934 et
3730 3891 3841 3948 seq.

2229 3976 2304 4033 ait
2354 3993 2369 4034 :
2429 3974 2750 4045 Quicunque
2796 3971 2862 4025 in
2895 3968 3117 4026 Christo
3170 3965 3470 4039 (Griececlc
3499 3965 3744 4036 Χριστὸν,
3784 3967 3845 4021 in

2236 4066 2552 4135 Christum)
2597 4060 2872 4134 baptisati
2899 4058 3052 4125 estis,
3110 4057 3404 4115 Christum
3432 4054 3749 4112 induistis.
3780 4083 3850 4097 —

2238 4155 2438 4213 Omnes
2465 4153 2627 4210 enim
2653 4166 2748 4208 vos
2774 4164 2958 4206 unum
2986 4148 3120 4204 estis
3147 4149 3210 4204 in
3256 4144 3470 4203 Christo
3507 4144 3669 4201 Jesu.
3706 4144 3850 4201 Vide

2229 4244 2385 4317 plura
2414 4242 2560 4314 apud
2587 4241 2644 4297 S.
2683 4238 2846 4297 Basil.
2877 4238 2933 4293 in
2962 4235 3052 4292 cit.
3085 4237 3244 4293 Hom.
3277 4233 3343 4291 de
3375 4233 3693 4305 Baptismo.

539 4316 991 4410 supervenientis
1014 4316 1259 4409 Spiritus
1280 4338 1469 4393 sancti
1488 4338 1551 4394 in
1564 4316 1677 4402 vos,
1700 4346 1828 4404 etc.,
1849 4351 1972 4407 quas
2003 4350 2126 4392 mox
2305 4335 2426 4395 Non
2452 4335 2571 4406 ipse
2622 4328 2890 4403 tingebat.
2924 4327 3066 4383 Sunt
3091 4333 3271 4381 tamen
3318 4339 3384 4378 ex
3433 4320 3721 4387 Patribus,
3756 4322 3853 4394 qui

534 4430 600 4482 10
629 4425 823 4483 diebus
852 4434 1057 4497 postea,
1089 4442 1221 4482 cum
1251 4427 1673 4498 complerentur
1700 4426 1817 4483 dies
1837 4428 2126 4484 Pentecos-

535 4521 638 4583 tes,
668 4514 998 4571 adamussim
1026 4514 1247 4588 impleta
1277 4530 1400 4572 esse
1429 4514 1699 4572 novimus.

604 4606 777 4678 Aqua:
804 4605 963 4675 ﬁdes.
992 4604 1036 4659 Ι.
1067 4620 1119 4663 e.
1150 4604 1241 4660 illa
1269 4600 1427 4670 ﬁdes,
1449 4618 1570 4675 quas
1597 4611 1678 4659 est
1706 4604 1771 4658 in
1798 4619 2006 4676 aquam
2032 4620 2127 4661 seu

536 4693 861 4767 baptismum
890 4709 1064 4767 aquae,
1088 4700 1171 4749 est
1205 4693 1448 4760 stabilis,
1473 4694 1722 4763 ﬁrmiter
1740 4709 2125 4765 perseverans,

533 4800 597 4842 ac
627 4791 888 4858 perpetuo
925 4782 1163 4856 largiens
1206 4781 1281 4851 id,
1313 4781 1459 4854 quod
1506 4782 1577 4837 ad
1625 4790 1866 4838 nostram
1897 4782 2128 4838 salutem

532 4874 903 4931 necessarium
932 4880 1035 4929 est.
1065 4873 1172 4927 Aut
1204 4890 1216 4927 :
1251 4888 1402 4945 aqua
1442 4871 1535 4928 illa
1572 4872 1754 4943 ﬁdelis
1781 4881 1880 4939 est,
1912 4885 2131 4931 servans

536 4962 822 5034 promissa,
856 4977 923 5018 eo
951 4960 1206 5016 nimirum
1241 4975 1403 5018 sensu
1431 4976 1538 5033 quo
1568 4962 1670 5016 Isa.
1703 4976 1915 5029 χχχιιι,
1949 4979 2003 5019 v.
2039 4963 2127 5028 16,

538 5049 742 5109 dictum
768 5048 870 5107 fuit
899 5067 914 5105 :
942 5050 1115 5122 Aquae
1163 5050 1285 5122 ejus
1326 5050 1516 5122 ﬁdeles
1559 5055 1716 5108 sunt.
1748 5053 1855 5107 Aut
1901 5049 2132 5122 denique

538 5155 733 5199 sensus
768 5148 853 5197 est
884 5156 899 5195 :
938 5138 1054 5197 sola
1087 5138 1226 5198 ﬁdes
1266 5158 1401 5202 vera
1442 5149 1498 5199 et
1538 5144 1764 5200 sincera
1793 5151 1898 5207 est,
1924 5141 1981 5196 in
2026 5156 2133 5212 qua

538 5229 607 5288 ad
645 5230 877 5287 salutem
906 5227 1199 5296 abluimur,
1229 5236 1360 5303 etc.,
1392 5231 1669 5290 simulata
1701 5245 1834 5288 vero
1859 5237 1915 5286 et
1941 5231 2133 5285 insta-

538 5320 666 5376 bilis
695 5334 792 5377 seu
820 5320 1134 5388 nonseria,
1166 5333 1399 5391 moxque
1427 5319 1624 5379 iterum
1673 5316 1992 5383 deserenda,
2022 5316 2131 5372 tin-

543 5408 692 5480 gitur
721 5408 778 5464 in
805 5408 1088 5481 judicium.

615 5499 679 5552 In
698 5497 1006 5569 judicium.
1025 5497 1183 5559 Hunc
1211 5513 1375 5572 supra
1401 5496 1662 5570 prolixius
1689 5494 1922 5571 eXpositi
1953 5502 2133 5553 textus

2229 4422 2590 4484 verisimiliter
2645 4420 2955 4493 Opinantur,
3015 4433 3049 4471 a
3104 4416 3313 4472 Christo
3372 4411 3654 4485 apostolos
3679 4456 3697 4478 ,
3765 4410 3853 4469 vel

2229 4514 2418 4573 saltem
2464 4527 2651 4569 eorum
2705 4508 3029 4581 principem,
3069 4506 3312 4569 Petrum,
3357 4501 3559 4559 Christi
3610 4500 3853 4572 propria

2231 4621 2393 4661 manu
2420 4601 2718 4674 baptizatos
2746 4597 2936 4654 fuisse.
2971 4597 3049 4650 Ita
3077 4594 3218 4650 enim
3258 4592 3315 4649 S.
3348 4593 3574 4663 August.
3606 4588 3659 4643 in
3718 4606 3854 4661 per-

2229 4691 2464 4765 elegauti
2491 4690 2588 4747 illa
2617 4688 2776 4760 epist.
2825 4688 2926 4741 108
2956 4685 3124 4757 (nunc
3153 4681 3284 4753 265)
3314 4682 3388 4737 ad
3432 4679 3851 4737 Seleucianae:

2235 4784 2303 4839 de
2331 4781 2619 4854 Baptismo
2636 4782 2699 4835 et
2717 4777 2923 4833 Paenit.
2945 4776 3121 4840 Petri,
3155 4771 3230 4827 ait
3260 4789 3274 4825 :
3305 4790 3331 4823 α
3358 4771 3543 4841 Neque
3563 4768 3721 4824 enim
3756 4768 3856 4823 mi-

2232 4871 2453 4927 nisterio
2508 4865 2815 4941 baptizandi
2872 4863 3082 4928 defuit,
3144 4869 3204 4917 ut
3259 4861 3479 4916 haberet
3534 4857 3855 4929 baptizatos

2236 4976 2442 5031 servos,
2487 4973 2586 5033 per
2631 4970 2770 5029 quos
2818 4954 2955 5011 alios
2997 4952 3328 5023 baptizaret,
3378 4948 3469 5021 qui
3505 4962 3617 5003 non
3663 4947 3856 5003 defuit

2232 5047 2602 5106 memorabilis
2655 5045 2800 5102 illius
2845 5040 3162 5100 humilitatis
3224 5036 3525 5114 ministerio
3549 5077 3563 5098 ,
3620 5036 3857 5107 quando

2237 5138 2317 5196 eis
2359 5138 2489 5198 lavit
2536 5135 2724 5210 pedes,
2772 5142 2826 5191 et
2870 5132 3075 5206 petenti
3120 5132 3316 5195 Petro,
3367 5134 3430 5186 ut
3471 5140 3583 5181 non
3631 5132 3860 5181 tantum

2237 5228 2427 5301 pedes,
2466 5241 2657 5285 verum
2682 5224 2847 5282 etiam
2886 5236 3081 5278 manus
3109 5226 3161 5275 et
3188 5227 3346 5292 caput
3375 5215 3425 5273 ei
3459 5216 3693 5280 levaret,
3729 5229 3860 5271 res-

2234 5318 2442 5391 pondit,
2466 5315 2572 5386 QUI
2596 5330 2768 5374 LO‘I'US
2795 5327 2918 5381 es'r,
2951 5327 3069 5368 non
3098 5309 3334 5381 indiget,
3363 5328 3387 5357 υ
3417 5314 3518 5363 etc.
3551 5303 3686 5377 Legi
3723 5318 3863 5361 sane

2238 5408 2297 5463 in
2324 5422 2440 5464 rem
2467 5407 2608 5463 hanc
2634 5412 2746 5462 tota
2774 5409 3010 5460 meretur
3037 5398 3300 5473 Epistola.

2319 5496 2483 5556 Verbo
2511 5494 2696 5554 dabat.
2727 5494 2917 5566 Neque
2950 5488 3094 5549 enim
3123 5486 3236 5546 ullo
3264 5485 3373 5544 alio
3422 5479 3693 5542 exteriori
3748 5482 3867 5539 ritu
