4050 6168
342 229 484 299 1253
740 256 775 276 κ

1185 231 1519 296 APPENDIX
1554 230 1620 291 V.
1655 261 1730 285 -—-
1765 230 1831 291 Β.
1869 231 2248 297 CORBINIANI
2284 226 2528 297 THOME
2564 225 2803 290 ADNOT.

3505 224 3644 289 1254

341 356 582 419 adhibito
610 357 963 429 paralyticum
988 360 1179 417 Matth.
1220 374 1302 428 ιιι,
1333 363 1365 415 2
1383 401 1397 429 ,
1441 375 1618 432 neque
1648 359 1924 417 mulierem
1959 359 2007 439 η
2044 364 2163 420 καιί
2188 375 2402 424 sumus,
2428 372 2486 414 IN
2513 371 2704 414 uon'rs
2731 354 2914 428 ipsius
2942 351 3223 426 baptizati
3242 355 3475 408 sumus?
3505 354 3644 409 Con-

338 446 472 503 Luc.
503 461 603 516 vn,
638 449 725 513 28,
750 446 854 503 nisi
883 449 1087 519 paucis,
1126 448 1565 520 simplicibusque
1608 448 1789 507 verbis
1827 448 1926 503 ab-

336 532 516 601 solvit,
555 534 779 591 dicens:
805 538 1206 596 Remittuntur
1237 538 1340 592 tibi
1361 541 1599 610 peccata
1638 541 1757 594 tua.

408 623 753 681 Humilitate
791 625 1032 685 celabat.
1064 625 1153 682 Sic
1180 625 1322 680 enim
1353 624 1598 681 Christus
1624 624 1691 681 de
1714 640 1782 691 se
1812 624 1929 695 ipso

338 709 540 766 directe
588 711 852 783 loquens,
904 730 1177 786 nunquam
1225 722 1411 785 aperte
1454 730 1514 771 se
1561 714 1759 769 Ειιιυιι
1807 714 1934 783 Dm,

338 799 435 855 sed
467 801 681 857 Filium
722 803 964 860 hominis
1005 803 1232 868 dicebat,
1258 811 1315 858 ut
1359 803 1546 859 Matth.
1582 819 1702 870 VIII,
1738 807 1828 871 20,
1879 811 1933 858 et

334 904 456 961 cap.
488 905 570 956 Ix,
602 906 653 946 v.
688 893 741 962 6,
771 898 826 946 et
860 891 985 947 alibi
1022 893 1240 963 passim.
1273 891 1427 950 Unde
1456 909 1580 949 cum
1608 892 1739 964 Luc,
1772 909 1847 963 IV,
1879 908 1932 947 v.

336 980 425 1043 M,
457 994 487 1033 a
516 979 703 1034 multis
743 980 1001 1038 exiissent
1037 981 1305 1038 daemonia
1368 981 1689 1038 clamantia
1736 987 1791 1037 et
1840 982 1931 1038 di-

336 1070 558 1124 centia:
597 1070 741 1138 Quia
774 1074 838 1125 tu
854 1087 911 1127 es
931 1071 1115 1126 Fusus
1144 1070 1271 1141 DEI,
1303 1071 1626 1143 increpans,
1651 1087 1763 1127 non
1784 1073 1939 1127 sinc-

337 1159 431 1213 bat
462 1173 528 1216 ea
576 1159 754 1231 loqui.
808 1158 873 1213 Et
907 1160 1065 1216 Joan.
1115 1175 1241 1229 vm,
1301 1161 1390 1224 54,
1445 1159 1692 1217 dicebat:
1727 1160 1788 1217 Si
1841 1178 1936 1234 ego

336 1246 589 1319 glori/ica
614 1250 914 1321 meipsum,
954 1251 1139 1322 gloria
1162 1263 1290 1305 mea
1326 1249 1476 1307 nihil
1505 1256 1604 1307 est.

414 1336 789 1393 Struaterant.
813 1337 941 1393 Haec
977 1337 1119 1392 enim
1159 1335 1337 1410 primo
1375 1336 1637 1395 aediﬁcata
1666 1337 1845 1394 fuerat
1873 1340 1940 1394 ab

343 1423 619 1495 apostolis,
651 1433 937 1497 postquam
964 1433 1287 1498 acceperant
1312 1425 1573 1497 Spiritum
1600 1433 1851 1483 sanctum
1881 1426 1939 1483 in

344 1511 433 1568 die
460 1513 824 1581 Pentecostes,
857 1514 1075 1587 quando
1098 1523 1219 1588 post
1232 1514 1463 1588 primam
1492 1515 1935 1587 praedicationem

342 1602 608 1677 Petri,qui
633 1608 970 1677 receperunt
997 1619 1309 1663 sermonem
1329 1604 1753 1678 ejus,baptizati
1771 1610 1932 1674 sunt,

2041 449 2253 525 sepulti
2278 447 2430 503 enim
2474 462 2671 503 sumus
2717 459 2850 501 eum
2900 441 3003 499 illo
3027 458 3136 513 per
3167 442 3548 513 Baptismum,
3580 456 3640 498 IN

2041 553 2292 603 nomen,
2324 541 2388 593 ut
2415 534 2685 609 quomodo
2723 532 2974 590 Christus
3021 546 3303 587 sunnnxrr
3329 545 3366 585 Α
3392 544 3640 587 ιιοιιτιιιε

2037 644 2143 701 per
2161 628 2404 700 gloriam
2423 626 2634 688 Patris,
2651 625 2737 679 ita
2753 626 2809 678 et
2832 638 2931 679 nos
2960 635 3023 676 IN
3048 633 3330 677 novrum
3347 635 3498 676 vna:
3518 635 3643 675 am-

2042 718 2318 782 bulemus,
2352 721 2480 780 ctc.,
2511 720 2617 768 etc.
2648 711 2784 767 Vide
2824 711 2982 766 etiam
3023 712 3223 767 Coloss.
3254 724 3314 776 ιι,
3337 712 3402 763 12
3432 720 3486 765 et
3522 724 3638 779 seq.

2039 805 2196 860 Unde
2223 812 2274 860 et
2302 804 2547 859 Christus
2586 802 2749 856 Joan.
2780 814 2868 867 ιιι,
2892 801 2981 864 26,
3016 798 3084 852 de
3129 798 3422 870 semetipso
3452 814 3464 854 :
3529 800 3640 869 Ego

2039 912 2166 952 sum
2196 906 2581 951 RESURRBCTIO
2611 896 2667 948 et
2699 903 2853 945 VITA.
2886 887 3059 944 Nobis
3091 903 3219 949 sane
3250 896 3365 942 erat
3393 902 3639 943 resurre-

2039 984 2144 1041 ctio
2192 1000 2223 1038 a
2269 985 2447 1041 morte
2475 980 2701 1053 peccati
2729 978 2796 1033 ad
2853 977 3034 1034 Vitam
3072 980 3293 1046 gratim.
3334 976 3539 1031 Verum
3587 973 3643 1028 in

2039 1074 2178 1129 hanc
2224 1088 2339 1128 rem
2391 1069 2580 1125 audire
2626 1081 2843 1140 quoque
2884 1067 3035 1136 juvat
3074 1065 3131 1124 S.
3189 1066 3378 1120 Ambr.
3420 1064 3496 1119 lib
3526 1079 3545 1118 ι
3573 1062 3641 1121 de

2037 1162 2259 1235 Spiritu
2288 1162 2343 1217 S.
2381 1175 2431 1215 c.
2457 1163 2506 1223 6,
2553 1155 2629 1211 ita
2656 1154 2923 1228 eleganter
2950 1152 3338 1209 disserentem:
3376 1173 3398 1202 α
3433 1152 3507 1233 Ιιι
3550 1150 3642 1209 illo

2037 1232 2300 1321 aquarum
2324 1245 2633 1320 sepelimur
2658 1242 2946 1313 elemento,
2977 1249 3036 1297 ut
3082 1240 3326 1298 renovati
3364 1256 3464 1313 per
3500 1232 3644 1312 ’Spi-

2040 1337 2204 1394 ritum
2234 1350 2618 1410 resurgamus.
2651 1332 2729 1389 Ita
2751 1346 2892 1403 aqua
2919 1329 3062 1387 enim
3093 1339 3178 1387 est
3204 1330 3388 1402 imago
3416 1332 3646 1399 mortis,

2042 1428 2100 1483 in
2138 1426 2344 1498 Spiritu
2378 1424 2590 1499 pignus
2618 1429 2703 1478 est
2745 1422 2899 1487 vitae,
2934 1426 2993 1474 ut
3029 1435 3129 1491 per
3153 1434 3349 1491 aquam
3384 1418 3648 1476 moriatur

2041 1531 2258 1589 corpus,
2288 1530 2410 1586 quae
2447 1512 2602 1586 quasi
2631 1509 2865 1584 quodam
2912 1509 3123 1566 tumulo
3160 1523 3357 1580 corpus
3396 1507 3646 1582 includit,

2041 1615 2094 1662 et
2131 1620 2231 1677 per
2257 1603 2504 1661 virtutem
2534 1600 2768 1672 Spiritus
2813 1613 3138 1658 reuovemur
3165 1614 3195 1655 a
3225 1606 3399 1656 morte
3443 1612 3638 1669 pecca-

343 1695 400 1748 et
428 1695 687 1764 apposita
720 1697 857 1751 sunt
909 1695 976 1751 in
1004 1695 1094 1755 die
1126 1695 1232 1753 illa
1279 1696 1492 1752 anima:
1545 1695 1772 1754 circiter
1818 1698 1935 1753 tria
1965 1686 2010 1768 Β
2048 1692 2104 1751 ιί.
2149 1715 2171 1745 ι
2208 1692 2345 1751 Vide
2372 1692 2528 1764 plura
2559 1688 2655 1745 ibi.

342 1781 553 1837 millia.
595 1782 711 1837 Act.
742 1796 804 1847 ιι,
838 1784 929 1838 41.

415 1871 698 1941 Baptismo
755 1871 1011 1929 Joannis.
1050 1871 1236 1946 Itaque
1283 1873 1338 1928 in
1390 1889 1458 1930 ea
1503 1872 1764 1947 Opinione
1819 1884 1937 1932 erat

342 1956 719 2023 Tertullianus,
755 1960 1032 2031 apostolos
1060 1970 1182 2016 ante
1216 1960 1531 2018 Passionem
1561 1970 1613 2018 et
1639 1963 1935 2021 Resurrec—

340 2043 542 2100 tionem
565 2047 777 2102 nonnisi
807 2048 1134 2120 baptismum
1151 2048 1372 2106 Joannis
1394 2050 1761 2123 dispensasse,
1784 2052 1932 2125 Bap-

340 2131 556 2187 tismum
578 2149 709 2191 vero
731 2135 928 2192 Christi
957 2137 1192 2208 primum
1214 2145 1406 2209 postea
1422 2139 1721 2198 institutum
1744 2140 1930 2209 fuisse,

343 2230 401 2276 ut
430 2229 554 2292 post
583 2238 751 2295 pauca
778 2225 1093 2296 explicatius
1122 2226 1382 2300 afﬁrmat,

414 2308 554 2367 Sane
591 2320 765 2368 autem
812 2329 919 2369 non
961 2314 1179 2373 defuere
1235 2334 1300 2374 ex
1353 2317 1453 2373 SS.
1517 2317 1778 2387 Patribus,
1838 2309 1934 2390 qui

342 2396 479 2452 hanc
517 2397 827 2453 Tertulliani
868 2400 1182 2469 opinionem
1218 2409 1566 2473 sectarentur,
1597 2412 1650 2459 et
1704 2404 1935 2459 maxime

342 2484 399 2540 S.
441 2484 719 2557 Cbrysost.
750 2487 898 2541 hom.
931 2490 1020 2556 28,
1061 2488 1117 2544 in
1157 2504 1278 2560 cap.
1327 2503 1391 2545 ιιι
1424 2492 1634 2562 Evang.
1658 2493 1714 2547 S.
1767 2494 1932 2548 Joan.

343 2575 582 2646 Itemque
617 2576 674 2634 S.
703 2576 813 2632 Leo
861 2578 956 2645 M.,
1013 2578 1105 2649 qui
1153 2579 1209 2634 in
1248 2579 1407 2649 epist.
1441 2581 1494 2646 4,
1525 2577 1601 2636 ad
1638 2582 1933 2655 Episcopos

342 2663 575 2734 Sicilire,
607 2663 829 2721 scribit:
866 2685 891 2716 «
919 2664 1044 2737 Ipse
1076 2666 1346 2723 Dominus
1372 2667 1423 2723 J.
1457 2667 1517 2724 C.
1550 2676 1737 2738 postea
1766 2686 1931 2741 quam

342 2752 635 2808 resurrexit
654 2771 685 2810 a
704 2754 952 2821 mortuis,
979 2753 1259 2825 discipulis
1286 2754 1417 2828 suis,
1447 2754 1502 2811 in
1529 2757 1725 2829 quibus
1745 2772 1930 2815 omnes

340 2841 704 2899 Ecclesiarum
752 2843 1010 2914 praesules
1065 2843 1416 2916 docebantur,
1473 2854 1527 2900 et
1574 2844 1826 2914 formam,
1876 2856 1932 2904 et

342 2937 663 3002 potestatem
683 2930 902 2986 tradidit
914 2930 1244 3003 baptizandi,
1268 2933 1488 2990 dicens:
1512 2936 1728 2992 Euntes
1743 2937 1931 2995 docete

2540 1835 2697 1893 Nota:
2715 1832 2787 1891 ad
2814 1835 2987 1905 caput
3018 1832 3133 1888 XII.

2113 1965 2328 2020 Praeter
2347 1960 2612 2017 Paulum.
2634 1956 2741 2027 Qui
2763 1956 2829 2012 ab
2856 1956 3080 2013 Anania
3099 1953 3403 2026 baptizatus
3427 1969 3638 2013 memo-

2041 2058 2211 2123 ratur,
2268 2051 2388 2107 Act.
2428 2064 2505 2117 Ix,
2541 2050 2631 2101 18.
2657 2046 2733 2100 De
2771 2043 2982 2100 caeteris
3001 2051 3181 2100 autem
3209 2043 3468 2115 apostolis
3498 2044 3551 2101 id
3585 2044 3642 2101 in

2041 2139 2136 2196 SS.
2169 2137 2391 2197 Litteris
2417 2135 2697 2208 proditum
2722 2148 2831 2190 non
2871 2133 3199 2189 invenimus.
3229 2133 3477 2189 Attamen
3518 2132 3641 2193 vide

2039 2243 2162 2300 quas
2191 2242 2310 2299 cap.
2343 2224 2577 2298 prseced.
2607 2222 2735 2279 Not.
2769 2223 3136 2287 Struxerant,
3169 2219 3424 2277 diximus.

2112 2314 2388 2372 Induerit.
2421 2313 2540 2366 Jam
2588 2309 2735 2365 enim
2774 2325 2893 2380 cap.
2954 2325 3122 2379 praec.
3165 2309 3295 2366 Not.
3352 2310 3641 2383 Baptismo

2039 2403 2292 2467 Joannis,
2348 2403 2546 2457 Noster
2595 2399 2878 2465 docuerat,
2937 2404 3167 2454 caeteros
3204 2397 3477 2467 apostolos
3529 2412 3639 2452 non

2039 2490 2307 2561 baptismo
2335 2487 2554 2555 Christi,
2587 2486 2685 2542 sed
2718 2485 2834 2543 solo
2875 2484 3100 2540 Joannis
3144 2485 3469 2557 baptizasse,
3500 2498 3638 2541 con-

2041 2587 2333 2648 sequenter
2360 2584 2415 2631 et
2442 2575 2566 2631 illos
2596 2571 2816 2629 nonnisi
2853 2571 3183 2644 baptismum
3229 2572 3450 2629 Joannis
3485 2570 3635 2629 obti-

2043 2681 2178 2724 nere
2206 2664 2473 2737 potuisse.

2118 2757 2194 2812 De
2224 2757 2566 2812 eeeterorum
2586 2748 2863 2824 periculo.
2893 2747 3072 2803 Locus
3112 2745 3488 2819 mihiquidem
3516 2747 3640 2803 obs-

2044 2842 2242 2914 curior,
2284 2841 2396 2898 fors
2433 2849 2605 2897 tamen
2631 2853 2699 2894 ex
2726 2838 2750 2893 Ι
2786 2836 2926 2892 Tim.
2956 2852 3014 2903 v,
3046 2839 3136 2901 2t,
3165 2834 3411 2891 nonnihil
3456 2835 3631 2892 eluci-

2046 2930 2280 2997 dandus,
2314 2928 2406 2986 ubi
2435 2929 2508 2985 ita
2534 2926 2861 2999 Apostolus:
2903 2928 3089 2983 Testor
3119 2940 3310 2982 coram
3338 2925 3531 2981 Deo...
3570 2929 3641 2980 ut

342 3033 535 3077 omnes
569 3017 785 3076 1178
823 3023 1037 3092 gentes,
1064 3029 1168 3077 etc.
1198 3021 1279 3077 De
1307 3035 1414 3093 quo
1444 3021 1629 3093 utique
1655 3039 1749 3080 eos
1773 3022 1933 3081 etiam

2046 3021 2162 3079 hac
2194 3018 2480 3078 custodias
2536 3016 2709 3089 (χωρὶς
2734 3015 3083 3088 προκρίματὸς)
3124 3016 3247 3072 sine
3279 3013 3639 3087 prwjudicio,

340 3116 465 3166 ante
519 3109 827 3165 Passionem
885 3108 1153 3181 potuisset
1204 3109 1513 3177 instituere,
1562 3110 1667 3167 nisi
1716 3113 1932 3183 proprie

342 3198 596 3254 voluisset
616 3196 843 3271 intelligi
879 3196 1307 3270 regenerationis
1334 3198 1563 3271 gratiam
1608 3216 1673 3256 ex
1710 3216 1807 3256 sua
1846 3216 1933 3257 re-

341 3287 675 3345 surrectione
701 3286 953 3360 coepisse.
996 3307 1023 3340 »
1055 3290 1231 3360 Atque
1258 3289 1399 3344 hanc
1428 3290 1745 3346 sententiam
1778 3290 1932 3347 theo-

346 3377 597 3450 logorum
628 3376 878 3433 nonnulli
904 3377 1161 3448 deinceps
1197 3377 1369 3434 secuti
1399 3384 1551 3448 sunt,
1581 3386 1637 3435 et
1663 3378 1935 3437 illustriss.

344 3465 540 3522 Melch.
594 3467 793 3535 Canus,
848 3468 944 3523 lib.
999 3480 1102 3524 vm
1157 3467 1224 3524 de
1272 3468 1424 3529 Locis
1477 3466 1654 3527 Theol.
1686 3485 1734 3526 c.
1779 3469 1832 3535 5,
1882 3468 1936 3524 in

351 3555 595 3611 eamdem
615 3556 772 3613 valde
801 3555 1046 3613 inclinat.

418 3645 617 3702 Verum
646 3646 706 3702 S.
737 3646 977 3703 Thomas
1002 3647 1104 3718 Aq.
1140 3651 1172 3702 3
1213 3662 1294 3718 p.,
1327 3663 1383 3719 q.
1417 3649 1508 3718 66,
1538 3663 1590 3705 a.
1624 3650 1677 3715 2,
1717 3655 1938 3706 contra-

344 3736 486 3792 rium
522 3737 719 3801 docet,
759 3745 977 3795 secutus
1005 3736 1368 3810 Augustinum
1407 3753 1590 3806 suum,
1623 3737 1716 3809 qui
1764 3738 1818 3793 in
1846 3739 1940 3796 cit.

348 3828 443 3898 Ep.
469 3824 543 3881 ad
578 3825 793 3883 Seleue.
831 3825 904 3881 ita
928 3824 1099 3882 fatur:
1137 3847 1160 3878 α
1194 3826 1502 3896 Baptizabat
1527 3825 1801 3894 Christus,
1830 3842 1940 3884 non

344 3930 443 3988 per
470 3914 732 3987 seipsum,
763 3914 858 3971 sed
883 3930 982 3987 per
1025 3914 1323 3985 discipulos
1361 3930 1514 3981 suos,
1555 3929 1694 3987 quos
1733 3914 1937 3972 intelli-

345 4003 522 4075 gimus
545 4005 656 4074 jam
687 4002 854 4059 fuisse
884 4003 1205 4074 baptizatos,
1235 4002 1349 4061 sive
1378 4001 1653 4075 baptismo
1698 4002 1939 4070 Joannis,

345 4093 477 4160 sive,
519 4093 667 4167 quod
694 4093 874 4167 magis
920 4091 1176 4149 credibile
1200 4100 1303 4159 est,
1337 4092 1607 4164 baptismo
1639 4091 1875 4162 Christi;
1912 4110 1934 4141 ι)

345 4183 491 4255 quod
514 4183 784 4254 posterius
812 4184 977 4238 etiam
1004 4182 1060 4238 in
1091 4189 1241 4239 tract.
1268 4184 1300 4237 6
1329 4188 1383 4237 et
1412 4183 1479 4236 13
1511 4182 1576 4236 in
1606 4181 1766 4237 Joan.
1806 4186 1857 4234 et
1885 4178 1941 4232 in

344 4275 406 4329 L.
459 4274 525 4330 de
555 4271 702 4345 Orig.
735 4275 964 4344 animae,
996 4272 1092 4328 lib.
1123 4286 1200 4340 ιιι,
1233 4285 1283 4326 c.
1316 4274 1371 4338 9,
1402 4268 1649 4325 absolute
1691 4267 1936 4323 afﬁrmat.

2042 3109 2193 3167 nihil
2240 3109 2460 3181 faciens
2489 3104 2637 3177 (κατὰ
2681 3104 3003 3177 πρόσχλησιν)
3030 3103 3105 3160 ad
3145 3106 3389 3161 alteram
3415 3107 3642 3175 partem

2043 3199 2400 3258 declinando.
2444 3196 2752 3269 Πρόσιιλησιν
2808 3198 2993 3252 autem
3029 3194 3249 3269 proprie
3322 3194 3643 3251 advocatio-

2039 3304 2176 3347 nem
2202 3284 2488 3360 signiﬁcat,
2521 3300 2627 3357 qua
2656 3283 2750 3340 uni
2778 3284 2916 3354 parti
2943 3282 3118 3355 magis
3160 3280 3433 3338 assistitur
3478 3297 3639 3354 quam

2037 3377 2210 3446 alteri,
2240 3377 2390 3449 quod
2420 3375 2480 3431 ﬁt
2507 3375 2562 3431 in
2591 3375 2916 3447 acceptione
2932 3386 3332 3447 personarum.
3363 3371 3470 3428 Ubi
3516 3369 3641 3441 qui-

2036 3469 2163 3524 dem
2191 3482 2301 3524 non
2329 3464 2776 3522 dissimulandum
2807 3464 2862 3519 in
2907 3461 3087 3518 multis
3134 3476 3264 3517 sane
3311 3458 3638 3531 exemplari-

2038 3557 2169 3627 bus;
2204 3561 2341 3612 teste
2378 3554 2617 3612 Calmeto
2643 3596 2657 3622 ,
2714 3550 2822 3625 legi
2877 3550 3158 3623 πρόσκλισιν
3223 3547 3369 3622 quod
3424 3547 3643 3620 proprie

2036 3646 2497 3710 inclinationem,
2554 3659 2651 3699 seu
2678 3641 3133 3714 propensionem,
3186 3636 3419 3693 maxime
3466 3644 3641 3693 autem

2037 3735 2244 3801 animi,
2276 3731 2561 3806 signiﬁcat,
2591 3737 2646 3787 et
2676 3746 2828 3802 aeque
2855 3729 2924 3784 ad
2969 3744 3083 3783 rem
3121 3735 3363 3783 nostram
3392 3732 3495 3783 est.
3523 3726 3639 3782 Hoc

2041 3824 2189 3881 enim
2232 3824 2353 3894 ipso
2384 3837 2547 3878 sensu
2593 3819 2743 3876 locus
2772 3818 2867 3874 ille
2913 3816 3140 3889 intelligi
3177 3829 3341 3886 posse
3386 3814 3638 3873 videtur:

2043 3912 2280 3969 Caeteros
2306 3909 2581 3983 apostolos
2616 3924 2716 3979 per
2735 3908 3018 3982 praevium
3037 3904 3310 3979 quoddam
3328 3903 3640 3976 judicium,

2046 4018 2110 4058 ac
2158 4000 2488 4073 singularem
2544 3997 2713 4055 animi
2741 3999 3170 4071 propensionem
3217 4003 3274 4051 et
3321 3992 3556 4050 favorem
3612 4006 3645 4046 a

2042 4088 2313 4147 communi
2360 4086 2450 4142 illa
2504 4086 2623 4158 lege
2675 4094 2957 4156 exemptos
2999 4083 3186 4150 fuisse,
3234 4090 3294 4135 ut
3338 4081 3476 4137 adeo
3530 4081 3644 4151 jam

2042 4176 2255 4233 aliunde
2307 4174 2621 4231 eorumdem
2691 4173 2840 4229 salus
2896 4188 2962 4228 ex
3016 4167 3258 4227 carentia
3315 4178 3370 4223 et
3423 4166 3644 4224 defectu

2042 4262 2295 4336 baptismi
2317 4277 2425 4318 non
2438 4259 2854 4333 periclitaretur,
2899 4257 3242 4329 proindeque
3262 4257 3642 4327 praescriptio,

345 4359 406 4415 Si
423 4337 831 4433 igiturapostoli
848 4337 1170 4432 baptismum
1187 4337 1388 4417 Christi
1410 4359 1514 4415 hoc
1534 4357 1710 4414 adhuc
1727 4337 2018 4426 vivente.
2043 4370 2142 4410 seu
2186 4352 2278 4408 lex
2315 4351 2407 4408 illa
2443 4349 2510 4405 de
2548 4348 2819 4421 baptismo
2863 4348 3020 4402 Joan.
3076 4360 3160 4412 ιιι,
3224 4346 3280 4411 5,
3336 4346 3638 4415 apostolos,

346 4460 683 4522 acceperant,
741 4452 883 4508 haud
915 4451 1137 4507 dubium
1203 4456 1289 4506 est
1344 4464 1438 4506 eos
1498 4463 1660 4519 porro
1721 4445 1941 4502 nonnisi

347 4540 540 4598 eodem
582 4540 847 4614 baptismo
883 4541 1017 4596 alios
1065 4554 1281 4613 quoque
1346 4537 1602 4595 abluisse.
1652 4535 1821 4609 Igitur
1885 4543 1939 4591 et

347 4632 639 4705 apostolos,
683 4631 866 4698 sentit,
916 4632 1082 4703 hunc,
1139 4645 1297 4703 quem
1347 4633 1683 4699 acceperant,
1725 4624 1936 4696 baptis-

349 4737 496 4777 mum
524 4720 721 4780 Christi
748 4720 861 4776 suis
890 4735 1076 4791 porro,
1106 4719 1266 4777 etiam
1296 4726 1419 4775 ante
1447 4716 1779 4789 passionem,
1814 4715 1931 4770 dis-

349 4827 622 4882 pensasse.
1752 4858 1763 4867 .

420 4902 526 4958 Nec
553 4902 864 4957 instructa.
907 4899 967 4955 Id
997 4904 1099 4966 est,
1122 4899 1341 4956 lavacro
1369 4914 1528 4970 aqua?
1556 4896 1812 4953 nondum
1835 4909 1940 4950 sua

347 4991 697 5061 efﬁcacia,ct
728 4991 941 5057 virtute,
958 4997 1176 5060 peccata
1205 5004 1304 5061 per
1330 4988 1557 5059 gratiam
1570 4984 1946 5058 baptismalem

345 5079 628 5144 abluendi,
660 5082 970 5136 instructo.

418 5170 926 5226 Resurrectionem.
950 5166 1190 5240 Namque
1219 5164 1519 5239 baptismus
1549 5164 1831 5222 institutus
1860 5170 1945 5220 est

344 5275 379 5314 a
423 5257 659 5329 Christo,
709 5266 969 5332 tanquam
1024 5254 1337 5313 memoriale
1384 5254 1670 5312 Passionis
1725 5255 1844 5324 ejus
1890 5259 1946 5309 et

351 5348 801 5408 Resurrectionis
821 5348 1082 5413 futurum,
1106 5355 1168 5402 ut
1187 5359 1311 5402 mox
1339 5343 1799 5400 conﬁrmabimus.

344 5488 349 5491 ,
423 5437 556 5496 Sine
574 5439 990 5498 resurrectione
1014 5439 1159 5511 ejus.
1181 5433 1272 5495 Sic
1290 5433 1436 5490 enim
1463 5435 1570 5505 Ap.
1592 5432 1663 5491 ad
1693 5436 1847 5490 Rom.
1866 5448 1947 5500 vt,

354 5529 386 5581 3
419 5534 472 5584 et
498 5542 612 5600 seq.
644 5527 751 5588 ait:
783 5529 869 5587 An
908 5528 1207 5601 ignoratis,
1229 5525 1364 5598 quia
1393 5525 1713 5600 quicunque
1751 5522 1944 5597 bapti-

2045 4448 2230 4515 utpote
2256 4442 2370 4512 jam
2399 4438 2597 4511 praevia
2624 4452 2657 4492 a
2692 4436 2807 4492 Deo
2835 4438 3148 4508 exemptos,
3193 4448 3470 4504 nunquam
3508 4433 3645 4490 affe-

2046 4532 2197 4600 cerit,
2230 4529 2322 4586 sed
2353 4528 2530 4584 solum
2560 4525 2739 4597 quoad
2757 4524 2894 4581 alios
2924 4523 3178 4594 deinceps
3208 4521 3504 4579 immobilis
3531 4539 3649 4595 per-

2049 4629 2277 4678 severet.
2311 4618 2418 4674 Sed
2469 4615 2601 4689 quid
2630 4620 2739 4671 tam
2790 4611 3019 4669 sollicito
3074 4610 3361 4668 verborum
3416 4610 3643 4667 circuitu

2044 4727 2179 4782 opus
2199 4710 2229 4764 ‘I
2249 4717 2341 4764 aut
2360 4705 2551 4779 quidni
2580 4703 2757 4776 potius
2774 4699 3244 4775 prmjudicatum,
3259 4715 3356 4769 pro
3380 4716 3642 4772 praecau-

2048 4804 2192 4865 tum,
2222 4813 2286 4855 ac
2313 4794 2577 4869 singulari
2608 4792 2851 4865 quodam
2882 4787 3164 4862 privilegio
3200 4790 3488 4861 provisum
3518 4802 3640 4844 esse

2046 4894 2235 4945 contra
2262 4886 2448 4942 salutis
2478 4882 2796 4957 periculum,
2830 4878 3062 4951 intelligi
3089 4879 3297 4950 queat?

2114 4976 2394 5035 Rescindi.
2435 4973 2546 5029 Seu
2572 4970 2830 5028 inﬁrmari
2858 4986 2921 5027 ac
2940 4967 3127 5025 revelli
3155 4966 3311 5023 illam
3337 4965 3534 5042 legem.

2125 5068 2361 5124 Statuta
2399 5068 2501 5121 est.
2532 5061 2627 5119 Vis
2654 5076 2787 5136 ergo
2818 5059 2984 5127 totius
3010 5056 3318 5131 argumenti
3336 5066 3524 5115 contra
3549 5057 3644 5113 ba-

1968 5160 1985 5175 ’
2053 5157 2311 5230 ptismum
2385 5149 2605 5209 I179
2665 5149 2862 5221 objecti
2926 5150 3043 5206 haec
3098 5163 3221 5205 esse
3276 5147 3535 5204 videtur:
3596 5147 3642 5201 si

2054 5245 2284 5320 apostoli
2334 5245 2663 5317 baptismum
2717 5255 2828 5297 non
2879 5245 3252 5311 susceperunt,
3281 5243 3334 5293 et
3368 5234 3646 5291 nihilomi-

2053 5355 2157 5396 nus
2184 5335 2410 5395 salutem
2447 5329 2725 5392 consecuti
2771 5329 2945 5401 fuere,
2993 5337 3088 5386 aut
3142 5342 3236 5384 eos
3283 5322 3583 5397 specialiter
3615 5340 3648 5381 a

2058 5428 2272 5486 Christo
2321 5431 2607 5499 exemptos
2641 5420 2810 5480 fuisse
2862 5416 3099 5491 oportuit
3159 5414 3246 5487 (de
3295 5430 3402 5488 qua
3468 5419 3648 5470 tamen

2056 5515 2401 5590 exemptione
2432 5511 2620 5574 nullibi
2648 5512 2705 5569 in
2733 5507 3028 5585 Evangelia
3064 5503 3342 5578 legimus),
3364 5514 3455 5563 aut
3482 5501 3646 5562 etiam
