4028 6180
435 252 576 314 1255

1497 241 1586 301 AD
1621 239 1908 302 GENUINA
1943 232 2380 300 TERTULLIANI
2449 234 2685 296 OPERA.

3593 221 3742 282 1256

433 377 556 431 aliis
599 388 709 430 non
759 369 1039 443 baptizatis
1082 368 1268 427 salutis
1312 370 1532 440 januam
1580 377 1784 439 patere,
1838 367 2026 438 sicque
2049 377 2101 464 ⁸
2139 361 2315 464 solent
2335 359 2413 414 ἔπ’
2444 361 2682 429 ἐσχάτων,
2815 353 3056 457 ultimis,
3083 348 3230 464 q’uod
3260 347 3564 464 Lat‘ini.per
3601 353 3741 404 timo

428 467 604 538 legem
641 461 789 518 illam
838 461 905 518 de
929 459 1196 532 baptismo
1235 456 1582 531 suscipiendo
1611 455 1813 512 nullum
1858 456 2022 511 robur

427 555 650 610 habere.

503 649 810 724 Ejusmodi.
853 648 1106 706 Homines
1134 646 1407 711 nimirum,
1441 644 1531 717 qui
1574 642 1779 700 scilicet
1807 642 1912 696 hoc
1945 656 2026 695 ar-

430 752 742 817 gumentum
801 739 872 794 ad
926 737 1272 794 evertendam
1342 733 1719 790 necessitatem
1769 729 2027 802 baptismi

431 830 788 903 procuderant
802 870 816 884 .

503 918 814 975 Libidinem
842 918 994 990 styli,
1029 915 1064 970 i.
1099 931 1151 972 e.
1187 922 1262 981 ut,
1306 913 1445 970 velut
1494 929 1561 968 ex
1601 907 1895 982 petulantia
1931 906 2024 962 in-

428 1007 576 1082 genii
650 1006 1056 1074 novaturientis,
1144 1011 1461 1076 argumenta
1535 999 1806 1071 ejusmodi
1883 997 2026 1054 ultro

431 1095 755 1169 contingam.

502 1193 780 1263 Perfundi
834 1193 1066 1250 volenti.
1098 1191 1245 1246 Istud
1291 1190 1438 1246 enim
1474 1189 1637 1260 longe
1675 1186 1837 1252 malo,
1869 1198 2026 1255 quam

431 1283 676 1350 nolenti,
707 1281 854 1353 quod
883 1296 1034 1335 meus
1063 1280 1235 1337 codex
1266 1280 1429 1334 habet
1456 1297 1470 1348 ;
1512 1293 1635 1334 cum
1668 1275 1810 1332 enim
1855 1272 2026 1341 initio,

431 1372 576 1430 velut
612 1369 868 1426 nimirum
895 1368 1172 1442 indignus,
1203 1367 1490 1434 renuisset,
1525 1382 1656 1423 sane
1685 1379 1806 1420 mox
1846 1371 2032 1434 postea

433 1477 498 1518 eo
531 1459 838 1532 promptius
868 1459 1073 1536 annuit.

502 1555 964 1614 Destinabantur.
1015 1555 1264 1624 Namque
1314 1551 1570 1624 apostolis
1617 1549 1867 1605 Christus
1909 1554 2035 1619 post

430 1646 889 1703 resurrectionem
952 1643 1303 1698 mandaturus
1360 1649 1519 1697 erat:
1570 1643 1786 1697 Euntes
1844 1637 2033 1696 docete

2135 451 2281 516 dem,
2313 451 2606 516 ultimato,
2638 446 2724 504 vel
2751 446 3011 516 denique,
3054 439 3252 498 efferre
3283 439 3481 496 solent.

2211 538 2618 596 Tantummodo
2638 541 2866 610 spectet.
2897 531 2984 588 Ad
3003 531 3222 587 Petrum
3244 528 3388 585 enim
3411 529 3571 586 Joan.
3603 542 3745 595 xm,

2138 633 2224 696 10,
2251 627 2383 684 dixit
2418 628 2702 684 Christus:
2743 627 2849 694 Qui
2879 637 3054 679 LOTUS
3090 625 3194 687 est,
3221 636 3337 676 non
3375 616 3594 688 indiget
3624 617 3751 670 nisi

2135 722 2200 773 ut
2230 719 2390 790 pedes
2422 719 2587 784 lavet,
2611 715 2907 771 ostendens
2929 713 3176 777 fortasse,
3205 708 3362 763 nobis
3383 704 3605 760 nonnisi
3628 721 3752 761 uno

2135 807 2381 877 corporis
2438 809 2657 862 lavacro
2713 819 2809 859 seu
2856 800 3126 872 baptismo
3182 811 3318 868 Opus
3365 810 3506 860 esse,
3552 809 3750 864 neque

2134 894 2469 966 Baptismum
2509 892 2677 948 semel
2724 897 3005 963 acceptum
3043 887 3299 957 deinceps
3327 883 3504 940 iterari
3548 899 3747 955 posse.

2208 1006 2530 1059 Estnnare.
2591 1004 2694 1057 Pro
2745 1000 3012 1072 judicare
3057 1005 3154 1054 aut
3203 997 3523 1064 decernere,
3571 994 3752 1050 verbo

2138 1092 2424 1148 aestimare
2466 1089 2554 1144 hic
2590 1089 2671 1146 uti
2707 1089 2954 1155 videtur;
2987 1085 3142 1158 quasi
3175 1085 3546 1142 temerarium
3576 1082 3748 1151 foret,

2139 1182 2205 1237 de
2233 1180 2608 1253 apostolorum
2640 1178 2810 1235 salute
2837 1175 2960 1248 (etsi
2990 1174 3124 1230 forte
3151 1172 3484 1246 Baptismum
3513 1186 3624 1228 non
3643 1187 3748 1228 ac-

2138 1271 2426 1344 cepissent)
2456 1267 2663 1325 sinistri
2683 1266 2959 1339 quidpiam
2981 1265 3270 1337 judicare.

2209 1359 2574 1416 Adlectionis.
2615 1357 2724 1412 Seu
2753 1344 3138 1428 assumptionis
3166 1354 3239 1409 ad
3267 1350 3651 1424 apostolalum.

2217 1447 2620 1519 Compendium
2650 1445 2935 1518 baptismi.
2975 1444 3054 1499 lta
3081 1441 3289 1498 scilicet
3327 1439 3621 1515 singularis
3650 1439 3757 1493 illa

2142 1537 2502 1608 praerogativa
2557 1535 2840 1608 Baptismi
2890 1534 3081 1592 instar
3117 1531 3223 1588 illis
3284 1537 3446 1596 esset,
3477 1546 3540 1586 ac
3596 1527 3755 1584 velut

2139 1625 2490 1700 compendio,
2521 1632 2574 1682 et
2597 1624 2835 1682 breviori
2873 1623 2982 1695 via,
3011 1621 3297 1695 anticipate
3325 1621 3470 1677 hunc
3515 1615 3756 1692 supple-

434 1752 623 1793 omnes
650 1739 865 1806 gentes,
897 1733 1258 1804 baptizantes
1287 1739 1516 1794 eos,etc.
1547 1730 1674 1784 Erat
1694 1736 1870 1782 autem
1891 1727 2034 1798 Bap-
2066 1709 2110 1786 Β
2139 1723 2240 1773 Tet-

433 1825 624 1881 tismus
652 1821 851 1879 Christi
876 1824 1042 1893 janua
1067 1821 1136 1876 ad
1164 1819 1489 1890 Ecclesiam,
1512 1828 1564 1876 et
1591 1818 1678 1874 via
1718 1816 2033 1896 proximior,

432 1911 711 1985 magisque
740 1910 966 1978 directa,
1005 1923 1166 1981 quam
1193 1907 1500 1979 baptismus
1545 1905 1795 1974 Joannis,
1825 1905 1894 1960 ad
1941 1920 2034 1960 sa-

428 2001 622 2056 lutem.

513 2100 746 2154 Tinctus
782 2103 880 2154 est.
912 2096 979 2151 Et
1025 2094 1292 2166 baptismo
1326 2093 1546 2166 quidem
1573 2092 1812 2160 Joannis,
1851 2090 1945 2164 qui
1983 2090 2038 2146 in

434 2187 553 2242 aliis
582 2202 693 2244 non
722 2194 836 2243 erat
862 2185 965 2240 nisi
996 2188 1319 2258 Baptismus
1365 2184 1722 2256 paenitentiae
1749 2185 1812 2237 in
1842 2183 2040 2238 remis-

435 2277 650 2334 sionem
677 2280 1032 2348 peceatorum
1061 2274 1251 2345 (Marc.
1286 2287 1326 2338 ι,
1352 2273 1408 2342 4)
1433 2291 1445 2326 :
1479 2274 1590 2341 jam
1618 2285 1746 2328 vero
1774 2286 1804 2325 a
1825 2269 2038 2325 Christo

435 2363 740 2419 institutore
791 2364 858 2417 ad
909 2362 1172 2417 rationem
1223 2361 1542 2417 sacramenti
1588 2358 1932 2428 elevabatur,
1983 2360 2041 2413 ut

434 2450 775 2506 communius
805 2447 1042 2517 theologi
1072 2448 1240 2503 nostri
1273 2455 1478 2504 tenent.

507 2550 628 2607 Non
659 2550 775 2620 fuit
813 2562 1052 2604 necesse.
1083 2547 1270 2618 Neque
1309 2547 1454 2602 enim
1485 2545 1734 2619 apostoli,
1787 2545 2038 2602 homines

433 2637 706 2702 nimirum,
738 2645 865 2692 tunc
893 2636 1041 2692 omni
1067 2642 1316 2709 peccato,
1356 2637 1501 2708 quod
1552 2651 1645 2707 per
1707 2635 2040 2707 Baptismum

436 2725 546 2783 elui
599 2734 802 2798 posset,
853 2723 1092 2782 caruisse
1142 2724 1357 2781 dicendi
1409 2734 1552 2793 sunt,
1594 2733 1654 2780 ut
1701 2740 1880 2796 neque
1932 2723 2042 2796 ipsi

435 2824 618 2872 essent
647 2817 921 2888 Baptismi
947 2815 1296 2888 paenitentia;-
1324 2813 1646 2883 subjectum.

509 2915 740 2978 XE‘muli,
764 2915 800 2968 i.
823 2929 873 2969 e.
904 2913 1236 2978 adversarii,
1259 2913 1502 2978 inimici,
1535 2919 1625 2967 aut
1654 2913 1851 2981 invidi,
1901 2927 2042 2986 quos

442 3017 568 3058 mox
597 3011 783 3074 postea
811 3003 1171 3060 adversantes
1202 3003 1437 3060 Domino
1465 3002 1723 3074 appellat.
1764 3002 1853 3059 Sic
1882 3002 2038 3058 etiam
2074 3027 2120 3110 ε

442 3094 638 3148 Noster
681 3092 736 3147 in
769 3092 991 3164 Apolog.
1021 3108 1077 3150 c.
1117 3095 1206 3157 2t,
1252 3091 1321 3147 de
1370 3089 1560 3146 fabulis
1615 3091 1876 3163 loquitur,
1919 3098 2041 3146 tan-

441 3197 601 3252 quam
634 3182 861 3237 wmulis
912 3181 985 3235 ad
1022 3181 1462 3238 destructionem
1499 3181 1764 3236 veritatis
1786 3200 1804 3236 :
1855 3181 2041 3253 sicque

443 3269 568 3326 alibi
596 3268 813 3340 saepius.
856 3267 1006 3324 Alias
1039 3276 1230 3324 autem
1285 3269 1424 3323 hanc
1478 3282 1672 3324 vocem
1728 3268 1784 3323 iu
1840 3268 2038 3324 bonam

440 3357 657 3432 quoque
709 3366 936 3430 partem,
995 3372 1095 3430 pro
1134 3357 1335 3414 sedulis
1400 3356 1809 3424 imitatoribus,
1867 3357 2038 3429 accipi

440 3456 669 3507 constat.

513 3549 860 3620 Suggeritur,
900 3547 939 3603 i.
1000 3561 1052 3602 e.
1109 3546 1580 3603 subministratur
1636 3554 2041 3617 argumentum,

441 3637 645 3693 scilicet
671 3654 702 3692 a
739 3635 1010 3694 contrario
1058 3635 1300 3700 doctum,
1330 3633 1506 3689 ferme
1554 3635 1693 3690 sicut
1739 3635 2034 3691 secundum

437 3727 623 3781 Jesum
652 3725 921 3780 Christum
960 3723 1164 3788 flatum,
1208 3725 1467 3794 exceptio
1514 3724 1713 3792 ﬁrmat
1760 3724 2024 3794 regulam

440 3817 502 3869 in
527 3815 864 3887 oppositum.

509 3911 823 3984 Disciplina
844 3910 1154 3981 religionis,
1177 3909 1213 3962 i.
1238 3924 1288 3964 e.
1306 3909 1622 3966 secundum
1645 3910 2034 3983 disciplinam,

441 4008 532 4055 aut
566 3998 749 4067 ritum,
782 4015 877 4055 seu
923 3996 1315 4054 ordinationem
1355 3998 1668 4070 religionis.
1719 4000 1804 4056 Ad
1862 4000 2038 4058 disci-

434 4091 657 4162 plinam
687 4099 867 4146 autem
894 4086 1160 4160 pertinent
1189 4104 1545 4161 quaecumque
1578 4089 1646 4144 ad
1679 4091 1774 4146 Dei
1805 4092 2032 4159 cultum,

437 4181 550 4238 sive
577 4181 644 4237 ab
671 4178 983 4238 hominibus
1027 4177 1289 4234 Ecclesiae
1335 4179 1707 4251 gubernanda:
1739 4181 2033 4253 praefectis,

438 4270 552 4328 sive
578 4269 645 4325 ab
675 4269 906 4341 ipsemet
941 4270 1077 4337 Deo,
1112 4268 1178 4323 ad
1225 4283 1567 4324 communem
1619 4271 2032 4342 observantiam,

438 4359 679 4414 ordinata
707 4366 832 4414 sunt
862 4375 877 4423 ;
909 4372 1231 4429 quamquam
1291 4373 1373 4424 ea,
1406 4373 1527 4430 quas
1579 4358 1794 4414 nonnisi
1840 4361 2036 4415 huma-
2061 4347 2111 4429 Β

437 4463 521 4502 nae
559 4445 917 4502 ordinationis
963 4453 1107 4514 sunt,
1149 4462 1237 4504 res
1282 4463 1456 4503 mera:
1507 4447 1825 4519 disciplina:
1853 4448 2040 4519 appel-

436 4536 632 4590 lentur.
691 4535 844 4590 Licet
900 4543 1078 4589 autem
1151 4533 1480 4590 Tertulliano
1549 4534 1682 4589 alias
1740 4536 2041 4608 disciplina

436 4624 594 4680 etiam
660 4625 981 4683 doctrinam
1055 4622 1345 4697 signiﬁcet,
1422 4623 1640 4679 videtur
1708 4630 1908 4692 tamen,
1985 4625 2041 4679 in

437 4713 695 4786 pressiori
758 4728 940 4780 sensu,
1004 4713 1330 4772 doctrinam
1387 4710 1512 4778 dici,
1565 4728 1685 4782 qum
1734 4729 1765 4767 a
1812 4713 2042 4772 docente

436 4803 733 4876 egreditur,
766 4810 881 4858 tum
901 4818 1035 4859 vero
1062 4804 1206 4857 hanc
1259 4802 1312 4856 in
1354 4801 1700 4858 discentibus
1748 4811 2040 4875 receptam,

437 4891 738 4964 horumque
766 4891 1008 4948 moribus
1034 4889 1401 4956 efformatam,
1441 4889 1810 4962 disciplinam
1847 4891 2040 4962 appel-

455 4992 554 5032 an.

509 5077 616 5130 Per
640 5075 1002 5149 patientiam.
1048 5075 1590 5143 Dissimulatione-m,
1624 5091 1688 5133 ac
1711 5079 2038 5150 permissio-
2099 5133 2102 5136 .

437 5180 588 5231 nem,
620 5180 782 5237 quam
803 5167 1046 5240 patitur,
1065 5180 1158 5220 seu
1178 5165 1324 5232 sinit,
1348 5165 1466 5222 haec
1489 5167 1728 5223 evenire.
1745 5167 1856 5224 Hoc
1877 5184 2036 5225 sensu

437 5255 647 5312 Tullius
675 5255 731 5312 in
759 5255 981 5314 Act.vm
1000 5260 1182 5315 contr.
1225 5257 1375 5315 Verr.
1404 5256 1516 5313 ait:
1551 5257 1671 5317 Non
1693 5259 1897 5329 feram,
1920 5275 2035 5317 non

436 5347 651 5416 patiar,
683 5359 797 5405 non
819 5347 1039 5415 sinam;
1080 5353 1133 5401 et
1161 5345 1216 5399 in
1242 5359 1261 5399 ι
1291 5343 1359 5402 de
1384 5344 1542 5415 Ofﬁc.
1574 5344 1642 5400 de
1679 5345 1746 5401 iis
1774 5345 2034 5417 loquitur,

441 5435 556 5506 qui,
589 5452 726 5507 quos
759 5437 946 5494 tutari
983 5435 1240 5504 debeant,
1291 5432 1537 5490 desertos
1565 5450 1680 5491 esse
1710 5436 2033 5506 patiuntur.

520 5526 585 5578 In
613 5524 856 5582 ultimis.
878 5522 1244 5582 Hellenismus
1265 5527 1374 5591 est;
1397 5519 1474 5578 sic
1497 5521 1638 5579 enim
1664 5522 1838 5581 Graeci
1859 5523 2037 5584 dicere

2215 1807 2481 1876 Conferre
2508 1809 2712 1878 posset.
2734 1804 2932 1859 Totum
2970 1803 3116 1858 hunc
3157 1801 3337 1858 locum
3375 1797 3442 1853 ab
3489 1795 3756 1870 imperito

2140 1893 2364 1950 librario
2384 1910 2480 1966 per
2509 1895 2746 1966 ineptam
2777 1893 3067 1949 verborum
3097 1888 3575 1961 transpositionem
3608 1887 3757 1942 mire

2144 1985 2403 2051 luxatum,
2421 1983 2753 2055 proindeque
2774 1981 2849 2038 sic
2872 1981 3268 2038 restituendum
3296 1984 3483 2034 censet
3508 1977 3715 2031 Junius
3739 1992 3754 2032 :

2142 2094 2168 2126 Ct
2200 2074 2266 2129 Et
2289 2073 2486 2130 exinde
2524 2071 2814 2130 individuae
2845 2069 3216 2128 familiaritatis
3245 2083 3356 2125 cum
3387 2081 3510 2122 ιι,ιο
3531 2079 3759 2138 praero-

2141 2163 2323 2236 gativa
2357 2159 2585 2217 1180
2601 2159 2982 2232 compendium
3020 2156 3273 2229 baptismi
3321 2153 3573 2212 conferre
3604 2168 3756 2223 pos-

2139 2258 2242 2306 set.
2274 2249 2500 2321 Opinor,
2541 2249 2902 2320 sequebantur
2957 2247 3126 2315 illum,
3172 2268 3197 2295 »
3254 2252 3362 2300 etc.
3413 2242 3754 2313 Quanquam

2143 2348 2321 2396 autem
2351 2341 2452 2396 hoc
2484 2339 2587 2396 loci
2609 2339 2754 2395 illius
2775 2338 3110 2395 medicamen
3129 2335 3349 2390 minime
3377 2333 3757 2405 respuendum

2142 2429 2388 2497 arbitrer,
2407 2438 2536 2500 puto
2565 2437 2750 2484 tamen
2784 2439 2838 2484 et
2869 2427 3140 2498 vulgatam
3172 2423 3462 2480 lectionem
3489 2422 3758 2478 sustineri

2142 2533 2324 2591 posse,
2358 2518 2432 2574 ita
2471 2527 2530 2572 ut
2567 2532 2721 2573 novae
2753 2515 2963 2588 periodi
3001 2530 3192 2571 sensus
3230 2513 3340 2570 sit:
3394 2533 3417 2563 α
3475 2512 3612 2567 Cum
3653 2509 3759 2566 illo

2152 2606 2564 2678 (compendioso
2595 2605 2798 2663 scilicet
2826 2603 3084 2678 Baptismi
3105 2600 3510 2676 supplemento)
3538 2616 3756 2672 seque-

2152 2695 2349 2751 bantur
2371 2695 2546 2766 illum,
2575 2715 2597 2745 ι
2641 2704 2744 2752 etc.

2215 2802 2446 2860 Salvum
2473 2803 2638 2873 fecit.
2670 2801 2764 2857 His
2790 2800 2934 2857 enim
2962 2799 3145 2857 verbis
3175 2815 3307 2855 usus
3342 2797 3513 2854 fuerat
3531 2796 3602 2852 ad
3627 2813 3763 2854 mu-

2145 2893 2363 2958 lierem,
2387 2907 2548 2963 quam
2568 2907 2595 2945 a
2615 2890 2769 2947 ﬂuxu
2789 2888 3086 2962 sanguinis,
3111 2889 3297 2943 Matth.
3322 2903 3404 2954 ιχ,
3427 2889 3516 2954 22,
3541 2886 3758 2942 libera-

2143 2989 2330 3038 verat:
2368 2980 2608 3050 Con/ide,
2639 2981 2781 3050 ﬁlia,
2810 2993 2977 3035 FIDES
3011 2982 3111 3035 tua
3142 2982 3194 3033 te
3221 2977 3436 3034 salvam
3458 2977 3621 3047 fecit.
3652 2975 3760 3033 His

2146 3071 2310 3127 etiam
2344 3070 2796 3137 Samaritanum,
2827 3068 2954 3124 Luc.
2989 3082 3129 3136 xvn,
3163 3069 3254 3133 19,
3280 3065 3482 3137 alepra
3516 3065 3760 3120 munda-

2146 3167 2261 3216 tum
2289 3175 2305 3229 ;
2330 3165 2384 3214 et
2412 3174 2563 3228 mox,
2586 3173 2637 3214 c.
2670 3173 2833 3224 xvm,
2885 3158 2973 3223 42,
3008 3171 3223 3213 caecum
3269 3154 3420 3210 illum
3465 3153 3762 3210 Jerichun-

2146 3247 2340 3318 tinum,
2371 3246 2458 3304 cui
2486 3247 2663 3303 visum
2693 3245 2942 3310 restituit,
2977 3243 3396 3314 affatusfuerat.
3416 3243 3484 3298 Et
3513 3243 3569 3298 hi
3619 3243 3760 3316 qui—

2147 3335 2270 3392 dem
2303 3351 2411 3391 non
2439 3337 2690 3408 corporis
2720 3335 2998 3400 duntaxat,
3019 3333 3116 3389 sed
3137 3332 3304 3389 multo
3332 3333 3507 3405 magis
3534 3333 3761 3388 anima:

2145 3428 2396 3482 salutem
2438 3440 2531 3496 per
2559 3423 2727 3494 ﬁdem
2757 3423 2903 3478 illam
2947 3431 3057 3479 tam
3097 3421 3276 3478 vivam
3313 3421 3591 3478 consecuti
3631 3422 3759 3478 fue-

2147 3521 2292 3580 runt,
2323 3512 2413 3568 cui
2445 3514 2555 3583 jam
2586 3511 2806 3570 aliunde
2835 3527 2897 3566 ac
2928 3511 3222 3576 multoties,
3261 3527 3293 3566 a
3339 3510 3553 3566 Christo
3601 3510 3758 3566 salus

2145 3601 2480 3673 adpromissa
2501 3601 2696 3671 fuerat,
2721 3604 2784 3658 ut
2800 3601 2955 3658 Joan.
2979 3600 3071 3670 Ill,
3106 3604 3170 3656 16
3196 3617 3211 3656 :
3244 3601 3334 3658 Sic
3361 3603 3504 3658 Deus
3535 3600 3756 3658 dilexit

2142 3689 2442 3754 mundum,
2483 3694 2551 3745 ut
2580 3689 2794 3744 Filium
2837 3705 3008 3746 suum
3046 3691 3414 3760 unigenitum
3451 3689 3638 3757 daret,
3681 3695 3753 3744 ut

2143 3779 2346 3842 omnis,
2379 3779 2476 3849 qui
2497 3776 2681 3834 credit
2702 3779 2762 3833 in
2781 3792 3055 3844 eum,non
3079 3783 3296 3850 pereat,
3317 3777 3413 3835 sed
3439 3776 3643 3833 habeat
3669 3779 3757 3834 vi-

2146 3870 2267 3922 tam
2297 3870 2595 3924 aeternam.
2627 3869 2696 3922 Et
2725 3865 2880 3937 ibid.,
2912 3882 2970 3922 v.
2994 3869 3061 3922 36
3087 3884 3100 3920 :
3131 3867 3240 3936 Qui
3255 3865 3426 3924 credit
3445 3869 3507 3923 in
3528 3867 3754 3922 Filium

2145 3955 2388 4013 hominis
2409 3955 2572 4013 habet
2599 3956 2780 4011 vitam
2802 3961 3100 4012 aeternam.
3139 3956 3254 4012 Nec
3302 3956 3496 4012 mirum
3525 3975 3538 4021 ;
3597 3972 3749 4027 quo-

2142 4044 2283 4098 niam
2313 4053 2370 4100 et
2393 4044 2498 4117 ipsi
2537 4043 2806 4117 baptismo
2835 4044 3035 4100 Christi
3063 4044 3280 4101 nonnisi
3307 4061 3433 4102 cum
3458 4042 3567 4101 ﬁde
3617 4061 3757 4101 sus-

2140 4142 2300 4205 cepto
2330 4133 2477 4190 salus
2505 4133 2769 4205 promissa
2797 4132 3008 4189 fuerat:
3049 4135 3157 4202 Qui
3175 4135 3498 4201 crediderit,
3522 4139 3582 4191 et
3613 4134 3760 4208 bap-

2146 4224 2360 4279 tizatus
2391 4223 2589 4294 fuerit,
2608 4222 2798 4278 salvus
2838 4224 2983 4291 erit;
3014 4225 3110 4294 qui
3138 4239 3265 4282 vero
3297 4239 3412 4282 non
3440 4223 3762 4282 crediderit

2143 4314 2268 4383 (etsi
2291 4314 2402 4381 jam
2434 4311 2758 4384 baptizatus)
2791 4312 3281 4371 condemnabit-ur.

2217 4403 2337 4457 Non
2360 4405 2555 4457 tamen
2582 4402 2781 4458 tincto.
2806 4401 3010 4457 Nullibi
3039 4402 3181 4458 enim
3212 4401 3467 4476 legimus,
3497 4402 3622 4461 illos
3650 4419 3761 4459 an-

2146 4497 2231 4546 tea
2259 4506 2289 4545 a
2317 4489 2554 4558 Christo,
2587 4499 2676 4546 aut
2704 4490 2986 4563 apostolis,
3020 4491 3330 4562 baptizatos
3359 4491 3545 4547 fuisse.

2224 4599 2474 4667 Quorum
2491 4597 2651 4666 ﬁdes.
2686 4597 2794 4654 Seu
2823 4600 2887 4654 in
2917 4598 3137 4672 quibus,
3171 4605 3263 4655 aut
3281 4599 3435 4672 apud
3456 4615 3593 4672 quos
3611 4599 3764 4655 alios

2145 4685 2280 4742 ﬁdes
2317 4686 2641 4758 requirenda
2688 4688 2783 4743 sit.
2818 4687 2944 4743 Mox
2979 4695 3159 4744 autem
3207 4687 3456 4757 exempla
3501 4688 3758 4756 subjicit.

2219 4793 2564 4850 Suscitatus.
2594 4792 2787 4848 Junius
2817 4791 2888 4848 ita
2918 4793 3045 4866 legit
3074 4811 3089 4853 :
3121 4795 3227 4864 Qui
3256 4810 3372 4852 uno
3409 4796 3588 4859 verbo,
3637 4800 3759 4854 etc.

2142 4882 2210 4939 Et
2240 4896 2367 4937 sane
2386 4881 2607 4938 videtur
2635 4880 2690 4936 id
2719 4888 3012 4939 contextus
3043 4883 3318 4954 postulare
3348 4895 3407 4940 ut
3432 4883 3626 4940 vocula
3654 4884 3762 4940 illa

2142 4972 2327 5027 saltem
2361 4970 2818 5043 subintelligatur,
2851 4973 2951 5029 hac
2977 4972 3194 5043 quidem
3226 4971 3477 5029 ratione:
3502 4973 3618 5042 Ille,
3649 4974 3762 5044 qui

2140 5077 2254 5118 uno
2304 5060 2464 5118 verbo
2492 5061 2718 5117 Domini
2744 5062 3052 5118 suscitatus
3089 5064 3222 5133 fuit,
3254 5072 3357 5118 etc.

2221 5168 2542 5227 Teloneum.
2571 5168 2828 5241 ιΤελώνιον
2855 5213 2870 5239 ,
2918 5167 3026 5240 vel,
3057 5175 3118 5224 ut
3145 5167 3340 5244 _Suidas
3369 5167 3548 5236 habet,
3577 5173 3761 5221 τελω-

2141 5258 2290 5325 νεῗον,
2323 5256 2508 5313 stricte
2563 5257 2848 5329 sumendo,
2885 5252 3039 5314 lecus
3070 5266 3171 5329 est,
3193 5255 3254 5311 ’ἐν
3282 5251 3342 5327 ᾧ,
3375 5264 3433 5312 ιιι
3461 5255 3605 5313 idem
3639 5256 3751 5325 ait,

2139 5346 2388 5406 καθέζεται
2425 5347 2448 5398 ὁ
2494 5346 2725 5417 τελώνης,
2766 5348 2829 5404 in
2877 5363 2986 5416 quo
3022 5348 3177 5404 sedet
3202 5347 3434 5413 telones,
3472 5361 3570 5402 seu
3603 5346 3759 5402 telo-

2142 5437 2365 5503 narius,
2398 5435 2475 5492 sic
2499 5437 2676 5494 dictus
2731 5435 2828 5490 ἀπὸ
2858 5442 2940 5491 τοῦ
2975 5438 3134 5499 τέλους
3149 5436 3379 5510 (ϐπ-ωοὶς
3419 5435 3564 5492 enim
3602 5436 3760 5498 τέλος

2142 5524 2439 5597 aliquando
2472 5527 2633 5583 etiam
2663 5527 2902 5600 vectigal
2930 5534 3021 5584 aut
3053 5527 3336 5585 tributum
3366 5522 3665 5598 signiﬁcat)
3691 5535 3760 5584 et
