  <div class='ocr_page' id='page_1' title='image "/cluster/home/n/w/nwhite01/storage/ocr_20150623/2/hvd.32044096580329/634.png"; bbox 0 0 4050 6168; ppageno 0'>
   <div class='ocr_carea' id='block_1_1' title="bbox 303 350 438 410">
    <p class='ocr_par' dir='ltr' id='par_1_1' title="bbox 303 350 438 410">
     <span class='ocr_line' id='line_1_1' title="bbox 303 350 438 410; baseline 0 0"><span class='ocrx_word' id='word_1_1' title='bbox 303 350 438 410; x_wconf 76' lang='grc'>1257</span> 
     </span>
    </p>
   </div>
   <div class='ocr_carea' id='block_1_2' title="bbox 1137 349 2752 416">
    <p class='ocr_par' dir='ltr' id='par_1_2' title="bbox 1137 349 2752 416">
     <span class='ocr_line' id='line_1_2' title="bbox 1137 349 2752 416; baseline -0.001 -2"><span class='ocrx_word' id='word_1_2' title='bbox 1137 351 1476 414; x_wconf 80' lang='grc' dir='ltr'>ΑΡΡΕΝΒΙΧ</span> <span class='ocrx_word' id='word_1_3' title='bbox 1513 350 1579 409; x_wconf 79' lang='grc' dir='ltr'><strong>ν.</strong></span> <span class='ocrx_word' id='word_1_4' title='bbox 1609 381 1682 396; x_wconf 88' lang='lat'>--</span> <span class='ocrx_word' id='word_1_5' title='bbox 1716 350 1782 410; x_wconf 92' lang='lat' dir='ltr'>D.</span> <span class='ocrx_word' id='word_1_6' title='bbox 1823 349 2200 412; x_wconf 81' lang='lat' dir='ltr'>CORBINIANI</span> <span class='ocrx_word' id='word_1_7' title='bbox 2235 349 2478 412; x_wconf 69' lang='lat' dir='ltr'>THOME</span> <span class='ocrx_word' id='word_1_8' title='bbox 2511 351 2752 416; x_wconf 81' lang='lat' dir='ltr'>ADNOT.</span> 
     </span>
    </p>
   </div>
   <div class='ocr_carea' id='block_1_3' title="bbox 3444 364 3584 424">
    <p class='ocr_par' dir='ltr' id='par_1_3' title="bbox 3444 364 3584 424">
     <span class='ocr_line' id='line_1_3' title="bbox 3444 364 3584 424; baseline 0.014 -2"><span class='ocrx_word' id='word_1_9' title='bbox 3444 364 3584 424; x_wconf 72' lang='grc'>1258</span> 
     </span>
    </p>
   </div>
   <div class='ocr_carea' id='block_1_4' title="bbox 294 477 3588 573">
    <p class='ocr_par' dir='ltr' id='par_1_4' title="bbox 294 477 3588 573">
     <span class='ocr_line' id='line_1_4' title="bbox 294 477 3588 573; baseline 0.004 -42"><span class='ocrx_word' id='word_1_10' title='bbox 294 479 452 573; x_wconf 55' lang='lat' dir='ltr'>evehi,</span> <span class='ocrx_word' id='word_1_11' title='bbox 488 478 644 573; x_wconf 82' lang='lat' dir='ltr'>quod</span> <span class='ocrx_word' id='word_1_12' title='bbox 679 478 868 573; x_wconf 71' lang='lat' dir='ltr'>iisdem</span> <span class='ocrx_word' id='word_1_13' title='bbox 907 494 1091 538; x_wconf 89' lang='lat' dir='ltr'>emere</span> <span class='ocrx_word' id='word_1_14' title='bbox 1118 486 1226 573; x_wconf 83' lang='lat' dir='ltr'>est;</span> <span class='ocrx_word' id='word_1_15' title='bbox 1257 478 1363 573; x_wconf 80' lang='lat' dir='ltr'>illis</span> <span class='ocrx_word' id='word_1_16' title='bbox 1400 493 1631 550; x_wconf 86' lang='lat' dir='ltr'><strong>namque</strong></span> <span class='ocrx_word' id='word_1_17' title='bbox 1666 485 1885 573; x_wconf 81' lang='lat' dir='ltr'>tempo-</span> <span class='ocrx_word' id='word_1_18' title='bbox 1916 492 1963 573; x_wconf 63' lang='grc' dir='ltr'><strong><em>Α</em></strong></span> <span class='ocrx_word' id='word_1_19' title='bbox 1997 478 2064 532; x_wconf 90' lang='lat' dir='ltr'>ba</span> <span class='ocrx_word' id='word_1_20' title='bbox 2108 477 2400 549; x_wconf 81' lang='lat' dir='ltr'>Apostolus</span> <span class='ocrx_word' id='word_1_21' title='bbox 2436 477 2511 573; x_wconf 79' lang='lat' dir='ltr'>ad</span> <span class='ocrx_word' id='word_1_22' title='bbox 2555 477 2963 573; x_wconf 73' lang='lat' dir='ltr'>Galat.‘XXX,</span> <span class='ocrx_word' id='word_1_23' title='bbox 3015 484 3068 547; x_wconf 90' lang='lat'>6,</span> <span class='ocrx_word' id='word_1_24' title='bbox 3115 482 3190 540; x_wconf 89' lang='lat' dir='ltr'>ait</span> <span class='ocrx_word' id='word_1_25' title='bbox 3227 498 3240 541; x_wconf 92' lang='lat'>:</span> <span class='ocrx_word' id='word_1_26' title='bbox 3295 485 3588 559; x_wconf 75' lang='lat' dir='ltr'>Cognoscit</span> 
     </span>
    </p>
   </div>
   <div class='ocr_carea' id='block_1_5' title="bbox 283 566 1886 639">
    <p class='ocr_par' dir='ltr' id='par_1_5' title="bbox 283 566 1886 639">
     <span class='ocr_line' id='line_1_5' title="bbox 283 566 1886 639; baseline -0.002 -17"><span class='ocrx_word' id='word_1_27' title='bbox 283 567 438 638; x_wconf 61' lang='lat' dir='ltr'>ribus</span> <span class='ocrx_word' id='word_1_28' title='bbox 505 566 792 639; x_wconf 77' lang='lat' dir='ltr'>vectigalia</span> <span class='ocrx_word' id='word_1_29' title='bbox 854 569 953 624; x_wconf 87' lang='lat' dir='ltr'>sub</span> <span class='ocrx_word' id='word_1_30' title='bbox 1010 568 1204 623; x_wconf 88' lang='lat' dir='ltr'>annuis</span> <span class='ocrx_word' id='word_1_31' title='bbox 1260 567 1575 639; x_wconf 91' lang='lat' dir='ltr'>plerumque</span> <span class='ocrx_word' id='word_1_32' title='bbox 1635 566 1886 623; x_wconf 82' lang='lat' dir='ltr'>censibus</span> 
     </span>
    </p>
   </div>
   <div class='ocr_carea' id='block_1_6' title="bbox 286 651 1884 728">
    <p class='ocr_par' dir='ltr' id='par_1_6' title="bbox 286 651 1884 728">
     <span class='ocr_line' id='line_1_6' title="bbox 286 651 1884 728; baseline -0.003 -18"><span class='ocrx_word' id='word_1_33' title='bbox 286 655 391 710; x_wconf 90' lang='lat' dir='ltr'>sibi</span> <span class='ocrx_word' id='word_1_34' title='bbox 422 655 711 728; x_wconf 82' lang='lat' dir='ltr'>redempta</span> <span class='ocrx_word' id='word_1_35' title='bbox 742 656 1109 726; x_wconf 81' lang='lat' dir='ltr'>possidebant,</span> <span class='ocrx_word' id='word_1_36' title='bbox 1142 656 1370 725; x_wconf 88' lang='lat' dir='ltr'>indeque</span> <span class='ocrx_word' id='word_1_37' title='bbox 1399 655 1624 728; x_wconf 81' lang='lat' dir='ltr'>prOprie</span> <span class='ocrx_word' id='word_1_38' title='bbox 1652 651 1884 723; x_wconf 63' lang='lat' dir='ltr'>zelatur,</span> 
     </span>
    </p>
   </div>
   <div class='ocr_carea' id='block_1_7' title="bbox 291 744 1887 817">
    <p class='ocr_par' dir='ltr' id='par_1_7' title="bbox 291 744 1887 817">
     <span class='ocr_line' id='line_1_7' title="bbox 291 744 1887 817; baseline 0 -17"><span class='ocrx_word' id='word_1_39' title='bbox 291 744 679 817; x_wconf 82' lang='lat' dir='ltr'>Redemptores</span> <span class='ocrx_word' id='word_1_40' title='bbox 708 747 1091 817; x_wconf 82' lang='lat' dir='ltr'>vectigalium,</span> <span class='ocrx_word' id='word_1_41' title='bbox 1122 746 1264 816; x_wconf 90' lang='lat' dir='ltr'>apud</span> <span class='ocrx_word' id='word_1_42' title='bbox 1301 747 1578 801; x_wconf 83' lang='lat' dir='ltr'>Romanos</span> <span class='ocrx_word' id='word_1_43' title='bbox 1604 760 1732 800; x_wconf 92' lang='lat' dir='ltr'>vero</span> <span class='ocrx_word' id='word_1_44' title='bbox 1766 748 1887 800; x_wconf 88' lang='lat' dir='ltr'>Pu-</span> 
     </span>
    </p>
   </div>
   <div class='ocr_carea' id='block_1_8' title="bbox 287 833 1887 906">
    <p class='ocr_par' dir='ltr' id='par_1_8' title="bbox 287 833 1887 906">
     <span class='ocr_line' id='line_1_8' title="bbox 287 833 1887 906; baseline -0.001 -19"><span class='ocrx_word' id='word_1_45' title='bbox 287 833 515 901; x_wconf 78' lang='lat' dir='ltr'>bliceni,</span> <span class='ocrx_word' id='word_1_46' title='bbox 565 833 990 893; x_wconf 78' lang='lat' dir='ltr'>nominabantur.</span> <span class='ocrx_word' id='word_1_47' title='bbox 1035 849 1133 889; x_wconf 90' lang='lat' dir='ltr'>ceu</span> <span class='ocrx_word' id='word_1_48' title='bbox 1176 834 1416 906; x_wconf 81' lang='lat' dir='ltr'>publicae</span> <span class='ocrx_word' id='word_1_49' title='bbox 1467 837 1742 906; x_wconf 79' lang='lat' dir='ltr'>pecuniae,</span> <span class='ocrx_word' id='word_1_50' title='bbox 1788 849 1887 902; x_wconf 92' lang='lat' dir='ltr'>pu-</span> 
     </span>
    </p>
   </div>
   <div class='ocr_carea' id='block_1_9' title="bbox 285 920 1886 987">
    <p class='ocr_par' dir='ltr' id='par_1_9' title="bbox 285 920 1886 987">
     <span class='ocr_line' id='line_1_9' title="bbox 285 920 1886 987; baseline -0.001 -10"><span class='ocrx_word' id='word_1_51' title='bbox 285 921 428 977; x_wconf 91' lang='lat' dir='ltr'>blico</span> <span class='ocrx_word' id='word_1_52' title='bbox 478 921 728 976; x_wconf 86' lang='lat' dir='ltr'>nimirum</span> <span class='ocrx_word' id='word_1_53' title='bbox 765 923 954 977; x_wconf 74' lang='lat' dir='ltr'>aerario</span> <span class='ocrx_word' id='word_1_54' title='bbox 990 921 1303 987; x_wconf 70' lang='lat' dir='ltr'>inferendae,</span> <span class='ocrx_word' id='word_1_55' title='bbox 1353 923 1436 978; x_wconf 88' lang='lat' dir='ltr'>vel</span> <span class='ocrx_word' id='word_1_56' title='bbox 1473 922 1540 976; x_wconf 90' lang='lat' dir='ltr'>ab</span> <span class='ocrx_word' id='word_1_57' title='bbox 1579 920 1770 976; x_wconf 91' lang='lat' dir='ltr'>eodem</span> <span class='ocrx_word' id='word_1_58' title='bbox 1801 937 1886 976; x_wconf 86' lang='lat' dir='ltr'>re-</span> 
     </span>
    </p>
   </div>
   <div class='ocr_carea' id='block_1_10' title="bbox 285 1006 1882 1082">
    <p class='ocr_par' dir='ltr' id='par_1_10' title="bbox 285 1006 1882 1082">
     <span class='ocr_line' id='line_1_10' title="bbox 285 1006 1882 1082; baseline -0.001 -18"><span class='ocrx_word' id='word_1_59' title='bbox 285 1006 575 1075; x_wconf 86' lang='lat' dir='ltr'>dimendae,</span> <span class='ocrx_word' id='word_1_60' title='bbox 644 1017 735 1065; x_wconf 89' lang='lat' dir='ltr'>aut</span> <span class='ocrx_word' id='word_1_61' title='bbox 780 1009 1040 1082; x_wconf 80' lang='lat' dir='ltr'>praefecti,</span> <span class='ocrx_word' id='word_1_62' title='bbox 1103 1019 1196 1064; x_wconf 90' lang='lat' dir='ltr'>aut</span> <span class='ocrx_word' id='word_1_63' title='bbox 1262 1012 1360 1066; x_wconf 86' lang='lat' dir='ltr'>sub</span> <span class='ocrx_word' id='word_1_64' title='bbox 1429 1010 1512 1064; x_wconf 89' lang='lat' dir='ltr'>his</span> <span class='ocrx_word' id='word_1_65' title='bbox 1579 1018 1882 1073; x_wconf 81' lang='lat' dir='ltr'>exactores:</span> 
     </span>
    </p>
   </div>
   <div class='ocr_carea' id='block_1_11' title="bbox 287 1096 1885 1170">
    <p class='ocr_par' dir='ltr' id='par_1_11' title="bbox 287 1096 1885 1170">
     <span class='ocr_line' id='line_1_11' title="bbox 287 1096 1885 1170; baseline -0.001 -17"><span class='ocrx_word' id='word_1_66' title='bbox 287 1099 434 1170; x_wconf 90' lang='lat' dir='ltr'>quod</span> <span class='ocrx_word' id='word_1_67' title='bbox 480 1100 750 1169; x_wconf 80' lang='lat' dir='ltr'>posterius</span> <span class='ocrx_word' id='word_1_68' title='bbox 798 1099 1075 1154; x_wconf 88' lang='lat' dir='ltr'>hominum</span> <span class='ocrx_word' id='word_1_69' title='bbox 1138 1115 1334 1169; x_wconf 83' lang='lat' dir='ltr'>genus,</span> <span class='ocrx_word' id='word_1_70' title='bbox 1388 1099 1456 1154; x_wconf 88' lang='lat' dir='ltr'>ob</span> <span class='ocrx_word' id='word_1_71' title='bbox 1505 1096 1885 1166; x_wconf 86' lang='lat' dir='ltr'>importunita-</span> 
     </span>
    </p>
   </div>
   <div class='ocr_carea' id='block_1_12' title="bbox 290 1186 1886 1259">
    <p class='ocr_par' dir='ltr' id='par_1_12' title="bbox 290 1186 1886 1259">
     <span class='ocr_line' id='line_1_12' title="bbox 290 1186 1886 1259; baseline 0 -17"><span class='ocrx_word' id='word_1_72' title='bbox 290 1190 396 1243; x_wconf 91' lang='lat' dir='ltr'>tem</span> <span class='ocrx_word' id='word_1_73' title='bbox 437 1205 587 1242; x_wconf 89' lang='lat' dir='ltr'>suam</span> <span class='ocrx_word' id='word_1_74' title='bbox 637 1197 687 1242; x_wconf 88' lang='lat' dir='ltr'>et</span> <span class='ocrx_word' id='word_1_75' title='bbox 720 1187 1016 1257; x_wconf 76' lang='lat' dir='ltr'>avaritiam,</span> <span class='ocrx_word' id='word_1_76' title='bbox 1068 1187 1439 1259; x_wconf 87' lang='lat' dir='ltr'>pessimasque</span> <span class='ocrx_word' id='word_1_77' title='bbox 1481 1186 1605 1242; x_wconf 90' lang='lat' dir='ltr'>huic</span> <span class='ocrx_word' id='word_1_78' title='bbox 1659 1189 1886 1256; x_wconf 87' lang='lat' dir='ltr'>conjun-</span> 
     </span>
    </p>
   </div>
   <div class='ocr_carea' id='block_1_13' title="bbox 283 1275 1880 1344">
    <p class='ocr_par' dir='ltr' id='par_1_13' title="bbox 283 1275 1880 1344">
     <span class='ocr_line' id='line_1_13' title="bbox 283 1275 1880 1344; baseline -0.002 -11"><span class='ocrx_word' id='word_1_79' title='bbox 283 1284 395 1333; x_wconf 89' lang='lat' dir='ltr'>ctas</span> <span class='ocrx_word' id='word_1_80' title='bbox 443 1287 606 1344; x_wconf 90' lang='lat' dir='ltr'>artes,</span> <span class='ocrx_word' id='word_1_81' title='bbox 666 1276 852 1341; x_wconf 81' lang='lat' dir='ltr'>ferme,</span> <span class='ocrx_word' id='word_1_82' title='bbox 913 1275 1159 1342; x_wconf 86' lang='lat' dir='ltr'>ubilibet,</span> <span class='ocrx_word' id='word_1_83' title='bbox 1201 1275 1412 1333; x_wconf 78' lang='lat' dir='ltr'>Iudaeis</span> <span class='ocrx_word' id='word_1_84' title='bbox 1463 1290 1594 1333; x_wconf 85' lang='lat' dir='ltr'>vero</span> <span class='ocrx_word' id='word_1_85' title='bbox 1632 1275 1880 1343; x_wconf 84' lang='lat' dir='ltr'>maxime,</span> 
     </span>
    </p>
   </div>
   <div class='ocr_carea' id='block_1_14' title="bbox 304 1363 1884 1437">
    <p class='ocr_par' dir='ltr' id='par_1_14' title="bbox 304 1363 1884 1437">
     <span class='ocr_line' id='line_1_14' title="bbox 304 1363 1884 1437; baseline -0.003 -16"><span class='ocrx_word' id='word_1_86' title='bbox 304 1364 517 1421; x_wconf 87' lang='lat' dir='ltr'>nvisum</span> <span class='ocrx_word' id='word_1_87' title='bbox 545 1374 677 1431; x_wconf 91' lang='lat' dir='ltr'>erat,</span> <span class='ocrx_word' id='word_1_88' title='bbox 708 1364 801 1435; x_wconf 90' lang='lat' dir='ltr'>qui</span> <span class='ocrx_word' id='word_1_89' title='bbox 841 1381 951 1436; x_wconf 82' lang='lat' dir='ltr'>prae</span> <span class='ocrx_word' id='word_1_90' title='bbox 981 1363 1190 1421; x_wconf 69' lang='lat' dir='ltr'>caeteris</span> <span class='ocrx_word' id='word_1_91' title='bbox 1228 1381 1286 1421; x_wconf 90' lang='lat' dir='ltr'>se</span> <span class='ocrx_word' id='word_1_92' title='bbox 1324 1365 1596 1437; x_wconf 81' lang='lat' dir='ltr'>ingenuos</span> <span class='ocrx_word' id='word_1_93' title='bbox 1623 1379 1684 1419; x_wconf 90' lang='lat' dir='ltr'>ac</span> <span class='ocrx_word' id='word_1_94' title='bbox 1721 1363 1884 1418; x_wconf 90' lang='lat' dir='ltr'>liber-</span> 
     </span>
    </p>
   </div>
   <div class='ocr_carea' id='block_1_15' title="bbox 288 1452 1906 1525">
    <p class='ocr_par' dir='ltr' id='par_1_15' title="bbox 288 1452 1906 1525">
     <span class='ocr_line' id='line_1_15' title="bbox 288 1452 1906 1525; baseline -0.002 -15"><span class='ocrx_word' id='word_1_95' title='bbox 288 1454 381 1510; x_wconf 91' lang='lat' dir='ltr'>tati</span> <span class='ocrx_word' id='word_1_96' title='bbox 426 1461 589 1510; x_wconf 88' lang='lat' dir='ltr'>natos</span> <span class='ocrx_word' id='word_1_97' title='bbox 633 1453 946 1525; x_wconf 77' lang='lat' dir='ltr'>credebant,</span> <span class='ocrx_word' id='word_1_98' title='bbox 986 1455 1137 1510; x_wconf 90' lang='lat' dir='ltr'>Joan.</span> <span class='ocrx_word' id='word_1_99' title='bbox 1189 1469 1311 1519; x_wconf 87' lang='lat' dir='ltr'>vm,</span> <span class='ocrx_word' id='word_1_100' title='bbox 1363 1457 1450 1520; x_wconf 90' lang='lat'>33,</span> <span class='ocrx_word' id='word_1_101' title='bbox 1491 1460 1675 1509; x_wconf 88' lang='lat' dir='ltr'>contra</span> <span class='ocrx_word' id='word_1_102' title='bbox 1720 1452 1906 1508; x_wconf 91' lang='lat' dir='ltr'>Chri-.</span> 
     </span>
    </p>
   </div>
   <div class='ocr_carea' id='block_1_16' title="bbox 287 1542 1880 1615">
    <p class='ocr_par' dir='ltr' id='par_1_16' title="bbox 287 1542 1880 1615">
     <span class='ocr_line' id='line_1_16' title="bbox 287 1542 1880 1615; baseline 0 -17"><span class='ocrx_word' id='word_1_103' title='bbox 287 1550 429 1598; x_wconf 91' lang='lat' dir='ltr'>stum</span> <span class='ocrx_word' id='word_1_104' title='bbox 476 1542 654 1615; x_wconf 90' lang='lat' dir='ltr'>ipsum</span> <span class='ocrx_word' id='word_1_105' title='bbox 688 1542 1082 1609; x_wconf 79' lang='lat' dir='ltr'>vociferantes:</span> <span class='ocrx_word' id='word_1_106' title='bbox 1137 1543 1335 1600; x_wconf 84' lang='lat' dir='ltr'>Semen</span> <span class='ocrx_word' id='word_1_107' title='bbox 1383 1543 1616 1599; x_wconf 84' lang='lat' dir='ltr'>Abrahae</span> <span class='ocrx_word' id='word_1_108' title='bbox 1659 1558 1880 1606; x_wconf 88' lang='lat' dir='ltr'>sumus,</span> 
     </span>
    </p>
   </div>
   <div class='ocr_carea' id='block_1_17' title="bbox 283 1629 1880 1704">
    <p class='ocr_par' dir='ltr' id='par_1_17' title="bbox 283 1629 1880 1704">
     <span class='ocr_line' id='line_1_17' title="bbox 283 1629 1880 1704; baseline -0.003 -14"><span class='ocrx_word' id='word_1_109' title='bbox 283 1632 506 1690; x_wconf 78' lang='lat' dir='ltr'>nemini</span> <span class='ocrx_word' id='word_1_110' title='bbox 521 1633 854 1690; x_wconf 79' lang='lat' dir='ltr'>seruiuimus</span> <span class='ocrx_word' id='word_1_111' title='bbox 873 1647 1145 1704; x_wconf 81' lang='lat' dir='ltr'>unquam.</span> <span class='ocrx_word' id='word_1_112' title='bbox 1166 1630 1343 1702; x_wconf 83' lang='lat' dir='ltr'>Atque</span> <span class='ocrx_word' id='word_1_113' title='bbox 1359 1630 1487 1687; x_wconf 91' lang='lat' dir='ltr'>hinc</span> <span class='ocrx_word' id='word_1_114' title='bbox 1507 1629 1775 1699; x_wconf 79' lang='lat' dir='ltr'>ejusmodi</span> <span class='ocrx_word' id='word_1_115' title='bbox 1797 1635 1880 1686; x_wconf 88' lang='lat' dir='ltr'>te-</span> 
     </span>
    </p>
   </div>
   <div class='ocr_carea' id='block_1_18' title="bbox 284 1717 1878 1793">
    <p class='ocr_par' dir='ltr' id='par_1_18' title="bbox 284 1717 1878 1793">
     <span class='ocr_line' id='line_1_18' title="bbox 284 1717 1878 1793; baseline -0.001 -17"><span class='ocrx_word' id='word_1_116' title='bbox 284 1720 496 1778; x_wconf 88' lang='lat' dir='ltr'>lonarii</span> <span class='ocrx_word' id='word_1_117' title='bbox 523 1736 624 1776; x_wconf 90' lang='lat' dir='ltr'>seu</span> <span class='ocrx_word' id='word_1_118' title='bbox 647 1722 942 1793; x_wconf 87' lang='lat' dir='ltr'>publicani</span> <span class='ocrx_word' id='word_1_119' title='bbox 967 1721 1117 1777; x_wconf 90' lang='lat' dir='ltr'>velut</span> <span class='ocrx_word' id='word_1_120' title='bbox 1159 1720 1372 1792; x_wconf 77' lang='lat' dir='ltr'>publici</span> <span class='ocrx_word' id='word_1_121' title='bbox 1402 1723 1736 1791; x_wconf 87' lang='lat' dir='ltr'>peccatores,</span> <span class='ocrx_word' id='word_1_122' title='bbox 1766 1717 1878 1774; x_wconf 92' lang='lat' dir='ltr'>imo</span> 
     </span>
    </p>
   </div>
   <div class='ocr_carea' id='block_1_19' title="bbox 279 1807 1878 1878">
    <p class='ocr_par' dir='ltr' id='par_1_19' title="bbox 279 1807 1878 1878">
     <span class='ocr_line' id='line_1_19' title="bbox 279 1807 1878 1878; baseline -0.003 -12"><span class='ocrx_word' id='word_1_123' title='bbox 279 1809 426 1866; x_wconf 86' lang='lat' dir='ltr'>velut</span> <span class='ocrx_word' id='word_1_124' title='bbox 480 1809 694 1866; x_wconf 83' lang='lat' dir='ltr'>ethnici</span> <span class='ocrx_word' id='word_1_125' title='bbox 746 1809 1104 1876; x_wconf 87' lang='lat' dir='ltr'>habebantur,</span> <span class='ocrx_word' id='word_1_126' title='bbox 1148 1824 1180 1863; x_wconf 88' lang='lat' dir='ltr'>a</span> <span class='ocrx_word' id='word_1_127' title='bbox 1221 1824 1452 1878; x_wconf 88' lang='lat' dir='ltr'>quorum</span> <span class='ocrx_word' id='word_1_128' title='bbox 1499 1807 1878 1864; x_wconf 86' lang='lat' dir='ltr'>communione</span> 
     </span>
    </p>
   </div>
   <div class='ocr_carea' id='block_1_20' title="bbox 277 1894 1877 1966">
    <p class='ocr_par' dir='ltr' id='par_1_20' title="bbox 277 1894 1877 1966">
     <span class='ocr_line' id='line_1_20' title="bbox 277 1894 1877 1966; baseline -0.001 -15"><span class='ocrx_word' id='word_1_129' title='bbox 277 1898 500 1966; x_wconf 82' lang='lat' dir='ltr'>pariter</span> <span class='ocrx_word' id='word_1_130' title='bbox 566 1897 944 1954; x_wconf 88' lang='lat' dir='ltr'>abstinendum</span> <span class='ocrx_word' id='word_1_131' title='bbox 997 1903 1162 1952; x_wconf 86' lang='lat' dir='ltr'>esset.</span> <span class='ocrx_word' id='word_1_132' title='bbox 1213 1896 1392 1964; x_wconf 82' lang='lat' dir='ltr'>Atque</span> <span class='ocrx_word' id='word_1_133' title='bbox 1442 1895 1564 1950; x_wconf 88' lang='lat' dir='ltr'>inde</span> <span class='ocrx_word' id='word_1_134' title='bbox 1619 1894 1877 1950; x_wconf 65' lang='lat' dir='ltr'>Pharismi</span> 
     </span>
    </p>
   </div>
   <div class='ocr_carea' id='block_1_21' title="bbox 282 1983 1875 2056">
    <p class='ocr_par' dir='ltr' id='par_1_21' title="bbox 282 1983 1875 2056">
     <span class='ocr_line' id='line_1_21' title="bbox 282 1983 1875 2056; baseline 0.001 -20"><span class='ocrx_word' id='word_1_135' title='bbox 282 1993 476 2037; x_wconf 88' lang='lat' dir='ltr'>contra</span> <span class='ocrx_word' id='word_1_136' title='bbox 533 1985 806 2041; x_wconf 85' lang='lat' dir='ltr'>Christum</span> <span class='ocrx_word' id='word_1_137' title='bbox 873 1983 1100 2056; x_wconf 82' lang='lat' dir='ltr'>ejusque</span> <span class='ocrx_word' id='word_1_138' title='bbox 1156 1984 1440 2053; x_wconf 87' lang='lat' dir='ltr'>discipulos</span> <span class='ocrx_word' id='word_1_139' title='bbox 1503 1983 1875 2056; x_wconf 82' lang='lat' dir='ltr'>insurgebant,</span> 
     </span>
    </p>
   </div>
   <div class='ocr_carea' id='block_1_22' title="bbox 281 2069 1878 2143">
    <p class='ocr_par' dir='ltr' id='par_1_22' title="bbox 281 2069 1878 2143">
     <span class='ocr_line' id='line_1_22' title="bbox 281 2069 1878 2143; baseline 0.001 -19"><span class='ocrx_word' id='word_1_140' title='bbox 281 2069 483 2135; x_wconf 79' lang='lat' dir='ltr'>Matth.</span> <span class='ocrx_word' id='word_1_141' title='bbox 515 2086 597 2135; x_wconf 83' lang='lat' dir='ltr'>IX,</span> <span class='ocrx_word' id='word_1_142' title='bbox 642 2075 728 2139; x_wconf 81' lang='grc'>11,</span> <span class='ocrx_word' id='word_1_143' title='bbox 762 2071 1029 2130; x_wconf 88' lang='lat' dir='ltr'>dicentes:</span> <span class='ocrx_word' id='word_1_144' title='bbox 1083 2073 1264 2140; x_wconf 83' lang='lat' dir='ltr'>Quare</span> <span class='ocrx_word' id='word_1_145' title='bbox 1295 2087 1426 2127; x_wconf 90' lang='lat' dir='ltr'>cum</span> <span class='ocrx_word' id='word_1_146' title='bbox 1470 2071 1785 2143; x_wconf 81' lang='lat' dir='ltr'>publicanis</span> <span class='ocrx_word' id='word_1_147' title='bbox 1823 2080 1878 2126; x_wconf 89' lang='lat' dir='ltr'>et</span> 
     </span>
    </p>
   </div>
   <div class='ocr_carea' id='block_1_23' title="bbox 277 2156 1876 2232">
    <p class='ocr_par' dir='ltr' id='par_1_23' title="bbox 277 2156 1876 2232">
     <span class='ocr_line' id='line_1_23' title="bbox 277 2156 1876 2232; baseline 0.001 -20"><span class='ocrx_word' id='word_1_148' title='bbox 277 2156 655 2226; x_wconf 85' lang='lat' dir='ltr'>peccatoribus</span> <span class='ocrx_word' id='word_1_149' title='bbox 703 2161 1008 2218; x_wconf 82' lang='lat' dir='ltr'>manducet</span> <span class='ocrx_word' id='word_1_150' title='bbox 1062 2161 1325 2232; x_wconf 82' lang='lat' dir='ltr'>Magister</span> <span class='ocrx_word' id='word_1_151' title='bbox 1370 2164 1592 2218; x_wconf 79' lang='lat' dir='ltr'>vester?</span> <span class='ocrx_word' id='word_1_152' title='bbox 1626 2160 1712 2223; x_wconf 79' lang='lat' dir='ltr'>Et,</span> <span class='ocrx_word' id='word_1_153' title='bbox 1737 2159 1876 2228; x_wconf 90' lang='lat' dir='ltr'>apud</span> 
     </span>
    </p>
   </div>
   <div class='ocr_carea' id='block_1_24' title="bbox 277 2246 1876 2316">
    <p class='ocr_par' dir='ltr' id='par_1_24' title="bbox 277 2246 1876 2316">
     <span class='ocr_line' id='line_1_24' title="bbox 277 2246 1876 2316; baseline 0.001 -15"><span class='ocrx_word' id='word_1_154' title='bbox 277 2247 486 2311; x_wconf 87' lang='lat' dir='ltr'>eumd.,</span> <span class='ocrx_word' id='word_1_155' title='bbox 526 2262 576 2302; x_wconf 92' lang='lat' dir='ltr'>c.</span> <span class='ocrx_word' id='word_1_156' title='bbox 636 2261 800 2312; x_wconf 86' lang='lat' dir='ltr'>xvm,</span> <span class='ocrx_word' id='word_1_157' title='bbox 862 2252 949 2311; x_wconf 82' lang='grc'>17,</span> <span class='ocrx_word' id='word_1_158' title='bbox 999 2247 1119 2316; x_wconf 86' lang='lat' dir='ltr'>ipse</span> <span class='ocrx_word' id='word_1_159' title='bbox 1159 2249 1408 2303; x_wconf 90' lang='lat' dir='ltr'>Christus</span> <span class='ocrx_word' id='word_1_160' title='bbox 1456 2249 1526 2301; x_wconf 88' lang='lat' dir='ltr'>ad</span> <span class='ocrx_word' id='word_1_161' title='bbox 1584 2246 1876 2316; x_wconf 86' lang='lat' dir='ltr'>discipulos</span> 
     </span>
    </p>
   </div>
   <div class='ocr_carea' id='block_1_25' title="bbox 275 2334 1874 2404">
    <p class='ocr_par' dir='ltr' id='par_1_25' title="bbox 275 2334 1874 2404">
     <span class='ocr_line' id='line_1_25' title="bbox 275 2334 1874 2404; baseline 0 -14"><span class='ocrx_word' id='word_1_162' title='bbox 275 2350 422 2399; x_wconf 87' lang='lat' dir='ltr'>suos,</span> <span class='ocrx_word' id='word_1_163' title='bbox 453 2335 520 2391; x_wconf 89' lang='lat' dir='ltr'>de</span> <span class='ocrx_word' id='word_1_164' title='bbox 548 2334 779 2390; x_wconf 84' lang='lat' dir='ltr'>fraterna</span> <span class='ocrx_word' id='word_1_165' title='bbox 817 2338 1151 2393; x_wconf 87' lang='lat' dir='ltr'>correctione</span> <span class='ocrx_word' id='word_1_166' title='bbox 1200 2337 1490 2404; x_wconf 77' lang='lat' dir='ltr'>disserens,</span> <span class='ocrx_word' id='word_1_167' title='bbox 1533 2335 1631 2390; x_wconf 90' lang='lat' dir='ltr'>ait:</span> <span class='ocrx_word' id='word_1_168' title='bbox 1667 2337 1726 2392; x_wconf 88' lang='lat' dir='ltr'>Si</span> <span class='ocrx_word' id='word_1_169' title='bbox 1767 2337 1874 2390; x_wconf 87' lang='lat' dir='ltr'>Ec-</span> 
     </span>
    </p>
   </div>
   <div class='ocr_carea' id='block_1_26' title="bbox 275 2422 1876 2494">
    <p class='ocr_par' dir='ltr' id='par_1_26' title="bbox 275 2422 1876 2494">
     <span class='ocr_line' id='line_1_26' title="bbox 275 2422 1876 2494; baseline 0 -16"><span class='ocrx_word' id='word_1_170' title='bbox 275 2423 507 2479; x_wconf 82' lang='lat' dir='ltr'>clesium</span> <span class='ocrx_word' id='word_1_171' title='bbox 529 2441 644 2480; x_wconf 89' lang='lat' dir='ltr'>non</span> <span class='ocrx_word' id='word_1_172' title='bbox 662 2424 932 2494; x_wconf 88' lang='lat' dir='ltr'>audierit,</span> <span class='ocrx_word' id='word_1_173' title='bbox 954 2425 1030 2482; x_wconf 90' lang='lat' dir='ltr'>sit</span> <span class='ocrx_word' id='word_1_174' title='bbox 1061 2423 1165 2479; x_wconf 84' lang='lat' dir='ltr'>tibi</span> <span class='ocrx_word' id='word_1_175' title='bbox 1185 2425 1338 2479; x_wconf 86' lang='lat' dir='ltr'>velut</span> <span class='ocrx_word' id='word_1_176' title='bbox 1355 2424 1604 2480; x_wconf 83' lang='lat' dir='ltr'>ethnicus</span> <span class='ocrx_word' id='word_1_177' title='bbox 1625 2427 1679 2478; x_wconf 88' lang='lat' dir='ltr'>et</span> <span class='ocrx_word' id='word_1_178' title='bbox 1690 2422 1876 2494; x_wconf 89' lang='lat' dir='ltr'>publi-</span> 
     </span>
    </p>
   </div>
   <div class='ocr_carea' id='block_1_27' title="bbox 272 2527 470 2570">
    <p class='ocr_par' dir='ltr' id='par_1_27' title="bbox 272 2527 470 2570">
     <span class='ocr_line' id='line_1_27' title="bbox 272 2527 470 2570; baseline 0.02 -4"><span class='ocrx_word' id='word_1_179' title='bbox 272 2527 470 2570; x_wconf 60' lang='lat' dir='ltr'>canuit-</span> 
     </span>
    </p>
   </div>
   <div class='ocr_carea' id='block_1_28' title="bbox 346 2599 1874 2670">
    <p class='ocr_par' dir='ltr' id='par_1_28' title="bbox 346 2599 1874 2670">
     <span class='ocr_line' id='line_1_28' title="bbox 346 2599 1874 2670; baseline -0.003 -12"><span class='ocrx_word' id='word_1_180' title='bbox 346 2605 600 2659; x_wconf 88' lang='lat' dir='ltr'>Patrem.</span> <span class='ocrx_word' id='word_1_181' title='bbox 642 2601 820 2658; x_wconf 88' lang='lat' dir='ltr'>Innuit</span> <span class='ocrx_word' id='word_1_182' title='bbox 848 2601 937 2656; x_wconf 90' lang='lat' dir='ltr'>hic</span> <span class='ocrx_word' id='word_1_183' title='bbox 967 2604 1200 2658; x_wconf 85' lang='lat' dir='ltr'>Petrum</span> <span class='ocrx_word' id='word_1_184' title='bbox 1234 2608 1286 2656; x_wconf 90' lang='lat' dir='ltr'>et</span> <span class='ocrx_word' id='word_1_185' title='bbox 1341 2600 1646 2668; x_wconf 87' lang='lat' dir='ltr'>Andream,</span> <span class='ocrx_word' id='word_1_186' title='bbox 1678 2599 1874 2670; x_wconf 88' lang='lat' dir='ltr'>quibus</span> 
     </span>
    </p>
   </div>
   <div class='ocr_carea' id='block_1_29' title="bbox 271 2691 1874 2761">
    <p class='ocr_par' dir='ltr' id='par_1_29' title="bbox 271 2691 1874 2761">
     <span class='ocr_line' id='line_1_29' title="bbox 271 2691 1874 2761; baseline -0.003 -13"><span class='ocrx_word' id='word_1_187' title='bbox 271 2708 391 2748; x_wconf 89' lang='lat' dir='ltr'>cum</span> <span class='ocrx_word' id='word_1_188' title='bbox 435 2691 679 2746; x_wconf 88' lang='lat' dir='ltr'>Christus</span> <span class='ocrx_word' id='word_1_189' title='bbox 725 2691 973 2746; x_wconf 86' lang='lat' dir='ltr'>dixisset:</span> <span class='ocrx_word' id='word_1_190' title='bbox 1024 2692 1210 2747; x_wconf 88' lang='lat' dir='ltr'>Venite</span> <span class='ocrx_word' id='word_1_191' title='bbox 1245 2694 1369 2761; x_wconf 87' lang='lat' dir='ltr'>post</span> <span class='ocrx_word' id='word_1_192' title='bbox 1413 2706 1519 2756; x_wconf 89' lang='lat' dir='ltr'>me,</span> <span class='ocrx_word' id='word_1_193' title='bbox 1563 2694 1619 2746; x_wconf 91' lang='lat' dir='ltr'>et</span> <span class='ocrx_word' id='word_1_194' title='bbox 1662 2691 1874 2759; x_wconf 79' lang='lat' dir='ltr'>faciam</span> 
     </span>
    </p>
   </div>
   <div class='ocr_carea' id='block_1_30' title="bbox 272 2779 1876 2854">
    <p class='ocr_par' dir='ltr' id='par_1_30' title="bbox 272 2779 1876 2854">
     <span class='ocr_line' id='line_1_30' title="bbox 272 2779 1876 2854; baseline -0.002 -18"><span class='ocrx_word' id='word_1_195' title='bbox 272 2798 364 2837; x_wconf 88' lang='lat' dir='ltr'>vos</span> <span class='ocrx_word' id='word_1_196' title='bbox 393 2781 520 2848; x_wconf 84' lang='lat' dir='ltr'>ﬁeri</span> <span class='ocrx_word' id='word_1_197' title='bbox 537 2783 846 2854; x_wconf 81' lang='lat' dir='ltr'>piscatores</span> <span class='ocrx_word' id='word_1_198' title='bbox 876 2781 1189 2836; x_wconf 88' lang='lat' dir='ltr'>hominum.</span> <span class='ocrx_word' id='word_1_199' title='bbox 1215 2781 1284 2835; x_wconf 87' lang='lat' dir='ltr'>At</span> <span class='ocrx_word' id='word_1_200' title='bbox 1304 2779 1394 2834; x_wconf 88' lang='lat' dir='ltr'>illi</span> <span class='ocrx_word' id='word_1_201' title='bbox 1409 2779 1700 2846; x_wconf 88' lang='lat' dir='ltr'>continuo,</span> <span class='ocrx_word' id='word_1_202' title='bbox 1716 2779 1876 2835; x_wconf 88' lang='lat' dir='ltr'>relic-</span> 
     </span>
    </p>
   </div>
   <div class='ocr_carea' id='block_1_31' title="bbox 273 2866 1870 2937">
    <p class='ocr_par' dir='ltr' id='par_1_31' title="bbox 273 2866 1870 2937">
     <span class='ocr_line' id='line_1_31' title="bbox 273 2866 1870 2937; baseline -0.004 -11"><span class='ocrx_word' id='word_1_203' title='bbox 273 2873 350 2926; x_wconf 87' lang='lat' dir='ltr'>tis</span> <span class='ocrx_word' id='word_1_204' title='bbox 379 2870 608 2937; x_wconf 86' lang='lat' dir='ltr'>retibus,</span> <span class='ocrx_word' id='word_1_205' title='bbox 642 2871 825 2925; x_wconf 87' lang='lat' dir='ltr'>secuti</span> <span class='ocrx_word' id='word_1_206' title='bbox 842 2874 978 2924; x_wconf 91' lang='lat' dir='ltr'>sunt</span> <span class='ocrx_word' id='word_1_207' title='bbox 999 2883 1147 2935; x_wconf 91' lang='lat' dir='ltr'>eum,</span> <span class='ocrx_word' id='word_1_208' title='bbox 1182 2870 1369 2923; x_wconf 83' lang='lat' dir='ltr'>Matth.</span> <span class='ocrx_word' id='word_1_209' title='bbox 1397 2883 1476 2934; x_wconf 86' lang='lat' dir='ltr'>1v,</span> <span class='ocrx_word' id='word_1_210' title='bbox 1507 2870 1597 2922; x_wconf 80' lang='lat'>20.</span> <span class='ocrx_word' id='word_1_211' title='bbox 1639 2866 1870 2922; x_wconf 89' lang='lat' dir='ltr'>Maxime</span> 
     </span>
    </p>
   </div>
   <div class='ocr_carea' id='block_1_32' title="bbox 271 2956 1867 3022">
    <p class='ocr_par' dir='ltr' id='par_1_32' title="bbox 271 2956 1867 3022">
     <span class='ocr_line' id='line_1_32' title="bbox 271 2956 1867 3022; baseline -0.001 -8"><span class='ocrx_word' id='word_1_212' title='bbox 271 2968 450 3016; x_wconf 89' lang='lat' dir='ltr'>autem</span> <span class='ocrx_word' id='word_1_213' title='bbox 489 2974 610 3014; x_wconf 90' lang='lat' dir='ltr'>cum</span> <span class='ocrx_word' id='word_1_214' title='bbox 644 2964 884 3013; x_wconf 84' lang='lat' dir='ltr'>vocasset</span> <span class='ocrx_word' id='word_1_215' title='bbox 916 2957 1185 3013; x_wconf 89' lang='lat' dir='ltr'>Iacobum</span> <span class='ocrx_word' id='word_1_216' title='bbox 1215 2965 1267 3010; x_wconf 90' lang='lat' dir='ltr'>et</span> <span class='ocrx_word' id='word_1_217' title='bbox 1307 2958 1601 3022; x_wconf 82' lang='lat' dir='ltr'>Joannem,</span> <span class='ocrx_word' id='word_1_218' title='bbox 1633 2956 1725 3011; x_wconf 86' lang='lat' dir='ltr'>illi</span> <span class='ocrx_word' id='word_1_219' title='bbox 1751 2960 1867 3012; x_wconf 86' lang='lat' dir='ltr'>sta-</span> 
     </span>
    </p>
   </div>
   <div class='ocr_carea' id='block_1_33' title="bbox 1993 567 3583 644">
    <p class='ocr_par' dir='ltr' id='par_1_33' title="bbox 1993 567 3583 644">
     <span class='ocr_line' id='line_1_33' title="bbox 1993 567 3583 644; baseline 0.008 -22"><span class='ocrx_word' id='word_1_220' title='bbox 1993 581 2142 639; x_wconf 88' lang='lat' dir='ltr'>ergo,</span> <span class='ocrx_word' id='word_1_221' title='bbox 2182 569 2310 641; x_wconf 83' lang='lat' dir='ltr'>quia</span> <span class='ocrx_word' id='word_1_222' title='bbox 2351 568 2446 640; x_wconf 88' lang='lat' dir='ltr'>qui</span> <span class='ocrx_word' id='word_1_223' title='bbox 2499 583 2571 624; x_wconf 76' lang='lat' dir='ltr'>ea:</span> <span class='ocrx_word' id='word_1_224' title='bbox 2621 567 2727 624; x_wconf 89' lang='lat' dir='ltr'>ﬁde</span> <span class='ocrx_word' id='word_1_225' title='bbox 2779 574 2915 627; x_wconf 88' lang='lat' dir='ltr'>sunt</span> <span class='ocrx_word' id='word_1_226' title='bbox 2979 571 3092 640; x_wconf 78' lang='lat' dir='ltr'>ﬁlii</span> <span class='ocrx_word' id='word_1_227' title='bbox 3137 573 3389 644; x_wconf 84' lang='lat' dir='ltr'>Abrahae,</span> <span class='ocrx_word' id='word_1_228' title='bbox 3452 587 3583 643; x_wconf 89' lang='lat' dir='ltr'>etc..</span> 
     </span>
    </p>
   </div>
   <div class='ocr_carea' id='block_1_34' title="bbox 1994 655 3582 736">
    <p class='ocr_par' dir='ltr' id='par_1_34' title="bbox 1994 655 3582 736">
     <span class='ocr_line' id='line_1_34' title="bbox 1994 655 3582 736; baseline 0.006 -24"><span class='ocrx_word' id='word_1_229' title='bbox 1994 663 2100 712; x_wconf 89' lang='lat' dir='ltr'>etc.</span> <span class='ocrx_word' id='word_1_230' title='bbox 2134 655 2259 712; x_wconf 72' lang='lat' dir='ltr'>Haec</span> <span class='ocrx_word' id='word_1_231' title='bbox 2312 666 2486 712; x_wconf 89' lang='lat' dir='ltr'>autem</span> <span class='ocrx_word' id='word_1_232' title='bbox 2534 656 2664 712; x_wconf 87' lang='lat' dir='ltr'>ﬁdes</span> <span class='ocrx_word' id='word_1_233' title='bbox 2704 657 2891 730; x_wconf 90' lang='lat' dir='ltr'>utique</span> <span class='ocrx_word' id='word_1_234' title='bbox 2937 674 3045 715; x_wconf 91' lang='lat' dir='ltr'>non</span> <span class='ocrx_word' id='word_1_235' title='bbox 3098 659 3198 716; x_wconf 90' lang='lat' dir='ltr'>fuit</span> <span class='ocrx_word' id='word_1_236' title='bbox 3233 666 3453 736; x_wconf 86' lang='lat' dir='ltr'>prOprie</span> <span class='ocrx_word' id='word_1_237' title='bbox 3492 667 3582 722; x_wconf 91' lang='lat' dir='ltr'>di-</span> 
     </span>
    </p>
   </div>
   <div class='ocr_carea' id='block_1_35' title="bbox 1994 745 2610 800">
    <p class='ocr_par' dir='ltr' id='par_1_35' title="bbox 1994 745 2610 800">
     <span class='ocr_line' id='line_1_35' title="bbox 1994 745 2610 800; baseline -0.003 -1"><span class='ocrx_word' id='word_1_238' title='bbox 1994 755 2136 800; x_wconf 90' lang='lat' dir='ltr'>ctum</span> <span class='ocrx_word' id='word_1_239' title='bbox 2181 745 2610 800; x_wconf 86' lang='lat' dir='ltr'>Sacramentum.</span> 
     </span>
    </p>
   </div>
   <div class='ocr_carea' id='block_1_36' title="bbox 2065 831 3585 916">
    <p class='ocr_par' dir='ltr' id='par_1_36' title="bbox 2065 831 3585 916">
     <span class='ocr_line' id='line_1_36' title="bbox 2065 831 3585 916; baseline 0.01 -30"><span class='ocrx_word' id='word_1_240' title='bbox 2065 832 2400 888; x_wconf 81' lang='lat' dir='ltr'>Praevalent.</span> <span class='ocrx_word' id='word_1_241' title='bbox 2446 831 2542 886; x_wconf 89' lang='lat' dir='ltr'>Est</span> <span class='ocrx_word' id='word_1_242' title='bbox 2569 833 2672 887; x_wconf 91' lang='lat' dir='ltr'>hoc</span> <span class='ocrx_word' id='word_1_243' title='bbox 2719 831 2887 888; x_wconf 87' lang='lat' dir='ltr'>instar</span> <span class='ocrx_word' id='word_1_244' title='bbox 2923 835 3290 904; x_wconf 87' lang='lat' dir='ltr'>responsionis</span> <span class='ocrx_word' id='word_1_245' title='bbox 3338 841 3402 895; x_wconf 89' lang='lat' dir='ltr'>ad</span> <span class='ocrx_word' id='word_1_246' title='bbox 3435 845 3585 916; x_wconf 85' lang='lat' dir='ltr'>obje-</span> 
     </span>
    </p>
   </div>
   <div class='ocr_carea' id='block_1_37' title="bbox 1993 920 3585 998">
    <p class='ocr_par' dir='ltr' id='par_1_37' title="bbox 1993 920 3585 998">
     <span class='ocr_line' id='line_1_37' title="bbox 1993 920 3585 998; baseline 0.008 -22"><span class='ocrx_word' id='word_1_247' title='bbox 1993 927 2137 976; x_wconf 90' lang='lat' dir='ltr'>ctum</span> <span class='ocrx_word' id='word_1_248' title='bbox 2183 927 2582 992; x_wconf 81' lang='lat' dir='ltr'>argumentum.</span> <span class='ocrx_word' id='word_1_249' title='bbox 2635 920 2889 976; x_wconf 87' lang='lat' dir='ltr'>Innititur</span> <span class='ocrx_word' id='word_1_250' title='bbox 2930 933 3113 978; x_wconf 87' lang='lat' dir='ltr'>autem</span> <span class='ocrx_word' id='word_1_251' title='bbox 3160 927 3395 998; x_wconf 78' lang='lat' dir='ltr'>vulgatae</span> <span class='ocrx_word' id='word_1_252' title='bbox 3439 933 3585 989; x_wconf 84' lang='lat' dir='ltr'>Juris</span> 
     </span>
    </p>
   </div>
   <div class='ocr_carea' id='block_1_38' title="bbox 1993 1009 3296 1084">
    <p class='ocr_par' dir='ltr' id='par_1_38' title="bbox 1993 1009 3296 1084">
     <span class='ocr_line' id='line_1_38' title="bbox 1993 1009 3296 1084; baseline 0.003 -20"><span class='ocrx_word' id='word_1_253' title='bbox 1993 1009 2190 1082; x_wconf 81' lang='lat' dir='ltr'>regulae</span> <span class='ocrx_word' id='word_1_254' title='bbox 2228 1025 2239 1062; x_wconf 91' lang='lat'>:</span> <span class='ocrx_word' id='word_1_255' title='bbox 2274 1031 2295 1058; x_wconf 85' lang='grc'>‹‹</span> <span class='ocrx_word' id='word_1_256' title='bbox 2320 1009 2628 1064; x_wconf 89' lang='lat' dir='ltr'>Posteriora</span> <span class='ocrx_word' id='word_1_257' title='bbox 2655 1010 2916 1084; x_wconf 80' lang='lat' dir='ltr'>derogant</span> <span class='ocrx_word' id='word_1_258' title='bbox 2946 1011 3232 1081; x_wconf 91' lang='lat' dir='ltr'>prioribus.</span> <span class='ocrx_word' id='word_1_259' title='bbox 3273 1037 3296 1068; x_wconf 66' lang='grc' dir='ltr'><strong>ι</strong></span> 
     </span>
    </p>
   </div>
   <div class='ocr_carea' id='block_1_39' title="bbox 2067 1097 3585 1180">
    <p class='ocr_par' dir='ltr' id='par_1_39' title="bbox 2067 1097 3585 1180">
     <span class='ocr_line' id='line_1_39' title="bbox 2067 1097 3585 1180; baseline 0.007 -27"><span class='ocrx_word' id='word_1_260' title='bbox 2067 1100 2262 1166; x_wconf 82' lang='lat' dir='ltr'>Aucta,</span> <span class='ocrx_word' id='word_1_261' title='bbox 2293 1097 2332 1153; x_wconf 92' lang='lat' dir='ltr'>i.</span> <span class='ocrx_word' id='word_1_262' title='bbox 2377 1114 2432 1154; x_wconf 51' lang='lat' dir='ltr'>e.»</span> <span class='ocrx_word' id='word_1_263' title='bbox 2460 1098 2731 1169; x_wconf 85' lang='lat' dir='ltr'>ampliata,</span> <span class='ocrx_word' id='word_1_264' title='bbox 2771 1106 2820 1154; x_wconf 91' lang='lat' dir='ltr'>et</span> <span class='ocrx_word' id='word_1_265' title='bbox 2864 1099 3023 1156; x_wconf 88' lang='lat' dir='ltr'>latius</span> <span class='ocrx_word' id='word_1_266' title='bbox 3052 1110 3288 1171; x_wconf 88' lang='lat' dir='ltr'>extensa,</span> <span class='ocrx_word' id='word_1_267' title='bbox 3333 1107 3398 1162; x_wconf 89' lang='lat' dir='ltr'>ad</span> <span class='ocrx_word' id='word_1_268' title='bbox 3432 1108 3585 1180; x_wconf 88' lang='lat' dir='ltr'>plura</span> 
     </span>
    </p>
   </div>
   <div class='ocr_carea' id='block_1_40' title="bbox 1991 1185 2498 1255">
    <p class='ocr_par' dir='ltr' id='par_1_40' title="bbox 1991 1185 2498 1255">
     <span class='ocr_line' id='line_1_40' title="bbox 1991 1185 2498 1255; baseline 0 -13"><span class='ocrx_word' id='word_1_269' title='bbox 1991 1185 2210 1255; x_wconf 88' lang='lat' dir='ltr'>objecta</span> <span class='ocrx_word' id='word_1_270' title='bbox 2228 1185 2498 1242; x_wconf 88' lang='lat' dir='ltr'>videlicet.</span> 
     </span>
    </p>
   </div>
   <div class='ocr_carea' id='block_1_41' title="bbox 2084 1275 3582 1356">
    <p class='ocr_par' dir='ltr' id='par_1_41' title="bbox 2084 1275 3582 1356">
     <span class='ocr_line' id='line_1_41' title="bbox 2084 1275 3582 1356; baseline 0.008 -24"><span class='ocrx_word' id='word_1_271' title='bbox 2084 1278 2667 1349; x_wconf 84' lang='lat' dir='ltr'>Resurrectionemque</span> <span class='ocrx_word' id='word_1_272' title='bbox 2701 1275 2841 1347; x_wconf 84' lang='lat' dir='ltr'>ejus.</span> <span class='ocrx_word' id='word_1_273' title='bbox 2873 1277 3142 1337; x_wconf 90' lang='lat' dir='ltr'>Nimirum</span> <span class='ocrx_word' id='word_1_274' title='bbox 3181 1288 3429 1356; x_wconf 89' lang='lat' dir='ltr'>tanquam</span> <span class='ocrx_word' id='word_1_275' title='bbox 3477 1302 3582 1344; x_wconf 92' lang='lat' dir='ltr'>non</span> 
     </span>
    </p>
   </div>
   <div class='ocr_carea' id='block_1_42' title="bbox 1993 1364 3118 1438">
    <p class='ocr_par' dir='ltr' id='par_1_42' title="bbox 1993 1364 3118 1438">
     <span class='ocr_line' id='line_1_42' title="bbox 1993 1364 3118 1438; baseline 0.004 -18"><span class='ocrx_word' id='word_1_276' title='bbox 1993 1365 2224 1435; x_wconf 87' lang='lat' dir='ltr'>amplius</span> <span class='ocrx_word' id='word_1_277' title='bbox 2254 1364 2483 1433; x_wconf 89' lang='lat' dir='ltr'>futuras,</span> <span class='ocrx_word' id='word_1_278' title='bbox 2523 1367 2618 1423; x_wconf 90' lang='lat' dir='ltr'>sed</span> <span class='ocrx_word' id='word_1_279' title='bbox 2645 1369 2758 1437; x_wconf 89' lang='lat' dir='ltr'>jam</span> <span class='ocrx_word' id='word_1_280' title='bbox 2801 1369 3118 1438; x_wconf 71' lang='lat' dir='ltr'>praeteritas.</span> 
     </span>
    </p>
   </div>
   <div class='ocr_carea' id='block_1_43' title="bbox 2065 1454 3259 1530">
    <p class='ocr_par' dir='ltr' id='par_1_43' title="bbox 2065 1454 3259 1530">
     <span class='ocr_line' id='line_1_43' title="bbox 2065 1454 3259 1530; baseline 0.004 -20"><span class='ocrx_word' id='word_1_281' title='bbox 2065 1455 2450 1525; x_wconf 88' lang='lat' dir='ltr'>Sacramenta,</span> <span class='ocrx_word' id='word_1_282' title='bbox 2500 1454 2542 1509; x_wconf 93' lang='lat' dir='ltr'>i.</span> <span class='ocrx_word' id='word_1_283' title='bbox 2573 1471 2620 1511; x_wconf 90' lang='lat' dir='ltr'>e.</span> <span class='ocrx_word' id='word_1_284' title='bbox 2661 1459 2944 1530; x_wconf 80' lang='lat' dir='ltr'>mysterio,</span> <span class='ocrx_word' id='word_1_285' title='bbox 2977 1474 3072 1515; x_wconf 91' lang='lat' dir='ltr'>seu</span> <span class='ocrx_word' id='word_1_286' title='bbox 3109 1461 3259 1529; x_wconf 80' lang='lat' dir='ltr'>ﬁdei.</span> 
     </span>
    </p>
   </div>
   <div class='ocr_carea' id='block_1_44' title="bbox 2066 1543 3585 1615">
    <p class='ocr_par' dir='ltr' id='par_1_44' title="bbox 2066 1543 3585 1615">
     <span class='ocr_line' id='line_1_44' title="bbox 2066 1543 3585 1615; baseline 0.008 -17"><span class='ocrx_word' id='word_1_287' title='bbox 2066 1543 2378 1615; x_wconf 85' lang='lat' dir='ltr'>Obsignatio</span> <span class='ocrx_word' id='word_1_288' title='bbox 2409 1543 2696 1614; x_wconf 85' lang='lat' dir='ltr'>baptismi.</span> <span class='ocrx_word' id='word_1_289' title='bbox 2737 1544 2832 1600; x_wconf 86' lang='lat' dir='ltr'>Hic</span> <span class='ocrx_word' id='word_1_290' title='bbox 2871 1545 3016 1602; x_wconf 90' lang='lat' dir='ltr'>enim</span> <span class='ocrx_word' id='word_1_291' title='bbox 3051 1549 3118 1602; x_wconf 89' lang='lat' dir='ltr'>ab</span> <span class='ocrx_word' id='word_1_292' title='bbox 3162 1550 3352 1605; x_wconf 90' lang='lat' dir='ltr'>eodem</span> <span class='ocrx_word' id='word_1_293' title='bbox 3384 1551 3585 1610; x_wconf 89' lang='lat' dir='ltr'>Nostro</span> 
     </span>
    </p>
   </div>
   <div class='ocr_carea' id='block_1_45' title="bbox 1991 1628 3586 1708">
    <p class='ocr_par' dir='ltr' id='par_1_45' title="bbox 1991 1628 3586 1708">
     <span class='ocr_line' id='line_1_45' title="bbox 1991 1628 3586 1708; baseline 0.009 -25"><span class='ocrx_word' id='word_1_294' title='bbox 1991 1628 2086 1684; x_wconf 91' lang='lat' dir='ltr'>lib.</span> <span class='ocrx_word' id='word_1_295' title='bbox 2117 1631 2184 1687; x_wconf 87' lang='lat' dir='ltr'>de</span> <span class='ocrx_word' id='word_1_296' title='bbox 2225 1631 2405 1703; x_wconf 79' lang='lat' dir='ltr'>Speci.</span> <span class='ocrx_word' id='word_1_297' title='bbox 2443 1647 2491 1688; x_wconf 93' lang='lat' dir='ltr'>c.</span> <span class='ocrx_word' id='word_1_298' title='bbox 2541 1633 2634 1698; x_wconf 71' lang='lat'>24,</span> <span class='ocrx_word' id='word_1_299' title='bbox 2674 1647 3027 1690; x_wconf 72' lang='lat' dir='ltr'>SIGNACULUM</span> <span class='ocrx_word' id='word_1_300' title='bbox 3065 1651 3219 1691; x_wconf 75' lang='lat' dir='ltr'>FIDE!</span> <span class='ocrx_word' id='word_1_301' title='bbox 3256 1638 3586 1708; x_wconf 87' lang='lat' dir='ltr'>appellatur.</span> 
     </span>
    </p>
   </div>
   <div class='ocr_carea' id='block_1_46' title="bbox 1990 1718 3584 1791">
    <p class='ocr_par' dir='ltr' id='par_1_46' title="bbox 1990 1718 3584 1791">
     <span class='ocr_line' id='line_1_46' title="bbox 1990 1718 3584 1791; baseline 0.006 -18"><span class='ocrx_word' id='word_1_302' title='bbox 1990 1718 2057 1774; x_wconf 87' lang='lat' dir='ltr'>Et</span> <span class='ocrx_word' id='word_1_303' title='bbox 2106 1721 2159 1774; x_wconf 91' lang='lat' dir='ltr'>in</span> <span class='ocrx_word' id='word_1_304' title='bbox 2201 1718 2296 1773; x_wconf 91' lang='lat' dir='ltr'>lib.</span> <span class='ocrx_word' id='word_1_305' title='bbox 2331 1719 2396 1775; x_wconf 90' lang='lat' dir='ltr'>de</span> <span class='ocrx_word' id='word_1_306' title='bbox 2434 1723 2643 1776; x_wconf 86' lang='lat' dir='ltr'>Paenit.</span> <span class='ocrx_word' id='word_1_307' title='bbox 2689 1737 2737 1777; x_wconf 93' lang='lat' dir='ltr'>c.</span> <span class='ocrx_word' id='word_1_308' title='bbox 2789 1720 2844 1791; x_wconf 85' lang='lat'>6,</span> <span class='ocrx_word' id='word_1_309' title='bbox 2887 1722 3004 1779; x_wconf 88' lang='lat' dir='ltr'>ait:</span> <span class='ocrx_word' id='word_1_310' title='bbox 3063 1742 3087 1776; x_wconf 83' lang='grc'><strong><em>‹</em></strong></span> <span class='ocrx_word' id='word_1_311' title='bbox 3122 1725 3423 1783; x_wconf 86' lang='lat' dir='ltr'>Lavacrum</span> <span class='ocrx_word' id='word_1_312' title='bbox 3453 1728 3584 1786; x_wconf 80' lang='lat' dir='ltr'>illud</span> 
     </span>
    </p>
   </div>
   <div class='ocr_carea' id='block_1_47' title="bbox 1991 1807 3582 1888">
    <p class='ocr_par' dir='ltr' id='par_1_47' title="bbox 1991 1807 3582 1888">
     <span class='ocr_line' id='line_1_47' title="bbox 1991 1807 3582 1888; baseline 0.008 -26"><span class='ocrx_word' id='word_1_313' title='bbox 1991 1808 2293 1880; x_wconf 80' lang='lat' dir='ltr'>obsignatio</span> <span class='ocrx_word' id='word_1_314' title='bbox 2346 1817 2429 1865; x_wconf 89' lang='lat' dir='ltr'>est</span> <span class='ocrx_word' id='word_1_315' title='bbox 2479 1807 2624 1874; x_wconf 91' lang='lat' dir='ltr'>ﬁdei,</span> <span class='ocrx_word' id='word_1_316' title='bbox 2663 1831 2685 1858; x_wconf 75' lang='grc' dir='ltr'><strong><em>υ</em></strong></span> <span class='ocrx_word' id='word_1_317' title='bbox 2721 1817 2773 1865; x_wconf 90' lang='lat' dir='ltr'>et</span> <span class='ocrx_word' id='word_1_318' title='bbox 2812 1810 2892 1865; x_wconf 89' lang='lat' dir='ltr'>sic</span> <span class='ocrx_word' id='word_1_319' title='bbox 2936 1810 3094 1866; x_wconf 91' lang='lat' dir='ltr'>etiam</span> <span class='ocrx_word' id='word_1_320' title='bbox 3139 1811 3273 1869; x_wconf 88' lang='lat' dir='ltr'>ﬁdes</span> <span class='ocrx_word' id='word_1_321' title='bbox 3303 1816 3582 1888; x_wconf 57' lang='grc' dir='ltr'>Μοίρι-οδε</span> 
     </span>
    </p>
   </div>
   <div class='ocr_carea' id='block_1_48' title="bbox 1983 1895 3582 1969">
    <p class='ocr_par' dir='ltr' id='par_1_48' title="bbox 1983 1895 3582 1969">
     <span class='ocr_line' id='line_1_48' title="bbox 1983 1895 3582 1969; baseline 0.006 -17"><span class='ocrx_word' id='word_1_322' title='bbox 1983 1905 2066 1952; x_wconf 90' lang='lat' dir='ltr'>est</span> <span class='ocrx_word' id='word_1_323' title='bbox 2112 1895 2427 1969; x_wconf 81' lang='lat' dir='ltr'>obsignatio</span> <span class='ocrx_word' id='word_1_324' title='bbox 2472 1897 2722 1967; x_wconf 89' lang='lat' dir='ltr'>baptismi</span> <span class='ocrx_word' id='word_1_325' title='bbox 2753 1915 2768 1967; x_wconf 91' lang='lat'><strong>;</strong></span> <span class='ocrx_word' id='word_1_326' title='bbox 2796 1913 2938 1969; x_wconf 91' lang='lat' dir='ltr'>nam,</span> <span class='ocrx_word' id='word_1_327' title='bbox 2983 1908 3044 1955; x_wconf 94' lang='lat' dir='ltr'>ut</span> <span class='ocrx_word' id='word_1_328' title='bbox 3073 1899 3130 1955; x_wconf 92' lang='lat' dir='ltr'>S.</span> <span class='ocrx_word' id='word_1_329' title='bbox 3181 1903 3344 1958; x_wconf 87' lang='lat' dir='ltr'>Basil.</span> <span class='ocrx_word' id='word_1_330' title='bbox 3389 1906 3454 1962; x_wconf 85' lang='lat' dir='ltr'>in</span> <span class='ocrx_word' id='word_1_331' title='bbox 3488 1907 3582 1963; x_wconf 87' lang='lat' dir='ltr'>lib.</span> 
     </span>
    </p>
   </div>
   <div class='ocr_carea' id='block_1_49' title="bbox 1983 1985 3584 2064">
    <p class='ocr_par' dir='ltr' id='par_1_49' title="bbox 1983 1985 3584 2064">
     <span class='ocr_line' id='line_1_49' title="bbox 1983 1985 3584 2064; baseline 0.005 -24"><span class='ocrx_word' id='word_1_332' title='bbox 1983 1985 2050 2040; x_wconf 89' lang='lat' dir='ltr'>de</span> <span class='ocrx_word' id='word_1_333' title='bbox 2080 1985 2279 2058; x_wconf 89' lang='lat' dir='ltr'>Spirit.</span> <span class='ocrx_word' id='word_1_334' title='bbox 2322 1986 2377 2042; x_wconf 91' lang='lat' dir='ltr'>S.</span> <span class='ocrx_word' id='word_1_335' title='bbox 2414 1985 2485 2040; x_wconf 89' lang='lat' dir='ltr'>ad</span> <span class='ocrx_word' id='word_1_336' title='bbox 2513 1985 2756 2057; x_wconf 87' lang='lat' dir='ltr'>A-mphil.</span> <span class='ocrx_word' id='word_1_337' title='bbox 2795 2002 2841 2042; x_wconf 93' lang='lat' dir='ltr'>c.</span> <span class='ocrx_word' id='word_1_338' title='bbox 2873 1990 2958 2054; x_wconf 78' lang='grc'>12,</span> <span class='ocrx_word' id='word_1_339' title='bbox 2993 1987 3068 2043; x_wconf 90' lang='lat' dir='ltr'>ait</span> <span class='ocrx_word' id='word_1_340' title='bbox 3103 2007 3116 2043; x_wconf 93' lang='lat'>:</span> <span class='ocrx_word' id='word_1_341' title='bbox 3154 2011 3175 2038; x_wconf 81' lang='grc' dir='ltr'>α</span> <span class='ocrx_word' id='word_1_342' title='bbox 3239 1990 3398 2047; x_wconf 88' lang='lat' dir='ltr'>Fides</span> <span class='ocrx_word' id='word_1_343' title='bbox 3457 2009 3584 2064; x_wconf 84' lang='lat' dir='ltr'>per-</span> 
     </span>
    </p>
   </div>
   <div class='ocr_carea' id='block_1_50' title="bbox 1982 2071 3584 2145">
    <p class='ocr_par' dir='ltr' id='par_1_50' title="bbox 1982 2071 3584 2145">
     <span class='ocr_line' id='line_1_50' title="bbox 1982 2071 3584 2145; baseline 0.007 -19"><span class='ocrx_word' id='word_1_344' title='bbox 1982 2071 2156 2126; x_wconf 87' lang='lat' dir='ltr'>ﬁcitur</span> <span class='ocrx_word' id='word_1_345' title='bbox 2184 2089 2281 2143; x_wconf 88' lang='lat' dir='ltr'>per</span> <span class='ocrx_word' id='word_1_346' title='bbox 2334 2073 2681 2143; x_wconf 88' lang='lat' dir='ltr'>baptismum,</span> <span class='ocrx_word' id='word_1_347' title='bbox 2715 2074 3021 2145; x_wconf 88' lang='lat' dir='ltr'>baptismus</span> <span class='ocrx_word' id='word_1_348' title='bbox 3049 2092 3180 2134; x_wconf 91' lang='lat' dir='ltr'>vero</span> <span class='ocrx_word' id='word_1_349' title='bbox 3235 2078 3584 2137; x_wconf 84' lang='lat' dir='ltr'>fundamento</span> 
     </span>
    </p>
   </div>
   <div class='ocr_carea' id='block_1_51' title="bbox 1983 2158 3576 2242">
    <p class='ocr_par' dir='ltr' id='par_1_51' title="bbox 1983 2158 3576 2242">
     <span class='ocr_line' id='line_1_51' title="bbox 1983 2158 3576 2242; baseline 0.008 -29"><span class='ocrx_word' id='word_1_350' title='bbox 1983 2158 2108 2215; x_wconf 86' lang='lat' dir='ltr'>ﬁdei</span> <span class='ocrx_word' id='word_1_351' title='bbox 2166 2161 2369 2229; x_wconf 85' lang='lat' dir='ltr'>nititur,</span> <span class='ocrx_word' id='word_1_352' title='bbox 2403 2180 2431 2212; x_wconf 76' lang='grc'>»</span> <span class='ocrx_word' id='word_1_353' title='bbox 2465 2171 2570 2216; x_wconf 91' lang='lat' dir='ltr'>etc.</span> <span class='ocrx_word' id='word_1_354' title='bbox 2633 2162 2762 2218; x_wconf 69' lang='lat' dir='ltr'>Sed-</span> <span class='ocrx_word' id='word_1_355' title='bbox 2795 2172 2846 2217; x_wconf 89' lang='lat' dir='ltr'>et</span> <span class='ocrx_word' id='word_1_356' title='bbox 2902 2164 2958 2218; x_wconf 91' lang='lat' dir='ltr'>in</span> <span class='ocrx_word' id='word_1_357' title='bbox 3015 2165 3111 2221; x_wconf 91' lang='lat' dir='ltr'>lib.</span> <span class='ocrx_word' id='word_1_358' title='bbox 3167 2182 3233 2222; x_wconf 91' lang='grc' dir='ltr'>ιιι</span> <span class='ocrx_word' id='word_1_359' title='bbox 3292 2168 3358 2223; x_wconf 91' lang='lat' dir='ltr'>de</span> <span class='ocrx_word' id='word_1_360' title='bbox 3426 2170 3576 2242; x_wconf 84' lang='lat' dir='ltr'>Spir.</span> 
     </span>
    </p>
   </div>
   <div class='ocr_carea' id='block_1_52' title="bbox 1985 2248 3580 2330">
    <p class='ocr_par' dir='ltr' id='par_1_52' title="bbox 1985 2248 3580 2330">
     <span class='ocr_line' id='line_1_52' title="bbox 1985 2248 3580 2330; baseline 0.005 -26"><span class='ocrx_word' id='word_1_361' title='bbox 1985 2249 2040 2304; x_wconf 91' lang='lat' dir='ltr'>S.</span> <span class='ocrx_word' id='word_1_362' title='bbox 2072 2248 2198 2304; x_wconf 85' lang='lat' dir='ltr'>adv.</span> <span class='ocrx_word' id='word_1_363' title='bbox 2224 2253 2462 2305; x_wconf 88' lang='lat' dir='ltr'>Eunom.</span> <span class='ocrx_word' id='word_1_364' title='bbox 2485 2251 2813 2321; x_wconf 87' lang='lat' dir='ltr'>Baptismum</span> <span class='ocrx_word' id='word_1_365' title='bbox 2846 2268 3104 2310; x_wconf 78' lang='lat' dir='ltr'>SIGILLUM</span> <span class='ocrx_word' id='word_1_366' title='bbox 3133 2271 3286 2310; x_wconf 75' lang='lat' dir='ltr'>rmm</span> <span class='ocrx_word' id='word_1_367' title='bbox 3325 2260 3580 2330; x_wconf 87' lang='lat' dir='ltr'>appellat,</span> 
     </span>
    </p>
   </div>
   <div class='ocr_carea' id='block_1_53' title="bbox 2066 2339 3582 2417">
    <p class='ocr_par' dir='ltr' id='par_1_53' title="bbox 2066 2339 3582 2417">
     <span class='ocr_line' id='line_1_53' title="bbox 2066 2339 3582 2417; baseline 0.006 -24"><span class='ocrx_word' id='word_1_368' title='bbox 2066 2339 2463 2393; x_wconf 84' lang='lat' dir='ltr'>Vestimentum</span> <span class='ocrx_word' id='word_1_369' title='bbox 2509 2340 2788 2409; x_wconf 89' lang='lat' dir='ltr'>quoddam</span> <span class='ocrx_word' id='word_1_370' title='bbox 2816 2341 2968 2409; x_wconf 76' lang='lat' dir='ltr'>ﬁdei.</span> <span class='ocrx_word' id='word_1_371' title='bbox 3013 2343 3103 2397; x_wconf 90' lang='lat' dir='ltr'>Sic</span> <span class='ocrx_word' id='word_1_372' title='bbox 3141 2343 3197 2398; x_wconf 93' lang='lat' dir='ltr'>S.</span> <span class='ocrx_word' id='word_1_373' title='bbox 3230 2345 3402 2417; x_wconf 82' lang='lat' dir='ltr'>Greg.</span> <span class='ocrx_word' id='word_1_374' title='bbox 3451 2348 3582 2402; x_wconf 90' lang='lat' dir='ltr'>Naz.</span> 
     </span>
    </p>
   </div>
   <div class='ocr_carea' id='block_1_54' title="bbox 1980 2425 3587 2504">
    <p class='ocr_par' dir='ltr' id='par_1_54' title="bbox 1980 2425 3587 2504">
     <span class='ocr_line' id='line_1_54' title="bbox 1980 2425 3587 2504; baseline 0.003 -23"><span class='ocrx_word' id='word_1_375' title='bbox 1980 2427 2044 2482; x_wconf 84' lang='lat' dir='ltr'>in</span> <span class='ocrx_word' id='word_1_376' title='bbox 2085 2425 2235 2481; x_wconf 89' lang='lat' dir='ltr'>Orat.</span> <span class='ocrx_word' id='word_1_377' title='bbox 2268 2428 2335 2480; x_wconf 82' lang='grc'>40</span> <span class='ocrx_word' id='word_1_378' title='bbox 2393 2426 2459 2481; x_wconf 91' lang='lat' dir='ltr'>de</span> <span class='ocrx_word' id='word_1_379' title='bbox 2507 2429 2665 2498; x_wconf 87' lang='lat' dir='ltr'>Bapt.</span> <span class='ocrx_word' id='word_1_380' title='bbox 2719 2428 2822 2482; x_wconf 90' lang='lat' dir='ltr'>hoc</span> <span class='ocrx_word' id='word_1_381' title='bbox 2876 2427 3282 2486; x_wconf 88' lang='lat' dir='ltr'>Sacramentum</span> <span class='ocrx_word' id='word_1_382' title='bbox 3315 2431 3587 2504; x_wconf 79' lang='grc' dir='ltr'>ἀφθαρσίας</span> 
     </span>
    </p>
   </div>
   <div class='ocr_carea' id='block_1_55' title="bbox 1983 2515 3583 2594">
    <p class='ocr_par' dir='ltr' id='par_1_55' title="bbox 1983 2515 3583 2594">
     <span class='ocr_line' id='line_1_55' title="bbox 1983 2515 3583 2594; baseline 0.009 -30"><span class='ocrx_word' id='word_1_383' title='bbox 1983 2515 2181 2585; x_wconf 77' lang='grc' dir='ltr'>ἔνδυμα,</span> <span class='ocrx_word' id='word_1_384' title='bbox 2235 2515 2684 2586; x_wconf 87' lang='lat' dir='ltr'>incorruptionis</span> <span class='ocrx_word' id='word_1_385' title='bbox 2731 2517 3156 2584; x_wconf 86' lang='lat' dir='ltr'>indumentum,</span> <span class='ocrx_word' id='word_1_386' title='bbox 3193 2520 3445 2590; x_wconf 88' lang='lat' dir='ltr'>appellat,</span> <span class='ocrx_word' id='word_1_387' title='bbox 3465 2540 3583 2594; x_wconf 92' lang='lat' dir='ltr'>ceu,</span> 
     </span>
    </p>
   </div>
   <div class='ocr_carea' id='block_1_56' title="bbox 1980 2602 3585 2680">
    <p class='ocr_par' dir='ltr' id='par_1_56' title="bbox 1980 2602 3585 2680">
     <span class='ocr_line' id='line_1_56' title="bbox 1980 2602 3585 2680; baseline 0.001 -23"><span class='ocrx_word' id='word_1_388' title='bbox 1980 2613 2037 2657; x_wconf 91' lang='lat' dir='ltr'>ut</span> <span class='ocrx_word' id='word_1_389' title='bbox 2065 2602 2230 2674; x_wconf 89' lang='lat' dir='ltr'>paulo</span> <span class='ocrx_word' id='word_1_390' title='bbox 2280 2608 2407 2672; x_wconf 92' lang='lat' dir='ltr'>post</span> <span class='ocrx_word' id='word_1_391' title='bbox 2455 2603 2728 2674; x_wconf 77' lang='lat' dir='ltr'>loquitur,</span> <span class='ocrx_word' id='word_1_392' title='bbox 2786 2603 3014 2673; x_wconf 78' lang='grc' dir='ltr'>αἰσχύνης</span> <span class='ocrx_word' id='word_1_393' title='bbox 3068 2607 3302 2678; x_wconf 78' lang='grc' dir='ltr'>κάλυμμα</span> <span class='ocrx_word' id='word_1_394' title='bbox 3351 2612 3585 2680; x_wconf 79' lang='lat' dir='ltr'>ignomi-</span> 
     </span>
    </p>
   </div>
   <div class='ocr_carea' id='block_1_57' title="bbox 1979 2691 3579 2767">
    <p class='ocr_par' dir='ltr' id='par_1_57' title="bbox 1979 2691 3579 2767">
     <span class='ocr_line' id='line_1_57' title="bbox 1979 2691 3579 2767; baseline 0.005 -23"><span class='ocrx_word' id='word_1_395' title='bbox 1979 2693 2093 2747; x_wconf 82' lang='lat' dir='ltr'>niae</span> <span class='ocrx_word' id='word_1_396' title='bbox 2120 2692 2522 2748; x_wconf 87' lang='lat' dir='ltr'>velamentum.</span> <span class='ocrx_word' id='word_1_397' title='bbox 2541 2691 2644 2746; x_wconf 90' lang='lat' dir='ltr'>Sed</span> <span class='ocrx_word' id='word_1_398' title='bbox 2665 2702 2719 2746; x_wconf 90' lang='lat' dir='ltr'>et</span> <span class='ocrx_word' id='word_1_399' title='bbox 2738 2692 2793 2746; x_wconf 90' lang='lat' dir='ltr'>S.</span> <span class='ocrx_word' id='word_1_400' title='bbox 2819 2692 3053 2761; x_wconf 86' lang='lat' dir='ltr'>Cyrillus</span> <span class='ocrx_word' id='word_1_401' title='bbox 3082 2694 3579 2767; x_wconf 85' lang='lat' dir='ltr'>Hierosolymitan.,</span> 
     </span>
    </p>
   </div>
   <div class='ocr_carea' id='block_1_58' title="bbox 1979 2779 3571 2855">
    <p class='ocr_par' dir='ltr' id='par_1_58' title="bbox 1979 2779 3571 2855">
     <span class='ocr_line' id='line_1_58' title="bbox 1979 2779 3571 2855; baseline 0.006 -21"><span class='ocrx_word' id='word_1_402' title='bbox 1979 2781 2386 2836; x_wconf 87' lang='lat' dir='ltr'>vestimentum</span> <span class='ocrx_word' id='word_1_403' title='bbox 2444 2779 2750 2835; x_wconf 81' lang='lat' dir='ltr'>candidum</span> <span class='ocrx_word' id='word_1_404' title='bbox 2796 2781 3048 2849; x_wconf 88' lang='lat' dir='ltr'>appellat,</span> <span class='ocrx_word' id='word_1_405' title='bbox 3091 2797 3122 2836; x_wconf 90' lang='lat' dir='ltr'>a</span> <span class='ocrx_word' id='word_1_406' title='bbox 3175 2785 3408 2841; x_wconf 89' lang='lat' dir='ltr'>candore</span> <span class='ocrx_word' id='word_1_407' title='bbox 3462 2788 3571 2855; x_wconf 90' lang='lat' dir='ltr'>illo,</span> 
     </span>
    </p>
   </div>
   <div class='ocr_carea' id='block_1_59' title="bbox 1977 2867 3578 2943">
    <p class='ocr_par' dir='ltr' id='par_1_59' title="bbox 1977 2867 3578 2943">
     <span class='ocr_line' id='line_1_59' title="bbox 1977 2867 3578 2943; baseline 0.007 -23"><span class='ocrx_word' id='word_1_408' title='bbox 1977 2883 2137 2940; x_wconf 88' lang='lat' dir='ltr'>quem</span> <span class='ocrx_word' id='word_1_409' title='bbox 2182 2868 2422 2922; x_wconf 90' lang='lat' dir='ltr'>abstersa</span> <span class='ocrx_word' id='word_1_410' title='bbox 2468 2878 2808 2937; x_wconf 86' lang='lat' dir='ltr'>peccatorum</span> <span class='ocrx_word' id='word_1_411' title='bbox 2838 2867 3065 2940; x_wconf 81' lang='lat' dir='ltr'>fuligine</span> <span class='ocrx_word' id='word_1_412' title='bbox 3122 2871 3325 2928; x_wconf 88' lang='lat' dir='ltr'>inducit</span> <span class='ocrx_word' id='word_1_413' title='bbox 3361 2876 3578 2943; x_wconf 71' lang='lat' dir='ltr'>animae,</span> 
     </span>
    </p>
   </div>
   <div class='ocr_carea' id='block_1_60' title="bbox 1978 2954 3568 3026">
    <p class='ocr_par' dir='ltr' id='par_1_60' title="bbox 1978 2954 3568 3026">
     <span class='ocr_line' id='line_1_60' title="bbox 1978 2954 3568 3026; baseline 0.006 -17"><span class='ocrx_word' id='word_1_414' title='bbox 1978 2963 2090 3010; x_wconf 92' lang='lat' dir='ltr'>tum</span> <span class='ocrx_word' id='word_1_415' title='bbox 2120 2971 2151 3010; x_wconf 88' lang='lat' dir='ltr'>a</span> <span class='ocrx_word' id='word_1_416' title='bbox 2179 2957 2285 3010; x_wconf 90' lang='lat' dir='ltr'>ritu</span> <span class='ocrx_word' id='word_1_417' title='bbox 2332 2955 2428 3010; x_wconf 94' lang='lat' dir='ltr'>illo</span> <span class='ocrx_word' id='word_1_418' title='bbox 2455 2970 2563 3026; x_wconf 89' lang='lat' dir='ltr'>quo</span> <span class='ocrx_word' id='word_1_419' title='bbox 2592 2954 2843 3026; x_wconf 88' lang='lat' dir='ltr'>baptizati</span> <span class='ocrx_word' id='word_1_420' title='bbox 2876 2972 2999 3012; x_wconf 89' lang='lat' dir='ltr'>mox</span> <span class='ocrx_word' id='word_1_421' title='bbox 3032 2963 3181 3016; x_wconf 88' lang='lat' dir='ltr'>veste</span> <span class='ocrx_word' id='word_1_422' title='bbox 3207 2963 3450 3020; x_wconf 87' lang='lat' dir='ltr'>candida</span> <span class='ocrx_word' id='word_1_423' title='bbox 3489 2964 3568 3019; x_wconf 83' lang='lat' dir='ltr'>in-</span> 
     </span>
    </p>
   </div>
   <div class='ocr_carea' id='block_1_61' title="bbox 273 3044 3570 3125">
    <p class='ocr_par' dir='ltr' id='par_1_61' title="bbox 273 3044 3570 3125">
     <span class='ocr_line' id='line_1_61' title="bbox 273 3044 3570 3125; baseline 0.001 -20"><span class='ocrx_word' id='word_1_424' title='bbox 273 3053 380 3106; x_wconf 88' lang='lat' dir='ltr'>tim</span> <span class='ocrx_word' id='word_1_425' title='bbox 401 3050 614 3106; x_wconf 86' lang='lat' dir='ltr'>relictis</span> <span class='ocrx_word' id='word_1_426' title='bbox 634 3047 843 3104; x_wconf 85' lang='lat' dir='ltr'>retibus</span> <span class='ocrx_word' id='word_1_427' title='bbox 869 3049 925 3102; x_wconf 87' lang='lat' dir='ltr'>et</span> <span class='ocrx_word' id='word_1_428' title='bbox 945 3049 1130 3118; x_wconf 82' lang='lat' dir='ltr'>patre,</span> <span class='ocrx_word' id='word_1_429' title='bbox 1161 3047 1339 3104; x_wconf 86' lang='lat' dir='ltr'>secuti</span> <span class='ocrx_word' id='word_1_430' title='bbox 1363 3048 1498 3102; x_wconf 88' lang='lat' dir='ltr'>sunt</span> <span class='ocrx_word' id='word_1_431' title='bbox 1543 3061 1690 3100; x_wconf 90' lang='lat' dir='ltr'>eum.</span> <span class='ocrx_word' id='word_1_432' title='bbox 1713 3044 1870 3109; x_wconf 91' lang='lat' dir='ltr'>Ibid.,</span> <span class='ocrx_word' id='word_1_433' title='bbox 1906 3047 1948 3125; x_wconf 73' lang='grc' dir='ltr'>ο</span> <span class='ocrx_word' id='word_1_434' title='bbox 1974 3044 2299 3109; x_wconf 90' lang='lat' dir='ltr'>duebantur,</span> <span class='ocrx_word' id='word_1_435' title='bbox 2332 3044 2579 3098; x_wconf 90' lang='lat' dir='ltr'>eamdem</span> <span class='ocrx_word' id='word_1_436' title='bbox 2629 3059 2723 3114; x_wconf 90' lang='lat' dir='ltr'>per</span> <span class='ocrx_word' id='word_1_437' title='bbox 2770 3054 2979 3100; x_wconf 91' lang='lat' dir='ltr'>certum</span> <span class='ocrx_word' id='word_1_438' title='bbox 3021 3054 3236 3117; x_wconf 89' lang='lat' dir='ltr'>tempus</span> <span class='ocrx_word' id='word_1_439' title='bbox 3293 3053 3570 3121; x_wconf 83' lang='lat' dir='ltr'>gestaturi,</span> 
     </span>
    </p>
   </div>
   <div class='ocr_carea' id='block_1_62' title="bbox 267 3135 1858 3205">
    <p class='ocr_par' dir='ltr' id='par_1_62' title="bbox 267 3135 1858 3205">
     <span class='ocr_line' id='line_1_62' title="bbox 267 3135 1858 3205; baseline -0.004 -12"><span class='ocrx_word' id='word_1_440' title='bbox 267 3154 328 3205; x_wconf 82' lang='grc' dir='ltr'>ν,</span> <span class='ocrx_word' id='word_1_441' title='bbox 362 3141 449 3192; x_wconf 80' lang='lat'>9.2.</span> <span class='ocrx_word' id='word_1_442' title='bbox 480 3135 623 3205; x_wconf 88' lang='lat' dir='ltr'>Quin</span> <span class='ocrx_word' id='word_1_443' title='bbox 663 3146 717 3192; x_wconf 90' lang='lat' dir='ltr'>et</span> <span class='ocrx_word' id='word_1_444' title='bbox 752 3138 998 3192; x_wconf 87' lang='lat' dir='ltr'>matrem</span> <span class='ocrx_word' id='word_1_445' title='bbox 1035 3135 1194 3190; x_wconf 91' lang='lat' dir='ltr'>simul</span> <span class='ocrx_word' id='word_1_446' title='bbox 1234 3135 1578 3204; x_wconf 89' lang='lat' dir='ltr'>reliquerant,</span> <span class='ocrx_word' id='word_1_447' title='bbox 1604 3149 1726 3205; x_wconf 86' lang='lat' dir='ltr'>quae</span> <span class='ocrx_word' id='word_1_448' title='bbox 1754 3149 1858 3203; x_wconf 90' lang='lat' dir='ltr'>po-</span> 
     </span>
    </p>
   </div>
   <div class='ocr_carea' id='block_1_63' title="bbox 1973 3130 3571 3207">
    <p class='ocr_par' dir='ltr' id='par_1_63' title="bbox 1973 3130 3571 3207">
     <span class='ocr_line' id='line_1_63' title="bbox 1973 3130 3571 3207; baseline 0.005 -20"><span class='ocrx_word' id='word_1_449' title='bbox 1973 3133 2108 3187; x_wconf 88' lang='lat' dir='ltr'>sicut</span> <span class='ocrx_word' id='word_1_450' title='bbox 2164 3131 2460 3188; x_wconf 87' lang='lat' dir='ltr'>etiamnum</span> <span class='ocrx_word' id='word_1_451' title='bbox 2493 3138 2600 3186; x_wconf 90' lang='lat' dir='ltr'>tum</span> <span class='ocrx_word' id='word_1_452' title='bbox 2657 3130 2712 3185; x_wconf 90' lang='lat' dir='ltr'>in</span> <span class='ocrx_word' id='word_1_453' title='bbox 2769 3132 3042 3202; x_wconf 89' lang='lat' dir='ltr'>baptismo</span> <span class='ocrx_word' id='word_1_454' title='bbox 3099 3136 3411 3207; x_wconf 86' lang='lat' dir='ltr'>infantium,</span> <span class='ocrx_word' id='word_1_455' title='bbox 3461 3149 3571 3195; x_wconf 90' lang='lat' dir='ltr'>tum</span> 
     </span>
    </p>
   </div>
   <div class='ocr_carea' id='block_1_64' title="bbox 267 3221 3558 3298">
    <p class='ocr_par' dir='ltr' id='par_1_64' title="bbox 267 3221 3558 3298">
     <span class='ocr_line' id='line_1_64' title="bbox 267 3221 3558 3298; baseline 0.002 -19"><span class='ocrx_word' id='word_1_456' title='bbox 267 3235 386 3281; x_wconf 87' lang='lat' dir='ltr'>stea</span> <span class='ocrx_word' id='word_1_457' title='bbox 419 3226 606 3280; x_wconf 77' lang='lat' dir='ltr'>Matth.</span> <span class='ocrx_word' id='word_1_458' title='bbox 663 3239 766 3287; x_wconf 86' lang='lat' dir='ltr'>xx,</span> <span class='ocrx_word' id='word_1_459' title='bbox 818 3226 906 3291; x_wconf 87' lang='lat'>20,</span> <span class='ocrx_word' id='word_1_460' title='bbox 950 3232 1228 3292; x_wconf 87' lang='lat' dir='ltr'>tant0pere</span> <span class='ocrx_word' id='word_1_461' title='bbox 1285 3223 1425 3278; x_wconf 90' lang='lat' dir='ltr'>circa</span> <span class='ocrx_word' id='word_1_462' title='bbox 1468 3221 1595 3276; x_wconf 86' lang='lat' dir='ltr'>illus</span> <span class='ocrx_word' id='word_1_463' title='bbox 1639 3221 1863 3277; x_wconf 90' lang='lat' dir='ltr'>sollicita</span> <span class='ocrx_word' id='word_1_464' title='bbox 1967 3222 2296 3290; x_wconf 87' lang='lat' dir='ltr'>adulterum,</span> <span class='ocrx_word' id='word_1_465' title='bbox 2344 3223 2449 3277; x_wconf 90' lang='lat' dir='ltr'>hoc</span> <span class='ocrx_word' id='word_1_466' title='bbox 2503 3221 2731 3276; x_wconf 85' lang='lat' dir='ltr'>Ritualia</span> <span class='ocrx_word' id='word_1_467' title='bbox 2769 3230 2918 3278; x_wconf 85' lang='lat' dir='ltr'>certo</span> <span class='ocrx_word' id='word_1_468' title='bbox 2967 3225 3132 3280; x_wconf 90' lang='lat' dir='ltr'>modo</span> <span class='ocrx_word' id='word_1_469' title='bbox 3199 3230 3558 3298; x_wconf 80' lang='lat' dir='ltr'>praescribunt</span> 
     </span>
    </p>
   </div>
   <div class='ocr_carea' id='block_1_65' title="bbox 265 3310 1633 3383">
    <p class='ocr_par' dir='ltr' id='par_1_65' title="bbox 265 3310 1633 3383">
     <span class='ocr_line' id='line_1_65' title="bbox 265 3310 1633 3383; baseline -0.004 -14"><span class='ocrx_word' id='word_1_470' title='bbox 265 3324 387 3369; x_wconf 89' lang='lat' dir='ltr'>erat</span> <span class='ocrx_word' id='word_1_471' title='bbox 415 3313 480 3366; x_wconf 90' lang='lat' dir='ltr'>de</span> <span class='ocrx_word' id='word_1_472' title='bbox 499 3313 732 3382; x_wconf 89' lang='lat' dir='ltr'>primatu</span> <span class='ocrx_word' id='word_1_473' title='bbox 761 3310 817 3365; x_wconf 88' lang='lat' dir='ltr'>in</span> <span class='ocrx_word' id='word_1_474' title='bbox 839 3327 1008 3383; x_wconf 72' lang='lat' dir='ltr'>regno</span> <span class='ocrx_word' id='word_1_475' title='bbox 1029 3312 1292 3365; x_wconf 75' lang='lat' dir='ltr'>cmlorum</span> <span class='ocrx_word' id='word_1_476' title='bbox 1325 3310 1633 3366; x_wconf 88' lang='lat' dir='ltr'>obtinendo.</span> 
     </span>
    </p>
   </div>
   <div class='ocr_carea' id='block_1_66' title="bbox 339 3399 1853 3472">
    <p class='ocr_par' dir='ltr' id='par_1_66' title="bbox 339 3399 1853 3472">
     <span class='ocr_line' id='line_1_66' title="bbox 339 3399 1853 3472; baseline -0.002 -15"><span class='ocrx_word' id='word_1_477' title='bbox 339 3404 624 3472; x_wconf 72' lang='lat' dir='ltr'>Despexit.</span> <span class='ocrx_word' id='word_1_478' title='bbox 647 3402 797 3456; x_wconf 83' lang='lat' dir='ltr'>Hunc</span> <span class='ocrx_word' id='word_1_479' title='bbox 825 3401 994 3457; x_wconf 89' lang='lat' dir='ltr'>Clem.</span> <span class='ocrx_word' id='word_1_480' title='bbox 1028 3400 1319 3455; x_wconf 82' lang='lat' dir='ltr'>Alexandr.</span> <span class='ocrx_word' id='word_1_481' title='bbox 1352 3400 1447 3456; x_wconf 93' lang='lat' dir='ltr'>lib.</span> <span class='ocrx_word' id='word_1_482' title='bbox 1483 3415 1542 3454; x_wconf 90' lang='grc' dir='ltr'>ιιι</span> <span class='ocrx_word' id='word_1_483' title='bbox 1571 3399 1624 3452; x_wconf 91' lang='lat' dir='ltr'>in</span> <span class='ocrx_word' id='word_1_484' title='bbox 1648 3400 1853 3455; x_wconf 83' lang='lat' dir='ltr'>Strom.</span> 
     </span>
    </p>
   </div>
   <div class='ocr_carea' id='block_1_67' title="bbox 265 3487 1856 3561">
    <p class='ocr_par' dir='ltr' id='par_1_67' title="bbox 265 3487 1856 3561">
     <span class='ocr_line' id='line_1_67' title="bbox 265 3487 1856 3561; baseline -0.002 -16"><span class='ocrx_word' id='word_1_485' title='bbox 265 3489 493 3545; x_wconf 88' lang='lat' dir='ltr'>credidit</span> <span class='ocrx_word' id='word_1_486' title='bbox 522 3489 686 3544; x_wconf 82' lang='lat' dir='ltr'>fuisse</span> <span class='ocrx_word' id='word_1_487' title='bbox 709 3490 766 3545; x_wconf 93' lang='lat' dir='ltr'>S.</span> <span class='ocrx_word' id='word_1_488' title='bbox 804 3487 1112 3559; x_wconf 85' lang='lat' dir='ltr'>Philippum</span> <span class='ocrx_word' id='word_1_489' title='bbox 1141 3489 1464 3558; x_wconf 88' lang='lat' dir='ltr'>apostolum,</span> <span class='ocrx_word' id='word_1_490' title='bbox 1497 3489 1587 3561; x_wconf 89' lang='lat' dir='ltr'>qui</span> <span class='ocrx_word' id='word_1_491' title='bbox 1628 3487 1856 3542; x_wconf 91' lang='lat' dir='ltr'>Domino</span> 
     </span>
    </p>
   </div>
   <div class='ocr_carea' id='block_1_68' title="bbox 268 3577 1851 3648">
    <p class='ocr_par' dir='ltr' id='par_1_68' title="bbox 268 3577 1851 3648">
     <span class='ocr_line' id='line_1_68' title="bbox 268 3577 1851 3648; baseline -0.003 -14"><span class='ocrx_word' id='word_1_492' title='bbox 268 3580 486 3635; x_wconf 87' lang='lat' dir='ltr'>vocanti</span> <span class='ocrx_word' id='word_1_493' title='bbox 531 3578 710 3634; x_wconf 89' lang='lat' dir='ltr'>Matth.</span> <span class='ocrx_word' id='word_1_494' title='bbox 760 3594 881 3643; x_wconf 81' lang='lat' dir='ltr'>vui,</span> <span class='ocrx_word' id='word_1_495' title='bbox 932 3581 995 3631; x_wconf 83' lang='lat'>2-1</span> <span class='ocrx_word' id='word_1_496' title='bbox 1050 3581 1105 3631; x_wconf 87' lang='lat' dir='ltr'>et</span> <span class='ocrx_word' id='word_1_497' title='bbox 1163 3593 1280 3648; x_wconf 90' lang='lat' dir='ltr'>seq.</span> <span class='ocrx_word' id='word_1_498' title='bbox 1328 3577 1536 3632; x_wconf 86' lang='lat' dir='ltr'>aiebat:</span> <span class='ocrx_word' id='word_1_499' title='bbox 1596 3578 1851 3646; x_wconf 87' lang='lat' dir='ltr'>Domine,</span> 
     </span>
    </p>
   </div>
   <div class='ocr_carea' id='block_1_69' title="bbox 253 3667 1849 3740">
    <p class='ocr_par' dir='ltr' id='par_1_69' title="bbox 253 3667 1849 3740">
     <span class='ocr_line' id='line_1_69' title="bbox 253 3667 1849 3740; baseline -0.002 -18"><span class='ocrx_word' id='word_1_500' title='bbox 253 3669 537 3740; x_wconf 82' lang='lat' dir='ltr'>permitte</span> <span class='ocrx_word' id='word_1_501' title='bbox 550 3683 639 3722; x_wconf 89' lang='lat' dir='ltr'>me</span> <span class='ocrx_word' id='word_1_502' title='bbox 657 3668 910 3740; x_wconf 87' lang='lat' dir='ltr'>primum</span> <span class='ocrx_word' id='word_1_503' title='bbox 930 3669 1031 3730; x_wconf 85' lang='lat' dir='ltr'>ire,</span> <span class='ocrx_word' id='word_1_504' title='bbox 1056 3669 1112 3722; x_wconf 86' lang='lat' dir='ltr'>et</span> <span class='ocrx_word' id='word_1_505' title='bbox 1139 3667 1377 3737; x_wconf 85' lang='lat' dir='ltr'>sepelire</span> <span class='ocrx_word' id='word_1_506' title='bbox 1392 3671 1621 3736; x_wconf 84' lang='lat' dir='ltr'>patrem</span> <span class='ocrx_word' id='word_1_507' title='bbox 1640 3679 1849 3720; x_wconf 89' lang='lat' dir='ltr'>meum.</span> 
     </span>
    </p>
   </div>
   <div class='ocr_carea' id='block_1_70' title="bbox 255 3753 1853 3821">
    <p class='ocr_par' dir='ltr' id='par_1_70' title="bbox 255 3753 1853 3821">
     <span class='ocr_line' id='line_1_70' title="bbox 255 3753 1853 3821; baseline -0.004 -10"><span class='ocrx_word' id='word_1_508' title='bbox 255 3757 416 3811; x_wconf 88' lang='lat' dir='ltr'>Iesus</span> <span class='ocrx_word' id='word_1_509' title='bbox 455 3761 648 3811; x_wconf 89' lang='lat' dir='ltr'>autem</span> <span class='ocrx_word' id='word_1_510' title='bbox 676 3757 760 3811; x_wconf 87' lang='lat' dir='ltr'>ait</span> <span class='ocrx_word' id='word_1_511' title='bbox 788 3757 906 3810; x_wconf 86' lang='lat' dir='ltr'>illi:</span> <span class='ocrx_word' id='word_1_512' title='bbox 946 3755 1208 3816; x_wconf 74' lang='lat' dir='ltr'>Sequana</span> <span class='ocrx_word' id='word_1_513' title='bbox 1235 3769 1334 3821; x_wconf 71' lang='lat' dir='ltr'>ne,</span> <span class='ocrx_word' id='word_1_514' title='bbox 1361 3757 1416 3809; x_wconf 90' lang='lat' dir='ltr'>et</span> <span class='ocrx_word' id='word_1_515' title='bbox 1446 3753 1667 3808; x_wconf 89' lang='lat' dir='ltr'>dimitte</span> <span class='ocrx_word' id='word_1_516' title='bbox 1702 3767 1853 3809; x_wconf 87' lang='lat' dir='ltr'>mor-</span> 
     </span>
    </p>
   </div>
   <div class='ocr_carea' id='block_1_71' title="bbox 257 3838 1850 3916">
    <p class='ocr_par' dir='ltr' id='par_1_71' title="bbox 257 3838 1850 3916">
     <span class='ocr_line' id='line_1_71' title="bbox 257 3838 1850 3916; baseline -0.004 -17"><span class='ocrx_word' id='word_1_517' title='bbox 257 3849 389 3902; x_wconf 87' lang='lat' dir='ltr'>tuos</span> <span class='ocrx_word' id='word_1_518' title='bbox 419 3846 656 3916; x_wconf 85' lang='lat' dir='ltr'>sepelire</span> <span class='ocrx_word' id='word_1_519' title='bbox 683 3848 937 3900; x_wconf 90' lang='lat' dir='ltr'>mortuos</span> <span class='ocrx_word' id='word_1_520' title='bbox 967 3859 1114 3900; x_wconf 89' lang='lat' dir='ltr'>suos.</span> <span class='ocrx_word' id='word_1_521' title='bbox 1143 3843 1245 3898; x_wconf 89' lang='lat' dir='ltr'>Sed</span> <span class='ocrx_word' id='word_1_522' title='bbox 1263 3843 1391 3912; x_wconf 89' lang='lat' dir='ltr'>quid</span> <span class='ocrx_word' id='word_1_523' title='bbox 1413 3838 1552 3896; x_wconf 85' lang='lat' dir='ltr'>vetat</span> <span class='ocrx_word' id='word_1_524' title='bbox 1583 3843 1850 3911; x_wconf 83' lang='lat' dir='ltr'>integrum</span> 
     </span>
    </p>
   </div>
   <div class='ocr_carea' id='block_1_72' title="bbox 250 3929 1851 3989">
    <p class='ocr_par' dir='ltr' id='par_1_72' title="bbox 250 3929 1851 3989">
     <span class='ocr_line' id='line_1_72' title="bbox 250 3929 1851 3989; baseline -0.001 -3"><span class='ocrx_word' id='word_1_525' title='bbox 250 3933 404 3987; x_wconf 90' lang='lat' dir='ltr'>illum</span> <span class='ocrx_word' id='word_1_526' title='bbox 454 3934 675 3989; x_wconf 88' lang='lat' dir='ltr'>Tertull.</span> <span class='ocrx_word' id='word_1_527' title='bbox 728 3935 906 3988; x_wconf 91' lang='lat' dir='ltr'>locum</span> <span class='ocrx_word' id='word_1_528' title='bbox 952 3948 1018 3988; x_wconf 87' lang='lat' dir='ltr'>ex</span> <span class='ocrx_word' id='word_1_529' title='bbox 1056 3932 1146 3986; x_wconf 93' lang='lat' dir='ltr'>lib.</span> <span class='ocrx_word' id='word_1_530' title='bbox 1197 3931 1262 3988; x_wconf 91' lang='lat' dir='ltr'>de</span> <span class='ocrx_word' id='word_1_531' title='bbox 1299 3929 1487 3988; x_wconf 84' lang='lat' dir='ltr'>idolot.</span> <span class='ocrx_word' id='word_1_532' title='bbox 1535 3947 1581 3986; x_wconf 92' lang='lat' dir='ltr'>c.</span> <span class='ocrx_word' id='word_1_533' title='bbox 1653 3933 1718 3983; x_wconf 80' lang='lat' dir='ltr'>l2</span> <span class='ocrx_word' id='word_1_534' title='bbox 1762 3929 1851 3985; x_wconf 90' lang='lat' dir='ltr'>hic</span> 
     </span>
    </p>
   </div>
   <div class='ocr_carea' id='block_1_73' title="bbox 249 4017 1848 4093">
    <p class='ocr_par' dir='ltr' id='par_1_73' title="bbox 249 4017 1848 4093">
     <span class='ocr_line' id='line_1_73' title="bbox 249 4017 1848 4093; baseline -0.001 -19"><span class='ocrx_word' id='word_1_535' title='bbox 249 4028 532 4090; x_wconf 87' lang='lat' dir='ltr'>attexere,</span> <span class='ocrx_word' id='word_1_536' title='bbox 579 4021 672 4093; x_wconf 89' lang='lat' dir='ltr'>qui</span> <span class='ocrx_word' id='word_1_537' title='bbox 711 4021 872 4076; x_wconf 87' lang='lat' dir='ltr'>etiam</span> <span class='ocrx_word' id='word_1_538' title='bbox 931 4037 1092 4091; x_wconf 89' lang='lat' dir='ltr'>supra</span> <span class='ocrx_word' id='word_1_539' title='bbox 1138 4020 1381 4075; x_wconf 88' lang='lat' dir='ltr'>adductis</span> <span class='ocrx_word' id='word_1_540' title='bbox 1407 4017 1666 4087; x_wconf 85' lang='lat' dir='ltr'>exemplis</span> <span class='ocrx_word' id='word_1_541' title='bbox 1713 4032 1848 4072; x_wconf 89' lang='lat' dir='ltr'>con-</span> 
     </span>
    </p>
   </div>
   <div class='ocr_carea' id='block_1_74' title="bbox 247 4105 1845 4185">
    <p class='ocr_par' dir='ltr' id='par_1_74' title="bbox 247 4105 1845 4185">
     <span class='ocr_line' id='line_1_74' title="bbox 247 4105 1845 4185; baseline -0.003 -21"><span class='ocrx_word' id='word_1_542' title='bbox 247 4110 437 4185; x_wconf 75' lang='lat' dir='ltr'>gruit?</span> <span class='ocrx_word' id='word_1_543' title='bbox 472 4131 496 4162; x_wconf 74' lang='grc' dir='ltr'>α</span> <span class='ocrx_word' id='word_1_544' title='bbox 529 4112 670 4178; x_wconf 78' lang='lat' dir='ltr'>lam,</span> <span class='ocrx_word' id='word_1_545' title='bbox 710 4111 900 4181; x_wconf 88' lang='lat' dir='ltr'>inquit,</span> <span class='ocrx_word' id='word_1_546' title='bbox 936 4116 1061 4165; x_wconf 88' lang='lat' dir='ltr'>tunc</span> <span class='ocrx_word' id='word_1_547' title='bbox 1107 4109 1533 4165; x_wconf 90' lang='lat' dir='ltr'>demonstratum</span> <span class='ocrx_word' id='word_1_548' title='bbox 1559 4119 1638 4161; x_wconf 86' lang='lat' dir='ltr'>est</span> <span class='ocrx_word' id='word_1_549' title='bbox 1665 4105 1845 4170; x_wconf 89' lang='lat' dir='ltr'>nobis,</span> 
     </span>
    </p>
   </div>
   <div class='ocr_carea' id='block_1_75' title="bbox 243 4191 1847 4271">
    <p class='ocr_par' dir='ltr' id='par_1_75' title="bbox 243 4191 1847 4271">
     <span class='ocr_line' id='line_1_75' title="bbox 243 4191 1847 4271; baseline -0.005 -18"><span class='ocrx_word' id='word_1_550' title='bbox 243 4207 308 4253; x_wconf 87' lang='lat' dir='ltr'>et</span> <span class='ocrx_word' id='word_1_551' title='bbox 349 4198 598 4271; x_wconf 80' lang='lat' dir='ltr'>pignora,</span> <span class='ocrx_word' id='word_1_552' title='bbox 644 4208 697 4256; x_wconf 89' lang='lat' dir='ltr'>et</span> <span class='ocrx_word' id='word_1_553' title='bbox 744 4198 988 4267; x_wconf 83' lang='lat' dir='ltr'>artiﬁcia,</span> <span class='ocrx_word' id='word_1_554' title='bbox 1039 4209 1092 4253; x_wconf 90' lang='lat' dir='ltr'>et</span> <span class='ocrx_word' id='word_1_555' title='bbox 1137 4197 1353 4270; x_wconf 78' lang='lat' dir='ltr'>negotia</span> <span class='ocrx_word' id='word_1_556' title='bbox 1402 4204 1620 4265; x_wconf 91' lang='lat' dir='ltr'>pr0pter</span> <span class='ocrx_word' id='word_1_557' title='bbox 1657 4191 1847 4248; x_wconf 89' lang='lat' dir='ltr'>Domi-</span> 
     </span>
    </p>
   </div>
   <div class='ocr_carea' id='block_1_76' title="bbox 238 4281 1848 4358">
    <p class='ocr_par' dir='ltr' id='par_1_76' title="bbox 238 4281 1848 4358">
     <span class='ocr_line' id='line_1_76' title="bbox 238 4281 1848 4358; baseline -0.004 -17"><span class='ocrx_word' id='word_1_558' title='bbox 238 4303 382 4341; x_wconf 90' lang='lat' dir='ltr'>num</span> <span class='ocrx_word' id='word_1_559' title='bbox 419 4288 856 4358; x_wconf 87' lang='lat' dir='ltr'>derelinquenda,</span> <span class='ocrx_word' id='word_1_560' title='bbox 915 4303 1035 4342; x_wconf 92' lang='lat' dir='ltr'>cum</span> <span class='ocrx_word' id='word_1_561' title='bbox 1077 4285 1309 4342; x_wconf 90' lang='lat' dir='ltr'>Iacobus</span> <span class='ocrx_word' id='word_1_562' title='bbox 1343 4294 1395 4340; x_wconf 89' lang='lat' dir='ltr'>et</span> <span class='ocrx_word' id='word_1_563' title='bbox 1435 4281 1642 4338; x_wconf 76' lang='grc'><strong>1181</strong></span> <span class='ocrx_word' id='word_1_564' title='bbox 1682 4282 1848 4337; x_wconf 89' lang='lat' dir='ltr'>Joan-</span> 
     </span>
    </p>
   </div>
   <div class='ocr_carea' id='block_1_77' title="bbox 237 4369 1846 4444">
    <p class='ocr_par' dir='ltr' id='par_1_77' title="bbox 237 4369 1846 4444">
     <span class='ocr_line' id='line_1_77' title="bbox 237 4369 1846 4444; baseline -0.005 -14"><span class='ocrx_word' id='word_1_565' title='bbox 237 4391 370 4442; x_wconf 87' lang='lat' dir='ltr'>nes,</span> <span class='ocrx_word' id='word_1_566' title='bbox 402 4379 575 4433; x_wconf 87' lang='lat' dir='ltr'>vocati</span> <span class='ocrx_word' id='word_1_567' title='bbox 606 4393 638 4431; x_wconf 92' lang='lat' dir='ltr'>a</span> <span class='ocrx_word' id='word_1_568' title='bbox 668 4375 900 4432; x_wconf 90' lang='lat' dir='ltr'>Domino</span> <span class='ocrx_word' id='word_1_569' title='bbox 939 4384 996 4430; x_wconf 89' lang='lat' dir='ltr'>et</span> <span class='ocrx_word' id='word_1_570' title='bbox 1020 4379 1227 4444; x_wconf 70' lang='lat' dir='ltr'>patrem</span> <span class='ocrx_word' id='word_1_571' title='bbox 1267 4389 1565 4444; x_wconf 87' lang='lat' dir='ltr'>navemque</span> <span class='ocrx_word' id='word_1_572' title='bbox 1613 4369 1846 4426; x_wconf 90' lang='lat' dir='ltr'>derelin-</span> 
     </span>
    </p>
   </div>
   <div class='ocr_carea' id='block_1_78' title="bbox 233 4463 1848 4536">
    <p class='ocr_par' dir='ltr' id='par_1_78' title="bbox 233 4463 1848 4536">
     <span class='ocr_line' id='line_1_78' title="bbox 233 4463 1848 4536; baseline -0.005 -16"><span class='ocrx_word' id='word_1_573' title='bbox 233 4474 460 4536; x_wconf 89' lang='lat' dir='ltr'>quunt:</span> <span class='ocrx_word' id='word_1_574' title='bbox 513 4483 638 4521; x_wconf 91' lang='lat' dir='ltr'>cum</span> <span class='ocrx_word' id='word_1_575' title='bbox 686 4466 967 4522; x_wconf 68' lang='lat' dir='ltr'>Matthaeus</span> <span class='ocrx_word' id='word_1_576' title='bbox 1007 4465 1074 4520; x_wconf 91' lang='lat' dir='ltr'>de</span> <span class='ocrx_word' id='word_1_577' title='bbox 1110 4463 1345 4519; x_wconf 91' lang='lat' dir='ltr'>teolonio</span> <span class='ocrx_word' id='word_1_578' title='bbox 1374 4464 1683 4516; x_wconf 88' lang='lat' dir='ltr'>suscitatur:</span> <span class='ocrx_word' id='word_1_579' title='bbox 1725 4474 1848 4516; x_wconf 90' lang='lat' dir='ltr'>cum</span> 
     </span>
    </p>
   </div>
   <div class='ocr_carea' id='block_1_79' title="bbox 231 4549 1847 4626">
    <p class='ocr_par' dir='ltr' id='par_1_79' title="bbox 231 4549 1847 4626">
     <span class='ocr_line' id='line_1_79' title="bbox 231 4549 1847 4626; baseline -0.004 -18"><span class='ocrx_word' id='word_1_580' title='bbox 231 4553 417 4608; x_wconf 89' lang='lat' dir='ltr'>etiam</span> <span class='ocrx_word' id='word_1_581' title='bbox 454 4555 686 4626; x_wconf 88' lang='lat' dir='ltr'>sepelire</span> <span class='ocrx_word' id='word_1_582' title='bbox 732 4564 939 4624; x_wconf 90' lang='lat' dir='ltr'>patrem</span> <span class='ocrx_word' id='word_1_583' title='bbox 980 4553 1190 4607; x_wconf 89' lang='lat' dir='ltr'>tardum</span> <span class='ocrx_word' id='word_1_584' title='bbox 1230 4550 1328 4606; x_wconf 85' lang='lat' dir='ltr'>fuit</span> <span class='ocrx_word' id='word_1_585' title='bbox 1377 4549 1520 4606; x_wconf 87' lang='lat' dir='ltr'>ﬁdei.</span> <span class='ocrx_word' id='word_1_586' title='bbox 1581 4569 1604 4602; x_wconf 72' lang='grc' dir='ltr'><strong><em>ι</em></strong></span> <span class='ocrx_word' id='word_1_587' title='bbox 1655 4550 1847 4620; x_wconf 90' lang='lat' dir='ltr'>Neque</span> 
     </span>
    </p>
   </div>
   <div class='ocr_carea' id='block_1_80' title="bbox 229 4637 1846 4712">
    <p class='ocr_par' dir='ltr' id='par_1_80' title="bbox 229 4637 1846 4712">
     <span class='ocr_line' id='line_1_80' title="bbox 229 4637 1846 4712; baseline -0.002 -16"><span class='ocrx_word' id='word_1_588' title='bbox 229 4649 428 4696; x_wconf 87' lang='lat' dir='ltr'>autem</span> <span class='ocrx_word' id='word_1_589' title='bbox 464 4643 764 4712; x_wconf 79' lang='lat' dir='ltr'>paenitebit,</span> <span class='ocrx_word' id='word_1_590' title='bbox 802 4642 1066 4712; x_wconf 89' lang='lat' dir='ltr'>spondeo,</span> <span class='ocrx_word' id='word_1_591' title='bbox 1115 4641 1390 4712; x_wconf 81' lang='lat' dir='ltr'>integrum</span> <span class='ocrx_word' id='word_1_592' title='bbox 1432 4641 1533 4694; x_wconf 91' lang='lat' dir='ltr'>hoc</span> <span class='ocrx_word' id='word_1_593' title='bbox 1571 4645 1729 4709; x_wconf 90' lang='lat' dir='ltr'>caput</span> <span class='ocrx_word' id='word_1_594' title='bbox 1765 4637 1846 4692; x_wconf 87' lang='lat' dir='ltr'>le-</span> 
     </span>
    </p>
   </div>
   <div class='ocr_carea' id='block_1_81' title="bbox 230 4730 424 4804">
    <p class='ocr_par' dir='ltr' id='par_1_81' title="bbox 230 4730 424 4804">
     <span class='ocr_line' id='line_1_81' title="bbox 230 4730 424 4804; baseline 0.015 -21"><span class='ocrx_word' id='word_1_595' title='bbox 230 4730 424 4804; x_wconf 77' lang='lat' dir='ltr'>gisse.</span> 
     </span>
    </p>
   </div>
   <div class='ocr_carea' id='block_1_82' title="bbox 339 4815 1842 4890">
    <p class='ocr_par' dir='ltr' id='par_1_82' title="bbox 339 4815 1842 4890">
     <span class='ocr_line' id='line_1_82' title="bbox 339 4815 1842 4890; baseline -0.005 -16"><span class='ocrx_word' id='word_1_596' title='bbox 339 4820 514 4887; x_wconf 82' lang='lat' dir='ltr'>Quam</span> <span class='ocrx_word' id='word_1_597' title='bbox 554 4822 797 4878; x_wconf 89' lang='lat' dir='ltr'>audivit.</span> <span class='ocrx_word' id='word_1_598' title='bbox 851 4820 988 4875; x_wconf 88' lang='lat' dir='ltr'>Nam</span> <span class='ocrx_word' id='word_1_599' title='bbox 1023 4821 1134 4890; x_wconf 91' lang='lat' dir='ltr'>jam</span> <span class='ocrx_word' id='word_1_600' title='bbox 1181 4816 1384 4889; x_wconf 89' lang='lat' dir='ltr'>antea(</span> <span class='ocrx_word' id='word_1_601' title='bbox 1424 4816 1625 4872; x_wconf 89' lang='lat' dir='ltr'>scilicet</span> <span class='ocrx_word' id='word_1_602' title='bbox 1661 4815 1842 4870; x_wconf 81' lang='lat' dir='ltr'>Matth.</span> 
     </span>
    </p>
   </div>
   <div class='ocr_carea' id='block_1_83' title="bbox 216 4905 1845 4981">
    <p class='ocr_par' dir='ltr' id='par_1_83' title="bbox 216 4905 1845 4981">
     <span class='ocr_line' id='line_1_83' title="bbox 216 4905 1845 4981; baseline -0.005 -17"><span class='ocrx_word' id='word_1_603' title='bbox 216 4923 378 4976; x_wconf 79' lang='lat' dir='ltr'>vni,</span> <span class='ocrx_word' id='word_1_604' title='bbox 412 4911 472 4963; x_wconf 86' lang='lat' dir='ltr'>2t</span> <span class='ocrx_word' id='word_1_605' title='bbox 507 4910 526 4981; x_wconf 92' lang='lat'>)</span> <span class='ocrx_word' id='word_1_606' title='bbox 556 4911 798 4980; x_wconf 82' lang='lat' dir='ltr'>superior</span> <span class='ocrx_word' id='word_1_607' title='bbox 828 4910 915 4963; x_wconf 85' lang='lat' dir='ltr'>illa</span> <span class='ocrx_word' id='word_1_608' title='bbox 962 4908 1172 4965; x_wconf 89' lang='lat' dir='ltr'>vocatio</span> <span class='ocrx_word' id='word_1_609' title='bbox 1221 4906 1469 4975; x_wconf 88' lang='lat' dir='ltr'>discipuli</span> <span class='ocrx_word' id='word_1_610' title='bbox 1517 4905 1845 4977; x_wconf 80' lang='lat' dir='ltr'>contigit;at</span> 
     </span>
    </p>
   </div>
   <div class='ocr_carea' id='block_1_84' title="bbox 212 4993 1845 5071">
    <p class='ocr_par' dir='ltr' id='par_1_84' title="bbox 212 4993 1845 5071">
     <span class='ocr_line' id='line_1_84' title="bbox 212 4993 1845 5071; baseline -0.004 -19"><span class='ocrx_word' id='word_1_611' title='bbox 212 4997 476 5070; x_wconf 84' lang='lat' dir='ltr'>primum</span> <span class='ocrx_word' id='word_1_612' title='bbox 510 5002 742 5071; x_wconf 91' lang='lat' dir='ltr'>postea(</span> <span class='ocrx_word' id='word_1_613' title='bbox 793 4998 1040 5054; x_wconf 90' lang='lat' dir='ltr'>nimirum</span> <span class='ocrx_word' id='word_1_614' title='bbox 1087 4996 1281 5052; x_wconf 79' lang='lat' dir='ltr'>Matth.</span> <span class='ocrx_word' id='word_1_615' title='bbox 1315 5010 1376 5064; x_wconf 82' lang='lat' dir='ltr'>x,</span> <span class='ocrx_word' id='word_1_616' title='bbox 1425 4997 1532 5065; x_wconf 82' lang='lat'>3&#39;7)</span> <span class='ocrx_word' id='word_1_617' title='bbox 1581 4993 1845 5048; x_wconf 88' lang='lat' dir='ltr'>sententia</span> 
     </span>
    </p>
   </div>
   <div class='ocr_carea' id='block_1_85' title="bbox 208 5082 1665 5162">
    <p class='ocr_par' dir='ltr' id='par_1_85' title="bbox 208 5082 1665 5162">
     <span class='ocr_line' id='line_1_85' title="bbox 208 5082 1665 5162; baseline -0.002 -18"><span class='ocrx_word' id='word_1_618' title='bbox 208 5092 399 5144; x_wconf 77' lang='lat' dir='ltr'>haec:</span> <span class='ocrx_word' id='word_1_619' title='bbox 442 5087 552 5154; x_wconf 83' lang='lat' dir='ltr'>Qui</span> <span class='ocrx_word' id='word_1_620' title='bbox 596 5093 844 5162; x_wconf 86' lang='lat' dir='ltr'>patrem,</span> <span class='ocrx_word' id='word_1_621' title='bbox 875 5097 980 5146; x_wconf 88' lang='lat' dir='ltr'>etc.</span> <span class='ocrx_word' id='word_1_622' title='bbox 1012 5104 1044 5142; x_wconf 91' lang='lat' dir='ltr'>a</span> <span class='ocrx_word' id='word_1_623' title='bbox 1072 5087 1282 5142; x_wconf 88' lang='lat' dir='ltr'>Christo</span> <span class='ocrx_word' id='word_1_624' title='bbox 1315 5085 1521 5156; x_wconf 87' lang='lat' dir='ltr'>prolata</span> <span class='ocrx_word' id='word_1_625' title='bbox 1548 5082 1665 5141; x_wconf 88' lang='lat' dir='ltr'>fuit.</span> 
     </span>
    </p>
   </div>
   <div class='ocr_carea' id='block_1_86' title="bbox 732 5237 1372 5311">
    <p class='ocr_par' dir='ltr' id='par_1_86' title="bbox 732 5237 1372 5311">
     <span class='ocr_line' id='line_1_86' title="bbox 732 5237 1372 5311; baseline -0.011 -12"><span class='ocrx_word' id='word_1_626' title='bbox 732 5239 895 5300; x_wconf 82' lang='lat' dir='ltr'>Notae</span> <span class='ocrx_word' id='word_1_627' title='bbox 932 5239 1005 5297; x_wconf 88' lang='lat' dir='ltr'>ad</span> <span class='ocrx_word' id='word_1_628' title='bbox 1033 5241 1202 5311; x_wconf 88' lang='lat' dir='ltr'>caput</span> <span class='ocrx_word' id='word_1_629' title='bbox 1235 5237 1372 5293; x_wconf 84' lang='lat' dir='ltr'>XIII.</span> 
     </span>
    </p>
   </div>
   <div class='ocr_carea' id='block_1_87' title="bbox 313 5359 1568 5436">
    <p class='ocr_par' dir='ltr' id='par_1_87' title="bbox 313 5359 1568 5436">
     <span class='ocr_line' id='line_1_87' title="bbox 313 5359 1568 5436; baseline -0.006 -16"><span class='ocrx_word' id='word_1_630' title='bbox 313 5365 658 5431; x_wconf 87' lang='lat' dir='ltr'>Provocant,</span> <span class='ocrx_word' id='word_1_631' title='bbox 690 5364 726 5419; x_wconf 92' lang='lat' dir='ltr'>i.</span> <span class='ocrx_word' id='word_1_632' title='bbox 753 5380 804 5419; x_wconf 84' lang='grc' dir='ltr'>θ.</span> <span class='ocrx_word' id='word_1_633' title='bbox 837 5365 1084 5436; x_wconf 88' lang='lat' dir='ltr'>agitant,</span> <span class='ocrx_word' id='word_1_634' title='bbox 1116 5369 1210 5418; x_wconf 89' lang='lat' dir='ltr'>aut</span> <span class='ocrx_word' id='word_1_635' title='bbox 1231 5359 1568 5432; x_wconf 88' lang='lat' dir='ltr'>proliciunt.</span> 
     </span>
    </p>
   </div>
   <div class='ocr_carea' id='block_1_88' title="bbox 313 5453 1273 5512">
    <p class='ocr_par' dir='ltr' id='par_1_88' title="bbox 313 5453 1273 5512">
     <span class='ocr_line' id='line_1_88' title="bbox 313 5453 1273 5512; baseline -0.006 -1"><span class='ocrx_word' id='word_1_636' title='bbox 313 5455 463 5511; x_wconf 76' lang='lat' dir='ltr'>Nisi.</span> <span class='ocrx_word' id='word_1_637' title='bbox 497 5454 704 5511; x_wconf 89' lang='lat' dir='ltr'>Clarius</span> <span class='ocrx_word' id='word_1_638' title='bbox 732 5456 877 5510; x_wconf 88' lang='lat' dir='ltr'>esset</span> <span class='ocrx_word' id='word_1_639' title='bbox 903 5454 996 5512; x_wconf 89' lang='lat' dir='ltr'>sed</span> <span class='ocrx_word' id='word_1_640' title='bbox 1024 5453 1273 5509; x_wconf 86' lang='lat' dir='ltr'>nonnisi.</span> 
     </span>
    </p>
   </div>
   <div class='ocr_carea' id='block_1_89' title="bbox 323 5536 1848 5606">
    <p class='ocr_par' dir='ltr' id='par_1_89' title="bbox 323 5536 1848 5606">
     <span class='ocr_line' id='line_1_89' title="bbox 323 5536 1848 5606; baseline -0.006 -7"><span class='ocrx_word' id='word_1_641' title='bbox 323 5543 582 5601; x_wconf 85' lang='lat' dir='ltr'>Placuit.</span> <span class='ocrx_word' id='word_1_642' title='bbox 628 5543 881 5601; x_wconf 84' lang='lat' dir='ltr'>Credidit</span> <span class='ocrx_word' id='word_1_643' title='bbox 930 5540 1211 5598; x_wconf 85' lang='lat' dir='ltr'>Abraham</span> <span class='ocrx_word' id='word_1_644' title='bbox 1255 5541 1384 5605; x_wconf 88' lang='lat' dir='ltr'>Deo,</span> <span class='ocrx_word' id='word_1_645' title='bbox 1425 5540 1482 5593; x_wconf 88' lang='lat' dir='ltr'>et</span> <span class='ocrx_word' id='word_1_646' title='bbox 1522 5536 1848 5606; x_wconf 87' lang='lat' dir='ltr'>reputatum</span> 
     </span>
    </p>
   </div>
   <div class='ocr_carea' id='block_1_90' title="bbox 1966 3310 3261 3382">
    <p class='ocr_par' dir='ltr' id='par_1_90' title="bbox 1966 3310 3261 3382">
     <span class='ocr_line' id='line_1_90' title="bbox 1966 3310 3261 3382; baseline 0.001 -15"><span class='ocrx_word' id='word_1_647' title='bbox 1966 3312 2121 3382; x_wconf 87' lang='lat' dir='ltr'>isque</span> <span class='ocrx_word' id='word_1_648' title='bbox 2149 3326 2268 3366; x_wconf 90' lang='lat' dir='ltr'>mos</span> <span class='ocrx_word' id='word_1_649' title='bbox 2294 3310 2598 3365; x_wconf 90' lang='lat' dir='ltr'>adhucdum</span> <span class='ocrx_word' id='word_1_650' title='bbox 2627 3310 2680 3365; x_wconf 93' lang='lat' dir='ltr'>in</span> <span class='ocrx_word' id='word_1_651' title='bbox 2711 3311 2952 3366; x_wconf 89' lang='lat' dir='ltr'>Ecclesia</span> <span class='ocrx_word' id='word_1_652' title='bbox 2980 3315 3261 3370; x_wconf 84' lang='lat' dir='ltr'>retinetur.</span> 
     </span>
    </p>
   </div>
   <div class='ocr_carea' id='block_1_91' title="bbox 2037 3398 3572 3464">
    <p class='ocr_par' dir='ltr' id='par_1_91' title="bbox 2037 3398 3572 3464">
     <span class='ocr_line' id='line_1_91' title="bbox 2037 3398 3572 3464; baseline 0.004 -8"><span class='ocrx_word' id='word_1_653' title='bbox 2037 3403 2222 3456; x_wconf 84' lang='lat' dir='ltr'>Retro.</span> <span class='ocrx_word' id='word_1_654' title='bbox 2280 3398 2380 3453; x_wconf 88' lang='lat' dir='ltr'>Pro</span> <span class='ocrx_word' id='word_1_655' title='bbox 2409 3406 2593 3460; x_wconf 86' lang='lat' dir='ltr'>antea,</span> <span class='ocrx_word' id='word_1_656' title='bbox 2660 3398 2866 3454; x_wconf 89' lang='lat' dir='ltr'>scilicet</span> <span class='ocrx_word' id='word_1_657' title='bbox 2914 3401 2966 3454; x_wconf 92' lang='lat' dir='ltr'>in</span> <span class='ocrx_word' id='word_1_658' title='bbox 2989 3402 3168 3458; x_wconf 85' lang='lat' dir='ltr'>Veteri</span> <span class='ocrx_word' id='word_1_659' title='bbox 3211 3405 3572 3464; x_wconf 89' lang='lat' dir='ltr'>Testamento.</span> 
     </span>
    </p>
   </div>
   <div class='ocr_carea' id='block_1_92' title="bbox 2033 3485 3573 3563">
    <p class='ocr_par' dir='ltr' id='par_1_92' title="bbox 2033 3485 3573 3563">
     <span class='ocr_line' id='line_1_92' title="bbox 2033 3485 3573 3563; baseline 0.005 -19"><span class='ocrx_word' id='word_1_660' title='bbox 2033 3488 2211 3544; x_wconf 86' lang='lat' dir='ltr'>Nuda.</span> <span class='ocrx_word' id='word_1_661' title='bbox 2255 3487 2415 3541; x_wconf 90' lang='lat' dir='ltr'>Fides</span> <span class='ocrx_word' id='word_1_662' title='bbox 2461 3485 2604 3540; x_wconf 86' lang='lat' dir='ltr'>enim</span> <span class='ocrx_word' id='word_1_663' title='bbox 2654 3487 2743 3541; x_wconf 89' lang='lat' dir='ltr'>illa</span> <span class='ocrx_word' id='word_1_664' title='bbox 2791 3487 2999 3544; x_wconf 78' lang='lat' dir='ltr'>Veteris</span> <span class='ocrx_word' id='word_1_665' title='bbox 3034 3490 3196 3563; x_wconf 78' lang='lat' dir='ltr'>Legis</span> <span class='ocrx_word' id='word_1_666' title='bbox 3242 3492 3293 3546; x_wconf 91' lang='lat' dir='ltr'>in</span> <span class='ocrx_word' id='word_1_667' title='bbox 3350 3510 3409 3549; x_wconf 91' lang='lat' dir='ltr'>se</span> <span class='ocrx_word' id='word_1_668' title='bbox 3459 3505 3573 3551; x_wconf 88' lang='lat' dir='ltr'>erat</span> 
     </span>
    </p>
   </div>
   <div class='ocr_carea' id='block_1_93' title="bbox 1960 3576 3568 3655">
    <p class='ocr_par' dir='ltr' id='par_1_93' title="bbox 1960 3576 3568 3655">
     <span class='ocr_line' id='line_1_93' title="bbox 1960 3576 3568 3655; baseline 0.005 -23"><span class='ocrx_word' id='word_1_669' title='bbox 1960 3579 2122 3643; x_wconf 88' lang='lat' dir='ltr'>nuda,</span> <span class='ocrx_word' id='word_1_670' title='bbox 2163 3576 2357 3644; x_wconf 91' lang='lat' dir='ltr'>inanis,</span> <span class='ocrx_word' id='word_1_671' title='bbox 2398 3584 2451 3630; x_wconf 90' lang='lat' dir='ltr'>et</span> <span class='ocrx_word' id='word_1_672' title='bbox 2477 3591 2662 3640; x_wconf 89' lang='lat' dir='ltr'>vacua,</span> <span class='ocrx_word' id='word_1_673' title='bbox 2714 3577 2966 3648; x_wconf 88' lang='lat' dir='ltr'>omnique</span> <span class='ocrx_word' id='word_1_674' title='bbox 3013 3580 3326 3639; x_wconf 86' lang='lat' dir='ltr'>intrinseco</span> <span class='ocrx_word' id='word_1_675' title='bbox 3377 3583 3568 3655; x_wconf 81' lang='lat' dir='ltr'>vigore</span> 
     </span>
    </p>
   </div>
   <div class='ocr_carea' id='block_1_94' title="bbox 1960 3664 2916 3721">
    <p class='ocr_par' dir='ltr' id='par_1_94' title="bbox 1960 3664 2916 3721">
     <span class='ocr_line' id='line_1_94' title="bbox 1960 3664 2916 3721; baseline 0 0"><span class='ocrx_word' id='word_1_676' title='bbox 1960 3666 2029 3721; x_wconf 87' lang='lat' dir='ltr'>ad</span> <span class='ocrx_word' id='word_1_677' title='bbox 2073 3665 2300 3721; x_wconf 88' lang='lat' dir='ltr'>salutem</span> <span class='ocrx_word' id='word_1_678' title='bbox 2352 3671 2607 3720; x_wconf 70' lang='lat' dir='ltr'>aeternam</span> <span class='ocrx_word' id='word_1_679' title='bbox 2639 3664 2916 3721; x_wconf 85' lang='lat' dir='ltr'>destituta.</span> 
     </span>
    </p>
   </div>
   <div class='ocr_carea' id='block_1_95' title="bbox 2030 3754 3304 3826">
    <p class='ocr_par' dir='ltr' id='par_1_95' title="bbox 2030 3754 3304 3826">
     <span class='ocr_line' id='line_1_95' title="bbox 2030 3754 3304 3826; baseline 0.003 -18"><span class='ocrx_word' id='word_1_680' title='bbox 2030 3755 2365 3820; x_wconf 86' lang='lat' dir='ltr'>Potentiam,</span> <span class='ocrx_word' id='word_1_681' title='bbox 2399 3754 2433 3806; x_wconf 91' lang='lat' dir='ltr'>i.</span> <span class='ocrx_word' id='word_1_682' title='bbox 2466 3769 2516 3807; x_wconf 92' lang='lat' dir='ltr'>e.</span> <span class='ocrx_word' id='word_1_683' title='bbox 2550 3755 2843 3818; x_wconf 87' lang='lat' dir='ltr'>virtutem,</span> <span class='ocrx_word' id='word_1_684' title='bbox 2880 3763 2935 3809; x_wconf 90' lang='lat' dir='ltr'>et</span> <span class='ocrx_word' id='word_1_685' title='bbox 2963 3757 3304 3826; x_wconf 85' lang='lat' dir='ltr'>efﬁcaciam.</span> 
     </span>
    </p>
   </div>
   <div class='ocr_carea' id='block_1_96' title="bbox 2032 3841 3560 3912">
    <p class='ocr_par' dir='ltr' id='par_1_96' title="bbox 2032 3841 3560 3912">
     <span class='ocr_line' id='line_1_96' title="bbox 2032 3841 3560 3912; baseline 0.005 -14"><span class='ocrx_word' id='word_1_686' title='bbox 2032 3844 2166 3899; x_wconf 87' lang='lat' dir='ltr'>Sine</span> <span class='ocrx_word' id='word_1_687' title='bbox 2218 3858 2326 3897; x_wconf 87' lang='lat' dir='ltr'>sua</span> <span class='ocrx_word' id='word_1_688' title='bbox 2378 3841 2512 3911; x_wconf 87' lang='lat' dir='ltr'>lege.</span> <span class='ocrx_word' id='word_1_689' title='bbox 2563 3841 2867 3912; x_wconf 83' lang='lat' dir='ltr'>Antequam</span> <span class='ocrx_word' id='word_1_690' title='bbox 2890 3842 3093 3899; x_wconf 87' lang='lat' dir='ltr'>scilicet</span> <span class='ocrx_word' id='word_1_691' title='bbox 3122 3845 3226 3901; x_wconf 85' lang='lat' dir='ltr'>Lex</span> <span class='ocrx_word' id='word_1_692' title='bbox 3264 3845 3356 3902; x_wconf 89' lang='lat' dir='ltr'>illa</span> <span class='ocrx_word' id='word_1_693' title='bbox 3407 3857 3560 3906; x_wconf 86' lang='lat' dir='ltr'>vetus</span> 
     </span>
    </p>
   </div>
   <div class='ocr_carea' id='block_1_97' title="bbox 1955 3929 2865 4003">
    <p class='ocr_par' dir='ltr' id='par_1_97' title="bbox 1955 3929 2865 4003">
     <span class='ocr_line' id='line_1_97' title="bbox 1955 3929 2865 4003; baseline 0 -17"><span class='ocrx_word' id='word_1_694' title='bbox 1955 3947 2052 4003; x_wconf 91' lang='lat' dir='ltr'>per</span> <span class='ocrx_word' id='word_1_695' title='bbox 2081 3947 2272 3988; x_wconf 88' lang='lat' dir='ltr'>novam</span> <span class='ocrx_word' id='word_1_696' title='bbox 2300 3929 2501 3986; x_wconf 89' lang='lat' dir='ltr'>Christi</span> <span class='ocrx_word' id='word_1_697' title='bbox 2531 3929 2865 4001; x_wconf 88' lang='lat' dir='ltr'>impleretur.</span> 
     </span>
    </p>
   </div>
   <div class='ocr_carea' id='block_1_98' title="bbox 2029 4020 3565 4087">
    <p class='ocr_par' dir='ltr' id='par_1_98' title="bbox 2029 4020 3565 4087">
     <span class='ocr_line' id='line_1_98' title="bbox 2029 4020 3565 4087; baseline 0.005 -12"><span class='ocrx_word' id='word_1_698' title='bbox 2029 4023 2095 4076; x_wconf 81' lang='lat' dir='ltr'>In</span> <span class='ocrx_word' id='word_1_699' title='bbox 2117 4037 2344 4077; x_wconf 85' lang='lat' dir='ltr'>nomen.</span> <span class='ocrx_word' id='word_1_700' title='bbox 2365 4020 2553 4074; x_wconf 83' lang='lat' dir='ltr'>Matth.</span> <span class='ocrx_word' id='word_1_701' title='bbox 2573 4036 2780 4084; x_wconf 81' lang='lat' dir='ltr'>xxvm,</span> <span class='ocrx_word' id='word_1_702' title='bbox 2807 4023 2890 4087; x_wconf 77' lang='lat' dir='ltr'>l9,</span> <span class='ocrx_word' id='word_1_703' title='bbox 2905 4021 3237 4079; x_wconf 70' lang='lat' dir='ltr'>ubiGrtecus</span> <span class='ocrx_word' id='word_1_704' title='bbox 3258 4033 3430 4082; x_wconf 86' lang='lat' dir='ltr'>textus</span> <span class='ocrx_word' id='word_1_705' title='bbox 3451 4044 3565 4082; x_wconf 91' lang='lat' dir='ltr'>om-</span> 
     </span>
    </p>
   </div>
   <div class='ocr_carea' id='block_1_99' title="bbox 1955 4107 3557 4180">
    <p class='ocr_par' dir='ltr' id='par_1_99' title="bbox 1955 4107 3557 4180">
     <span class='ocr_line' id='line_1_99' title="bbox 1955 4107 3557 4180; baseline 0.004 -18"><span class='ocrx_word' id='word_1_706' title='bbox 1955 4109 2088 4164; x_wconf 89' lang='lat' dir='ltr'>nino</span> <span class='ocrx_word' id='word_1_707' title='bbox 2120 4111 2281 4163; x_wconf 89' lang='lat' dir='ltr'>hahet</span> <span class='ocrx_word' id='word_1_708' title='bbox 2317 4107 2380 4168; x_wconf 82' lang='grc' dir='ltr'>εἰς</span> <span class='ocrx_word' id='word_1_709' title='bbox 2407 4108 2466 4159; x_wconf 76' lang='grc' dir='ltr'>τὸ</span> <span class='ocrx_word' id='word_1_710' title='bbox 2497 4109 2661 4178; x_wconf 80' lang='grc' dir='ltr'>ὄνομα,</span> <span class='ocrx_word' id='word_1_711' title='bbox 2693 4111 2755 4163; x_wconf 89' lang='lat' dir='ltr'>in</span> <span class='ocrx_word' id='word_1_712' title='bbox 2784 4126 3011 4173; x_wconf 87' lang='lat' dir='ltr'>nomen,</span> <span class='ocrx_word' id='word_1_713' title='bbox 3046 4112 3314 4180; x_wconf 82' lang='lat' dir='ltr'>Vulgatus</span> <span class='ocrx_word' id='word_1_714' title='bbox 3343 4121 3518 4169; x_wconf 89' lang='lat' dir='ltr'>autem</span> <span class='ocrx_word' id='word_1_715' title='bbox 3543 4133 3557 4169; x_wconf 88' lang='lat'>:</span> 
     </span>
    </p>
   </div>
   <div class='ocr_carea' id='block_1_100' title="bbox 1956 4195 3560 4266">
    <p class='ocr_par' dir='ltr' id='par_1_100' title="bbox 1956 4195 3560 4266">
     <span class='ocr_line' id='line_1_100' title="bbox 1956 4195 3560 4266; baseline 0.001 -13"><span class='ocrx_word' id='word_1_716' title='bbox 1956 4200 2022 4254; x_wconf 90' lang='lat' dir='ltr'>in</span> <span class='ocrx_word' id='word_1_717' title='bbox 2061 4199 2310 4254; x_wconf 89' lang='lat' dir='ltr'>nomine.</span> <span class='ocrx_word' id='word_1_718' title='bbox 2359 4195 2557 4250; x_wconf 80' lang='lat' dir='ltr'>Nomm</span> <span class='ocrx_word' id='word_1_719' title='bbox 2599 4205 2779 4250; x_wconf 87' lang='lat' dir='ltr'>autem</span> <span class='ocrx_word' id='word_1_720' title='bbox 2825 4203 2908 4249; x_wconf 90' lang='lat' dir='ltr'>est</span> <span class='ocrx_word' id='word_1_721' title='bbox 2939 4197 3082 4266; x_wconf 89' lang='lat' dir='ltr'>apud</span> <span class='ocrx_word' id='word_1_722' title='bbox 3129 4198 3354 4254; x_wconf 75' lang='lat' dir='ltr'>Graecos</span> <span class='ocrx_word' id='word_1_723' title='bbox 3374 4199 3442 4260; x_wconf 84' lang='grc' dir='ltr'>εἰς</span> <span class='ocrx_word' id='word_1_724' title='bbox 3479 4201 3560 4255; x_wconf 91' lang='lat' dir='ltr'>in-</span> 
     </span>
    </p>
   </div>
   <div class='ocr_carea' id='block_1_101' title="bbox 1956 4280 3557 4353">
    <p class='ocr_par' dir='ltr' id='par_1_101' title="bbox 1956 4280 3557 4353">
     <span class='ocr_line' id='line_1_101' title="bbox 1956 4280 3557 4353; baseline 0.001 -14"><span class='ocrx_word' id='word_1_725' title='bbox 1956 4286 2166 4340; x_wconf 88' lang='lat' dir='ltr'>terdum</span> <span class='ocrx_word' id='word_1_726' title='bbox 2221 4297 2319 4353; x_wconf 92' lang='lat' dir='ltr'>pro</span> <span class='ocrx_word' id='word_1_727' title='bbox 2386 4280 2432 4333; x_wconf 78' lang='grc' dir='ltr'>ὲν</span> <span class='ocrx_word' id='word_1_728' title='bbox 2490 4281 2667 4350; x_wconf 91' lang='lat' dir='ltr'>poni,</span> <span class='ocrx_word' id='word_1_729' title='bbox 2726 4290 2786 4338; x_wconf 86' lang='lat' dir='ltr'>ut</span> <span class='ocrx_word' id='word_1_730' title='bbox 2835 4283 2981 4352; x_wconf 91' lang='lat' dir='ltr'>apud</span> <span class='ocrx_word' id='word_1_731' title='bbox 3036 4285 3410 4343; x_wconf 64' lang='lat' dir='ltr'>Eschinem:</span> <span class='ocrx_word' id='word_1_732' title='bbox 3471 4290 3557 4350; x_wconf 83' lang='grc' dir='ltr'>Εἰς</span> 
     </span>
    </p>
   </div>
   <div class='ocr_carea' id='block_1_102' title="bbox 1955 4369 3558 4441">
    <p class='ocr_par' dir='ltr' id='par_1_102' title="bbox 1955 4369 3558 4441">
     <span class='ocr_line' id='line_1_102' title="bbox 1955 4369 3558 4441; baseline 0.004 -14"><span class='ocrx_word' id='word_1_733' title='bbox 1955 4373 2042 4441; x_wconf 81' lang='grc' dir='ltr'>τὴν</span> <span class='ocrx_word' id='word_1_734' title='bbox 2090 4370 2340 4426; x_wconf 75' lang='grc' dir='ltr'>ἐκκλησίαν</span> <span class='ocrx_word' id='word_1_735' title='bbox 2410 4369 2690 4440; x_wconf 80' lang='grc' dir='ltr'>καθέζομαι,</span> <span class='ocrx_word' id='word_1_736' title='bbox 2743 4370 2807 4424; x_wconf 87' lang='lat' dir='ltr'>in</span> <span class='ocrx_word' id='word_1_737' title='bbox 2899 4371 3163 4429; x_wconf 88' lang='lat' dir='ltr'>concione</span> <span class='ocrx_word' id='word_1_738' title='bbox 3218 4375 3377 4433; x_wconf 86' lang='lat' dir='ltr'>sedeo</span> <span class='ocrx_word' id='word_1_739' title='bbox 3406 4397 3426 4432; x_wconf 90' lang='lat'>:</span> <span class='ocrx_word' id='word_1_740' title='bbox 3456 4393 3558 4436; x_wconf 89' lang='lat' dir='ltr'>nec</span> 
     </span>
    </p>
   </div>
   <div class='ocr_carea' id='block_1_103' title="bbox 1959 4456 3555 4537">
    <p class='ocr_par' dir='ltr' id='par_1_103' title="bbox 1959 4456 3555 4537">
     <span class='ocr_line' id='line_1_103' title="bbox 1959 4456 3555 4537; baseline 0.004 -22"><span class='ocrx_word' id='word_1_741' title='bbox 1959 4462 2136 4516; x_wconf 91' lang='lat' dir='ltr'>minus</span> <span class='ocrx_word' id='word_1_742' title='bbox 2191 4459 2334 4529; x_wconf 90' lang='lat' dir='ltr'>apud</span> <span class='ocrx_word' id='word_1_743' title='bbox 2395 4456 2672 4513; x_wconf 87' lang='lat' dir='ltr'>Demosth.</span> <span class='ocrx_word' id='word_1_744' title='bbox 2737 4464 2790 4510; x_wconf 91' lang='lat' dir='ltr'>et</span> <span class='ocrx_word' id='word_1_745' title='bbox 2862 4459 3205 4529; x_wconf 85' lang='lat' dir='ltr'>Xen0phont.</span> <span class='ocrx_word' id='word_1_746' title='bbox 3260 4463 3374 4520; x_wconf 85' lang='lat' dir='ltr'>Hoc</span> <span class='ocrx_word' id='word_1_747' title='bbox 3424 4481 3555 4537; x_wconf 85' lang='lat' dir='ltr'>ergo</span> 
     </span>
    </p>
   </div>
   <div class='ocr_carea' id='block_1_104' title="bbox 1955 4545 3558 4619">
    <p class='ocr_par' dir='ltr' id='par_1_104' title="bbox 1955 4545 3558 4619">
     <span class='ocr_line' id='line_1_104' title="bbox 1955 4545 3558 4619; baseline 0.004 -16"><span class='ocrx_word' id='word_1_748' title='bbox 1955 4563 2118 4604; x_wconf 90' lang='lat' dir='ltr'>sensu</span> <span class='ocrx_word' id='word_1_749' title='bbox 2167 4548 2329 4603; x_wconf 89' lang='lat' dir='ltr'>etiam</span> <span class='ocrx_word' id='word_1_750' title='bbox 2385 4545 2654 4619; x_wconf 79' lang='lat' dir='ltr'>Vulgatus</span> <span class='ocrx_word' id='word_1_751' title='bbox 2716 4552 2906 4600; x_wconf 90' lang='lat' dir='ltr'>noster</span> <span class='ocrx_word' id='word_1_752' title='bbox 2965 4548 3225 4618; x_wconf 88' lang='lat' dir='ltr'>interpres</span> <span class='ocrx_word' id='word_1_753' title='bbox 3297 4551 3558 4609; x_wconf 86' lang='lat' dir='ltr'>intellexit</span> 
     </span>
    </p>
   </div>
   <div class='ocr_carea' id='block_1_105' title="bbox 1956 4635 3562 4709">
    <p class='ocr_par' dir='ltr' id='par_1_105' title="bbox 1956 4635 3562 4709">
     <span class='ocr_line' id='line_1_105' title="bbox 1956 4635 3562 4709; baseline 0.006 -19"><span class='ocrx_word' id='word_1_754' title='bbox 1956 4635 2020 4699; x_wconf 85' lang='grc' dir='ltr'>εἰς</span> <span class='ocrx_word' id='word_1_755' title='bbox 2074 4637 2133 4690; x_wconf 72' lang='grc' dir='ltr'>τὸ</span> <span class='ocrx_word' id='word_1_756' title='bbox 2185 4638 2354 4708; x_wconf 80' lang='grc' dir='ltr'>ὄνομα,</span> <span class='ocrx_word' id='word_1_757' title='bbox 2410 4642 2575 4704; x_wconf 90' lang='lat' dir='ltr'>atque</span> <span class='ocrx_word' id='word_1_758' title='bbox 2633 4649 2758 4688; x_wconf 92' lang='lat' dir='ltr'>cum</span> <span class='ocrx_word' id='word_1_759' title='bbox 2817 4648 2884 4688; x_wconf 91' lang='lat' dir='ltr'>eo</span> <span class='ocrx_word' id='word_1_760' title='bbox 2956 4635 3222 4709; x_wconf 81' lang='lat' dir='ltr'>Theologi</span> <span class='ocrx_word' id='word_1_761' title='bbox 3274 4656 3337 4696; x_wconf 91' lang='lat' dir='ltr'>ac</span> <span class='ocrx_word' id='word_1_762' title='bbox 3393 4642 3562 4700; x_wconf 53' lang='lat' dir='ltr'>intera</span> 
     </span>
    </p>
   </div>
   <div class='ocr_carea' id='block_1_106' title="bbox 1962 4722 2578 4798">
    <p class='ocr_par' dir='ltr' id='par_1_106' title="bbox 1962 4722 2578 4798">
     <span class='ocr_line' id='line_1_106' title="bbox 1962 4722 2578 4798; baseline -0.005 -17"><span class='ocrx_word' id='word_1_763' title='bbox 1962 4732 2146 4798; x_wconf 85' lang='lat' dir='ltr'>pretes</span> <span class='ocrx_word' id='word_1_764' title='bbox 2193 4722 2578 4780; x_wconf 90' lang='lat' dir='ltr'>communiter.</span> 
     </span>
    </p>
   </div>
   <div class='ocr_carea' id='block_1_107' title="bbox 2031 4811 3556 4888">
    <p class='ocr_par' dir='ltr' id='par_1_107' title="bbox 2031 4811 3556 4888">
     <span class='ocr_line' id='line_1_107' title="bbox 2031 4811 3556 4888; baseline 0.003 -19"><span class='ocrx_word' id='word_1_765' title='bbox 2031 4813 2212 4882; x_wconf 84' lang='lat' dir='ltr'>Quaeri</span> <span class='ocrx_word' id='word_1_766' title='bbox 2286 4819 2468 4868; x_wconf 89' lang='lat' dir='ltr'>autem</span> <span class='ocrx_word' id='word_1_767' title='bbox 2543 4811 2630 4866; x_wconf 84' lang='lat' dir='ltr'>hic</span> <span class='ocrx_word' id='word_1_768' title='bbox 2701 4820 2932 4881; x_wconf 91' lang='lat' dir='ltr'>posset:</span> <span class='ocrx_word' id='word_1_769' title='bbox 3018 4811 3287 4870; x_wconf 88' lang='lat' dir='ltr'>valeretne</span> <span class='ocrx_word' id='word_1_770' title='bbox 3351 4817 3556 4888; x_wconf 85' lang='lat' dir='ltr'>Baptis-</span> 
     </span>
    </p>
   </div>
   <div class='ocr_carea' id='block_1_108' title="bbox 1955 4900 3550 4973">
    <p class='ocr_par' dir='ltr' id='par_1_108' title="bbox 1955 4900 3550 4973">
     <span class='ocr_line' id='line_1_108' title="bbox 1955 4900 3550 4973; baseline 0.005 -15"><span class='ocrx_word' id='word_1_771' title='bbox 1955 4921 2079 4958; x_wconf 90' lang='lat' dir='ltr'>mus</span> <span class='ocrx_word' id='word_1_772' title='bbox 2141 4902 2244 4958; x_wconf 90' lang='lat' dir='ltr'>sub</span> <span class='ocrx_word' id='word_1_773' title='bbox 2303 4904 2401 4956; x_wconf 89' lang='lat' dir='ltr'>hac</span> <span class='ocrx_word' id='word_1_774' title='bbox 2440 4900 2656 4955; x_wconf 82' lang='lat' dir='ltr'>forma:</span> <span class='ocrx_word' id='word_1_775' title='bbox 2691 4903 2799 4971; x_wconf 89' lang='lat' dir='ltr'>Ego</span> <span class='ocrx_word' id='word_1_776' title='bbox 2847 4905 2900 4958; x_wconf 89' lang='lat' dir='ltr'>te</span> <span class='ocrx_word' id='word_1_777' title='bbox 2930 4902 3156 4973; x_wconf 78' lang='lat' dir='ltr'>baptizo</span> <span class='ocrx_word' id='word_1_778' title='bbox 3212 4907 3276 4960; x_wconf 88' lang='lat' dir='ltr'>in</span> <span class='ocrx_word' id='word_1_779' title='bbox 3324 4923 3550 4966; x_wconf 85' lang='lat' dir='ltr'>nomen.</span> 
     </span>
    </p>
   </div>
   <div class='ocr_carea' id='block_1_109' title="bbox 1957 4988 3554 5059">
    <p class='ocr_par' dir='ltr' id='par_1_109' title="bbox 1957 4988 3554 5059">
     <span class='ocr_line' id='line_1_109' title="bbox 1957 4988 3554 5059; baseline 0.011 -22"><span class='ocrx_word' id='word_1_780' title='bbox 1957 4994 2168 5057; x_wconf 74' lang='lat' dir='ltr'>patris,</span> <span class='ocrx_word' id='word_1_781' title='bbox 2199 4999 2322 5056; x_wconf 89' lang='lat' dir='ltr'>etc.,</span> <span class='ocrx_word' id='word_1_782' title='bbox 2359 4988 2583 5044; x_wconf 88' lang='lat' dir='ltr'>collatus</span> <span class='ocrx_word' id='word_1_783' title='bbox 2607 4989 2635 5043; x_wconf 75' lang='lat' dir='ltr'>‘I</span> <span class='ocrx_word' id='word_1_784' title='bbox 2695 4989 2862 5059; x_wconf 84' lang='lat' dir='ltr'>ReSp.</span> <span class='ocrx_word' id='word_1_785' title='bbox 2902 4989 3090 5044; x_wconf 87' lang='lat' dir='ltr'>saltem</span> <span class='ocrx_word' id='word_1_786' title='bbox 3127 4992 3345 5048; x_wconf 90' lang='lat' dir='ltr'>dubium</span> <span class='ocrx_word' id='word_1_787' title='bbox 3385 4995 3554 5054; x_wconf 88' lang='lat' dir='ltr'>videri</span> 
     </span>
    </p>
   </div>
   <div class='ocr_carea' id='block_1_110' title="bbox 1958 5075 3552 5155">
    <p class='ocr_par' dir='ltr' id='par_1_110' title="bbox 1958 5075 3552 5155">
     <span class='ocr_line' id='line_1_110' title="bbox 1958 5075 3552 5155; baseline 0.003 -17"><span class='ocrx_word' id='word_1_788' title='bbox 1958 5098 2165 5155; x_wconf 86' lang='lat' dir='ltr'>possse,</span> <span class='ocrx_word' id='word_1_789' title='bbox 2199 5080 2448 5149; x_wconf 87' lang='lat' dir='ltr'>adeoque</span> <span class='ocrx_word' id='word_1_790' title='bbox 2498 5075 2630 5132; x_wconf 89' lang='lat' dir='ltr'>citra</span> <span class='ocrx_word' id='word_1_791' title='bbox 2687 5093 2854 5151; x_wconf 82' lang='lat' dir='ltr'>grave</span> <span class='ocrx_word' id='word_1_792' title='bbox 2909 5090 3206 5151; x_wconf 87' lang='lat' dir='ltr'>peccatum,</span> <span class='ocrx_word' id='word_1_793' title='bbox 3257 5091 3441 5153; x_wconf 90' lang='lat' dir='ltr'>utpote</span> <span class='ocrx_word' id='word_1_794' title='bbox 3498 5089 3552 5142; x_wconf 89' lang='lat' dir='ltr'>in</span> 
     </span>
    </p>
   </div>
   <div class='ocr_carea' id='block_1_111' title="bbox 1951 5167 3554 5244">
    <p class='ocr_par' dir='ltr' id='par_1_111' title="bbox 1951 5167 3554 5244">
     <span class='ocr_line' id='line_1_111' title="bbox 1951 5167 3554 5244; baseline 0.003 -16"><span class='ocrx_word' id='word_1_795' title='bbox 1951 5171 2178 5228; x_wconf 86' lang='lat' dir='ltr'>materia</span> <span class='ocrx_word' id='word_1_796' title='bbox 2235 5169 2432 5241; x_wconf 87' lang='lat' dir='ltr'>pariter</span> <span class='ocrx_word' id='word_1_797' title='bbox 2479 5167 2650 5238; x_wconf 79' lang='lat' dir='ltr'>gravi,</span> <span class='ocrx_word' id='word_1_798' title='bbox 2682 5170 2842 5226; x_wconf 84' lang='lat' dir='ltr'>verba</span> <span class='ocrx_word' id='word_1_799' title='bbox 2889 5171 2953 5224; x_wconf 92' lang='lat' dir='ltr'>in</span> <span class='ocrx_word' id='word_1_800' title='bbox 2982 5172 3212 5227; x_wconf 87' lang='lat' dir='ltr'>nomine</span> <span class='ocrx_word' id='word_1_801' title='bbox 3241 5188 3348 5229; x_wconf 90' lang='lat' dir='ltr'>non</span> <span class='ocrx_word' id='word_1_802' title='bbox 3390 5191 3554 5244; x_wconf 88' lang='lat' dir='ltr'>posse</span> 
     </span>
    </p>
   </div>
   <div class='ocr_carea' id='block_1_112' title="bbox 1953 5257 3550 5330">
    <p class='ocr_par' dir='ltr' id='par_1_112' title="bbox 1953 5257 3550 5330">
     <span class='ocr_line' id='line_1_112' title="bbox 1953 5257 3550 5330; baseline -0.001 -11"><span class='ocrx_word' id='word_1_803' title='bbox 1953 5259 2268 5319; x_wconf 89' lang='lat' dir='ltr'>commutari</span> <span class='ocrx_word' id='word_1_804' title='bbox 2307 5260 2371 5314; x_wconf 88' lang='lat' dir='ltr'>in</span> <span class='ocrx_word' id='word_1_805' title='bbox 2395 5274 2600 5313; x_wconf 80' lang='lat' dir='ltr'>nomen</span> <span class='ocrx_word' id='word_1_806' title='bbox 2632 5277 2650 5324; x_wconf 88' lang='lat'><strong><em>;</em></strong></span> <span class='ocrx_word' id='word_1_807' title='bbox 2688 5259 2830 5312; x_wconf 91' lang='lat' dir='ltr'>unde</span> <span class='ocrx_word' id='word_1_808' title='bbox 2887 5257 3006 5313; x_wconf 84' lang='lat' dir='ltr'>talis</span> <span class='ocrx_word' id='word_1_809' title='bbox 3033 5259 3337 5330; x_wconf 85' lang='lat' dir='ltr'>Baptismus</span> <span class='ocrx_word' id='word_1_810' title='bbox 3363 5266 3550 5321; x_wconf 88' lang='lat' dir='ltr'>saltem</span> 
     </span>
    </p>
   </div>
   <div class='ocr_carea' id='block_1_113' title="bbox 1967 5347 2890 5417">
    <p class='ocr_par' dir='ltr' id='par_1_113' title="bbox 1967 5347 2890 5417">
     <span class='ocr_line' id='line_1_113' title="bbox 1967 5347 2890 5417; baseline -0.007 -9"><span class='ocrx_word' id='word_1_811' title='bbox 1967 5350 2325 5408; x_wconf 89' lang='lat' dir='ltr'>conditionate</span> <span class='ocrx_word' id='word_1_812' title='bbox 2373 5347 2704 5417; x_wconf 85' lang='lat' dir='ltr'>repetendus</span> <span class='ocrx_word' id='word_1_813' title='bbox 2729 5353 2890 5402; x_wconf 89' lang='lat' dir='ltr'>esset.</span> 
     </span>
    </p>
   </div>
   <div class='ocr_carea' id='block_1_114' title="bbox 2018 5434 3548 5514">
    <p class='ocr_par' dir='ltr' id='par_1_114' title="bbox 2018 5434 3548 5514">
     <span class='ocr_line' id='line_1_114' title="bbox 2018 5434 3548 5514; baseline -0.003 -15"><span class='ocrx_word' id='word_1_814' title='bbox 2018 5443 2288 5499; x_wconf 59' lang='lat' dir='ltr'>Ceterum</span> <span class='ocrx_word' id='word_1_815' title='bbox 2331 5445 2504 5493; x_wconf 91' lang='lat' dir='ltr'>autem</span> <span class='ocrx_word' id='word_1_816' title='bbox 2561 5435 2724 5510; x_wconf 90' lang='lat' dir='ltr'>aliqui</span> <span class='ocrx_word' id='word_1_817' title='bbox 2754 5434 2840 5492; x_wconf 88' lang='lat' dir='ltr'>hic</span> <span class='ocrx_word' id='word_1_818' title='bbox 2883 5436 3139 5494; x_wconf 84' lang='lat' dir='ltr'>mendum</span> <span class='ocrx_word' id='word_1_819' title='bbox 3168 5438 3395 5495; x_wconf 89' lang='lat' dir='ltr'>subesse</span> <span class='ocrx_word' id='word_1_820' title='bbox 3444 5460 3548 5514; x_wconf 84' lang='lat' dir='ltr'>pu-</span> 
     </span>
    </p>
   </div>
   <div class='ocr_carea' id='block_1_115' title="bbox 1954 5524 3547 5606">
    <p class='ocr_par' dir='ltr' id='par_1_115' title="bbox 1954 5524 3547 5606">
     <span class='ocr_line' id='line_1_115' title="bbox 1954 5524 3547 5606; baseline -0.002 -17"><span class='ocrx_word' id='word_1_821' title='bbox 1954 5539 2088 5602; x_wconf 86' lang='lat' dir='ltr'>tant,</span> <span class='ocrx_word' id='word_1_822' title='bbox 2120 5547 2182 5586; x_wconf 88' lang='lat' dir='ltr'>ac</span> <span class='ocrx_word' id='word_1_823' title='bbox 2221 5543 2414 5585; x_wconf 89' lang='lat' dir='ltr'>revera</span> <span class='ocrx_word' id='word_1_824' title='bbox 2439 5526 2495 5583; x_wconf 91' lang='lat' dir='ltr'>in</span> <span class='ocrx_word' id='word_1_825' title='bbox 2531 5527 2650 5582; x_wconf 84' lang='lat' dir='ltr'>aliis</span> <span class='ocrx_word' id='word_1_826' title='bbox 2696 5524 3089 5598; x_wconf 86' lang='lat' dir='ltr'>exemplaribus</span> <span class='ocrx_word' id='word_1_827' title='bbox 3117 5525 3169 5582; x_wconf 81' lang='grc' dir='ltr'>ἐν</span> <span class='ocrx_word' id='word_1_828' title='bbox 3197 5533 3274 5599; x_wconf 80' lang='grc' dir='ltr'>τῷ</span> <span class='ocrx_word' id='word_1_829' title='bbox 3311 5527 3547 5606; x_wconf 78' lang='grc' dir='ltr'>ὀνόματι,</span> 
     </span>
    </p>
   </div>
   <div class='ocr_carea' id='block_1_116' title="bbox 205 5612 3552 5706">
    <p class='ocr_par' dir='ltr' id='par_1_116' title="bbox 205 5612 3552 5706">
     <span class='ocr_line' id='line_1_116' title="bbox 205 5612 3552 5706; baseline -0.004 -14"><span class='ocrx_word' id='word_1_830' title='bbox 205 5636 341 5698; x_wconf 83' lang='lat' dir='ltr'>est</span> <span class='ocrx_word' id='word_1_831' title='bbox 367 5633 464 5689; x_wconf 85' lang='lat' dir='ltr'>illi</span> <span class='ocrx_word' id='word_1_832' title='bbox 490 5632 563 5691; x_wconf 90' lang='lat' dir='ltr'>ad</span> <span class='ocrx_word' id='word_1_833' title='bbox 595 5634 912 5706; x_wconf 88' lang='lat' dir='ltr'>justitiam.</span> <span class='ocrx_word' id='word_1_834' title='bbox 945 5630 1086 5688; x_wconf 89' lang='lat' dir='ltr'>Gen.</span> <span class='ocrx_word' id='word_1_835' title='bbox 1117 5645 1216 5698; x_wconf 90' lang='lat' dir='ltr'>xv,</span> <span class='ocrx_word' id='word_1_836' title='bbox 1253 5631 1305 5686; x_wconf 92' lang='lat'>6.</span> <span class='ocrx_word' id='word_1_837' title='bbox 1347 5628 1407 5682; x_wconf 92' lang='lat' dir='ltr'>In</span> <span class='ocrx_word' id='word_1_838' title='bbox 1434 5640 1554 5698; x_wconf 79' lang='lat' dir='ltr'>quae</span> <span class='ocrx_word' id='word_1_839' title='bbox 1581 5623 1699 5693; x_wconf 87' lang='lat' dir='ltr'>ipsa</span> <span class='ocrx_word' id='word_1_840' title='bbox 1725 5639 1854 5681; x_wconf 88' lang='lat' dir='ltr'>ver-</span> <span class='ocrx_word' id='word_1_841' title='bbox 1957 5625 2024 5681; x_wconf 86' lang='lat' dir='ltr'>in</span> <span class='ocrx_word' id='word_1_842' title='bbox 2087 5620 2314 5678; x_wconf 87' lang='lat' dir='ltr'>nomine</span> <span class='ocrx_word' id='word_1_843' title='bbox 2383 5614 2627 5687; x_wconf 89' lang='lat' dir='ltr'>reperiri,</span> <span class='ocrx_word' id='word_1_844' title='bbox 2682 5624 2742 5669; x_wconf 89' lang='lat' dir='ltr'>ut</span> <span class='ocrx_word' id='word_1_845' title='bbox 2804 5616 2939 5670; x_wconf 87' lang='lat' dir='ltr'>adeo</span> <span class='ocrx_word' id='word_1_846' title='bbox 3013 5612 3306 5674; x_wconf 87' lang='lat' dir='ltr'>difﬁcultas</span> <span class='ocrx_word' id='word_1_847' title='bbox 3375 5624 3552 5680; x_wconf 91' lang='lat' dir='ltr'>omnis</span> 
     </span>
    </p>
   </div>
   <div class='ocr_carea' id='block_1_117' title="bbox 510 5739 852 5798">
    <p class='ocr_par' dir='ltr' id='par_1_117' title="bbox 510 5739 852 5798">
     <span class='ocr_line' id='line_1_117' title="bbox 510 5739 852 5798; baseline -0.009 -2"><span class='ocrx_word' id='word_1_848' title='bbox 510 5741 754 5798; x_wconf 77' lang='lat' dir='ltr'>PA&#39;I&#39;BOL.</span> <span class='ocrx_word' id='word_1_849' title='bbox 784 5739 852 5795; x_wconf 90' lang='lat' dir='ltr'>ll.</span> 
     </span>
    </p>
   </div>
   <div class='ocr_carea' id='block_1_118' title="bbox 3308 5729 3375 5784">
    <p class='ocr_par' dir='ltr' id='par_1_118' title="bbox 3308 5729 3375 5784">
     <span class='ocr_line' id='line_1_118' title="bbox 3308 5729 3375 5784; baseline 0.015 -1"><span class='ocrx_word' id='word_1_850' title='bbox 3308 5729 3375 5784; x_wconf 78' lang='grc'>40</span> 
     </span>
    </p>
   </div>
  </div>
