4028 6180
525 333 665 393 1259
1580 341 1667 400 AD
1714 342 2003 405 GENUINA
2056 344 2498 406 TBRTULLIANI
2545 345 2757 405 OPERA
3668 343 3791 403 1260

521 467 711 530 sponte
761 470 1073 563 evanescat.
1130 463 1301 521 Porro
1349 470 1527 563 autem
1577 465 1663 524 lex
1720 468 1811 524 illa
1854 470 2110 541 baptismi
2143 486 2188 563 Α
2219 471 2488 543 habetur)
2543 478 2753 543 quartas
2814 468 3132 539 Atticorum,
3173 471 3330 540 cujus
3396 471 3664 544 genitivus
3716 480 3796 527 est

522 563 632 603 non
680 551 940 620 apostolis
980 559 1207 620 tantum,
1262 562 1321 608 ut
1367 554 1521 609 illum
1568 556 1957 625 ministrarent,
2013 562 2103 616 sed
2143 551 2188 563 ”
2229 561 2498 627 Ἀπολλώς
2527 562 2657 633 quin
2685 561 2845 615 etiam
2878 561 2934 614 in
2980 575 3162 617 aecus.
3207 561 3455 616 eamdem
3512 562 3635 616 Act.
3666 576 3783 629 ιιι,

522 634 775 706 gentibus
804 652 1039 708 quoque,
1073 645 1132 692 ut
1168 639 1524 710 susciperent,
1570 643 1739 700 Marc.
1779 647 1890 702 ult.
1925 663 1978 703 ν.
2024 649 2103 713 16,
2214 654 2265 713 1,
2324 649 2751 705 terminationem
2809 664 3024 704 servare
3078 648 3502 719 deprehenditur
3540 648 3800 722 εἜγένιτο

521 740 552 777 a
584 723 799 781 Christo
829 725 1082 795 imposita
1119 728 1217 781 fuit
1244 727 1327 782 his
1355 731 1533 785 verbis
1564 748 1579 786 :
1635 734 1739 801 Qui
1783 735 2101 806 crediderit,

2211 735 2264 790 δὲ
2309 738 2357 791 ἓν
2410 745 2485 811 τῷ
2526 738 2608 791 τὸν
2663 737 2889 791 Ἀπολλὼ
2936 731 3057 790 εἶναι
3094 736 3141 790 ἐν
3202 737 3449 809 Κορίνθῳζ
3482 748 3536 794 et
3586 739 3654 795 ad
3698 739 3796 795 Tit.

522 818 579 871 et
642 814 961 887 baptizatus
996 817 1195 887 fuerit,
1250 818 1441 874 salvus
1498 821 1629 889 erit,
1680 830 1737 876 ut
1777 838 1969 879 sensus
2014 828 2101 891 sit,

2212 841 2295 898 m,
2330 830 2395 881 13
2432 844 2445 881 :
2476 828 2651 895 Ζηνᾶν,
2683 828 2763 880 τὸν
2825 826 3049 898 νομικὸν,
3095 825 3179 877 καὶ
3235 824 3468 879 Ἀπολλὼ
3535 826 3802 887 σπουδαίως

520 919 630 996 non
659 904 767 958 alia
796 904 1021 972 ratione,
1062 906 1167 961 nisi
1197 922 1293 977 per
1328 907 1682 979 baptismum,
1726 912 1783 967 in
1818 927 1960 969 nova
1987 913 2106 986 lege
2211 915 2518 987 πρόπεμψον.
2557 917 2666 970 Aut
2701 914 2929 996 fortasse
2956 916 3169 984 penitus
3205 914 3588 971 indeclinabile
3627 915 3801 971 fuerit.

527 992 761 1050 salutem
798 994 1033 1051 obtineri
1071 1010 1252 1067 posse-
2282 1006 2582 1075 Paciﬁcas.
2636 1004 2803 1061 Unice
2858 992 2999 1060 enim
3055 1005 3175 1074 ejus
3214 1005 3486 1075 correptio
3533 1007 3807 1077 spectabat

979 1086 1137 1141 Notae
1180 1083 1253 1140 ad
1290 1090 1469 1157 caput
1508 1088 1643 1144 XIV.
2212 1093 2279 1149 ad
2308 1109 2491 1166 pacem
2527 1104 2582 1149 et
2618 1093 2919 1149 animorum
2950 1107 3276 1149 consensum
3305 1095 3443 1148 inter
3491 1094 3803 1152 Corinthios

595 1173 902 1246 Stephana:
931 1174 1182 1232 domum.
1216 1174 1381 1230 Paulo
1413 1175 1554 1231 enim
1587 1185 1711 1233 ante
1730 1178 2104 1248 praemiserat:
2214 1181 2606 1238 reducendum.

524 1268 749 1326 Gratias
768 1282 868 1338 ago
895 1267 1023 1333 Deo,
1056 1265 1196 1338 quod
1232 1266 1518 1323 neminem
1536 1270 1787 1325 vestrum
1807 1268 2106 1341 baptizavi,
2284 1269 2606 1341 Defendere.
2655 1268 2831 1324 Facile
2868 1268 2957 1325 hic
2995 1283 3096 1339 pro
3131 1268 3455 1335 vindicare,
3506 1276 3599 1325 aut
3633 1272 3807 1327 attri-

523 1359 640 1413 nisi
696 1358 959 1427 Crispum
990 1360 1049 1411 et
1086 1355 1318 1425 Cajum;
1368 1354 1651 1428 baptizavi
1686 1362 1882 1415 autem
1910 1362 1969 1416 et
1995 1360 2111 1417 Ste-
2214 1361 2378 1417 buere
2418 1359 2669 1413 sumitur.
2700 1359 2879 1414 Potest
2918 1356 3080 1412 etiam
3108 1360 3305 1427 exponi
3327 1373 3429 1430 pro
3456 1372 3514 1415 se
3540 1374 3809 1432 suamque

518 1446 724 1520 phanaz
743 1446 989 1501 domum.
1023 1444 1045 1497 Ι
1075 1443 1197 1499 Cor.
1224 1460 1263 1510 ι,
1289 1447 1357 1499 14
1382 1458 1435 1500 et
1466 1448 1563 1500 16:
1586 1447 1895 1518 Stephanus
1932 1456 2108 1504 autem
2216 1464 2447 1504 causam
2482 1448 2674 1513 tueri;
2705 1462 2772 1501 ne
2800 1461 2935 1516 ergo
2962 1446 3019 1501 id
3067 1461 3232 1518 agere
3261 1446 3431 1504 videri
3460 1456 3656 1516 posset,
3688 1449 3812 1505 hinc

520 1536 607 1591 hic
635 1536 773 1589 inter
804 1533 1098 1602 discipulos
1142 1531 1202 1587 S.
1234 1530 1388 1590 Pauli
1413 1532 1605 1589 fuerat.
2215 1535 2419 1607 gratias
2458 1534 2570 1607 agit
2614 1533 2757 1601 Deo,
2796 1534 2942 1605 quod
2973 1534 3242 1590 neminem
3281 1534 3649 1605 baptizaverit.
3680 1536 3813 1593 Vide

591 1626 859 1696 Deputat,
905 1621 945 1677 i.
965 1637 1016 1677 e.
1062 1620 1332 1678 adscribit
1368 1621 1695 1692 baptismum
1732 1638 1912 1689 suum,
1970 1623 2114 1678 velut
2145 1653 2189 1731 Β
2218 1638 2383 1694 supra
2409 1622 2533 1682 Not.
2567 1621 2870 1696 Stephano:
2902 1622 3151 1678 domum.

518 1712 727 1769 auctori
773 1720 864 1767 aut
899 1710 1146 1783 largitori
1171 1725 1289 1766 suo.
1315 1710 1430 1765 Hoc
1466 1708 1635 1766 ferme
1675 1726 1834 1766 sensu
1870 1712 1924 1765 in
1966 1713 2004 1767 l.
2049 1714 2114 1770 de
2145 1708 2189 1731 "
2299 1713 2549 1783 Tingere.
2592 1711 2726 1766 Nam
2774 1709 2964 1765 Matth.
3028 1710 3128 1766 ult.
3177 1725 3235 1765 v.
3289 1712 3375 1777 19,
3407 1710 3656 1767 Christus
3700 1710 3813 1782 ipse

522 1802 763 1859 Exhort.
797 1801 869 1856 ad
888 1800 1079 1855 cast-it.
1112 1814 1160 1854 c.
1193 1802 1279 1867 16,
1312 1799 1469 1851 ait:«
1494 1798 1623 1853 Erat
1640 1806 1791 1857 vetus
1807 1798 2110 1880 dispositio1
2220 1801 2495 1872 Apostolis
2555 1799 2834 1871 praecipit:
2894 1803 3109 1857 Euntes
3175 1816 3301 1873 ergo
3344 1814 3567 1857 DOCBTB
3622 1818 3816 1859 omnes

515 1907 638 1963 quae
670 1894 723 1945 in
754 1887 1046 1958 Evangelio
1068 1888 1373 1958 deputatur.
1404 1906 1425 1936 »
1450 1886 1748 1942 EtSolinus
1780 1902 1793 1943 :
1830 1908 1853 1939 ι
1888 1891 2117 1962 PrOpter
2219 1894 2433 1962 gentes,
2466 1902 2865 1952 acerrumas,
2894 1890 3001 1944 etc.
3030 1889 3100 1943 Et
3129 1890 3291 1944 Marc.
3322 1888 3421 1943 ult.
3452 1906 3505 1944 ν.
3533 1893 3630 1944 15ε
3657 1891 3816 1948 Pu-

518 1979 634 2032 dies
689 1978 926 2046 impares
982 1975 1085 2029 diis
1132 1973 1341 2044 superis
1392 1975 1675 2031 Januarius
1720 1976 1969 2034 dicatur:
2016 1979 2118 2034 Fe-
2222 1993 2423 2034 meam
2453 1978 2824 2049 Evangelium
2849 1979 3006 2035 omni
3034 1981 3333 2034 creaturae.
3381 1978 3486 2046 Qui
3513 1980 3819 2037 crediderit

518 2066 789 2136 bruarius,
815 2066 969 2136 quasi
1001 2064 1374 2129 abominosus,
1394 2064 1500 2119 diis
1530 2064 1717 2120 inferis
1751 2065 2054 2135 deputatur.
2087 2086 2110 2121 ι
2223 2075 2278 2122 et
2304 2081 2640 2123 narramus
2686 2068 2886 2137 fuerit,
2920 2074 3021 2122 etc.
3050 2066 3207 2123 Prius
3234 2074 3319 2121 est
3354 2082 3488 2139 ergo
3513 2068 3819 2140 (dignitate

589 2156 803 2229 Apollo.
837 2153 976 2209 Cum
1022 2152 1242 2224 quidam
1292 2152 1344 2206 in
1374 2153 1774 2208 Corinthiorum
1810 2155 2044 2211 Ecclesia
2086 2172 2118 2211 a
2224 2164 2279 2211 et
2298 2159 2638 2216 auctoritate
2656 2156 3339 2227 institutionis)docere:
3359 2157 3630 2227 posterius
3646 2159 3822 2231 bapti-

519 2246 719 2309 Paulo,
769 2242 863 2297 alii
900 2258 931 2297 a
971 2245 1159 2310 Petro,
1191 2241 1280 2295 alii
1338 2242 1403 2294 ab
1466 2244 1657 2312 Apollo
1688 2242 1938 2312 baptizati
1988 2244 2121 2299 fuis—
2223 2262 2389 2313 mre;
2420 2252 2475 2300 at
2507 2260 2633 2300 vero
2664 2246 2986 2315 caeteroquin
3024 2244 3201 2313 major
3228 2254 3313 2301 est
3342 2248 3659 2316 praestantia
3686 2248 3821 2319 bap-

511 2344 645 2400 sent,
700 2332 969 2388 contentio
1018 2332 1160 2385 inter
1208 2330 1347 2393 illos,
1391 2345 1453 2385 ac
1490 2330 1641 2385 velut
1686 2332 1921 2387 schisma
1958 2332 2119 2388 obor-
2225 2332 2391 2400 tismi,
2415 2334 2564 2391 velut
2583 2334 2650 2388 ad
2670 2348 2831 2405 quem
2868 2332 2991 2405 ipsa
3020 2332 3355 2406 praedicatio
3375 2332 3528 2391 unice
3558 2336 3821 2406 disponit.

514 2428 626 2474 tum
701 2419 893 2488 fuerat,
990 2418 1119 2471 dum
1191 2416 1281 2469 alii
1368 2415 1695 2486 baptismum
1771 2436 1926 2475 suum
1998 2421 2119 2476 aliis

514 2466 896 2579 egressa:
963 2466 1167 2562 c211}
1194 2466 1940 2574 ᾞέεεεῐέέιὶῌῖέ”ἓειιιῖτίι“”ἐ
1998 2466 2119 2581 3.1;;
2709 2483 2867 2539 Νοιεε
2903 2481 2976 2539 ad
3011 2466 3183 2555 caput
3220 2484 3329 2542 XV.

510 2599 735 2671 quidem
780 2595 1016 2651 dicentes
1043 2636 1057 2660 ,
1106 2609 1237 2650 sum
1273 2595 1461 2659 Pauli,
1504 2609 1599 2666 ego
1638 2599 1832 2652 autem
1876 2599 2068 2669 Apollo
2100 2617 2118 2655 :
2308 2598 2644 2665 Ventitatur,
2690 2597 2738 2656 i.
2784 2613 2835 2655 e.
2869 2598 2915 2653 si
2951 2598 3083 2669 quid
3126 2598 3349 2655 ulterius
3383 2608 3572 2657 contra
3607 2599 3832 2675 baptis-

512 2704 606 2761 ego
646 2703 773 2744 vero
822 2685 1020 2758 Cephce
1047 2703 1066 2742 :
1115 2699 1212 2756 ego
1258 2699 1385 2741 vero
1435 2684 1664 2741 Christi.
1718 2686 1893 2742 ICor.
1932 2702 1973 2757 ι,
2029 2692 2115 2747 12.
2225 2705 2392 2756 mum,
2434 2686 2574 2743 ultra
2617 2703 2709 2741 eas
2741 2687 2953 2742 scilicet
2995 2688 3342 2759 quaestiones,
3379 2704 3513 2761 quas
3539 2690 3656 2759 jam
3698 2694 3833 2764 agi-

510 2781 580 2834 At
639 2777 835 2833 Paulus
889 2790 987 2830 eos
1052 2788 1261 2829 ommes
1302 2772 1431 2828 satis
1491 2773 1683 2830 acriter
1747 2776 2111 2847 reprehendit,
2228 2778 2476 2834 tavimus
2504 2784 2669 2847 atque
2694 2775 3064 2843 discussimus,
3094 2777 3369 2834 obmoveri
3397 2786 3576 2847 queat.

519 2882 627 2921 non
655 2865 945 2922 ministris
965 2861 1223 2933 baptismi
1271 2859 1590 2929 efficaciam,
1630 2862 1723 2918 sed
1751 2863 1851 2917 uni
1884 2864 2112 2932 Christo,
2294 2869 2586 2924 Retexam.
2627 2868 2901 2923 Retexere
2930 2881 3039 2921 non
3066 2872 3149 2921 est
3178 2864 3267 2921 hic
3295 2870 3593 2925 texturam
3619 2886 3831 2929 rursus

510 2964 762 3025 tanquam
806 2953 966 3009 unico
1006 2951 1247 3022 ejusdem
1293 2951 1532 3007 auctoris
1559 2967 1622 3006 ac
1657 2951 1976 3019 institutori,
2015 2955 2116 3008 ad»
2225 2953 2442 3012 1183
2479 2955 2797 3021 dissolvere,
2844 2964 2905 3011 ut
2958 2954 3089 3009 olim
3133 2970 3166 3009 a
3211 2956 3483 3028 Penelope
3542 2959 3831 3015 actitatum

509 3043 851 3099 scribendam
878 3055 1002 3098 esse
1038 3041 1369 3097 contendens
1412 3041 1673 3098 :Divisus
1704 3046 1788 3098 est
1808 3042 2061 3100 Christus
2093 3045 2122 3102 ?
2153 3044 2196 3122 ε
2226 3044 2390 3100 fuisse
2437 3043 2671 3116 legimus
2712 3061 2727 3099 :
2768 3044 2862 3100 sed
2898 3044 3079 3100 denuo
3117 3049 3325 3111 texere,
3370 3053 3464 3102 aut
3494 3052 3827 3118 pertexere,

513 3131 779 3205 Nunquid
807 3130 1025 3187 Paulus
1054 3130 1367 3199 cruciﬁxus
1415 3133 1497 3187 est
1520 3145 1628 3201 pro
1656 3129 1805 3186 vobis
1833 3128 1861 3185 ?
1890 3136 1990 3187 aut
2051 3133 2116 3189 in
2218 3134 2275 3187 id
2303 3142 2405 3203 est,
2439 3134 2493 3189 in
2534 3148 2593 3188 re
2629 3134 2798 3188 semel
2826 3141 3024 3203 erepta,
3056 3141 3218 3206 atque
3264 3135 3398 3189 tanti
3442 3150 3536 3205 per
3564 3136 3827 3207 abrupta,

538 3222 769 3279 nomine
832 3222 1002 3277 Pauli
1047 3219 1325 3290 baptizati
1384 3220 1518 3276 estis
1562 3218 1740 3288 Atque
1785 3220 1900 3276 haec
1950 3220 2113 3277 etiam
2218 3236 2466 3293 pergere.

511 3327 559 3368 c.
593 3326 678 3378 tu,
713 3313 746 3365 4
775 3318 830 3365 et
875 3325 1027 3381 seqq.
1060 3310 1231 3365 multo
1283 3306 1455 3379 magis
1506 3314 1806 3382 exaggerat.
1843 3309 2115 3366 Caeterum
2295 3307 2487 3363 Omisi.
2526 3305 2659 3361 Puto
2706 3321 2825 3377 cap.
2878 3307 2968 3372 12,
3016 3304 3114 3362 ubi
3168 3305 3239 3362 de
3295 3306 3506 3362 unitate
3552 3306 3834 3378 Baptismi

507 3402 702 3475 Apollo
730 3399 817 3455 hic
866 3399 962 3472 (ut
991 3401 1112 3455 Act.
1144 3398 1300 3468 xvm)
1348 3398 1438 3467 24,
1479 3405 1533 3454 et
1574 3412 1726 3469 seqq.
1767 3398 2111 3468 describitur,
2220 3397 2445 3450 verbum
2498 3392 2676 3449 facere
2721 3394 3012 3464 inceperat.
3063 3394 3180 3449 Illic
3225 3395 3369 3449 enim
3431 3396 3674 3465 omisit,-
3732 3414 3833 3453 seu

510 3499 625 3546 crat
655 3491 879 3547 Iudaeus
920 3489 1149 3562 quidam
1175 3487 1601 3544 Alexandrinus
1626 3502 1846 3558 genere,
1874 3490 1964 3546 vir
2003 3488 2116 3545 elo—
2219 3486 2554 3551 intermisit,
2608 3498 2719 3554 quo
2766 3498 2930 3539 sensu
2968 3483 3151 3539 Horat.
3202 3482 3259 3538 in
3307 3485 3344 3539 l.
3376 3484 3442 3540 de
3473 3488 3607 3542 Arte
3664 3486 3835 3546 Poet.

517 3596 716 3652 quens,
756 3584 811 3637 et
850 3581 1046 3650 potens
1084 3578 1148 3633 in
1190 3577 1519 3648 Scripturis.
1558 3577 1655 3631 Hic
1696 3593 1819 3632 cum
1867 3577 2113 3632 nondum
2227 3575 2394 3632 dixit:

512 3669 731 3733 Christi,
782 3667 881 3721 sed
923 3667 1038 3721 solo
1078 3665 1307 3722 Joannis
1349 3666 1668 3735 baptismate
1715 3666 1953 3721 initiatus
1978 3665 2114 3723 fuis-
2345 3672 2591 3736 Pleraque
2616 3669 2837 3731 differat,
2857 3678 2904 3720 et
2935 3683 3157 3733 praesens
3190 3670 3251 3720 in-
3270 3678 3470 3734 tempus
3501 3671 3735 3724 omittat.

513 3764 617 3821 set,
649 3763 895 3810 attamen
922 3758 1146 3825 fervens
1176 3755 1386 3825 spiritu
1415 3755 1763 3825 loquebatur,
1802 3758 1859 3811 et
1887 3754 2115 3813 docebat
2290 3758 2653 3827 Intercidere.
2702 3757 2761 3811 Id
2800 3766 2902 3821 est,
2942 3773 3009 3814 ne
3056 3759 3421 3815 imminentes
3456 3774 3688 3828 sensus,
3730 3777 3840 3820 seu

513 3846 819 3915 diligenter
856 3859 922 3899 ea
946 3860 1069 3913 quae
1087 3847 1227 3898 sunt
1246 3844 1373 3899 Jesu
1402 3860 1420 3897 :
1452 3843 1799 3911 postmodum
1827 3842 2026 3915 Aquila
2053 3848 2111 3902 et
2215 3863 2382 3920 porro
2438 3845 2677 3903 dicenda
2720 3847 2937 3916 penitus
2988 3844 3357 3913 dissociarem,
3422 3847 3603 3920 itaque
3667 3850 3837 3905 telam

517 3931 784 3989 Priscilla
816 3930 1145 4001 diligentius
1183 3932 1595 4001 exponentibus
1623 3931 1677 3987 ei
1705 3931 1858 3986 viam
1883 3931 2113 3989 Domini
2216 3953 2451 4000 omnem,
2479 3937 2623 3990 velut
2650 3934 3062 4000 intercidendo,
3096 3934 3497 4005 abrumperem.

515 4022 657 4095 (Act.
706 4036 869 4087 xvm,
914 4023 985 4075 25
1018 4031 1073 4076 et
1100 4019 1192 4091 26)
1240 4027 1293 4073 et
1328 4018 1695 4075 verisiniiliter
1741 4019 1902 4076 etiam
1931 4021 2109 4089 bapti-
2287 4021 2663 4093 Baptismum.
2703 4021 2769 4077 Ut
2796 4018 2973 4075 Graeci
3013 4021 3066 4073 τὸ
3098 4020 3375 4092 βάπτισμα,
3405 4021 3479 4075 ita
3514 4028 3569 4076 et
3607 4035 3688 4077 ex
3726 4020 3846 4077 Ln-

514 4128 605 4169 mo
663 4111 862 4167 Christi
927 4126 1049 4166 eum
1115 4109 1465 4164 initiantibus.
1531 4110 1718 4181 Itaque
1774 4127 1899 4166 cum
1954 4111 2110 4167 dein-
2190 4109 2343 4173 ,tinis
2384 4109 2620 4181 quidam,
2661 4124 2764 4164 nec
2809 4116 3016 4163 tantum
3056 4109 3420 4165 Tertullianus
3472 4116 3693 4175 noster,
3737 4109 3847 4165 sed

516 4216 664 4273 ceps,
712 4201 765 4255 in
796 4200 1069 4257 Achaiam
1110 4199 1549 4271 Corinthumque
1579 4199 1903 4269 perrexisset
1951 4201 2108 4271 (ibid.
2212 4199 2371 4254 etiam
2410 4197 2465 4253 S.
2506 4196 2699 4254 Ambr.
2738 4196 2963 4268 passim,
3004 4206 3198 4254 neutro
3222 4211 3423 4269 genere
3453 4198 3849 4269 baptismum,

517 4290 589 4346 2'7
617 4292 671 4345 et
714 4305 763 4344 c.
797 4304 917 4358 nx,
965 4286 1040 4361 1),
1079 4287 1293 4359 illisque
1332 4288 1529 4344 multos
1553 4287 1811 4344 Ecclesiae
1841 4304 1937 4359 per
1980 4288 2111 4361 bap-
2214 4288 2319 4358 mi,
2349 4286 2525 4344 dicere
2556 4284 2751 4342 solent.

515 4378 738 4433 tismum
784 4377 1138 4447 adjunxisset,
1186 4376 1287 4432 hac
1331 4377 1617 4433 occasione
1646 4374 1894 4433 nonnulli
1929 4376 2110 4433 Corin-
2141 4380 2187 4458 ο
2294 4377 2412 4434 Una
2470 4375 2719 4433 Ecclesia
2766 4376 2832 4430 in
2887 4374 3060 4432 caelis.
3111 4374 3292 4430 Innuit
3343 4375 3463 4431 sine
3515 4374 3700 4433 dubio
3762 4376 3855 4443 id,

520 4467 758 4523 thiorum
797 4465 1116 4537 studiosius,
1152 4480 1315 4537 quam
1360 4481 1457 4536 par
1491 4472 1623 4533 erat,
1656 4480 1754 4535 pro
1781 4465 1899 4534 ejus
1939 4466 2110 4540 gloria
2218 4466 2362 4537 quod
2409 4466 2601 4535 Apost.
2648 4462 2717 4517 ad
2757 4463 2954 4533 Ephes.
2998 4478 3076 4530 Iv,
3119 4466 3175 4535 5,
3214 4464 3403 4535 inquit.
3444 4465 3587 4522 Unus
3638 4465 3855 4522 Donu—

518 4555 876 4615 decertabant.
933 4555 1067 4624 Quae
1117 4570 1204 4610 res
1260 4554 1401 4610 adeo
1484 4570 1591 4610 non
1672 4554 1945 4623 placuerat
2004 4555 2104 4626 ipsi
2214 4568 2340 4621 nus,
2370 4570 2489 4610 una
2524 4566 2712 4623 FIDES,
2744 4568 2921 4609 unum
2958 4566 3247 4610 mensam.
3300 4554 3549 4625 Etenim,
3579 4560 3649 4607 ut
3690 4553 3857 4610 idem

504 4646 733 4719 Apollo,
785 4654 843 4700 ut
890 4644 1068 4715 potius
1105 4643 1226 4699 inde
1275 4642 1517 4699 offensus
1581 4642 1637 4697 in
1690 4644 1915 4699 Cretam
1981 4661 2101 4701 cum
2209 4641 2400 4712 Apost.
2442 4639 2559 4695 Iad
2605 4641 2869 4710 Corinth.,
2901 4657 2996 4711 xu,
3049 4645 3139 4708 13,
3187 4642 3440 4714 loquitur,
3472 4644 3535 4698 in
3564 4657 3689 4699 uso
3718 4658 3859 4700 sm-

523 4740 693 4802 Zena,
744 4734 1078 4809 legisperito,
1127 4732 1436 4805 confugerit
1486 4732 1567 4805 (ut
1623 4740 1838 4788 sanctus
1880 4732 2101 4791 Hieron.
2210 4745 2564 4802 mruomnes,
2584 4733 2648 4787 in
2677 4745 2830 4788 unum
2848 4746 3057 4788 conpes
3081 4731 3363 4804 baptizati
3390 4747 3616 4788 sumus.
3646 4735 3858 4806 Atque

524 4827 735 4885 Comm.
792 4827 854 4879 in
895 4826 997 4895 Ep.
1063 4822 1134 4878 ad
1197 4824 1297 4879 Tit.
1342 4838 1464 4894 cap.
1528 4824 1581 4888 3,
1632 4822 1879 4894 testatur)
1936 4840 2104 4893 neque
2210 4818 2334 4874 hinc
2381 4820 2538 4873 etiam
2570 4819 2738 4876 Clem.
2774 4816 3192 4876 Alexand.l.1v
3222 4822 3432 4880 Strom.
3463 4838 3518 4892 p.
3577 4838 3662 4876 m.
3702 4825 3854 4895 326,

523 4915 677 4985 prius
761 4913 885 4968 inde
968 4911 1146 4969 redire
1223 4910 1481 4979 voluerit,
1532 4910 1704 4967 donec
1776 4910 2104 4970 dissidentes
2207 4907 2317 4962 ait:
2374 4928 2397 4959 σε
2434 4908 2729 4964 Credentes
2760 4925 2853 4981 per
2881 4925 3045 4964 unum
3084 4909 3351 4980 baptisma
3399 4910 3465 4963 ad
3513 4922 3858 4967 consuetu-

526 5004 809 5060 Corinthii
833 5001 1065 5059 invicem
1112 5000 1441 5057 reconciliati
1468 5008 1648 5055 essent
1680 5017 1693 5057 :
1726 5003 1919 5072 quibus
1957 5012 2103 5073 post—
2208 4997 2387 5052 dinem
2441 4997 2586 5053 omni
2631 5013 2696 5052 ex
2748 5004 2900 5068 parte
2948 4996 3241 5070 Perfecta!!!
3298 4998 3467 5055 εώιαίι
3522 4999 3856 5065 Dominus.

516 5090 737 5146 modum
777 5089 1067 5161 episc0pus
1109 5090 1267 5144 datus
1310 5087 1546 5145 creditur
1578 5105 1592 5143 :
1661 5104 1966 5161 quanquam
2010 5091 2100 5147 alii
2207 5088 2301 5159 qui
2331 5086 2489 5142 etiam
2528 5087 2698 5141 multa
2724 5087 2927 5159 Moysis
2956 5087 3281 5161 baptismate
3312 5105 3409 5159 per
3444 5104 3614 5145 unum
3671 5105 3866 5147 com-

521 5180 807 5247 Caesarew,
834 5188 928 5236 aut
955 5180 1151 5249 Iconii,
1184 5185 1275 5234 aut
1300 5180 1487 5246 Durae,
1519 5185 1646 5247 etc.,
1677 5178 1994 5252 episcOpum
2021 5181 2101 5237 fa-
2209 5176 2494 5248 prehendit
2515 5174 2863 5246 baptismum.
2901 5197 2924 5228 ι

513 5277 656 5325 ctum
685 5266 851 5323 fuisse
875 5266 1059 5323 velint.
2274 5267 2539 5323 Caeterum
2594 5267 2857 5324 nonnulla
2908 5267 3326 5340 transpositione
3371 5267 3681 5324 verborum
3742 5286 3874 5328 no-

588 5360 853 5415 Caaterum
916 5370 1114 5411 nomen
1166 5356 1273 5410 hoc
1328 5356 1523 5428 Apollo
1567 5370 1675 5411 non
1719 5363 1803 5411 est
1843 5353 1991 5410 idem
2035 5372 2099 5413 ac
2204 5363 2315 5412 ster
2360 5355 2445 5412 hic
2481 5371 2612 5412 usus
2636 5364 2740 5423 est,
2782 5357 3132 5431 baptismum
3159 5356 3419 5422 secundo,
3462 5356 3673 5415 Fidem
3706 5376 3870 5420 vero

514 5447 795 5523 Apollinis
850 5444 962 5515 dei;
1005 5443 1146 5499 istud
1188 5443 1330 5499 enim
1373 5444 1514 5517 apud
1561 5444 1783 5500 Griecos
1818 5442 2095 5517 Ἀπόλλων,
2203 5446 2390 5518 (quam
2427 5462 2524 5516 per
2567 5446 2898 5516 Ecclesium,
2948 5447 3106 5517 cujus
3158 5443 3254 5501 illa
3283 5447 3471 5519 utique
3510 5447 3671 5503 velut
3719 5449 3868 5504 ani-

510 5541 650 5609 ωνός,
700 5537 904 5610 quintae
972 5532 1256 5592 declinatio
1303 5542 1385 5590 est
1448 5533 1583 5590 illud
1640 5548 1768 5589 vero
1849 5531 2099 5599 Ἀπολλὼς
2205 5551 2313 5605 ma,
2332 5536 2449 5592 haec
2484 5550 2616 5593 vero
2644 5550 2786 5594 verae
2817 5536 2950 5607 ﬁdei
2988 5553 3057 5594 ac
3087 5537 3380 5611 religionis
3408 5536 3638 5607 prapria
3670 5540 3871 5596 sedes

503 5624 639 5693 (sic
694 5625 837 5681 enim
921 5626 975 5680 in
1047 5623 1255 5681 Graecis
1348 5620 1741 5693 exemplaribus
1834 5622 2098 5696 scriptum
2205 5633 2306 5697 est,
2340 5625 2599 5681 denotare
2626 5624 2865 5697 videtur)
2895 5625 3053 5681 tertio
3082 5625 3204 5683 loco
3232 5639 3712 5684 commemorans.
