4028 6180
608 379 743 437 1263

670 508 866 560 Contra
921 512 1095 560 autem
1154 503 1450 558 obmovent
1497 501 1608 569 alii,
1656 517 1779 556 cum
1828 502 2187 558 Tertullianus
2217 520 2262 598 Α

593 593 687 648 lib.
724 609 887 649 suum
919 593 984 649 de
1014 596 1176 665 Bapt.
1213 593 1387 646 adhuc
1435 590 1766 661 Catholicus,
1796 598 1847 646 et
1896 597 1955 645 ut
1984 590 2038 645 in
2074 593 2179 661 QQ.

598 683 737 738 Crit.
760 682 830 737 ad
859 682 949 737 lib.
973 681 1038 738 de
1061 683 1383 754 Prwscript.
1409 696 1457 735 c.
1476 682 1554 749 7.,
1587 678 1839 747 diximus,
1857 680 2002 734 circa
2030 678 2178 745 AJC.

594 773 699 825 197
760 771 885 842 (quo
932 768 1161 825 fortasse
1206 767 1538 840 Agrippinus
1582 770 1822 823 nundum
1871 767 1988 825 sedi
2037 768 2181 827 Car-

594 860 747 933 thag.
807 859 1056 915 admotus
1124 857 1345 926 fuerat)
1406 856 1699 928 scripserit,
1759 865 1812 911 et
1860 856 2179 929 persecutio

590 965 681 1004 an.
733 952 837 1004 202
870 957 1046 1020 coepta
1090 955 1277 1004 contra
1326 946 1655 1005 Christianos
1684 945 1849 1001 ferme
1898 963 2068 1019 usque
2110 948 2178 1002 ad

587 1055 677 1094 an.
704 1043 805 1094 213
827 1036 1215 1110 perduraverit,
1248 1052 1378 1093 sane
1405 1042 1527 1090 ante
1547 1038 1688 1093 hunc
1729 1050 1927 1089 annum
1957 1034 2179 1107 (quippe

587 1130 689 1184 sub
758 1127 880 1199 ipsa
954 1127 1340 1199 persecutione
1399 1132 1692 1180 conventus
1747 1122 2175 1179 Christianorum

584 1217 784 1287 publici
837 1216 1185 1289 imperatorio
1243 1214 1416 1271 edicto
1473 1213 1633 1268 nimis
1680 1228 1865 1271 severe
1922 1211 2178 1283 prohibiti

583 1307 838 1378 fuerant),
906 1307 1150 1375 adeoque
1224 1302 1440 1359 nonnisi
1498 1302 1650 1358 annis
1707 1302 1777 1357 ab
1845 1302 1989 1358 edito
2042 1302 2175 1357 libro

588 1395 656 1453 de
698 1398 982 1467 Baptismo
1032 1394 1199 1449 ferme
1231 1396 1317 1459 18,
1350 1391 1556 1448 reddita
1584 1391 1803 1446 demum
1835 1405 1966 1461 pace
1994 1390 2175 1447 Eccle-

586 1482 701 1550 size,
733 1482 994 1539 celebrari
1022 1497 1131 1538 non
1158 1480 1413 1552 potuisse.

662 1571 701 1628 I
721 1571 886 1629 l85
944 1572 1019 1628 At
1058 1587 1185 1627 vero
1213 1569 1343 1641 quid
1367 1570 1512 1624 vetat
1538 1567 1593 1623 in
1618 1574 1761 1623 tanta
1788 1566 2173 1623 incertitudine

583 1660 968 1718 Africanorum
1027 1660 1338 1730 praesulum,
1389 1654 1765 1728 Agrippiniani
1826 1652 2171 1728 episcopatus

1674 375 1762 435 AD
1792 374 2081 437 GENUINA
2118 376 2557 441 TERTULLIANI
2595 378 2809 440 OPERA

3718 377 3835 437 1264

2294 507 2546 580 superius
2574 506 2731 562 allato
2771 502 3081 561 testimonio
3113 517 3418 577 congruere
3442 504 3674 560 videtur:
3702 520 3838 559 nam-

2293 613 2399 667 que
2439 596 2492 650 in
2538 595 2696 650 allata
2742 594 2833 649 illa
2888 595 2961 651 ad
3005 593 3352 653 Jubaianum
3398 592 3629 663 Epistola
3669 592 3839 649 diserte

2291 692 2543 756 testatur,
2572 686 2780 740 multos
2792 685 2919 755 jam
2940 699 3140 748 annos,
3155 690 3208 736 et
3228 684 3449 752 longam
3471 684 3681 737 (etatem
3697 680 3845 739 fuisse

2289 790 2363 830 ex
2400 790 2502 846 quo
2541 772 2637 830 sub
2684 772 2989 845 Agrippino
3036 773 3433 827 convenientes
3478 772 3716 843 episcopi,
3748 779 3840 827 etc.

2287 864 2450 934 Atqui
2517 861 2562 915 si
2614 861 2778 917 Conc.
2831 863 2934 916 hoc
2988 858 3218 929 primum
3263 870 3385 928 post
3430 859 3840 930 persecutionem,

2285 966 2427 1007 anno
2468 949 2718 1005 nimirum
2756 951 2859 1003 215
2899 948 3250 1016 celebratum,
3290 946 3517 1004 1188
3550 954 3601 1004 et
3641 946 3845 1017 epistola

2283 1037 2372 1093 illa
2403 1035 2620 1095 nonnisi
2656 1052 2741 1092 an.
2777 1038 2878 1092 256
2907 1035 3101 1105 scripta
3147 1034 3325 1101 fuerit,
3378 1050 3484 1091 non
3530 1034 3655 1090 adeo
3680 1035 3842 1091 multi

2285 1128 2428 1183 anni
2454 1126 2679 1197 (quippe
2724 1125 2895 1181 solum
2948 1124 3053 1193 b1),
3102 1140 3198 1178 nec
3241 1125 3396 1197 proin
3446 1124 3605 1196 longa
3638 1128 3784 1188 (etas,
3812 1140 3839 1178 a

2284 1230 2436 1271 conc.
2478 1214 2570 1270 illo
2617 1214 2874 1285 Carthag.
2918 1212 3205 1285 Agrippini
3252 1212 3592 1270 excurrisset.
3630 1212 3681 1268 Si
3721 1228 3841 1270 vero

2284 1304 2389 1360 hoc
2415 1303 2593 1375 ipsum
2638 1301 2827 1359 conci].
2859 1303 2925 1356 ad
2956 1302 3024 1356 A.
3052 1302 3116 1357 C.
3167 1301 3269 1360 194
3314 1318 3647 1373 reponamus,
3672 1302 3845 1357 saltem

2282 1394 2351 1448 62
2388 1393 2562 1461 annis,
2594 1390 2686 1463 qui
2732 1395 2961 1449 (etatem
2989 1390 3221 1462 denique
3264 1390 3528 1447 conﬁcere
3558 1399 3783 1462 possunt,
3819 1405 3852 1446 a

2284 1478 2537 1553 Cypriani
2575 1478 2862 1538 scribentis
2909 1490 3148 1550 tempore
3178 1480 3561 1537 removebitur.
3592 1478 3689 1535 Sed
3715 1495 3856 1549 pra:-

2282 1578 2387 1627 stat
2429 1585 2546 1624 rem
2596 1578 2782 1637 totam,
2824 1585 2892 1624 ex
2929 1568 3295 1640 Chronologia
3336 1568 3510 1641 Pagii,
3541 1583 3691 1640 quam
3732 1567 3859 1624 alias

2278 1657 2387 1727 jam
2436 1655 2491 1711 in
2532 1655 2630 1712 lib.
2662 1657 2729 1715 de
2757 1660 2965 1714 Praesc.
3016 1657 3249 1730 amplexi
3296 1656 3531 1727 fuimus,
3578 1657 3722 1713 velut
3769 1658 3861 1713 sub

581 1749 815 1819 initium,
875 1749 1157 1821 ipsumque
1213 1749 1312 1802 sub
1366 1744 1665 1815 Agrippino
1710 1741 1997 1800 concilium
2051 1751 2177 1801 ante
2218 1814 2256 1821 ﬂ
2288 1761 2454 1801 unum
2483 1743 2734 1801 intuitum
2766 1745 3032 1820 redigere.

579 1854 669 1895 an.
703 1814 811 1893 196'
848 1814 1217 1907 consignare?
1245 1842 1386 1890 certe
1414 1814 1555 1889 enim
1586 1833 1640 1887 id
1686 1833 1862 1907 magis
1904 1831 2182 1908 Cypriani,
2216 1814 2262 1893 Β

1449 1929 1947 1987 CHRONOTAXIS
1985 1930 2323 1987 HISTOBUE
2362 1929 2989 1987 REBAPTIZANTIUM.

700 2135 814 2172 ANNI

2853 2191 2945 2229 RES
2976 2191 3040 2230 AD
3068 2193 3336 2233 ηιετοειυλι
3364 2192 3725 2231 Ρειιτιπκτεε.

2728 2580 3037 2694 Agrippinus
3054 2584 3192 2634 circa
3213 2584 3262 2635 h.
3285 2596 3405 2636 ann.
3417 2583 3482 2647 ﬁt
3497 2581 3658 2648 epise.
3677 2541 3870 2694 Carth.‘

2728 2644 2882 2694 Conci
2908 2683 2921 2694 .
2955 2645 3189 2694 Carthaa.

2728 2644 2930 2718 Concilz
2955 2645 3195 2719 Carthag.
3239 2708 3249 2719 .
3326 2709 3335 2718 _
3418 2644 3427 2647 ’
3525 2644 3541 2648 ⁷
3654 2708 3665 2717 _
3859 2644 3874 2770 Ι

2727 2706 3064 2759 Tertulhanus
3091 2710 3274 2760 scribit
3300 2707 3390 2759 lib.
3416 2708 3478 2759 de
3505 2706 3803 2770 Baptistae.

2726 2829 3021 2884 Tertullian.
3041 2832 3225 2885 sensim
3246 2832 3418 2893 deﬁcit
3437 2798 3507 2883 ad
3518 2798 3877 2893 Montanum]

2723 3269 2868 3321 Circa
2881 3272 2937 3321 h.
2964 3284 3089 3325 ann.
3108 3270 3336 3323 Donatus
3359 3270 3519 3320 factus
3539 3283 3637 3332 ep.
3679 3270 3844 3323 Cant

2713 3706 3131 3771 Circaih.ann.S.
3152 3705 3438 3771 Cyprianus
3465 3706 3533 3767 ﬁt
3550 3721 3646 3769 ep.
3676 3709 3830 3763 Car:
3879 3695 3890 3771 I

2711 4137 3067 4191 Resuscitatur
3084 4137 3175 4189 lib.
3189 4138 3251 4190 de
3264 4136 3479 4200 Rebapt.
3498 4136 3894 4200 νηπίω

2767 4202 2933 4253 Carth.
2959 4202 3051 4252 sub
3072 4201 3125 4253 S.
3163 4200 3437 4264 Cypriane.

2704 4264 2750 4315 II
2769 4269 2821 4317 et
2838 4264 3079 4334 I_I_I_Cc_)_nc.
3100 4264 3337 4334 σιμ-φρει
3354 4264 3446 4314 sub
3466 4265 3587 4315 eod.
3611 4265 3681 4316 S.
3708 4268 3867 4334 Cypr-

2764 4326 2942 4378 scribit
2972 4326 3065 4393 Ep.
3095 4328 3160 4379 ad
3190 4326 3515 4378 Jubaianum.

1084 2192 1392 2232 PONTIFICES.
1514 2191 1526 2233 I
1935 2191 2299 2233 IIPEMTORES.

649 2260 864 2297 CHRISTI.

702 2464 794 2511 193
928 2452 937 2518 Ι
975 2456 1028 2506 8.
1078 2454 1310 2506 VICTOR
1349 2452 1528 2518 conti-l
1562 2453 1832 2518 Septimius
1853 2454 2083 2508 Severus.

1035 2534 1140 2570 nua
1159 2526 1208 2567 ta
1226 2518 1343 2567 han.
1371 2520 1479 2567 185.

698 2588 792 2636 195
927 2588 937 2636 Ι
1101 2608 1163 2617 -
1304 2605 1369 2616 -·
1513 2588 1523 2636 Ι
1806 2604 1872 2618 ·-
2097 2608 2156 2619 -
2373 2605 2437 2618 '-

696 2651 1521 2698 1961--1
1812 2667 2428 2679 ---

696 2714 787 2759 197
924 2700 1438 2759 IS.ZEPHYRINUS
1508 2700 1519 2759 Ι
1800 2730 1865 2741 --
2087 2730 2135 2740 .-
2360 2730 2424 2743 .-

695 2776 789 2823 198
921 2763 933 2828 Ι
1115 2795 1173 2805 -
1298 2792 1361 2803 —
1506 2763 1517 2828 Ι
1554 2763 1760 2828 Septim.
1793 2765 1907 2817 Sev.
1925 2779 2036 2817 cum
2053 2764 2155 2827 Fit.
2183 2766 2426 2817 Antoniu.
2448 2763 2667 2816 Caracal.

691 2898 785 2942 202
917 2886 929 2951 Ι
1106 2917 1165 2929 -
1302 2916 1361 2927 --
1503 2886 1513 2951 |
1546 2886 1763 2951 [uitium
1787 2895 2039 2951 persecat.
2068 2889 2343 2941 Christian.
2381 2900 2393 2946 λ

692 2958 786 3005 208
916 2950 927 3013 Ι
1104 2978 1163 2989 -
1297 2976 1362 2988 —
1502 2950 1512 3013 |
1552 2950 1766 3002 Severus
1790 2950 1906 3003 cum
1940 2953 2117 3013 Filiis,
2152 2953 2415 3004 Caracalla
2441 2955 2493 3003 et
2522 2951 2662 3004 Geta.

688 3019 775 3065 211
915 3012 926 3067 Ι
1109 3042 1171 3051 -
1295 3039 1359 3050 -
1501 3012 1511 3067 Ι
1549 3012 1806 3064 Caracalla
1834 3020 1885 3065 et
1915 3015 2038 3067 Geta
2064 3015 2181 3067 soli.

686 3080 779 3128 213
914 3075 925 3128 Ι
1106 3103 1169 3113 ——
1297 3101 1356 3111 —
1501 3075 1511 3128 Ι
1549 3075 1806 3125 Caracalla
1823 3079 1977 3128 solus.

686 3141 779 3190 217
914 3136 925 3190 Ι
963 3137 1015 3189 8.
1047 3136 1407 3189 CALLISTUS.
1501 3136 1511 3190 Ι
1546 3138 1815 3189 Macrinus.

686 3206 780 3252 218
912 3201 923 3263 Ι
978 3262 987 3263 7
1046 3227 1157 3263 m—
1222 3262 1257 3263 η
1294 3228 1355 3263 οτ-
1500 3201 1916 3263 |Heliogabalus.

684 3267 779 3314 222
911 3261 922 3315 Ι
961 3262 1013 3313 8.
1043 3261 1358 3313 URBANUS.
1499 3261 1509 3315 Ι
1545 3261 1825 3314 Alexander
1856 3263 2086 3315 Severus.

683 3330 778 3378 230
911 3322 937 3378 Ι’
959 3324 1009 3374 8.
1043 3322 1419 3376 PONTIANUS.

682 3392 776 3440 235
909 3385 920 3440 Ι
958 3387 1011 3437 8.
1043 3387 1351 3438 ANTERUS.
1496 3385 1507 3440 Ι
1542 3385 1861 3439 Maximinus.

682 3455 776 3504 236
909 3449 919 3504 Ι
956 3449 1009 3500 8.
1042 3449 1079 3499 F
1082 3450 1276 3500 ΑΒΙΑΝ
1284 3450 1378 3502 US.

680 3519 771 3565 237
908 3511 919 3579 Ι
1089 3539 1145 3549 -
1290 3539 1347 3550 -
1493 3511 1504 3579 Ι
1544 3511 1788 3579 Dalbinus
1820 3516 1873 3565 et
1906 3513 2180 3579 Pupienus.

679 3580 774 3628 238
907 3573 919 3628 I
1090 3601 1148 3611 -
1284 3599 1350 3611 —
1492 3573 1503 3628 Ι
1539 3573 1843 3625 Gordianus.

678 3641 772 3687 244
906 3636 918 3700 Ι
1086 3660 1147 3671 -
1285 3661 1349 3673 --
1490 3636 1501 3700 Ι
1536 3636 1816 3700 Ρὴὶιὶρριιε.

676 3702 771 3809 ξῗέ
904 3698 915 3809 Ι
1083 3721 1144 3733 -
1279 3724 1344 3735 -
1488 3698 1500 3809 Ι
1535 3698 1806 3763 Philippus
1840 3712 1951 3752 cum
1978 3699 2081 3752 Fit.
2106 3699 2355 3765 Philippo.

674 3824 769 3870 249
902 3820 913 3872 Ι
1083 3846 1141 3856 -
1276 3848 1335 3857 -
1487 3820 1499 3872 Ι
1534 3820 1734 3872 Decius.

672 3885 768 3931 250
901 3879 911 3931 Ι
948 3879 1101 3930 Sedes
1125 3888 1286 3931 vacat.

673 3947 761 3993 251
900 3941 910 3993 Ι
948 3942 999 3991 8.
1030 3941 1402 3993 CORNELIUS.

672 4009 761 4077 gs!
899 4002 910 4077 Ι
1021 4002 1386 4077 ἓῃῌβῌξᾷῃῃῃ
1484 4002 1496 4077 Ι
1529 4005 1720 4077 gallus,
1743 4007 2064 4077 Volusianus,
2080 4016 2132 4062 et
2159 4011 2490 4065 Hostilianus.

670 4071 765 4181 3.55:
896 4064 908 4181 Ι
945 4067 996 4116 5.
1021 4064 1408 4119 8ΤΕΡΗΑΝΙΙ8.
1481 4064 1493 4181 Ι
1529 4064 1828 4123 Valerianus
1857 4077 1910 4124 et
1938 4073 2218 4127 Gallienus.

666 4260 761 4309 256
894 4260 904 4309 Ι
1078 4279 1133 4291 -
1272 4281 1334 4291 -
1478 4260 1489 4309 Ι
1762 4286 1826 4298 -
2063 4288 2121 4299 -
2343 4289 2406 4301 .-

665 4386 757 4432 257
892 4377 902 4432 Ι
940 4378 991 4429 8.
1038 4377 1277 4430 SIXTUS.

666 4447 761 4494 258
892 4441 901 4494 Ι
940 4441 1094 4491 Sedes
1114 4449 1276 4491 vacat.
1474 4441 1485 4494 Ι
1749 4471 1813 4482 .-
2066 4474 2125 4484 ..
2331 4475 2397 4489 _

607 4625 774 4681 Vides
815 4638 983 4696 ergo,
1032 4622 1203 4676 lector
1265 4621 1550 4693 benevole,
1597 4620 1653 4676 in
1701 4623 1805 4678 hoc
1849 4635 2140 4695 systemate

547 4714 908 4789 Agrippinum
956 4720 1132 4783 neQue
1161 4710 1425 4782 Cypriano
1455 4709 1615 4764 nimis
1642 4726 1809 4782 prepe
1840 4714 2134 4785 admoveri,

538 4816 715 4872 neque
751 4801 901 4869 justo
949 4795 1165 4872 longius
1216 4795 1282 4849 ab
1329 4794 1518 4850 eodem
1548 4797 1838 4864 removeri,
1872 4798 2135 4870 facileque

537 4891 771 4961 spatium
808 4886 942 4941 illud
975 4900 1071 4956 per
1096 4885 1385 4948 Donatum,
1420 4883 1525 4955 Ep.
1559 4883 1937 4941 intermedium
1969 4888 2129 4956 (forte

535 4987 714 5031 autem
744 4982 800 5029 et
829 4990 968 5028 unus
996 4972 1218 5040 insuper
1254 4972 1453 5027 alterve
1484 4971 1887 5045 intercesserat)
1918 4975 2129 5047 impleri

534 5064 797 5137 potuisse.
844 5060 1090 5133 Denique
1119 5076 1247 5117 vero
1287 5068 1344 5115 ut
1391 5076 1491 5116 nec
1534 5068 1720 5117 sancto
1771 5062 2037 5134 Cypriano
2073 5068 2127 5122 et

528 5152 861 5229 Agrippino,
912 5152 985 5205 ita
1016 5166 1115 5207 uec
1156 5149 1482 5205 Tertulliano
1531 5164 1685 5205 error
1714 5149 1801 5206 hic
1847 5154 2125 5225 quidpiam

524 5246 661 5302 labis
690 5243 869 5299 intulit
902 5260 915 5296 :
948 5240 1153 5313 quippe
1181 5257 1306 5295 cum
1352 5241 1550 5311 dogma
1596 5239 1726 5295 illud
1755 5242 1823 5297 de
1851 5244 2121 5299 haereticis

528 5351 639 5392 non
686 5330 1086 5404 rebaptizandis
1133 5328 1377 5384 nondum
1424 5329 1490 5382 ab
1526 5328 1765 5385 Ecclesia
1811 5328 2113 5404 deﬁnitum,

521 5425 631 5481 imo
674 5440 762 5479 res
811 5424 928 5477 haec
968 5420 1036 5475 ad
1083 5417 1250 5472 solam
1281 5416 1536 5472 Ecclesiae
1582 5417 1921 5487 disciplinam
1950 5423 2115 5490 ρετιί-

517 5529 649 5568 nere
702 5511 863 5566 etiam
918 5508 1037 5564 aliis
1082 5504 1346 5574 Patribus,
1398 5505 1519 5561 vitae
1567 5505 1843 5562 sanctitate
1886 5507 2111 5584 insigni.

518 5599 647 5664 bus,
676 5598 797 5652 visa
841 5595 1020 5650 fuerit.
1075 5594 1229 5649 Unde
1275 5607 1450 5662 neque
1495 5599 1617 5663 post
1662 5604 1886 5650 mortem
1933 5598 2110 5656 sancti

508 5685 765 5755 Stephani
809 5688 964 5754 pcut.
1014 5690 1068 5737 et
1112 5680 1283 5736 sancti
1334 5680 1604 5752 Cypriani,
1666 5682 1783 5739 haec
1827 5684 2011 5756 opinio
2053 5696 2108 5744 et

2705 4450 2756 4501 S.
2786 4451 3071 4517 Cyprianus
3100 4452 3354 4517 Μανίαν-ιο
3387 4456 3723 4506 coronatur.

2250 4630 2452 4699 praxis,
2486 4630 2790 4701 haereticos,
2823 4648 2918 4686 seu
2944 4632 3013 4686 ab
3059 4631 3253 4689 haeresi
3298 4632 3365 4688 ad
3411 4632 3757 4692 Ecclesiam
3821 4657 3921 4694 ve-

2247 4719 2475 4788 nientes,
2526 4720 2908 4789 rebaptizandi,
2966 4720 3096 4791 quin
3146 4736 3318 4793 neque
3372 4728 3497 4792 post
3557 4727 3921 4781 concilium

2243 4805 2557 4862 Arelatense
2595 4824 2635 4874 1,
2666 4824 2756 4875 an,
2800 4810 2904 4864 315
2955 4809 3218 4877 habitum,
3270 4816 3323 4866 et
3352 4824 3510 4865 conc.
3563 4809 3919 4871 Nicaeum]:

2242 4911 2329 4949 an.
2388 4897 2491 4951 325
2555 4896 2889 4954 celebratum
2962 4899 3233 4970 (quorum
3288 4907 3461 4953 tamen
3527 4898 3921 4959 alterutrum

2238 4981 2408 5040 fuisse
2449 4983 2684 5041 creditur
2726 4986 3015 5043 concilium
3066 4986 3199 5043 illud
3250 4986 3576 5051 Plenarium,
3663 4990 3738 5044 in
3789 5007 3919 5063 quo

2239 5071 2295 5127 8.
2326 5076 2465 5146 Aug.
2500 5076 2578 5130 1.1
2606 5076 2671 5133 de
2702 5078 2861 5149 Bapt.
2895 5092 2944 5133 c.
2974 5079 3029 5143 '7,
3062 5084 3116 5131 et
3145 5075 3292 5143 alibi,
3324 5075 3466 5130 litem
3498 5076 3671 5134 hanc
3714 5080 3921 5149 plene

2236 5161 2500 5235 direptam
2564 5164 2685 5235 ait)
2762 5165 2909 5222 illico
2982 5166 3320 5236 exoleverat;
3379 5164 3605 5236 quando
3713 5171 3921 5225 etiam

2235 5260 2449 5307 sanctus
2503 5253 2730 5309 Basilius
2762 5295 2776 5321 ,
2827 5255 3043 5310 nonnisi
3098 5270 3184 5311 an.
3233 5253 3338 5311 379
3393 5263 3704 5329 mortuus,
3779 5274 3923 5313 ean:

2230 5340 2524 5414 unicuique
2552 5342 2808 5399 Ecclesiae
2849 5343 3067 5401 liberam
3115 5342 3354 5415 reliquit,
3388 5344 3649 5414 ipsemet
3693 5348 3931 5402 adhuc

2228 5431 2673 5500 rebaptizantium
2722 5433 2927 5505 praxim
2972 5435 3029 5490 in
3058 5450 3156 5490 sua
3202 5432 3440 5490 Ecclesia
3487 5443 3820 5503 secutus,
3862 5442 3936 5491 ut

2225 5517 2483 5578 Tournel.
2506 5530 2573 5577 tr.
2598 5522 2665 5580 de
2697 5524 2951 5580 Sacram.
2976 5524 3038 5579 in
3073 5538 3272 5595 genere
3294 5538 3348 5594 q.
3371 5524 3427 5576 7.
3449 5529 3552 5576 art.
3592 5524 3682 5592 2,
3720 5541 3804 5597 p.
3840 5542 3941 5580 [ιι.

2222 5607 2328 5661 100
2357 5615 2409 5662 et
2448 5624 2564 5683 seq.
2610 5610 2911 5669 confitetur.
2962 5612 3156 5670 Verum
3202 5626 3303 5669 nos
3345 5610 3462 5667 hec
3498 5608 3569 5666 de
3627 5628 3727 5670 re
3808 5625 3945 5669 suo

2221 5700 2463 5763 tempore
2491 5697 2637 5753 alibi.
