4028 6180
263 239 411 302 1265

241 429 430 486 monis
472 427 717 501 apprime
763 427 1031 500 peritum,
1087 432 1140 482 et
1180 429 1246 482 ab
1293 427 1481 482 eodem
1524 429 1636 497 jam
1683 434 1840 483 antea

241 519 413 575 alium
447 519 648 576 librum
679 519 746 576 de
779 518 1087 590 Baptismo,
1117 515 1175 570 in
1203 531 1314 587 quo
1351 518 1622 588 praecipue
1652 515 1718 570 de
1745 531 1839 573 eo-

243 608 373 663 dem
421 607 492 662 ab
545 605 813 662 haereticis
859 605 1087 662 invalide
1133 613 1384 676 suscepto
1408 647 1423 674 ,
1472 603 1836 676 proindeque,

245 709 378 750 eum
442 694 510 748 ad
572 692 872 749 Ecelesiam
917 699 1153 747 nostram
1224 691 1483 748 accedere
1528 691 1840 758 voluerint,

248 783 518 849 iterando,
551 788 755 854 egerat,
790 781 1054 852 scriptum
1097 779 1287 852 fuisse,
1325 779 1550 835 dubium
1581 794 1703 834 esse
1732 794 1842 835 non

249 877 452 940 potest.
483 870 711 945 insuper
755 885 882 926 vero
914 869 967 923 in
995 870 1032 924 l.
1065 870 1132 926 de
1165 870 1289 927 Cor.
1341 870 1456 926 Mil.
1488 885 1536 925 c.
1585 871 1638 936 6,
1673 875 1838 925 testa-

250 965 358 1024 tur,
399 973 458 1012 se
502 956 738 1013 materiae
789 955 879 1028 (de
924 955 1276 1029 Spectaculis)
1324 963 1547 1028 propter
1591 955 1838 1012 suavilu-

247 1043 371 1099 dios
399 1045 590 1101 Graeco
620 1060 832 1117 quoque
860 1060 1112 1100 sermone
1140 1042 1484 1109 satisfecisse,
1515 1052 1570 1098 et
1599 1058 1721 1100 mox
1771 1042 1838 1098 ad

242 1129 364 1185 init.
398 1131 520 1187 libri
548 1131 615 1188 de
652 1133 908 1190 Velandis
947 1132 1206 1204 Virginib.
1237 1131 1538 1187 luculenter
1575 1131 1831 1201 insinuat,

244 1236 309 1275 se
357 1223 463 1279 hoc
493 1223 674 1294 ipsum
717 1231 1091 1294 argumentum
1138 1222 1249 1290 jam
1298 1219 1445 1290 prius
1491 1221 1682 1277 Graece
1723 1225 1837 1274 tra-

241 1315 442 1367 ctasse.
492 1311 794 1366 Dolendum
824 1324 954 1368 vero
1003 1316 1106 1380 est,
1137 1309 1256 1365 haec
1291 1316 1345 1363 et
1372 1307 1476 1362 alia
1504 1309 1620 1378 ejus
1648 1307 1840 1364 Graeca

238 1406 598 1454 monumenta
630 1405 895 1455 vetustate
940 1397 1153 1469 pridem
1200 1406 1523 1469 consumpta
1551 1396 1836 1452 interiisse.

310 1506 554 1562 Peccata
581 1503 909 1562 diluuntur.
946 1505 1050 1561 Per
1075 1503 1398 1576 baptismum
1425 1518 1621 1574 nempe
1643 1518 1659 1574 ;
1680 1501 1839 1558 dein-

239 1605 378 1662 ceps
401 1602 584 1649 autem
604 1594 892 1651 commissa
920 1609 1016 1666 per
1048 1595 1310 1664 lacrymas
1346 1592 1534 1664 utique
1562 1591 1839 1664 poeniten-

239 1685 333 1748 ιίω
359 1683 593 1738 eluenda
621 1689 766 1738 sunt.

1088 235 1427 297 APPENDIX
1467 236 1530 296 V.
1573 265 1648 283 -
1674 235 1738 296 D.
1768 233 2149 300 GORBINIANI
2193 233 2438 296 ’1⁸ΗοΜῶ
2474 233 2720 298 ADNOT.

321 343 394 441 In
431 341 640 439 Griecq.
669 338 812 396 Sane
839 335 1242 452 'l‘ertullianuni
1263 335 1441 452 Graia
1465 352 1680 440 quoque
1715 353 1836 393 ser-
1869 374 1916 452 Α

3399 235 3534 296 1266

2421 441 2577 503 Notae
2605 437 2678 495 ad
2707 443 2878 512 caput
2909 441 3052 497 XVI.
3105 444 3108 448 ’

2020 603 2202 660 Unum
2230 605 2281 658 et
2301 601 2506 673 ipsum.
2532 601 2720 672 Neque
2747 599 2892 654 enim
2920 602 3124 657 iterari
3159 610 3354 672 potest.

2017 693 2301 765 Baptismo
2333 691 2496 762 tingi.
2529 689 2658 746 Luc.
2690 705 2792 756 ιιι,
2825 692 2914 754 50,
2944 690 3033 744 ubi
3063 690 3129 747 de
3159 691 3386 748 instante
3412 693 3536 765 Pas-

1945 755 2110 836 sione.
2126 793 2224 833 sua
2252 778 2487 848 loquitur
2517 794 2531 835 :
2564 793 2731 846 quam
2768 778 2929 833 etiam
2974 777 3156 846 Marci,
3205 794 3265 847 x,
3308 783 3396 846 38,
3428 755 3531 836 no-

1944 872 2089 925 mine
2115 868 2394 940 Baptismi
2421 865 2672 938 designat
2705 909 2720 933 ,
2762 865 2834 921 ita
2864 866 2930 920 ad
2980 866 3120 934 ﬁlios
3165 868 3412 924 Zebedaai
3440 871 3531 925 in-

1942 959 2171 1031 quiens:
2191 959 2432 1014 Potestis
2459 956 2639 1011 bibere
2669 956 2928 1024 calicem,
2948 973 3112 1028 quem
3132 973 3224 1029 ego
3247 957 3533 1016 bibiturus

1941 1066 2091 1114 sum,
2120 1050 2224 1104 aut
2248 1048 2547 1118 baptismo,
2597 1060 2700 1116 quo
2747 1061 2841 1115 ego
2889 1045 3163 1117 baptizor,
3199 1048 3476 1120 baptizari
3503 1047 3531 1103 ?

2016 1137 2272 1208 Scripsit.
2290 1136 2334 1191 Ι.
2367 1136 2523 1190 Joan.
2553 1149 2611 1188 ν.
2640 1137 2696 1201 6,
2718 1133 2810 1186 ubi
2844 1152 2858 1188 :
2891 1134 2981 1189 hic
3009 1139 3091 1190 est
3123 1137 3218 1207 qui
3247 1138 3403 1192 venit
3419 1154 3529 1208 per

1943 1239 2135 1289 suum
2157 1228 2214 1281 et
2233 1238 2576 1292 SANGUINEM,
2600 1224 2755 1279 Jesus
2781 1222 3173 1288 Christus,non
3193 1225 3258 1280 in
3278 1228 3430 1298 Aqua
3449 1245 3535 1287 so-

1949 1315 2084 1380 lum,
2118 1314 2211 1370 sed
2252 1317 2317 1370 in
2340 1328 2491 1378 AQUA
2519 1317 2574 1370 et
2601 1327 2905 1368 sanemus.
2939 1313 3041 1368 Ubi
3070 1314 3290 1384 quidam
3318 1318 3534 1375 codices

1944 1402 2141 1458 habent
2172 1397 2274 1457 :88
2304 1402 2501 1468 ὕδατος,
2543 1400 2626 1453 na‘t
2667 1400 2892 1473 αἵματος,
2943 1400 3022 1452 καὶ
3051 1401 3329 1474 πνεύματος
3364 1423 3377 1458 :
3413 1411 3449 1460 i.
3480 1423 3530 1462 e.

1941 1507 2047 1567 per
2072 1507 2300 1564 aquam,
2329 1493 2386 1547 et
2412 1491 2768 1561 sanguinem,
2801 1493 2856 1544 et
2883 1490 3175 1561 spiritum.
3209 1491 3532 1549 Postremum

1944 1588 2123 1636 autem
2152 1581 2290 1635 hanc
2315 1594 2504 1634 vocem
2563 1577 2652 1632 alii
2678 1577 3026 1649 superfluam,
3059 1586 3313 1650 recteque
3358 1579 3534 1654 omisi

1945 1682 2065 1723 sam
2092 1667 2411 1734 existimant,
2433 1682 2498 1723 eo
2527 1667 2672 1738 quod
2697 1682 2823 1721 mox
2851 1673 3142 1737 sequatur:
3173 1671 3242 1724 Et
3281 1658 3530 1740 Spiritus

316 1785 496 1843 Israel
530 1785 777 1844 Iudaeus.
818 1787 1039 1855 IsnAEL,
1085 1794 1146 1842 ut
1189 1785 1337 1844 idem
1379 1786 1578 1842 Noster
1624 1786 1677 1840 in
1709 1784 1746 1839 l.
1773 1799 1835 1841 xv

1945 1760 2052 1828 est,
2080 1757 2178 1828 qui
2206 1755 2859 1827 testiﬁcatur,quoniam
2881 1754 3136 1812 Christus
3155 1758 3242 1811 est
3287 1758 3524 1814 Veritas.

1953 1847 2219 1869 n---...'....-
2257 1847 2368 1869 ι..--
2393 1847 2528 1869 --.μι
2576 1843 2669 1869 -..ἒ
2688 1843 3072 1869 1--4.'...-....'.....
3101 1842 3318 1869 ..Ι-..λέμ
3359 1845 3484 1869 -..1-
3513 1865 3524 1869 -

239 1871 372 1930 adv.
408 1875 571 1931 Marc.
605 1891 653 1930 e.
703 1877 791 1941 39,
837 1874 1242 1944 interpretatur,
1273 1884 1398 1944 est;
1435 1890 1563 1930 cum
1595 1876 1700 1930 Deo
1737 1873 1835 1930 in-

239 1965 548 2028 valescens,
580 1970 672 2018 aut
698 1942 994 2019 secundum
1026 1961 1160 2018 alios
1200 1962 1354 2034 quasi
1380 1942 1462 2022 ἣδε
1491 1969 1626 2022 mw
1655 1959 1835 2017 domi-

237 2053 422 2107 natus
443 2054 526 2107 est
553 2053 682 2107 Deo.
712 2049 820 2105 Sed
849 2057 905 2106 et
932 2049 1052 2122 ipse
1081 2057 1313 2106 context.
1344 2049 1488 2105 Gen.
1517 2063 1711 2113 χχχιι,
1745 2051 1836 2122 28,

237 2138 488 2210 apprimc
517 2145 798 2204 consonat,
829 2137 924 2193 ubi
963 2139 1206 2211 Angelus
1233 2140 1300 2195 ad
1342 2138 1511 2195 Jacob
1543 2155 1558 2194 :
1607 2139 1833 2211 Nequa-

236 2207 415 2299 quam
439 2228 605 2284 Jacob
633 2227 1011 2302 appellabitur
1039 2207 1248 2286 nomen
1279 2233 1463 2297 tuum,
1507 2227 1603 2285 sed
1629 2207 1836 2302 (θέων)

232 2316 468 2392 IsnAnL;
499 2316 623 2390 quia
643 2318 911 2389 sio-111w)
938 2332 1138 2373 ron'rts
1168 2333 1374 2382 rms'n,
1392 2332 1485 2372 seu
1504 2316 1838 2392 prwvaluis-

237 2407 287 2461 ti
309 2389 532 2474 (mn‘m
568 2406 677 2475 ny)
707 2419 926 2461 CONTRA
953 2405 1139 2474 Dauni,
1190 2410 1400 2479 quanto
1428 2389 1610 2477 magis
1631 2409 1835 2462 contra

237 2490 494 2550 homines
520 2493 852 2567 prcevalebis
880 2493 902 2547 Ι

311 2611 673 2685 Inquinatur.
704 2610 870 2666 Erant
891 2608 1097 2665 Iudaeis
1126 2607 1426 2665 innumerae
1453 2606 1689 2665 lotiones
1722 2617 1837 2665 tum

235 2696 294 2752 in
326 2699 467 2755 libro
506 2698 694 2768 Exodi,
727 2706 839 2753 tum
879 2697 1121 2764 Levitici,
1172 2696 1518 2768 prascriptae,
1555 2711 1689 2767 quas
1717 2696 1832 2752 sin-

234 2788 398 2858 gulas
427 2802 728 2852 recensere,
761 2801 889 2841 sane
921 2785 1266 2841 redundantis
1297 2799 1480 2855 Operae
1505 2791 1667 2840 esset.
1700 2783 1834 2841 Om-

233 2875 331 2930 nia
359 2883 540 2930 autem
582 2876 700 2929 haec
728 2875 934 2930 lavacra
964 2871 1097 2927 nihil
1127 2872 1194 2928 ad
1240 2871 1475 2927 animam
1505 2872 1831 2928 abluendam

233 2977 303 3017 ex
352 2979 410 3018 se
439 2970 704 3032 poterant,
745 2962 840 3016 sed
871 2961 1004 3017 solis
1054 2962 1276 3017 maculis
1322 2976 1384 3016 ae
1440 2959 1834 3032 impuritatibus

232 3048 498 3121 legalibus
565 3057 621 3105 et
683 3050 1058 3122 corporalibus
1112 3047 1487 3106 metiebantur.
1562 3050 1834 3106 Praeterea

1950 1847 2224 1915 Quoniam
2255 1847 2368 1900 tres
2387 1847 2548 1909 sunt,
2570 1843 2669 1915 qui
2686 1843 3077 1899 testimonium
3096 1842 3241 1900 dant
3259 1845 3322 1900 in
3351 1845 3485 1901 caelo
3507 1865 3528 1901 :

1941 1937 2131 1999 Pater,
2162 1933 2410 1998 Verbum,
2435 1936 2490 1987 et
2511 1931 2762 2004 Spiritus
2789 1935 3046 1995 sanctus,
3062 1935 3118 1986 et
3139 1931 3198 1986 hi
3211 1935 3323 1988 tres
3343 1949 3529 1989 unum

1941 2024 2095 2080 sunt.
2128 2024 2199 2078 Et
2231 2026 2342 2078 tres
2377 2022 2516 2077 sunt
2542 2021 2639 2092 qui
2659 2020 3046 2077 testimonium
3075 2019 3216 2075 dant
3245 2022 3305 2076 in
3329 2023 3487 2077 terra
3509 2036 3528 2072 :

1942 2113 2211 2185 Spiritus,
2244 2114 2302 2169 et
2329 2111 2502 2184 Aqua,
2554 2114 2609 2167 et
2638 2109 2876 2181 Sanguis
2910 2150 2924 2176 ,
2979 2112 3035 2164 et
3079 2107 3139 2164 hi
3196 2112 3309 2168 tres
3349 2126 3532 2168 unum

1942 2205 2097 2260 sunt.

2018 2290 2462 2359 Gloriﬁcaretur.
2505 2284 2595 2341 Sic
2623 2287 2766 2341 enim
2797 2285 2854 2342 S.
2903 2286 3110 2351 Petrus,
3142 2292 3246 2341 act.
3303 2301 3386 2352 ιη,
3439 2289 3529 2355 13,

1939 2377 2141 2432 Iudaeis
2177 2376 2510 2446 exprobrans
2530 2372 2816 2444 perﬁdiam
2845 2389 3017 2440 suam,
3059 2374 3133 2428 ait
3170 2391 3184 2428 :
3226 2376 3372 2430 Deus
3402 2373 3532 2446 glo-

1942 2465 2164 2522 riﬁcavit
2179 2466 2393 2522 Filium
2413 2481 2582 2522 suum
2603 2465 2810 2533 Iesum,
2827 2478 2990 2535 quem
3008 2479 3100 2520 vos
3119 2461 3529 2530 tradidistis...,

1941 2559 1998 2612 et
2025 2556 2322 2612 Auctorem
2333 2556 2466 2610 vita:
2495 2551 3054 2624 interfecistis,quem
3072 2554 3219 2607 Deus
3232 2553 3534 2608 suscitavit

1940 2660 1977 2700 α
2004 2645 2268 2705 mortuis,
2294 2651 2396 2697 etc.
2427 2640 2522 2694 His
2550 2640 2694 2694 enim
2749 2654 2875 2696 vero
2923 2639 3056 2693 mire
3093 2647 3391 2694 consonant
3445 2656 3528 2710 ea,

1941 2746 2062 2801 quae
2091 2730 2149 2786 S.
2179 2729 2363 2784 Ambr.
2394 2728 2605 2785 Comm.
2637 2728 2700 2782 in
2728 2728 2859 2782 Luc.
2897 2740 2948 2781 c.
2981 2728 3070 2790 22,
3110 2726 3336 2796 eleganti
3377 2742 3531 2782 eom-

1937 2818 2140 2890 pendio
2178 2817 2491 2886 complexus
2519 2821 2598 2871 est
2628 2831 2640 2872 :
2696 2835 2718 2865 α
2754 2815 2889 2868 Tres
2935 2819 3104 2867 testes
3145 2821 3293 2880 sunt,
3341 2831 3486 2886 aqua
3510 2857 3525 2881 ,

1939 2904 2194 2978 sanguis,
2243 2908 2300 2962 et
2327 2904 2602 2975 spiritus;
2633 2916 2774 2973 aqua
2818 2902 2888 2956 ad
2933 2899 3248 2959 lavacrum:
3307 2903 3530 2974 sanguis

1938 2995 2005 3048 ad
2035 2993 2265 3065 pretium
2300 3008 2313 3049 :
2345 2989 2567 3062 spiritus
2614 2990 2683 3044 ad
2722 2989 3196 3046 resurrectionem.
3231 3008 3256 3040 ι
3287 2990 3528 3064 Itemque

1939 3082 1994 3137 in
2022 3080 2119 3137 lib.
2155 3095 2175 3136 ι
2205 3077 2272 3138 de
2301 3078 2449 3152 Spir.
2483 3081 2670 3135 sanet.
2701 3093 2750 3134 c.
2787 3081 2855 3132 6:
2889 3098 2913 3129 α
2945 3079 3096 3149 Aqua
3136 3076 3286 3133 testis
3325 3086 3408 3134 est
3438 3095 3528 3134 se-

232 3138 1822 3248 Ῐζῗῖίῖἐῗῖῗῖίξηῗ.ῘῨῖῗῗεῗῗῖεἶῗῗῨῘἎθῇῖῗῗῗῗῗῖαἶίῗηῗῗῗλδῗῗ
1859 3168 1904 3248 6
1931 3171 2212 3244 Ρυιιυτεες
2264 3138 2487 3243 salignis
2535 3166 2687 3222 ιθειῖε
2715 3174 2797 3222 εει
2846 3138 3072 3222 ωοτιίὲε
3104 3165 3327 3235 spiritus
3374 3169 3527 3224 testis

232 3224 478 3284 tionibus
498 3228 564 3282 ad
587 3228 1002 3284 ostentationem
1029 3243 1201 3298 usque
1231 3228 1511 3283 observari
1541 3228 1713 3284 solitae
1737 3272 1750 3296 ,
1771 3240 1828 3286 ut

231 3313 401 3371 Mare.
432 3331 539 3385 vn,
565 3331 622 3371 ν.
655 3318 688 3371 6
719 3323 773 3370 et
801 3333 915 3388 seq.
938 3316 1170 3371 habetur
1201 3316 1535 3382 :Phariswi,
1566 3323 1623 3374 et
1643 3333 1832 3377 omnes

220 3404 440 3479 Judaei,
461 3406 579 3462 nisi
604 3405 792 3463 crebro
815 3401 1060 3463 laverint
1079 3421 1427 3471 manus,non
1455 3403 1828 3477 manducent,

236 3489 278 3547 Ι
299 3491 462 3551 187
495 3496 753 3552 tenentes
789 3494 1151 3552 traditionem
1172 3495 1496 3562 seniorum;
1517 3499 1575 3551 et
1631 3512 1668 3549 a
1707 3498 1830 3567 foro

231 3583 353 3640 nisi
362 3585 756 3658 baptizentur,
770 3598 885 3639 non
896 3582 1200 3640 comedunt
1218 3599 1236 3638 :
1259 3589 1312 3642 et
1327 3585 1448 3640 alia
1465 3583 1654 3641 multa
1671 3591 1829 3654 sunt,

232 3687 362 3744 qua:
381 3673 598 3729 tradita
617 3678 756 3730 sunt
776 3673 895 3729 illis
920 3689 1163 3739 servare,
1187 3670 1535 3746 baptismate
1555 3675 1824 3744 calicum,

228 3764 290 3818 et
319 3778 640 3826 urceorum,
681 3769 786 3817 etc.
814 3761 1014 3816 Contra
1043 3776 1179 3834 quos
1208 3762 1364 3834 proin
1383 3761 1481 3830 ib.,
1505 3776 1564 3819 ν.
1587 3765 1639 3833 6,
1669 3763 1826 3820 Chri-

229 3859 348 3904 stus
383 3847 502 3919 ipse
528 3845 798 3906 invehitur
829 3863 844 3904 :
876 3852 1024 3906 Bene
1051 3851 1403 3922 prophetavit
1431 3852 1606 3910 Isaias
1635 3853 1701 3910 de
1730 3869 1824 3911 vo-

230 3935 315 3995 bis
353 3935 676 4008 hypocritis,
699 3935 850 3992 sicut
878 3937 1163 4008 scriptum
1191 3942 1273 3996 est
1302 3955 1321 3995 :
1354 3939 1603 4010 Populus
1624 3941 1714 3998 hic
1744 3941 1826 3998 la-

231 4025 337 4082 biis
363 4041 454 4081 me
472 4024 729 4090 honorat,
760 4040 855 4081 cor
883 4029 1078 4082 autem
1106 4041 1298 4082 eorum
1334 4026 1492 4098 longe
1521 4032 1822 4086 estame...

233 4114 628 4186 Relinquentes
648 4113 803 4172 enim
825 4114 1167 4170 mandatum
1180 4117 1296 4182 Dei,
1335 4114 1540 4172 tenetis
1563 4117 1826 4174 traditio-

229 4199 688 4272 nemihominum,
703 4202 1044 4275 baptismata
1055 4217 1353 4260 urceorum
1370 4207 1426 4259 et
1443 4201 1818 4270 calicum,ete.

230 4288 304 4344 At
359 4289 655 4361 Apostolus
703 4290 772 4346 ad
818 4288 983 4348 Hebr.
1022 4305 1085 4346 xx
1117 4297 1171 4346 et
1200 4306 1313 4361 seq.
1344 4302 1404 4346 v.
1452 4292 1506 4360 9,
1537 4293 1604 4348 de
1653 4291 1822 4349 veteri

235 4377 578 4434 tabernaculo
615 4386 670 4433 et
715 4377 910 4433 oblatis
941 4379 994 4433 in
1042 4393 1109 4434 eo
1147 4381 1476 4437 muneribus
1520 4387 1578 4436 et
1623 4379 1820 4438 hostiis

228 4467 459 4540 loquens
495 4467 569 4524 ait
601 4482 616 4524 :
656 4469 788 4538 Qua:
811 4483 929 4528 non
957 4469 1190 4542 possunt
1200 4471 1381 4544 juxta
1416 4471 1828 4531 conscientiam

225 4561 548 4631 perfectum
567 4559 756 4630 facere
775 4559 1103 4617 servientem
1125 4558 1467 4619 solummodo
1487 4563 1550 4618 in
1578 4561 1732 4629 cibis,
1765 4565 1821 4620 et

229 4647 295 4704 in
325 4651 564 4721 potibus,
594 4653 651 4707 et
677 4652 743 4708 in
785 4651 963 4709 variis
1003 4650 1461 4725 baptismatibus,
1491 4656 1549 4711 et
1566 4650 1822 4728 justitiis

227 4739 442 4806 carnis,
473 4745 579 4795 etc.

307 4845 442 4916 Quae
470 4845 709 4906 ludibrio
751 4847 1138 4922 peccatoribus
1177 4863 1293 4906 non
1323 4850 1425 4907 est.
1471 4845 1674 4905 Sensus
1697 4863 1822 4905 esse

225 4933 443 4990 videtur
474 4947 492 4993 :
521 4950 648 5008 quae
680 4934 1089 5009 peccatoribus,
1124 4952 1280 4994 casso
1325 4935 1576 4995 videlicet
1601 4935 1817 5005 effectu,

225 5038 344 5081 non
380 5022 600 5089 illudit,
639 5021 696 5079 in
724 5039 784 5081 se
813 5023 1071 5080 nimirum
1117 5031 1392 5098 sperantes
1419 5023 1738 5093 destituens,
1767 5030 1822 5080 et

224 5111 542 5168 commerita
583 5113 824 5172 ludibrio
853 5129 1152 5186 exponens,
1188 5120 1247 5172 ut
1280 5115 1348 5170 ab
1378 5113 1483 5170 illis
1510 5113 1817 5171 Pbarisao-

227 5216 346 5256 rum
373 5201 608 5260 sordidis
643 5203 1012 5261 ablutionibus
1039 5203 1212 5262 ﬁebat.

298 5301 588 5374 Inquinat.
621 5301 900 5372 Ejusmodi
943 5301 1168 5359 lotiones
1201 5299 1590 5375 superstitiosa;
1619 5314 1819 5372 corpus

227 5386 533 5460 abluebant,
554 5391 647 5448 sed
668 5390 828 5446 simul
849 5390 1084 5447 animam
1105 5407 1244 5448 nova
1271 5388 1498 5459 macula,
1532 5389 1817 5463 hypocrisi

228 5472 570 5556 inﬁciebant.
591 5478 728 5538 Vide
749 5487 863 5538 not.
899 5481 1263 5554 Inquinatur.

1940 3266 2024 3317 est
2050 3259 2193 3317 vitae.
2228 3277 2252 3312 ι
2278 3260 2452 3330 Atque
2479 3257 2597 3312 haec
2622 3255 2812 3327 procul
2832 3254 2996 3312 dubio
3024 3270 3090 3310 ex
3115 3253 3232 3324 ipso
3256 3255 3524 3326 Apostolo

1937 3348 2132 3418 hausit,
2163 3345 2258 3420 qui
2279 3346 2348 3400 ad
2378 3345 2536 3400 Rom.
2567 3359 2650 3401 γι.
2678 3342 2733 3410 4,
2768 3341 2840 3396 ita
2868 3343 2942 3396 ait
2973 3359 2986 3398 :
3016 3343 3343 3415 Consepulti
3369 3346 3526 3401 enim

1935 3453 2130 3494 sumus
2158 3453 2289 3493 cum
2308 3435 2408 3491 illo
2431 3449 2531 3506 per
2551 3430 2891 3504 baptismum
2911 3433 2976 3486 in
3003 3436 3264 3496 mortem,
3297 3436 3364 3488 ut
3401 3449 3528 3504 quo-

1935 3526 2095 3583 modo
2141 3526 2396 3582 Christus
2441 3520 2755 3577 resurrexit
2782 3537 2817 3576 a
2844 3521 3109 3585 mortuis,
3141 3522 3227 3576 ita
3256 3524 3311 3577 et
3333 3537 3432 3577 nos
3462 3524 3525 3576 in

1933 3616 2187 3673 novitate
2215 3616 2347 3670 vitae
2373 3611 2744 3668 ambulemus.
2771 3609 2836 3664 Et
2863 3625 2983 3680 cap.
3015 3625 3076 3676 It,
3116 3613 3204 3676 12,
3237 3609 3308 3665 ita
3329 3610 3525 3666 Colos-

1933 3719 2117 3760 senses
2146 3717 2274 3758 suos
2317 3700 2611 3772 alloquitur
2641 3717 2655 3753 :
2689 3699 3018 3771 Consepulti
3059 3698 3194 3755 estis
3222 3699 3287 3754 in
3330 3699 3523 3772 bapti-

1931 3809 2121 3850 smum
2149 3794 2214 3848 in
2243 3805 2345 3863 quo
2367 3793 2422 3846 et
2450 3790 2844 3846 resurrexistis
2861 3805 2964 3861 per
2989 3788 3158 3858 ﬁdem
3179 3790 3524 3860 operationis

1933 3882 2051 3951 Dei,
2076 3881 2173 3956 qui
2195 3881 2491 3939 suscitavit
2520 3879 2690 3936 illum
2718 3897 2754 3935 a
2791 3878 3053 3936 mortuis.
3086 3877 3163 3932 Ita
3189 3877 3354 3952 igitur
3380 3892 3523 3932 non-

1931 3971 2035 4026 nisi
2064 3977 2186 4039 post
2229 3970 2537 4040 passionem
2565 3975 2617 4023 et
2664 3966 2942 4039 sanguinis
2991 3965 3317 4022 effusionem
3360 3966 3522 4021 Chri-

1931 4066 2047 4114 stus
2088 4057 2144 4112 in
2184 4056 2597 4114 Resurrectione
2641 4055 2972 4124 gloriﬁcatus
3020 4061 3146 4119 est,
3187 4059 3250 4108 ut
3300 4053 3524 4124 ipsemet

1934 4143 2213 4216 discipulis
2240 4143 2491 4200 euntibus
2520 4141 2576 4196 in
2620 4141 2900 4209 Emmaus,
2930 4142 3058 4194 Luc.
3091 4140 3180 4205 24,
3220 4141 3306 4204 26,
3340 4140 3521 4195 decla-

1929 4233 2108 4290 ravit:
2143 4233 2339 4290 Nonne
2369 4230 2486 4287 haec
2515 4230 2770 4301 oportuit
2802 4227 3095 4285 Christum
3129 4228 3278 4300 pati,
3331 4230 3389 4284 et
3433 4230 3520 4284 ita

1924 4324 2148 4381 intrare
2175 4321 2238 4377 in
2255 4320 2494 4392 gloriam
2504 4332 2667 4374 suam
2691 4321 2715 4373 ἵ

2005 4411 2242 4469 Eiectos.
2273 4405 2471 4478 Utique
2497 4405 2564 4461 ad
2592 4402 2720 4460 illud
2758 4402 2948 4458 Matth.
2981 4417 3082 4469 xx,
3134 4405 3221 4468 16,
3266 4412 3320 4459 et
3366 4419 3516 4475 χχιι,

1934 4499 2023 4568 14,
2055 4497 2277 4555 alludit:
2312 4497 2475 4554 Multi
2500 4497 2638 4552 sunt
2665 4492 2866 4558 vocati,
2893 4493 3069 4565 pauci
3096 4507 3223 4550 vero
3260 4493 3444 4550 electi.

2000 4586 2222 4646 Emisit.
2253 4584 2484 4656 Quando
2533 4582 2788 4638 nimirum
2834 4597 2984 4637 unus
3019 4581 3279 4637 militum
3319 4583 3516 4639 lancea

1931 4677 2083 4734 latus
2110 4678 2234 4748 eius
2269 4675 2515 4750 aperuit,
2557 4676 2614 4730 et
2652 4669 2921 4728 continuo
2963 4671 3142 4727 exivit
3184 4672 3415 4743 sanguis
3462 4675 3519 4727 et

1926 4782 2096 4840 aqua.
2125 4766 2277 4820 Joan.
2310 4779 2432 4830 xix,
2459 4763 2550 4818 34.
2569 4760 2704 4817 Vide
2726 4773 3036 4832 supra,cap.
3059 4766 3260 4829 Ix,not.
3275 4761 3514 4815 Lancea.

2079 4854 2158 4910 ia.
2179 4854 2282 4910 Pro
2318 4857 2407 4909 ut.

2079 4854 2158 4910 ia.
2221 4871 2248 4910 r
2318 4857 2407 4909 ut.

1998 4854 2304 5008 ῗέυἱδεῑηῖ,
2343 4941 2382 4999 i.
2403 4955 2477 5007 e.,
2506 4945 2730 5011 peccata
2759 4953 2856 4994 sua
2883 4935 3204 4993 'abluissent.
3247 4935 3384 4992 Vide
3409 4951 3511 4991 au-

1926 5037 2032 5087 tem
2071 5029 2199 5102 quid
2255 5027 2465 5085 intersit
2505 5027 2572 5100 (si
2631 5027 2816 5082 stricte
2863 5026 3010 5098 loqui
3065 5025 3317 5098 velimus)
3374 5025 3516 5081 inter

1927 5119 2118 5178 lavare
2147 5126 2198 5177 et
2218 5118 2418 5178 lavari.
2447 5136 2473 5171 α
2501 5117 2614 5174 Nos
2640 5117 2695 5174 in
2714 5114 2923 5173 balneis
2937 5114 3034 5184 (ait
3061 5117 3253 5183 Varro,
3286 5115 3380 5171 lib.
3405 5131 3507 5186 vn,

1924 5209 1989 5268 de
2012 5212 2168 5282 Ling.
2200 5210 2348 5281 Lat.)
2380 5216 2433 5264 et
2447 5208 2720 5274 lavamus,
2754 5213 2808 5263 et
2838 5207 3121 5264 lavamur.
3153 5205 3256 5262 Sed
3287 5220 3514 5260 consue-

1926 5300 2054 5355 tudo
2083 5299 2401 5355 alterutrum
2425 5315 2544 5354 eum
2577 5298 2711 5353 satis
2756 5297 2999 5361 haberet,
3031 5296 3086 5350 in
3133 5301 3244 5350 toto
3281 5309 3511 5364 corpore

1922 5389 2103 5458 potius
2128 5389 2329 5444 utimur
2368 5390 2645 5456 lavamur,
2679 5387 2732 5443 in
2761 5388 3008 5460 partibus
3055 5388 3329 5452 lavamus,
3367 5383 3506 5455 quod

1921 5477 2146 5535 dicimus
2178 5480 2298 5536 lavo
2326 5495 2552 5547 manus,
2582 5477 2660 5535 sic
2689 5485 2741 5534 et
2760 5477 2946 5551 pedes,
2985 5479 3052 5548 et
3072 5478 3298 5531 caetera.
3328 5472 3508 5542 Quare
