4028 6180
487 170 624 229 1267

1546 179 1635 236 AD
1674 179 1963 241 GENUINA
2002 181 2436 244 TERTULLIANI
2496 183 2713 244 OPERA

3642 185 3783 245 Η.ὃὸ

481 299 539 351 in
576 295 781 350 balneis
821 311 927 351 non
958 304 1099 353 recte
1126 298 1312 355 dicunt
1341 301 1489 356 lavi:
1523 302 1637 359 lavi
1654 321 1864 362 manus
1905 316 2072 375 recte,
2109 323 2155 399 Α
2181 324 2288 381 quo
2325 309 2552 380 pristina
2596 309 2906 366 innocentia
2954 310 3194 380 plenarie
3239 308 3561 381 restituitur,
3587 318 3649 366 ut
3677 326 3785 365 su-

484 382 603 448 sed,
634 382 890 454 quoniam
916 385 971 439 in
1002 386 1207 441 balneis
1242 388 1411 457 lavor,
1448 391 1671 449 levatus
1700 408 1847 452 sum.
1888 414 1911 444 θ

557 507 595 562 Ι
610 506 647 562 I
660 505 766 564 88
792 510 1135 582 Sanguinem
1154 516 1439 586 potarent.
1455 516 1583 570 Mihi
1612 517 1827 589 quidem
1846 517 2068 577 dubium

486 611 596 652 non
627 605 725 663 est,
765 598 914 652 innui
946 600 1031 653 hic
1076 610 1473 658 sacramentum
1516 604 1572 659 S.
1613 605 1985 674 Eucharistiaa,
2017 610 2071 665 in

492 700 602 759 quq
628 685 903 742 haurimus
931 690 1245 761 sanguinem
1278 693 1341 746 D.
1375 693 1446 747 N.
1479 694 1525 748 J.
1565 694 1647 763 C.,
1680 712 1788 751 non
1845 697 2073 771 ﬁguram

492 772 808 843 sanguinis;
859 792 1035 848 neque
1081 777 1219 832 enim
1278 780 1466 851 ﬁguris
1516 780 1845 854 liquidorum
1905 789 2075 858 potari

493 860 743 915 dicimur.
781 862 1001 918 Censuit
1036 880 1169 937 ergo
1218 868 1594 939 Tertullianus,
1632 872 1687 926 in
1743 886 2076 935 sacramento

490 948 586 1003 illo
613 964 741 1003 vere
798 952 1113 1021 sanguinem
1171 970 1200 1007 a
1247 956 1401 1010 nobis
1454 959 1648 1029 potari,
1684 962 1829 1016 illum
1876 964 2073 1036 ipsum,

494 1037 587 1107 qui
617 1037 669 1091 in
696 1037 950 1107 passione
984 1039 1202 1111 Christi,
1247 1044 1517 1116 prmcipue
1563 1064 1627 1103 ex
1678 1051 1920 1119 ejusdem
1984 1071 2076 1109 sa-

495 1126 797 1182 cratissimo
830 1128 1015 1194 latere,
1055 1131 1333 1203 proﬂuxit;
1392 1136 1458 1190 de
1506 1137 1609 1193 hoc
1655 1140 1794 1194 enim
1854 1141 2085 1211 ipsemet

494 1217 648 1270 Joan.
678 1233 756 1284 v1,
788 1219 856 1272 55
887 1225 938 1272 et
970 1234 1106 1290 seq.,
1140 1221 1307 1277 dixit:
1341 1224 1478 1283 Caro
1499 1243 1623 1283 mea
1652 1245 1777 1286 vere
1799 1235 1883 1287 est
1904 1234 2079 1302 cibus,

498 1307 555 1358 et
574 1305 801 1374 sanguis
820 1320 976 1361 meus
996 1321 1122 1362 vere
1138 1313 1222 1363 est
1241 1314 1423 1380 potus.
1447 1314 1554 1381 Qui
1568 1318 1881 1375 manducat
1895 1338 2079 1378 meam

499 1407 730 1447 carnem
756 1437 769 1462 ,
828 1397 883 1449 et
916 1394 1050 1450 bibit
1077 1413 1266 1452 meum
1302 1405 1661 1473 sanguinem,
1712 1408 1774 1462 in
1818 1401 1926 1466 me
1954 1428 2083 1467 ma-

499 1484 618 1547 net,
653 1490 754 1537 etc.
786 1481 1020 1538 Meretur
1047 1500 1262 1557 quoque
1282 1488 1367 1543 hic
1394 1490 1585 1547 adduci
1613 1494 1761 1549 locus
1792 1512 1856 1551 ex
1887 1497 1977 1556 lib.
2020 1501 2087 1557 de

502 1572 698 1625 Resur.
736 1585 918 1637 carn.,
956 1577 1132 1642 cap.8,
1167 1574 1256 1628 ubi
1288 1576 1516 1633 Noster:
1553 1601 1579 1633 ct
1609 1582 1745 1638 Caro
1778 1601 2002 1657 corpore
2033 1597 2085 1644 et

503 1660 765 1727 sanguine
822 1659 1014 1714 Christi
1071 1662 1323 1729 vescitur,
1374 1673 1431 1720 ut
1480 1668 1654 1725 anima
1698 1673 1812 1729 Deo
1867 1676 2083 1748 sagine-

504 1751 611 1799 tur.
668 1766 690 1793 »
751 1745 893 1801 Idem
949 1763 1166 1820 quoque
1223 1754 1480 1825 supponit
1521 1758 1576 1813 in
1625 1759 1715 1815 lib.
1783 1763 1848 1821 de
1906 1745 2086 1824 Carne

509 1835 743 1899 Christi,
775 1851 825 1890 c.
860 1838 947 1890 13.

575 1977 918 2049 Baptismus.
968 1977 1102 2035 Cum
1142 1980 1283 2037 enim
1340 1990 1605 2058 sanguine
1644 1994 1997 2054 eucharistico
2028 2014 2091 2055 os

503 2073 738 2137 potatur,
769 2066 931 2122 etiam
968 2070 1147 2127 anima
1190 2072 1420 2132 interius
1460 2079 1714 2138 abluitur.
1765 2085 1943 2141 Potius
1991 2106 2091 2145 au-

509 2163 614 2210 tem
645 2157 735 2210 hic
765 2156 1005 2230 intelligit
1033 2161 1356 2231 baptismum
1386 2170 1654 2239 martyrii,
1707 2172 1763 2227 in
1811 2192 1919 2245 quo
1968 2194 2093 2234 san-

508 2246 631 2318 guis
678 2256 857 2301 noster
902 2248 1284 2321 profunditur,
1333 2261 1389 2308 et
1434 2259 1497 2311 in
1554 2261 1768 2318 virtute
1811 2268 2094 2337 sanguinis

508 2334 729 2401 Christi,
760 2337 815 2389 in
852 2335 1099 2404 passione
1139 2346 1190 2392 et
1218 2356 1376 2397 cruce
1406 2360 1504 2413 pro
1548 2348 1704 2403 nobis
1751 2334 1945 2418 effusi,
1978 2357 2097 2410 ani-

508 2437 672 2486 mam,
705 2436 811 2476 non
839 2438 996 2478 secus
1023 2439 1088 2480 ac
1122 2425 1241 2495 ipse
1279 2428 1577 2499 baptismus
1605 2450 1775 2506 aquae,
1827 2440 1897 2495 ab
1925 2449 2098 2501 omni-

508 2510 609 2565 bus
637 2510 813 2580 culpae
838 2518 891 2567 et
915 2528 1093 2583 poenae
1123 2517 1347 2571 maculis
1367 2524 1637 2579 emundat:
1675 2546 1696 2574 α
1731 2528 1940 2586 Effusio
1971 2549 2099 2589 san-

511 2598 691 2670 guinis
718 2615 820 2670 pro
850 2601 1060 2658 Christo
1088 2603 1189 2675 (ait
1241 2605 1296 2662 S.
1338 2607 1593 2677 Thomas,
1624 2626 1687 2670 In
1719 2632 1799 2686 p.,
1831 2635 1885 2689 q.
1920 2624 1987 2676 66
2043 2640 2094 2678 a.

514 2692 604 2756 12,
646 2690 708 2743 in
743 2689 997 2762 Corpore)
1026 2698 1082 2745 et
1117 2694 1355 2763 Operatio
1393 2696 1618 2755 interior
1661 2703 1894 2774 Spiritus
1931 2713 2101 2767 sancti

512 2776 767 2833 dicuntur
795 2778 1160 2850 baptismate,
1191 2781 1246 2835 in
1276 2793 1535 2853 quantum
1563 2790 1802 2848 efﬁciunt
1848 2798 2100 2858 effectum

2186 414 2284 469 pra
2312 406 2423 456 not.
2452 398 2774 471 Baptismus
2806 398 3063 454 diximus.

2644 637 2800 695 Nota:
2821 636 2894 693 ad
2922 640 3095 711 caput
3140 638 3303 695 XVII.

2260 812 2625 871 Materiolam.
2658 814 2978 871 Perbrevem
3006 816 3149 871 hunc
3179 818 3489 873 tractatum.

2258 929 2600 1002 Accipiendi.
2633 931 2711 986 De
2738 933 3025 993 ministro,
3066 940 3119 986 et
3163 933 3426 1004 subjecto,
3459 932 3529 988 de
3558 948 3675 1005 quo
3706 939 3789 989 ta-

2188 1030 2312 1071 men
2340 1016 2627 1087 posteriori
2655 1017 2709 1073 in
2737 1034 2856 1089 cap.
2888 1036 3003 1091 seq.
3035 1018 3288 1091 loquitur.

2263 1123 2581 1196 Episcopus.
2624 1125 2681 1179 In
2727 1142 2825 1180 sua
2871 1126 3123 1181 nimirum
3171 1125 3417 1184 Ecclesia
3462 1144 3796 1199 supremum

2192 1211 2551 1267 sacerdotium
2592 1214 2840 1269 obtinens
2864 1258 2877 1281 ,
2926 1216 3292 1290 dignitateque
3328 1217 3613 1288 potestatis
3653 1219 3798 1273 reli-

2191 1299 2313 1370 quis
2362 1302 2611 1358 omnibus
2650 1303 2998 1375 praefulgens.
3047 1305 3184 1360 Cum
3225 1304 3367 1360 enim
3409 1305 3525 1362 veri
3569 1322 3631 1362 ac
3685 1323 3799 1380 ge-

2193 1387 2346 1443 nuini
2375 1390 2739 1458 apostolorum
2783 1406 3128 1447 successores
3159 1392 3265 1446 sint
3296 1393 3394 1448 soli
3427 1393 3703 1464 episc0pi,
3737 1394 3797 1449 hi

2194 1474 2247 1528 in
2278 1474 2491 1531 illorum
2534 1493 2754 1549 quoque
2786 1480 2876 1547 jus
2922 1481 3205 1549 transiere,
3254 1481 3452 1553 quibus
3489 1496 3522 1535 a
3568 1482 3797 1537 Christo

2194 1563 2531 1632 peculiariter
2586 1567 2969 1623 demandatum
3008 1567 3178 1622 fuerat
3224 1585 3237 1625 ε
3291 1572 3532 1634 Euntes,
3589 1570 3793 1627 docete

2193 1668 2384 1709 omnes
2401 1659 2612 1723 gentes,
2638 1655 2988 1727 baptizantes
3020 1670 3129 1719 eos,
3152 1667 3257 1711 etc.
3281 1657 3462 1713 Matth.
3495 1658 3597 1712 ult.
3614 1674 3681 1716 v.
3707 1664 3800 1715 19.

2119 1716 2161 1792 Β
2192 1739 2375 1805 Itaque
2416 1740 2473 1794 in
2523 1716 2717 1811 primis
2768 1743 3021 1799 Ecclesiae
3068 1744 3280 1801 saeculis
3334 1745 3610 1817 episcOpi,
3671 1750 3801 1816 jure

2197 1833 2450 1896 tanquam
2486 1829 2589 1884 sibi
2636 1829 2765 1886 solis
2800 1830 3022 1901 proprio
3066 1832 3410 1902 baptismum,
3441 1835 3672 1905 publice
3702 1837 3800 1889 ni-

2198 1913 2414 1980 mirum,
2448 1931 2545 1970 seu
2585 1915 2639 1970 in
2671 1917 2786 1987 ipsa
2814 1919 3057 1983 ecclesia,
3090 1919 3553 1986 administrabant,
3584 1938 3799 1991 quam-

2199 2000 2293 2056 diu
2340 2001 2539 2060 scilicet
2595 2005 2648 2059 in
2705 2005 2835 2062 solis
2879 2006 3120 2062 ecclesiis
3175 2008 3575 2064 cathedralibus
3604 2010 3804 2080 bapti-

2202 2091 2366 2146 steria
2393 2101 2570 2148 erecta
2588 2092 2817 2149 fuerant.
2858 2094 3178 2163 Quanquam
3200 2096 3363 2151 etiam
3392 2105 3519 2153 tunc
3548 2100 3801 2171 presby-

2204 2179 2299 2233 teri
2357 2180 2610 2248 astitisse,
2669 2183 2777 2237 imo
2816 2192 2869 2238 et
2923 2183 2980 2237 bi
3036 2183 3141 2253 ipsi
3188 2183 3333 2254 (cum
3381 2201 3576 2256 nempe
3623 2187 3808 2241 nimia

2202 2264 2646 2336 baptizandorum
2696 2271 2999 2342 multitudo,
3032 2287 3191 2343 quam
3221 2281 3334 2328 uta
3380 2274 3495 2329 solo
3526 2274 3809 2347 episc0po

2204 2356 2444 2425 expediri
2495 2360 2782 2428 potuisset,
2833 2360 3195 2431 conﬂuxisset)
3250 2361 3544 2432 baptizasse
3600 2363 3813 2434 legan-

2204 2450 2310 2503 tur.
2343 2445 2595 2515 episcopo
2634 2447 2838 2503 scilicet
2866 2464 3122 2519 expresse
3148 2449 3395 2518 jubente,
3427 2460 3588 2519 atque
3614 2452 3814 2522 bapti-

2206 2531 2338 2584 zatis
2370 2546 2493 2587 mox
2540 2544 2933 2591 sacramentum
2970 2535 3391 2592 confirmationis
3429 2538 3812 2609 impertiente.

2206 2616 2494 2689 Postquam
2551 2638 2696 2691 vero,
2757 2626 2933 2680 adhuc
2980 2624 3142 2682 latius
3178 2626 3517 2681 increscente
3557 2624 3818 2683 ﬁdelium

2206 2706 2567 2776 multitudine,
2619 2713 2669 2765 in
2699 2712 3050 2783 amplioribus
3099 2715 3393 2782 praesertim
3442 2714 3816 2784 diazcesibus,

2208 2793 2487 2852 difﬁcilior
2518 2799 2834 2871 quihusdam
2857 2802 2925 2857 ad
2949 2806 2986 2856 1
3003 2801 3039 2857 Ι
3056 2800 3173 2858 89
3202 2803 3503 2858 cathedrale
3532 2805 3818 2875 baptiste-

512 2867 766 2938 Ιιαριίεωὶ
795 2884 982 2939 aquae;
1032 2871 1331 2939 baptismus
1378 2882 1555 2932 autem
1600 2894 1759 2950 aquae
1806 2885 2097 2949 efﬁcaciam
2133 2901 2175 2979 ε
2202 2883 2344 2939 rium
2391 2902 2639 2945 accessus
2679 2899 2812 2957 erat,
2868 2898 2925 2944 ut
2963 2891 3120 2946 saluti
3171 2891 3468 2947 animarum
3502 2908 3571 2947 eo
3603 2897 3820 2950 certius

514 2956 1009 2979 LAL_L-_-_-:-_-
1044 2958 1236 2979 ﬂL.__'_4,'
1320 2963 1391 2979 An
1440 2965 1449 2975 ο
1488 2966 1517 2979 0,
2373 2975 2383 2979 _
2628 2978 2631 2979 ν
2752 2978 2755 2979 ,

514 2956 682 3011 habet
706 2972 737 3010 a
756 2958 1013 3027 passione
1043 2958 1257 3025 Christi,
1283 2970 1337 3019 et
1358 2963 1560 3036 Spiritu
1584 2980 1784 3030 sancto.
1824 2996 1847 3027 υ

590 3084 996 3153 Reprtesentat.
1038 3083 1157 3176 rion
1186 3084 1238 3139 in
1280 3103 1429 3144 mera
1464 3089 1695 3166 imagine
1736 3113 1800 3155 ac
1833 3104 2101 3176 symbolo,

518 3170 609 3225 sed
633 3170 686 3223 in
715 3173 987 3241 praesenti
1014 3170 1227 3238 effectu,
1262 3175 1363 3230 hoc
1384 3180 1527 3233 enim
1559 3185 1774 3255 prOprie
1805 3170 2105 3264 reprwsm;

522 3264 645 3317 tare
682 3265 784 3328 est,
824 3258 880 3313 id
910 3265 1010 3325 est,
1035 3276 1146 3314 rem
1186 3271 1528 3334 praesentem
1556 3273 1782 3331 reddere
1815 3258 2025 3343 {unde
2054 3293 2107 3338 et

521 3366 552 3405 a
577 3351 706 3406 Jesu
736 3349 946 3406 Christo
985 3350 1211 3420 pecunia
1262 3364 1667 3426 reprtesentari
1711 3366 1907 3423 dicitur
1936 3414 1949 3436 ,
1984 3389 2106 3427 cum

522 3441 835 3504 exhibetur,
869 3447 1029 3511 atque
1074 3458 1322 3514 praesens
1364 3458 1693 3508 numeratur.
1750 3456 1819 3512 Et
1881 3458 2109 3531 ipsemet

521 3543 731 3601 qucque
756 3530 951 3619 Noster
977 3529 1031 3619 in
1061 3528 1155 3585 lib.
1189 3532 1256 3589 de
1288 3535 1408 3594 Cor.
1442 3538 1562 3595 mil.
1596 3557 1642 3595 c.
1671 3543 1764 3598 ult.
1794 3528 2107 3619 repraesen-

527 3620 802 3675 tationem
830 3617 1046 3689 visioni,
1077 3634 1175 3675 seu
1213 3637 1378 3678 mera:
1425 3630 1782 3700 apparentiae,
1831 3617 2057 3706 opponit
2090 3658 2105 3694 :

528 3728 551 3757 α
604 3706 661 3762 Si
716 3707 848 3761 tales
892 3706 1174 3780 imagines,
1223 3708 1492 3781 inquiens,
1549 3718 1604 3770 in
1660 3719 1885 3790 visione,
1928 3727 2110 3794 quales

522 3794 772 3850 veritates
800 3794 856 3849 in
884 3798 1356 3865 repraesentatione
1384 3800 1412 3854 τ
1444 3822 1468 3851 ››

594 3907 877 3980 Quomodo
928 3924 1057 3966 vero
1105 3910 1407 3979 baptismus
1453 3918 1735 3993 sanguinis
1765 3922 1937 3981 vicem
1973 3945 2105 4002 sup-

522 3998 707 4068 pleat,
756 3996 1119 4071 effectumque
1166 4010 1382 4068 praestet
1421 4005 1679 4076 baptismi
1732 4028 1921 4083 aquas,
1981 3996 2108 4078 mox

521 4095 679 4143 antea
733 4087 968 4143 diximus
1019 4087 1090 4177 in
1130 4095 1245 4144 not.
1305 4094 1649 4166 Baptismus.
1720 4102 1895 4173 Adde,
1962 4111 2106 4177 quod

520 4177 818 4248 baptismus
856 4176 1096 4248 martyrii
1150 4180 1318 4235 multo
1355 4180 1629 4242 efﬁcacius
1680 4187 1929 4247 virtutem
1978 4176 2114 4267 pas-

520 4267 689 4323 sionis
735 4266 933 4322 Christi
982 4266 1285 4341 participet.
1336 4271 1463 4330 Hmc
1522 4275 1666 4331 enim
1717 4279 1817 4348 (ait
1862 4282 1921 4337 S.
1979 4266 2105 4355 Th.,

520 4370 585 4411 ιιι
616 4373 695 4427 ρ.,
723 4374 776 4428 q.
809 4360 898 4423 66,
929 4372 978 4415 a.
1014 4360 1101 4424 12,
1144 4358 1199 4412 in
1242 4360 1502 4434 Corpore)
1541 4387 1562 4416 α
1594 4376 1849 4437 operatur
1894 4374 2112 4443 quidem

518 4445 575 4500 in
601 4446 872 4516 baptismo
900 4462 1051 4518 aquae
1082 4464 1179 4520 per
1200 4452 1483 4519 quamdam
1504 4452 1791 4524 ﬁguralem
1820 4475 2113 4529 reprtesen-

522 4532 796 4602 tationem,
830 4536 921 4589 sed
981 4535 1034 4589 in
1092 4538 1357 4608 baptismo
1404 4542 1677 4610 sanguinis
1706 4560 1801 4614 per
1854 4546 2113 4607 imitatio-

516 4636 641 4675 nem
668 4621 888 4696 operis;
925 4643 948 4673 »
974 4640 1094 4696 quae
1123 4626 1311 4699 utique
1349 4642 1458 4683 non
1487 4636 1568 4685 est
1612 4631 1861 4704 simplex
1902 4652 2109 4709 reprm-

516 4710 770 4780 sentatio,
819 4712 914 4767 sed
946 4713 1082 4769 mire
1133 4713 1325 4771 efficax
1354 4716 1430 4771 rei
1458 4717 1627 4787 ipsius
1670 4722 1727 4775 in
1785 4722 1974 4781 virtute
2020 4744 2118 4783 sua

514 4809 674 4870 atque
703 4800 898 4857 effectu
927 4802 1210 4857 exhibitio.
1242 4805 1357 4861 Huc
1389 4806 1621 4873 pertinet
1648 4809 1783 4864 illud
1812 4814 1985 4884 Apoc.
2016 4832 2110 4882 vn,

516 4891 585 4943 14
616 4906 628 4943 :
655 4889 715 4945 hi
734 4896 893 4959 sunt,
912 4891 1010 4962 qui
1026 4898 1307 4949 venerunt
1330 4911 1403 4952 ex
1423 4911 1630 4969 magna
1654 4900 2042 4969 tribulatione,
2059 4908 2115 4962 et

518 4976 780 5035 laverunt
808 4979 980 5037 stolas
1002 4996 1154 5048 suas,
1169 4986 1225 5038 et
1244 4982 1647 5044 dealbaverunt
1672 5004 1764 5045 eas
1796 5008 1859 5046 ιη
1887 4994 2117 5065 sangui-

512 5083 586 5127 ne
611 5069 776 5141 Agnz.

579 5211 798 5270 Reddit.
832 5212 1075 5269 Perditur
1122 5212 1444 5286 baptismus,
1476 5217 1654 5287 quoad
1686 5220 1981 5289 effectum,
2010 5224 2118 5278 sci-

496 5298 605 5354 icet
636 5317 813 5369 suum,
848 5316 970 5356 cum
1044 5304 1368 5373 baptizatus
1424 5304 1807 5375 innocentiam,
1845 5321 2007 5378 quam
2060 5308 2116 5364 in

499 5388 765 5458 baptismo
819 5398 1140 5447 consecutus
1190 5399 1324 5459 est,
1393 5406 1487 5461 per
1552 5403 1822 5461 peccatum
1886 5396 2114 5451 mortale

495 5490 682 5532 rursus
712 5476 908 5536 amittit
939 5497 953 5537 ε
990 5486 1339 5550 recuperatur
1379 5484 1555 5534 autem
1612 5497 1708 5551 per
1756 5483 2106 5554 martyrium,

2201 2975 2589 3047 consuleretur,
2622 2978 2676 3033 in
2717 2978 2947 3051 singulis
2989 2995 3204 3051 quoque
3248 2980 3650 3049 parochialibus
3708 2985 3819 3040 Ec—

2211 3064 2390 3119 clesiis
2446 3064 2758 3135 baptisteria
2812 3068 3184 3139 erigebantur,
3241 3069 3507 3141 cujusque
3568 3074 3821 3139 pastoris

2213 3168 2355 3208 cura:
2402 3163 2457 3210 et
2500 3155 2949 3211 administrationi
3004 3156 3291 3227 deputata,
3348 3157 3625 3229 episc0pis
3690 3176 3823 3216 vero

2216 3240 2387 3296 solum
2432 3242 2756 3313 baptismum
2805 3247 3124 3310 solemnem,
3166 3243 3381 3299 nonnisi
3426 3244 3509 3299 bis
3559 3246 3615 3299 in
3673 3262 3826 3303 anno

2214 3329 2635 3401 conferendum,
2679 3332 2782 3387 sibi
2820 3331 3239 3403 reservantibus,
3288 3332 3421 3388 alias
3466 3348 3596 3389 vero
3650 3335 3824 3403 pleno

2210 3418 2334 3488 jure
2356 3419 2659 3490 baptizandi
2687 3421 2938 3492 parochis
2966 3420 3168 3476 relicto.

2288 3533 2470 3603 Itaque
2518 3533 2631 3588 haec
2674 3533 2962 3604 disciplina
2992 3532 3151 3590 variis
3200 3532 3559 3605 temporibus,
3590 3533 3737 3606 quin
3769 3546 3825 3590 et

2216 3621 2408 3676 eodem
2460 3631 2721 3693 tempore,
2764 3620 2994 3677 diversis
3034 3632 3211 3677 autem
3265 3621 3319 3675 in
3374 3620 3544 3688 locis,
3596 3637 3825 3695 semper

2216 3707 2360 3762 varia
2398 3708 2588 3763 fuerat.
2639 3708 2727 3764 Sic
2772 3724 2897 3764 saec.
2930 3725 2991 3775 ιι,
3024 3710 3079 3767 S.
3138 3709 3396 3780 Ignatius,
3455 3724 3546 3781 ep.
3607 3710 3821 3767 Antio-

2216 3797 2440 3861 chenus,
2486 3795 2539 3850 in
2578 3799 2675 3869 Ep.
2717 3798 2789 3853 ad
2840 3797 3203 3870 Smyrnenses
3240 3796 3313 3852 ait
3358 3814 3371 3851 :
3413 3799 3515 3849 Οὐκ.
3559 3796 3668 3859 ἐξόν
3723 3799 3828 3854 ἐστι

2216 3886 2364 3959 χωρὶς
2392 3890 2480 3938 τοῦ
2513 3884 2797 3951 ἐπισκόπου,
2825 3887 2936 3940 οὔτε
2962 3888 3222 3955 βαπτίζειν,
3248 3886 3358 3939 οὔτε
3378 3887 3827 3959 προσφέρειν,κτλ.

2215 3976 2258 4029 Ι.
2291 3991 2340 4030 e.
2379 3992 2391 4031 :
2444 3977 2687 4031 Licitum
2728 3992 2843 4032 non
2873 3981 2956 4033 est
2993 3977 3116 4033 sine
3166 3978 3428 4048 Episcopo
3472 3975 3545 4045 (id
3586 3985 3677 4030 est
3711 3980 3831 4049 ejus

2215 4065 2619 4136 praesentia,aut
2641 4064 2908 4136 mandato)
2929 4064 3238 4138 baptizare,
3270 4079 3448 4137 neque
3471 4065 3833 4124 oblationem

2214 4156 2418 4225 facere,
2452 4161 2554 4210 etc.
2587 4154 2755 4229 Igitur
2792 4155 2903 4224 jam
2942 4162 3070 4209 tunc
3100 4154 3404 4226 presbyteri
3435 4154 3830 4226 baptizabant,

2146 4232 2190 4309 Β
2221 4245 2313 4300 sed
2345 4243 2562 4298 nonnisi
2591 4244 2967 4315 episcoporum
2988 4257 3211 4323 suorum
3238 4244 3554 4298 auctoritate
3580 4244 3837 4301 instruc-

2217 4333 2280 4386 ti.
2315 4332 2451 4387 Saac.
2483 4347 2558 4398 ιγ,
2594 4331 2650 4388 S.
2682 4330 3022 4398 Ambrosius,
3054 4337 3111 4384 ut
3144 4329 3394 4384 Paulinus
3425 4330 3478 4383 in
3524 4331 3651 4399 ejus
3712 4333 3833 4388 Vita

2218 4426 2459 4486 testatur,
2509 4427 2614 4473 tam
2664 4426 2817 4473 tenax
2865 4427 2978 4473 erat
3022 4418 3183 4486 hujus
3214 4418 3640 4486 consuetudinis,
3686 4442 3710 4469 ι
3746 4429 3834 4489 ιιι,

2220 4513 2363 4580 quod
2396 4509 2586 4565 solitus
2636 4516 2751 4561 erat
2791 4507 2930 4563 circa
2978 4505 3331 4576 baptizandos
3382 4506 3531 4561 solus
3560 4507 3834 4577 implere,

2220 4600 2457 4669 quinque
2488 4608 2676 4666 postea
2705 4595 2960 4666 episc0pi,
3012 4603 3253 4663 tempore
3297 4607 3405 4665 quo
3445 4594 3699 4660 decessit,
3735 4596 3834 4650 vix

2220 4686 2519 4757 implerent.
2546 4704 2571 4734 υ
2606 4685 2735 4737 Item
2763 4699 2888 4738 sazc.
2921 4698 2958 4735 v
2988 4682 3041 4735 in
3072 4684 3453 4738 Instructione
3475 4682 3615 4738 cleri
3650 4683 3834 4740 Edes-

2220 4776 2345 4830 seni
2389 4772 2460 4829 ad
2509 4772 2774 4829 Photium
2802 4776 2857 4828 et
2914 4771 3305 4839 Eustathium,
3357 4771 3656 4842 episcopos,
3693 4789 3835 4842 quae

2220 4864 2446 4918 habetur
2475 4861 2531 4916 in
2565 4861 2731 4923 Cone.
2777 4859 3032 4917 Chalced.
3064 4868 3168 4914 act.
3202 4874 3260 4924 Χ,
3292 4858 3460 4923 Ibam,
3495 4858 3832 4929 epiSCOpum

2221 4967 2396 5016 suum,
2420 4949 2525 5005 sibi
2556 4949 2869 5019 quantocius
2898 4945 3095 5002 remitti
3114 4958 3324 5019 rogant,
3364 4967 3387 4997 ι
3410 4946 3647 5000 maxime
3679 4946 3843 5002 festi-

2222 5039 2382 5092 vitate
2409 5033 2681 5090 salutifera
2701 5033 2880 5089 S.diei
2905 5033 3175 5088 Paschalis
3205 5032 3534 5097 imminente,
3555 5032 3612 5087 in
3640 5049 3755 5103 qua
3779 5043 3844 5087 et

2222 5130 2445 5198 preptcr
2464 5123 2814 5181 catechismos
2837 5141 2860 5175 ι
2886 5121 2989 5193 (καὶ
3014 5121 3092 5176 διὰ
3113 5122 3215 5182 τοὺς
3235 5119 3547 5195 ἀξιουμένους
3570 5126 3664 5175 τοῦ
3691 5121 3842 5194 ἁγίου

2223 5212 2556 5283 βαπτίσματος
2585 5210 2725 5284 χρεία
2752 5216 2835 5279 τῆς
2865 5213 3006 5265 αὐτοῦ
3033 5209 3339 5283 παρουσίας),
3362 5215 3420 5266 et
3444 5216 3686 5283 propter
3715 5228 3837 5275 eos,

2222 5302 2317 5371 qui
2347 5301 2503 5373 digni
2530 5306 2662 5356 sunt
2693 5301 2745 5357 S.
2779 5300 3135 5371 baptismate,
3168 5315 3304 5370 opus
3333 5302 3453 5370 ejus
3478 5302 3833 5370 prresentia.

2219 5388 2426 5444 Pariter
2446 5405 2572 5445 saec.
2602 5404 2678 5453 vr,
2702 5390 2755 5443 in
2780 5389 2955 5459 Epist.
2980 5405 3013 5443 a
3036 5388 3264 5447 Clericis
3293 5389 3478 5444 Italia:
3500 5387 3572 5443 ad
3603 5390 3837 5460 legatos

2218 5479 2589 5547 Francorum,
2620 5493 2770 5535 anno
2800 5479 2925 5547 552,
2957 5476 3277 5548 perscripta,
3312 5479 3563 5543 Daciam,
3598 5478 3837 5548 episco—
