4050 6168
287 221 428 284 1269

1033 226 1374 290 APPENDIX
1415 225 1476 287 V.
1513 255 1586 271 —
1646 225 1714 288 D.
1769 222 2148 290 GORBINIANI
2191 225 2434 288 ΤΗΟΜΛΕ
2479 229 2718 292 ADNOT.

3431 221 3571 299 1270'

282 363 417 446 pum
440 346 924 446 hiediolapepsem,
966 351 1179 408 tandem
1218 359 1342 422 post
1372 354 1440 407 15
1484 357 1575 406 aut
1601 349 1670 406 16
1699 364 1874 408 annos
1903 367 1949 446 Α
1978 361 2072 409 aut
2087 353 2240 410 aliter
2265 352 2543 423 impedito,
2588 354 2674 410 vel
2709 354 2764 410 in
2798 355 3095 415 subitaneis
3133 365 3294 431 atque
3325 367 3572 418 extraor-

284 435 484 492 remitti
519 436 889 509 postulabant,
930 457 958 492 α
1003 441 1134 510 quia
1167 456 1290 496 cum
1341 455 1475 512 pene
1521 455 1712 496 omnes
1748 440 1870 512 epi-

284 524 457 596 seOpi,
507 540 646 597 quos
690 527 941 584 ordinare
985 531 1140 595 solet,
1191 528 1389 584 mortui
1435 528 1564 596 sint,
1611 529 1874 584 immensa

286 615 476 688 populi
522 614 805 671 multitudo
843 616 958 672 sine
1005 617 1270 687 baptismo
1311 617 1566 676 moritur.
1605 638 1628 668 »
1671 618 1874 674 Eodem

287 703 488 760 saeculo
516 703 576 759 S.
608 703 776 776 Greg.
807 704 878 759 M.
919 705 974 759 in
1001 707 1180 778 Epist.
1212 705 1286 761 ad
1330 709 1484 764 Rom.
1524 707 1872 772 Patricium,

284 800 474 849 contra
505 792 647 849 hunc
691 792 921 863 graviter
950 794 1296 865 conqueritur
1333 795 1621 864 Blondum,
1654 794 1873 865 episco-

285 896 416 954 pum
443 881 786 947 Hortensem,
807 882 874 936 ab
895 882 1082 937 eodem
1103 883 1374 938 Ravenna:
1403 880 1571 956 longo
1604 885 1710 950 jam
1738 890 1874 936 tem-

284 985 415 1041 pore
447 968 697 1025 detineri.
738 969 1014 1041 Praecipua
1043 982 1219 1028 autem
1261 980 1484 1042 questus
1514 973 1681 1042 hujus
1710 986 1874 1027 causa

285 1065 416 1124 erat,
449 1058 595 1131 quod
613 1058 820 1116 ibidem
845 1061 1102 1131 infantes
1117 1077 1222 1134 pro
1240 1061 1486 1134 peccatis
1515 1061 1718 1134 absque
1749 1060 1877 1132 bap-

286 1149 512 1204 tismate
555 1150 900 1206 moriantur.
941 1149 1030 1205 Sic
1076 1149 1235 1206 etiam
1281 1165 1408 1205 saec.
1458 1165 1559 1219 vn,
1589 1152 1654 1206 in
1701 1149 1870 1207 Cone.

285 1251 326 1292 ιι
355 1236 694 1308 Hispalensi,
740 1252 828 1292 an.
880 1239 984 1292 6t9
1033 1237 1325 1305 celebrato,
1359 1253 1478 1293 can.
1525 1240 1582 1306 7,
1612 1235 1874 1294 sancitum

283 1323 400 1392 fuit,
436 1342 459 1377 ι
494 1341 667 1396 neque
713 1340 895 1380 coram
943 1325 1196 1397 episcopo
1243 1325 1408 1382 licere
1455 1326 1790 1399 presbyteris
1818 1327 1874 1381 in

283 1412 654 1483 baptisterium
684 1413 927 1476 introire,
966 1430 1070 1470 nec
1104 1421 1372 1485 praesente
1401 1415 1662 1488 episcopo
1689 1414 1874 1470 infan-
1927 1443 1930 1446 ~

283 1509 390 1557 tem
424 1502 649 1574 tingere,
686 1522 709 1551 ι»
753 1511 856 1558 etc.
888 1503 1148 1560 Videmus
1195 1518 1348 1575 ergo,
1388 1519 1551 1574 quam
1579 1502 1746 1558 nimis
1785 1510 1872 1558 te-

280 1605 444 1646 naces
507 1589 611 1646 illis
687 1591 1019 1661 temporibus
1093 1591 1446 1664 quarumdam
1511 1592 1874 1648 Ecclesiarum

280 1677 519 1749 episcopi
549 1681 631 1733 sui
657 1679 800 1748 juris
829 1677 1050 1748 fuerint,
1079 1688 1140 1736 ut
1166 1693 1346 1750 neque
1375 1680 1429 1734 in
1454 1679 1698 1736 absentia
1727 1679 1871 1736 istud

282 1766 610 1838 presbyteris
666 1767 1168 1824 communicandum
1240 1768 1584 1838 censuerint,
1623 1785 1687 1825 ea
1758 1768 1873 1826 for-

281 1861 428 1910 tasse
457 1855 526 1910 de
553 1871 736 1921 causa,
766 1857 911 1928 quod
941 1856 1266 1927 baptismum
1292 1856 1410 1912 sine
1439 1856 1868 1926 conﬁrmatione,

278 1958 374 1998 seu
412 1944 756 2014 impositione
797 1961 1050 2000 manuum
1091 1945 1351 2018 episcopi,
1395 1961 1504 2003 non
1551 1953 1696 2004 recte
1743 1963 1875 2004 con-

279 2029 418 2087 ferri
445 2031 888 2091 existimaverint.

350 2181 567 2238 Interea
583 2187 760 2237 tamen
789 2180 988 2237 sensim
1011 2179 1209 2236 factum
1239 2179 1358 2246 fuit,
1389 2190 1449 2238 ut
1475 2179 1529 2236 in
1561 2181 1878 2252 parochiali-

279 2270 383 2326 bus
409 2285 625 2341 quoque
644 2269 902 2326 Eeclesiis
944 2268 1251 2340 baptisteria
1275 2267 1485 2338 publica
1514 2267 1874 2340 erigerentur,

279 2365 333 2414 et
364 2358 600 2430 episcOpi
619 2359 730 2428 jam
758 2355 960 2429 passim
982 2356 1154 2412 solius
1183 2355 1431 2426 baptismi
1465 2355 1740 2424 solemnis,
1773 2357 1878 2412 sci-

281 2447 407 2503 licet
453 2445 506 2502 in
558 2447 793 2506 Sabbato
834 2449 1050 2515 sancto,
1101 2452 1150 2500 et
1200 2443 1479 2516 pervigilio
1524 2447 1877 2503 Pentecostes

284 2534 599 2593 conferendi
629 2575 645 2601 ,
676 2541 994 2606 potestatem
1022 2531 1124 2590 sibi
1155 2539 1514 2602 reservarent,
1544 2533 1878 2606 presbyteris

281 2637 414 2682 vero
451 2634 604 2682 extra
633 2623 724 2680 illa
770 2630 1014 2696 tempora
1059 2619 1316 2694 baptismi
1359 2621 1670 2678 conferendi
1702 2637 1876 2694 gene-

284 2715 395 2769 rale
424 2713 692 2786 quoddam
717 2713 828 2784 jus,
878 2727 939 2768 ae
986 2710 1090 2784 ipsi
1123 2725 1290 2768 sacras
1337 2709 1686 2779 ordinationi,
1713 2727 1874 2784 quam

286 2803 354 2858 ab
384 2802 658 2875 episcopis
701 2801 1186 2872 consequebantur,
1226 2798 1374 2854 velut
1415 2815 1704 2867 annexum,
1738 2798 1878 2856 face-

284 2899 419 2949 rent.
451 2893 640 2964 Neque
667 2907 796 2947 vero
842 2891 1002 2947 etiam
1040 2891 1156 2945 haec
1201 2887 1522 2961 disciplina:
1550 2887 1756 2958 Species
1784 2886 1876 2942 diu

283 2979 598 3054 permansit,
667 2980 758 3036 sed
823 2978 1036 3034 tandem
1091 2977 1359 3048 ampliatis
1422 2976 1778 3046 dimeesibus,
1827 2982 1881 3032 et

289 3069 518 3127 nimium
565 3075 906 3126 accrescente
955 3066 1298 3123 multitudine
1334 3067 1878 3133 catechumenorum,

285 3162 417 3226 etc.,
450 3157 610 3216 etiam
651 3158 912 3215 solemnis
941 3155 1241 3229 baptismus
1270 3154 1603 3227 presbyteris
1632 3154 1884 3210 transcri-

286 3256 416 3322 ptus
462 3247 584 3318 fuit,
636 3254 690 3303 et
736 3247 906 3303 ferme
945 3246 1002 3302 in
1050 3245 1167 3301 sola
1207 3241 1594 3299 Mediolanensi
1645 3240 1880 3297 Ecclesia

295 3336 549 3408 deinceps
604 3335 854 3404 (fortasse
891 3334 945 3389 in
997 3333 1309 3390 memoriam
1361 3329 1655 3403 singularis
1698 3329 1882 3398 illius,

287 3440 457 3498 quem
506 3425 564 3480 S.
609 3424 932 3480 Ambrosius
974 3421 1102 3490 illic,
1135 3429 1193 3478 ut
1240 3436 1404 3492 supra
1440 3418 1882 3484 memoravimus,

291 3520 402 3569 tam
435 3512 716 3588 insigniter
745 3511 1134 3582 comprobavit,
1178 3508 1281 3565 zeli
1327 3521 1390 3564 ac
1417 3506 1681 3578 exempli)
1711 3519 1884 3579 penes

288 3601 604 3674 episcopum
654 3597 1042 3672 perseveravit,
1090 3605 1150 3654 ut
1187 3606 1368 3654 noster
1411 3595 1682 3651 eruditiss.
1724 3594 1881 3649 Edm.

290 3692 546 3758 Marteue,
580 3688 676 3744 lib.
707 3703 726 3744 ι
753 3686 819 3745 de
846 3689 980 3744 Ant.
1005 3687 1181 3755 Ecct.,
1203 3701 1323 3757 cap.
1355 3699 1398 3750 ι,
1429 3696 1530 3739 art.
1562 3685 1615 3751 3,
1646 3699 1702 3737 n.
1732 3686 1786 3749 3,
1817 3698 1882 3738 ex

295 3781 460 3836 Cone.
493 3793 554 3834 iv
574 3776 808 3843 Mediol.,
832 3792 920 3831 an.
953 3777 1114 3838 1575,
1136 3774 1236 3830 sub
1265 3775 1319 3829 S.
1346 3774 1541 3832 Carolo
1570 3776 1885 3832 Borromazo

271 3865 573 3934 ’eelebrati,
608 3865 847 3925 Constit.
879 3879 942 3934 ιι,
976 3862 1242 3936 perhibet.

367 4009 439 4064 Et
468 4005 711 4064 diaconi.
735 4003 890 4062 Licet
922 4002 1051 4060 solis
1076 3999 1334 4076 apostolis
1360 4015 1393 4055 a
1420 3999 1636 4056 Christo
1664 3998 1889 4072 imposi-

318 4112 411 4152 um
441 4094 602 4154 fuerit
637 4109 832 4150 munus
857 4091 1200 4166 baptizandi,
1232 4092 1442 4148 constat
1465 4096 1644 4145 tamen
1673 4104 1738 4145 ex
1767 4092 1885 4146 Act.

293 4201 414 4251 vni,
440 4188 530 4252 12,
552 4183 880 4256 Philippum,
902 4182 1023 4238 licet
1042 4178 1260 4236 nonnisi
1288 4178 1604 4246 diaconum,
1628 4177 1682 4232 in
1705 4178 1890 4233 Sama-

293 4274 376 4330 ria
405 4273 718 4345 baptizasse,
776 4271 960 4342 utique
1004 4267 1448 4323 demandantibus
1494 4266 1544 4320 ei
1587 4265 1643 4319 id
1695 4281 1886 4320 munus

293 4363 429 4436 ipsis
449 4361 766 4433 appostolis.
794 4359 1053 4415 Caeterum
1067 4358 1341 4424 diaconis,
1365 4369 1461 4410 ceu
1474 4353 1885 4427 quiimmediate

290 4451 634 4527 presbyteris
691 4447 1020 4507 subordinati
1075 4455 1239 4518 sunt,
1314 4446 1518 4515 absque
1576 4441 1890 4499 eorumdem

297 4538 541 4610 iussione
570 4538 781 4595 licitum
821 4551 933 4593 non
961 4533 1129 4592 fuisse
1175 4531 1461 4603 baptizare,
1506 4541 1742 4587 veterum
1773 4545 1891 4586 mo-

299 4631 558 4683 numenta
585 4632 872 4682 testantur.
905 4623 995 4680 Sic
1034 4624 1177 4678 enim
1210 4635 1335 4676 saec.
1369 4636 1427 4685 v,
1457 4619 1705 4675 Gelasius
1733 4634 1890 4690 papa,

302 4715 362 4772 in
388 4717 566 4791 Epist.
591 4719 643 4782 5,
685 4715 758 4772 ad
787 4715 954 4788 episc.
980 4711 1264 4778 Lucanica,
1296 4723 1421 4782 cap.
1455 4711 1510 4777 5,
1546 4708 1615 4764 de
1653 4708 1896 4764 diaconis

302 4807 468 4863 habet
499 4825 514 4863 :
555 4829 576 4860 ε
607 4806 826 4878 Absque
854 4803 1112 4877 episcOpo
1141 4800 1229 4858 vel
1269 4800 1590 4873 presbytero
1621 4798 1894 4873 baptizare

312 4893 534 4953 H90
565 4910 676 4951 non
711 4894 940 4950 audeant
981 4891 1086 4947 nisi
1132 4890 1404 4963 prmdictis
1449 4889 1674 4945 fortasse
1706 4886 1898 4944 ofﬁciis

302 4985 524 5056 longius
551 4981 859 5041 constitutis
892 4985 1072 5054 (quam
1104 4979 1309 5038 scilicet
1335 4979 1403 5035 ad
1432 4993 1526 5035 eos
1554 4983 1897 5050 opportunus

300 5088 560 5132 recursus
605 5087 704 5146 pro
732 5071 1065 5147 impetranda
1115 5070 1367 5129 facultate
1416 5067 1534 5124 ﬁeri
1571 5067 1781 5140 posset)
1809 5080 1902 5122 ne-

302 5162 531 5220 cessitas
586 5169 827 5219 extrema
881 5158 1189 5234 compellat.
1251 5181 1276 5213 »
1328 5158 1441 5216 Iliis
1489 5158 1635 5216 enim
1689 5157 1903 5216 saeculis

303 5251 702 5324 antiquioribus
744 5268 854 5310 non
902 5259 1048 5308 tanta
1093 5260 1209 5307 erat
1255 5248 1597 5306 sacerdotum
1635 5249 1812 5320 cOpia,
1843 5255 1903 5303 ut

305 5340 536 5412 quilibet
574 5339 878 5412 particulari
925 5338 1087 5396 coetui
1133 5338 1188 5393 in
1219 5336 1390 5409 pagis,
1425 5346 1478 5391 et
1526 5335 1764 5410 Oppidis,
1795 5335 1903 5391 imo

309 5437 366 5486 et
399 5430 455 5484 in
503 5428 782 5502 quibusvis
829 5428 1156 5497 ciVitatibus,
1203 5441 1419 5498 semper
1470 5424 1665 5499 aliquis
1711 5430 1906 5496 praesto

311 5525 479 5576 esset.
511 5516 654 5590 Quid
681 5533 810 5578 vero
838 5516 1112 5577 etiamhoc
1141 5522 1427 5590 praesente,
1458 5516 1553 5573 sed
1580 5523 1903 5587 mgrotantc,

1982 442 2205 498 dinariis
2249 442 2481 509 casibus,
2555 442 2673 499 ﬁeri
2731 460 2867 518 Opus
2929 448 3312 521 erat‘inempe
3359 451 3572 508 diaconi

1981 531 2232 603 (quorum
2263 547 2402 587 unus
2421 532 2630 601 saltem,
2663 540 2801 590 teste
2829 536 3084 602 Martene,
3109 536 3201 595 lib.
3242 554 3282 606 ι,
3303 555 3423 612 cap.
3456 556 3493 607 ι,
3519 557 3579 598 a.

1980 624 2031 688 3,
2059 622 2110 676 in
2141 619 2374 678 Ecclesia
2399 635 2505 676 una
2524 636 2647 676 cum
2678 623 3000 694 presbytero
3038 626 3274 682 residere
3312 628 3570 702 debebat)

1981 708 2037 763 id
2100 724 2328 780 munus,
2371 708 2526 766 facile
2581 709 2934 769 demandante
2971 715 3315 787 presbytero,
3389 717 3573 775 subire

1983 799 2277 855 debebant.

2052 891 2322 947 Honorem
2359 887 2535 957 Quem
2579 888 2782 947 scilicet
2837 891 3088 964 quaelibet
3151 893 3399 951 Ecclesia
3446 899 3570 971 epi-

1981 993 2168 1049 sc0po,
2217 986 2469 1051 tanquam
2502 995 2600 1034 suo
2630 980 2978 1048 Hierarchce,
3019 981 3310 1054 detulerat,
3339 986 3430 1042 vel
3483 1005 3571 1046 ve-

1980 1066 2092 1122 rius
2125 1074 2377 1140 tanquam
2416 1068 2674 1124 divinitus
2731 1068 2786 1124 in
2840 1085 2962 1124 eum
3009 1071 3254 1128 collatum
3311 1073 3571 1135 honorem

1982 1163 2179 1227 sponte
2199 1165 2517 1230 agnoverat.

2053 1261 2221 1321 Salva
2248 1281 2364 1334 pax
2394 1268 2499 1321 est.
2529 1264 2650 1320 Non
2677 1273 2820 1322 esset
2849 1272 3027 1322 autem
3053 1283 3155 1338 pix
3184 1268 3346 1336 salva,
3380 1269 3426 1325 si
3450 1267 3572 1340 epi-

1982 1354 2162 1423 scopis
2191 1369 2290 1408 sua
2346 1353 2636 1410 auctoritas
2690 1369 2800 1410 non
2857 1367 3183 1424 servaretur,
3245 1358 3575 1430 presbyteris

1982 1442 2200 1514 prepria
2233 1457 2360 1499 mox
2401 1442 2717 1502 auctoritate
2773 1442 3025 1516 quaelibet
3078 1445 3333 1502 Ecclesiae
3388 1446 3574 1503 munia

1984 1530 2289 1601 promiscue
2322 1531 2686 1589 involantibus
2709 1553 2729 1603 ;
2759 1532 3000 1604 episcopi
3056 1534 3197 1590 enim
3237 1543 3384 1601 sunt,
3434 1552 3575 1607 quos

1983 1618 2230 1692 Spiritus
2269 1625 2504 1680 sanctus
2526 1622 2718 1696 posuit
2749 1638 2935 1694 regere
2981 1624 3284 1681 Ecclesiam
3316 1625 3436 1694 Dei,
3468 1633 3571 1680 etc.

1982 1708 2152 1783 Igitur
2187 1711 2304 1769 hac
2339 1712 2627 1769 auctoritas
2673 1712 3007 1783 temporibus
3060 1713 3409 1783 Tertulliani,
3452 1722 3577 1770 tan-

1978 1815 2141 1872 quam
2170 1802 2498 1859 satisrecens
2529 1802 2596 1857 ab
2621 1801 2881 1872 apostolis
2908 1801 3167 1874 profecta,
3201 1802 3490 1875 epiSCOplS,
3523 1811 3579 1860 et

1978 1886 2033 1943 in
2082 1890 2168 1944 his
2216 1891 2400 1962 potius
2461 1890 2719 1964 apostolis
2792 1889 2945 1960 ipsis,
3001 1903 3208 1948 servata
3261 1891 3459 1959 fuerat,
3517 1910 3553 1949 u

1981 1980 2131 2052 nihil,
2175 1981 2281 2038 nisi
2318 1981 2764 2039 demandantibus
2797 1981 3072 2055 legitimis,
3121 1997 3185 2038 ac
3230 1980 3574 2053 immediatis,

1981 2077 2039 2128 ut
2056 2071 2347 2144 loquimur,
2364 2080 2417 2128 et
2434 2071 2650 2126 directis
2678 2072 3061 2144 apostolorum
3080 2070 3576 2144 successoribus,id

1981 2168 2081 2227 est,
2110 2161 2399 2234 episcOpis,
2427 2159 2570 2216 circa
2608 2164 3097 2218 sacramentorum
3147 2160 3264 2231 (qui
3320 2159 3575 2218 Ecclesiae

1985 2248 2236 2307 thesauri
2281 2255 2421 2316 sunt,
2450 2263 2480 2303 a
2497 2248 2706 2304 Christo
2733 2263 2832 2319 per
2849 2248 2998 2318 ipsos
3025 2247 3298 2318 apostolos
3319 2249 3574 2322 repositi,

1983 2348 2038 2394 et
2062 2353 2093 2392 a
2152 2336 2558 2394 successoribus
2614 2336 2722 2392 illis
2794 2337 3169 2407 custodiendi)
3228 2337 3576 2393 administra-

1981 2427 2180 2482 tionem
2208 2425 2407 2492 liceret,
2439 2425 2656 2482 maxine
2701 2425 2758 2481 in
2816 2425 3108 2495 baptismo,
3162 2425 3232 2480 de
3281 2441 3391 2498 quo
3443 2423 3576 2482 solis

1981 2516 2240 2588 apostolis
2274 2517 2471 2573 dictum
2500 2515 2675 2572 fuerat
2705 2517 2772 2573 :I
2776 2520 2852 2587 te,
2882 2515 3088 2582 docete,
3122 2515 3426 2588 baptizate.

2043 2608 2338 2698 Htioquin,
2369 2623 2406 2678 i.
2426 2637 2480 2678 θ.
2504 2623 2649 2681 alias
2681 2665 2694 2689 ,
2725 2624 2914 2680 velsin
2928 2639 3092 2688 vero;
3126 2623 3342 2677 utadeo
3381 2636 3576 2675 sensus

1983 2717 2054 2771 sit
2084 2731 2098 2772 :
2126 2735 2150 2766 α
2183 2713 2241 2769 Si
2269 2726 2402 2771 vero
2433 2727 2544 2767 non
2570 2720 2810 2768 servatus
2839 2710 3003 2766 fuerit
3039 2724 3169 2765 suus
3198 2709 3456 2765 Ecclesiae
3481 2710 3578 2764 ho-

1981 2820 2106 2876 nor,
2137 2809 2189 2860 et
2219 2818 2406 2860 eorum
2425 2803 2519 2874 qui
2546 2802 2613 2857 ad
2640 2799 2817 2858 ofﬁcia
2845 2798 3024 2854 divina
3063 2797 3245 2856 vocati
3286 2811 3353 2852 ac
3397 2797 3577 2865 depu-

1986 2894 2083 2950 tati
2102 2901 2245 2960 sunt,
2276 2892 2586 2960 auctoritas,
2608 2906 2761 2963 aeque
2798 2890 2888 2960 jus
2914 2888 3044 2944 illud
3083 2887 3232 2943 laicis
3278 2885 3578 2944 conceden-

1986 2983 2116 3038 dum
2143 2982 2264 3054 erit,
2287 2983 2440 3038 omni
2454 2981 2570 3052 jam
2597 2979 2785 3036 ordine
2823 2979 3060 3046 turbato,
3083 2986 3187 3033 etc.

2058 3093 2198 3149 Dari
2227 3093 2431 3163 potest.
2462 3089 2658 3160 Neque
2693 3086 2836 3141 enim
2890 3085 3006 3141 laici
3054 3084 3230 3139 minus
3277 3082 3576 3154 perfectum

1987 3180 2316 3252 baptismum
2349 3176 2668 3248 suscipiunt,
2700 3189 2864 3246 quam
2893 3179 3050 3228 antea
3079 3170 3409 3243 susceperint
3455 3169 3576 3242 epi-

1989 3269 2161 3342 scopi,
2181 3277 2308 3336 etc.,
2339 3266 2691 3340 baptizantes.

2059 3377 2331 3437 Abscondi
2359 3375 2424 3432 ab
2457 3375 2576 3432 ullo
2600 3417 2614 3432 .
2645 3374 2798 3429 Hunc
2825 3371 3002 3427 locum
3021 3368 3222 3425 misere
3249 3366 3579 3425 confractum

1991 3479 2278 3523 sanaturus
2303 3466 2483 3520 Latin.
2514 3463 2588 3517 ita
2617 3461 2746 3534 legit
2776 3477 2790 3516 :
2817 3479 2845 3512 α
2873 3459 2990 3515 Nisi
3020 3455 3259 3529 episcopi
3279 3458 3412 3526 jam,
3445 3463 3576 3526 etc.,

1989 3565 2252 3616 vocantur
2281 3553 2566 3620 discentes,
2599 3566 2693 3607 seu
2718 3547 2967 3620 discipuli
2995 3547 3072 3621 (id
3109 3554 3210 3613 est,
3242 3545 3346 3602 nisi
3383 3546 3580 3620 singu-

1991 3646 2175 3702 lariter
2202 3644 2269 3701 ad
2299 3646 2404 3700 hoc
2433 3658 2626 3698 munus
2670 3639 2844 3697 vocati
2886 3638 3012 3706 sint,
3044 3645 3301 3709 tanquam
3328 3635 3582 3708 discipuli

1992 3734 2233 3799 Domini,
2261 3740 2353 3789 aut
2379 3733 2568 3787 saltem
2598 3744 2784 3786 eorum
2823 3727 2933 3784 veri
2961 3727 3323 3797 successores)
3359 3723 3582 3780 Domini

1991 3840 2171 3882 sermo
2201 3839 2307 3879 non
2362 3822 2524 3877 debet
2566 3817 2829 3875 abscondi
2867 3819 2935 3872 ab
2975 3815 3109 3885 ullo,
3150 3815 3242 3869 sed
3272 3813 3339 3868 ad
3395 3827 3584 3868 omnes

1993 3913 2276 3987 aequaliter
2303 3907 2592 3983 pertinebit
2611 3907 2742 3963 illud
2772 3905 2985 3962 Domini
3010 3911 3336 3976 praeceptum
3357 3900 3578 3974 (Matth.

1991 4003 2314 4073 xxvm,19):
2334 4002 2566 4063 Euntes,
2591 3997 2774 4055 docete
2793 4012 2984 4053 omnes
2994 3997 3208 4066 gentes,
3230 3992 3585 4064 baptizantes

1996 4108 2104 4157 eos,
2147 4097 2253 4146 etc.
2295 4090 2466 4156 Atque
2516 4087 2632 4141 haec
2658 4084 2852 4141 Latinii
2890 4084 3199 4150 conjectura
3245 4095 3353 4134 non
3401 4078 3572 4148 inept:

1995 4190 2099 4236 etc.
2135 4199 2159 4230 ι
2191 4177 2384 4233 Junius
2408 4189 2560 4244 vero,
2592 4181 2800 4228 retenta
2829 4185 2961 4226 voce
2983 4171 3252 4232 dicentes,
3285 4166 3460 4221 solum
3497 4165 3586 4219 in-

1996 4265 2400 4339 terpunctiones
2445 4266 2635 4329 mutat,
2702 4258 2776 4314 ita
2823 4255 3296 4315 inchoans:«Nisi
3335 4252 3584 4324 episeOpi

1919 4314 1964 4392 υ
1994 4314 2125 4429 ᾔειηζ,
2176 4363 2302 4419 etc.,
2347 4355 2610 4409 vocantur
2666 4347 2908 4402 dicentes
2951 4345 3215 4405 :Domini
3264 4359 3440 4400 sermo
3478 4357 3586 4398 non
3647 4362 3653 4391 ξ

1997 4449 2152 4504 debet
2179 4440 2433 4501 abscondi
2460 4439 2526 4496 ab
2556 4438 2665 4494 ullo
2697 4455 2712 4504 ;
2736 4435 2962 4508 proinde
2997 4444 3052 4491 et
3079 4434 3398 4506 baptismus,
3429 4440 3588 4504 atque

1995 4532 2096 4589 Dei
2120 4544 2332 4599 census,
2364 4528 2430 4583 ab
2461 4523 2712 4581 omnibus
2741 4519 2979 4578 exerceri
3007 4528 3203 4590 potest.
3258 4517 3365 4574 Sed
3389 4527 3589 4589 quanto

1999 4621 2200 4694 magis,
2236 4639 2259 4669 ι
2303 4625 2406 4674 etc.
2438 4617 2622 4688 Itaque
2670 4619 2845 4669 totum
2875 4611 3016 4665 hunc
3047 4615 3356 4664 contextum
3391 4609 3467 4663 ita
3496 4607 3587 4661 in-

2002 4709 2176 4782 telligi
2197 4704 2314 4762 vult
2366 4703 2536 4760 :Nisi
2557 4702 2697 4758 forte
2754 4698 2924 4772 (Quod
2977 4696 3270 4753 absurdum
3327 4694 3432 4768 est)
3487 4711 3588 4766 pro

2002 4797 2295 4871 episcopis,
2328 4791 2661 4868 presbyteris
2687 4799 2740 4846 et
2781 4788 3020 4846 diaconis
3055 4787 3242 4843 haberi
3283 4784 3592 4858 promiscue

2009 4903 2104 4945 eos
2156 4901 2348 4942 omnes
2404 4881 2688 4955 placuerit,
2748 4879 2839 4950 qui
2878 4878 2950 4933 ita
2987 4879 3171 4934 dicunt
3199 4886 3249 4931 et
3275 4874 3589 4931 afﬁrmant:

2003 4980 2242 5047 Quorum
2264 4982 2344 5032 est
2369 4971 2612 5047 proferre
2629 4969 2854 5026 verbum
2876 4967 2992 5036 Dei,
3025 4974 3078 5023 et
3103 4982 3213 5022 non
3242 4966 3592 5035 abscondere,

2007 5082 2198 5126 eorum
2226 5077 2308 5122 est
2355 5072 2410 5120 et
2455 5061 2764 5136 baptizare;
2795 5057 3038 5117 omnium
3087 5063 3268 5113 autem
3315 5071 3434 5113 esse
3463 5070 3596 5129 pro-

2010 5155 2150 5214 ferre
2196 5155 2422 5212 verbum
2466 5151 2568 5209 Dei
2601 5166 2613 5206 :
2645 5165 2773 5222 ergo
2814 5157 2867 5205 et
2915 5146 3211 5219 baptizare,
3263 5154 3369 5203 etc.
3405 5164 3432 5198 »
3464 5143 3597 5212 Quae

2011 5247 2326 5315 conjectura
2373 5257 2502 5298 sane
2566 5240 2694 5294 mihi
2757 5237 2985 5302 felicior,
3044 5237 3328 5308 magisque
3385 5243 3594 5305 arguta,

2011 5351 2168 5408 quam
2200 5333 2447 5402 superior
2467 5329 2555 5386 illa
2581 5326 2789 5397 Latinii,
2809 5326 3037 5382 videtur.
3072 5326 3148 5379 Ita
3178 5323 3343 5395 igitur
3369 5336 3472 5378 vox
3513 5321 3600 5377 di-

2013 5428 2200 5484 centes
2231 5421 2295 5477 ad
2318 5420 2480 5477 laicos
2511 5416 2792 5475 referenda
2817 5422 2975 5483 esset,
3012 5411 3166 5484 quasi
3196 5427 3294 5468 nos
3322 5410 3604 5482 loquentes

2013 5512 2322 5571 iutroducat
2346 5507 2726 5576 Tertullianus,
2757 5504 2968 5577 sibique
2998 5501 3319 5574 baptismum
3350 5515 3504 5572 aeque
3541 5515 3606 5556 ac
