4028 6180
418 206 551 267 1271

414 333 571 391 verbi
614 332 782 387 divini
840 332 1279 404 prazdicationem
1324 333 1692 402 vindicantes,
1759 334 2002 405 quinimo
2035 364 2081 442 Α

414 420 998 442 ρη.,-,,ςιι,μιηι,-ε-.ε
1362 438 1395 442 _
1446 422 1511 442 ηις
1566 421 1892 442 nam“---
1924 422 1967 442 ,ε

414 420 789 478 fortasseillud
802 421 1002 477 Christi
1023 424 1164 492 apud
1183 423 1345 478 Math.
1362 438 1421 488 x,
1446 422 1535 490 27,
1562 421 1659 475 sibi
1679 436 1897 493 quoque
1915 422 2002 476 di-

415 518 562 566 ctum
586 511 955 565 existimantes
989 529 1000 564 :
1041 511 1189 579 Quod
1221 513 1283 566 in
1298 527 1437 566 aure
1457 512 1687 574 auditis,
1698 511 2005 582 pradicate

413 613 581 669 super
598 602 779 666 tecta;
807 598 961 667 quasi
992 600 1047 653 et
1078 598 1164 652 ille
1185 612 1363 653 sermo
1388 598 1627 653 Domini:
1663 602 1893 665 Euntes,
1921 599 2008 657 do-

416 690 535 742 cete
563 703 752 743 omnes
780 692 992 756 gentes,
1026 687 1381 758 baptizantes
1411 704 1517 753 eos,
1556 686 1896 757 singulariter
1941 687 2005 740 ad

413 776 561 830 solos
588 776 871 845 apostolos
920 776 1113 839 dictus,
1148 776 1213 828 ad
1243 790 1591 845 quoscunque
1624 776 1756 830 alios
1801 791 2006 846 praece-

415 865 496 935 pti
529 866 696 920 instar
737 864 1101 936 pertinuisset,
1130 864 1310 934 itaque
1339 866 1498 918 etiam
1529 864 1613 918 his
1634 881 1697 919 ex
1744 862 2009 933 ejusmodi

414 954 663 1006 mandato
696 952 1039 1022 praedicatum
1095 951 1302 1005 fuisset.

484 1053 673 1122 Atque.
715 1048 977 1103 Nimirum
1002 1050 1223 1105 verbum
1254 1050 1375 1113 Dei,
1407 1050 1633 1119 ejusque
1676 1048 2006 1117 praedicatio.

486 1158 585 1211 Dei
614 1171 829 1213 census.
867 1157 1072 1212 Census
1104 1154 1317 1225 proprie
1348 1169 1454 1209 non
1486 1162 1567 1209 est
1595 1163 1889 1223 proventus
1918 1170 2012 1207 an-

417 1267 575 1317 nuus,
597 1251 688 1306 sed
721 1252 1023 1308 (estimatio
1057 1251 1329 1307 bonorum
1360 1251 1668 1320 cujuslibet,
1695 1250 1749 1304 in
1796 1250 2011 1306 tabulas

415 1339 659 1409 publicas
704 1338 889 1408 relata,
946 1340 1243 1394 secundum
1292 1355 1469 1411 quam,
1527 1341 1808 1396 observata
1869 1347 2014 1393 certa

414 1429 788 1497 pr0portione,
860 1428 1058 1483 tributa
1134 1428 1576 1499 imponebantur.
1636 1430 1831 1485 Postea
1880 1444 2013 1483 vero

420 1513 622 1571 Il9l
680 1516 839 1572 etiam
869 1531 970 1572 vox
1000 1518 1113 1573 haec
1138 1519 1202 1571 ad
1234 1517 1464 1588 ipsailla
1488 1518 1708 1574 tributa
1734 1516 2018 1586 pendenda

416 1605 666 1661 translata
700 1606 896 1661 fuerat.
947 1606 1098 1661 Unde
1143 1606 1283 1676 apud
1329 1607 1512 1661 Matth.
1570 1621 1710 1671 xvn,
1756 1605 1845 1673 25,
1891 1604 2017 1659 illud

417 1691 614 1747 Christi
647 1704 730 1749 est
760 1713 772 1748 :
807 1698 970 1764 Reges
1019 1672 1189 1749 terrae
1234 1712 1269 1749 a
1306 1711 1409 1764 quo
1442 1695 1732 1765 accipiunt
1785 1672 1920 1765 (τέλη
1985 1695 2016 1761 ἢ
2053 1672 2096 1748 Β

414 1782 616 1851 κῆνσον)
673 1783 952 1838 tributum
980 1783 1067 1837 vel
1123 1798 1352 1839 censum
1372 1781 1399 1835 Ρ
1423 1782 1681 1839 Similiter
1712 1782 1821 1844 ubi.
1891 1783 2016 1837 Luc-

416 1884 520 1937 xx,
551 1873 620 1922 22
643 1909 656 1935 ,
691 1870 939 1924 Pharisaei
983 1871 1261 1925 Christum
1293 1879 1558 1927 tentantes
1615 1872 1952 1945 interrogant
2001 1888 2015 1924 :

419 1959 566 2013 Licet
593 1958 748 2013 nobis
779 1962 946 2031 φόρον,
986 1962 1283 2025 tributum,
1317 1961 1451 2016 dare
1481 1962 1709 2032 Caesari,
1751 1978 1825 2015 an
1864 1957 2018 2016 non?

415 2045 535 2101 loco
563 2048 735 2117 φόρον,
769 2049 1026 2115 Mattbaei,
1098 2062 1242 2115 χχιι,
1293 2052 1380 2113 17,
1430 2059 1483 2106 et
1545 2050 1709 2105 Marc.
1761 2066 1863 2117 xu,
1926 2052 2014 2116 14,

417 2138 593 2189 κῆνσον
613 2135 888 2207 (censum)
938 2138 1184 2204 habetur,
1220 2138 1521 2209 pariterque
1554 2155 1584 2193 a
1616 2137 1846 2209 Vulgato
1878 2153 2014 2193 nos-

421 2232 503 2276 tro
540 2240 639 2294 per
685 2225 964 2281 tributum
993 2225 1259 2280 redditur.

488 2320 656 2374 Aliter
700 2337 916 2392 quoque
947 2338 1138 2376 census
1169 2321 1433 2393 significat
1464 2324 1632 2387 ipsam
1672 2322 2012 2388 censionem,

420 2421 517 2461 seu
553 2408 933 2463 recensionem
951 2410 1213 2463 bonorum
1243 2409 1550 2478 cujuslibet,
1574 2408 1627 2461 in
1651 2424 1755 2478 qua
1784 2408 2006 2480 quilibet

414 2496 792 2567 proﬁtebatur
821 2511 1020 2550 nomen
1050 2504 1211 2568 atque
1232 2498 1374 2551 bona
1402 2513 1503 2552 sua
1521 2540 1534 2567 ,
1559 2503 1616 2550 ut
1646 2495 1793 2567 apud
1816 2498 1942 2552 Luc.
1976 2512 2016 2551 ιι

422 2587 475 2653 1,
507 2583 705 2637 dicitur
734 2600 747 2638 :
784 2584 942 2639 Ecciit
969 2584 1218 2640 edictum
1241 2603 1275 2641 a
1310 2588 1522 2642 Caesare
1536 2586 2016 2657 Augusto,utdes-

422 2674 734 2730 criberetur
762 2672 1114 2744 (censeretur,
1145 2692 1240 2731 seu
1272 2675 1323 2728 in
1356 2675 1569 2729 tabulas
1620 2676 1888 2730 censorias
1932 2691 2018 2729 re-

419 2761 670 2835 ferretur)
710 2764 1007 2819 universus
1031 2764 1196 2821 orbis.
1231 2764 1295 2818 Et
1334 2779 1479 2836 mox,
1512 2782 1564 2821 v.
1590 2768 1621 2819 3
1650 2781 1662 2820 :
1710 2765 1873 2819 Ibant
1901 2782 2018 2821 om-

419 2869 518 2910 nes
539 2855 606 2907 ut
630 2852 1031 2923 proﬁterentur
1059 2854 1292 2924 singuli,
1316 2854 1378 2908 in
1397 2870 1561 2909 suam
1591 2854 1905 2909 civitatem.
1948 2852 2013 2907 Et

1487 208 1575 267 AD
1604 207 1893 269 GENUINA
1928 200 2366 270 TERTULLIANI
2404 206 2617 266 OPERA

3564 196 3704 256 1272

2117 334 2261 406 quod
2304 332 2426 389 laici
2474 347 2541 387 eo
2588 330 2768 385 minus
2812 326 3119 398 baptizandi
3168 328 3260 395 jus
3292 323 3560 383 vindicare
3597 323 3701 378 de-

2116 426 2289 490 beant,
2321 439 2439 479 cum
2480 436 2652 492 neque
2682 420 2954 488 diaconis,
2978 432 3156 488 neque
3181 415 3313 485 ipsis
3340 414 3697 487 presbyteris,

2111 514 2241 568 illud
2270 512 2388 566 sine
2414 509 2726 565 auctoritate
2754 508 3000 580 episcopi
3030 511 3323 576 competat.

2182 627 2508 684 Emulatio.
2560 623 2786 693 Quidam
2836 622 2908 676 ita
2972 618 3459 692 interpungendum
3511 625 3703 688 putant

2114 717 2258 770 hunc
2288 716 2464 769 locum
2496 730 2508 769 ε
2548 731 2571 765 ι
2604 713 2849 767 Dicatum
2870 708 3140 781 episc0pis
3159 707 3393 763 ofﬁcium
3422 706 3705 776 episcOpa-

2117 816 2219 861 tus.
2276 803 2560 858 Emulatio
2617 801 3004 862 schismatum,
3065 818 3087 847 ι
3151 805 3257 852 etc.
3308 796 3378 851 At
3413 795 3535 850 aliis
3588 796 3707 849 haec

2114 894 2401 967 ταυτολςγία
2428 892 2617 947 merito
2647 889 2911 960 displicet.
2942 887 3245 943 Retinenda
3303 886 3473 957 igitur
3524 893 3706 939 textus

2116 986 2279 1054 hujus
2327 982 2591 1038 ordinatio
2641 988 2751 1045 est,
2802 994 2959 1047 quam
3006 984 3194 1031 contra
3244 990 3419 1029 meum
3463 974 3708 1030 codicem

2117 1073 2359 1146 reposui.

2190 1175 2570 1230 Schts-rnatum
2605 1174 2790 1224 mater
2818 1169 2920 1221 est.
2953 1163 3207 1230 Plurima,
3240 1162 3477 1234 satisque
3507 1161 3709 1230 tristia,

2120 1263 2173 1317 in
2200 1261 2438 1316 Ecclesia
2466 1257 2894 1330 prostanthujus
2924 1253 2997 1309 rei
3022 1252 3290 1324 exempla.
3323 1268 3443 1320 quae
3473 1267 3715 1307 comme-

2120 1366 2333 1406 morare
2359 1350 2520 1417 hujus
2548 1346 2652 1400 loci
2684 1360 2792 1399 non
2820 1350 2918 1397 est.
2960 1342 3098 1398 Vide
3149 1341 3306 1397 etiam
3335 1340 3563 1396 Tertull.
3605 1356 3715 1395 no-

2120 1446 2312 1508 strum,
2334 1439 2388 1491 in
2426 1436 2519 1490 lib.
2551 1434 2616 1490 de
2647 1433 2972 1503 Praescript.
3004 1431 3061 1499 Ω.
3100 1431 3247 1487 Crit.
3286 1446 3360 1484 1v.

2197 1552 2492 1626 Expedire.
2523 1550 2687 1618 Quasi
2719 1548 2897 1602 dicere
2926 1546 3083 1603 vellet
3116 1563 3129 1600 :
3168 1565 3192 1598 ι
3226 1544 3453 1601 Etiamsi
3484 1556 3538 1601 et
3565 1545 3723 1600 laicis

2129 1650 2366 1713 potestas
2395 1637 2697 1707 baptizandi
2746 1642 3034 1706 competat,
3065 1642 3243 1690 tamen
3292 1650 3399 1688 non
3438 1634 3718 1703 expedire,

2128 1739 2187 1786 ut
2214 1728 2401 1784 eadem
2439 1735 2681 1791 utantur,
2715 1724 2767 1777 in
2820 1721 3190 1793 praejudicium
3232 1719 3452 1776 honoris
3494 1720 3722 1790 episco-

2131 1820 2212 1891 pis
2239 1815 2426 1883 debiti,
2458 1814 2551 1869 sed
2583 1820 2856 1884 praestare,
2899 1819 2956 1865 ut
2982 1812 3049 1865 ab
3077 1810 3219 1864 illius
3245 1807 3495 1865 exercitio
3526 1807 3581 1861 in
3626 1822 3722 1861 re-

2126 1904 2415 1962 verentiam
2448 1900 2864 1973 praaeminentiae
2894 1900 3268 1971 episcoporum
3313 1897 3639 1953 abstineant.
3690 1917 3715 1947 ι

2201 1996 2405 2052 Uteris.
2438 1995 2562 2066 llaec
2592 1991 2724 2046 solis
2754 1989 3082 2061 presbyteris
3108 1997 3158 2043 et
3186 1988 3423 2044 diaconis
3442 1987 3581 2042 dicta
3614 2003 3723 2058 pu-

2127 2092 2202 2140 tat
2227 2085 2437 2138 Junius.
2471 2082 2616 2148 Quin
2655 2094 2783 2136 vero
2828 2080 2884 2133 S.
2933 2078 3096 2131 Basil.
3129 2094 3163 2132 a
3206 2076 3356 2132 laicis
3401 2076 3587 2130 datum
3619 2076 3721 2131 ba-

2126 2173 2317 2245 ptisma
2361 2173 2579 2227 omnino
2622 2168 2934 2233 invalidum,
2978 2167 3208 2235 ideoque
3256 2165 3606 2236 repetendum
3660 2166 3719 2219 in

2126 2262 2297 2334 Epist.
2336 2259 2360 2315 1
2392 2262 2525 2316 Can.
2558 2258 2630 2313 ad
2657 2255 3005 2328 Amphiloch.
3031 2270 3149 2309 can.
3183 2258 3234 2321 1,
3268 2252 3540 2308 censuisse
3570 2252 3726 2307 vide-

2126 2357 2230 2404 tur.
2264 2350 2341 2403 Ex
2378 2349 2483 2402 hoc
2520 2346 2662 2401 enim
2694 2345 2813 2416 ipso
2846 2351 3162 2413 argumento
3210 2340 3438 2410 probare
3482 2348 3721 2395 conten-

2123 2437 2219 2503 dit,
2252 2436 2619 2491 hmreticorum
2670 2433 2931 2502 baptisma
2960 2430 3252 2486 invalidum
3299 2444 3414 2486 esse
3454 2430 3722 2499 (namque

2125 2526 2249 2581 huic
2281 2524 2560 2579 sententiae
2591 2530 2714 2594 post
2755 2522 2810 2575 S.
2853 2520 3177 2590 Cyprianum
3211 2517 3725 2574 cumOrientalibus

2124 2614 2243 2669 aliis
2288 2612 2610 2681 inhaeserat),
2653 2610 2797 2680 quod
2842 2610 2897 2663 hi
2946 2609 3011 2662 ab
3058 2607 3295 2662 Ecclesia
3340 2606 3549 2676 abrupti
3588 2605 3721 2677 (etsi

2125 2702 2255 2757 alias
2293 2700 2531 2772 episcopi
2574 2708 2665 2754 aut
2696 2696 3018 2768 presbyteri,
3049 2696 3177 2765 etc.)
3207 2695 3263 2749 in
3308 2695 3563 2749 laicorum
3599 2703 3720 2748 sta-

2123 2800 2235 2847 tum
2272 2788 2631 2845 reinciderint.
2671 2810 2691 2837 (ι
2727 2784 2829 2854 Qui
2868 2793 3047 2840 autem
3086 2785 3299 2855 abrupti
3341 2791 3484 2848 sunt,
3518 2783 3717 2854 inquit,

2122 2881 2241 2935 laici
2271 2878 2473 2945 effecti,
2541 2893 2644 2932 nec
2697 2874 3018 2947 baptizandi,
3055 2890 3155 2929 nec
3201 2872 3485 2927 ordinandi
3518 2872 3722 2926 habent

421 2940 779 3044 ni???"
834 2940 926 3044 In?
962 2955 1140 3044 Pium
1164 2983 1185 3044 ἶ
1235 2957 1332 3040 se,“
1362 2942 1695 3044 ΓθθεῗῗδίθἾθῖ
1730 2941 2018 2998 oriebatur
2049 2952 2091 3029 C
2118 2976 2457 3044 potestatem.
2486 2988 2509 3022 ι
2535 2968 2710 3037 Quare
2723 2982 2847 3033 eos,
2873 2969 2971 3038 qui
2986 2968 3049 3022 ab
3071 2965 3210 3037 ipsis
3231 2963 3715 3037 baptizatierant,

415 3027 745 3081 tributorum
814 3027 1215 3097 proportionata
1289 3027 1579 3099 impositio,
1636 3030 1760 3084 hinc
1825 3044 2019 3086 census

421 3114 576 3171 etiam
613 3129 642 3167 a
671 3112 868 3168 Nostro
897 3112 951 3167 in
994 3114 1085 3169 lib.
1118 3115 1296 3189 Apol.,
1329 3133 1375 3172 c.
1408 3119 1463 3183 ’7,
1506 3131 1602 3187 pro
1634 3121 1767 3174 ortu
1796 3124 1886 3171 aut
1915 3119 2027 3173 ori-

421 3204 555 3272 gine
594 3202 683 3257 vel
723 3203 1070 3274 pro/essione
1100 3204 1354 3274 accipitur
1385 3221 1399 3258 :
1437 3225 1459 3255 ε
1486 3204 1696 3258 Census
1747 3204 1901 3259 istius
1931 3204 2020 3258 di-

424 3290 651 3362 sciplina
678 3305 710 3344 a
730 3289 943 3347 Tiberio
962 3298 1111 3346 est.»
1142 3292 1205 3348 Et
1233 3292 1288 3347 in
1321 3292 1418 3347 lib.
1452 3292 1615 3348 iadv.
1644 3293 1831 3359 Mam,
1862 3296 2018 3361 c.2t,

424 3380 669 3436 similiter
703 3399 716 3439 :
758 3398 781 3433 ι
811 3381 1023 3436 Nullam
1054 3392 1233 3438 autem
1269 3382 1552 3454 apostolici
1585 3399 1779 3437 census
1824 3384 2020 3439 Eccle-

427 3473 558 3527 siam
623 3472 887 3536 invenias,
942 3489 1062 3543 quae
1119 3472 1174 3527 in
1259 3473 1517 3530 Creatore
1573 3473 1956 3530 christianizet.
1992 3492 2014 3523 δ)

424 3561 562 3617 Vide
614 3560 775 3617 etiam
812 3560 904 3615 lib.
930 3561 997 3619 de
1019 3564 1364 3635 Prcescrzpt.,
1403 3564 1527 3632 cap.
1548 3564 1634 3617 32.
1670 3564 1909 3631 Itemque
1967 3562 2021 3617 in

425 3649 522 3707 lib.
554 3665 617 3706 vr
654 3650 781 3704 adv.
807 3649 995 3717 Mam,
1028 3665 1150 3720 cap.
1196 3654 1285 3720 40,
1319 3652 1386 3705 de
1440 3651 1581 3704 tribu
1621 3650 1757 3705 Juda
1796 3650 2023 3719 loquens

426 3738 501 3791 ait
536 3755 549 3791 :
594 3757 617 3787 α
654 3737 730 3790 Ex
767 3737 925 3805 cujus
954 3736 1093 3791 tribu
1124 3738 1304 3792 carnis
1340 3754 1534 3795 census
1562 3738 1757 3794 Christi
1796 3754 2028 3810 proces-

426 3841 605 3889 surus,
638 3844 663 3875 ι
698 3831 801 3879 etc.
839 3825 1157 3894 Rursusque
1187 3826 1374 3897 Apol.,
1423 3842 1472 3880 c.
1526 3829 1613 3891 10,
1654 3825 1906 3896 inquit.ch
1940 3827 2021 3880 Ab

426 3913 520 3967 illo
550 3911 828 3982 (Saturno)
859 3926 1056 3965 census
1073 3912 1259 3980 totius,
1307 3914 1387 3968 vel
1440 3913 1688 3983 potioris,
1719 3914 1804 3969 vel
1835 3913 2019 3969 notio-

427 4000 504 4055 ris
535 3998 843 4055 divinitatis.
881 4018 905 4049 »
931 3998 1234 4071 Aliquando
1262 4001 1420 4057 etiam
1452 4017 1548 4071 pro
1605 4018 1862 4069 numero,
1927 4004 2019 4073 qui

425 4091 734 4146 recensione
764 4088 1110 4145 determinari
1158 4090 1401 4161 solebat,
1445 4090 1615 4162 accipi
1645 4099 1876 4158 constat;
1909 4108 2016 4163 quo

426 4194 591 4235 sensu
611 4178 666 4233 in
704 4179 801 4233 lib.
852 4177 918 4235 de
974 4179 1197 4235 Veland.
1249 4180 1390 4252 Virg.
1422 4195 1470 4235 c.
1506 4182 1555 4246 4,
1590 4179 1663 4235 ait
1713 4197 1728 4237 :
1770 4200 1794 4232 α
1828 4179 2019 4238 Omnis

427 4282 621 4323 census
647 4267 1054 4335 elementorum,
1091 4287 1117 4320 »
1149 4274 1256 4324 etc.

2130 3067 2381 3129 tanquam
2418 3073 2449 3111 a
2477 3056 2627 3112 laicis
2657 3075 2683 3107 (ι
2731 3054 3047 3125 baptizatos,
3094 3053 3371 3124 jusserunt
3412 3050 3479 3104 ad
3520 3050 3720 3105 Eccle-

2128 3146 2264 3202 siam
2319 3146 2594 3200 venientes
2665 3157 2794 3200 vero
2844 3140 3089 3197 Ecclesiae
3146 3139 3465 3209 baptismate
3518 3153 3721 3207 expur-

2129 3234 2263 3308 gari.
2297 3254 2321 3285 »
2357 3234 2558 3290 Verum
2606 3232 2887 3304 superiora
2914 3230 3003 3284 illa
3034 3247 3065 3284 a
3102 3228 3433 3284 Tertulliano
3464 3227 3529 3281 de
3558 3226 3718 3283 laicis

2128 3339 2246 3379 esse
2273 3323 2433 3392 dicta,
2464 3322 2551 3377 vel
2574 3320 2692 3393 ipse
2722 3326 3007 3374 contextus
3035 3316 3231 3373 evincit
3256 3360 3269 3385 ,
3300 3331 3425 3371 cum
3451 3331 3574 3370 mox
3604 3331 3717 3385 po-

2129 3420 2245 3468 stea
2273 3427 2306 3466 a
2336 3410 2621 3484 baptismo,
2652 3408 2705 3463 in
2753 3408 3064 3464 necessitate
3100 3405 3543 3469 administrando,
3574 3420 3721 3461 non-

2129 3500 2233 3555 nisi
2262 3499 2489 3555 feminas
2517 3498 2790 3554 excludat.
2824 3497 2887 3551 Et
2915 3505 3058 3551 certe
3082 3493 3120 3549 I
3142 3491 3306 3549 I92
3322 3492 3720 3549 vetustissimus

2128 3606 2343 3662 semper
2372 3590 2430 3643 in
2459 3588 2697 3644 Ecclesia
2728 3602 2844 3641 mos
2889 3585 3004 3651 fuit,
3038 3592 3094 3639 ut
3122 3584 3178 3639 in
3201 3599 3327 3638 casu
3357 3584 3721 3647 necessitatis,

2128 3680 2436 3735 absentibus
2482 3681 2750 3749 episcOpo,
2784 3674 3124 3748 presbyteris
3170 3679 3225 3731 et
3266 3674 3536 3743 diaconis,
3582 3682 3718 3740 etc.,

2130 3770 2289 3825 etiam
2311 3766 2430 3822 laici
2457 3765 2804 3837 baptizarent.

2203 3886 2311 3940 Aut
2336 3882 2460 3939 loci.
2484 3882 2619 3936 Cum
2641 3880 2696 3934 in
2716 3879 2811 3936 illo
2831 3880 2946 3937 loco
2975 3896 3083 3936 non
3106 3880 3408 3951 episcopus,
3438 3884 3527 3933 aut
3552 3893 3711 3948 pres-

2129 3972 2303 4045 byter,
2334 3978 2427 4026 aut
2458 3985 2631 4041 neque
2662 3970 2930 4025 diaconus
2961 3985 3196 4039 praesens
3223 3976 3324 4037 est,
3357 3974 3449 4023 aut
3476 3966 3579 4023 alio
3614 3968 3723 4021 im-

2128 4062 2436 4133 pedimento
2466 4060 2715 4114 detentus
2745 4057 2927 4113 vocari
2955 4073 3066 4113 non
3094 4066 3290 4129 potest.

2197 4187 2309 4243 Aut
2342 4184 2627 4257 temporis.
2651 4183 2784 4240 Cum
2814 4181 3014 4240 scilicet
3032 4180 3089 4236 in
3118 4197 3290 4249 mora,
3313 4177 3561 4236 morituri
3591 4177 3735 4234 inte-

2129 4290 2221 4331 rea
2248 4273 2576 4346 baptizandi,
2608 4288 2845 4343 praesens
2873 4270 3175 4343 periculum
3204 4277 3366 4325 esset.

491 4373 871 4431 Tandemvero
902 4390 1002 4446 pro
1033 4373 1355 4431 substantia
1372 4375 1455 4431 vel
1488 4377 1880 4447 facultatibus,
1918 4376 2018 4429 Seu

2208 4390 2486 4447 Conditio.
2508 4388 2564 4444 Si
2585 4387 2791 4445 scilicet
2808 4386 2912 4441 alia
2940 4385 3180 4458 legitima
3208 4401 3371 4443 causa
3388 4382 3726 4455 baptismum

429 4461 583 4518 bonis
602 4461 761 4518 alicui
789 4462 1054 4536 propriis,
1078 4463 1361 4534 accipitur,
1392 4473 1450 4518 ut
1474 4464 1528 4518 in
1567 4465 1661 4519 lib.
1724 4465 1789 4520 de
1839 4465 2020 4521 Carne

436 4548 651 4607 Christi
680 4593 692 4615 ,
716 4565 765 4604 c.
798 4552 886 4618 25,
918 4550 989 4605 ait
1022 4568 1036 4606 :
1067 4572 1089 4600 α
1126 4552 1200 4606 Ita
1220 4552 1498 4621 utriusque
1527 4551 1835 4606 substantiae
1880 4568 2017 4609 cen-

429 4657 523 4697 sus
571 4639 870 4705 hominem,
899 4648 952 4695 et
982 4641 1154 4696 Deum
1188 4640 1425 4695 exhibuit
1456 4661 1470 4709 ;
1505 4659 1527 4689 »
1570 4641 1812 4710 sequitur
1874 4642 2019 4696 enim

430 4744 557 4785 mox
576 4736 802 4800 postea:
840 4748 866 4781 α
897 4726 1031 4795 Qum
1059 4730 1359 4799 proprietas
1405 4727 1793 4793 conditionum,
1826 4728 2021 4787 divinae

432 4826 487 4873 et
516 4819 802 4886 humanae;
834 4832 1005 4888 aequae
1043 4819 1226 4888 utique
1274 4823 1478 4872 naturae
1508 4817 1732 4874 veritate
1762 4819 2023 4891 cujusque

433 4906 720 4974 dispuncta
756 4913 855 4961 est.
903 4927 924 4955 »
958 4906 1023 4959 Et
1068 4905 1173 4961 hoc
1199 4906 1383 4975 utique
1414 4921 1579 4961 censu
1621 4908 1908 4963 commodo
1936 4908 2025 4962 in-

435 4993 603 5065 telligi
644 5001 819 5063 potest
843 4994 1054 5061 Noster,
1080 5010 1199 5048 cum
1255 4994 1581 5065 baptismum
1632 4998 1729 5052 Dei
1781 5012 2028 5065 censum,

434 5090 689 5151 tanquam
744 5082 878 5137 inter
940 5082 1084 5141 bona
1158 5085 1258 5141 Dei
1322 5084 1542 5157 propria
1609 5087 2021 5154 numerandum,

433 5178 613 5228 vocat.

509 5280 793 5336 Dicatum.
824 5278 1081 5351 EpiscOpi
1135 5279 1438 5352 preprium,
1488 5281 1645 5353 eique
1701 5282 2034 5354 peculiariter

437 5368 802 5438 attributum,
836 5384 899 5425 ac
927 5384 957 5423 a
978 5369 1095 5424 Deo
1127 5368 1246 5438 ipso
1278 5367 1687 5426 sanctiﬁcatum.

511 5475 766 5547 Episcopi
784 5476 1060 5546 ofﬁcium.
1090 5474 1409 5547 Argumenti
1439 5476 1519 5529 vis
1548 5474 1602 5529 in
1633 5491 1699 5532 eo
1731 5477 1904 5547 posita
1929 5483 2031 5544 est,

2128 4493 2251 4533 mox
2280 4475 2697 4548 impertiendum
2728 4482 2939 4545 urgeat.

2201 4592 2556 4650 Constantia.
2586 4588 2812 4646 Videtur
2830 4589 3157 4645 constantia
3177 4588 3265 4644 hic
3297 4587 3437 4643 sumi
3466 4600 3567 4658 pro
3594 4589 3731 4643 ani-

2126 4683 2411 4747 mositate,
2430 4681 2611 4737 animi
2622 4681 2921 4751 firmitate,
2942 4687 3001 4734 ut
3020 4694 3219 4735 sensus
3248 4677 3340 4733 sit:
3354 4699 3375 4727 α
3408 4676 3558 4732 Tunc
3575 4676 3728 4731 enim

2128 4770 2309 4828 licebit
2328 4770 2567 4825 animose
2596 4784 2659 4825 ac
2686 4768 2953 4840 intrepide
2983 4783 3315 4831 succurrere,
3344 4785 3368 4816 δ
3394 4774 3522 4832 etc.,
3546 4772 3610 4821 ut
3640 4765 3734 4819 ni-

2131 4859 2344 4925 mirum,
2380 4857 2472 4912 lib.
2513 4873 2550 4911 v
2580 4856 2705 4911 adv.
2749 4858 2941 4925 Mam,
2971 4871 3019 4911 c.
3054 4860 3077 4909 1
3119 4872 3133 4911 :
3169 4878 3191 4904 α
3226 4856 3399 4910 Tanta
3427 4855 3736 4911 constantia

2134 4950 2293 5005 alium
2324 4949 2483 5003 deum
2514 4945 2746 5014 edicere,
2776 4967 2798 4997 ι
2824 4945 2915 4999 ait.
2947 4946 3135 5001 Potest
3157 4945 3315 5000 etiam
3345 4959 3445 5016 pro
3465 4944 3735 5001 libertate

2136 5049 2225 5094 aut
2253 5036 2646 5094 convenientia
2683 5034 2853 5106 accipi
2884 5052 2897 5087 ε
2930 5033 3023 5105 qui
3052 5049 3244 5089 sensus
3291 5034 3447 5103 plane
3471 5032 3734 5104 congruit

2137 5142 2258 5181 cum
2296 5140 2381 5194 eo,
2435 5126 2577 5197 quod
2626 5139 2750 5179 mox
2794 5123 3155 5196 subjungitur.
3207 5122 3341 5178 Vide
3396 5120 3555 5175 etiam
3600 5137 3735 5191 quae

2139 5216 2391 5287 supra,ad
2414 5231 2534 5286 cap.
2568 5218 2654 5282 10,
2682 5215 2747 5269 de
2776 5228 2907 5270 voce
2928 5217 3258 5270 constanter
3278 5211 3533 5266 diximus.
3556 5209 3736 5279 Quid-

2143 5305 2270 5378 quid
2299 5320 2427 5360 vero
2465 5304 2532 5360 de
2567 5304 2654 5359 his
2701 5304 2789 5371 sit,
2839 5303 3017 5359 malim
3064 5313 3209 5359 certe
3255 5301 3606 5360 constantiam
3641 5298 3733 5356 hic

2143 5392 2383 5465 accipere
2414 5409 2510 5463 pro
2540 5392 2717 5447 stabili
2747 5400 2803 5447 et
2829 5390 3085 5447 canonice
3113 5391 3403 5446 constituto
3432 5388 3624 5445 ordine
3665 5404 3735 5444 ac

2144 5482 2348 5555 regula,
2394 5480 2459 5535 ad
2504 5495 2789 5550 personam
2842 5478 3192 5534 ministrantis
3243 5486 3517 5550 Spectante
3553 5493 3568 5539 ;
3601 5491 3731 5547 quae
