4050 6168
278 256 414 315 1273

270 383 462 456 regula
513 384 702 458 utique
757 387 813 442 in
869 405 998 446 casu
1057 395 1412 464 necessitatis,
1441 404 1501 454 ut
1548 399 1666 458 aliae
1719 403 1864 477 leges

268 473 647 530 ecclesiasticae
674 483 728 531 et
755 479 1026 550 humanae,
1075 483 1254 540 locum
1284 501 1391 541 non
1423 488 1647 546 habent.

337 565 556 618 Docere.
586 565 790 620 Alludit
818 583 1002 623 rursus
1029 573 1092 626 ad
1126 587 1187 628 ea
1228 590 1349 644 quae
1378 591 1539 648 supra
1573 595 1691 651 cap.
1715 583 1765 649 1,
1799 581 1865 636 de

273 652 534 720 Quintil.,
589 655 815 726 ejusque
873 658 1134 715 virulenta
1178 661 1460 732 doctrina,
1526 682 1860 724 commemo-

265 740 416 797 ravit.
467 741 545 796 De
611 743 711 799 hac
765 745 887 799 item
932 749 1235 819 petulantia
1287 754 1578 811 mulierum
1640 757 1696 812 in
1765 759 1860 814 lib.

263 830 330 886 de
372 831 722 903 Prwscript.,
749 849 869 906 cap.
905 837 993 905 41,
1035 840 1227 894 acerbe
1258 843 1524 913 queritur.

331 918 593 973 Caeterum
628 937 694 975 ex
725 922 824 977 hoc
872 925 990 981 loco
1025 927 1267 997 quidam,
1314 947 1414 986 nec
1471 933 1672 1003 inepte,
1703 936 1862 991 colli-

261 1014 412 1078 gunt,
444 1023 475 1061 a
506 1008 857 1078 Tertulliano,
881 1029 998 1068 cum
1015 1015 1188 1070 adhuc
1207 1034 1330 1074 vere
1344 1020 1678 1077 orthodoxus
1693 1029 1860 1091 esset,

261 1092 405 1149 hunc
446 1094 639 1151 librum
663 1098 728 1153 de
754 1103 1042 1174 Baptismo
1071 1105 1440 1178 conscriptum
1471 1108 1656 1180 fuisse,
1693 1128 1862 1183 prop-

261 1189 401 1237 terea
433 1185 577 1253 quod
619 1185 876 1259 deinceps
907 1192 1228 1246 Montanista
1262 1193 1459 1261 factus,
1487 1197 1649 1270 longe
1673 1199 1865 1270 majori

252 1267 615 1342 indulgentia,
645 1274 776 1346 quin
813 1284 865 1330 et
903 1277 1124 1334 nimium
1157 1280 1303 1336 molli
1338 1267 1662 1354 reverentia,
1693 1267 1862 1346 in-lo-

254 1375 479 1429 quacem
504 1362 655 1416 illum
689 1379 879 1420 sexum
911 1366 1256 1441 fuerit,quem
1289 1373 1485 1429 Paulus
1527 1375 1646 1445 ipse
1675 1378 1697 1431 Ι
1732 1378 1861 1434 Cor.

251 1461 383 1518 xxv,
419 1451 507 1514 34,
539 1451 606 1505 ad
638 1460 961 1523 perpetuum
995 1455 1050 1512 in
1079 1457 1319 1514 Ecclesia
1348 1461 1619 1518 silentium
1648 1465 1868 1520 damna-

249 1533 330 1590 vit
368 1543 421 1591 et
452 1553 633 1609 neque
672 1541 751 1597 sic
779 1543 911 1597 satis
941 1559 1283 1616 compescere
1316 1549 1508 1619 potuit.
1542 1553 1661 1608 Huc
1686 1555 1864 1625 perti-

249 1630 379 1677 nent
417 1625 573 1680 etiam
630 1643 714 1699 ea,
754 1645 875 1702 quae
923 1631 979 1686 in
1016 1635 1074 1702 ρ.
1112 1635 1270 1702 Crit.,
1321 1639 1394 1694 ad
1449 1640 1542 1696 lib.
1593 1641 1658 1699 de
1715 1647 1865 1700 Prie-

247 1715 474 1782 script.,
513 1730 568 1783 q.
606 1718 639 1770 4
686 1719 742 1772 et
773 1721 826 1783 ὅ,
866 1719 1123 1776 diximus.

328 1799 442 1853 Sibi
457 1802 670 1870 pariet.
687 1805 807 1859 Non
836 1805 1140 1878 inelegans,
1163 1825 1350 1885 neque
1375 1821 1554 1870 autem
1584 1815 1703 1872 sine
1732 1833 1854 1873 sar-

221 1897 456 1961 ‘casmo,
480 1887 531 1941 in
561 1891 839 1958 mulieres,
875 1897 1076 1963 passim
1108 1913 1194 1953 res
1222 1915 1387 1956 novas
1440 1902 1495 1956 in
1525 1903 1692 1958 sacris
1732 1921 1856 1976 par.

245 1974 537 2042 turientes,
574 1981 904 2050 metaphora.
937 1983 1202 2040 C'eterum
1253 2005 1375 2044 cum
1409 1991 1475 2047 de
1495 1995 1629 2064 jure
1669 1974 1854 2066 loqui-

238 2067 355 2126 tur,
387 2077 495 2118 non
530 2064 676 2122 illico
704 2084 918 2127 omnem
943 2088 974 2126 a
1002 2073 1236 2143 feminis,
1287 2079 1475 2133 saltem
1507 2081 1563 2134 in
1593 2097 1722 2138 casu
1743 2064 1855 2138 fex-

239 2155 435 2205 tremae
466 2155 822 2229 necessitatis,
857 2159 1164 2229 baptizandi
1216 2163 1523 2222 facultatem
1564 2170 1801 2228 excludit
1837 2188 1850 2242 ;

237 2246 378 2318 quin
417 2264 546 2304 vero
577 2249 846 2320 baptizare
865 2254 1000 2327 ipsis
1023 2258 1167 2323 licet,
1205 2269 1582 2336 tenenturque,
1643 2269 1690 2322 si
1745 2269 1851 2324 sci-

236 2343 369 2403 licet
396 2345 476 2403 vir
506 2362 612 2403 non
641 2350 890 2418 adfuerit,
927 2363 1020 2409 aut
1057 2359 1385 2415 verecundia
1416 2362 1720 2431 prohibeat,
1777 2367 1846 2421 ab

233 2447 306 2488 eo
335 2433 659 2504 baptismum
690 2439 1077 2497 administrari.
1111 2444 1252 2500 Sane
1304 2457 1481 2504 autem
1513 2467 1696 2506 casum
1756 2469 1850 2508 ne-

235 2530 506 2586 cessitatis
549 2533 762 2604 (saltem
807 2537 1082 2609 extremae)
1112 2555 1288 2612 neque
1315 2544 1549 2616 antiquis
1585 2547 1692 2604 illis
1722 2559 1852 2606 tem-

238 2617 471 2687 poribus
508 2620 782 2682 exclusurn
840 2623 1027 2696 fuisse,
1075 2628 1206 2684 satis
1248 2641 1392 2697 patet
1429 2651 1497 2690 ex
1537 2637 1620 2691 .lo.
1647 2630 1849 2695 Moschi

235 2705 357 2778 (qui
388 2723 512 2763 smc.
547 2726 614 2765 vu
651 2709 850 2782 ﬂoruit)
881 2717 1053 2772 Prato
1085 2718 1259 2788 Spir.,
1303 2735 1352 2774 c.
1407 2725 1460 2786 3,
1507 2723 1601 2777 ubi
1639 2728 1846 2793 asserit,

235 2804 436 2851 ccutra
456 2812 693 2854 canones
723 2816 862 2868 esse,
915 2803 1249 2862 diaconissas
1287 2809 1558 2879 baptizare
1611 2820 1849 2886 excepta

235 2879 444 2936 scilicet
462 2887 825 2944 strictissime
852 2895 1211 2950 necessitatis
1235 2911 1442 2964 causa;
1470 2898 1523 2952 in
1547 2915 1653 2971 qua
1670 2879 1852 2974 utique

235 2966 376 3025 illud
416 2970 595 3043 ipsum
649 2975 967 3034 Tertulliani
1009 2981 1335 3054 principium
1381 2966 1702 3056 subingredi
1758 2966 1854 3043 ne-

235 3072 389 3114 cessa
431 3068 557 3117 est:
609 3083 633 3115 ι
665 3063 934 3135 Quoniam
982 3084 1110 3124 reus
1138 3072 1244 3126 erit
1283 3073 1475 3142 perditi
1519 3074 1774 3144 hominis,
1821 3098 1846 3130 ι

234 3154 346 3203 etc.

685 3303 848 3360 Notae
878 3303 953 3361 ad
980 3309 1154 3379 caput
1183 3310 1369 3366 XVIII.

315 3421 605 3479 Pristinw.
639 3423 857 3482 Scilicet
887 3428 1208 3496 Quintillae,
1230 3447 1392 3502 quam
1422 3434 1586 3504 paulo
1616 3443 1738 3491 ante
1766 3453 1855 3494 su-
1922 3451 1930 3464 '

238 3507 481 3582 gillavit,
512 3528 654 3569 nunc
691 3522 869 3570 autem
922 3521 1236 3590 pristinam
1280 3522 1427 3589 dicit,
1475 3524 1621 3595 quod
1667 3525 1738 3581 de
1789 3542 1853 3582 ea

238 3612 369 3654 mox
397 3602 465 3655 ad
501 3600 709 3657 initium
748 3605 911 3675 hujus
931 3606 1054 3661 libri
1074 3606 1289 3664 locutus
1318 3618 1477 3676 esset,
1513 3621 1566 3669 et
1600 3613 1850 3685 ipsajam

237 3689 440 3745 diutius
468 3698 626 3746 antea
661 3692 990 3764 baptismum
1021 3695 1282 3766 impetere
1310 3713 1442 3754 ausa
1487 3699 1703 3768 fuisset,

311 3780 636 3849 Auferebat.
668 3782 706 3835 i.
738 3797 786 3837 e.
819 3799 850 3839 e
884 3785 1065 3840 medio
1099 3785 1289 3841 tollere
1318 3793 1521 3846 conata
1545 3790 1739 3847 fuerat.

314 3869 421 3924 Per
449 3884 522 3925 se.
557 3871 787 3928 Suomet
817 3874 946 3942 iure
980 3888 992 3928 :
1024 3875 1168 3946 quod
1216 3890 1393 3947 neque
1430 3877 1488 3933 in
1524 3879 1653 3937 viris
1690 3882 1848 3938 laicis

237 3958 502 4014 hactenus
546 3960 828 4015 toleratum
855 3961 971 4016 fuit.

311 4049 620 4120 Perpcram
673 4049 906 4122 scripta,
943 4050 983 4106 i.
1037 4067 1086 4106 e.
1135 4050 1520 4125 ψευδεπιγραφα,
1553 4071 1647 4111 seu
1701 4058 1848 4128 falso

239 4135 359 4204 ejus
379 4136 619 4203 nomine,
642 4139 869 4196 Periodi
887 4140 1065 4207 Pauli
1083 4144 1141 4196 et
1168 4140 1400 4207 Theclaz,
1425 4141 1702 4216 inscripta,
1723 4161 1845 4215 quae

236 4225 458 4294 quidem
479 4227 822 4296 supposititia
845 4245 966 4284 esse
985 4245 1146 4285 nemo
1163 4231 1273 4299 jam
1295 4230 1600 4288 criticorum
1617 4233 1847 4304 amplius

235 4312 473 4368 dubitat.
505 4315 864 4371 Continentur
891 4317 949 4373 in
977 4319 1062 4372 his
1108 4318 1240 4375 actis
1282 4320 1531 4390 quaedam
1585 4321 1844 4377 doctrinae

234 4401 412 4456 sancti
448 4402 596 4458 Pauli
626 4405 846 4460 omnino
883 4407 1130 4474 adversa,
1179 4409 1436 4481 pleraque
1487 4409 1588 4465 alia
1618 4410 1837 4479 penitus

1091 268 1426 330 APPENDIX
1466 274 1528 332 ν.
1567 307 1640 320 -
1679 276 1740 334 D.
1783 276 2154 341 CORBINIANI
2192 279 2434 340 ΤΗΟΜιἘ
2493 282 2729 344 ADNOT.

3435 289 3568 350 1274

1975 405 2332 463 narrationem
2363 408 2660 481 Basnagius
2685 409 2741 464 in
2771 411 2977 468 Annal.
3006 415 3461 484 politico-eccles.
3495 420 3562 473 ad

1975 497 2039 551 A.
2077 497 2132 552 C.
2174 498 2242 550 46
2282 497 2494 566 penitus
2521 513 2760 553 eversam
2790 501 2959 571 cupit,
2989 508 3224 559 attamen
3249 506 3361 573 jam
3399 506 3492 561 diu
3533 523 3566 561 a

1971 585 2200 641 Baronio
2235 587 2304 640 ad
2343 588 2405 642 A.
2459 589 2514 644 C.
2556 589 2623 642 47
2665 589 2823 644 nimis
2861 590 3066 646 fortiter
3105 594 3409 650 stabilitam.
3455 597 3565 652 Sed

1969 673 2088 728 haec
2112 675 2390 744 operosius
2427 675 2725 746 disquirere
2764 678 2984 732 minime
3013 680 3174 749 hujus
3211 682 3316 736 loci
3347 691 3448 741 est.

2039 774 2114 827 De
2158 789 2277 837 suo,
2328 771 2363 826 i.
2415 788 2465 828 e.
2519 773 2718 843 proprii
2771 775 2857 829 sui
2914 775 3121 851 ingenii
3177 779 3561 838 adinveutione

1970 873 2288 932 congerens.
2987 918 2990 920 γ

2046 959 2371 1015 Cumulans.
2403 960 2670 1031 Equidem
2694 977 2798 1017 non
2826 962 2880 1016 id
2929 979 2992 1018 ex
3033 966 3233 1021 malitia
3260 968 3330 1022 ab
3368 969 3562 1024 eodem

1970 1045 2186 1115 factum,
2225 1049 2323 1101 sed
2370 1048 2458 1119 pia
2510 1050 2718 1113 fraude,
2754 1048 3028 1122 nimioque
3065 1055 3200 1119 zelo,
3245 1055 3298 1109 id
3337 1064 3420 1110 est
3458 1059 3565 1111 mi-

1970 1152 2073 1190 nus
2101 1136 2355 1202 discreto,
2383 1138 2474 1208 qui
2512 1145 2565 1193 et
2603 1138 2737 1194 alios
2773 1157 2984 1211 quoque
3010 1141 3153 1198 circa
3193 1144 3278 1198 illa
3318 1153 3565 1216 tempora

1971 1226 2258 1290 invaserat,
2288 1227 2519 1282 maxime
2548 1229 2990 1299 Evangelioru-m
3027 1235 3382 1300 quorumdam
3423 1236 3562 1292 scri-

1971 1321 2176 1384 ptores,
2207 1315 2405 1384 quibus
2437 1327 2492 1371 ut
2531 1316 2902 1372 auctoritatem
2940 1322 3308 1386 conciliarent,
3342 1333 3567 1394 aposto-

1971 1404 2140 1458 lorum
2177 1404 2533 1474 quorumdam
2580 1406 2815 1472 nomina,
2853 1423 2952 1463 ceu
2988 1409 3190 1479 putidis
3239 1412 3324 1466 his
3368 1416 3566 1470 merci-

1970 1490 2075 1546 bus
2100 1492 2333 1561 pretium
2363 1493 2586 1558 factura,
2620 1496 3032 1563 suspenderunt.

2043 1591 2178 1646 Loco
2215 1589 2521 1659 decessisse,
2561 1591 2614 1646 id
2653 1599 2736 1646 est
2773 1609 2804 1647 a
2840 1595 3218 1665 presbyteratu
3256 1597 3562 1654 abdicatum

1971 1677 2157 1743 fuisse,
2188 1686 2349 1748 atque
2375 1678 2430 1732 in
2461 1679 2720 1736 laicorum
2749 1683 2990 1738 ordinem
3031 1685 3434 1756 quodammodo
3467 1703 3559 1742 re-

1897 1750 2200 1828 Bdactum.
2277 1768 2542 1823 Cmterum
2597 1771 2734 1824 hanc
2786 1750 3066 1827 historiam
3115 1773 3321 1843 primus
3371 1790 3563 1846 prOpa-

1960 1859 2088 1913 lavit
2141 1859 2525 1928 Tertullianus,
2586 1858 2843 1930 deinceps
2897 1877 2930 1914 a
2987 1862 3231 1932 plurimis
3296 1864 3412 1919 aliis
3465 1881 3559 1921 as-

1964 1953 2182 2001 sertam.

2033 2043 2390 2099 Proximum.
2431 2043 2589 2101 Fidei
2625 2047 2959 2116 proximum
2997 2045 3086 2103 hic
3120 2046 3378 2119 appellat,
3414 2049 3561 2120 quod

1961 2148 2215 2204 magnam
2262 2133 2786 2190 verisimilitudinem
2830 2136 3012 2200 habet,
3063 2142 3121 2190 ut
3171 2135 3276 2192 fide
3325 2138 3560 2193 humana

1961 2222 2255 2293 prudenter
2282 2222 2428 2276 credi
2459 2223 2649 2291 possit.

2037 2319 2392 2387 Constanter,
2421 2333 2519 2372 seu
2559 2319 2745 2388 libere,
2779 2335 2842 2375 ac
2879 2321 3179 2394 intrepide.
3222 2321 3359 2378 Vide
3393 2338 3561 2396 supra

1960 2411 2072 2460 not.
2108 2406 2441 2462 Constantia
2471 2415 2524 2460 et
2552 2422 2676 2478 cap.
2707 2412 2792 2462 10.
2824 2416 2937 2464 not.
2976 2413 3329 2469 Constanter.

2030 2503 2365 2560 Consulant.
2388 2506 2643 2561 Mulieres
2655 2508 2717 2562 in
2733 2508 2984 2566 Ecclesia
3003 2515 3262 2567 taceant:
3276 2527 3391 2568 non
3402 2509 3558 2568 enim

1956 2593 2322 2664 permittitur
2357 2595 2437 2649 eis
2468 2595 2639 2666 loqui,
2667 2597 2760 2652 sed
2790 2597 3044 2654 subditas
3093 2615 3223 2665 esse,
3273 2601 3425 2656 sicut
3465 2603 3560 2657 lea:

1958 2681 2113 2737 dicit.
2139 2682 2200 2736 Si
2218 2681 2353 2752 quid
2380 2685 2574 2738 autem
2594 2685 2793 2740 volunt
2814 2685 3043 2752 discere,
3069 2687 3222 2744 domi
3251 2691 3397 2744 viros
3425 2705 3558 2746 suos

1958 2770 2326 2840 interrogent.
2343 2774 2516 2843 Turpe
2534 2775 2618 2827 est
2638 2775 2788 2829 enim
2798 2775 3038 2831 mulieri
3050 2776 3200 2847 loqui
3213 2779 3274 2831 in
3287 2778 3552 2833 Ecclesia.

1961 2857 2038 2912 lta
2068 2864 2283 2912 sanctus
2309 2860 2502 2913 Paulus
2533 2860 2587 2929 (Ι
2615 2862 2736 2917 Cor.
2768 2876 2882 2927 xtv,
2915 2878 2972 2917 v.
3008 2864 3076 2917 34
3105 2871 3158 2918 et
3179 2866 3358 2935 seqq.)
3383 2864 3556 2937 Igitur

1961 2946 2007 3000 si
2047 2946 2176 3015 quid
2206 2946 2258 2999 in
2302 2948 2542 3004 Ecclesia
2585 2949 2888 3016 didicerint,
2920 2951 2989 3005 ad
3027 2950 3176 3007 viros
3223 2968 3354 3008 suos
3395 2954 3552 3008 able-

1884 3028 1927 3106 ε
1958 3045 2172 3106 gantur,
2213 3035 2280 3090 ab
2325 3036 2423 3107 eis,
2477 3038 2644 3094 sicubi
2704 3040 3099 3112 haesitaverint,
3144 3043 3359 3115 plenius
3415 3045 3551 3100 edo—

1961 3124 2164 3188 cendae,
2216 3132 2308 3180 aut
2361 3125 2415 3181 in
2462 3128 2710 3184 doctrina
2763 3129 2893 3185 alias
2939 3130 3040 3187 rite
3077 3139 3332 3202 percepta
3370 3139 3558 3189 contra

1960 3213 2195 3272 nativam
2232 3231 2385 3271 suam
2413 3216 2801 3275 volubilitatem
2824 3219 3006 3292 magis
3035 3221 3391 3280 stabiliendae.

2421 3422 2580 3478 Nota:
2606 3421 2678 3477 ad
2697 3428 2872 3496 caput
2903 3423 3088 3482 XVIII.

2038 3571 2255 3628 Temere
2283 3572 2640 3640 credendum,
2673 3590 2768 3630 seu
2799 3577 3213 3635 inconsiderate
3248 3577 3419 3634 cuivis
3455 3581 3559 3636 ad-

1957 3659 2422 3719 ministrandum.
2455 3663 2627 3717 Instar
2654 3665 2795 3718 enim
2821 3667 3074 3737 pignoris
3093 3665 3157 3720 ad
3187 3668 3419 3724 salutem
3449 3675 3554 3734 est,

1957 3748 2103 3818 quod
2144 3758 2198 3806 et
2234 3749 2289 3804 in
2333 3751 2670 3807 securitatem
2716 3754 2906 3820 debiti,
2947 3764 3001 3809 et
3037 3755 3326 3823 creditori,
3358 3773 3555 3816 secure

1877 3832 1882 3837 ’
1923 3844 2317 3905 ‘asservaturo,
2348 3838 2461 3894 dari
2491 3841 2646 3896 solet.

2031 3935 2282 4006 Ofﬁcium
2312 3939 2414 4003 est,
2452 3937 2654 3994 scilicet
2697 3939 2948 3995 eumdem
2995 3939 3116 3996 aliis
3158 3941 3554 4002 administrare.

2026 4034 2250 4091 Petenti
2276 4034 2429 4091 dato.
2460 4037 2624 4093 Omni
2650 4039 2875 4108 petenti
2905 4041 2960 4095 te
2982 4041 3184 4111 tribue,
3207 4043 3280 4096 ait
3309 4042 3555 4100 Christus

1955 4122 2086 4176 Luc.
2119 4139 2197 4191 vr,
2229 4138 2284 4179 v.
2321 4126 2410 4177 30.

2037 4220 2305 4275 Titulum.
2345 4221 2561 4277 Titulus
2592 4228 2672 4278 est
2698 4223 2828 4279 alias
2865 4225 3109 4296 quaedam
3149 4231 3286 4283 nota
3318 4242 3379 4283 ac
3405 4228 3555 4285 velut

1953 4307 2249 4379 inscriptio
2302 4309 2542 4376 cujusvis
2597 4310 2799 4381 aperis,
2854 4329 2959 4384 qua
3023 4313 3077 4368 id
3137 4316 3424 4371 honestum
3483 4333 3548 4374 ac

1951 4395 2220 4452 laudabile
2245 4396 2492 4453 efficitur.
2525 4399 2605 4452 Ita
2634 4415 2766 4471 ergo
2793 4407 2852 4454 ut
2882 4409 2934 4455 et
2971 4401 3195 4474 petitio,
3226 4411 3279 4460 et
3319 4405 3549 4480 largitio

234 4487 508 4556 fabulosa,
546 4505 634 4547 ex.
667 4509 748 4564 gr.
774 4494 920 4565 quod
951 4494 1152 4552 Thecla
1189 4513 1220 4550 a
1262 4499 1426 4554 Paulo
1466 4499 1532 4553 ad
1562 4499 1826 4568 apostoli-
1869 4509 1871 4568 ἀ

1974 4484 2229 4541 audabilis
2290 4485 2397 4556 fiat,
2448 4494 2674 4559 utraque
2722 4489 2929 4544 titulum
2970 4491 3168 4546 habere
3216 4492 3398 4561 debet,
3454 4512 3551 4554 seu

237 4593 362 4634 cum
394 4580 723 4649 praedicandi
753 4583 1054 4653 Evangelii,
1087 4593 1138 4641 et
1155 4586 1461 4658 baptizandi
1501 4605 1694 4644 munus
1721 4605 1843 4647 evo-

237 4673 359 4722 cata
403 4666 586 4734 fuerit,
626 4685 689 4726 ac
728 4679 1012 4743 utrumque
1063 4673 1350 4746 plusquam
1405 4675 1634 4734 viriliter
1679 4695 1850 4735 exer-

237 4755 432 4825 cuerit,
464 4765 592 4824 etc.,
624 4760 693 4814 de
715 4760 912 4832 quibus
931 4767 1109 4817 tamen
1138 4771 1356 4820 sanctus
1373 4765 1521 4823 Hier.
1537 4767 1601 4822 de
1634 4768 1844 4841 Script.

239 4843 453 4900 Eccles.
483 4845 555 4901 ita
593 4847 667 4903 ait
695 4862 708 4902 :
745 4867 769 4898 «
803 4849 1059 4905 Periodos
1088 4852 1236 4906 Pauli
1288 4861 1340 4908 et
1357 4854 1588 4923 Theclte,
1606 4860 1660 4914 et
1680 4866 1847 4914 totam

236 4932 495 5002 baptizati
523 4935 717 4992 Leonis
751 4937 1034 5008 (hactenus
1065 4950 1242 4996 autem
1282 4944 1551 5001 nescitum
1582 4945 1759 5018 cujus)
1775 4946 1847 5002 fa-

235 5020 448 5093 bulam,
481 5023 622 5080 inter
650 5029 990 5098 apocryphas
1028 5029 1337 5097 Scripturas
1368 5041 1778 5103 computamus;
1814 5055 1840 5086 ››

233 5109 294 5166 in
327 5128 554 5185 quarum
586 5115 808 5170 omnino
837 5117 1063 5172 classem
1095 5135 1125 5173 a
1153 5120 1376 5176 Gelasio
1416 5122 1554 5191 Papa
1589 5121 1643 5175 in
1675 5122 1847 5179 Conc.

236 5217 381 5258 rom.
416 5219 484 5258 an
528 5205 633 5260 494
660 5205 867 5274 habito,
898 5209 1123 5277 rejectas
1149 5211 1417 5266 novimus.

312 5292 382 5346 At
416 5308 545 5349 vero
577 5295 795 5366 spurius
825 5296 910 5352 hic
937 5297 1074 5353 liber
1101 5297 1386 5373 diligenter
1429 5299 1847 5374 distinguendus

237 5386 324 5435 est
360 5397 391 5436 a
435 5381 587 5439 libris
625 5385 765 5452 aliis,
798 5386 1156 5443 communiter
1184 5387 1401 5444 Basilio.
1432 5406 1519 5461 ep.
1563 5391 1844 5460 Seleucia,

237 5467 336 5538 qui
364 5469 543 5526 medio
572 5488 700 5528 saec.
726 5491 760 5529 v
787 5475 990 5541 floruit,
1037 5475 1287 5546 ascriptis
1337 5494 1350 5534 :
1392 5477 1446 5532 in
1483 5481 1684 5551 quibus
1720 5481 1846 5535 uni-

235 5569 455 5613 versam
481 5559 520 5615 I
541 5559 710 5620 I98
735 5562 806 5620 de
833 5569 1046 5622 sancta:
1081 5565 1290 5624 Thech
1316 5567 1484 5638 gestis
1501 5577 1556 5626 et
1573 5570 1850 5628 miraculis

1949 4573 2216 4629 rationem
2243 4577 2298 4630 et
2323 4590 2539 4631 causam
2580 4585 2694 4630 tum
2727 4576 2976 4650 petendi,
3011 4587 3120 4635 tum
3159 4581 3351 4640 dandi.
3387 4584 3553 4641 Titu-

1954 4663 2036 4718 lus
2065 4672 2243 4720 autem
2273 4664 2433 4719 dandi
2469 4673 2552 4720 est
2581 4667 2787 4738 petitio
2825 4668 3158 4741 indigentis,
3187 4673 3378 4729 titulus
3407 4676 3554 4732 acci-

1952 4751 2135 4823 piendi
2166 4753 2490 4826 indigentia
2512 4756 2780 4826 petentis.
2813 4757 3001 4827 Itaque
3034 4766 3086 4813 et
3113 4761 3413 4828 baptismus
3443 4779 3552 4818 non

1954 4839 2059 4895 nisi
2107 4841 2423 4911 petentibus,
2464 4858 2562 4899 nec
2606 4843 2917 4914 simpliciter
2967 4848 3298 4918 petentibus,
3341 4851 3438 4906 sed
3487 4852 3552 4907 ad

1953 4929 2327 5002 accipiendum
2373 4931 2554 4987 debite
2591 4933 2903 5003 praeparatis
2946 4942 3063 4993 tum
3112 4953 3211 5010 per
3237 4937 3552 5000 instructio-

1954 5034 2080 5075 nem
2110 5018 2385 5085 doctrinae,
2419 5027 2532 5075 tum
2570 5036 2667 5092 per
2709 5020 2973 5080 fervorem
3018 5027 3313 5084 voluntatis
3353 5030 3551 5087 arden-

1955 5117 2035 5162 ter
2061 5105 2217 5161 illum
2245 5107 2692 5177 desiderantibus,
2732 5111 2966 5168 conferri
2995 5113 3171 5171 debet.

2026 5205 2106 5260 Ad
2161 5206 2587 5281 eleemosynam.
2638 5209 2731 5265 Sat
2779 5227 2843 5268 ex
2894 5229 3017 5270 mox
3069 5213 3226 5271 dictis
3274 5223 3440 5288 patet,
3492 5225 3552 5274 ut

1954 5295 2375 5369 eleemosynam,
2415 5299 2488 5356 ita
2526 5308 2581 5357 et
2618 5301 2942 5372 baptismum
2978 5305 3366 5379 indigentibus,
3407 5307 3552 5366 hunc

1953 5396 2129 5444 autem
2161 5387 2375 5445 nonnisi
2403 5390 2543 5448 serio
2573 5393 2909 5464 petentibus,
2933 5396 3172 5452 dandum
3200 5411 3340 5452 esse.
3373 5399 3552 5471 Atque

1953 5473 2006 5530 id
2057 5477 2275 5550 quidem
2317 5479 2386 5535 de
2426 5480 2692 5551 baptismo
2729 5481 3035 5538 adultorum
3081 5499 3302 5540 necesse
3340 5496 3444 5552 est,
3487 5493 3546 5542 ut

1954 5565 2203 5622 nimirum
2251 5567 2296 5622 is
2350 5567 2504 5626 licite
2557 5570 2714 5627 alicui
2770 5571 3137 5642 ministretur;
3183 5581 3435 5632 caeterum
3474 5577 3540 5633 ad
