4028 6180
450 280 590 341 1275

1532 278 1620 339 AD
1651 278 1942 372 GENUlNA
1979 274 2421 339 THRTULLIANI
2449 271 2663 333 OPERA

3604 255 3742 318 i276

456 409 709 465 valorem
738 418 849 461 non
888 402 1177 477 requiritur
1218 403 1324 459 nisi
1372 403 1594 461 intentio
1634 404 1946 476 recipiendi,
1985 411 2047 460 ut
2076 421 2123 498 Α
2151 401 2483 472 telligamus,
2511 413 2624 498 vox‘
2644 393 2981 498 exhortatus
3006 387 3435 498 ‘passivolsensu
3488 383 3745 498 capienda

456 504 673 559 vocant,
700 492 1022 551 habitualis.
1056 493 1161 549 Sed
1191 494 1290 549 hac
1319 493 1385 549 de
1415 510 1470 549 re
1498 494 1621 549 alibi
1652 494 1915 565 pluribus.

533 596 850 650 Exsertam.
872 592 910 648 i.
935 609 982 647 e.
1015 597 1313 665 apertam,-
1338 592 1413 647 ita
1439 592 1581 648 enim
1609 594 1805 650 Noster
1824 592 1877 646 in
1897 596 1955 649 L.
1980 592 2046 650 de

461 684 640 755 Spect.
692 698 812 752 cap.
864 685 916 747 3,
960 682 1033 736 ait
1077 699 1089 739 :
1141 702 1164 734 ι
1202 682 1365 737 Plane
1412 698 1677 753 nusquam
1718 683 2045 756 invenimus,

462 771 913 843 quemadmodum
938 778 1119 841 aperte
1150 771 1380 842 positum
1398 779 1507 826 est:
1530 774 1648 828 Non
1665 772 1892 837 occides,
1917 779 2045 843 etc.,

462 863 538 916 ita
566 868 780 913 exserte
808 859 1084 914 deﬁnitum
1118 876 1131 915 :
1168 861 1286 915 Non
1318 863 1380 915 in
1414 862 1635 917 Circum
1666 861 1787 927 ibis,
1832 880 1857 912 io
1900 870 2001 916 etc.
2031 880 2043 927 ;

464 951 532 1005 Et
558 949 596 1003 1.
630 963 672 1004 lt
700 949 771 1005 ad
804 950 994 1019 Uxor.,
1017 964 1133 1018 cap.
1169 954 1217 1017 t,
1244 949 1315 1002 ita
1345 950 1507 1004 habet
1538 967 1551 1006 :
1590 969 1613 1001 ι
1646 950 1763 1005 Iam
1791 966 1900 1007 non
1926 966 2049 1005 sua-

464 1038 573 1102 det,
606 1037 699 1091 sed
730 1042 947 1095 exserte
970 1037 1145 1106 jubet.
1202 1056 1233 1087 »·
1258 1040 1497 1109 Itemque
1524 1038 1596 1093 ait
1628 1056 1639 1092 :
1679 1058 1703 1091 α
1751 1040 2051 1095 Detractata

463 1137 516 1183 et
544 1130 767 1184 exserta
795 1126 1056 1182 sententia
1083 1137 1183 1182 est.
1230 1147 1253 1177 ι

534 1224 950 1295 Dignationem.
983 1226 1085 1279 Pro
1121 1225 1311 1296 gratia
1339 1224 1586 1296 posuisse
1614 1225 1839 1293 videtur,
1872 1242 2053 1283 exem-

466 1312 559 1384 plo
600 1311 736 1367 Livii
768 1313 810 1368 l.
858 1328 919 1376 ιι,
959 1312 1032 1367 ita
1070 1314 1135 1367 de
1186 1312 1363 1384 Appio
1410 1314 1637 1371 dicentis
1679 1333 1691 1372 :
1737 1334 1761 1367 α
1798 1315 1954 1371 Haud
1981 1316 2054 1371 ita

467 1399 634 1455 multo
662 1401 715 1454 in
745 1400 1047 1471 principum
1079 1402 1445 1473 dignationem
1474 1403 1732 1474 pervenit.
1778 1424 1801 1456 ι

543 1494 949 1553 Intercessisse.
992 1497 1176 1551 Totam
1224 1499 1386 1567 hujus
1423 1498 1657 1554 historiae
1701 1500 1892 1556 seriem
1929 1502 2052 1558 Act.

471 1598 589 1653 cap.
630 1586 660 1635 8
695 1592 937 1639 accurate
970 1592 1263 1654 pertextam
1296 1588 1435 1643 vide.

544 1682 915 1740 Praetendere.
941 1683 1179 1755 Angelus
1200 1689 1389 1740 autem
1409 1684 1635 1741 Domini
1653 1686 1872 1743 locutus
1891 1689 1972 1744 est
1994 1688 2066 1743 ad

471 1736 821 1843 Philippum,
839 1736 1384 1844 attigisset};
1409 1736 1767 1831 satiust;
1778 1736 2065 1832 nihil;
2098 1757 2141 1834 Β
2170 1736 2214 1791 Ρ

472 1878 632 1929 num,
665 1860 736 1916 ad
763 1862 914 1918 viam
959 1879 1084 1934 quae
1112 1863 1397 1919 descendit
1427 1864 1493 1920 ab
1520 1864 1830 1922 Jerusalem
1866 1867 1931 1921 in
1962 1868 2063 1924 Ga-

473 1966 624 2005 zam.
674 1950 795 2004 Act.
843 1965 962 2019 VIII,
992 1954 1080 2005 26.
1130 1952 1393 2006 Caeterum
1439 1954 1811 2024 praetendere,
1851 1963 1935 2010 cst
1979 1955 2066 2011 hic

470 2041 635 2113 prius
665 2039 895 2097 tendere
922 2055 1017 2094 seu
1048 2046 1217 2097 antea
1242 2042 1544 2113 proﬁcisci,
1568 2059 1630 2099 ac
1659 2043 1804 2099 velut
1829 2044 1972 2099 viam
2000 2061 2065 2100 ex

475 2128 701 2183 adverso
739 2128 805 2183 ad
845 2143 1128 2185 occursum
1167 2146 1545 2203 praeoccupare
1577 2148 1590 2189 :
1624 2140 1715 2188 aut
1754 2133 2067 2204 simpliciter

475 2231 575 2287 pro
608 2217 833 2274 tendere
858 2218 894 2272 I
916 2216 1081 2274 I94
1112 2222 1350 2290 ponitur,
1383 2228 1441 2276 ut
1465 2222 1665 2292 saepius
1692 2222 1887 2278 Noster
1915 2238 2065 2279 com-

476 2303 654 2374 posita
682 2320 779 2375 pro
808 2306 1137 2375 simplicibus
1167 2307 1319 2364 solet.

551 2401 874 2470 Impressus,
916 2403 1147 2459 Venerat
1175 2403 1410 2463 adorare
1434 2408 1499 2463 in
1533 2409 1866 2481 Ierusalem,
1898 2416 1955 2467 et
1982 2427 2070 2469 re-

479 2488 819 2555 vertebatur,
858 2490 1051 2548 sedens
1090 2508 1259 2565 super
1283 2510 1522 2552 currum
1549 2514 1737 2566 suum,
1773 2500 2069 2574 legensque

482 2580 688 2635 Isaiam
731 2579 1082 2653 prophetam.
1113 2584 1193 2638 lb.
1223 2599 1280 2639 γ.
1321 2586 1389 2641 27
1427 2592 1480 2642 et
1515 2602 1665 2659 seqq.
1699 2587 1819 2643 Erat
1845 2604 1975 2661 ergo
2006 2592 2070 2647 in

482 2668 603 2739 ejus
632 2669 931 2726 lectionem
958 2673 1213 2728 maxima
1240 2676 1559 2734 attentione
1577 2676 1818 2747 deﬁxus,
1844 2693 1907 2734 ac
1924 2679 2070 2734 velut

482 2757 660 2811 eidem
689 2758 1011 2831 impressus,
1037 2767 1094 2816 ut
1111 2761 1386 2833 Scriptura
1412 2764 1586 2835 ipsum
1620 2768 1884 2840 legentem
1907 2768 2065 2839 quasi

482 2846 537 2899 in
568 2861 626 2900 se
664 2847 964 2904 arctissime
995 2849 1281 2921 reciperet.
1313 2851 1485 2908 Simili
1525 2853 1691 2910 ferme
1717 2871 1877 2910 sensu
1907 2856 2063 2928 Apol.

484 2949 606 3005 cap.
644 2938 709 2989 18
736 2936 880 2991 idem
919 2938 1116 2995 Noster
1151 2939 1282 2996 dixit
1322 2957 1337 2997 :
1394 2963 1415 2992 α
1466 2942 1574 2997 Sed
1622 2958 1728 3014 quo
1766 2943 1978 3014 plenius
2017 2950 2071 2998 et

485 3022 802 3093 impressius
848 3033 954 3080 tam
1002 3028 1175 3096 ipsum
1218 3029 1426 3102 (DEUM)
1472 3045 1635 3103 quam
1691 3031 2070 3103 dispositioncs

2148 492 2296 558 erit;
2345 503 2519 559 neque
2574 485 2628 541 id
2689 483 2824 539 adeo
2882 478 3118 536 insolens
3175 483 3276 543 est,
3328 491 3454 532 cum
3504 480 3555 529 et
3606 473 3745 542 apud

2150 580 2320 636 Cicer.
2344 577 2400 633 in
2429 576 2627 631 Catone
2650 573 2865 645 legam:
2904 590 2930 623 ci
2990 568 3313 624 Exhortatus
3352 571 3436 620 est
3500 562 3556 617 in
3613 576 3749 618 con-

2149 666 2297 722 vivio
2326 681 2357 720 a
2409 671 2607 729 scorto,
2640 668 2698 715 ut
2744 658 2917 715 securi
2949 656 3148 724 feriret,
3211 674 3233 706 ›
3270 661 3372 710 etc.
3430 654 3501 708 At
3570 649 3750 704 malim

2151 754 2475 830 posterius:
2539 758 2815 822 postquam
2881 747 3025 801 enim
3090 742 3369 813 Philippus
3442 738 3753 795 eunuchum

2152 846 2487 903 exhortatus
2504 840 2710 906 fuisset,
2734 838 2820 892 hic
2846 835 3063 909 rogavit
3090 832 3422 903 Philippum
3449 832 3519 885 ut
3567 843 3757 884 ascen-

2155 934 2330 997 deret,
2366 936 2423 988 et
2449 929 2663 987 sederet
2692 941 2901 982 secum.
2933 926 3050 977 Aet.
3080 936 3208 985 vm,
3234 922 3322 975 31.

2232 1020 2579 1078 Ostenditur.
2612 1016 2881 1088 Aperiens
2916 1017 3112 1068 autem
3150 1009 3447 1080 Philippus
3468 1021 3524 1061 os
3581 1020 3757 1061 suum

2158 1115 2213 1168 et
2249 1110 2535 1179 incipiens
2608 1122 2644 1160 a
2701 1104 2997 1175 Scriptura
3042 1101 3156 1157 ista
3195 1097 3603 1170 euangelizavit
3642 1094 3758 1167 ipsi

2159 1204 2371 1260 Iesum.
2428 1197 2563 1252 Ibid.
2601 1198 2689 1250 35.

2231 1290 2351 1344 Non
2382 1282 2661 1342 moratur.
2694 1285 2830 1339 Ecce
2856 1296 3005 1353 aqua
3036 1298 3054 1335 :
3077 1275 3211 1351 quid
3246 1275 3499 1349 prohibet
3524 1288 3615 1329 me
3662 1271 3758 1327 ba-

2158 1376 2416 1453 ptizari?
2450 1374 2605 1432 Dixit
2636 1374 2832 1429 autem
2862 1368 3157 1441 Philippus
3186 1383 3205 1421 :
3249 1365 3309 1421 Si
3337 1362 3523 1453 credis
3544 1377 3617 1418 ex
3638 1364 3759 1453 toto

2163 1448 2342 1531 corde,
2380 1465 2526 1521 licet.
2554 1462 2623 1518 Et
2660 1457 3018 1532 respondens,
3043 1456 3127 1511 ait
3158 1453 3386 1511 :Casno
3412 1450 3623 1507 Filium
3657 1448 3762 1505 Dei

2167 1571 2283 1615 esse
2327 1557 2518 1611 Iesum
2552 1550 2859 1608 Christum.
2892 1547 2973 1601 Ib.
3004 1547 3072 1599 36
3103 1552 3157 1600 et
3186 1557 3337 1612 seqq.

2239 1646 2633 1717 Exspectatur.
2660 1643 2729 1697 Et
2748 1635 3160 1695 descenderunt
3189 1635 3424 1702 uterque
3436 1629 3501 1684 in
3524 1641 3760 1717 aquam,

2218 1716 2468 1805 hilippus
2499 1736 2553 1787 et
2582 1726 2894 1792 eunuchus,
2928 1729 2984 1780 et
3009 1722 3317 1795 baptizavit
3334 1733 3485 1776 eum.
3509 1716 3591 1771 1b.
3611 1717 3709 1805 378.

2241 1802 2519 1894 Eripitur.
2556 1819 2697 1875 Cum
2725 1818 2917 1871 autem
2936 1809 3319 1869 ascendissent
3346 1806 3415 1862 de
3435 1821 3605 1878 aqua,
3626 1802 3767 1894 Spi-

2168 1912 2318 1968 ritus
2338 1891 2571 1966 Domini
2612 1906 2767 1979 rapit
2784 1903 3136 1974 Philippum,
3160 1903 3217 1956 et
3233 1896 3479 1969 amplius
3495 1900 3611 1950 n’on
3622 1891 3772 1948 vidit

2165 2016 2294 2057 eum
2339 1997 2659 2059 eunuchus,
2689 2002 2793 2049 etc.
2826 1991 2906 2045 Ib.
2941 1991 3030 2043 39.
3129 2074 3157 2077 η
3682 2066 3693 2077 ⁸

2249 2089 2476 2144 Tinctus
2515 2088 2615 2141 est.
2658 2080 2875 2136 Scilicet
2902 2092 3027 2133 mox
3076 2074 3246 2131 tribus
3276 2077 3399 2143 post
3441 2074 3770 2125 conversio—

2170 2191 2294 2231 nem
2327 2189 2481 2229 suam
2512 2148 2720 2238 ditibus,
2756 2174 2814 2225 ut
2839 2166 3009 2237 liquet
3037 2180 3106 2220 ex
3133 2163 3253 2218 Act.
3282 2174 3363 2224 Ix,
3383 2162 3417 2214 9
3452 2164 3506 2213 et
3526 2160 3616 2213 18.

2243 2266 2459 2337 Hospes.
2498 2262 2745 2330 Namque
2775 2254 3010 2313 Ananias
3039 2268 3164 2308 eum
3193 2252 3378 2321 jussus
3429 2255 3544 2304 erat
3605 2260 3771 2337 quias-

2171 2368 2292 2408 rere
2340 2335 2405 2408 in
2443 2351 2601 2407 domo
2646 2344 2813 2405 Iuda.
2843 2343 3003 2408 Ibid.,
3063 2343 3152 2396 11.
3183 2336 3447 2409 Quisnam
3482 2348 3619 2391 vero
3680 2335 3773 2391 hic

2171 2442 2370 2508 fuerat,
2392 2449 2658 2511 prmterea
2686 2435 2760 2491 nil
2798 2440 3003 2491 notum.

2636 2626 2792 2684 Nota:
2818 2623 2892 2679 ad
2910 2624 3083 2695 caput
3112 2618 3299 2679 XVIII.

2242 2792 2519 2865 Dignatis,
2548 2787 2591 2844 i.
2613 2803 2659 2844 e.
2690 2782 3044 2860 gratia.Vide
3072 2794 3263 2850 supra.

2241 2864 2664 2956 Prergativas,
2690 2877 2729 2935 i.
2762 2893 2809 2935 e.
2877 2870 3189 2947 singulares
3236 2867 3480 2943 praevias
3524 2864 3776 2956 disposi-

2178 2976 2377 3041 tiones,
2412 2951 2797 3040 mirabilesque
2843 2961 3299 3031 circumstantias,
3348 2974 3418 3014 ex
3464 2954 3664 3029 quibus
3695 2951 3779 3009 fa-

2177 3065 2276 3123 cile
2315 3060 2674 3135 perSpiciatur
2702 3056 2830 3129 quid
2878 3062 2934 3112 et
2958 3051 3238 3124 quomodo
3288 3048 3435 3104 Deus
3475 3044 3540 3102 ab
3588 3044 3775 3135 ho‘mif

483 3112 604 3214 ejus
649 3120 703 3214 et
750 3113 1051 3214 voluntates
1096 3116 1391 3185 adiremus,
1444 3138 1467 3170 ι
1520 3129 1621 3175 etc.
1669 3121 1734 3177 Et
1777 3122 1826 3175 in
1875 3122 1969 3177 lib.
2010 3122 2076 3178 de
2107 3136 2150 3214 ο
2178 3112 2914 3211 ἑὲἕαένὲὲῗῶᾐξὸὲηιέιυηθω
2960 3112 3212 3199 (SI-dinem
3257 3153 3318 3193 ac
3345 3135 3590 3208 regulam
3648 3128 3773 3187 ﬁeri

486 3201 725 3258 Exhort.
746 3201 820 3256 ad
841 3204 1038 3260 Castit.
1062 3222 1109 3262 c.
1134 3210 1187 3271 3,
1210 3208 1298 3273 ait,
1334 3208 1452 3266 alte
1478 3211 1743 3282 impr-esse
1762 3214 2077 3284 recOgitan-

485 3290 617 3345 dam
647 3305 760 3346 esse
786 3292 1139 3351 voluntatem
1166 3294 1293 3352 Dat.

557 3389 909 3461 Apostolum.
949 3389 1027 3447 Ex
1056 3392 1159 3449 hoc
1185 3393 1303 3464 ipso
1348 3393 1468 3451 loco
1512 3395 1731 3469 quidam
1773 3411 2072 3465 asseruere,

486 3476 789 3549 Philippum
828 3479 970 3536 hunc
1006 3484 1323 3558 apostolum
1369 3483 1569 3554 fuisse;
1603 3495 1655 3541 at
1701 3486 1790 3542 alii
1837 3503 2077 3542 commu-

487 3567 608 3623 nius
635 3584 757 3624 eum
794 3570 933 3627 inter
971 3580 1178 3641 septem
1216 3574 1340 3630 illos
1379 3574 1636 3634 diaconos
1672 3588 1960 3645 reponunt,
1989 3575 2080 3646 qui

487 3657 612 3714 Act.
645 3673 720 3724 v1,
763 3661 816 3730 5,
849 3662 915 3714 ab
951 3661 1210 3731 apostolis
1259 3663 1415 3719 electi
1458 3665 1688 3720 fuerant.
1731 3662 1875 3730 Quid
1914 3663 2080 3733 enim,

488 3744 537 3799 si
592 3745 871 3813 apostolus
923 3745 1115 3816 fuerat,
1165 3751 1527 3807 necessarium
1585 3758 1699 3806 erat
1754 3759 1815 3808 ut
1871 3751 1937 3805 ad
1981 3752 2081 3805 Sa-

492 3832 673 3887 maria:
723 3832 948 3906 incolas,
999 3853 1030 3891 a
1082 3836 1333 3908 Philippo
1385 3841 1486 3895 hoc
1531 3854 1722 3894 recens
1769 3855 2078 3906 conversos,

490 3919 828 3974 mitterentur
849 3921 1036 3977 Petrus
1057 3933 1109 3979 et
1127 3927 1377 3991 Joannes,
1405 3936 1460 3981 ut
1491 3929 1849 3997 imponerent
1876 3945 2083 3986 manus

492 4023 661 4079 super
698 4008 846 4073 illos,
879 4014 938 4066 et
966 4014 1283 4084 reciperent
1316 4015 1594 4086 Spiritum
1616 4022 1883 4073 sanctum
1906 4017 1934 4072 Ρ
1962 4019 2080 4076 Act.

492 4112 611 4162 vm,
646 4099 733 4153 17.
782 4098 976 4154 Annon
1024 4101 1165 4155 enim
1213 4102 1329 4171 ipse
1379 4102 1682 4175 Philippus,
1728 4105 1771 4158 si
1810 4106 2087 4178 apostolus

493 4193 629 4253 erat,
654 4202 804 4259 aeque
829 4186 978 4244 illum
1000 4188 1129 4247 dare
1158 4200 1386 4263 poterat,
1410 4193 1843 4252 Sacramentum
1877 4197 2089 4266 Conﬁr-

493 4277 787 4345 mationis,
817 4278 969 4347 cujus
1020 4280 1411 4339 administratio
1460 4293 1585 4339 tunc
1625 4284 1762 4341 solis
1801 4288 2084 4357 apostolis,

495 4381 592 4420 seu
639 4358 928 4439 episcopis,
985 4370 1201 4438 projiria
1259 4376 1445 4437 fuerat,
1502 4372 1606 4427 illis
1666 4390 1759 4440 per
1811 4390 2090 4430 manuum

2184 3241 2335 3299 velit.

2256 3328 2463 3403 Decipi.
2495 3327 2678 3383 Potest
2704 3320 2847 3379 enim
2877 3316 3176 3376 inordinate
3203 3309 3778 3403 petenstaptism-um,

2187 3423 2307 3491 ejus
2370 3397 2672 3472 ministrum
2731 3412 3006 3483 decipere,
3064 3404 3181 3461 sine
3240 3400 3480 3475 legitima
3520 3397 3786 3491 uidelicet

2188 3489 2563 3580 dispositione,
2632 3516 2808 3571 neque
2836 3512 2990 3561 vero,
3050 3494 3145 3550 sed
3201 3490 3460 3580 simulato
3515 3489 3782 3580 duntaxat

2187 3576 2368 3653 animo
2432 3591 2713 3649 accedens.
2776 3589 2958 3643 Potest
3000 3586 3054 3640 et
3104 3583 3221 3654 ipse
3279 3576 3484 3651 decipi,
3532 3576 3663 3631 dum
3713 3589 3785 3630 ex

2189 3686 2483 3741 immaturo
2522 3679 2639 3735 zelo
2686 3675 2918 3738 accedit,
2968 3672 3107 3729 etab
3146 3668 3268 3742 ipso
3297 3668 3413 3723 Deo
3460 3681 3519 3722 se
3572 3661 3784 3736 impul-

2190 3791 2307 3830 sum
2335 3770 2521 3835 credit,
2554 3768 2797 3824 nondum
2839 3772 3017 3819 tamen
3071 3759 3378 3817 necessaria
3429 3771 3607 3812 rerum
3664 3768 3756 3809 ore

2192 3862 2490 3918 dendarum
2521 3855 2827 3928 cognitione
2856 3853 3168 3918 instructus,
3200 3858 3258 3904 ut
3295 3845 3448 3904 illum
3492 3846 3787 3916 fructuosa

2189 3948 2461 4021 suscipiat.

2269 4019 2466 4100 Utilior
2495 4038 2599 4095 est.
2631 4031 2773 4090 Olim
2800 4026 3100 4100 baptismus
3145 4042 3177 4081 a
3231 4023 3505 4096 plerisque
3555 4019 3789 4077 differe-

2194 4131 2356 4188 batur
2380 4128 2436 4183 in
2466 4126 2732 4188 adultam,
2763 4126 2819 4176 et
2846 4116 3140 4189 aliquando
3170 4113 3237 4169 ad
3278 4122 3575 4170 extremam
3610 4108 3792 4168 ferme

2196 4228 2426 4275 aetatem.
2456 4214 2545 4271 Sic
2573 4212 2792 4268 sanctus
2818 4205 3082 4262 Martinus
3116 4203 3228 4273 jam
3258 4215 3398 4257 anno
3454 4197 3630 4254 aetatis
3674 4210 3795 4251 suae

2196 4303 2406 4364 1195
2450 4305 2515 4358 10
2556 4301 2725 4356 factus
2771 4295 3194 4352 catcchumenus
3219 4330 3233 4357 ,
3280 4286 3501 4346 nonnisi
3547 4290 3580 4341 8
3633 4284 3798 4339 annis

2194 4403 2385 4468 postea
2411 4392 2510 4448 fuit
2536 4388 2861 4462 baptizatus,
2909 4391 2969 4439 ut
3020 4386 3250 4438 testatur
3304 4377 3428 4434 Sev.
3477 4374 3682 4468 Sulpi‘t:
3733 4371 3799 4427 in

496 4455 908 4557 impositionem
951 4458 1354 4557 impartiendo?
1401 4464 1688 4557 apostolus
1734 4480 1867 4557 ergo
1912 4466 2090 4522 dictus
2126 4476 2170 4552 ο
2197 4455 2322 4557 gius
2364 4485 2484 4541 γίια
2515 4482 2548 4536 ι,
2584 4455 2629 4549 ις
2655 4492 2773 4547 cap.
2807 4479 2859 4532 2,
2883 4471 3062 4543 Aliqui
3091 4472 3158 4526 ad
3213 4472 3281 4524 30
3322 4481 3522 4523 annum
3567 4462 3798 4557 differe:

497 4542 690 4613 fuerat,
721 4545 872 4615 quasi
916 4547 986 4601 ab
1030 4548 1285 4617 apostolis
1330 4551 1547 4621 proprie
1595 4550 1672 4607 sic
1720 4553 1879 4609 dictis
1916 4571 2087 4626 pecu-

495 4633 701 4691 liariter
753 4636 1062 4708 ablegatus,
1111 4653 1175 4693 eo
1230 4638 1481 4693 nimirum
1538 4654 1719 4706 sensu,
1768 4658 1875 4712 quo
1929 4643 2093 4699 etiam

496 4721 841 4779 Andronicus
877 4732 930 4779 et
964 4725 1153 4782 Iunias
1198 4727 1411 4785 nobiles
1456 4730 1521 4784 in
1564 4731 1827 4802 apostolis
1859 4747 1891 4787 a
1928 4733 2094 4789 Paulo

499 4811 568 4867 ad
607 4813 762 4868 Rom.
793 4830 911 4881 xvr,
941 4816 994 4881 7,
1029 4815 1384 4887 appellantur.

570 4912 767 4969 Iussit.
814 4914 977 4969 Dixit
1018 4917 1210 4970 autem
1243 4915 1490 4987 Spiritus
1535 4915 1792 4990 Philippo
1824 4938 1843 4975 :
1871 4919 2098 4989 Accede,

502 5004 559 5055 et
596 5000 841 5071 adiunge
871 5006 923 5057 te
951 5002 1024 5057 ad
1052 5019 1291 5059 currum
1319 5004 1512 5061 istum.
1545 5006 1666 5060 Act.
1696 5023 1819 5074 VIII,
1854 5010 1941 5063 29.

573 5096 640 5151 In
670 5099 937 5169 tempore.
964 5100 1140 5156 Locus
1168 5103 1363 5157 autem
1390 5102 1720 5174 Scriptura,
1754 5121 1924 5177 quam
1953 5106 2096 5179 lege-

503 5189 619 5257 bat,
651 5192 773 5245 erat
802 5187 894 5245 hic
929 5202 947 5240 :
988 5190 1271 5261 Tanquam
1296 5192 1413 5251 ovis
1436 5190 1508 5248 ad
1538 5194 1872 5252 occisionem
1899 5196 2099 5254 ductus

504 5283 612 5346 est,
638 5288 744 5337 etc.
777 5280 852 5336 Ib.
885 5281 979 5335 32.

579 5379 949 5437 Exhortatus.
984 5374 1119 5445 Quis
1152 5390 1283 5431 vero
1304 5377 1332 5431 ?
1361 5376 1448 5431 An
1486 5381 1765 5436 eunuchus
1790 5395 1821 5435 a
1848 5379 2094 5452 Philippo

506 5478 626 5539 post
663 5467 1088 5524 exhortationem
1142 5467 1207 5520 ad
1253 5464 1573 5536 baptismum
1632 5468 1971 5522 assumitur?
2008 5471 2090 5524 An

506 5570 637 5611 vero
675 5556 955 5627 Philippus
999 5558 1067 5611 ab
1116 5554 1364 5614 eunucho
1401 5555 1457 5609 in
1502 5567 1664 5609 curru
1687 5555 1714 5611 ?
1751 5555 1807 5611 Si
1838 5557 1982 5627 prius
2018 5548 2136 5614 in?

2199 4549 2349 4642 bant,
2393 4566 2644 4641 exemplo
2689 4560 2895 4623 Christi
2946 4560 3140 4627 innixi,
3170 4566 3232 4614 ut
3276 4557 3462 4617 videre
3508 4561 3593 4612 est
3643 4549 3803 4642 apud

2198 4666 2254 4720 S.
2307 4641 2476 4733 Greg.
2523 4658 2657 4714 Naz.
2719 4652 2872 4711 Orat.
2897 4650 2961 4706 in
3006 4652 3272 4706 sanctum
3330 4647 3667 4702 Lavacrum;
3712 4641 3805 4699 De

2202 4749 2558 4809 Constantino
2587 4746 2721 4815 imp.
2769 4738 3076 4799 communis
3136 4738 3251 4808 jam
3287 4734 3473 4806 opinio
3520 4738 3621 4801 est,
3670 4744 3807 4785 cum

2201 4843 2360 4914 paulo
2392 4846 2514 4894 ante
2530 4843 2773 4903 ,mortem
2820 4827 3156 4886 Nicomedia:
3186 4826 3545 4917 baptizatum
3601 4818 3803 4917 fuisse.

2202 4932 2308 4999 Sic,
2347 4929 2509 4986 etiam
2551 4919 2900 4981 Constantius
2946 4919 3080 4988 imp.
3146 4915 3353 4972 ultimis
3405 4915 3623 4968 demum
3676 4915 3808 4999 suis

2205 4997 2539 5094 temporibus
2567 5013 2634 5069 ab
2680 5009 2881 5067 Euzoio
2938 5004 3239 5063 Antiochiae
3290 4999 3555 5074 baptizari
3600 4997 3806 5054 voluit.

2203 5111 2345 5181 Quid
2372 5122 2497 5168 vero
2530 5147 2547 5175 ,
2590 5100 2737 5176 quod
2784 5096 2943 5156 etiam
2981 5095 3318 5153 Theodosius
3354 5094 3426 5148 Μ.
3473 5095 3596 5181 post
3646 5100 3813 5181 supe-

2207 5176 2319 5256 rata
2356 5199 2411 5254 in
2437 5195 2594 5252 bellis
2642 5186 2873 5263 plurima
2918 5183 3178 5258 pericula,
3236 5182 3428 5238 ultimo
3479 5179 3706 5234 danunt
3750 5176 3816 5229 in

2208 5302 2422 5360 gravem
2461 5282 2714 5339 morbum
2741 5274 2983 5331 incidens
3010 5272 3079 5327 ab
3107 5269 3384 5360 Ascholio.
3414 5283 3503 5360 ep:
3562 5265 3815 5360 Thessa-

2202 5352 2481 5441 lonicensi,
2512 5387 2570 5428 se
2598 5365 2744 5425 ablui
2792 5360 3060 5436 petierit?
3089 5360 3249 5417 Forte
3275 5359 3417 5415 idem
3448 5356 3663 5424 Noster,
3716 5352 3820 5409 ba.

2200 5468 2462 5538 ptismum
2498 5453 2815 5519 cunctando
2843 5450 3058 5523 longius
3087 5446 3298 5538 differri
3320 5446 3539 5538 jubens,
3568 5442 3822 5538 incensa

2213 5530 2406 5614 fuerat.
2424 5560 2484 5610 ut
2499 5545 2678 5617 multi,
2706 5556 2774 5600 ex
2827 5539 2993 5596 nimia
3041 5536 3311 5611 religione
3360 5536 3417 5593 et
3459 5530 3821 5590 emacientie
