4028 6180
325 311 462 372 1277

1141 303 1479 367 APPENDIX
1517 303 1580 363 V.
1622 332 1693 346 —
1729 304 1791 362 Ι).
1831 301 2208 366 ΟΟΒΒΙΝΙΑΝΙ
2243 297 2488 360 ΤΗΟΜίΕ
2543 297 2782 360 ΑΒΝΟΤ.

3475 305 3610 364 1278

315 433 622 504 formidine,
673 434 979 508 baptismun
1032 440 1213 502 antea,
1263 439 1317 488 et
1363 431 1506 486 bona
1542 428 1730 502 utique
1774 426 1903 499 ﬁde,
1939 445 1987 523 Α
2018 429 2180 485 etiam
2222 426 2289 483 de
2342 432 2670 482 sacramento
2697 421 3050 497 panitentia)
3081 425 3305 484 assiduo
3382 428 3609 488 differre

313 533 656 584 recusarent.

383 668 553 726 Erant
587 674 786 734 autem,
817 666 907 740 qui
941 681 1006 722 eo
1034 664 1206 738 peiori
1238 662 1342 719 ﬁde
1377 659 1758 719 cunctabantur
1805 660 1904 714 ba-

316 757 576 831 ptismum
632 755 920 826 suscipere,
981 772 1049 810 ne
1112 752 1360 811 videlicet
1416 749 1686 808 severitati
1723 749 1903 820 legum

319 845 795 904 ecclesiasticarum
857 843 1111 915 deinceps
1186 841 1633 914 astringerentur,
1719 836 1904 909 sicque

317 934 521 991 interea
548 949 613 990 eo
645 933 866 990 liberius
895 949 1115 1006 peccare
1144 937 1383 1003 possent.
1425 930 1540 984 Hoc
1570 935 1746 981 autem
1778 941 1909 981 con-

317 1023 510 1092 silium,
558 1031 808 1096 tanquam
841 1023 1206 1087 temerarium,
1251 1019 1420 1075 sancti
1464 1015 1757 1090 Gregorius
1786 1015 1902 1070 Na-

313 1112 599 1167 zianzenus
647 1121 700 1168 et
727 1113 859 1168 alter
886 1113 1183 1183 Nyssenus,
1215 1110 1456 1180 itemque
1487 1113 1704 1183 sanctus
1732 1105 1902 1161 Joan-

309 1217 406 1256 nes
461 1202 882 1271 Chrysoslomus
929 1208 980 1256 et
1027 1199 1117 1255 alii
1164 1201 1367 1265 Patres,
1428 1195 1642 1263 merito,
1690 1193 1901 1251 acerri-

309 1307 509 1364 meque
545 1291 930 1362 perstrinxere.

379 1439 538 1510 Quod
594 1453 724 1496 vero
771 1438 1018 1502 aliorum,
1069 1452 1132 1493 ex
1180 1437 1299 1491 aliis
1346 1435 1524 1493 causis
1574 1435 1902 1505 baptismum

307 1527 534 1582 nimium
581 1527 677 1582 diu
726 1527 854 1582 olim
891 1525 1416 1598 procrastinantium,
1467 1525 1729 1595 exempla
1781 1522 1903 1576 atti-

307 1626 420 1679 net,
451 1629 517 1669 ea
544 1616 863 1672 imitationi
916 1622 1115 1670 nostra
1164 1615 1385 1668 minime
1425 1612 1704 1683 proposita
1753 1618 1896 1666 sunt.

2018 518 2278 591 cogitant.

2087 668 2246 725 Circa
2274 663 2554 739 parvulos.
2597 661 2722 718 Hac
2759 660 3012 735 equidem
3054 663 3317 721 sententia
3345 664 3437 722 uni
3469 667 3609 723 Ter-

2011 756 2230 812 tulliano
2260 755 2421 828 (sicut
2450 753 2631 818 etiam,
2662 752 2833 808 adhuc
2880 751 3204 820 catholicus,
3271 753 3325 808 in
3380 754 3608 813 nimiam

2011 860 2228 918 semper
2276 843 2590 917 religionem
2657 851 2814 914 atque
2882 842 3215 900 severitatem
3296 859 3609 917 propensus

2008 933 2139 1005 erat)
2185 933 2424 1005 prepria,
2479 949 2652 1003 neque
2702 933 2769 986 ab
2819 931 2928 987 ullo
2979 932 3330 1004 antiquorum
3382 935 3605 991 Patrum

2009 1023 2256 1095 adeptata
2301 1021 2490 1085 fuerat,
2541 1022 2711 1075 multo
2764 1021 2941 1077 minus
2978 1029 3155 1078 autem
3215 1025 3599 1096 Henricianis,

2009 1114 2178 1168 Petro
2208 1109 2540 1178 Abeillardo,
2564 1111 2724 1164 Petro
2747 1109 2811 1166 de
2845 1109 3043 1166 Brixia
3075 1116 3166 1164 aut
3198 1111 3606 1184 Anabaptistis,

2011 1200 2194 1257 aliisve
2234 1198 2521 1266 hareticis,
2563 1198 2836 1270 quidpiam
2883 1198 3118 1270 praesidii
3148 1199 3203 1254 in
3253 1217 3316 1256 ea
3364 1202 3602 1259 colloca-

2010 1297 2118 1344 tum
2151 1296 2284 1355 erat,
2317 1289 2516 1360 quippe
2543 1288 2632 1360 qui
2684 1286 2913 1341 infantes
2959 1287 3211 1360 baptismi
3256 1290 3432 1346 valide
3483 1307 3609 1346 sus-

2008 1377 2246 1450 cipiendi
2288 1377 2503 1433 omnino
2553 1374 2769 1432 "96
2812 1376 3109 1447 incapaccs,
3159 1377 3393 1450 ideoque
3444 1380 3607 1449 hunc,

2008 1484 2131 1525 cum
2161 1467 2228 1522 ad
2257 1483 2413 1522 usum
2443 1466 2666 1521 rationis
2702 1465 2782 1521 illi
2823 1464 3210 1538 pervenissent,
3253 1469 3606 1540 repetendum

2008 1573 2128 1613 esse
2166 1557 2477 1612 censebant.
2519 1554 2893 1610 Dissuadentis
2943 1562 3121 1611 autem
3167 1557 3339 1612 solum
3387 1559 3606 1614 Tertul-

2007 1635 2132 1692 liani
2163 1635 2250 1690 illa
2278 1651 2382 1691 vox
2419 1636 2609 1702 fuerat,
2645 1643 2696 1690 et
2735 1637 2838 1690 hoc
2878 1635 2998 1705 ipso
3055 1637 3400 1703 contrariam,
3445 1638 3604 1692 etiam

306 1703 556 1759 Sufﬁciat
592 1703 751 1759 nobis
799 1705 922 1760 inde
968 1702 1282 1776 gravitatem
1331 1702 1532 1771 negotii
1578 1699 1774 1764 metiri,
1834 1700 1899 1752 ad

2016 1739 2060 1794 iu
2092 1724 2220 1795 ipsis
2246 1724 2508 1779 Africanis
2539 1723 2800 1790 ecclesiis,
2835 1731 2887 1780 et
2926 1723 3119 1778 iisdem
3167 1725 3290 1794 illis,
3345 1728 3608 1797 tempori-

307 1794 453 1862 quod
484 1807 592 1847 non
620 1793 798 1848 subito
845 1793 1071 1860 irruere,
1124 1807 1224 1846 nec
1251 1791 1426 1847 taliter
1468 1790 1729 1845 irruentes
1778 1804 1900 1842 sus-

307 1879 510 1950 cipere,
557 1878 650 1933 sed
697 1895 953 1949 eousque,
1004 1879 1179 1934 donec
1228 1877 1557 1934 desiderium
1603 1876 1730 1931 satis
1777 1890 1905 1930 crer

309 1965 467 2024 verit.
510 1971 564 2019 et
626 1964 901 2022 sufﬁciens
964 1966 1210 2035 probatio
1270 1965 1625 2036 praeesserit,
1685 1962 1906 2018 differre

309 2060 544 2122 oportet.
593 2052 711 2109 Hoc
751 2054 893 2107 idem
941 2070 1076 2109 vero
1127 2053 1307 2108 facere
1352 2069 1478 2108 cum
1526 2053 1648 2122 quis
1693 2052 1802 2120 jam
1850 2066 1908 2105 se

309 2143 451 2197 satis
507 2150 861 2212 praparatum
908 2143 1179 2210 senserit,
1228 2142 1284 2196 id
1328 2157 1461 2196 vero
1514 2139 1760 2212 periculo
1802 2154 1908 2194 non

309 2238 484 2301 vacat,
535 2232 876 2301 subrepentis
934 2230 1140 2286 interea
1180 2229 1578 2294 somnolentia,
1611 2236 1703 2283 aut
1754 2243 1911 2283 oeca-

306 2317 485 2392 sionis
525 2318 779 2390 deinceps
815 2319 1143 2375 amittenda.
1177 2320 1442 2374 Novimus
1470 2325 1632 2386 certe,
1680 2318 1914 2374 Valenti-

305 2408 531 2464 nianum
574 2409 680 2464 Jun
737 2410 866 2478 imp.
923 2410 1156 2465 violenta
1183 2415 1356 2464 morte
1386 2418 1756 2477 praventum,
1790 2423 1908 2463 cum

303 2496 474 2552 nimis
501 2495 592 2551 diu
619 2496 912 2553 distulisset
940 2497 1284 2568 baptismum,
1327 2498 1506 2554 adhuc
1561 2497 1912 2554 catechume-

304 2601 468 2657 num,
501 2601 566 2640 ex
605 2587 706 2641 hac
735 2588 844 2644 vita
873 2588 1124 2658 ereptum
1142 2585 1331 2644 fuisse.

380 2753 695 2810 Audiendus
723 2752 958 2826 denique
995 2754 1050 2808 in
1094 2753 1233 2810 hanc
1277 2770 1391 2809 rem
1439 2760 1521 2810 est
1553 2762 1773 2810 sanctus
1821 2754 1916 2806 Ba-

305 2844 467 2899 silius
494 2843 552 2897 in
591 2842 829 2898 Exhort.
860 2843 934 2898 ad
978 2842 1154 2914 bapt.,
1203 2843 1296 2898 ubi
1322 2843 1461 2898 inter
1507 2841 1612 2896 alia
1637 2839 1805 2896 multa
1834 2839 1914 2895 sic

307 2928 552 3001 loquitur
610 2947 624 2984 :
682 2949 704 2978 ε
761 2928 818 2984 Si
865 2944 1055 2984 aurum
1099 2928 1337 2985 Ecclesia
1383 2929 1752 2993 distribueret,
1798 2942 1906 2982 non

310 3017 555 3089 profecto
601 3016 857 3072 diceres:
893 3018 1028 3072 Cras
1073 3018 1262 3082 mitte,
1309 3035 1435 3074 cras
1472 3017 1664 3082 dabis;
1711 3032 1905 3072 verum

311 3114 465 3160 tuam
510 3103 732 3159 sedulus
775 3103 1075 3174 portionem
1103 3107 1360 3161 velociter
1409 3114 1645 3176 peteres,
1686 3103 1900 3160 differri

307 3200 492 3246 autem
539 3206 685 3262 agre
733 3191 931 3248 ferres.
989 3193 1255 3261 Quoniam
1300 3208 1436 3249 vero
1481 3210 1592 3249 non
1656 3193 1898 3250 materia

307 3278 540 3348 alicujus
588 3279 790 3347 fucum,
860 3281 954 3337 sed
1007 3281 1199 3336 anima
1235 3283 1615 3354 purgationem
1661 3282 1761 3337 tibi
1808 3299 1901 3339 rex

306 3365 596 3423 muniﬁcus
624 3366 933 3439 pollicetur,
965 3383 1141 3426 moras
1181 3372 1665 3441 excusationesque
1705 3370 1898 3436 nectis,

309 3455 693 3527 impedimenta
719 3473 1014 3530 causasque
1054 3458 1236 3526 affers,
1270 3463 1365 3531 qui
1411 3463 1647 3518 debebas
1684 3459 1752 3514 ad
1800 3462 1903 3518 hoc

303 3544 508 3601 donum
576 3560 883 3604 accurrere.
940 3564 966 3600 ι
1016 3548 1086 3602 Et
1126 3558 1248 3618 post
1289 3548 1398 3605 alia
1429 3565 1444 3602 :
1473 3569 1496 3600 ι
1525 3548 1810 3606 Enimvero
1855 3549 1903 3604 si

303 3633 534 3704 publicis
577 3633 793 3691 tributis
829 3635 1096 3692 obnoxius
1144 3651 1314 3702 esses,
1365 3636 1670 3693 debitorum
1724 3643 1904 3692 autem

302 3723 551 3780 remissio
611 3725 721 3780 reis
813 3723 1234 3799 circumquaque
1296 3727 1648 3793 nuntiaretur,
1713 3725 1908 3781 deinde

305 3813 575 3886 quispiam
614 3819 666 3868 te
695 3814 802 3869 hoc
835 3813 1058 3884 publico
1094 3830 1314 3872 munere
1343 3815 1553 3888 privare
1597 3821 1904 3886 conaretur,

305 3902 524 3957 doleres
551 3902 934 3972 clamaresque,
967 3904 1268 3958 communis
1297 3905 1486 3974 gratia
1514 3915 1667 3975 parte
1717 3914 1768 3961 te
1811 3921 1907 3976 per

306 3989 558 4057 iniuriam
605 3987 822 4056 privari.
869 3990 1158 4060 Postquam
1201 4007 1332 4046 vero
1379 4007 1488 4046 non
1536 3993 1716 4049 solum
1767 4010 1908 4064 pra-

309 4077 587 4133 teritorum
637 4075 906 4142 remissio,
939 4080 1033 4132 sed
1066 4079 1223 4133 etiam
1273 4079 1576 4135 futurorum
1603 4081 1746 4135 dona
1807 4098 1908 4150 pa-

312 4157 417 4218 lam
485 4173 877 4236 proponuntur,
937 4180 1046 4222 non
1102 4165 1278 4236 audis,
1329 4167 1424 4223 sed
1471 4177 1524 4223 te
1573 4168 1686 4239 ipse
1734 4168 1906 4242 laedis,

312 4264 568 4322 quantum
615 4268 716 4310 nec
756 4254 958 4312 inimici
1008 4254 1147 4311 forte
1190 4255 1473 4314 laderent.
1526 4277 1550 4307 ι
1605 4259 1910 4329 Iterumque

2012 1817 2132 1879 bus,
2201 1813 2640 1869 consuetudinem
2707 1814 2849 1868 haud
2899 1814 3153 1884 ambigue
3230 1815 3608 1888 signiﬁcantis,

2014 1920 2143 1969 uno,
2173 1918 2335 1974 quem
2364 1905 2586 1971 scimus,
2617 1901 2948 1958 Tertulliauo
2978 1902 3152 1958 eidem
3191 1904 3606 1974 contranitente,

2014 2002 2065 2048 et
2095 2009 2159 2047 ex
2188 1991 2481 2046 rationibus
2503 1992 2718 2064 quidem
2748 1990 2878 2045 nulli
2925 2006 3250 2058 coavorum,
3301 1999 3391 2048 aut
3438 1993 3598 2050 etiam

2015 2082 2166 2136 alteri
2197 2068 2505 2137 sanctorum
2550 2081 2792 2149 Patrum,
2825 2096 2999 2152 neque
3058 2089 3247 2137 saneto
3303 2081 3602 2154 Cypriane,

2015 2170 2148 2225 alias
2211 2170 2350 2226 circa
2406 2168 2729 2241 baptismum
2788 2177 2891 2223 tam
2956 2169 3204 2237 delicato,
3271 2170 3361 2241 qui
3428 2179 3604 2227 tamen

2015 2257 2418 2329 Tertullianum,
2467 2265 2719 2330 tanquam
2757 2259 3101 2330 magistrum
3157 2273 3316 2314 suum
3383 2259 3604 2315 assiduo

2017 2346 2285 2404 volutasse
2340 2347 2675 2417 perhibetur,
2751 2345 3009 2419 probatis.
3074 2347 3281 2402 Etenim
3355 2347 3423 2414 is,
3483 2364 3607 2405 cum

2018 2437 2204 2506 Fidus,
2237 2436 2544 2507 episcopus,
2593 2450 2656 2490 ea
2686 2435 2751 2490 de
2803 2451 2858 2491 re
2901 2435 3258 2509 quaestionem
3308 2436 3608 2504 excitasset,

2020 2533 2184 2597 atque
2233 2525 2482 2597 parvulos
2519 2523 2735 2581 nonnisi
2784 2531 2906 2598 post
2951 2532 3192 2581 octavam
3239 2525 3383 2583 diem
3433 2527 3614 2600 bapti-

2019 2616 2222 2669 zandos
2251 2631 2368 2669 esse
2409 2613 2798 2679 contendisset,
2847 2613 2993 2668 nulla
3031 2615 3142 2684 iam
3192 2615 3426 2686 amplius
3473 2618 3612 2672 Ter-

2021 2703 2226 2759 tulliani
2254 2702 2459 2757 ratione
2488 2702 2666 2756 habita
2695 2701 2750 2756 in
2767 2702 2931 2757 Cone.
2955 2702 3210 2770 Carthag.
3237 2706 3304 2756 66
3327 2703 3614 2775 episcOpo-

2021 2808 2162 2862 rum,
2194 2806 2336 2846 anno
2393 2794 2515 2868 253,
2567 2789 2644 2844 ita
2681 2789 2946 2845 conclusit
2996 2809 3071 2844 ει
3122 2789 3357 2845 Infantes
3410 2791 3611 2848 debere

2025 2879 2279 2950 baptizari
2338 2887 2540 2934 tantum
2597 2883 2720 2950 post
2773 2885 3019 2934 octavum
3054 2894 3085 2932 a
3131 2878 3402 2934 nativitate
3443 2879 3610 2948 diem,

1936 2987 1978 3065 ε
2010 2984 2170 3023 nemo
2212 2968 2501 3039 consensit,
2550 2967 2642 3037 sed
2703 2965 2947 3021 universi
2994 2967 3172 3038 potius
3223 2967 3607 3036 indicavimus,

2007 3057 2142 3113 nulli
2169 3057 2449 3112 hominum
2488 3064 2612 3110 nato
2661 3055 3085 3112 misericOrdiam
3144 3056 3243 3112 Dei
3284 3065 3338 3112 et
3382 3059 3612 3129 gratiam

2007 3162 2126 3204 esse
2141 3145 2531 3218 denegandam.
2561 3165 2584 3196 ι
2603 3146 2682 3200 Ita
2701 3145 2792 3200 ille
2821 3145 2877 3201 in
2907 3161 3002 3202 sua
3029 3145 3169 3218 epist
3195 3150 3263 3203 69
3294 3147 3367 3204 ad
3385 3148 3608 3205 Fidum.

2078 3307 2244 3361 Porro
2268 3305 2798 3379 paedobaptismum,
2830 3322 2927 3363 seu
2954 3308 3324 3380 parvulorum
3360 3308 3612 3367 ablutio-

2011 3411 2160 3461 nem,
2193 3395 2259 3450 ab
2288 3395 2404 3467 ipsa
2433 3396 2582 3466 praxi
2621 3405 2675 3453 et
2704 3396 2992 3453 traditione
3039 3397 3334 3467 apostolica
3370 3398 3608 3457 descen-

2011 3481 2153 3539 disse
2189 3484 2341 3538 testis
2385 3483 2625 3554 locuples
2674 3487 2757 3540 est
2816 3492 3039 3540 sanctus
3089 3485 3454 3558 Augustinus,
3513 3488 3608 3560 qui

2011 3571 2067 3626 in
2097 3588 2262 3628 serm.
2301 3575 2364 3626 10
2391 3572 2459 3628 de
2497 3574 2646 3628 Verb.
2677 3578 2857 3646 apost.
2889 3574 2956 3629 de
2975 3573 3214 3646 parvulis
3242 3575 3469 3646 loquens
3499 3576 3607 3633 ait:

2017 3681 2041 3712 ι
2076 3661 2186 3731 Ipsi
2213 3668 2498 3734 portantur
2543 3662 2611 3716 ad
2638 3661 2958 3729 Ecclesiam,
3000 3671 3074 3729 et,
3123 3663 3170 3717 si
3212 3662 3437 3732 pedibus
3482 3663 3612 3722 illuc

2012 3764 2230 3806 currere
2262 3765 2370 3807 non
2419 3760 2634 3822 posunt,
2675 3751 2859 3807 alienis
2913 3758 3153 3820 currunt,
3195 3759 3265 3807 ut
3322 3749 3642 3822 sanentur;

2010 3838 2386 3895 accommodat
2426 3838 2530 3893 illis
2574 3848 2744 3894 mater
2787 3839 3024 3896 Ecclesia
3060 3839 3294 3895 aliorum
3333 3838 3503 3910 pedes
3548 3847 3614 3900 ut

2013 3928 2257 3994 veniant,
2300 3928 2521 3984 aliorum
2564 3943 2675 3994 cor,
2724 3939 2782 3984 ut
2810 3930 3052 3999 credant,
3093 3930 3324 3984 aliorum
3366 3928 3614 4002 linguam

2013 4026 2073 4073 ut
2092 4018 2402 4085 fateantur;
2436 4026 2492 4073 ut
2521 4019 2776 4088 quoniam
2806 4017 2897 4091 qui
2927 4017 3057 4090 agri
3088 4019 3234 4086 sunt,
3275 4017 3384 4073 alio
3413 4018 3613 4091 (Adam

2013 4105 2281 4176 videlicet)
2318 4113 2573 4177 peccante
2618 4116 3046 4180 pragravantur,
3100 4107 3178 4162 sic
3229 4119 3354 4162 cum
3393 4106 3448 4160 hi
3497 4108 3611 4162 sani

2015 4196 2162 4258 sunt,
2225 4193 2330 4248 alio
2384 4194 2404 4264 (
2429 4193 2638 4264 patrino
2693 4193 2990 4264 nimirum)
3017 4209 3113 4264 pro
3171 4192 3250 4248 eis
3320 4192 3610 4250 conﬁtente

2016 4279 2306 4335 salvantur.
2370 4282 2545 4336 Nemo
2639 4296 2772 4352 ergo
2833 4280 2985 4336 vobis
3049 4288 3290 4336 susurret
3339 4281 3612 4336 doctrinas

311 4349 436 4412 post
463 4358 630 4412 pauca
663 4360 676 4396 :
716 4365 738 4392 ι
773 4343 829 4398 Si
874 4343 996 4414 quis
1024 4343 1271 4400 medicus
1318 4347 1637 4402 commentis
1679 4362 1743 4402 ac
1785 4362 1904 4402 ma-

316 4431 484 4455 -ι.ε..;-
533 4432 844 4455 _--2L.--.I-_..
894 4441 944 4455 Α-
992 4433 1238 4455 ζ-----..--.
1293 4451 1349 4455 ___
1393 4451 1514 4455 ____
1566 4435 1784 4455 “-41----
1851 4436 1899 4455 3.-

2016 4369 2237 4424 alienas.
2267 4369 2380 4426 Hoc
2407 4369 2650 4424 Ecclesia
2679 4343 2892 4438 semper
2930 4370 3132 4435 habuit,
3175 4386 3388 4444 semper
3417 4372 3611 4440 tenuit,

312 4431 488 4487 chinis
529 4432 848 4502 quibusdam
894 4441 948 4489 te
985 4433 1243 4502 juvenem
1287 4451 1350 4491 ex
1390 4451 1519 4490 sene
1566 4435 1793 4491 reddere
1850 4436 1907 4491 in

309 4535 371 4576 se
397 4519 685 4592 receperit,
717 4522 782 4577 ad
813 4536 931 4577 eam
965 4521 1210 4593 profecto
1239 4523 1382 4580 diem
1409 4524 1559 4579 omni
1588 4525 1764 4582 studio
1811 4541 1908 4582 ve-

311 4609 429 4666 nire
474 4625 712 4681 curares,
758 4611 815 4666 in
858 4627 964 4684 qua
1001 4611 1142 4669 atati
1169 4613 1375 4669 ﬂorida
1422 4621 1473 4669 te
1519 4614 1908 4672 restituendum

309 4699 544 4756 videres.
585 4702 656 4756 At
701 4717 844 4758 nunc
871 4716 994 4757 cum
1033 4702 1212 4758 anima
1241 4710 1354 4770 tua,
1386 4720 1548 4776 quam
1591 4705 1740 4759 omni
1789 4721 1909 4761 sce-

307 4785 416 4842 lere
462 4789 877 4845 contaminatam
925 4791 1227 4860 reddidisti,
1296 4809 1388 4862 per
1443 4792 1764 4864 baptismum
1830 4809 1912 4848 re-

311 4875 495 4929 novari
519 4891 584 4932 ac
627 4879 932 4950 regenerari
1031 4881 1323 4948 nuntietur,
1406 4889 1611 4938 tantum
1680 4883 1910 4954 despicis

311 4962 654 5032 beneﬁcium,
687 4982 788 5022 nec
817 4968 957 5025 ultro
987 4985 1272 5042 properas,
1304 4976 1397 5025 aut
1422 4971 1475 5027 id
1516 4972 1811 5043 pollicenti,
1844 4972 1912 5028 iis

322 5051 557 5108 obviam.
594 5073 620 5105 ι)
651 5055 720 5111 Ει
766 5055 1044 5127 denique:
1084 5080 1106 5110 α
1151 5059 1426 5115 Cunctatio
1454 5061 1522 5113 ad
1565 5061 1908 5131 baptismum,

312 5140 442 5195 nihil
501 5141 646 5197 aliud
693 5144 924 5200 clamare
983 5147 1216 5214 videtur,
1275 5163 1482 5218 quam:
1534 5149 1591 5202 In
1642 5165 1727 5203 me
1789 5162 1912 5205 ante

312 5237 506 5300 regnet
580 5243 876 5302 peccatum,
928 5235 1107 5290 donec
1170 5235 1464 5306 aliquando
1513 5244 1704 5310 regnet
1750 5236 1909 5292 etiam

314 5317 578 5376 Dominus
609 5338 623 5386 ;
654 5320 832 5378 adsint
860 5321 990 5378 mihi
1019 5325 1265 5380 membra
1295 5323 1596 5392 iniustitia,
1631 5331 1685 5381 et
1719 5326 1909 5398 iniqui-

317 5408 442 5461 tatis
499 5424 667 5480 arma,
719 5411 916 5466 deinde
973 5429 1245 5468 assumant
1291 5415 1454 5470 etiam
1498 5431 1646 5469 arma
1687 5414 1908 5485 iustitia

318 5492 456 5549 Deo.
493 5515 516 5550 ι
552 5507 654 5554 etc.
691 5499 863 5572 Atque
894 5501 1009 5557 hac
1039 5516 1228 5558 contra
1252 5519 1346 5558 eos
1375 5503 1622 5569 Basilius,
1655 5503 1767 5574 qui,
1793 5503 1909 5572 jam

315 5588 472 5638 antea
515 5585 692 5643 debite
737 5590 998 5659 instructi,
1047 5592 1371 5662 baptismum
1417 5591 1605 5664 (atque
1637 5593 1781 5648 idem
1823 5601 1909 5649 est

2015 4458 2120 4512 hoc
2148 4472 2178 4512 a
2216 4457 2479 4528 majorum
2508 4455 2614 4513 ﬁde
2660 4457 2903 4528 percipit,
2948 4458 3051 4514 hoc
3094 4475 3267 4530 usque
3337 4459 3394 4514 in
3449 4459 3614 4516 ﬁnem

2014 4559 2418 4618 perseveranter
2446 4546 2699 4604 custodit.
2737 4565 2761 4600 ι
2796 4547 2862 4603 Ει
2882 4546 2936 4602 in
2969 4546 3066 4605 1.x
3100 4548 3165 4605 de
3197 4548 3330 4605 Gen.
3362 4549 3434 4604 ad
3466 4549 3612 4620 litt.,

2016 4652 2064 4692 c.
2119 4640 2184 4692 23
2246 4637 2386 4692 idem
2443 4637 2747 4702 conﬁrmat,
2811 4637 3062 4709 inquiens
3120 4655 3134 4692 :
3193 4659 3212 4688 α
3268 4640 3614 4694 Consuetudo

2014 4727 2201 4781 matris
2227 4726 2484 4782 Ecclesia
2532 4725 2587 4779 in
2622 4725 2956 4796 baptizandis
2997 4726 3230 4795 parvulis
3268 4742 3612 4798 nequaquam

2017 4816 2320 4886 spernenda
2371 4822 2475 4881 est,
2507 4829 2686 4886 neque
2725 4814 2833 4869 ullo
2888 4815 3050 4868 modo
3109 4814 3383 4885 superflua
3439 4813 3614 4884 depu-

2019 4905 2198 4969 tanda,
2232 4920 2330 4960 nec
2380 4903 2599 4960 omnino
2649 4902 2938 4972 credenda,
2984 4901 3086 4958 nisi
3133 4901 3439 4974 apostolica
3493 4918 3613 4960 esse

2017 4992 2256 5047 traditio.
2329 5011 2352 5042 ι
2417 4992 2582 5061 Cujus
2649 5006 2869 5062 quoque
2917 4990 3069 5047 testis
3123 4992 3294 5046 multo
3341 4991 3611 5065 antiquior

2015 5079 2298 5151 Origenes,
2331 5081 2422 5151 qui
2449 5080 2504 5136 in
2533 5096 2656 5152 cap.
2684 5084 2748 5135 13
2778 5080 2936 5152 epist.
2968 5081 3036 5136 ad
3064 5081 3220 5136 Rom.
3254 5081 3453 5138 diserte
3483 5081 3556 5136 ait
3583 5099 3597 5138 :

2022 5190 2046 5220 ι
2078 5168 2314 5224 Ecclesia
2341 5168 2676 5226 traditionem
2723 5171 2790 5224 ab
2816 5169 3091 5244 apostolis
3141 5170 3399 5242 suscepit,
3449 5169 3607 5224 etiam

2016 5256 2254 5330 parvulis
2285 5251 2414 5316 dare
2434 5258 2781 5332 baptismum.
2818 5279 2843 5310 »

2086 5410 2422 5484 Quapropter
2469 5411 2843 5482 saluberrime,
2873 5419 2926 5467 et
2968 5409 3185 5482 quidem
3213 5407 3314 5464 sub
3354 5408 3610 5482 gravibus

2013 5503 2191 5574 pcenis
2222 5501 2273 5554 in
2307 5500 2550 5570 pluribus
2575 5501 2818 5556 conciliis
2874 5499 3138 5554 sancitum
3188 5496 3306 5562 fuit,
3357 5513 3423 5551 ne
3477 5513 3610 5567 par-

2011 5590 2256 5647 vulorum
2311 5589 2613 5661 baptumus
2649 5589 2826 5661 (quia
2878 5602 3077 5659 nempe
3131 5585 3408 5657 repentina
3453 5600 3600 5662 sape
