4028 6180
436 296 569 357 1279

1496 298 1584 358 AD
1622 298 1914 359 GENUINA
1955 297 2397 361 TERTULLIANI
2434 297 2651 359 OPERA

3594 297 3733 357 1280

427 412 616 471 mortis
672 411 1117 481 periculaiisdem
1142 416 1493 488 supervenire
1539 415 1787 488 possunt)
1843 415 2042 471 diutius
2074 431 2118 507 Α
2150 415 2474 487 baptismum
2517 415 2582 468 ad
2628 413 2822 470 adultae
2872 411 3046 470 aetatis
3093 418 3308 482 tempus
3336 411 3622 483 reservari,
3670 421 3735 470 ut

426 502 722 558 differatur.
778 502 1131 575 Singulariter
1191 520 1325 561 vero
1390 514 1607 562 sanctus
1637 505 1860 560 Carolus
1904 506 2041 560 Bor-

427 606 680 659 romaaus,
712 589 767 644 in
808 592 1018 649 Concil.
1080 594 1295 651 Mediol.
1331 610 1347 648 ι
1383 593 1678 663 constituit,
1714 613 1736 643 α
1770 601 1829 647 ut
1858 602 2043 649 natum

425 679 683 735 infantem
714 679 771 742 ii,
808 692 1040 742 quorum
1093 690 1175 737 est
1204 698 1265 737 ea
1296 699 1442 748 cura,
1504 694 1630 737 ante
1674 699 1873 737 nonum
1904 683 2046 738 diem

424 767 491 827 ad
540 768 946 840 suscipiendum
979 770 1313 841 baptismum
1365 771 1419 824 in
1448 770 1743 825 Ecclesiam
1794 770 2045 826 deferen-

423 856 550 911 dum
599 864 802 911 curent.
860 856 1018 925 Quod
1048 859 1094 913 si
1151 858 1501 931 neglexerint,
1535 859 2045 918 excommunicatio-

422 946 503 1001 nis
532 963 746 1018 poenam
776 948 1018 1004 subeant.
1066 968 1089 998 »

493 1055 738 1111 Necesse.
792 1055 917 1108 Haec
963 1054 1123 1111 verba
1170 1072 1183 1109 :
1240 1076 1262 1105 (ι
1314 1053 1370 1107 Si
1422 1068 1529 1108 non
1578 1061 1685 1108 tam
1725 1068 1968 1122 necesse,
2014 1073 2037 1102 »

420 1144 536 1197 ιυῐο
574 1145 765 1198 abesse
798 1159 959 1213 posse
989 1152 1139 1212 putat
1165 1143 1375 1209 Junius,
1409 1158 1574 1214 reque
1605 1143 1722 1214 ipsa
1770 1141 1823 1196 in
1865 1142 2041 1196 multis

419 1231 817 1302 exemplaribus
851 1234 1043 1287 deesse
1075 1242 1323 1289 testatur.
1372 1232 1443 1287 At
1470 1247 1562 1287 cur
1592 1248 1697 1285 non
1749 1246 1900 1301 asque
1949 1246 2040 1284 rc—

420 1319 875 1390 tineripossint?
934 1322 1074 1375 Sane
1128 1322 1267 1375 enim
1323 1337 1540 1377 sensum
1610 1320 1739 1375 satis
1794 1335 2040 1375 commo-

418 1407 550 1463 dum
578 1407 787 1464 faciunt
816 1429 834 1465 :
868 1430 893 1461 α
930 1409 987 1465 Si
1020 1426 1127 1464 non
1155 1410 1373 1465 aliunde
1422 1414 1578 1481 urget
1627 1408 1918 1465 necessitas
1953 1450 1966 1464 .
2011 1434 2034 1467 ›

490 1498 811 1569 Sponsores.
842 1498 990 1553 Alias
1018 1501 1241 1570 patrini
1272 1499 1544 1564 dicuntur,
1578 1499 1833 1570 quoniam
1874 1496 2037 1551 nimi-

418 1600 535 1640 rum
570 1586 715 1641 velut
743 1591 936 1658 patres
982 1589 1313 1661 spirituales
1345 1596 1490 1652 sunt,
1523 1594 1613 1642 aut
1657 1587 2038 1658 ﬁdejussorcs,

418 1674 485 1731 de
513 1677 710 1747 quibus
749 1687 968 1733 sanctus
1017 1679 1434 1749 Chrysostomus
1463 1678 1525 1733 in
1553 1676 1704 1732 Psal.
1760 1691 1875 1741 x1v,
1907 1674 1983 1730 ait
2015 1693 2027 1729 :
2068 1711 2111 1788 Β

429 1782 448 1788 -
494 1765 679 1788 Ωιι-ιε...
754 1767 998 1788 ----_J-_
1064 1765 1219 1788 ---2-ει
1288 1765 1349 1788 -L
1410 1763 1613 1788 :_c........
1678 1769 1828 1788 ΜιηιΑ
1884 1771 2028 1788 ...ι-ιιι..

424 1782 448 1815 α
494 1765 685 1819 Statim
752 1767 1001 1820 sacerdos
1059 1765 1223 1837 exigit
1287 1765 1353 1818 ab
1410 1763 1618 1817 infirma
1677 1769 1829 1816 aetate
1883 1771 2035 1834 pacta

419 1862 702 1921 conventa,
754 1862 806 1908 et
863 1854 1085 1910 minoris
1126 1855 1299 1908 aetatis
1340 1852 1710 1922 ﬁdejussorem
1764 1864 2038 1924 suscepto-

417 1957 529 1996 rem
610 1943 929 2013 interregat,
968 1962 991 1992 »
1040 1950 1145 1999 etc.
1206 1941 1342 2010 Quia
1387 1942 1640 1997 nimirum
1691 1956 1788 2012 pro
1837 1940 2037 1997 infante

417 2029 704 2101 Spondere,
738 2038 789 2084 et
838 2031 1173 2103 respondere
1229 2031 1452 2099 debent,
1495 2039 1638 2100 etc,;
1689 2031 1833 2085 unde
1864 2047 2040 2103 spon-

417 2134 609 2175 sorum
652 2133 866 2190 quoque
910 2120 1217 2192 supradicta
1264 2118 1554 2191 appeliatio
1600 2118 1733 2189 ipsis
1782 2119 2035 2190 imposita

418 2214 518 2262 est.

488 2310 571 2365 Ex
600 2312 705 2366 hoc
750 2328 876 2367 sane
896 2311 1015 2366 loco
1070 2310 1384 2367 Tertulliani
1423 2318 1588 2379 patet,
1622 2309 1868 2379 patrinos
1919 2310 2034 2379 jam

418 2412 483 2451 ex
514 2398 887 2468 antiquissimo
921 2414 1046 2463 usu,
1088 2406 1142 2452 et
1169 2400 1236 2452 ab
1303 2398 1437 2467 ipsis
1475 2397 1725 2452 Ecclesiae
1754 2399 1897 2452 velut
1942 2398 2032 2451 in-

416 2485 738 2550 cunabulis,
800 2487 853 2539 in
915 2485 1180 2556 baptismo
1230 2485 1470 2541 adhiberi
1520 2485 1709 2541 solitos
1740 2493 1799 2540 ut
1862 2489 2029 2541 etiam

418 2582 636 2629 sanctus
664 2573 909 2644 Basilius,
943 2574 1102 2644 epist.
1138 2577 1237 2628 128
1266 2617 1278 2640 ,
1313 2585 1366 2629 et
1414 2581 1635 2629 sanctus
1665 2573 2028 2645 Augustinus,

416 2664 785 2734 compluribus
824 2664 877 2718 in
909 2664 1057 2731 locis,
1092 2664 1287 2735 aliique
1316 2665 1513 2736 passim
1570 2672 1854 2720 testantur.

493 2772 757 2827 Possunt.
838 2770 896 2825 Si
966 2770 1170 2827 scilicet
1219 2786 1511 2841 sponsores
1549 2770 1652 2843 ipsi
1708 2772 2023 2839 moriantur,

418 2867 706 2930 antequam
735 2860 915 2915 infans
955 2860 1252 2931 baptizatus
1299 2860 1366 2915 ad
1415 2876 1576 2915 usum
1621 2861 1845 2916 rationis
1900 2877 2028 2933 per-

418 2949 649 3013 venerit,
682 2956 742 3003 ut
770 2950 835 3003 ab
868 2949 979 3005 illis
1008 2950 1289 3004 admoneri
1312 2949 1510 3021 possit,
1548 2966 1708 3021 quam
1737 2950 2029 3023 obligatio-

416 3051 538 3090 nem
560 3036 615 3091 in
662 3038 929 3108 baptismo
969 3014 1332 3110 contraxerit;
1367 3049 1457 3095 aut
1499 3014 1649 3110 quid
1697 3014 1895 3112 patriai
1943 3014 2251 3122 illi

421 3139 520 3194 pro
550 3126 667 3195 ipso
697 3126 1104 3197 spoponderint.

494 3232 664 3289 Falli.
712 3232 769 3287 Si
812 3231 991 3289 infans
1035 3233 1236 3288 interea
1273 3233 1494 3288 adultus
1537 3232 1711 3289 factus
1767 3234 2022 3305 baptismi

416 3319 648 3392 gratiam
685 3337 779 3390 per
818 3322 983 3376 vitam
1037 3338 1252 3393 pravam
1280 3321 1526 3393 expellat,
1581 3338 1855 3394 porroque
1931 3339 2025 3379 re-

415 3417 548 3464 nuat
592 3408 714 3463 illas
742 3410 1059 3480 sponsiones
1097 3426 1195 3481 per
1229 3410 1493 3482 seipsum,
1518 3425 1640 3465 cum
1663 3412 1775 3483 jam
1818 3419 2023 3482 posset.

413 3494 671 3567 implere,
700 3507 802 3554 etc.

488 3585 703 3643 1197
765 3587 1092 3645 Christiani.
1126 3591 1227 3643 Per
1274 3589 1600 3660 baptismum
1652 3588 1783 3645 tales
1834 3587 2022 3657 futuri,

419 3690 517 3747 per
545 3692 707 3747 quem
727 3678 927 3733 scilicet
954 3677 1011 3732 ﬁt
1040 3679 1294 3736 initiatio
1333 3679 1388 3733 in
1421 3678 1776 3735 Christianos.

487 3784 762 3837 Innocens
782 3788 940 3839 tetas.
971 3785 1109 3839 Sane
1131 3793 1302 3839 autem
1331 3794 1460 3840 aetas
1495 3784 1587 3839 illa
1639 3783 1771 3838 satis
1810 3799 2019 3840 nocens

427 3876 528 3935 est,
575 3871 780 3941 quippe
810 3874 1011 3941 peccati
1051 3872 1334 3943 originalis
1381 3889 1492 3943 rea,
1519 3871 1661 3942 quod
1685 3870 1861 3925 anima
1898 3888 2020 3927 mox

418 3972 541 4012 cum
563 3958 744 4029 prima
770 3976 870 4015 sua
914 3960 965 4012 iu
999 3976 1196 4029 corpus
1243 3960 1514 4014 infusione
1559 3959 1843 4015 contrahit.
1906 3963 2018 4016 Ne-

411 4062 516 4117 que
568 4053 770 4111 autem,
820 4048 1116 4104 verisimile
1160 4058 1259 4115 est,
1305 4048 1447 4120 quod
1506 4048 1866 4105 Tertullianus
1925 4066 2020 4119 per

412 4136 516 4192 hoc
540 4138 801 4208 parvulos
830 4139 897 4193 ab
922 4137 1016 4194 illo
1054 4144 1272 4209 peccato
1303 4139 1569 4193 immunes
1603 4137 1777 4195 facere
1808 4138 2017 4214 cogita-

410 4230 567 4293 verit,
600 4229 694 4298 qui
735 4227 786 4282 in
809 4236 964 4285 tract.
987 4228 1053 4284 de
1099 4231 1321 4285 Testzm.
1356 4246 1585 4295 ammte,
1618 4243 1666 4284 c.
1698 4232 1750 4293 3,
1784 4238 1890 4283 tam
1921 4228 2010 4283 di-

2153 516 2282 561 tunc
2310 506 2467 560 simul
2507 520 2629 559 cum
2671 502 2922 577 originali
2970 502 3127 558 etiam
3173 501 3354 557 omnia
3380 511 3601 575 peccata
3636 520 3741 560 ac-

2155 595 2357 662 tualia,
2392 593 2679 664 omnisque
2719 602 2899 648 reatus
2932 607 3104 663 prima:
3138 590 3343 645 eisdem
3389 591 3603 657 debitae,
3634 608 3748 646 una

2152 684 2265 740 tolli
2337 682 2528 756 possit,
2596 684 2663 737 ad
2700 699 2861 755 quem
2917 681 3219 737 tollendum
3269 680 3400 736 alias
3474 678 3747 736 diuturnis

2150 772 2481 843 poenitentiae
2522 771 2793 826 laboribus
2822 778 2874 825 et
2902 768 3282 825 satisfactionis
3311 768 3565 837 operibus
3601 785 3749 839 Opus

2165 870 2325 917 esset.
2357 862 2560 915 Interea
2597 866 2777 914 tamen
2790 875 2895 914 non
2930 858 3156 915 attendit
3188 857 3329 912 idem
3360 858 3574 924 Noster,
3610 874 3748 928 par-

2151 950 2306 1015 vulis,
2348 949 2461 1003 sine
2494 949 2761 1020 baptismo
2817 950 3070 1017 mortuis,
3103 962 3324 1002 omnem
3385 962 3546 1017 porro
3585 963 3747 1018 Spem

2149 1038 2334 1093 salutis
2363 1038 2544 1104 adimi,
2588 1039 2783 1093 damno
2829 1039 3011 1110 utique
3048 1037 3199 1093 nulla.
3237 1037 3348 1104 jam
3379 1036 3610 1106 amplius
3644 1052 3745 1091 ra-

2151 1128 2293 1183 tione
2340 1125 2647 1197 reparabili.

2220 1216 2283 1273 In
2320 1215 2712 1281 saecularibus,
2761 1213 2800 1270 i.
2850 1230 2900 1269 e.
2956 1212 3133 1272 Rebus
3170 1211 3339 1282 hujus
3370 1212 3588 1279 saeculi,
3641 1230 3745 1271 seu

2150 1305 2567 1377 temporalibus.

2218 1393 2545 1450 Substantia
2574 1395 2824 1458 terrena,
2871 1407 2969 1447 seu
2998 1391 3328 1451 haereditatis
3364 1410 3429 1452 ac
3469 1397 3746 1453 bonorum

2150 1480 2515 1550 temporalium
2578 1479 2963 1536 administratio
3038 1498 3147 1537 non
3206 1484 3581 1555 committitur,
3645 1483 3749 1538 sed

2150 1585 2325 1642 neque
2354 1568 2615 1624 committi
2646 1577 2840 1639 potest.

2219 1677 2422 1732 Divina
2459 1675 2745 1731 credatur.
2786 1675 2987 1731 Probat
3021 1676 3210 1732 Junius
3265 1680 3573 1745 Latinium,
3622 1680 3749 1734 haec

2143 1764 2403 1837 εἰρωνικῶ,
2436 1764 2732 1837 legentem,
2784 1765 2871 1819 cui
2921 1763 3078 1821 facile
3121 1765 3405 1839 astipulor.
3465 1769 3751 1824 Caeterum

2145 1852 2415 1909 imbecille
2458 1854 2563 1907 hoc
2624 1851 2941 1907 Tertulliani
2994 1863 3373 1929 argumentum
3424 1864 3558 1925 est;
3614 1871 3753 1910 nam

2146 1941 2365 2012 pupillis
2403 1938 2665 1996 committi
2714 1955 2821 1994 non
2863 1948 3041 2010 potest
3088 1957 3273 1997 rerum
3308 1959 3526 1997 suarum
3555 1942 3752 1997 admi-

2145 2030 2407 2100 nistratio,
2466 2029 2726 2101 quoniam
2769 2029 2931 2098 hujus
2975 2030 3185 2099 penitus
3233 2031 3519 2102 incapaces
3558 2033 3697 2087 sunt
3734 2050 3750 2101 ;

2143 2129 2200 2174 at
2244 2121 2383 2175 bona
2444 2126 2617 2172 tamen
2668 2133 2731 2172 ex
2789 2118 3107 2174 haereditate
3166 2120 3230 2172 ad
3255 2119 3375 2175 illos
3437 2130 3749 2176 transeunt.

2148 2230 2171 2259 α
2207 2206 2420 2276 Quanto
2470 2214 2713 2278 tempore
2743 2205 2834 2277 (ait
2880 2206 2987 2277 Ap.
3029 2206 3098 2261 ad
3143 2206 3322 2266 Galat.
3374 2223 3455 2276 1v,
3481 2206 3533 2279 t)
3562 2210 3755 2266 haeres

2141 2296 2396 2369 parvulus
2439 2304 2543 2363 est,
2572 2294 2705 2349 nihil
2736 2294 2920 2350 differt
2955 2312 2982 2349 a
3015 2311 3193 2363 servo,
3227 2311 3350 2351 cum
3383 2295 3450 2352 sit
3482 2296 3752 2353 dominus

2140 2384 2379 2441 omnium
2412 2384 2543 2440 :sed
2592 2385 2690 2438 sub
2738 2385 3002 2440 tutoribus
3031 2392 3084 2440 et
3103 2384 3373 2441 actoribus
3411 2393 3514 2452 est,
3558 2402 3752 2458 usque

2141 2474 2210 2528 ad
2259 2471 2576 2542 praeﬁnitum
2627 2480 2852 2542 tempus,
2887 2492 2910 2523 »
2958 2482 3060 2528 etc.
3108 2475 3257 2529 Bona
3291 2482 3469 2530 autem
3518 2473 3748 2530 illorum

2146 2563 2231 2617 vel
2259 2560 2495 2616 maxime
2545 2560 2752 2616 interea
2780 2561 3246 2619 administratione
3275 2563 3542 2635 indigent,
3574 2572 3752 2638 atque

2142 2652 2453 2707 omnimodo
2501 2665 2724 2706 necesse
2773 2659 2873 2716 est,
2906 2660 2965 2707 ut
2993 2652 3081 2718 sit,
3130 2653 3223 2725 qui
3254 2667 3321 2708 ea
3365 2660 3600 2721 tueatur,
3639 2655 3747 2727 qui

2141 2741 2209 2795 ab
2250 2740 2463 2811 injuriis
2506 2740 2736 2795 aliorum
2799 2741 3050 2808 vindicet,
3104 2750 3207 2798 etc.
3258 2743 3332 2799 At
3376 2757 3513 2801 vero
3560 2747 3748 2816 gratia

2139 2830 2305 2886 semel
2334 2828 2555 2900 parvulo
2587 2829 2811 2900 credita,
2852 2846 2972 2902 quae
3002 2830 3249 2903 princeps
3279 2838 3463 2888 contra
3516 2847 3745 2889 omnem

2138 2919 2250 2975 vim
2288 2935 2476 2975 secura
2522 2918 2774 2993 quiescit,
2820 2936 2925 2989 qua
2969 2919 3439 2976 administratione
3467 2936 3605 2991 opus
3635 2924 3744 2977 ha-

2294 3009 2425 3079 Quis
2479 3008 2624 3064 enim
2666 3007 2893 3080 parvulo
2940 3019 3218 3079 acceptam
3268 3012 3435 3065 semel
3501 3011 3745 3082 gratiam

2133 3102 2377 3163 adimet?
2416 3096 2547 3167 Quis
2586 3096 2763 3153 eidem
2791 3097 2900 3153 vim
2939 3097 3180 3153 afferet?
3224 3099 3369 3155 Nihil
3414 3098 3554 3155 enim
3599 3114 3744 3156 con-

2134 3192 2357 3250 trarium
2404 3188 2607 3260 gratiae
2651 3194 2754 3254 est,
2797 3186 2930 3241 nihil
2977 3186 3151 3242 eidem
3194 3187 3501 3255 adversum,
3534 3199 3746 3259 praeter

2133 3286 2438 3353 peccatum,
2485 3274 2703 3346 propria
2732 3273 2989 3347 deinceps
3025 3275 3300 3332 voluntate
3331 3275 3686 3333 commissum
3720 3299 3737 3347 ;

2133 3377 2187 3423 at
2232 3364 2510 3440 quomodo
2558 3363 2611 3418 id
2650 3363 2707 3418 in
2751 3363 2993 3431 parvulo,
3056 3365 3316 3435 quamdiu
3364 3380 3468 3420 usu
3501 3365 3741 3423 rationis

2131 3466 2299 3521 caret,
2334 3457 2515 3510 locum
2544 3454 2761 3509 habebit
2780 3454 2807 3506 ‘?
2838 3451 2982 3508 Nihil
3014 3468 3148 3524 ergo
3184 3453 3503 3509 insidiarum
3530 3456 3736 3525 gratim

2131 3544 2186 3599 in
2211 3543 2454 3616 parvulo,
2495 3547 2547 3595 at
2575 3556 2655 3597 eae
2689 3542 2847 3596 bonis
2874 3540 3119 3610 ejusdem
3157 3541 3548 3613 temporalibus
3579 3543 3736 3601 inte-

2130 3650 2221 3689 rea
2251 3631 2547 3688 metuendas
2578 3638 2744 3699 sunt;
2777 3645 2941 3700 quare
2978 3631 3096 3686 haec
3141 3631 3327 3687 alienae
3358 3633 3564 3704 tutelas,
3607 3633 3739 3705 ipsa

2127 3738 2235 3793 que
2262 3721 2403 3775 illius
2446 3733 2698 3789 persona,
2745 3717 2930 3789 utique
2976 3719 3203 3773 aliorum
3242 3720 3487 3791 injuriis
3549 3723 3734 3779 vehe—

2131 3819 2335 3866 menter
2366 3806 2636 3877 exposita,
2668 3806 2931 3861 committi
2962 3821 3101 3876 opus
3129 3807 3347 3863 habent.

2196 3898 2417 3954 Dedisse
2443 3895 2705 3953 videaris.
2730 3892 2927 3961 Quidni
2947 3895 3106 3952 etiam
3136 3913 3251 3953 non
3271 3898 3507 3970 petenti,
3528 3914 3729 3969 quam-

2127 3985 2219 4041 diu
2249 3993 2429 4056 petere
2461 4000 2558 4055 per
2588 4000 2712 4041 sese
2747 3998 2857 4039 non
2888 3993 3086 4054 potest,
3109 3986 3298 4041 eodem
3325 3996 3504 4041 tamen
3530 3987 3600 4042 ad
3628 4003 3732 4043 sa.-

2124 4075 2293 4130 lutem
2346 4089 2499 4129 suam
2535 4088 2690 4144 teque
2731 4070 2957 4148 indiget,
2996 4088 3058 4130 ac
3102 4074 3317 4129 adultus
3342 4114 3355 4140 ,
3396 4075 3488 4146 qui
3527 4083 3727 4144 petere

2121 4164 2353 4236 potest?
2387 4162 2478 4220 Sic
2506 4177 2639 4234 ergo
2671 4163 2889 4233 parvulo
2909 4177 3122 4234 quoque
3154 4162 3519 4239 denegabitur
3545 4166 3734 4247 cibus,

2137 4252 2414 4323 quoniam,
2455 4260 2748 4322 utcumque
2793 4248 2896 4306 sibi
2942 4252 3324 4321 necessarium,
3374 4257 3569 4326 petere
3616 4269 3739 4310 non

409 4323 553 4412 serte
598 4316 670 4371 ait
711 4335 724 4370 :
773 4337 799 4369 (ι
847 4318 1022 4373 Homo
1075 4334 1106 4372 a
1150 4317 1448 4388 primordio
1521 4317 1655 4389 (per
1720 4316 2026 4392 diabolum)
2060 4300 2107 4379 Β
2138 4300 2371 4412 ξ

408 4401 830 4474 circumventus,
864 4414 924 4461 ut
949 4409 1283 4476 praeceptum
1314 4406 1411 4462 Dei
1441 4406 1754 4476 excederet,
1814 4414 1867 4461 et
1900 4424 2028 4475 pro-

409 4496 592 4559 pterea
631 4493 687 4547 in
738 4504 963 4551 mortem
1000 4496 1183 4561 datus,
1216 4495 1411 4551 exinde
1468 4510 1662 4550 rerum
1721 4508 1906 4550 GENUS
1957 4496 2026 4550 de

408 4596 510 4637 suo
556 4584 760 4638 semine
815 4583 1087 4655 infectum,
1148 4600 1266 4639 suae
1295 4584 1455 4639 etiam
1504 4583 1860 4639 damnationis
1914 4591 2024 4638 tra-

406 4668 599 4728 ducem
636 4669 783 4727 fecit.
817 4692 846 4724 ι)

481 4762 872 4819 Peccatorum.
920 4762 1223 4834 EaprOpter
1251 4777 1384 4833 ergo
1416 4761 1763 4833 parvulorum
1805 4767 2021 4817 aetatem

411 4847 772 4906 innocentem
828 4848 962 4904 dixit
999 4849 1141 4921 quod
1171 4848 1278 4904 sint
1307 4849 1568 4905 immunes
1593 4866 1623 4904 a
1644 4849 1876 4921 peccatis
1921 4867 2020 4907 ac-

415 4938 687 5003 tualibus,
717 4954 813 4994 seu
838 4936 1064 5008 prepria
1104 4938 1377 4994 voluntate
1398 4938 1718 5007 commissis,
1776 4939 1833 4994 in
1881 4955 2018 5011 quo.

410 5039 531 5078 rum
599 5026 914 5082 remissione
939 5066 952 5093 ,
992 5026 1171 5098 quoad
1227 5028 1461 5099 culpam
1492 5028 1648 5084 simul
1679 5035 1734 5084 et
1770 5045 2016 5102 poenam,

407 5110 747 5183 praecipuum
787 5128 907 5170 esse
964 5113 1123 5170 ﬁnem
1156 5131 1219 5171 ac
1259 5115 1366 5172 vim
1410 5117 1660 5187 baptismi
1718 5133 1839 5174 esse
1895 5135 2016 5175 cre-

407 5200 633 5257 diderat.
658 5202 789 5257 Cum
823 5218 953 5275 ergo
983 5203 1195 5260 nonnisi
1225 5221 1379 5262 unus
1409 5204 1477 5260 sit
1502 5206 1837 5279 baptismus,
1856 5205 2014 5281 isque

408 5291 665 5363 deinceps
688 5291 859 5365 repeti
889 5303 1123 5367 nequeat
1143 5292 1285 5366 (cap.
1322 5298 1407 5361 15,
1440 5304 1554 5352 not.
1586 5298 1707 5354 Non
1759 5296 1961 5354 habent
1989 5296 2011 5367 )

412 5397 475 5437 ac
502 5382 656 5454 proin
684 5382 741 5438 in
791 5382 987 5439 adultis
1015 5400 1111 5454 per
1160 5384 1532 5455 paenitentiam
1580 5385 1794 5457 quidem
1833 5385 2007 5441 omnis

414 5470 602 5544 culpa,
635 5487 765 5543 non,
791 5480 966 5528 tamen
984 5487 1139 5543 teque
1167 5491 1358 5546 pruna,
1395 5474 1562 5530 deleri
1594 5485 1756 5546 queat
1778 5475 1918 5546 (cap.
1954 5478 2009 5541 5,

412 5566 527 5615 not.
558 5560 752 5631 Pana)
810 5559 980 5615 satius
1005 5575 1126 5617 esse
1172 5561 1459 5619 arbitratus
1486 5570 1567 5619 est
1616 5563 2006 5637 Tertullianus,

2207 4445 2689 4503 Procrustinandi.
2724 4441 2965 4500 Insolens
2993 4443 3110 4500 haec
3137 4442 3458 4502 Tertulliani
3493 4454 3733 4502 senten-

2135 4535 2207 4591 tia
2234 4543 2334 4603 est,
2367 4534 2698 4606 rigidamque
2725 4529 2846 4602 ejus
2876 4532 3115 4589 indolem
3154 4532 3499 4601 demonstrat,
3533 4552 3565 4591 a
3614 4551 3735 4593 no-

2132 4622 2278 4678 mine
2308 4637 2548 4693 unquam
2585 4621 2692 4677 alio
2718 4628 2940 4686 asserta,
2976 4628 3030 4676 et
3069 4623 3265 4678 eodem
3302 4621 3517 4679 inﬁrmo
3546 4640 3736 4698 argu-

2131 4721 2339 4781 mento,
2371 4712 2522 4783 quod
2563 4726 2734 4782 supra
2757 4708 3135 4782 exposuimus,
3152 4711 3296 4768 nixa.

2199 4815 2733 4876 Permaturitatem.
2760 4815 2897 4872 Cum
2912 4814 3165 4873 nimirum
3187 4814 3407 4877 nubite:
3435 4825 3581 4888 sunt,
3606 4833 3735 4875 ma-

2128 4910 2371 4979 turaeque
2407 4904 2549 4964 viro.

2192 5012 2673 5084 Pervagationem.
2715 5011 2837 5068 Non
2875 5026 3149 5085 assequor,
3199 5011 3302 5068 nisi
3334 5011 3409 5069 ita
3456 5012 3735 5087 intelligat

2125 5101 2511 5172 Tertullianus,
2561 5099 2710 5172 quod
2750 5099 3003 5156 nimirum
3043 5100 3254 5168 comite,
3286 5116 3350 5158 ac
3384 5100 3530 5159 velut
3559 5104 3730 5172 pudi-

2124 5190 2266 5246 citiae
2313 5204 2426 5244 suae
2464 5187 2741 5259 praesidio,
2780 5188 3059 5256 destituta,
3088 5188 3209 5246 sola
3247 5188 3343 5261 sit,
3374 5196 3429 5247 et
3475 5190 3554 5246 sic
3583 5189 3735 5247 inter

2121 5276 2272 5333 vivos
2299 5282 2553 5349 vagetur.

2194 5385 2655 5455 Corroborentur,
2696 5400 2790 5441 seu
2820 5384 3142 5442 diuturniori
3176 5393 3417 5458 tempore
3446 5385 3500 5441 in
3546 5385 3730 5445 vidui-

2117 5465 2224 5530 tate
2272 5475 2649 5545 permanserit,
2709 5475 2867 5549 eique
2909 5474 3067 5531 aliam
3106 5476 3426 5544 custodiam,
3465 5493 3523 5534 se
3565 5477 3731 5535 vide-

2117 5562 2246 5622 licet
2277 5562 2491 5624 II98
2534 5564 2810 5623 consortio
2848 5564 3064 5637 penitus
3101 5566 3447 5637 subtrahens,
3479 5567 3724 5624 circum-
