4028 6180
389 366 517 425 1281

372 491 605 555 dederit,
652 504 715 545 ac
759 493 962 545 statum
991 498 1106 539 sua
1133 477 1412 535 viduitatis
1440 476 1641 532 diutius
1670 477 1965 542 servando,

373 580 665 638 ﬁrmiorem
729 577 1018 650 quemdam
1067 569 1408 628 continentia
1464 567 1704 623 habitum
1746 574 1967 625 contra—

374 671 534 741 xerit,
585 682 854 742 porroque
895 661 1100 736 nuptiis
1145 659 1286 716 serio
1335 657 1653 730 penitusque
1693 656 1966 713 renuntia-

371 759 534 818 verit.

444 874 688 942 Pondus,
721 872 756 929 i.
789 887 840 927 e.
875 872 1232 929 momentum
1256 880 1321 922 ac
1347 867 1693 939 gravitatem
1740 862 1962 936 negotii.

448 990 926 1050 Consecutionem.
951 984 1046 1050 Ea,
1069 998 1194 1054 qua
1210 980 1532 1051 baptismum
1557 980 1818 1050 consequi
1839 994 1966 1050 pos-

371 1087 512 1143 sunt,
587 1077 792 1134 scilicet
864 1072 1159 1144 periculum
1235 1069 1544 1125 amittenda
1619 1069 1803 1142 gratia
1873 1084 1969 1138 per

369 1176 588 1240 peccata
634 1166 797 1238 (qua,
838 1161 1181 1234 singulariter
1223 1159 1428 1216 ratione
1470 1159 1734 1228 adjuncta
1765 1159 1964 1230 ingra-

371 1256 659 1319 titudinis,
727 1251 972 1325 graviora
1035 1255 1194 1304 erunt
1247 1256 1370 1319 post
1415 1246 1763 1317 baptismum,
1802 1261 1967 1317 quam

367 1349 491 1397 ante
537 1356 664 1395 eum
712 1334 1042 1407 commissa),
1076 1344 1130 1390 et
1159 1332 1446 1389 difﬁcultas
1489 1334 1734 1403 ejusdem
1775 1332 1966 1406 gratia

369 1426 777 1500 recuperandae.
826 1425 891 1480 Et
932 1421 1160 1479 fortasse
1199 1421 1285 1478 hic
1329 1422 1567 1494 reSpexit
1608 1424 1801 1476 Noster
1829 1421 1958 1476 illud

368 1514 614 1586 Apostoli
642 1513 714 1569 ad
741 1511 902 1567 Hebr.
934 1523 1011 1574 VI,
1039 1511 1110 1563 4:
1143 1504 1414 1564 Ἀδύνατον
1450 1510 1565 1570 τοὺς
1610 1509 1737 1572 ἅπαξ
1781 1529 1966 1581 φωτισ-

367 1605 554 1669 θέντας,
582 1601 911 1675 γευσαμένους
963 1618 1016 1653 τσ
1071 1603 1157 1660 tu";
1190 1594 1374 1669 δωρεᾶς
1407 1605 1494 1668 τῆς
1541 1597 1852 1670 ἐπουρανίου,
1879 1598 1962 1651 καὶ

367 1695 605 1764 μετόχους
628 1693 904 1764 γενηθέντας
929 1687 1214 1758 Πνεΰματος
1240 1684 1498 1760 ἀγίου.....
1531 1687 1613 1740 καὶ
1639 1689 1958 1757 παραπεσόν-

367 1799 474 1847 τας,
495 1781 642 1832 πάλιν
673 1776 992 1836 ἀνακαινίζειν
1026 1773 1091 1834 εἰς
1110 1775 1390 1846 μετάνοιαν,
1412 1773 1826 1847 ἀνασταυροῦντας
1855 1773 1972 1827 ἑαυ-

369 1871 472 1928 τοῖς
497 1867 579 1921 τὸν
613 1866 726 1920 Tibi)
767 1869 858 1920 τοῦ
885 1865 1015 1920 Θεοῦ
1041 1905 1055 1931 ,
1084 1863 1166 1916 καὶ
1200 1858 1752 1936 παραδειγματίζοντας.
1784 1864 1843 1918 Id
1869 1871 1969 1933 est,

1236 349 1568 411 APPENDIX
1602 349 1661 409 ν.
1699 382 1773 394 —-
1809 349 1874 408 1).
1915 338 2293 410 CORBINIANI
2322 337 2564 399 THOME
2600 337 2834 398 ADNOT.

3542 340 3682 400 1282

2082 467 2283 524 nelium
2298 465 2437 537 (Act.
2462 481 2523 534 x,
2546 467 2613 520 47
2637 471 2692 519 et
2709 463 2890 536 seqq.)
2912 479 3034 520 cum
3055 464 3197 521 omni
3229 464 3392 522 domo
3412 467 3530 535 ejus
3548 467 3682 540 bap-

2087 554 2282 610 tizavit.
2309 554 2377 609 Ut
2399 567 2531 625 ergo
2563 561 2829 608 cresceret
2858 560 2912 608 et
2934 551 3106 622 plebs,
3126 561 3180 610 et
3211 553 3679 624 multiplicaretur,

2085 644 2335 701 omnibus
2366 642 2508 697 inter
2540 642 2692 697 initia
2729 657 3047 699 concessum
3069 650 3168 709 est,
3193 652 3246 699 et
3277 645 3670 718 evangelizare,

2085 741 2138 788 et
2151 731 2446 808 baptizare,
2463 735 2567 788 etc.
2586 729 2657 784 At
2671 729 2757 784 ubi
2777 735 2956 785 autem
2980 729 3161 785 omnia
3182 728 3300 786 loca
3315 730 3678 802 circumplexa

2084 830 2162 876 est
2226 819 2528 877 Ecclesia...
2589 817 2754 889 capit
2809 816 2916 874 alio
2969 818 3159 874 ordine
3227 826 3282 874 et
3340 820 3678 892 providentia

2083 905 2372 981 gubernari
2408 906 2666 962 Ecclesia.
2700 905 2836 961 Hinc
2871 921 3002 977 ergo
3029 914 3130 972 est,
3163 907 3307 962 unde
3333 923 3476 963 nunc
3503 923 3678 979 neque

2086 996 2300 1053 diaconi
2357 996 2413 1050 in
2471 995 2675 1066 pOpulo
2729 993 3043 1066 pradicant,
3105 1011 3283 1066 neque
3358 996 3538 1053 clerici
3592 998 3676 1054 vel

2083 1084 2207 1142 laici
2233 1083 2520 1156 baptizant,
2555 1098 2732 1154 neque
2763 1099 3112 1157 quocumque
3141 1084 3230 1140 die
3258 1085 3535 1140 credentes
3561 1084 3676 1140 tin-

2083 1183 2304 1246 guntur,
2356 1172 2461 1228 nisi
2509 1173 2665 1246 agri.
2702 1191 2726 1222 ι
2782 1173 2966 1243 Itaque
3013 1189 3080 1227 ex
3126 1173 3209 1228 his
3257 1174 3523 1242 videmus,
3568 1189 3680 1230 non

2081 1262 2276 1318 mirum
2306 1278 2444 1329 esse,
2477 1262 2625 1334 quod
2666 1261 2828 1317 etiam
2879 1263 3084 1332 passim
3132 1263 3188 1317 in
3227 1263 3346 1318 aliis
3394 1265 3553 1319 rebus
3590 1266 3678 1319 di-

2083 1351 2332 1424 sciplina,
2384 1368 2504 1423 qua
2550 1351 2859 1422 apostolicis
2902 1351 3237 1423 temporibus
3282 1352 3474 1420 fuerat,
3519 1362 3680 1426 atque

2081 1442 2148 1496 ab
2204 1439 2339 1512 ipsis
2386 1439 2642 1511 apostolis
2698 1440 2962 1510 ordinata,
3011 1447 3250 1512 tuncque
3296 1449 3577 1512 usurpata,
3624 1441 3679 1497 in

2083 1528 2354 1599 plerisque
2381 1535 2560 1583 tamen
2586 1526 2813 1599 (scilicet
2826 1527 3024 1600 quibus
3041 1543 3264 1600 praecep
3275 1533 3399 1584 tum
3419 1529 3678 1586 divinum

2080 1631 2190 1672 non
2217 1632 2483 1672 annexum
2511 1618 2647 1685 erat)
2680 1631 2936 1672 successu
2968 1623 3277 1686 temporum
3323 1617 3391 1670 ab
3435 1617 3680 1674 Ecclesia

2072 1713 2436 1771 commutata,
2466 1715 2560 1762 aut
2587 1706 2814 1762 aliorum
2861 1707 3088 1777 insuper
3131 1705 3537 1762 ordinationum
3581 1723 3679 1764 ac-

2079 1794 2333 1850 cessione
2361 1801 2522 1853 aucta
2569 1794 2792 1850 fuerinti
2825 1803 3124 1866 temporum
3167 1794 3378 1850 scilicet
3415 1794 3680 1852 aliarum-

2086 1899 2194 1956 que
2221 1884 2744 1941 circumstantiamm
2775 1883 3076 1941 rationibus
3112 1884 3259 1938 varie
3300 1884 3677 1957 sapienterque

372 1954 710 2046 impos-“We
739 1956 842 2018 θδί»
874 1968 981 2018 eo"
1005 1951 1105 2023 qui
1131 1951 1303 2046 “mf”
1323 1957 1818 2046 s?”¢“_“”’"“”'
1851 1953 1970 2022 (seu
2009 1952 2053 2030 Β
2084 1951 2506 2040 accommodata,
2554 1990 2768 2045 semper
2797 1985 2972 2030 tamen
3025 1973 3112 2040 iis,
3153 1988 3275 2046 qua
3316 1951 3382 2028 ad
3431 1951 3678 2030 substan-

371 2044 668 2116 baptizati,
702 2049 764 2097 ut
806 2055 930 2112 cap.
961 2054 1002 2105 ι,
1062 2047 1179 2094 not.
1226 2040 1548 2111 Caecitatis),
1594 2045 1967 2114 gustaverunt

371 2136 548 2192 etiam
612 2130 824 2188 donum
879 2131 1118 2194 caeleste,
1169 2133 1225 2184 et
1277 2131 1583 2202 participes
1646 2132 1790 2201 facti
1831 2133 1970 2186 sunt

371 2221 630 2277 SPIRITUS
643 2234 921 2286 SANCTI,..
945 2222 1003 2275 et
1031 2218 1286 2290 prolapsi
1317 2221 1474 2289 sunt,
1495 2219 1970 2276 rursusre-novari

371 2310 443 2366 ad
467 2310 882 2383 paenitentiam,
915 2322 1153 2362 rursum
1182 2307 1571 2376 cruciﬁgentes
1605 2307 1971 2379 sibimetipsis

372 2399 584 2454 Filium
614 2397 734 2462 Dei,
775 2399 833 2452 et
866 2395 1119 2451 ostentui
1159 2395 1445 2452 habentes.
1483 2395 1587 2450 Ubi
1618 2397 1670 2447 τὸ
1706 2391 1970 2464 ἀδύνατον,

373 2501 482 2542 non
555 2485 702 2558 quod
777 2483 1025 2539 absolute
1085 2482 1420 2554 impossibile
1491 2493 1592 2550 est,
1667 2486 1760 2540 sed
1823 2485 1966 2556 quod

373 2575 684 2648 difﬁculter
732 2573 809 2644 (id
838 2581 1059 2628 estnon
1109 2571 1418 2628 humanitus
1461 2573 1702 2644 quidem,
1737 2581 1970 2630 attamen

372 2665 650 2735 divinitus,
706 2664 802 2718 sed
855 2661 1101 2720 nonnihil
1169 2664 1388 2736 agrius,
1441 2671 1494 2719 et
1547 2678 1669 2718 cum
1729 2661 1970 2733 periculo

372 2754 636 2824 relapsus,
666 2752 795 2822 ﬁeri
826 2752 1028 2822 potest)
1060 2749 1346 2822 signiﬁcat,
1378 2759 1437 2805 ut
1477 2752 1644 2806 Marc.
1679 2768 1734 2818 x,
1761 2753 1849 2818 l7,
1880 2751 1971 2806 ubi

372 2839 734 2913 quaerentibus
796 2837 1100 2908 discipulis,
1169 2840 1295 2909 quis
1339 2839 1513 2909 possit
1558 2839 1745 2893 salvus
1803 2839 1972 2908 ﬁeri!

373 2928 672 3002 Respondit
698 2925 970 2983 Christus:
1003 2925 1145 2998 Παρὰ
1173 2926 1440 2998 ἀνθρώποις
1487 2922 1756 2998 ἀδυνατον,
1784 2925 1891 2979 ἀλλ’
1920 2928 1973 2979 οὐ

370 3018 508 3090 παρὰ
533 3024 601 3089 τῷ
627 3016 739 3090 Θεῷ
767 3035 781 3049 ο
811 3016 972 3069 πάντα
1009 3014 1104 3088 γὰρ
1134 3010 1319 3069 δυνατά
1371 3013 1473 3069 ἐστι
1497 3015 1629 3089 παρὰ
1657 3024 1730 3090 τῷ
1767 3017 1898 3090 Θεῷ,
1932 3016 1971 3071 i.

373 3123 425 3162 e.
457 3105 892 3200 Apudliomines
924 3104 1202 3200 (nimirum
1283 3106 1554 3200 humanis
1608 3107 1846 3200 viribus)
1877 3107 1975 3200 hoc
2008 3121 2052 3200 ε

376 3195 717 3267 impossibile
769 3198 873 3260 est,
906 3195 1000 3250 sed
1029 3211 1147 3250 non
1177 3195 1329 3268 apud
1365 3195 1528 3251 Deum
1554 3212 1570 3262 ;
1599 3197 1794 3252 omnia
1818 3197 1971 3252 enim

372 3281 663 3353 possibilia
690 3285 829 3338 sunt
858 3281 1012 3354 apud
1039 3284 1244 3349 Deum;
1267 3283 1356 3338 ubi
1387 3298 1496 3338 non
1529 3283 1684 3355 dixit,
1709 3283 1852 3354 Dao,
1881 3282 1973 3339 sed

376 3371 528 3444 apud
558 3372 744 3436 Damt,
778 3371 832 3426 id
861 3379 962 3437 est,
992 3370 1197 3428 viribus
1225 3371 1420 3428 divina
1447 3372 1650 3442 gratia,
1688 3387 1794 3442 qua
1814 3372 1972 3428 nobis

376 3459 578 3529 adjutis
621 3459 755 3514 nihil
799 3461 915 3530 jam
963 3466 1072 3514 tam
1119 3459 1344 3514 arduum
1405 3468 1506 3523 est,
1555 3462 1699 3531 quod
1745 3475 1777 3515 a
1813 3460 1972 3517 nobis

375 3550 621 3620 superari
670 3564 733 3604 ac
760 3547 942 3617 perﬁci
989 3557 1240 3619 nequeat.
1291 3550 1494 3606 Omnia
1522 3551 1805 3624 possibilia
1833 3554 1970 3608 sunt

376 3638 648 3704 credenti,
681 3638 756 3692 ait
785 3637 1052 3703 Christus,
1101 3637 1261 3693 Marc.
1295 3654 1368 3705 IX,
1401 3641 1490 3694 22.
1541 3638 1808 3695 Caterum
1837 3654 1970 3709 ergo

373 3725 455 3794 iis,
491 3727 586 3798 qui
651 3726 828 3781 adhuc
881 3725 1112 3781 infantes
1184 3726 1436 3798 baptizati
1501 3737 1645 3794 sunt,
1728 3727 1968 3784 securior

374 3813 561 3885 utique
599 3821 683 3868 est
712 3813 901 3886 gratia
939 3830 1034 3884 per
1078 3815 1398 3885 baptismum
1437 3817 1775 3884 consecutio,
1805 3832 1966 3889 quam

375 3901 567 3958 fuisset
595 3901 843 3969 ejusdem
873 3901 1088 3958 dilatio:
1111 3903 1312 3975 quippe
1350 3921 1474 3960 cum
1514 3905 1566 3960 in
1598 3907 1698 3963 hac
1729 3906 1964 3978 perden-

377 3987 480 4055 da,
511 4003 686 4059 neque
696 3989 812 4057 jam
840 3990 1075 4059 amplius
1105 3992 1492 4060 recuperanda
1513 3993 1716 4060 salutis,
1745 3994 1968 4062 pericu-

376 4073 492 4130 lum
529 4074 628 4133 sit:
659 4073 715 4130 in
764 4074 1048 4146 baptizatis
1089 4077 1262 4148 gratia
1298 4078 1569 4135 difﬁcilius
1594 4082 1886 4148 amittatur,
1916 4093 1969 4139 et

375 4163 574 4220 amissa
591 4163 777 4219 saltem
805 4180 904 4236 per
943 4165 1317 4234 pauitantiam
1345 4168 1583 4238 reparari
1601 4179 1787 4240 queat.

445 4272 692 4344 Integra,
722 4269 758 4326 i.
791 4285 842 4326 e.
872 4286 970 4341 per
1014 4270 1342 4342 baptismum
1389 4273 1610 4328 obtenta
1654 4274 1882 4346 integre,
1914 4280 1967 4331 et

375 4359 491 4418 sine
517 4360 967 4419 contaminatione
997 4361 1256 4433 deinceps
1284 4371 1511 4420 servata.

441 4469 519 4526 De
577 4467 764 4526 salute
803 4469 909 4537 Qui
972 4471 1165 4524 autem
1218 4469 1660 4540 perseveraverit
1713 4486 1887 4543 usque
1907 4471 1968 4526 in

369 4557 563 4628 finem,
594 4558 783 4615 salvus
813 4559 947 4626 erit,
976 4558 1168 4613 Matth.
1201 4573 1262 4627 ι,
1295 4561 1383 4614 22.

855 4763 1023 4823 Nota
1042 4764 1115 4820 ad
1142 4767 1315 4837 caput
1340 4764 1473 4820 XIX.

438 4903 702 4960 Praestat.
734 4903 891 4960 Initio
919 4904 1176 4960 Ecclesia
1215 4904 1425 4960 nullum
1454 4911 1666 4977 tempus
1693 4904 1964 4976 baptismo

365 4990 728 5060 prastitutum
778 5001 912 5048 erat.
966 5013 990 5045 α
1034 4995 1272 5049 Primum
1323 5009 1514 5050 omnes
1557 4995 1820 5051 docebant
1869 4995 1968 5068 (ait

365 5081 558 5137 auctor
597 5079 806 5136 Comm.
847 5081 903 5138 in
937 5081 1110 5152 Epist.
1137 5084 1203 5138 ad
1230 5083 1368 5156 Eph.
1398 5099 1446 5140 c.
1479 5086 1536 5156 4)
1568 5093 1622 5140 et
1645 5101 1833 5142 omnes
1861 5087 1964 5140 ba-

363 5167 653 5240 ptizabant,
704 5179 757 5226 et
795 5171 1226 5244 quibuscumque
1272 5174 1470 5230 diebus
1521 5176 1609 5231 vel
1640 5175 1965 5246 temporibus

359 5269 503 5314 esset
520 5261 752 5318 occasio.
783 5261 895 5317 Nec
927 5261 1070 5319 enim
1099 5263 1401 5318 PHILIPPUS
1429 5263 1574 5337 (Act.
1608 5264 1728 5337 vni)
1756 5273 1967 5336 tempus

360 5348 631 5418 quasivit,
685 5359 780 5408 aut
806 5351 947 5406 diem
993 5367 1101 5420 quo
1158 5353 1470 5408 eunuchum
1516 5355 1829 5426 baptizaret.
1865 5356 1968 5411 Ne-

360 5451 462 5505 que
503 5438 718 5496 ΡΑυιυε
761 5446 816 5496 et
854 5440 1012 5496 Slus
1061 5439 1204 5513 (Act.
1235 5457 1316 5509 lx,
1354 5442 1442 5515 10)
1492 5452 1700 5516 tempus
1737 5444 1964 5501 distule-

359 5531 503 5592 runt,
551 5543 659 5600 quo
689 5528 970 5586 custodem
1023 5529 1260 5586 carceris
1308 5530 1656 5603 baptizabant
1690 5548 1811 5588 cum
1851 5549 1966 5590 om-

360 5609 522 5668 nibus
536 5615 678 5686 ejus.
695 5617 892 5692 Neque
913 5618 1142 5677 Pn'raus
1159 5618 1300 5676 diem
1319 5621 1568 5692 quasivit
1581 5664 1596 5692 ,
1615 5621 1828 5696 quando
1841 5622 1968 5680 Cor-

2077 2060 2210 2115 tiam
2263 2070 2757 2129 sacramentorum,
2813 2070 3002 2134 utpote
3050 2078 3171 2133 qua
3228 2063 3389 2136 longe
3449 2061 3675 2133 altioris,

2078 2165 2407 2222 prorsusque
2431 2149 2630 2205 divina
2673 2149 3024 2206 institutionis
3071 2165 3190 2205 esse
3232 2160 3550 2215 noscuntur,
3582 2149 3673 2205 in-

2077 2252 2338 2293 concusse
2368 2239 2611 2295 retentis.

2151 2371 2280 2437 Sed,
2313 2379 2370 2426 ut
2389 2371 2454 2426 ad
2486 2379 2730 2427 nostrum
2769 2379 3147 2445 argumentum
3178 2382 3533 2440 revertamur,
3559 2373 3674 2444 jam

2078 2459 2300 2517 II99
2349 2461 2418 2514 ab
2482 2460 2872 2532 antiquissimis
2939 2462 3271 2532 temporibus
3318 2461 3556 2518 obtinuit
3612 2473 3670 2519 ut

2075 2551 2335 2606 solemnis
2354 2549 2656 2620 baptismus
2671 2551 2909 2606 Pascna:
2919 2558 2971 2606 et
2993 2553 3390 2608 Panrscosras
3413 2552 3674 2624 tempori-

2077 2639 2183 2694 bus
2211 2641 2579 2696 celebraretur
2608 2656 2623 2693 :
2656 2657 2816 2711 quam
2847 2641 3276 2697 observationem
3315 2643 3381 2695 ab
3412 2641 3546 2712 ipsis
3576 2658 3674 2697 us-

2077 2743 2184 2799 que
2210 2729 2522 2798 apostolicis
2553 2728 2884 2799 temporibus
2911 2728 3201 2800 profectam
3231 2729 3417 2797 fuisse,
3450 2741 3673 2787 sanctus

2080 2815 2307 2871 Siricius
2335 2823 2390 2871 et
2427 2823 2642 2872 sanctus
2679 2815 2979 2889 Gregorius
3006 2816 3078 2870 M.
3127 2819 3319 2872 summi
3367 2817 3672 2886 pontiﬁces,

2080 2911 2363 2960 testantur.
2393 2905 2461 2959 Et
2490 2904 2636 2976 prior
2665 2903 2883 2977 quidem
2912 2904 2967 2959 in
2998 2906 3154 2974 epist.
3179 2904 3251 2961 ad
3272 2906 3669 2978 Himmerium,

2080 2993 2540 3048 Tarraconensem
2596 2992 2938 3066 episcopum,
2986 2996 3242 3051 omnium
3288 2995 3670 3053 Ecclesiarum

2081 3081 2551 3139 consuetudinem
2569 3083 2791 3154 allegat;
2817 3082 3082 3154 posterior
3109 3099 3235 3140 vero
3266 3083 3432 3156 epist.
3463 3088 3564 3141 136
3594 3086 3670 3142 ad

2082 3172 2364 3242 episcopos
2386 3171 2874 3244 Sicilia,tanquam
2896 3174 3151 3244 regulam
3181 3173 3248 3230 ab
3271 3176 3541 3247 apostolis
3560 3177 3672 3231 ins-

2078 3263 2314 3317 titutam
2331 3266 2386 3318 et
2400 3264 2672 3320 continua
2687 3265 3036 3320 successione
3045 3266 3362 3322 inEcclesia
3377 3264 3674 3334 traditam,

2077 3349 2247 3421 ponit.
2281 3351 2508 3408 Duravit
2544 3361 2720 3408 autem
2752 3351 2838 3409 hic
2875 3361 2982 3407 tam
3028 3353 3131 3408 late
3178 3361 3370 3424 patens
3400 3370 3549 3422 usus,
3585 3365 3670 3411 te-

2074 3445 2157 3495 ste
2190 3439 2613 3511 Theophylacto,
2652 3442 2804 3497 Com.
2836 3443 2900 3498 in
2929 3443 3062 3496 Luc.
3093 3456 3154 3507 x,
3198 3441 3369 3496 ferme
3400 3457 3571 3512 usque
3599 3442 3664 3497 ad

2075 3527 2168 3584 ﬁn.
2202 3544 2322 3584 sac.
2365 3545 2452 3595 χι,
2505 3530 2831 3601 tandemque
2880 3530 3096 3602 penitus
3143 3531 3462 3603 abrOgatus,
3493 3531 3669 3600 bapti-

2071 3633 2251 3673 smum
2284 3619 2336 3672 in
2366 3617 2590 3673 arbitrio
2625 3617 3045 3672 ministrantium
3078 3617 3278 3688 posuit,
3315 3627 3373 3672 ut
3413 3619 3666 3689 quando-

2073 3723 2313 3779 cumque
2341 3706 2450 3761 illis
2476 3705 2776 3762 rationabili
2805 3722 2870 3762 ex
2913 3723 3075 3763 causa
3113 3705 3288 3764 visum
3317 3714 3478 3773 esset,
3509 3722 3671 3763 eum-

2072 3797 2307 3868 demque
2362 3797 2776 3869 impertirentur
2826 3814 2840 3855 :
2891 3813 3013 3869 qua
3059 3797 3396 3853 consuetudo
3449 3797 3670 3852 tandem

2072 3886 2229 3941 etiam
2258 3886 2401 3957 apud
2429 3885 2670 3954 Gracos,
2700 3893 2756 3942 et
2785 3885 2970 3942 multis
2992 3886 3216 3960 quidem
3255 3885 3452 3942 abhinc
3494 3901 3671 3943 sacu-

2074 3973 2162 4042 lis,
2195 3973 2450 4035 invaluit.

2147 4112 2336 4165 Passio
2363 4111 2609 4168 Domini.
2639 4111 2976 4168 Existimavit
3003 4113 3198 4168 Noster
3226 4111 3283 4167 in
3315 4113 3355 4167 l.
3379 4112 3500 4169 adv.
3539 4113 3669 4169 Jud.

2073 4210 2122 4249 c.
2173 4198 2262 4264 10,
2315 4196 2534 4251 Pascha
2579 4197 2788 4254 Graca
2835 4199 3064 4270 originis
3117 4213 3258 4268 esse,
3306 4199 3592 4254 deductum
3641 4217 3673 4255 a

2001 4293 2045 4370 η
2074 4281 2390 4338 Gracorum
2437 4285 2616 4352 πάσχω
2674 4285 2846 4356 patior
2897 4304 2912 4342 :
2961 4301 3065 4357 qua
3117 4286 3170 4340 in
3230 4300 3289 4340 re
3344 4293 3674 4357 praeuntem

2079 4369 2269 4426 habuit
2294 4371 2349 4426 S.
2381 4370 2647 4427 Irenaum
2678 4373 2716 4427 l.
2759 4373 2884 4430 adv.
2935 4374 3060 4431 Jud.
3093 4389 3143 4430 c.
3196 4377 3284 4443 23,
3334 4381 3388 4430 et
3432 4374 3674 4430 nonnul-

2078 4457 2160 4514 los
2188 4474 2459 4530 sequaces,
2494 4462 2795 4530 prasertim
2840 4462 3174 4518 Lactantium
3222 4462 3276 4514 in
3307 4463 3344 4518 ι.
3393 4478 3450 4518 Iv
3479 4465 3670 4522 Instit.

2076 4562 2126 4603 c.
2159 4551 2246 4617 26,
2279 4547 2372 4603 ubi
2417 4548 2491 4604 ita
2534 4548 2652 4606 ait:
2693 4569 2716 4600 ι
2769 4550 3072 4606 Immolatio
3115 4549 3339 4621 pecudis
3391 4552 3542 4621 (agni
3571 4569 3672 4623 pa-

2075 4635 2296 4708 schalis)
2327 4637 2394 4691 ab
2415 4637 2482 4694 iis
2513 4637 2669 4710 ipsis,
2701 4638 2795 4710 qui
2827 4638 3049 4706 faciunt,
3093 4639 3313 4696 Pasan
3341 4640 3664 4709 nominatur,

2070 4724 2164 4778 ἀπὸ
2204 4731 2286 4777 τοῦ
2326 4726 2527 4794 πάσχειν
2553 4768 2566 4788 ,
2612 4727 2737 4799 quia
2777 4742 3063 4783 passmms
3106 4727 3278 4800 ﬁgura
3333 4734 3440 4794 est,
3482 4747 3510 4779 ιο
3559 4737 3669 4784 etc.

2069 4815 2142 4870 At
2171 4815 2226 4868 in
2257 4815 2361 4870 hoc
2390 4817 2625 4871 nominis
2659 4824 2839 4888 etymo
2871 4816 2993 4871 illos
3025 4818 3374 4873 vehementer
3411 4816 3669 4887 deceptos

2070 4902 2252 4966 fuisse,
2302 4912 2357 4958 et
2410 4905 2650 4960 llebrais
2696 4905 2836 4962 hanc
2883 4920 3073 4962 vocem
3121 4904 3461 4961 asserendam
3508 4921 3665 4961 nemo

2069 4989 2298 5049 dubitat.
2341 4991 2436 5049 Est
2480 4993 2618 5051 enim
2658 4994 2829 5050 Exod.
2882 5010 2985 5060 xu,
3029 4998 3115 5060 11,
3168 5004 3300 5059 non
3330 4994 3592 5066 (rasam!)
3635 5010 3667 5048 a

2068 5084 2206 5140 Bad.
2239 5094 2368 5150 nos
2402 5091 2562 5154 atque
2590 5082 2720 5137 inde
2771 5083 3007 5138 Chaldai
3054 5099 3213 5138 suum
3246 5096 3286 5143 at
3334 5082 3664 5154 sufligendo,

2068 5182 2128 5230 ut
2158 5174 2469 5246 frequenter
2499 5172 2692 5236 solent,
2724 5170 2966 5226 fecerunt
2997 5181 3194 5238 unus,
3221 5185 3415 5227 PlSCBA
3441 5172 3526 5227 vel
3560 5185 3664 5226 PA-

2071 5277 2231 5334 scna,
2263 5277 2429 5334 quam
2450 5275 2636 5318 vocem
2667 5261 2827 5317 etiam
2857 5260 3009 5315 LXX
3037 5261 3376 5333 adoptarunt,
3405 5266 3666 5328 ponentes

2068 5354 2256 5422 πάσχα,
2293 5350 2524 5406 maxime
2561 5349 2706 5421 quod
2745 5347 3321 5418 ejusdemJerminatio
3347 5362 3529 5419 graca
3573 5348 3664 5418 sit,

2069 5441 2124 5496 in
2153 5457 2277 5514 gen.
2311 5456 2410 5512 per
2447 5458 2560 5500 ατος
2609 5437 2894 5494 ﬂectenda.
2950 5437 3214 5509 Vulgatus
3242 5442 3425 5490 autem
3480 5443 3666 5492 noster

2069 5545 2249 5588 »ωδε
2299 5529 2500 5602 posuit,
2528 5527 2781 5602 quoniam
2846 5525 3053 5583 Latinis
3083 5525 3273 5580 littera
3311 5523 3595 5596 gutturalis
3622 5534 3665 5586 Π

2070 5620 2332 5692 asperitas
2383 5634 2573 5692 parum
2627 5624 2782 5690 grata
2835 5625 2955 5685 est;
3010 5613 3155 5671 unde
3204 5611 3351 5670 idem
3402 5611 3663 5686 Vulgatus
