4028 6180
370 262 504 321 1‘283

365 388 524 445 etiam
570 387 624 441 in
671 384 789 440 aliis
823 383 1132 440 nominibus
1182 380 1436 454 pr0priis,
1480 378 1779 452 praesertim
1828 379 1946 434 dis-

367 475 605 548 syllabis,
637 473 765 528 illud
803 472 999 544 passim
1030 471 1382 539 detruncavit,
1410 477 1465 523 ut
1497 484 1592 540 pro
1627 479 1697 529 ru
1738 482 1947 533 NOACH,

369 575 495 625 mn
526 576 767 631 THARAC,
800 570 921 651 mp
941 575 1175 627 conAcn,
1198 558 1379 631 posuit
1401 560 1527 624 Noe,
1558 558 1954 623 Thare,Chore,

373 662 473 710 etc.

444 744 609 798 Porro
638 748 817 795 autem
842 736 1059 812 pesach,
1081 736 1273 809 phase,
1294 735 1376 791 vel
1405 735 1615 807 pascha
1635 750 1955 791 'rnmsnou

374 829 678 902 signiﬁcant
708 845 721 884 :
758 827 899 881 unde
930 827 1093 881 etiam
1124 825 1321 896 Aquila
1352 825 1562 897 pascha
1604 825 1758 879 vertit
1802 824 1956 895 ὑπέρ-

373 916 529 986 ϐασιν,
564 917 1086 988 transgressionem,
1117 915 1201 970 vel
1253 919 1667 980 transcensum,
1703 916 1954 987 Symma-

371 1009 503 1066 chus
534 1022 664 1063 vero
692 1006 1040 1077 ὓπερμάχησιν,
1069 1005 1577 1077 prapugnationem
1609 1025 1626 1060 :
1665 1019 1823 1059 nemo
1853 1021 1955 1059 au-

371 1104 479 1153 tem
525 1094 878 1166 interpretum
927 1094 1245 1149 Graecorum
1299 1094 1611 1164 passionem
1659 1092 1839 1149 vertit.
1891 1093 1952 1147 Et

372 1184 604 1255 denique
637 1183 854 1237 Latinus
900 1190 1083 1239 noster
1112 1181 1286 1237 Exod.
1315 1197 1427 1246 xu,
1460 1185 1547 1251 11,
1582 1181 1655 1236 ita
1699 1181 1959 1253 interpre-

370 1282 554 1333 tatur:
602 1294 626 1325 ι
668 1272 762 1328 Est
798 1270 939 1328 enim
978 1272 1169 1327 PHASE
1218 1270 1294 1341 (id
1343 1278 1425 1326 est
1469 1273 1799 1341 TRANSITUS)
1853 1272 1958 1326 Do-

370 1365 520 1430 mini,
557 1383 580 1414 ι
632 1363 686 1418 in
725 1363 877 1433 cujus
922 1360 1255 1426 memoriam,
1286 1360 1490 1417 scilicet
1536 1360 1711 1433 angeli
1757 1359 1957 1432 primo-

369 1455 549 1525 genita
579 1452 793 1525 Egypli
828 1449 1189 1521 percutientis,
1223 1456 1277 1505 et
1303 1449 1446 1504 solas
1480 1450 1669 1505 domos
1699 1449 1955 1503 Hebraic-

371 1558 489 1597 rum
518 1542 739 1595 intactas
767 1541 1135 1607 transeuntis,
1160 1554 1253 1594 seu
1287 1538 1677 1609 praetereuntis,
1711 1552 1952 1592 annuum

370 1632 437 1685 ab
469 1629 705 1685 Hebraeis
733 1628 933 1683 Pascha
960 1627 1343 1683 celebrandum
1375 1633 1508 1680 erat.

448 1738 756 1809 Tingimur.
791 1733 1113 1803 Baptismum
1146 1732 1341 1787 Christi
1371 1746 1585 1786 omnem
1619 1745 1767 1783 suam
1817 1727 1943 1783 efﬁ-

369 1825 563 1881 caciam
610 1842 639 1878 a
670 1824 933 1878 Passione
980 1820 1223 1890 ejusdem
1275 1818 1494 1887 habere,
1541 1820 1651 1888 jam
1700 1832 1818 1886 cap.
1869 1820 1953 1888 16,
1990 1831 2033 1909 Β

366 1914 491 1969 Νοι.
538 1913 876 1984 Baptismus,
920 1912 1056 1963 1188
1118 1923 1175 1962 Α.
1222 1908 1575 1963 ostendimus.
1620 1906 1757 1960 Vide
1798 1905 1954 1961 etiam

366 2016 483 2070 cap.
524 2005 541 2054 1
562 2005 607 2069 1,
638 2000 763 2056 Not.
790 2000 1294 2067 Resurrectionem,
1331 1999 1468 2054 1178
1485 2013 1517 2054 Β
1536 2028 1606 2038 -
1625 1998 1757 2055 Sine
1778 2014 1959 2055 resur-

368 2095 506 2146 rect.
542 2088 678 2144 Ibid.

440 2195 939 2270 Interpretabitur.
984 2194 1199 2249 Passive
1245 2193 1332 2250 hic
1381 2192 1657 2264 accipitur,
1715 2204 1772 2249 ut
1815 2192 1956 2264 apud
2015 2208 2019 2215 '

364 2286 657 2342 Auctorem
687 2286 761 2341 ad
796 2286 1160 2350 Herennium,
1201 2282 1241 2339 l.
1272 2298 1334 2335 ιι.

439 2393 777 2449 Pentecoste.
809 2388 1109 2456 Πεντηχοστὴ
1160 2387 1411 2459 (subaudi
1450 2386 1632 2459 ἡμέρα)
1692 2388 1961 2461 signiﬁcat

368 2480 513 2537 diem
530 2480 1085 2552 quinquagesimum.
1107 2476 1313 2545 Nempe
1334 2476 1399 2530 ab
1420 2477 1600 2532 altero
1620 2476 1711 2532 die
1730 2476 1957 2535 Sabbati

365 2571 564 2641 (Leuit.
597 2582 769 2631 χχιιι,
803 2568 911 2637 15),
946 2582 1040 2619 seu
1072 2581 1102 2619 a
1129 2563 1367 2620 secunda
1396 2563 1483 2619 die
1513 2580 1831 2636 azymorum
1859 2581 1956 2622 nu-

365 2658 640 2713 meranda:
668 2664 822 2712 erant
848 2658 881 2710 7
911 2653 1431 2725 hebdomades,quas
1460 2653 1660 2710 faciunt
1700 2658 1766 2710 49
1792 2656 1910 2710 dies
1934 2673 1948 2712 :

364 2749 453 2803 die
505 2757 681 2802 autem
743 2743 1199 2815 Quinquagcsima
1262 2744 1647 2799 celebrandum
1704 2752 1818 2799 erat
1880 2756 1951 2805 ,ιη

368 2846 543 2900 nunc
592 2835 819 2891 Fasruu
858 2836 1340 2897 Hannomnanuu,
1369 2833 1513 2901 quod
1546 2835 1600 2886 in
1644 2842 1824 2888 nostra
1851 2834 1958 2889 Ec-

365 2925 528 2981 clesia
573 2924 769 2979 dicitur
807 2923 1047 2979 Fasrum
1083 2922 1515 2989 Pamncosras;
1548 2932 1600 2975 et
1644 2923 1783 2977 sicut
1827 2922 1954 2978 olim

362 3030 394 3068 a
423 3014 624 3068 Judaais
651 3011 1020 3068 celebrabatur
1051 3010 1111 3065 in
1143 3012 1449 3066 memoriam
1484 3012 1637 3082 legis,
1668 3010 1723 3066 in
1773 3018 1954 3066 monte

364 3102 513 3157 Sinai
568 3100 742 3171 Moysi
791 3102 933 3155 datae
989 3100 1154 3170 (quod
1211 3100 1658 3171 quinquagesima
1712 3116 1742 3154 a
1814 3100 1950 3155 festo

363 3190 660 3256 Paschatis,
695 3205 793 3245 seu
839 3188 983 3244 exitu
1025 3190 1093 3243 ab
1136 3188 1393 3260 Egypto,
1451 3188 1648 3243 factum
1696 3189 1947 3255 creditur,

363 3278 535 3335 Exod.
570 3294 693 3345 xxx,
727 3283 749 3333 1
785 3286 839 3333 ct
872 3279 979 3347 11),
1021 3278 1093 3332 ita
1122 3292 1265 3331 nunc
1292 3278 1449 3331 etiam
1498 3277 1553 3331 in
1590 3276 1829 3333 Ecclesia
1859 3293 1955 3332 no-

362 3377 472 3424 stra
501 3368 804 3424 celebratur
828 3367 1017 3423 festum
1070 3368 1426 3432 Pentecostes,
1462 3365 1513 3420 id
1558 3377 1637 3422 est
1681 3368 1951 3437 quinqua-

361 3461 604 3531 gesimus
631 3458 803 3514 diesa
848 3458 985 3514 festo
1036 3456 1325 3526 Paschatis,
1359 3457 1409 3509 in
1462 3456 1771 3511 memoriam
1822 3456 1946 3525 Spi-

359 3551 492 3604 ritus
518 3550 572 3605 S.
604 3565 770 3619 super
798 3547 1073 3618 apostolos
1104 3548 1166 3601 in
1188 3546 1397 3617 linguis
1420 3546 1595 3617 igneis
1619 3546 1950 3600 descenden-

360 3640 451 3695 tis.
494 3641 612 3696 Act.
642 3653 700 3705 ιι,
734 3641 786 3706 1,
818 3644 920 3691 etc.

435 3742 600 3813 Igitur
652 3739 910 3809 quoniam
965 3738 1279 3808 baptismus,
1340 3737 1575 3808 Spiritus
1649 3737 1818 3791 sancti
1894 3738 1946 3793 in

362 3832 625 3885 columbae
664 3830 842 3896 specie
875 3828 925 3879 in
957 3826 1251 3893 Christum,
1274 3827 1326 3879 in
1345 3826 1572 3880 Iordane
1602 3826 1947 3895 baptizatum,

362 3915 763 3982 descendentis,
818 3929 881 3968 ac
938 3912 1279 3984 singulariter
1341 3928 1509 3981 aquas
1570 3910 1949 3969 sanctiﬁcantis

364 4003 509 4073 (vide
540 4018 722 4073 supra.
770 4017 890 4073 cap.
943 4004 1031 4065 10,
1074 4000 1199 4054 Not.
1232 4000 1339 4071 nn)
1368 4015 1507 4070 opus
1551 4010 1653 4073 est,
1703 4018 1810 4058 non
1850 4003 1950 4057 mi-

359 4109 504 4158 rum,
561 4092 721 4147 etiam
776 4091 1134 4155 Pentecostes,
1181 4106 1289 4144 non
1336 4090 1515 4145 minus
1564 4105 1628 4145 ac
1682 4090 1950 4148 Paschalis

361 4192 570 4253 tempus
601 4180 864 4252 baptismo
894 4178 1208 4234 solemniter
1253 4178 1576 4235 conferendo
1621 4194 1652 4232 a
1681 4180 1946 4250 primitiva

360 4269 608 4325 Ecclesia
637 4269 960 4324 destinatum
1008 4266 1191 4325 fuisse.
1230 4285 1252 4318 ‹
1297 4268 1475 4339 Atque
1523 4268 1663 4323 hanc
1701 4270 1940 4341 regulam

1432 252 1517 310 AD
1581 250 1873 313 GENUINA
1909 247 2339 310 TERTULLIANI
2380 246 2591 305 OPERA

3519 238 3660 297 1284

2056 376 2309 431 Ecclesiae
2340 376 2594 430 Romanae.
2620 369 2950 436 contranisu,
2998 365 3431 423 administratum
3464 364 3663 432 fuisse,

1981 421 2027 498 Α
2059 467 2227 521 donec
2262 463 2495 525 tandem,
2538 460 2871 528 temporibus
2913 456 3165 513 nimirum
3228 456 3301 510 ita
3348 454 3663 523 ferentibus,

2062 555 2162 609 hac
2215 555 2267 608 in
2310 568 2365 607 re
2410 550 2738 622 quibuslibet
2801 546 3054 604 Ecclesiis
3101 562 3200 602 sua
3258 546 3475 601 libertas
3538 545 3672 599 data

2062 641 2253 710 fuerat,
2314 644 2549 696 attamen
2605 636 2980 693 benedictione
3030 635 3193 691 fontis
3222 632 3565 704 baptismalis
3593 631 3669 687 ad

2064 732 2362 789 Sarranum
2409 743 2668 785 saxorum
2704 725 2997 788 Paschalis,
3045 732 3097 779 et
3150 725 3411 780 νισιιιΑιι
3444 725 3671 777 Pam-

2063 836 2288 885 cosras,
2320 835 2379 874 ex
2424 835 2525 872 usu
2555 816 2716 872 totius
2750 816 2911 870 ferme
2954 812 3203 869 Ecclesiae
3234 810 3511 867 adstricta.
3553 810 3671 865 Sed

2062 911 2161 965 bac
2208 910 2275 964 de
2319 924 2376 964 re
2421 907 2586 964 latius
2637 905 2804 961 videri
2857 909 3086 976 possunt
3133 904 3376 957 Martene
3418 900 3484 956 de
3544 902 3667 955 Rit.

2065 998 2240 1065 Eccl.,
2271 998 2305 1051 l.
2340 1013 2359 1051 ι
2389 1012 2435 1051 c.
2469 998 2519 1062 1,
2553 1000 2653 1049 art.
2687 998 2746 1061 1;
2778 991 2975 1048 Juenin
3007 992 3072 1048 de
3099 991 3264 1063 Bapt.
3298 1005 3353 1061 q.
3399 990 3487 1056 10,
3516 1002 3568 1044 c.
3604 989 3667 1053 2,

2063 1086 2261 1158 aliique
2289 1084 2511 1157 passim.

2132 1176 2322 1248 Aquis.
2369 1173 2460 1245 Ut,
2504 1170 2709 1229 scilicet
2746 1168 3063 1226 solemniter
3095 1176 3252 1222 antea
3306 1166 3410 1222 sint
3438 1164 3673 1220 benedi-

2061 1271 2161 1320 cta)
2192 1264 2331 1336 (cap.
2368 1265 2420 1329 4,
2452 1265 2567 1318 not.
2612 1263 2866 1319 Invocato
2917 1259 3048 1325 Deo)
3079 1271 3403 1327 semperque
3441 1263 3668 1325 paratae,

2063 1354 2127 1409 ad
2159 1353 2477 1425 baptismum
2517 1368 2588 1409 ea:
2637 1351 2831 1407 ordine
2865 1346 3072 1405 cunctis
3113 1344 3671 1402 administrandum.

2135 1442 2395 1513 Spatium
2426 1441 2527 1497 est.
2559 1438 2688 1493 Inde
2737 1436 2946 1491 videtur
2973 1441 3121 1492 recte
3161 1434 3363 1507 colligi,
3409 1440 3519 1487 toto
3570 1432 3675 1487 illo

2061 1528 2380 1585 intermedio
2421 1537 2681 1598 tempore,
2717 1543 2746 1581 a
2796 1524 3070 1581 Paschate
3100 1522 3359 1577 nimirum
3392 1536 3568 1594 usque
3598 1520 3671 1573 ad

2060 1622 2447 1686 Pentecosten,
2504 1617 2827 1685 baptismum
2859 1613 2989 1669 olim
3018 1611 3378 1668 administrari
3425 1624 3675 1666 consue-

2061 1708 2233 1772 visse;
2279 1705 2422 1777 quod
2475 1702 2552 1759 sic
2594 1702 3003 1775 intelligendum
3056 1715 3198 1770 reor,
3242 1699 3388 1771 quod
3442 1698 3498 1753 in
3526 1698 3676 1753 Pas-

2063 1796 2219 1851 chate
2248 1802 2299 1849 et
2328 1794 2639 1847 Pentecoste
2668 1791 2998 1848 solemniter
3032 1789 3389 1855 conferretur,
3420 1796 3679 1856 tempore

2062 1889 2246 1939 autem
2306 1880 2627 1937 intermedio
2673 1879 2739 1934 iis
2766 1879 3041 1944 duntaxat,
3102 1878 3193 1948 qui
3245 1876 3394 1946 prius
3429 1873 3682 1945 impedi-

2065 1979 2264 2036 mento,
2297 1988 2381 2027 ex.
2430 1988 2516 2042 gr.
2558 1970 2766 2032 morbo,
2808 1974 2936 2033 etc.,
2988 1966 3399 2031 detinebantur,
3441 1970 3531 2019 aut
3563 1963 3681 2019 alia

2063 2074 2257 2117 caussa
2305 2060 2553 2114 absentes
2600 2064 2801 2128 essent,
2841 2064 2933 2112 aut
2979 2054 3133 2112 etiam
3180 2054 3440 2121 infantes,
3498 2053 3680 2108 inter-

2062 2148 2247 2205 medio
2278 2148 2371 2203 illo
2405 2158 2651 2218 tempore
2690 2145 2819 2211 nati,
2847 2155 2974 2215 etc.,
3006 2143 3375 2201 abluerentur.

2138 2238 2522 2309 Frequentata
2542 2238 2645 2301 est,
2670 2250 2760 2290 seu
2797 2249 2977 2289 annua
3006 2232 3152 2289 illius
3173 2232 3454 2300 memoria,
3478 2233 3679 2289 crebra

2061 2333 2114 2381 et
2144 2324 2403 2379 vivaciori
2437 2323 2815 2381 recordatione
2848 2322 3135 2379 celebrata.

2132 2414 2414 2484 Dedicata,
2436 2413 2473 2468 i.
2507 2430 2555 2469 e.
2581 2417 2925 2483 consecrata,
2946 2422 3038 2469 aut
3058 2410 3313 2483 religioso
3332 2411 3476 2467 cultu
3499 2410 3679 2467 inter-

2064 2505 2315 2576 hymnos,
2348 2505 2651 2569 orationes,
2695 2504 3023 2575 gratiarum
3055 2503 3323 2568 actiones,
3357 2508 3483 2567 etc.,
3515 2500 3673 2555 cele-

2062 2593 2231 2653 brata.
2266 2594 2347 2651 Ex
2392 2596 2646 2650 hactenus
2685 2600 2859 2648 autem
2901 2592 3059 2649 dictis
3105 2591 3246 2648 clare
3276 2590 3670 2663 perspicimus,

2063 2685 2193 2741 festa
2222 2685 2536 2741 PASCHATIS
2587 2689 2640 2738 et
2686 2684 3085 2738 PENTECOSTES
3132 2682 3198 2736 ab
3244 2680 3376 2751 ipsis
3407 2680 3672 2751 apostolis

2067 2774 2311 2831 instituta
2357 2774 2551 2840 fuisse,
2592 2774 2696 2829 sub
2745 2772 2866 2826 aliis
2912 2780 3111 2837 autem,
3165 2786 3326 2841 quam
3377 2769 3515 2841 apud
3562 2770 3677 2825 He-

2067 2866 2260 2926 braeos.
2316 2864 2532 2934 ritibus,
2592 2862 2835 2932 aliisque,
2899 2868 3151 2932 tanquam
3221 2876 3399 2915 rerum
3456 2857 3671 2916 scilicet

2064 2952 2473 3022 praeteritarum,
2534 2951 2827 3023 symbolis:
2865 2958 2914 3004 et
2953 2949 3168 3005 Pascha
3196 2948 3414 3022 quidem
3446 2947 3500 3002 in
3552 2964 3679 3003 me-

1990 3061 2031 3139 ο
2064 3042 2295 3096 moriam
2345 3042 2835 3097 RESURRECTIONIS
2877 3038 3099 3108 Christi,
3132 3054 3230 3094 nos
3258 3054 3289 3092 a
3326 3044 3498 3092 morte
3548 3053 3678 3108 pec-

2062 3133 2167 3187 cati
2203 3132 2269 3185 ad
2299 3130 2457 3187 vitam
2493 3130 2679 3205 gratiae
2710 3128 3076 3185 resuscitantis
3110 3145 3123 3184 :
3158 3131 3486 3184 Pentecoste
3513 3141 3672 3195 vero,

2061 3219 2112 3273 in
2145 3221 2715 3277 commemorationem
2764 3218 3021 3273 SPIBITUS
3059 3232 3260 3272 SANCTI
3311 3232 3477 3287 super
3524 3230 3668 3285 apo-

2059 3309 2225 3364 stolos
2246 3308 2300 3361 in
2332 3308 2625 3363 Ecclesiam
2660 3308 2908 3375 primitus
2944 3305 3124 3370 effusi,
3159 3305 3499 3360 celebranda.

2131 3413 2431 3471 Adventus.
2464 3414 2542 3468 De
2587 3414 2825 3468 secundo
2853 3412 3103 3468 Adventu
3154 3410 3395 3475 Domini,
3426 3425 3534 3483 quo
3566 3426 3673 3469 ve-

2059 3501 2165 3557 niet
2185 3504 2447 3574 judicare
2476 3504 2621 3559 vivos
2651 3507 2704 3559 et
2734 3506 3007 3567 mortuos,
3030 3499 3081 3554 id
3105 3508 3187 3555 est
3215 3499 3667 3573 intelligendum.

2132 3610 2492 3665 Subostensa.
2526 3608 2582 3661 Id
2614 3617 2695 3664 est
2743 3607 2981 3664 nonnihil
3038 3608 3350 3673 obscurius,
3400 3622 3463 3662 ac
3515 3608 3671 3663 velut

2056 3700 2332 3755 remotius
2354 3703 2599 3755 ostensa.

2129 3808 2495 3875 Recuperato.
2526 3802 2707 3875 Aliqui
2744 3805 3057 3876 reciperato
3084 3802 3312 3868 malunt,
3345 3802 3491 3875 quod
3518 3817 3550 3855 a
3580 3818 3672 3859 re-

2056 3894 2309 3967 cipiendo
2331 3892 2529 3950 dictum
2560 3895 2667 3949 est.
2700 3894 2805 3950 Sed
2835 3895 2979 3948 hanc
3006 3892 3477 3964 grammaticorum
3507 3892 3666 3947 litem

2054 3986 2153 4039 sub
2183 3984 2360 4052 judice
2390 3982 2689 4056 relinquere
2740 3992 2979 4054 prastat.
3041 3980 3250 4038 Sufﬁcit
3304 3981 3395 4038 hic
3428 3980 3665 4040 ASCBN-

2054 4087 2264 4128 sronau
2287 4072 2535 4139 Cnmsrt,
2560 4089 2656 4129 seu
2687 4073 2929 4141 ejusdem
2956 4072 3015 4127 in
3052 4071 3223 4129 caelos
3248 4074 3664 4143 receptionem,

2054 4161 2363 4235 significari.

2131 4270 2196 4323 In
2229 4270 2575 4324 Pentecoste.
2636 4267 2749 4323 Hoc
2780 4282 2975 4324 nomen
3030 4268 3229 4326 Nostro
3268 4269 3429 4326 etiam
3485 4276 3665 4324 totum

356 4359 453 4428 (ait
481 4358 703 4413 Sicirius
744 4358 904 4429 Papa,
928 4372 1111 4427 supra,
1144 4355 1199 4410 in
1236 4358 1356 4412 Not.
1380 4360 1643 4422 Prwstat,
1679 4339 1949 4428 laudatus)
1983 4339 2027 4416 Β
2056 4356 2398 4427 complexum
2445 4359 2513 4411 50
2544 4356 2755 4412 dierum
2784 4356 2931 4411 inter
2970 4357 3183 4413 Pascha
3228 4368 3279 4414 et
3308 4360 3667 4414 Pentecosten

356 4463 544 4504 omnes
598 4454 811 4502 teneant
852 4446 1174 4510 sacerdotes,
1235 4443 1457 4500 I200
1507 4445 1597 4515 qui
1641 4447 1828 4500 nolunt
1870 4447 1937 4500 ab

359 4537 670 4606 apostolica:
701 4551 919 4604 rerum,
953 4551 1112 4605 super
1158 4551 1318 4606 quam
1366 4535 1611 4589 Christus
1658 4534 1944 4591 universa-

353 4626 458 4683 lem
489 4624 789 4683 construxit
819 4624 1140 4693 Ecclesiam,
1174 4623 1438 4679 soliditate
1466 4622 1664 4680 divelli.
1704 4643 1725 4671 η

424 4733 711 4799 Caeterum,
735 4730 984 4803 quoniam
1017 4732 1133 4787 haec
1162 4746 1248 4785 res
1276 4746 1436 4786 merae
1464 4728 1764 4802 disciplinae
1810 4739 1942 4801 erat,

356 4824 427 4877 nil
471 4824 683 4892 mirum,
725 4823 881 4878 etiam
938 4829 1059 4892 post
1092 4821 1283 4876 Siricii
1330 4830 1585 4889 tempora,
1616 4820 1769 4874 aliam
1818 4820 1945 4875 alibi

368 4911 809 4967 consuetudinem
838 4917 1104 4965 servatam
1136 4917 1187 4962 et
1226 4908 1278 4960 in
1306 4908 1410 4962 Dm
1460 4908 1674 4962 NA'I‘ALI
1714 4907 1941 4975 DOMIMI,

358 5014 465 5070 qua
494 4998 863 5064 Clodovaeum,
910 4996 1139 5068 primum
1186 4996 1513 5052 Francorum
1562 5012 1765 5069 regem,
1810 4998 1943 5067 bap-

359 5092 581 5144 tizatum
628 5086 806 5156 fuisse,
846 5086 1053 5155 Avitus,
1098 5102 1185 5158 ep.
1237 5085 1591 5155 Viennensis,
1641 5085 1698 5139 in
1744 5101 1841 5141 sua
1877 5086 1945 5141 ad

352 5177 607 5234 eumdem
653 5176 812 5249 epist.
863 5183 1118 5245 testatur;
1151 5186 1243 5232 aut
1275 5176 1326 5229 in
1386 5176 1698 5230 EPIPHANIA
1728 5175 1947 5230 Domini

358 5266 669 5339 (propterea
706 5266 850 5337 quod
883 5266 981 5320 hac
1010 5266 1094 5319 die
1124 5263 1371 5320 Christus
1400 5264 1517 5333 ipse
1558 5280 1589 5317 a
1636 5266 1693 5321 S.
1740 5265 1945 5319 Joanne

366 5355 670 5427 baptizatus
713 5354 917 5427 fuerit),
945 5368 1237 5425 rursusque
1279 5351 1395 5406 aliis
1441 5351 1495 5404 in
1538 5350 1671 5407 locis
1715 5350 1770 5404 in
1810 5350 1943 5406 festo

368 5446 428 5502 S.
464 5444 688 5503 Joannis
732 5446 1002 5516 Baptistae,
1034 5443 1262 5498 similem
1310 5443 1380 5496 ob
1427 5457 1643 5496 causam
1675 5458 1690 5496 :
1723 5440 1852 5511 quin
1889 5449 1944 5496 et

355 5534 413 5586 in
463 5536 766 5590 Natalitiis
795 5534 1182 5603 Apostolorum
1218 5546 1281 5587 ac
1310 5530 1638 5601 Martyrum,
1680 5545 1785 5585 non
1816 5528 1932 5586 sine

2054 4444 2338 4519 signiﬁcat,
2387 4445 2619 4518 ideoque
2678 4446 2733 4499 in
2780 4447 2815 4500 I.
2869 4447 2936 4501 de
2986 4446 3144 4517 ldoi.,
3195 4449 3369 4513 ο.14,
3430 4448 3605 4516 inquit
3647 4461 3662 4501 :

2056 4555 2078 4585 (ι
2143 4534 2385 4605 Excerpe
2442 4534 2682 4605 singulas
2736 4534 3107 4590 solemnitates
3135 4537 3431 4602 nationum,
3491 4538 3543 4591 et
3605 4535 3662 4590 in

2051 4625 2300 4681 ordinem
2333 4636 2481 4693 texe,
2534 4646 2557 4675 ει
2588 4625 2934 4680 Pentecosten
2957 4626 3192 4697 implere
3219 4643 3335 4682 non
3361 4629 3662 4698 poterunt.

2051 4714 2118 4769 Et
2148 4716 2249 4769 hoc
2275 4730 2433 4770 sensu
2463 4714 2627 4769 etiam
2674 4713 2762 4768 hic
2798 4712 3175 4786 intelligendus
3225 4716 3440 4770 videtur
3474 4733 3489 4782 ;
3545 4730 3663 4770 non

2050 4804 2189 4859 enim
2221 4804 2467 4858 Christus
2491 4804 2541 4857 iu
2576 4806 2918 4869 Pentecoste,
2952 4803 2996 4858 si
3044 4805 3193 4859 diem
3220 4804 3509 4877 intelligas,
3542 4820 3659 4860 caa-

2051 4892 2137 4948 los
2191 4892 2522 4958 conscendit,
2582 4899 2635 4947 at
2686 4908 2815 4949 vero
2869 4892 3184 4948 intermedio
3241 4894 3333 4949 illo
3389 4902 3660 4964 tempore,

2052 4980 2254 5036 scilicet
2292 4980 2378 5035 die
2397 4980 2812 5053 quadragesima
2842 4990 2964 5053 post
2989 4982 3480 5039 Resurrectionem.

2125 5088 2391 5143 Caeterum
2422 5088 2561 5143 diem
2592 5088 2779 5157 judicii
2811 5088 2863 5143 in
2894 5089 3205 5146 Pentecoste
3232 5090 3495 5159 futurum,
3525 5089 3661 5144 Ter-

2052 5176 2258 5232 tulliani
2290 5177 2598 5245 conjectura
2638 5185 2737 5245 est,
2768 5177 2952 5234 verbis
2980 5180 3104 5234 Act.
3135 5195 3173 5245 ι,
3226 5184 3315 5251 11,
3349 5195 3499 5251 supr.
3529 5178 3649 5245 cit.,

2051 5264 2337 5321 inﬁrmiter
2357 5265 2513 5333 nixa;
2538 5282 2659 5322 nam
2680 5265 2753 5322 ibi
2781 5268 2956 5322 solum
2985 5268 3182 5324 dicitur
3200 5283 3653 5334 ρυειιιιωιουωι,

2055 5353 2146 5408 ubi
2172 5355 2369 5413 modus
2398 5357 2660 5413 veniendi
2697 5371 2805 5413 non
2845 5360 3063 5429 tempus
3124 5356 3465 5430 signiﬁcatur.
3498 5358 3659 5413 Sicut

2053 5442 2196 5497 enim
2244 5444 2299 5498 in
2348 5446 2522 5515 gloria
2574 5446 2836 5511 ascendit,
2882 5452 2935 5501 et
2989 5445 3164 5502 nubes
3210 5445 3449 5517 suscepit
3525 5460 3655 5499 eum

2048 5531 2194 5602 (Act.
2219 5546 2256 5596 ι,
2291 5533 2366 5602 9),
2397 5533 2476 5588 sic
2530 5532 2660 5589 olim
2691 5533 2963 5591 videbunt
3008 5534 3221 5591 Filium
3249 5535 3495 5592 hominis
3553 5548 3656 5589 ve-
