4028 6180
328 331 459 391 I285

315 455 573 510 nientem
601 450 665 504 in
692 447 931 506 nubibus
958 447 1086 504 caeli
1098 463 1226 504 cum
1254 447 1470 504 virtute
1495 445 1684 502 multa
1699 448 1756 502 et
1776 461 1900 500 ma-

307 541 521 613 jestate
549 537 749 609 (Matth
774 552 933 607 xxiv,
965 537 1079 608 30).
1113 535 1220 591 Sed
1250 534 1379 607 quid
1408 533 1479 592 de
1498 535 1606 591 illa
1643 533 1906 592 determi-

319 630 502 684 nanda
537 626 871 698 laboremus,
908 625 980 681 de
1005 638 1114 696 qua
1150 640 1313 682 nemo
1345 625 1472 694 scit,
1506 638 1683 696 neque
1719 622 1911 695 angeli

320 718 611 787 caelorum,
641 715 758 772 nisi
783 715 934 772 solus
963 715 1136 769 Pater
1186 711 1349 785 (Ibid.
1382 712 1497 783 36).

392 803 572 863 Festo.
601 804 802 861 Jerem.
837 818 1004 871 xxxx,
1043 807 1100 872 8,
1160 801 1252 857 ubi
1304 800 1664 874 Septuaginta
1705 797 1909 854 addunt

323 893 370 948 ἐν
397 894 542 968 ἑορτῇ
567 892 754 957 Φασὲκ,
785 894 847 951 in
867 892 1234 950 solemnitate
1279 890 1476 957 Phase,
1506 904 1606 944 seu
1635 887 1905 954 Paschae;

321 999 441 1056 quae
459 995 627 1040 voces
646 982 701 1036 in
724 982 950 1038 Hebraeo
975 988 1141 1051 textu,
1161 989 1216 1036 et
1233 978 1301 1033 ab
1321 978 1573 1036 omnibus
1593 975 1714 1032 aliis
1753 975 1906 1032 Grae-

318 1071 398 1128 cis
427 1070 511 1141 (ut
539 1077 690 1127 notat
729 1071 846 1141 ipse
875 1071 934 1127 S.
977 1070 1130 1127 Hier.
1167 1069 1378 1127 Comm.
1409 1068 1474 1122 in
1503 1068 1689 1124 Jerem
1727 1065 1784 1122 h.
1820 1063 1904 1136 ι.)

322 1157 538 1216 ιωι
575 1158 907 1232 proindeque
937 1160 1108 1215 etiam
1153 1157 1209 1212 in
1241 1156 1478 1228 Vulgata
1506 1163 1691 1212 nostra
1718 1153 1907 1211 Latina
1963 1189 1966 1194 -

313 1247 531 1315 absunt,
561 1263 741 1319 neque
767 1247 932 1305 etiam
961 1247 1072 1304 ulla
1097 1247 1306 1315 Esdrze,
1338 1256 1434 1302 aut
1474 1243 1768 1311 Nehemiae,
1819 1246 1903 1298 at-

315 1335 548 1394 teriusve
576 1335 871 1408 Scriptoris
899 1336 1044 1394 sacri
1075 1335 1389 1392 testimonio
1415 1343 1646 1401 constat,
1676 1333 1904 1388 Judaeos

312 1440 378 1480 ex
424 1425 744 1497 captivitate
792 1423 1124 1498 Babylonica
1196 1430 1258 1478 ut
1314 1423 1448 1479 olim
1505 1439 1583 1478 ex
1642 1421 1904 1478 servitute

311 1512 561 1585 Egypti,
592 1513 647 1567 in
678 1512 818 1568 festo
839 1514 1055 1568 Paschte
1077 1526 1327 1568 reversos
1356 1511 1522 1568 fuisse
1548 1528 1563 1582 ;
1585 1511 1654 1566 de
1675 1525 1780 1582 quo
1829 1511 1906 1563 ta-

315 1616 440 1656 men
493 1600 748 1658 redituex
804 1599 1085 1673 Babylone
1122 1599 1212 1656 hic
1255 1598 1507 1656 Jeremiae
1559 1613 1740 1654 sermo
1800 1603 1902 1654 est.

1167 321 1493 383 APPENDIX
1537 323 1600 383 V.
1640 351 1708 366 —
1740 321 1801 380 ι).
1835 321 2218 386 CORBINIANI
2245 323 2489 387 ΤΗΟΜᾹΞ
2526 328 2762 389 ADNO'I‘.

3466 338 3605 400 1286

2016 447 2260 516 tinentia,
2290 464 2552 516 JBJUNIIS,
2599 451 3018 527 exorcismisque
3066 466 3385 528 purgantur.
3420 479 3446 513 n
3494 471 3600 520 etc.

2017 535 2121 590 Sed
2141 547 2192 591 et
2225 538 2386 594 Cone.
2411 540 2674 610 Carthag.
2725 557 2802 607 ιγ,
2833 557 2948 598 can.
2989 548 3056 600 85
3082 587 3095 611 ,
3128 547 3346 604 statuit:
3408 569 3434 602 ι
3464 552 3602 623 Bap-

2018 623 2216 681 tizandi
2245 625 2335 680 diu
2375 627 2697 684 abstinentia
2724 630 2834 686 vini
2865 640 2917 686 et
2968 633 3205 689 carnium
3231 678 3247 706 ,
3303 646 3358 693 et
3410 657 3600 696 manus

2015 711 2358 784 impositione
2434 716 2623 772 crebra
2691 720 3022 788 examinati,
3073 723 3397 795 baptismum
3463 729 3602 785 reci-

2017 803 2182 875 piant.
2217 824 2240 858 ›
2289 805 2500 874 Quanto
2537 809 2682 864 enim
2713 825 2933 884 corpus,
2961 815 3186 884 jejuniis
3243 823 3600 888 attenuatum,

2015 893 2188 967 magis
2214 896 2624 968 constringitur,
2658 906 2804 956 tanto
2850 900 3027 957 anima
3072 903 3301 976 amplius
3348 906 3602 964 dilatatur

2017 981 2374 1054 capaciorque
2422 986 2619 1056 evadit,
2671 987 2738 1043 ad
2765 989 2993 1062 gratiam
3031 989 3285 1064 baptismi
3312 1009 3377 1052 eo
3407 997 3600 1068 copio-

2013 1071 2129 1127 sius
2157 1071 2537 1143 recipiendam.

2089 1164 2629 1223 Geniculationibus.
2641 1167 3095 1228 Ceniculationes
3109 1183 3254 1244 sunt,
3274 1189 3410 1246 quas
3425 1175 3602 1233 Graeci

2009 1251 2317 1324 γονυπετείας
2381 1253 2463 1309 vel
2525 1255 2846 1327 γονυκλισίας,
2898 1259 3318 1330 genuﬂexiones
3343 1306 3358 1334 ,
3412 1266 3604 1336 appel-

2013 1339 2172 1410 lant,
2236 1342 2352 1412 jam
2414 1343 2805 1418 antiquissimis
2859 1349 3188 1419 temporibus
3245 1352 3301 1408 in
3357 1354 3604 1412 oratione

2009 1425 2256 1486 adhiberi
2283 1431 2473 1488 solitae.
2509 1432 2662 1492 Unde
2691 1435 2745 1491 in
2801 1435 2892 1492 lib.
2925 1436 2992 1495 de
3054 1439 3176 1496 Cor.
3224 1442 3402 1498 milit.
3450 1459 3502 1500 c.
3544 1447 3599 1500 3.

2008 1520 2206 1576 Noster
2230 1522 2298 1578 de
2347 1525 2634 1594 geniculis
2672 1527 2909 1584 adorare
2964 1527 3110 1586 dicit.
3148 1529 3214 1583 Et
3268 1531 3321 1585 in
3373 1532 3466 1589 lib.
3527 1534 3602 1591 ad

2011 1610 2240 1683 Scapul.
2281 1627 2328 1668 c.
2360 1615 2414 1679 ὅ,
2456 1613 2532 1668 ait
2562 1633 2576 1683 ;
2613 1634 2636 1666 ι
2673 1615 2900 1684 Quando
2942 1631 3052 1673 non
3091 1619 3596 1692 geniculationibus,

312 1687 492 1754 Quare
524 1687 657 1745 illud
682 1704 788 1745 LXX
840 1689 1044 1745 Senum
1072 1688 1500 1743 additamentum
1529 1687 1704 1743 εοῘιιῐη
1753 1701 1906 1758 mys-
1938 1767 1974 1772 _
2011 1707 2064 1756 et
2100 1700 2533 1770 jejunationibus
2569 1705 2787 1772 nostris,
2827 1707 2990 1762 etiam
3017 1687 3288 1765 siccitates
3333 1719 3461 1768 sunt
3499 1687 3596 1768 de;

315 1777 436 1833 ticae
524 1778 810 1848 cujusdam
880 1775 1290 1850 signiﬁcationis
1365 1777 1539 1847 gratia
1613 1775 1908 1833 accessisse
1938 1767 1984 1844 Β
2016 1767 2231 1859 purgas?
2259 1798 2363 1846 εις,

312 1866 554 1934 videtur,
602 1865 658 1920 in
703 1864 902 1922 Christi
956 1866 1142 1938 utique
1167 1865 1430 1921 Puschate
1497 1865 1554 1923 et
1643 1863 1903 1920 Passione

311 1953 666 2022 veriticatum,
694 1964 796 2010 etc.

384 2045 600 2099 Festus.
631 2041 787 2098 Dicta
814 2041 962 2099 enim
1001 2039 1100 2097 fuit
1132 2042 1490 2099 Soneum'ras
1523 2041 1902 2097 Hunnorum-

311 2145 450 2197 nnu,
490 2138 551 2188 ut
578 2146 741 2201 supra
779 2141 890 2188 not.
917 2133 1266 2189 Pentecoste.

383 2219 543 2292 Niltil
560 2222 757 2291 refert.
789 2220 1026 2290 Tempus
1056 2219 1202 2274 enim
1239 2219 1458 2276 effectui
1487 2217 1757 2290 baptismi,
1807 2229 1902 2272 seu

307 2310 533 2382 gratim,
568 2307 700 2363 nihil
727 2307 895 2375 addit,
941 2307 1081 2364 nihil
1110 2308 1298 2376 demit,
1339 2323 1521 2379 neque
1551 2306 1670 2380 plus
1707 2303 1898 2377 gratiae

306 2396 644 2468 adipiscitur,
683 2396 776 2468 qui
835 2397 890 2452 in
973 2397 1060 2453 die
1118 2396 1276 2469 festo,
1326 2413 1487 2470 quam
1572 2410 1897 2467 quocunque

305 2487 439 2553 alio,
485 2484 814 2554 baptismum
842 2485 1216 2556 consequitur.
1256 2504 1282 2536 α
1313 2485 1554 2556 Tempus
1595 2481 1739 2539 aliud
1796 2481 1895 2537 alii

305 2573 773 2630 accommodatum
808 2591 822 2629 :
854 2573 1031 2629 somni
1106 2573 1403 2644 pr0prium,
1473 2571 1624 2627 aliud
1673 2570 1895 2641 vigiliae,

304 2661 438 2719 belli
465 2662 599 2717 item
634 2670 687 2716 et
714 2662 884 2732 pacis.
916 2661 1180 2734 Baptismi
1241 2669 1454 2732 tempus
1505 2666 1619 2714 tota
1663 2659 1899 2742 hominis

304 2753 417 2811 vita
445 2758 549 2819 est,
574 2771 598 2802 ι
633 2750 708 2806 ait
736 2749 792 2809 S.
822 2749 1011 2818 Basil.,
1032 2750 1179 2805 hom.
1239 2753 1327 2816 13,
1359 2749 1428 2806 de
1457 2748 1762 2805 Exhortat.
1823 2747 1897 2803 ad

307 2842 464 2916 bapt.

804 2979 962 3036 Notae
989 2976 1064 3034 ad
1099 2977 1283 3050 Caput
1312 2977 1420 3034 XX.

385 3102 618 3161 Crebris.
675 3100 864 3159 Adulti
920 3101 1133 3159 nonnisi
1158 3107 1288 3158 tunc
1335 3101 1552 3156 demum
1581 3099 1764 3171 (extra
1793 3113 1891 3156 ca-

307 3207 429 3248 sum
467 3191 674 3248 scilicet
729 3192 974 3267 urgentis
1029 3189 1387 3262 necessitatis)
1442 3190 1510 3245 ad
1564 3188 1888 3261 baptismum

306 3280 740 3347 admittebantur,
804 3297 926 3336 cum
983 3289 1142 3337 antea
1192 3296 1287 3351 per
1325 3277 1474 3336 varia
1527 3279 1763 3349 pietatis,
1829 3293 1894 3334 ac

308 3370 576 3442 praecipue
602 3369 945 3442 pmnitentiae
973 3385 1153 3440 opera,
1202 3370 1262 3423 in
1290 3369 1738 3426 catechumenatu
1787 3381 1890 3426 suo

307 3459 445 3530 (erat
467 3461 567 3516 hoc
599 3464 810 3529 tempus
839 3457 1198 3529 probationis,
1227 3474 1290 3514 ac
1315 3457 1465 3514 velut
1494 3457 1718 3528 quidam
1767 3467 1892 3513 ante

305 3547 630 3620 baptismum
657 3546 966 3618 novitiatus)
1008 3563 1070 3602 se
1115 3546 1311 3618 dignos
1355 3546 1564 3604 caelesti
1615 3547 1718 3602 hoc
1765 3563 1891 3602 mu-

303 3653 435 3695 nere
491 3637 886 3705 exhibuissent,
919 3652 1127 3694 necnon
1156 3636 1356 3692 futurae
1412 3651 1526 3692 suae
1560 3637 1613 3690 in
1669 3642 1892 3707 accepta

300 3725 474 3784 semel
491 3727 661 3800 gratia
688 3724 1108 3796 perseverantiae
1137 3739 1390 3796 magnam
1420 3739 1575 3795 spem
1605 3723 1886 3780 fecissent.

299 3815 381 3872 De
409 3813 811 3870 catechumenis
863 3823 1072 3879 autem,
1116 3828 1417 3886 eorumque
1469 3813 1735 3870 classibus
1777 3814 1886 3884 jam

301 3902 356 3958 in
394 3904 454 3958 L.
484 3901 551 3958 de
578 3903 844 3971 Praesen,
876 3915 999 3972 cap.
1032 3901 1124 3970 41,
1155 3902 1414 3967 diximus,
1443 3917 1567 3973 qua:
1597 3902 1684 3957 hic
1715 3918 1885 3972 repe-

301 3995 416 4045 tere
462 4003 572 4045 non
599 3994 777 4046 vacat.
809 3986 1024 4043 Licebat
1065 3996 1247 4044 autem
1304 3990 1704 4046 catechumenis
1750 3991 1888 4048 intra

298 4075 624 4144 Ecclesium,
675 4093 738 4131 ac
792 4091 912 4132 cum
954 4075 1176 4145 reliquis
1223 4092 1407 4142 orare,
1471 4077 1652 4148 ibique
1706 4094 1888 4134 coram

299 4165 416 4220 Deo
454 4180 611 4220 suum
640 4163 893 4234 baptismi
920 4164 1157 4236 ﬂagrans
1201 4164 1533 4219 desiderium
1583 4165 1880 4233 explicare,

300 4261 406 4310 etc.
447 4255 587 4310 Tum
618 4268 744 4310 vero
773 4252 1185 4307 dimittebantur
1221 4268 1286 4309 ex
1324 4252 1584 4321 Ecclesia,
1634 4252 1882 4326 diacono,

299 4355 358 4400 ut
385 4345 442 4400 in
470 4345 566 4400 lib.
609 4359 714 4401 vm
747 4343 987 4403 Constit.
1042 4344 1231 4414 Apost.
1280 4358 1330 4398 c.
1381 4345 1414 4397 5
1470 4341 1721 4412 (quarum
1772 4359 1882 4400 non

299 4435 358 4491 S.
389 4434 660 4500 Clemens,
711 4443 767 4489 at
796 4443 975 4488 tamen
1026 4431 1170 4487 alius
1233 4431 1644 4504 antiquissimus
1696 4441 1881 4490 auctor

294 4524 404 4596 est)
419 4525 750 4596 perhibetur,
791 4537 892 4595 pro
921 4519 1057 4593 ipsis
1085 4523 1255 4578 Deum
1287 4529 1481 4579 orante
1513 4539 1528 4577 :
1558 4537 1583 4576 ς
1610 4522 1878 4582 Dominus

298 4613 588 4672 clementer
615 4611 862 4669 exaudiat
889 4609 1286 4669 obsecrationes
1309 4620 1361 4668 et
1390 4627 1578 4683 preces
1611 4612 1880 4684 ipsorum,

296 4711 349 4759 et
379 4702 644 4774 recipiens
689 4715 876 4758 eorum
925 4700 1350 4771 supplicationes
1401 4700 1600 4757 tribuat
1651 4700 1728 4757 eis
1783 4716 1884 4756 au-

295 4791 504 4856 xilium,
532 4800 586 4846 et
611 4791 876 4848 concedat
921 4789 1240 4861 petitionem
1280 4790 1465 4847 cordis
1513 4789 1756 4862 ipsorum
1813 4789 1882 4846 ad

295 4880 607 4947 utilitatem,
643 4901 666 4932 ι
702 4888 804 4936 etc.

367 4970 631 5043 Jejuniis.
686 4970 764 5024 Ita
809 4983 996 5024 rursus
1049 4976 1241 5025 auctor
1299 4970 1604 5028 Constitui.
1662 4971 1877 5042 Apost.,

291 5059 330 5114 l.
361 5073 465 5127 vn,
494 5061 563 5116 23
601 5057 809 5114 habet:
839 5078 864 5109 ι
913 5057 1052 5111 Ante
1100 5057 1428 5129 baptismum
1474 5059 1739 5123 JEJUNB'I‘,
1787 5057 1880 5129 qui

290 5141 644 5214 baptizandus
655 5151 758 5211 est,
780 5163 802 5193 ι
818 5144 888 5198 Ει
908 5143 1080 5203 infra:
1106 5167 1128 5197 ς
1149 5144 1254 5212 Qui
1273 5161 1404 5203 vero
1425 5146 1478 5200 in
1492 5149 1611 5216 ejus
1632 5144 1878 5219 (Christi)

289 5239 522 5288 mortem
583 5230 822 5288 initiatur
862 5233 1334 5306 (consepeliendus
1371 5235 1420 5290 ei
1459 5234 1516 5288 in
1582 5236 1873 5307 baptismo)

291 5321 523 5392 primum
565 5321 847 5378 Iaruman
893 5323 1070 5390 debet,
1125 5331 1177 5379 et
1206 5331 1400 5392 postea
1437 5323 1716 5394 baptizari.
1751 5345 1778 5376 »
1813 5325 1878 5381 Et

293 5410 352 5466 S.
383 5410 533 5484 Aug.
565 5412 620 5468 in
651 5410 746 5468 lib.
777 5412 842 5469 de
868 5411 1001 5470 Fide
1027 5416 1082 5470 et
1111 5429 1287 5485 oper.,
1326 5428 1375 5468 c.
1409 5416 1464 5479 6,
1516 5411 1590 5468 ait
1621 5429 1634 5470 :
1671 5434 1693 5463 σι
1740 5411 1870 5468 Sine

289 5499 456 5557 dubio
510 5500 583 5558 ad
636 5500 962 5573 baptismum
1015 5515 1125 5558 non
1191 5499 1616 5570 admitterentur,
1665 5499 1712 5555 si
1773 5515 1876 5572 per

290 5586 438 5659 ipsos
464 5588 599 5657 dies,
627 5590 849 5662 quibus,
874 5589 1122 5647 eamdem
1143 5589 1370 5663 gratim
1397 5585 1719 5662 percepturi,
1742 5589 1872 5646 abs-

2080 1879 2172 1933 Est
2199 1894 2332 1952 ergo
2367 1881 2712 1952 geniculatio
2740 1881 2957 1955 signum
2982 1890 3331 1953 reverentiae,
3361 1887 3600 1946 submis-

2007 1968 2202 2038 sionis,
2235 1979 2328 2023 aut
2357 1971 2745 2039 adorationis;
2774 1981 2936 2044 atque
2985 1973 3064 2030 sic
3112 1976 3172 2032 S.
3222 1977 3466 2042 Parens,
3505 1993 3598 2033 re-

2009 2056 2365 2112 suscitaturus
2411 2058 2714 2129 Tabitham,
2747 2078 2960 2134 ponens
3004 2081 3190 2136 genua
3235 2069 3438 2138 oravit,
3480 2070 3596 2124 Act.

2010 2158 2084 2211 IX,
2127 2147 2215 2202 40.
2255 2146 2311 2201 S.
2363 2145 2598 2213 PAULus,
2642 2149 2824 2206 Mileto
2857 2151 3215 2220 discessurus,
3262 2158 3462 2227 positis
3504 2173 3598 2228 ge-

2009 2232 2172 2290 nibus
2219 2237 2400 2292 oravit
2454 2253 2585 2294 cum
2634 2239 2912 2313 omnibus,
2967 2248 3066 2296 etc.
3128 2243 3270 2312 (Act.
3331 2259 3434 2315 xx,
3481 2246 3596 2316 36).

2010 2321 2268 2393 Idemque
2304 2323 2358 2378 in
2415 2327 2516 2396 Ep.
2573 2324 2647 2381 ad
2693 2327 2892 2399 Ephes.
2941 2345 3021 2395 nr,
3085 2332 3172 2399 14,
3227 2333 3300 2387 ait
3345 2351 3358 2387 :
3422 2332 3598 2405 Huius

2011 2411 2097 2466 rei
2139 2413 2329 2482 gratia
2372 2410 2531 2468 ﬂecto
2577 2429 2754 2484 genua
2801 2432 2930 2471 mea
2973 2417 3046 2472 ad
3095 2421 3325 2478 Patrem
3372 2423 3600 2478 Domini

2007 2499 2193 2555 nostri
2240 2501 2369 2557 Iesu
2438 2499 2666 2558 Christi.
2728 2501 2870 2571 Quin
2916 2513 2970 2560 et
3022 2505 3076 2560 in
3129 2506 3302 2564 Veteri
3359 2509 3596 2567 Testem.

2006 2587 2148 2642 inter
2204 2587 2482 2643 orationes
2535 2589 2890 2648 ﬂectebantur
2935 2611 3130 2668 genua.
3188 2597 3321 2652 Nam
3379 2605 3432 2653 et
3487 2599 3596 2655 SA-

2007 2692 2198 2733 LOMON
2246 2675 2300 2731 in
2348 2677 2687 2733 dedicatione
2715 2680 2902 2750 templi
2957 2683 3219 2753 prolixam
3267 2685 3416 2740 illam
3461 2704 3594 2743 ora-

2005 2766 2202 2820 tionem
2252 2765 2325 2820 Hl
2367 2767 2501 2836 Reg.
2548 2771 2602 2832 8,
2653 2783 2935 2839 peragens,
2986 2775 3296 2844 utrumque
3337 2790 3487 2846 genu
3531 2779 3595 2833 in

2009 2859 2226 2910 terram
2271 2854 2481 2924 ﬁxerat
2514 2855 2610 2924 (Ib.
2651 2856 2763 2927 54).
2795 2857 2861 2911 Et
2892 2859 3124 2927 Damam,
3163 2877 3240 2926 vr,
3273 2862 3359 2929 10,
3415 2864 3593 2923 Orans

2007 2943 2266 3013 ﬂectebat
2309 2959 2490 3015 genua
2520 2961 2648 3012 sua,
2679 2951 2734 3002 et
2776 2944 3064 3015 adorabat,
3113 2950 3594 3027 conﬁtebaturque

1924 3047 1967 3127 ο
1996 3049 2187 3091 coram
2233 3035 2341 3088 Deo
2375 3048 2494 3099 suo,
2525 3035 2684 3127 sicut
2711 3038 2768 3090 et
2814 3039 2951 3093 ante
2982 3039 3170 3108 facere
3204 3048 3572 3100 consueverat

2003 3121 2092 3177 Sic
2119 3127 2174 3176 et
2233 3121 2473 3176 EsnnAs.
2515 3119 2616 3192 (vr,
2653 3123 2710 3191 5)
2743 3123 2811 3178 de
2864 3139 2921 3179 se
2949 3123 3068 3195 ipso
3113 3127 3243 3183 dicit
3283 3146 3296 3185 :
3350 3129 3592 3188 Curuavi

1999 3228 2180 3284 genua
2200 3227 2346 3281 mea,
2378 3215 2434 3268 et
2473 3211 2717 3283 expandi
2745 3229 2951 3270 manus
2968 3231 3123 3273 meas
3151 3217 3223 3274 ad
3264 3220 3589 3279 Dominum.

2001 3299 2096 3355 Sic
2123 3305 2175 3354 et
2204 3297 2283 3353 illi
2311 3297 2365 3352 in
2401 3299 2558 3355 Novo
2586 3300 2826 3358 Testam.
2877 3303 2970 3373 qui
3009 3305 3238 3376 gratiam
3289 3308 3587 3365 sanationis

1999 3387 2221 3460 petituri
2251 3389 2319 3442 ad
2349 3388 2623 3444 Christum
2674 3387 2900 3446 I202
2937 3392 3276 3464 accedebant,
3301 3396 3612 3467 genuﬂexu’

2001 3477 2282 3548 rogabant,
2313 3487 2372 3532 ut
2402 3476 2612 3546 Matth,
2643 3493 2786 3535 xvu.
2808 3479 2894 3547 40,
2923 3480 3164 3537 Accessit
3186 3481 3260 3538 ad
3275 3499 3407 3539 eum
3427 3485 3588 3545 homo

1999 3571 2276 3638 γονυπετῶν
2307 3568 2463 3640 αὐτῷ,
2493 3567 2746 3638 gentibus
2771 3568 3084 3638 provolutus
3122 3575 3258 3627 ante
3300 3588 3448 3640 eum,
3480 3583 3582 3630 etc.

2003 3655 2241 3712 EtMarci
2263 3656 2326 3727 (1,
2349 3656 2460 3727 40),
2479 3657 2723 3712 Accessit
2742 3655 2816 3712 ad
2829 3673 2960 3714 eum
2981 3658 3244 3730 leprosus,
3276 3660 3588 3735 deprecans

2004 3761 2155 3811 eum,
2195 3751 2249 3801 et
2276 3751 2548 3816 γονυπετῶν
2573 3744 2734 3812 αὐτὸν,
2757 3762 2895 3818 genu
2926 3744 3086 3817 ﬂexo,
3109 3747 3262 3804 dixit
3290 3751 3359 3816 ei,
3394 3758 3499 3805 etc.
3518 3749 3586 3805 Et

1999 3833 2075 3888 sic
2103 3832 2198 3887 alii
2225 3831 2376 3888 alibi.
2411 3831 2555 3902 Quid
2573 3848 2724 3900 vero,
2754 3835 2900 3905 quod
2921 3833 3167 3892 Christus
3191 3835 3308 3906 ipse
3330 3837 3384 3892 in
3405 3843 3588 3894 monte

1996 3920 2190 3979 Oliveti
2233 3922 2384 3994 (Luc.
2441 3937 2565 3979 xm
2587 3965 2601 3989 ,
2661 3922 2753 3995 41)
2807 3923 2899 3984 θεὶς
2943 3922 3008 3978 τὰ
3053 3925 3234 3997 γόνατα
3272 3927 3590 4000 προσηύχετο,

1991 4015 2188 4085 positis
2214 4011 2444 4085 genibus
2466 4013 2706 4070 orabat?
2731 4014 2802 4069 Et
2827 4012 2916 4069 hic
2942 4023 3043 4083 est,
3065 4029 3228 4086 quem
3258 4014 3405 4070 Deus
3427 4013 3590 4071 exal-

2001 4102 2212 4158 tavit...
2242 4106 2308 4157 ut
2353 4104 2418 4158 in
2459 4103 2694 4157 Nomine
2735 4101 2858 4157 Jesu
2904 4104 2998 4155 πᾶν
3048 4103 3162 4173 γόνυ
3199 4100 3390 4173 tanta,
3421 4118 3588 4160 omne

2059 4204 2139 4244 nu
2166 4189 2458 4257 ﬂectatur,
2487 4195 2592 4242 etc.
2625 4189 2930 4260 (Philipp.,
2961 4188 3029 4251 II,
3071 4188 3183 4256 10).

2030 4203 2058 4244 ϐ

1919 4227 1965 4304 D
1995 4205 2139 4258 genu
2166 4205 2458 4257 natatur,
2487 4205 2592 4242 etc.
2625 4205 2930 4260 (rnmpp.,
2961 4205 3029 4251 ιι,
3071 4205 3183 4256 au).

2067 4275 2293 4330 Maxime
2334 4275 2496 4347 igitur
2547 4276 2843 4345 convenit,
2891 4273 3055 4329 etiam
3119 4273 3470 4344 baptizandos
3526 4275 3582 4333 in

1997 4377 2171 4433 genua
2219 4362 2589 4432 procumbere.
2620 4369 2674 4416 et
2708 4361 2883 4416 Deum
2913 4377 3067 4416 orare
3097 4377 3195 4432 pro
3233 4371 3338 4417 tam
3385 4361 3584 4420 illustri

1988 4455 2131 4510 dono
2163 4496 2179 4525 ,
2230 4469 2328 4522 per
2373 4451 2554 4524 quod,
2612 4467 2733 4506 cum
2781 4458 2938 4507 antea
2995 4452 3046 4505 in
3106 4459 3380 4521 peccatum
3441 4452 3583 4525 lapsi

1992 4541 2239 4610 fuissent,
2278 4542 2458 4598 denuo
2513 4540 2786 4613 erigantur
2844 4539 2912 4595 ad
2957 4539 3220 4606 salutem;
3270 4557 3490 4613 nempe,
3521 4549 3581 4600 ut

1993 4639 2180 4689 auctor
2221 4633 2324 4702 QQ.
2356 4631 2428 4688 ad
2461 4630 2764 4689 Orthodox.
2795 4629 2850 4685 in
2907 4631 3068 4703 Resp.
3102 4630 3175 4687 ad
3206 4631 3265 4699 Q.
3297 4635 3421 4699 115,
3458 4633 3532 4688 ait
3563 4646 3580 4686 :

1991 4721 2275 4776 Γονυχλισία
2301 4721 2551 4794 σύμϐολόν
2580 4720 2680 4774 ἐστι
2696 4724 2782 4788 τῆς
2810 4718 2859 4772 ἐν
2899 4722 3005 4778 ταῖς
3052 4718 3304 4792 ἁμαρτίαις
3321 4724 3577 4789 πτώσεως,

1998 4813 2255 4870 Genuum
2274 4812 2448 4881 ﬂexio
2468 4812 2692 4881 signum
2716 4813 2804 4864 est
2836 4807 3024 4879 lapsus
3073 4809 3138 4864 in
3163 4813 3416 4880 peccata.

2057 4902 2392 4975 Pervigiliis.
2409 4895 3000 4972 Pervigilium,Graecis
3016 4897 3582 4970 παννυχισμὸς,ρτορι·ἱθ

1990 4991 2286 5062 loquendo,
2316 4997 2398 5044 est
2426 4988 2643 5060 longius
2669 4989 2888 5052 durans,
2909 5003 2970 5042 ac
3002 5002 3098 5058 per
3138 4993 3305 5042 totam
3337 4995 3576 5057 noctem,
3601 5045 3618 5058 κ

1985 5081 2068 5135 vel
2101 5080 2290 5135 saltem
2321 5093 2568 5149 magnam
2599 5079 2715 5147 ejus
2755 5083 2982 5146 partem,
3029 5086 3302 5145 protracta
3355 5074 3574 5147 vigilia;

1985 5185 2107 5226 cum
2145 5169 2280 5224 alias
2319 5169 2513 5240 vigilia
2553 5164 2866 5238 simpliciter
2891 5164 3050 5231 dicta,
3110 5164 3179 5220 sit
3205 5163 3380 5221 somni
3418 5165 3577 5220 etiam

1986 5274 2081 5329 per
2109 5256 2322 5316 brevius
2349 5265 2561 5327 tempus
2608 5254 2899 5326 repressio.
2945 5252 3240 5326 Utriusque
3283 5252 3575 5310 discrimen

1984 5359 2228 5404 accurate
2259 5345 2754 5413 notavitMartialis,
2789 5345 2828 5404 ι.
2858 5362 2910 5411 ν,
2941 5344 3086 5416 epig.
3107 5346 3178 5399 '70
3210 5361 3227 5399 :

2162 5479 2296 5534 Nam
2325 5478 2559 5552 vigilare
2584 5477 2704 5533 leve
2723 5481 2838 5543 est,
2859 5472 3199 5548 pervigilare
3230 5485 3417 5542 grave.

1984 5585 2144 5642 Unde
2168 5593 2222 5643 et
2247 5585 2478 5655 Arnob.,
2508 5583 2546 5639 ι.
2580 5598 2638 5640 tv
2673 5583 2888 5648 Instit.,
2928 5576 3101 5649 inquit
3129 5596 3143 5635 :
3194 5575 3398 5646 Quibus
3425 5590 3567 5632 san-
