4050 6168
458 240 594 299 1287

1556 234 1641 292 AD
1681 233 1975 297 GENUINA
2009 230 2457 298 TBRTULLIANI
2494 241 2709 300 OPERA

3610 252 3750 312 1283

470 370 567 424 cta
594 366 700 421 illa
723 364 1019 437 pervigilia
1048 365 1371 420 consecrata
1396 364 1532 419 sunt
1560 364 1617 419 et
1654 361 2061 434 Pannychismi
2085 372 2132 451 Α
2174 364 2495 420 credebatur
2514 365 2683 422 fuisse
2703 368 2760 422 S.
2780 367 3162 444 Hieronymus)
3185 373 3468 430 Sermonis
3487 376 3549 430 in
3593 378 3749 432 Psal.

458 470 671 526 graves,
710 474 734 503 ι
775 464 876 509 etc.

522 598 740 653 Minime
796 606 978 654 autem
1008 599 1094 652 hic
1134 597 1293 653 nobis
1341 613 1520 653 sermo
1550 606 1629 653 est
1656 597 1721 653 de
1768 596 2050 670 gentilium

448 687 777 761 pervigiliis,
799 688 867 743 de
897 688 1094 759 quibus
1123 688 1234 742 Cic.
1270 687 1306 742 l.
1340 703 1381 741 II
1425 687 1492 744 de
1512 690 1634 752 LL.,
1667 688 1776 740 ait:
1814 709 1835 737 α
1871 687 2051 741 Novos

449 778 601 844 deos,
648 778 780 837 etin
822 777 905 832 his
934 776 1172 832 colendis
1198 778 1677 849 pervigilationes,
1726 776 1792 831 sit.
1841 776 2051 832 Aristo-

442 868 650 937 phanes
670 875 854 933 vexat,
877 887 896 914 »
929 873 1031 922 etc.
1054 867 1135 921 De
1158 866 1240 919 his
1264 867 1419 921 etiam
1442 867 1654 922 Tacitus
1683 866 1742 937 (Ι.
1771 884 1801 921 v
1840 867 2046 923 Annal.

461 971 515 1012 c.
557 956 649 1027 44)
676 956 917 1027 loquitur
947 972 960 1009 :
1024 972 1046 1006 ε
1080 954 1430 1009 Lectisternia
1475 962 1525 1009 et
1574 956 1871 1027 pervigilia
1902 956 2047 1009 cele’-

446 1045 676 1099 bravere
712 1042 955 1108 feminae,
989 1043 1185 1113 quibus
1239 1045 1419 1098 mariti
1466 1050 1637 1098 erant.
1673 1062 1701 1093 »
1734 1044 1840 1098 Sed
1877 1058 2047 1117 apage

446 1135 572 1203 ista,
608 1150 731 1189 cum
762 1132 1011 1187 maximis
1031 1134 1347 1204 plerumque
1366 1133 1787 1188 obscenitatibus
1822 1133 2048 1201 conjun-

449 1220 574 1276 ctal
627 1222 782 1277 nobis
832 1221 975 1276 enim
1028 1222 1105 1276 de
1148 1221 1306 1292 longe
1343 1221 1697 1277 sanctioribus
1748 1220 2046 1293 pervigiliis

449 1309 721 1382 agendum
752 1316 854 1374 est,
889 1310 1003 1381 jam
1031 1308 1086 1362 in
1119 1309 1290 1381 prima
1328 1308 1593 1378 Ecclesia,
1628 1317 1683 1363 ut
1712 1310 1839 1364 satis
1868 1311 1953 1364 vel
1981 1325 2046 1364 ex

447 1396 571 1469 ipso
604 1398 934 1454 Tertulliano
958 1405 1147 1454 nostro
1177 1397 1455 1465 discimus,
1481 1399 1852 1469 frequentatis.
1884 1399 2045 1454 Erant

451 1496 629 1542 autem
674 1489 791 1544 haec
816 1488 1114 1560 pervigilia
1152 1490 1245 1543 aut
1284 1487 1533 1559 publica,
1573 1503 1694 1558 quae
1720 1488 1786 1542 ab
1836 1487 2042 1560 integro

446 1577 740 1647 cujuslibet
772 1579 1029 1634 Ecclesiae
1054 1588 1215 1643 caatu,
1248 1586 1340 1632 aut
1367 1579 1610 1649 privata,
1643 1594 1765 1648 quae
1792 1593 1826 1632 a
1856 1579 2041 1649 singu-

444 1665 511 1722 lis
541 1668 691 1722 domi
723 1684 836 1722 suae
878 1668 1309 1722 celebrabantur.
1357 1665 1451 1721 llla
1488 1666 1715 1737 singulis
1762 1667 1912 1722 festis
1957 1683 2043 1722 so-

440 1755 813 1823 lemnioribus,
847 1764 1006 1824 atque
1046 1764 1340 1825 martyrum
1377 1755 1860 1820 etiam‘fmemoriis,
1894 1773 2038 1828 prai-

441 1842 817 1898 mittebantur:
854 1843 970 1898 hinc
1016 1843 1156 1897 inter
1186 1842 1394 1913 privata
1459 1843 1835 1913 poenitentium
1882 1859 2044 1915 Opera

440 1942 611 1996 erant,
653 1930 967 2001 prmsertim,
1013 1940 1068 1985 et
1104 1931 1458 2002 frequentius,
1489 1948 1519 1986 a
1548 1933 1881 2002 baptizandis
1911 1949 2039 1989 sus-

442 2019 722 2089 cipienda:
751 2021 894 2075 unde
924 2022 980 2074 S.
1004 2021 1172 2093 Greg.
1196 2021 1325 2075 Naz.
1366 2022 1520 2077 Orat.
1546 2023 1608 2076 in
1640 2023 1694 2078 S.
1720 2026 1947 2080 Lavacr.
1972 2023 2045 2076 ita

445 2111 889 2165 catechumenum
922 2110 1184 2164 instruit:
1242 2130 1265 2161 α
1301 2111 1442 2165 Bona
1490 2110 1585 2165 tibi
1632 2112 1830 2167 auxilia
1889 2119 2047 2167 erunt

450 2197 519 2252 ad
548 2214 610 2253 ea
641 2214 758 2268 qua?
780 2196 1068 2264 desideras,
1102 2199 1509 2268 consequenda,
1548 2198 1767 2270 vigiliae,
1811 2200 2040 2269 jejunia,

446 2288 781 2342 chameuniae
811 2288 981 2354 (humi
1010 2286 1402 2355 dormitiones),
1433 2288 1721 2354 orationes,
1774 2288 2041 2361 lacrymaz,

454 2391 731 2438 aerumnae,
781 2374 1135 2445 indigentium
1167 2374 1443 2443 opitulatio
1478 2417 1490 2441 ,
1526 2396 1552 2426 »
1588 2384 1687 2432 etc.
1737 2379 1911 2449 Atque
1960 2379 2043 2433 his

450 2462 660 2534 vigiliis
689 2461 744 2515 in
773 2462 988 2533 antiqua
1016 2462 1254 2515 Ecclesia
1293 2478 1504 2531 semper
1541 2465 1771 2535 jejunio
1799 2464 2043 2520 innecte-

450 2552 644 2604 bantur
679 2568 693 2616 ;
719 2561 907 2621 postea
955 2556 1155 2612 autem,
1189 2552 1258 2604 oh
1289 2552 1643 2620 subrepentes
1671 2554 1872 2607 abusus
1891 2554 2045 2608 abro-

442 2639 583 2711 gatis
607 2636 826 2709 vigiliis,
861 2652 965 2691 una
992 2652 1113 2693 cum
1144 2637 1261 2693 solo
1290 2638 1600 2694 eorumdem
1630 2640 1867 2706 nomine,
1891 2641 2040 2712 jeju-

441 2726 541 2783 nia
566 2733 771 2782 retenta
797 2725 971 2781 fuere.

518 2854 891 2909 Delictorum.
924 2851 1075 2906 Sicut
1102 2859 1326 2923 peccata
1353 2851 1481 2906 nulli
1511 2852 1789 2908 hominum
1836 2854 1890 2907 in
1938 2855 2036 2909 hac

445 2940 780 3011 providentia
812 2939 1175 3006 remittuntur,
1217 2939 1416 3011 absque
1464 2942 1660 3011 praevia
1715 2957 1899 2997 eorum
1944 2958 2035 3013 per

445 3037 624 3084 actum
674 3029 955 3099 quemdam
1009 3029 1335 3099 poenitentiae
1380 3031 1749 3086 retractatione
1784 3073 1797 3097 ,
1857 3031 1928 3085 ita
1983 3038 2037 3086 et

441 3118 638 3173 adultis
659 3119 725 3172 ad
756 3120 1124 3174 remissionem
1159 3129 1497 3191 peccatorum
1524 3122 1831 3188 actualium,
1872 3138 2034 3193 quam

444 3208 738 3277 baptismus
772 3210 1073 3279 prtestabat,
1105 3210 1349 3282 adeoque
1375 3210 1440 3263 ad
1470 3212 1613 3266 hunc
1669 3212 1844 3282 ipsum
1875 3214 2034 3281 fruc-

451 3299 609 3354 tuose
629 3297 1050 3368 suscipiendum,
1086 3298 1377 3354 necessarii
1414 3308 1563 3354 erant
1617 3310 1771 3355 actus
1816 3302 2033 3371 quidam

454 3386 804 3456 poenitentiae,
838 3396 891 3443 et
918 3389 1133 3460 quidem
1175 3388 1434 3444 exteriori
1474 3389 1703 3460 quodam
1734 3389 1890 3461 signo
1931 3406 2036 3443 ma-

443 3474 702 3542 nifestati,
752 3476 965 3545 publica
994 3477 1241 3533 videlicet
1276 3487 1618 3549 peccatorum
1650 3480 2028 3546 confessione;

438 3563 511 3619 ita
538 3565 680 3618 enim
726 3565 1091 3635 antiquissima
1121 3583 1338 3637 quoquc
1368 3574 1714 3622 monumenta
1751 3576 2029 3623 testantur.

437 3651 528 3707 Sic
549 3655 688 3708 enim
723 3655 783 3708 S.
812 3654 1008 3708 Justin.
1060 3656 1130 3709 Μ.
1164 3658 1223 3710 in
1253 3656 1400 3711 Dial.
1435 3673 1568 3712 cum
1606 3657 1824 3728 Tryph.,
1870 3674 1922 3725 p.
1957 3674 2029 3711 m.

442 3743 567 3810 177,
602 3742 746 3809 dicit,
780 3742 937 3796 etiam
977 3742 1031 3796 in
1063 3744 1284 3813 antiquo
1312 3745 1543 3810 Testam,
1574 3746 1878 3799 ablutiones
1923 3762 2031 3801 non

441 3830 733 3900 profuisse,
778 3829 883 3883 nisi
938 3838 1092 3885 antea
1150 3831 1567 3901 poenitentibus,
1615 3834 1688 3886 ita
1734 3833 2029 3904 inquiens:

435 3918 594 3970 Τοῦτο
628 3915 773 3969 ἐκεῖνο
802 3918 961 3970 πάλαι
1002 3918 1054 3970 τὸ
1094 3920 1331 3989 σωτήριον
1368 3921 1567 3991 λούτρὸν
1602 3916 1659 3989 ἧν
1689 3921 1894 3976 ὂεῖπετο
1930 3928 2031 3986 τοῖς

431 4007 887 4078 μετα-γινώσκουσιν,
919 4007 956 4062 i.
991 4024 1039 4065 e.
1071 4010 1179 4064 Hoc
1217 4009 1364 4064 illud
1382 4010 1519 4067 olim
1567 4012 1823 4070 salutare
1872 4016 2026 4071 lava-

436 4114 600 4154 crum
638 4100 783 4162 erat,
817 4098 961 4170 quod
1003 4098 1446 4170 consequebatur
1479 4116 1569 4158 eos
1606 4101 1699 4172 qui
1754 4104 2027 4173 poeniten-

2164 467 2253 506 χιι
2282 452 2354 508 ad
2386 455 2697 527 Neophytos
2742 456 2899 511 habet
2932 475 2943 509 :
2982 478 3008 510 ι
3068 460 3170 515 Per
3225 476 3444 518 omnem
3499 460 3749 531 Quadra-

2162 541 2418 613 gesimam
2478 555 2800 601 vacaverunt
2857 546 3110 615 orationi,
3184 560 3345 621 atque
3398 552 3638 621 jejuniis,
3694 553 3751 609 in

2160 648 2313 688 sacro
2350 640 2403 687 et
2457 634 2634 689 cinere
2692 634 3045 705 dormierunt,
3079 638 3311 693 futuram
3368 640 3489 711 (per
3534 642 3749 714 baptis-

2159 722 2326 793 mum)
2356 722 2517 778 vitam
2538 734 2877 795 peccatorum
2916 743 3135 782 suorum
3172 728 3515 784 confessione
3558 740 3746 801 peten-

2165 816 2267 866 tes.
2312 834 2333 861 ι
2370 822 2470 869 etc.
2499 812 2677 885 Atque
2695 814 2765 868 ita
2793 831 3008 886 quoque
3039 826 3387 887 praeparatum
3424 820 3747 876 Constanti-

2166 917 2306 956 num
2335 904 2403 956 M.
2430 904 2568 975 imp.
2593 903 2662 957 ad
2691 904 2957 973 baptisma
2987 904 3393 977 suscipiendum
3426 909 3744 975 accessisse,

2159 990 2355 1045 Euseb.
2390 992 2452 1048 in
2494 994 2611 1048 Vita
2644 994 2848 1062 ejusd.,
2881 1010 2929 1047 c.
2965 997 3057 1065 61,
3092 995 3336 1064 perbibet
3366 1013 3378 1050 :
3418 1016 3439 1046 α
3475 997 3603 1052 Haec
3622 1015 3744 1054 cum

2155 1095 2339 1135 secum
2370 1091 2691 1153 reputasset,
2723 1082 3013 1155 genuﬂexo
3045 1085 3192 1139 humi
3225 1086 3605 1155 procumbens,
3646 1104 3745 1142 ve-

2157 1168 2297 1223 niam
2330 1186 2360 1223 a
2390 1171 2506 1226 Deo
2527 1171 2755 1241 supplex
2784 1171 3046 1242 poposcit,
3090 1179 3314 1241 peccata
3344 1188 3444 1227 sua
3482 1173 3748 1229 conﬁtens

2153 1256 2208 1311 in
2248 1258 2525 1330 martyrio,
2558 1278 2583 1312 ι
2620 1267 2749 1325 etc.,
2804 1260 2922 1315 loco
2951 1260 3219 1326 videlicet,
3268 1259 3327 1314 in
3373 1276 3481 1331 quo
3544 1278 3745 1316 monu-

2152 1356 2352 1416 menta,
2385 1364 2481 1403 seu
2509 1349 2768 1421 sepulcra
2809 1349 3141 1420 Martyrum,
3176 1350 3500 1406 visebantur.

2223 1456 2291 1509 Et
2328 1471 2398 1510 ne
2423 1465 2679 1527 putemus
2713 1459 3014 1529 exemplum
3052 1465 3156 1512 tam
3188 1465 3477 1529 augustum
3524 1458 3748 1528 sequela

2076 1547 2118 1623 Β
2153 1543 2459 1601 destitutum
2484 1544 2674 1611 fuisse,
2706 1546 2989 1602 audiamus
3014 1538 3317 1611 Socratem,
3362 1562 3489 1602 saec.
3520 1564 3554 1603 ν
3605 1549 3749 1602 scri-

2154 1640 2380 1701 ptorem,
2413 1634 2506 1705 qui
2532 1634 2627 1688 lib.
2659 1652 2691 1691 v
2719 1637 2863 1690 Hist.
2900 1636 3101 1693 Eccles.
3133 1650 3182 1690 c.
3220 1637 3284 1689 17
3312 1675 3326 1699 ,
3355 1636 3423 1689 de
3474 1635 3752 1705 Serapidis

2151 1721 2353 1788 templo
2402 1722 2663 1777 subverso
2735 1736 2927 1793 agens,
2980 1723 3097 1777 ait:
3138 1744 3160 1771 α
3194 1721 3361 1777 Multo
3438 1724 3623 1791 plures
3680 1723 3751 1778 ad

2154 1806 2514 1864 Christianam
2551 1810 2866 1882 religionem
2897 1826 2955 1865 se
3004 1812 3375 1878 contulerunt,
3424 1818 3480 1865 et
3524 1823 3751 1883 peccata

2152 1910 2252 1949 sua
2276 1895 2613 1953 conﬁtentes.
2646 1898 2969 1968 baptismum
2989 1898 3187 1954 Christi
3218 1910 3595 1966 susceperunt.
3619 1921 3641 1949 ι
3666 1905 3751 1955 An

2151 1999 2281 2039 vero
2312 1987 2427 2041 haec
2451 1986 2745 2052 confessio,
2783 1988 3050 2058 baptismo
3078 1988 3145 2042 ab
3169 1987 3364 2042 adultis
3411 1989 3753 2058 praemitten-

2157 2073 2243 2141 da,
2266 2073 2436 2130 fuerit
2465 2086 2795 2145 peccatorum
2829 2078 2891 2131 in
2929 2078 3127 2148 specie,
3160 2092 3230 2130 an
3284 2079 3565 2148 generalis
3601 2080 3751 2132 dun-

2156 2170 2317 2227 taxat,
2351 2165 2641 2221 etiamnum
2666 2165 2806 2219 inter
2821 2165 3033 2221 criticos
3061 2168 3497 2222 controvertitur.
3524 2168 3751 2222 Certum

2154 2262 2332 2308 autem
2387 2263 2486 2317 est,
2541 2255 2963 2311 Sacramentali
3007 2262 3203 2309 nostras
3284 2255 3615 2325 poenitentiae
3694 2257 3752 2311 in

2164 2338 2521 2412 baptizandis
2554 2342 2729 2399 locum
2762 2358 2868 2397 non
2899 2342 3089 2409 fuisse,
3119 2358 3242 2397 cum
3301 2344 3601 2414 baptismus
3630 2346 3751 2415 ipse

2157 2429 2222 2482 ad
2274 2430 2483 2501 reliqua
2542 2431 2798 2486 Ecclesiae
2864 2442 3060 2486 nostrae
3114 2442 3444 2486 sacramenta
3510 2433 3751 2489 initiatio

2164 2517 2407 2587 quaedam
2436 2518 2524 2585 sit,
2566 2520 2635 2573 ad
2690 2521 2778 2575 illa
2831 2521 3014 2576 valide
3064 2520 3425 2589 suscipienda,
3467 2530 3519 2576 et
3573 2522 3748 2578 confi-

2154 2605 2364 2676 cienda,
2404 2608 2609 2663 homini
2667 2612 3044 2681 capacitatem
3089 2610 3347 2664 tribuens.

2070 2723 2112 2801 c
2215 2715 2545 2786 Emponant,
2570 2717 2604 2781 i,
2625 2733 2673 2772 e.
2698 2715 3002 2774 exhibeant
3022 2716 3075 2771 in
3097 2732 3156 2771 se
3177 2717 3521 2788 exemplum,
3540 2738 3567 2769 α
3602 2735 3755 2775 sum-

2146 2809 2254 2869 pta,
2284 2812 2341 2856 ut
2381 2804 2453 2857 ait
2480 2803 2673 2859 Junius
2709 2807 2771 2860 in
2798 2805 2855 2859 h.
2889 2804 2928 2857 l.
2958 2805 3228 2875 propolis,
3248 2820 3452 2861 merces
3480 2822 3611 2861 suas
3659 2823 3755 2862 ex-

2146 2892 2496 2959 ponontibus,
2520 2893 2851 2963 metaphora.
2884 2912 2904 2941 »
2927 2893 3111 2962 Itaque
3129 2893 3180 2946 in
3201 2893 3467 2963 baptismo
3505 2904 3696 2950 nostro
3717 2913 3751 2951 a

2147 2979 2305 3033 nobis
2361 2995 2581 3051 quoque
2618 2981 2952 3037 exhibendus
2982 2992 3061 3035 est
3116 2981 3430 3053 baptismus
3480 2984 3746 3050 Joannis,

2143 3066 2292 3121 velut
2327 3069 2580 3137 baptismi
2612 3068 2809 3124 Christi
2840 3069 3184 3138 prodromus.
3223 3069 3359 3125 Vide
3389 3086 3571 3142 supra,
3619 3088 3747 3144 cap.

2157 3159 2243 3223 10,
2276 3167 2387 3212 not.
2418 3158 2923 3214 Prwministrabat.

2222 3264 2449 3320 Delicta
2475 3282 2598 3321 sua.
2630 3267 2793 3321 Nunc
2821 3280 2920 3336 pro
2950 3281 3063 3321 non
3117 3264 3203 3319 hic
3246 3264 3379 3337 legit
3423 3266 3641 3336 Junius,
3682 3275 3747 3321 ut

2146 3352 2306 3408 etiam
2336 3354 2372 3407 l.
2406 3369 2442 3419 1,
2469 3354 2534 3409 de
2562 3354 2781 3411 Veland.
2805 3355 2946 3425 virg.
2979 3371 3027 3410 c.
3054 3358 3107 3426 1,
3128 3353 3220 3408 ubi
3249 3354 3495 3425 plerique
3525 3356 3747 3412 codices

2144 3450 2387 3505 habent:
2425 3471 2447 3499 α
2509 3450 2659 3506 Hunc
2703 3450 3019 3520 (Christum)
3073 3450 3162 3521 qui
3208 3450 3515 3515 audierunt,
3565 3468 3741 3524 usque

2145 3554 2264 3594 NON
2300 3540 2425 3593 olim
2458 3541 2888 3609 prophetantem,
2934 3538 3173 3612 virgines
3201 3548 3512 3613 contegunt,
3547 3561 3568 3592 ι
3609 3542 3738 3596 sub-

2146 3629 2474 3683 stituendum
2514 3645 2665 3684 NUNC
2702 3639 2885 3683 censet
2912 3645 2925 3681 :
2956 3630 3099 3698 quod
3130 3645 3261 3684 sane
3308 3629 3427 3700 ipsa
3458 3631 3596 3685 ratio
3639 3646 3737 3701 po-

2144 3717 2348 3772 stulare
2406 3717 2651 3783 videtur;
2710 3717 3008 3786 praesertim
3070 3718 3213 3788 quod
3271 3717 3319 3772 is
3389 3719 3737 3775 librariorum

2143 3821 2299 3860 error
2329 3806 2383 3859 in
2412 3805 2534 3861 aliis
2562 3821 2779 3877 quoque
2808 3806 3019 3877 scriptis
3054 3821 3421 3877 saepenumero
3450 3821 3739 3863 occurrere

2142 3894 2330 3959 soleat,
2366 3901 2422 3949 ut
2452 3894 2625 3950 critici
2654 3895 2956 3965 perhibent.

2208 4001 2396 4057 Enim.
2461 3999 2610 4056 Facit
2654 4001 2771 4055 haec
2819 3999 3092 4071 particula,
3170 4008 3229 4055 ut
3298 4000 3734 4057 emendationem

2133 4089 2292 4145 Junii
2313 4090 2532 4159 probem
2557 4089 2867 4160 ;quzeenim
2904 4090 3040 4144 alius
3076 4090 3423 4158 conﬂictatio
3452 4093 3650 4146 carnis
3678 4096 3735 4148 et

436 4185 567 4241 tiam
594 4162 855 4257 agebant.
892 4186 951 4241 Et
986 4202 1105 4241 cum
1162 4162 1303 4241 istud
1342 4188 1504 4243 Isaiae
1531 4162 2023 4259 prolixo-testimo-
2058 4162 2102 4239 Β
2134 4178 2398 4249 Spiritus:
2434 4177 2480 4231 Si
2516 4192 2636 4234 NON
2683 4194 2819 4247 opus
2845 4185 2929 4232 εει
2956 4178 3181 4249 Publica
3209 4178 3301 4231 illa
3331 4179 3735 4248 σοηῘεδδίοηεῨ

452 4274 543 4331 nio
598 4276 1017 4344 conﬁrmasset,
1059 4276 1366 4347 subjungit:
1417 4279 1559 4331 Τοῦτ’
1597 4278 1748 4333 ἐκεῖνο
1794 4282 1848 4334 τό
1892 4283 2027 4346 βάπ-

435 4382 604 4435 τισμα,
636 4364 694 4417 τὸ
725 4366 863 4436 μόνον
892 4367 1143 4436 καθαρίσαι
1185 4368 1291 4427 τοὺς
1320 4368 1709 4438 μετανοῆσαντας
1739 4365 2029 4443 δυνάμενον,

432 4452 545 4507 Hoc
592 4455 674 4509 est
722 4454 866 4509 illud
913 4454 1232 4525 baptisma,
1282 4456 1427 4527 quod
1476 4459 1656 4513 solum
1713 4462 2034 4527 poenitentes

432 4543 746 4614 puriﬁcare
775 4547 978 4614 potest.
1010 4541 1222 4610 Quanto
1242 4553 1416 4599 autem
1439 4545 1492 4598 id
1521 4546 1713 4600 rectius
1740 4547 1805 4599 ad
1835 4550 2028 4617 baptis-

445 4647 594 4686 mum
659 4642 903 4688 nostrum
958 4636 1117 4706 Apol.
1177 4650 1215 4688 ιι
1278 4634 1517 4703 requirit,
1584 4651 1637 4704 p.
1693 4652 1764 4689 m.
1824 4639 1892 4691 ’73
1955 4638 2027 4692 ita

435 4719 686 4793 inquiens
733 4740 746 4776 :
797 4722 1039 4789 Εὕχεσθαι
1087 4742 1140 4775 τε
1194 4722 1275 4775 καὶ
1332 4723 1480 4775 αἰτεῖν
1532 4727 1836 4791 νηστεύοντες
1892 4728 2025 4796 παρὰ

424 4813 512 4862 τοῦ
597 4810 724 4863 Θεοῦ
804 4818 900 4864 τῶν
964 4812 1417 4883 προημαρτημένων
1481 4812 1645 4883 ἄφεσιν
1719 4816 2024 4869 διδάσκονται

426 4900 561 4970 ὑμῶν
609 4904 992 4972 συνευχομένων,
1029 4902 1113 4953 καὶ
1161 4903 1577 4971 συννηστευόντων
1626 4905 1789 4966 αὐτοῖς
1819 4926 1830 4937 ·
1859 4905 2024 4957 ἐπέιτα

428 4988 635 5059 ἄγονται
690 4991 766 5061 ὑφ’
832 4990 972 5061 ἡμῶν
1010 4991 1121 5043 ἔνθα
1174 4992 1300 5062 ὕδωρ
1360 4990 1474 5054 ἐστὶ,
1529 5014 1575 5047 κ.
1634 5015 1681 5048 τ.
1734 4996 1786 5049 λ.
1851 4997 2021 5053 Orare

426 5083 615 5134 autem
691 5083 747 5133 et
819 5083 1009 5152 petere
1067 5082 1372 5150 jejunantes
1412 5099 1446 5136 a
1510 5085 1625 5138 Dso
1698 5085 2022 5155 praeceden-

432 5169 585 5223 tium
613 5172 973 5240 peccatorum
1004 5172 1391 5230 remissionem
1434 5171 1668 5229 I203
1722 5174 2018 5246 (quomodo

426 5262 605 5311 autem
627 5264 831 5327 petent,
863 5257 967 5312 nisi
996 5258 1088 5313 illa
1126 5260 1437 5317 conﬁtentes
1464 5261 1531 5331 i)
1562 5263 1835 5320 docentur
1862 5265 2019 5322 nobis

430 5360 550 5400 una
572 5348 943 5417 precantibus
962 5352 1020 5405 et
1040 5350 1460 5420 jejunantibus.
1484 5352 1690 5407 Deinde
1731 5353 2019 5409 ducuntur

428 5449 465 5487 a
494 5424 650 5492 nobis
670 5437 735 5492 in
756 5436 928 5492 illum
951 5438 1258 5503 locum,ubi
1278 5455 1425 5509 aqua
1440 5444 1543 5494 est.
1566 5440 1741 5511 Atque
1768 5442 1869 5497 hoc
1895 5456 2016 5498 con-

438 5519 612 5577 forme
655 5533 737 5580 est
789 5524 854 5579 iis
896 5542 1018 5596 quae
1046 5527 1449 5598 antiquissimus
1482 5535 1667 5586 auctor
1718 5529 1838 5603 (qui
1884 5531 2008 5588 olim

2140 4266 2405 4322 Caeterum
2437 4277 2615 4323 autem
2644 4284 2708 4323 ex
2730 4271 2834 4323 hoc
2860 4268 2980 4338 ipso
3008 4282 3175 4337 pr0pe
3198 4266 3445 4333 inducor,
3493 4277 3550 4321 ut
3614 4284 3731 4324 cre—

2144 4361 2290 4423 dam,
2322 4356 2714 4412 confessionem
2745 4355 2892 4412 illam
2926 4366 3052 4411 tunc
3080 4355 3362 4426 temporis,
3411 4370 3523 4410 non
3560 4372 3732 4427 gene-

2138 4448 2311 4502 ralem
2337 4448 2592 4502 duntaxat
2646 4448 2737 4502 sed
2788 4446 3201 4518 particularem
3231 4460 3467 4516 qquue,
3537 4447 3731 4501 saltem

2154 4547 2496 4608 peccatorum
2525 4536 2653 4592 alias
2696 4536 2809 4605 jam
2832 4536 3055 4608 publice
3109 4544 3456 4606 patratorum,
3518 4534 3733 4605 fuisse;

2143 4642 2261 4697 quae
2292 4628 2431 4680 enim
2464 4627 2594 4680 alias
2623 4625 2679 4678 in
2709 4624 2795 4678 illa
2826 4624 3113 4679 difﬁcultas
3142 4622 3367 4678 fuisset?
3397 4622 3531 4677 Vide
3559 4640 3729 4694 supra

2132 4722 2245 4768 not.
2280 4715 2645 4770 Deliciarum.

2211 4820 2658 4890 Conﬂictatione,
2699 4818 2734 4872 i.
2789 4832 2840 4872 e.
2871 4818 3332 4888 mortiﬁcatione,
3371 4830 3491 4885 quae
3533 4830 3600 4869 ex
3634 4814 3725 4869 illa

2138 4912 2258 4982 ipsa
2304 4910 2729 4979 conﬂictatione
2775 4923 3004 4979 gravem
3052 4917 3255 4961 naturas
3300 4911 3503 4959 nostra:
3556 4904 3725 4958 moles

2144 5000 2275 5055 tiam
2304 4999 2471 5071 parit;
2510 5000 2646 5054 Caro
2676 4996 2813 5052 enim
2863 4997 3206 5067 concupiscit
3252 4993 3515 5050 adversus
3545 4992 3720 5063 spiri-

2135 5094 2277 5155 tum,
2306 5090 2545 5160 spiritus
2578 5092 2770 5142 autem
2810 5087 3072 5143 adversus
3108 5100 3369 5149 carnem;
3411 5081 3531 5137 haec
3564 5082 3718 5138 enim

2133 5179 2240 5236 sibi
2277 5180 2522 5235 invicem
2562 5177 2952 5241 adversantur,
2976 5176 3041 5229 ad
3070 5173 3243 5229 Galat.
3274 5189 3331 5225 v.
3367 5176 3454 5227 17.
3480 5170 3707 5242 Utrique

2129 5270 2275 5324 enim
2298 5266 2595 5323 humiliatio
2626 5266 2723 5320 ista
2756 5265 2934 5338 gravis
2960 5261 3157 5318 accidit
3195 5279 3206 5318 :
3239 5260 3454 5331 spiritui
3483 5259 3701 5331 quidem

2133 5358 2204 5413 ob
2223 5358 2456 5413 nativam
2490 5372 2642 5412 suam
2665 5355 2993 5411 nobilitatem
3017 5368 3079 5408 ac
3105 5348 3490 5422 praestantiam,
3515 5348 3625 5402 imo
3653 5353 3705 5402 et

2131 5446 2186 5502 in
2209 5456 2387 5503 natam
2410 5462 2474 5502 ex
2504 5451 2723 5516 peccato
2751 5442 3057 5515 superbiam
3090 5456 3104 5498 :
3133 5440 3281 5497 carni
3309 5455 3437 5496 vero
3468 5437 3538 5492 ob
3567 5434 3710 5490 nati-

2130 5552 2249 5594 vam
2279 5551 2431 5593 suam
2460 5534 2731 5603 inertiam,
2764 5547 3059 5604 generosus
3086 5528 3354 5601 ejusmodi
3381 5542 3548 5585 ausus
3570 5522 3705 5581 nefu-
