4028 6180
312 327 456 403 1289

303 471 575 544 gientem;
606 490 730 531 nam
762 485 814 533 et
845 479 912 534 ad
944 479 1045 537 hos
1063 486 1301 556 spiritus
1348 493 1668 566 quandoque
1692 513 1893 572 prom-

303 563 442 631 ptus
472 572 575 634 est,
606 582 736 622 caro
765 574 958 627 autem
986 572 1235 641 inﬁrma.
1278 579 1462 636 Matth.
1493 563 1654 650 xxvi,
1688 563 1774 641 bl.

382 651 855 712 Consecuturum.
873 658 958 714 Sic
979 661 1120 716 enim
1141 663 1406 735 Christus,
1429 669 1480 725 in
1502 683 1683 729 monte
1705 679 1895 746 praadi-

302 751 459 807 cans,
486 762 507 789 «
529 742 723 799 Beatos
753 762 848 801 eos
867 747 1024 818 dixit,
1055 751 1147 822 qui
1169 757 1601 823 persecutionem
1622 765 1896 833 patientur

301 835 528 896 propter
542 830 822 899 justitiam,
855 837 1109 906 quoniam
1137 839 1376 912 ipsorum
1407 855 1486 902 est
1516 865 1744 920 regnum
1773 870 1892 911 cce-

301 914 500 972 lorum.
532 918 678 972 Beati
721 921 849 976 estis
905 924 1012 995 (sic
1053 929 1274 1001 pergit),
1333 947 1457 988 cum
1517 914 1892 1000 maledixerint

299 1003 472 1067 vobis,
502 1013 554 1059 et
572 1006 804 1064 dixerint
832 1026 994 1069 omne
1042 1017 1242 1072 malum
1300 1023 1584 1082 adversum
1616 1044 1732 1096 vos,
1781 1040 1884 1089 etc.

293 1091 542 1149 Gaudete
569 1104 621 1149 et
641 1099 925 1169 exsultate,
951 1104 1208 1174 quoniam
1229 1124 1438 1165 merces
1465 1126 1639 1171 vestra
1666 1120 1889 1191 copiosa

290 1188 374 1235 est
402 1180 456 1234 in
487 1184 676 1251 caelis;
710 1187 789 1243 sic
836 1189 978 1246 enim
1009 1197 1282 1264 persecuti
1332 1208 1458 1256 sunt
1502 1208 1812 1277 prophetas,
1855 1231 1880 1265 ι

286 1277 419 1334 etc.,
458 1273 648 1329 Matth.
679 1291 733 1340 v,
787 1280 853 1332 1ο
892 1287 945 1334 et
991 1297 1140 1354 seqq.
1193 1286 1373 1356 Atque
1426 1289 1531 1347 hoc
1569 1273 1670 1360 est,
1738 1273 1881 1368 quod

280 1357 486 1414 Paulus
515 1370 570 1416 et
614 1362 890 1421 Barnabas
941 1375 1052 1424 tam
1109 1371 1336 1432 sollicite
1394 1379 1507 1436 suis
1550 1357 1884 1444 inculcat-unt

276 1443 672 1504 documentum
705 1469 719 1504 :
754 1451 1031 1519 Quoniam
1074 1477 1180 1532 per
1216 1463 1442 1523 'multas
1489 1443 1883 1534 tribulationes

276 1534 646 1608 (tentationes)
691 1548 911 1614 oportet
953 1564 1052 1606 nos
1105 1553 1328 1610 intrare
1363 1556 1427 1612 in
1464 1576 1704 1631 regnum
1749 1565 1876 1622 Dm.

277 1621 467 1693 Aliqui
521 1627 766 1697 credunt,
834 1650 867 1688 a
946 1635 1274 1698 Tertulliano
1349 1621 1549 1714 potius"
1584 1650 1677 1707 hic
1748 1621 1878 1710 illud

276 1710 472 1766 Matth.
503 1729 629 1783 xxx,
660 1721 750 1786 20,
782 1722 982 1792 respici
1014 1742 1028 1779 :
1058 1730 1218 1786 Dives
1247 1710 1486 1804 difficile
1519 1741 1764 1799 intrabit
1812 1745 1876 1800 in

277 1815 522 1869 regnum
553 1805 842 1864 caelorum.

354 1889 395 1942 A
428 1891 690 1961 Lavacro,
733 1912 830 1954 seu
846 1907 976 1970 post
1006 1903 1318 1965 lavacrum.

351 1996 621 2068 Jejunare
663 2007 904 2073 oportet.
938 2007 1086 2064 Sicut
1116 2012 1368 2072 Christus
1417 2034 1526 2076 non
1580 2032 1720 2092 ante,
1778 2029 1876 2084 sed

283 2079 510 2139 I204
540 2097 662 2155 post
709 2090 1060 2165 baptismum,
1103 2100 1371 2173 jejunium
1429 2124 1593 2166 suum

352 2189 591 2248 Salutis.
633 2196 892 2271 Intelligit
948 2202 1036 2260 hic
1090 2203 1283 2264 festum
1348 2213 1658 2284 Paschatis,
1726 2224 1874 2292 quod

273 2276 516 2336 Sabbato
539 2290 754 2350 sancto,
793 2293 1051 2360 tanquam
1079 2293 1186 2350 diei
1217 2298 1282 2352 ad
1314 2302 1614 2362 solemnem
1641 2276 1870 2378 baptis-

270 2381 429 2420 mum
460 2368 802 2442 singulariter
840 2378 967 2432 olim
1014 2382 1272 2452 deputato
1338 2390 1479 2462 (cap.
1529 2368 1868 2466 praec.)Aim-

269 2456 509 2513 mediate
538 2463 805 2530 succedit;
853 2477 935 2523 est
985 2471 1128 2526 enim
1183 2475 1296 2545 ipse
1355 2480 1626 2540 Paschalis
1665 2488 1870 2556 jubilus

268 2546 565 2614 gratulatio
624 2560 808 2608 mutua
862 2565 1061 2614 nostrae
1107 2561 1312 2631 salutis,
1375 2585 1535 2639 quam
1596 2573 1650 2628 in
1694 2575 1868 2633 Adam

267 2636 496 2700 mortui,
531 2654 652 2694 cum
699 2642 909 2700 Christo
952 2655 1134 2703 autem
1186 2655 1253 2707 ad
1311 2671 1505 2715 novam
1557 2661 1721 2718 vitam
1777 2684 1866 2722 re-

267 2733 576 2797 surgentes,
598 2734 1055 2802 recuperavimus.
1099 2740 1234 2796 Ecce
1261 2744 1432 2814 igitur
1455 2749 1571 2818 jam
1609 2753 1864 2824 antiquis-

267 2814 467 2868 simam
495 2817 761 2887 originem
785 2825 1251 2892 gratulationum
1292 2834 1675 2905 Paschalium,
1706 2859 1860 2914 quas,

267 2902 548 2959 charitatis
595 2915 797 2962 mutuae
863 2910 1001 2966 inter
1047 2914 1382 2976 Christianos
1420 2924 1549 2980 olim
1582 2933 1858 2997 tesseram,

266 2990 451 3046 saeculi
482 2992 643 3060 hujus
687 2995 839 3050 vafer
896 2999 1089 3071 genius
1139 3007 1490 3067 mendacibus
1546 3015 1860 3090 plerumque

264 3078 563 3134 verborum
618 3080 864 3140 formulis
904 3094 958 3143 et
1002 3089 1254 3151 inanibus
1295 3104 1634 3172 ceremoniis,
1683 3106 1859 3166 invol-

265 3179 394 3221 vere
422 3167 580 3223 solet.

337 3271 506 3326 Porro
533 3283 714 3329 autem
763 3277 1238 3343 Paschalilaetitize
1291 3293 1623 3363 jejuniorum
1681 3303 1851 3358 tristi-

263 3357 339 3412 tia
368 3360 546 3417 minus
574 3367 844 3435 convenit,
886 3378 1048 3443 atque
1103 3377 1240 3434 adeo
1278 3381 1518 3442 Ecclesia
1547 3405 1610 3444 ex
1642 3391 1724 3446 his
1761 3409 1854 3450 so-

249 3443 550 3521 lemnibus,
583 3453 714 3522 quin
759 3464 813 3511 et
863 3466 973 3515 toto
1020 3463 1265 3524 Paschali
1329 3479 1583 3544 tempore,
1642 3480 1850 3551 jejunia

245 3547 514 3606 expuncta
559 3541 749 3599 voluit.
805 3547 1031 3621 Insuper
1072 3571 1199 3612 vero
1257 3567 1309 3614 et
1350 3541 1492 3618 diem
1551 3541 1847 3638 quamlibet

243 3624 580 3683 Dominicam
635 3632 912 3704 (quoniam
981 3648 1035 3696 et
1079 3643 1218 3702 hanc
1263 3647 1458 3707 Christi
1515 3624 1843 3732 resurgentis

243 3717 518 3773 memoriae
575 3735 782 3780 sacram
832 3742 952 3784 esse
993 3733 1184 3803 voluit)
1255 3739 1462 3808 jejunio
1519 3746 1840 3806 obnubilan-

237 3800 364 3856 dam
403 3804 546 3860 haud
599 3823 718 3866 esse
754 3813 992 3872 Ecclesia
1037 3800 1338 3894 constituit,
1383 3838 1442 3885 ut
1502 3850 1565 3890 ex
1610 3852 1730 3894 can.
1770 3844 1837 3897 15

237 3888 297 3942 8.
331 3891 472 3946 Petri
500 3894 869 3968 Alexandrini,
918 3904 1013 3975 qui
1061 3924 1188 3966 saec.
1240 3888 1581 3978 micadente
1629 3926 1830 3998 ﬂoruit,

238 3986 473 4046 constat,
525 3981 578 4035 in
620 4001 728 4056 quo
785 4004 905 4043 cum
969 3993 1174 4064 jejunia
1220 4002 1426 4059 dierum
1483 4011 1729 4070 Mercurii
1779 4027 1832 4073 et

242 4065 468 4122 Veneris
499 4071 804 4140 probasset,
845 4077 920 4132 ait
949 4095 964 4132 :
1003 4102 1026 4130 ι
1052 4083 1182 4152 Sed,
1209 4092 1386 4160 quoad
1411 4095 1552 4151 diem
1584 4099 1828 4158 Domini-

238 4168 377 4220 cam,
419 4164 502 4212 est
557 4159 674 4216 dies
719 4162 921 4236 hilaris,
978 4171 1102 4240 quia
1155 4175 1314 4233 Jesus
1371 4183 1615 4242 Christus
1655 4189 1706 4244 in
1737 4192 1828 4249 illa

217 4952 447 5022 jejunio
507 4958 751 5029 Sabbati,
809 4975 936 5033 etc.,
1005 4989 1192 5044 agens,
1277 4952 1543 5049 ejusmodi
1580 4952 1820 5061 "jejunis

225 5055 498 5112 magnum
526 5052 883 5122 scandalum,
915 5069 970 5114 et
999 5060 1266 5123 horribile
1295 5073 1546 5142 appellat.

296 5150 362 5204 In
402 5152 610 5224 ipsum,
645 5175 840 5232 nempe
871 5171 1191 5228 tentatorem
1218 5174 1512 5236 diabolum.

290 5259 509 5317 Divinis
543 5268 738 5336 copiis,
768 5271 992 5344 scilicet,
1028 5278 1234 5338 Manna
1264 5283 1332 5339 de
1379 5287 1537 5344 caelis
1577 5295 1817 5363 quotidie

216 5343 435 5416 depluo.
460 5349 632 5410 Exod.
665 5372 764 5413 XVI
803 5362 835 5415 4
863 5371 916 5419 et
937 5381 1088 5439 seqq.

437 5731 680 5796 ΡΑτιιοι..
739 5741 812 5800 ΙΙ.

1151 357 1480 424 APPENDIX
1519 364 1582 423 V.
1621 397 1692 410 —
1729 369 1791 428 D.
1832 371 2208 442 CORBLNIANI
2246 381 2489 448 ΤΗΟΜιΕ
2525 387 2763 455 ADNOT.

1890 3141 1933 3219 θ
1961 3169 2143 3225 habet.

3461 417 3600 483 1290

1927 517 1974 596 Α
2086 509 2257 576 Quam
2293 516 2408 572 Dei.
2439 515 2665 585 Quando
2694 539 2890 597 nempe
2909 527 3150 605 ingratus
3169 545 3222 593 et
3243 538 3333 596 ille
3370 547 3598 616 gulosus

2009 597 2238 642 nanuan
2318 602 2610 642 irlnntidom
2686 610 3071 642 Ιηηηιιηολιλη.--
3239 631 3269 642 ,ι
3325 633 3334 642 .
3465 638 3478 642 -
3524 641 3533 642 ,

2006 597 2238 667 pOpulus
2318 602 2612 662 identidem
2685 597 3073 674 lamentabavtur
3126 645 3138 680 :

2000 685 2156 740 nobis
2175 688 2248 742 ad
2265 695 2597 751 vescendum
2627 715 2828 758 carnes
2861 709 2942 760 ?...
2975 711 3182 769 Anima
3206 726 3402 779 nostra
3431 730 3595 786 arida

2002 775 2087 826 est
2116 794 2134 828 :
2165 777 2315 833 nihil
2343 782 2507 838 aliud
2537 790 2852 860 respiciunt
2888 799 3042 854 oculi
3066 807 3252 860 nostri
3287 811 3405 868 nisi
3443 815 3588 874 Man.

2000 863 2159 918 Num.
2190 881 2272 935 x1,
2299 871 2331 924 4
2360 877 2412 925 et
2443 875 2497 928 6.

2071 955 2304 1026 Aquam,
2329 957 2364 1012 i.
2397 976 2446 1018 e.
2481 962 2813 1033 Baptismum
2845 988 3004 1030 suum
3033 977 3087 1034 in
3115 981 3367 1044 Iordane.

2067 1044 2183 1097 Dei.
2220 1043 2348 1100 Hzec
2376 1062 2477 1103 vox
2509 1055 2701 1110 merito
2749 1059 3050 1122 redundare
3094 1069 3208 1126 visa
3254 1074 3355 1133 fuit
3402 1081 3585 1143 Iunio.

2079 1131 2258 1187 Verbo.
2281 1164 2352 1176 —
2368 1136 2487 1192 Non
2509 1141 2572 1194 in
2595 1144 2708 1200 solo
2731 1163 2881 1217 pane
2902 1155 3040 1210 vivit
3057 1158 3349 1230 homo,sed
3360 1169 3422 1224 in
3433 1178 3592 1232 omni

1996 1219 2174 1285 verbo,
2208 1225 2354 1294 quod
2377 1229 2626 1325 procedit
2672 1234 2741 1290 de
2762 1323 2770 1325 Δ
2795 1254 2890 1296 ore
2915 1243 3044 1303 DEI.
3076 1219 3590 1325 Matth.

1992 1305 2084 1376 qui
2115 1306 2233 1365 haec
2261 1315 2524 1371 sententia
2571 1334 2602 1372 a
2647 1321 2861 1382 Christo
2915 1345 2980 1385 ex
3024 1305 3435 1416 Deut.vm,’3,

1993 1395 2247 1452 translata
2266 1398 2454 1469 fuerat,
2488 1405 2580 1460 ubi
2625 1408 2837 1481 Moyses
2889 1418 2956 1472 ad
3012 1395 3280 1495 pOpulum
3308 1395 3587 1497 “benefici;

1989 1482 2115 1551 Der,
2136 1493 2188 1541 et
2217 1487 2537 1550 afﬂictiones
2565 1496 2743 1555 eidem
2771 1501 2825 1558 in
2868 1505 3082 1567 deserto
3127 1512 3390 1588 immissa,
3424 1540 3582 1585 com—

1991 1587 2294 1632 memorans
2321 1579 2553 1650 Af/lixit
2584 1590 2639 1643 te
2669 1594 2942 1672 penuria,
2974 1601 3030 1653 et
3075 1599 3227 1660 dedit
3259 1579 3584 1672 tibi'cibupz

1988 1661 2286 1722 Manna....
2326 1674 2392 1724 ut
2429 1675 2745 1735 ostenderet
2786 1661 2936 1754 tibi,
2981 1690 3126 1760 quod
3187 1661 3322 1751 non
3343 1661 3582 1763 €831;

1984 1765 2134 1818 pane
2160 1755 2314 1812 vivat
2343 1759 2632 1829 homo,sed
2655 1765 2719 1822 in
2746 1774 2903 1828 omni
2929 1755 3110 1844 verba,
3124 1783 3268 1853 quod
3294 1789 3585 1859 egreditur

1997 1838 2054 1859 λ-
2113 1857 2121 1859 -
2220 1844 2262 1859 n
2393 1850 2404 1859 -
2431 1857 2437 1859 -
2582 1854 2595 1859 -

1913 1860 1958 1936 Β
1987 1838 2056 1895 de
2099 1857 2194 1900 ore
2219 1844 2554 1945 Dsi._Atque
2582 1854 2700 1945 haec
2729 1867 2811 1914 est
2842 1861 2935 1917 illa
2985 1838 3174 1938 ﬁgura
3209 1838 3580 1945 arbiter;

1986 1943 2093 1997 qua
2129 1946 2296 2003 supra
2322 1937 2522 1994 Noster
2567 1942 2718 2012 dicit,
2769 1937 3263 2022 exprobrationem
3306 1981 3339 2021 a
3366 1937 3582 2029 Christo

1990 2013 2044 2068 in
2064 2017 2340 2078 diabolum
2372 2031 2660 2088 retortam
2689 2013 2876 2094 fuisse.

2056 2107 2226 2162 Elidi.
2287 2111 2521 2186 Elegans
2604 2126 2950 2193 metaphoral
3011 2134 3166 2191 Elidi
3216 2149 3390 2198 autem
3449 2163 3581 2218 pro-

1984 2193 2098 2261 prie
2164 2196 2435 2270 dicuntur,
2494 2206 2691 2277 quibus
2745 2229 2894 2271 venae
2949 2221 3073 2276 colli
3140 2229 3377 2298 majores
3432 2193 3577 2308 (qua:

1984 2279 2109 2308 nn..-
2158 2285 2273 2308 1:---
2768 2297 2807 2308 -.

1981 2279 2112 2336 alias
2152 2285 2274 2342 lisle
2315 2289 2523 2348 Graecis
2554 2297 2860 2370 σφραγιτίδες
2909 2279 3387 2379 appellari‘solenvt
3413 2279 3576 2392 )wiii:

2693 2368 2702 2370 _
2943 2368 2956 2377 ι
2979 2368 2994 2379 ι
3217 2368 3386 2376 “""'
3413 2368 3426 2392 Ι
3492 2368 3544 2380 ⁸⁸⁸

1981 2368 2252 2430 ciduntur.
2283 2375 2374 2432 Sic
2415 2382 2557 2437 enim
2601 2385 2804 2457 Celsus,
2857 2393 2892 2447 Ι.
2926 2410 2985 2450 1v
3022 2398 3090 2456 de
3132 2405 3208 2460 Re
3234 2409 3474 2480 medica,
3523 2430 3574 2469 c.

1983 2461 2032 2524 1,
2092 2461 2212 2515 ait:
2275 2483 2299 2516 ι
2344 2467 2477 2522 Sunt
2531 2481 2713 2530 autem
2762 2478 2899 2546 lisse,
2949 2492 3083 2542 teste
3138 2492 3372 2564 Donato,
3422 2461 3574 2559 vena

1977 2549 2208 2616 majores
2261 2557 2518 2623 gutturis,
2577 2563 2774 2632 quibus
2840 2569 3142 2633 intersectis
3194 2583 3387 2641 animal
3436 2607 3570 2648 con-

1975 2633 2161 2691 festim
2199 2644 2494 2714 emoritur;
2532 2652 2672 2705 unde
2729 2656 2956 2726 elisum,
2989 2667 3133 2732 quod
3165 2684 3230 2723 ex
3256 2673 3348 2726 tali
3377 2692 3571 2735 caussa

1974 2733 2246 2780 mortuum
2279 2738 2381 2785 est.
2433 2751 2462 2783 ι
2522 2735 2586 2789 Et
2643 2741 2721 2795 sic
2767 2743 2834 2798 de
2889 2747 3010 2802 aliis
3061 2769 3279 2824 quoque
3335 2733 3570 2820 violenta

1970 2819 2146 2866 morte
2185 2815 2431 2886 sublatis,
2460 2837 2556 2877 eos
2603 2828 2766 2884 elisos
2818 2846 2937 2888 esse
2986 2836 3237 2908 dicimus,
3273 2855 3333 2902 ut
3362 2849 3565 2909 Sueto-

1972 2899 2171 2956 niusin
2203 2905 2485 2979 Caligula,
2519 2927 2567 2967 c.
2607 2917 2698 2982 26,
2739 2917 2867 2974 dicit
2896 2938 2912 2976 :
2977 2944 3003 2976 cr
3033 2899 3567 3012 Elisiquesuwn—tvp‘er

1969 3004 2089 3043 eum
2114 2994 2397 3051 tumultum
2429 3002 2496 3054 20
2543 3004 2779 3074 amplius
2826 3013 3034 3083 equites
3078 2994 3328 3083 Romani.
3365 3049 3390 3082 ι
3423 2994 3564 3100 Οιιᾷἱῑι

1969 3079 2126 3134 etiam
2176 3085 2519 3154 (egritudine
2554 3095 2691 3150 elidi
2719 3079 2946 3169 Tullius,
2988 3109 3209 3170 Tuscul.

1962 3350 2194 3406 cundum
2237 3352 2362 3409 illud
2419 3357 2612 3417 Christi
2669 3365 2739 3420 ad
2799 3350 3148 3433 Nicodenium
3192 3399 3206 3436 ε
3253 3385 3376 3442 Nisi
3424 3350 3556 3464 guis

1958 3443 2194 3496 renatus
2215 3444 2397 3511 fuerit
2425 3447 2628 3516 denuo,
2649 3469 2766 3511 non
2780 3463 2964 3528 potest
2992 3466 3180 3526 videre
3193 3443 3555 3544 regnumIDm

1959 3527 2123 3595 (Joan
2153 3547 2236 3597 III,
2269 3534 2343 3605 3).
2387 3537 2635 3596 Hominis
2675 3527 2806 3617 ergo
2846 3551 3054 3620 primus
3091 3527 3310 3618 natalis
3348 3575 3431 3622 est
3486 3587 3552 3627 ex

1952 3624 2162 3687 matre,
2208 3625 2382 3694 quoad
2439 3645 2640 3702 corpus
2669 3652 2688 3688 :
2727 3639 3001 3696 secundus
3046 3659 3112 3699 ex
3178 3662 3312 3721 nso,
3368 3661 3551 3727 quoad

3298 3707 3312 3721 ,
3375 3707 3550 3727 1_-_-

1950 3707 2231 3779 animam,
2288 3729 2409 3783 quae
2463 3727 2676 3775 mortua
2741 3740 2836 3795 per
2890 3741 3186 3802 peccatum,
3245 3746 3550 3804 renascitur

1948 3809 2043 3864 per
2073 3796 2416 3868 baptismum.
2449 3806 2626 3878 Atque
2661 3810 2717 3865 hi
2745 3796 2904 3888 sunt,
2940 3824 3038 3891 qui
3062 3840 3180 3881 non
3208 3844 3282 3885 ea:
3317 3840 3545 3907 sangui-

1948 3883 2109 3907 μὲι.---
2169 3896 2240 3907 -ιμ
2405 3895 2415 3907 ¹
2556 3897 2594 3907 ’⁵

1946 3883 2130 3955 nibus,
2163 3896 2290 3960 etc.,
2320 3895 2415 3948 sed
2443 3911 2519 3950 ex
2556 3897 2677 3954 Duo
2706 3916 2844 3960 NATI
2902 3915 3041 3966 sunt
3070 3913 3256 3984 (Joan.
3289 3935 3330 3986 ι,
3362 3883 3468 3993 I33.

2017 3974 2272 4032 Matrem.
2305 3980 2602 4042 Commode
2645 3989 2732 4044 hic
2760 3992 3009 4052 Ecclesia
3053 3974 3281 4080 intelligi
3317 3974 3538 4082 potest.

1940 4077 2066 4130 qua:
2095 4080 2323 4122 sursum
2351 4076 2438 4126 est
2459 4075 2793 4149 Jerusalem,
2817 4099 2947 4155 quae
2971 4094 3054 4145 est
3079 4075 3270 4153 urna
3293 4113 3534 4161 nos'rm.

1937 4147 2005 4198 ad
2044 4148 2167 4204 Gal.
2201 4168 2280 4218 ιν,
2316 4158 2400 4210 17.

2009 4238 2324 4296 Fratribus.
2367 4245 2480 4300 Nos
2517 4256 2713 4308 autem
2749 4253 3010 4317 Faunus
3041 4270 3351 4327 secundum
3379 4275 3536 4336 Isaae

1939 4320 2164 4380 I205
2193 4333 2585 4399 promissionis
2614 4357 2741 4398 FILII
2793 4363 3018 4407 sumus.
3042 4354 3121 4408 Ib.
3154 4373 3204 4412 v.
3235 4363 3325 4418 28.

2004 4415 2254 4472 Peculia.
2288 4417 2408 4475 Non
2441 4427 2775 4498 temporalia
2814 4441 3038 4512 tantum,
3072 4445 3167 4500 sed
3195 4415 3527 4521 spiritualia

1935 4501 2190 4573 maxime,
2230 4521 2374 4564 nova
2430 4512 2556 4569 huic
2607 4517 2731 4575 vita:
2784 4532 3148 4590 sustentandae
3195 4501 3522 4615 n‘ecessaria,

1935 4595 2024 4615 -..ι
2055 4592 2185 4615 ...ἲ-Α
2225 4611 2314 4615 ι-ί-
2341 4598 2355 4615 ¹
2529 4604 2540 4615 ⁸

1931 4595 2027 4646 aut
2055 4592 2188 4648 mire
2215 4598 2593 4660 conducentia.

2003 4682 2276 4753 Apertum
2306 4692 2389 4744 est
2416 4692 2583 4750 vobis.
2614 4697 2798 4756 Matth.
2828 4718 2927 4773 vn,
2970 4711 3036 4764 1ο
3077 4721 3132 4768 et
3159 4729 3314 4788 seqq.
3375 4721 3526 4778 Tan-

1929 4768 2162 4841 demque
2215 4774 2288 4829 ibi
2318 4778 2564 4838 Christus
2604 4788 2868 4858 subjicit:
2913 4768 2990 4852 'Si
3044 4768 3340 4873 ergo—uois,
3389 4826 3521 4866 cum

1927 4860 2072 4915 mali
2106 4860 2142 4914 I
2159 4861 2336 4921 206
2360 4870 2507 4937 sitis,
2523 4877 2707 4933 nostis
2736 4879 2880 4938 bona
2917 4885 3052 4942 data
3079 4860 3216 4948 dare
3239 4860 3378 4962 ﬁliis

1929 4948 2057 5014 tris,
2091 4959 2301 5022 quanto
2331 4962 2512 5031 magis
2552 4964 2741 5024 PATER
2770 4978 2970 5041 vester,
3002 4980 3101 5049 qui
3137 4981 3201 5036 in
3230 4986 3384 5041 caelis
3413 4993 3516 5058 est,

1935 5035 2079 5058 -1._L.'A
2107 5041 2119 5058 1
2351 5050 2362 5058 ⁸
2450 5052 2460 5058 ‘
2479 5049 2506 5058 "

1927 5035 2080 5091 dabit
2100 5041 2239 5098 bona
2265 5049 2588 5117 petentibus
2613 5071 2690 5111 se.

1999 5128 2340 5192 Peccatoris.
2373 5138 2590 5212 Insigne
2640 5145 2956 5208 humilitatis
3000 5158 3310 5228 specimenl
3344 5163 3518 5233 Quam

1926 5223 2109 5270 autem
2136 5220 2274 5276 alius
2303 5239 2336 5278 a
2382 5243 2440 5282 se
2471 5227 2587 5299 ipso
2626 5235 3006 5314 Tertullianus,
3050 5247 3309 5323 deinceps
3370 5255 3514 5312 Mon-

1928 5306 2054 5360 tani
2083 5308 2167 5363 sui
2197 5313 2410 5382 spiritu
2451 5318 2582 5388 (non
2622 5326 2865 5395 afﬂante
2903 5306 3103 5407 utique,
3134 5339 3229 5394 sed
3246 5306 3522 5412 lin/tante)

1923 5398 2134 5452 tumens
2158 5398 2171 5452 l

3052 5807 3118 5865 ﬂ
