4028 6180
515 352 649 412 1291

1581 346 1668 405 ΑΙ)
1711 342 2004 407 GENUINA
2040 340 2477 406 TERTULLIANI
2526 344 2739 405 OPERA

3671 334 3812 395 1292

506 471 3804 497 Ν

1834 622 2489 702 DISSERTATIO

520 805 624 867 DE
664 800 1127 867 AFFINITATE
1155 801 1385 865 INTER
1419 799 1870 863 BAPTISMUM
1907 799 2003 860 ET
2044 798 2633 877 POENITENTIAM,
2670 798 3099 871 SEQUENTIS
3137 797 3349 860 LIBRI
3386 792 3794 871 AUTHORE,

1488 937 1584 1005 ET
1648 939 2000 1005 EJUSDEM
2060 936 2364 1002 SCRIPTI
2422 939 2824 1004 TEMPORE.

592 1287 636 1345 Ι.
678 1288 968 1356 Postquam
999 1297 1133 1355 ergo
1157 1282 1468 1339 Tertulliani
1500 1281 1696 1337 librum
1726 1279 1792 1337 de
1823 1284 2108 1354 Baptismo
2145 1301 2192 1379 Α
2223 1280 2464 1337 omnium
2493 1287 2946 1337 sacramentorum
2978 1277 3158 1348 primi,
3204 1287 3259 1332 et
3312 1292 3431 1334 cum
3477 1275 3666 1348 primis
3722 1295 3828 1334 ue-

526 1375 872 1440 absolvimus,
902 1388 1008 1428 non
1038 1381 1188 1428 recto
1225 1371 1445 1442 quidem
1498 1379 1552 1425 et
1607 1371 1877 1427 communi
1931 1385 2110 1425 sacra-

523 1472 828 1521 mentorum
873 1470 1180 1518 nostrorum
1233 1460 1443 1530 ordine,
1501 1466 1730 1514 attamen
1786 1475 1964 1530 neque
2013 1474 2115 1529 per

525 1555 759 1622 saltum,
800 1552 868 1607 ad
898 1551 1146 1620 ejusdem
1190 1549 1392 1605 librum
1421 1548 1487 1604 de
1516 1551 1886 1615 Paenitentia,
1917 1548 2117 1617 pariter

522 1642 668 1698 notis
704 1640 1026 1712 quibusdam
1072 1637 1475 1705 illustrandum,
1516 1636 1843 1705 deferimur;
1894 1651 2016 1690 nam
2064 1642 2119 1689 et

522 1732 642 1802 ipse
671 1731 885 1785 Author
913 1734 1244 1782 sacramenta
1265 1724 1601 1789 intermedia,
1623 1725 2116 1793 Con/irmationem

528 1828 580 1876 et
608 1818 1054 1885 Eucharistiam,
1085 1830 1195 1870 non
1233 1814 1448 1885 penitus
1503 1811 1771 1883 transiliit,
1821 1814 1915 1868 sed
1972 1814 2118 1868 illam

525 1909 741 1980 quidem
771 1907 830 1959 in
858 1904 1052 1975 prioris
1099 1903 1183 1959 sui
1224 1902 1345 1957 libri
1372 1917 1490 1972 cap.
1522 1906 1552 1957 6
1586 1908 1640 1956 et
1677 1904 1708 1956 '7
1743 1902 1891 1957 velut
1936 1901 2117 1974 quod-

525 1996 648 2051 dam
704 1992 953 2065 baptismi
1017 1991 1495 2062 complementum,
1546 1990 1694 2045 haud
1750 1990 2118 2061 perfunctorie

530 2083 827 2140 tractavit:
868 2082 1007 2137 hanc
1036 2095 1170 2139 vero
1226 2097 1346 2152 cap.
1408 2083 1474 2135 16
1530 2081 1614 2151 (ιιι
1661 2079 1735 2133 ibi
1791 2080 2113 2150 notavimus)

527 2174 720 2230 saltem
739 2171 924 2228 leviter
953 2170 1151 2243 attigit.

599 2264 669 2321 II.
731 2264 825 2317 Est
901 2266 1077 2315 autem
1155 2266 1413 2330 praeterea
1478 2257 1765 2329 singularis
1846 2258 2116 2328 quaedam,

526 2352 617 2406 vel
672 2347 841 2419 ipsius
895 2345 1227 2402 necessitatis
1275 2344 1504 2411 ratione,
1571 2346 1711 2400 inter
1770 2345 2117 2416 baptismum

528 2444 584 2493 et
638 2418 1042 2506 paenitentiam
1087 2433 1372 2487 connexio.
1402 2434 1537 2487 Cum
1586 2433 1733 2487 enim
1789 2449 1967 2488 rerum
1991 2418 2117 2489 om-

528 2525 681 2579 nium
737 2523 959 2577 Creator
1012 2523 1157 2576 Deus
1220 2519 1453 2587 primum
1519 2520 1798 2576 hominum
1879 2521 1933 2574 in
2014 2524 2119 2578 hoc

536 2612 871 2680 universum,
946 2625 1044 2665 ceu
1100 2608 1537 2681 patentissimum
1606 2626 1754 2665 mare
1828 2610 2116 2681 quoddam,

529 2701 834 2767 effudisset,
886 2714 948 2755 ac
993 2696 1092 2753 toti
1142 2697 1374 2754 humano
1426 2698 1610 2774 generi
1665 2700 1919 2769 deinceps
1974 2700 2124 2756 velut

528 2790 1011 2847 archithalassum
1067 2786 1328 2855 dedisset,
1386 2788 1433 2841 is
1497 2803 1623 2843 vero
1676 2789 1852 2843 noxiae
1910 2790 2122 2860 cupidi-

528 2879 655 2934 tatis
678 2893 788 2933 suae
818 2876 1073 2931 ﬂuctibus
1101 2876 1377 2946 abreptus,
1410 2878 1587 2934 navim
1631 2893 1785 2933 suam
1830 2878 1886 2932 in
1934 2877 2120 2934 duris-

528 2968 726 3022 simum
777 2965 1067 3036 scopulum
1113 2966 1329 3037 peccati
1378 2966 1677 3037 originalis
1726 2966 1996 3035 allisisset,
2057 2980 2124 3021 ac

527 3072 636 3112 non
666 3055 750 3110 sui
794 3053 986 3120 solius,
1035 3053 1129 3108 sed
1170 3062 1414 3109 nostrum
1468 3054 1707 3110 omnium
1762 3055 2121 3110 miserrimum

527 3143 873 3215 naufragium
919 3141 1154 3209 fecisset,
1212 3143 1474 3198 immensa
1541 3144 1887 3200 SALVATORIS
1952 3144 2122 3199 nostri

527 3234 776 3290 Bom'ras
790 3232 1040 3304 primam
1059 3231 1215 3288 nobis
1226 3232 1461 3303 porrexit
1485 3233 2121 3305 tabulam,BApr15MUM,

529 3341 635 3396 qua
661 3304 878 3393 arr’epta
906 3323 961 3376 in
993 3329 1208 3393 portum
1252 3321 1441 3377 salutis
1486 3322 1664 3378 denuo
1694 3304 2120 3395 emergeremus.

528 3414 598 3470 At
622 3428 754 3470 vero
783 3428 909 3469 cum
945 3409 1000 3465 in
1040 3412 1161 3483 ipso
1206 3411 1310 3466 hoc
1337 3416 1511 3483 portu
1547 3411 1779 3483 plurima
1822 3411 2124 3483 hominum,

527 3505 686 3581 novis
731 3518 921 3558 rursus
974 3500 1225 3556 ﬂuctibus
1279 3499 1749 3569 involvendorum,
1815 3502 2124 3573 naufragia

529 3592 711 3648 futura
748 3596 1134 3661 prmnosceret,
1181 3588 1511 3646 labefactata?
1557 3590 1893 3661 nimiumque
1949 3590 2124 3643 insta-

528 3680 626 3735 bili
654 3678 917 3734 voluntati
946 3687 1162 3744 nostrm,
1203 3678 1347 3733 idem
1386 3690 1843 3734 sacramentorum
1910 3677 2124 3733 institu-

530 3778 616 3824 tor
645 3767 891 3823 Christus
919 3766 1225 3822 secundam
1272 3772 1397 3840 post
1444 3771 1819 3839 naufragi-um
1870 3768 2125 3825 tabulam

534 3867 963 3919 ΡωΝιτΕΝτιΔι,
995 3854 1153 3908 nobis
1186 3856 1435 3925 projecit,
1463 3872 1571 3926 qua
1614 3856 1787 3925 adjuti
1841 3856 2021 3912 denuo
2070 3858 2122 3912 in

530 3959 787 4000 securum
818 3942 965 3997 littus
995 3923 1352 3997 enataremus.
1405 3923 1583 4013 Atque
1638 3923 1724 3999 hic
1780 3946 1994 4015 quidem
2038 3946 2128 4002 ille
2161 3923 2205 4001 C

531 4045 837 4089 BAPTISMUS
867 4036 966 4096 est,
989 4044 1152 4099 quem
1181 4028 1348 4086 Conc.
1380 4030 1530 4086 Trid.
1563 4047 1696 4087 sess.
1729 4048 1845 4099 xxv,
1907 4050 2006 4104 cap
2067 4038 2120 4102 2,

532 4124 890 4179 Lasomosuu
919 4117 1186 4191 appellat;
1220 4118 1413 4190 in'quo
1444 4135 1572 4177 sane
1601 4138 1700 4192 per
1745 4122 1910 4177 ardua
1944 4124 2124 4179 Poeni-

534 4214 714 4271 tentiaa
743 4228 908 4283 Opera
934 4210 1289 4266 vehementer
1337 4211 1723 4266 elaborandum
1755 4220 1856 4279 est,
1907 4223 1965 4269 ut
2021 4213 2124 4269 de-

536 4303 664 4358 licta
700 4317 808 4356 non
831 4301 946 4370 jam
975 4298 1155 4354 alieno
1210 4314 1467 4370 aquarum
1517 4300 1684 4367 fonte,
1743 4303 1835 4357 sed
1892 4303 2126 4373 propriis

532 4390 735 4448 nostris
752 4388 1001 4461 lacrymis
1026 4388 1289 4444 eluamus.

610 4481 703 4535 III.
734 4481 918 4549 Itaque
957 4493 1193 4548 sequens
1222 4476 1357 4533 liber
1384 4476 1554 4549 priori
1584 4493 1650 4534 eo
1680 4478 1856 4550 aptius
1901 4494 1933 4533 a
1971 4478 2126 4535 nobis

537 4567 907 4639 subjungitur,
937 4566 1085 4640 quod
1116 4566 1261 4638 prior
1298 4566 1389 4621 ille
1417 4566 1473 4620 in
1522 4566 1697 4638 ipsam
1732 4567 2126 4638 poenitentiam,

537 4668 790 4730 tanquam
820 4655 1267 4728 praeparationem
1298 4655 1566 4726 baptismo
1599 4655 1655 4709 in
1684 4656 1886 4712 adultis
1924 4672 2125 4713 neces-

536 4746 754 4812 sariam,
806 4744 1043 4811 desierit,
1090 4745 1181 4801 hic
1226 4759 1381 4811 vero,
1434 4744 1629 4801 idonea
1675 4745 1820 4803 velut
1875 4748 2132 4803 commis-

533 4855 683 4904 sura,
721 4836 963 4892 eamdem
1006 4835 1168 4891 latius
1215 4843 1594 4907 prosequatur,
1626 4844 1680 4893 et
1722 4836 1869 4891 illam
1916 4854 2128 4909 quoque

536 4926 934 4989 Paenitentiam,
966 4939 1086 4995 quae
1106 4931 1230 4994 post
1258 4923 1582 4995 baptismum
1604 4925 1838 4997 relapsis
1859 4934 2126 4997 superest,

539 5014 870 5071 enucleatius
908 5018 1216 5083 pertractet.

609 5104 703 5160 IV.
735 5104 857 5158 Non
886 5116 992 5155 una
1030 5107 1203 5157 autem
1234 5100 1370 5158 inter
1408 5103 1736 5175 baptismum
1766 5112 1819 5158 et
1866 5104 2133 5175 poeniten-

2224 1368 2465 1439 cessarii,
2479 1371 2745 1441 januam,
2783 1367 3055 1439 ingressus
3086 1374 3248 1437 patet.
3296 1365 3363 1418 At
3397 1379 3520 1419 vero
3549 1365 3830 1434 paeniten-

2223 1460 2299 1514 tia
2328 1456 2632 1512 adhibenda
2658 1462 2739 1511 est
2766 1455 2832 1509 ad
2879 1454 3107 1509 delenda
3150 1460 3370 1524 peccata
3422 1454 3701 1522 actualia,
3760 1470 3831 1509 ac

2224 1547 2495 1619 pracipue
2543 1562 2626 1614 ea,
2673 1561 2797 1617 quae
2828 1555 2950 1615 post
2984 1542 3309 1615 baptismum
3348 1541 3605 1611 deinceps
3663 1556 3827 1597 com-

2224 1638 2382 1690 missa
2431 1643 2572 1691 sunt.
2605 1638 2662 1689 2°
2703 1634 2928 1690 Ratione
2957 1635 3231 1704 effectus;
3269 1647 3389 1685 nam
3438 1631 3492 1684 in
3552 1633 3831 1701 baptismo

2225 1741 2332 1780 una
2353 1741 2475 1780 cum
2505 1726 2677 1796 culpa
2698 1724 2938 1779 aufertur
2952 1736 3173 1792 quoque
3202 1720 3376 1777 omnis
3397 1724 3592 1776 reatus
3615 1736 3833 1791 pwme,

2224 1822 2331 1868 tam
2362 1817 2612 1879 aeternae,
2643 1829 2807 1885 quam
2856 1812 3183 1886 temporalis
3205 1830 3223 1865 :
3284 1808 3610 1880 paenitentiae
3641 1818 3834 1864 autem

2224 1904 2401 1974 quoad
2432 1902 2784 1974 posteriorem
2824 1903 2986 1970 hunc,
3020 1916 3127 1955 non
3170 1900 3279 1968 jam
3328 1899 3511 1954 eadem
3571 1896 3830 1952 efﬁcacia

2213 2001 2306 2048 ‘est
2337 2010 2349 2046 :
2378 2000 2618 2047 remanet
2657 1990 2799 2046 enim
2829 2004 2989 2062 poena
3039 1988 3348 2058 temporalis
3389 1987 3446 2041 in
3503 1985 3835 2057 purgatorio

2226 2081 2600 2151 persolvenda,
2626 2080 2725 2135 nisi
2746 2080 2803 2133 in
2834 2081 2934 2134 hac
2961 2078 3067 2133 vita
3099 2093 3195 2148 pro
3218 2077 3452 2149 peccatis
3472 2076 3633 2146 plena
3651 2079 3839 2132 satis-

2224 2174 2401 2241 factio
2432 2187 2527 2243 per
2554 2186 2716 2241 opera
2772 2168 3103 2240 pmnitentiae
3130 2166 3368 2238 praestita
3398 2166 3576 2220 fuerit.
3620 2169 3682 2219 3°
3724 2168 3836 2221 Ra-

2227 2259 2371 2314 tione
2399 2259 2705 2315 intrinsecaa
2744 2274 2856 2313 suae
2894 2262 3162 2325 naturae;
3203 2254 3503 2327 baptismus
3540 2256 3687 2310 enim
3750 2263 3837 2309 est

2226 2350 2598 2420 regeneratio,
2642 2347 2934 2419 spiritualis
2962 2347 3236 2413 nimirum,
3278 2355 3331 2400 et
3362 2344 3662 2399 secundum
3692 2346 3837 2398 ani-

2226 2454 2383 2508 man,
2416 2453 2555 2508 quae,
2596 2436 2733 2491 sicut
2761 2434 3040 2508 generatio
3072 2436 3343 2500 carnalis,
3384 2432 3599 2488 nonnisi
3658 2433 3840 2487 semel

2230 2524 2348 2580 fieri
2374 2532 2588 2595 potest;
2627 2533 2789 2595 atque
2816 2524 2941 2579 ideo
2979 2523 3278 2594 baptismus
3307 2521 3362 2576 in
3393 2537 3478 2589 eo,
3524 2521 3617 2592 qui
3665 2537 3834 2576 eum-

2231 2617 2351 2671 dem
2396 2613 2559 2667 semel
2587 2612 2764 2669 valide
2802 2613 3058 2684 suscepit,
3100 2612 3369 2668 reiterari
3422 2608 3630 2681 nequit,
3700 2611 3839 2665 hinc

2228 2704 2373 2760 velut
2405 2704 2670 2773 impresso
2706 2703 2938 2774 quodam
2966 2702 3161 2773 sigillo,
3195 2702 3520 2757 charactere
3552 2698 3838 2769 videlicet,

2230 2790 2567 2864 obsignatus.
2608 2792 2676 2846 At
2721 2790 3035 2861 poenitentia
3078 2788 3136 2844 fit
3186 2789 3240 2842 in
3288 2788 3460 2844 forma
3506 2787 3731 2859 judicii
3780 2788 3840 2840 in

2229 2895 2339 2951 quo
2370 2882 2530 2935 homo
2562 2886 2814 2952 tanquam
2860 2895 3012 2949 reus,
3047 2877 3241 2948 suique
3289 2875 3449 2932 simul
3499 2880 3833 2941 accusator,

2228 2985 2261 3023 a
2317 2968 2526 3024 delictis
2573 2967 2685 3023 suis
2730 2968 3050 3024 absolvitur.
3106 2967 3253 3022 Sicut
3284 2973 3463 3020 autem
3522 2980 3648 3019 reus
3708 2976 3841 3034 post

2230 3072 2429 3112 novum
2509 3056 2790 3129 quodlibet
2835 3055 3112 3121 delictum,
3189 3062 3350 3126 atque
3406 3052 3701 3124 relapsum,
3768 3053 3837 3108 ad

2229 3146 2463 3201 tribunal
2509 3146 2807 3201 humanum
2855 3144 3091 3217 pertrahi
3120 3152 3317 3215 potest,
3347 3142 3420 3197 ita
3457 3146 3581 3213 post
3627 3143 3841 3212 baptis-

2230 3250 2376 3289 mum
2408 3234 2612 3305 lapsus,
2654 3248 2777 3288 cum
2826 3233 2993 3288 semel
3035 3231 3406 3303 paenitentiam
3451 3232 3561 3302 egit
3610 3229 3840 3294 eadem,

2229 3337 2356 3377 cum
2393 3322 2572 3377 denuo
2615 3323 2862 3391 relapsus
2910 3320 3091 3387 fuerit,
3143 3319 3301 3375 toties
3363 3319 3537 3373 eidem
3587 3319 3847 3374 iteranda

2229 3418 2333 3479 est,
2375 3411 2603 3482 ideoque
2632 3426 2915 3482 nunquam
2935 3412 3243 3464 charactere
3282 3408 3515 3481 quodam
3561 3407 3845 3480 obsigna-

2230 3508 2336 3569 tur,
2367 3501 2623 3568 quoniam
2652 3516 2754 3557 nec
2781 3497 3155 3554 misericordia
3189 3499 3295 3552 DEI
3346 3498 3605 3569 deinceps
3652 3499 3849 3553 eidem

2232 3591 2549 3646 occluditur.
2574 3593 2630 3645 4⁸
2660 3590 2891 3645 Ratione
2940 3591 3335 3655 necessitatis;
3357 3587 3654 3657 baptismus
3686 3590 3851 3643 enim

2232 3679 2485 3735 omnibus
2540 3677 2872 3743 hominibus,
2928 3677 3091 3731 etiam
3144 3679 3398 3748 parvulis
3460 3675 3579 3746 (qui
3651 3684 3851 3733 tamen

2237 3767 2450 3823 nonnisi
2472 3767 2991 3840 peccatooriginali
3018 3764 3344 3836 coinquinati
3380 3767 3523 3833 sunt)
3572 3764 3643 3818 ad
3686 3766 3849 3820 salu-

2236 3868 2340 3912 tem
2388 3856 2723 3912 necessarius
2754 3864 2833 3910 est
2866 3872 2878 3913 :
2911 3853 3230 3926 poenitentia
3274 3869 3402 3911 vero
3434 3852 3562 3909 solis
3591 3853 3843 3920 adultis,

2234 3945 2327 4018 qui
2354 3945 2593 4016 peccatis
2649 3945 2866 4017 pr0pria
2906 3945 3201 4014 voluntate,
3234 3960 3329 3999 seu
3359 3952 3501 4009 ante,
3555 3958 3655 3997 seu
3724 3956 3850 4015 post

2232 4035 2554 4106 baptismum
2592 4033 2911 4100 commissis,
2945 4033 3164 4089 obnoxii
3222 4042 3376 4102 sunt;
3413 4046 3513 4088 nec
3575 4033 3643 4087 de
3702 4052 3848 4106 pec-

2232 4128 2358 4180 cato
2385 4123 2653 4195 originali
2681 4138 2805 4180 vera
2828 4137 2891 4176 ac
2918 4121 3133 4193 proprie
3162 4123 3306 4177 dicta
3354 4121 3697 4192 poenitentia,
3754 4122 3855 4178 sed

2235 4212 2453 4268 nonnisi
2498 4213 2554 4267 in
2599 4211 2774 4267 latiori
2802 4227 2987 4277 sensu,
3019 4208 3299 4280 cujuslibet
3328 4211 3586 4265 nimirum
3633 4211 3854 4284 displi-

2235 4302 2425 4357 centiae
2470 4318 2532 4356 ac
2561 4299 2924 4356 detestationis
2987 4298 3113 4353 mali
3162 4298 3432 4369 prmteriti,
3492 4298 3582 4372 agi
3636 4310 3855 4369 potest.

2235 4392 2493 4448 Consulto
2554 4401 2731 4447 autem
2794 4397 3056 4463 praetereo
3111 4388 3247 4444 alias
3306 4388 3673 4461 differentias,
3729 4408 3856 4446 cum

2235 4480 2722 4552 imprazsentiarum
2753 4481 2819 4536 de
2856 4483 3214 4537 sacramento
3238 4480 3597 4552 paenitentia:
3625 4480 3859 4537 abstra-

2234 4570 2365 4626 here
2384 4570 2594 4626 animus
2622 4572 2710 4626 sit.

2309 4660 2375 4716 V.
2408 4661 2563 4715 Nunc
2592 4659 2659 4714 ad
2689 4660 2966 4716 authorem
2998 4658 3162 4728 hujus
3188 4658 3313 4714 libri
3360 4657 3690 4716 veniendum
3726 4670 3859 4717 est:

2238 4766 2399 4821 quem
2431 4749 2647 4821 quidem
2681 4748 3066 4804 Tertullianum
3099 4765 3238 4819 esse,
3269 4764 3427 4804 nemo
3476 4765 3653 4821 neque
3721 4751 3858 4809 olim

2237 4838 2518 4907 dubitavit,
2557 4854 2733 4909 nequc
2787 4845 2929 4893 nunc
2956 4836 3185 4892 dubitat.
3244 4838 3396 4893 Unus
3423 4845 3535 4892 erat
3581 4837 3860 4896 Erasmus

2237 4927 2647 4994 Roterodamus,
2690 4927 2939 4983 eumdem
2984 4926 3306 4982 Tertulliano
3370 4926 3661 4983 detrahere
3696 4944 3869 4984 cona-

2242 5026 2345 5085 tus.
2406 5035 2564 5089 quem
2622 5017 2836 5073 nonnisi
2878 5018 3071 5073 beatus
3118 5016 3409 5073 Rhenanus
3465 5025 3693 5072 secutus
3746 5030 3865 5083 est,

2238 5116 2462 5179 uterque
2496 5105 2589 5161 uni
2628 5106 2754 5163 huic
2782 5113 3121 5178 argumento,
3148 5106 3275 5161 satis
3332 5105 3513 5177 utique
3559 5106 3861 5172 imbecilli.

538 5193 670 5248 tiam
699 5189 1003 5288 differentia
1031 5197 1112 5288 est
1144 5194 1248 5287 :.l°
1304 5191 1523 5259 quidem
1572 5194 1774 5249 ratione
1832 5194 1965 5263 ﬁnis
1978 5215 1998 5263 ,-
2051 5202 2131 5249 est
2165 5211 2211 5288 Β
2244 5194 2480 5261 innixus,
2511 5196 2647 5267 styli
2675 5196 3012 5253 diversitati.
3052 5197 3231 5266 Atque
3282 5196 3425 5250 hunc
3480 5194 3713 5265 quidem
3741 5213 3875 5253 non

538 5281 683 5336 enim
731 5278 1029 5349 baptismus
1058 5278 1340 5334 institutus
1390 5282 1664 5353 praacipue
1722 5282 1787 5336 ad
1839 5283 2133 5337 delendum

536 5374 830 5443 peccatum
886 5368 1185 5439 originale,
1246 5376 1300 5421 et
1348 5369 1551 5440 reliqua
1598 5370 1651 5422 in
1709 5370 1904 5423 adultis
1956 5370 2133 5425 eidem

541 5456 897 5523 adhaerentia;
941 5456 1134 5511 deinde
1193 5464 1250 5510 ut
1296 5472 1391 5526 per
1447 5457 1595 5510 illum
1634 5457 1795 5511 homo
1843 5470 2135 5531 agregetur

540 5547 745 5614 popqu
804 5546 922 5616 Dei,
1012 5546 1209 5615 ﬁatque
1258 5546 1557 5601 membrum
1608 5545 1898 5615 Ecclesiae;
1958 5564 2132 5620 neque

542 5630 689 5682 enim
720 5631 857 5683 alius
882 5633 949 5684 ad
977 5634 1240 5702 eamdem,
1301 5651 1463 5707 quam
1514 5650 1608 5705 per
1666 5637 1801 5690 hanc
1857 5638 2128 5708 baptismi,

2244 5301 2385 5357 nego
2414 5284 2468 5338 in
2498 5286 2601 5339 hoc
2632 5285 2770 5340 libro
2806 5285 2968 5355 paulo
2996 5283 3342 5353 ﬂoridiorem
3389 5298 3526 5350 esse,
3575 5285 3677 5339 sed
3741 5302 3877 5341 non

2243 5388 2436 5445 magna
2499 5389 2529 5426 a
2605 5371 2953 5443 reliquorum,
3004 5370 3165 5425 etiam
3221 5386 3358 5443 quos
3393 5378 3634 5426 extrema
3680 5371 3879 5430 ferme

2242 5470 2397 5516 aitate
2424 5461 2660 5532 scripsit,
2699 5461 3023 5529 diversitate,
3060 5470 3113 5514 et
3171 5462 3339 5515 solum
3399 5464 3453 5514 in
3509 5460 3879 5531 quibusdam

2241 5550 2529 5623 allegoriis
2575 5564 2636 5604 ac
2685 5549 3031 5622 metaphoris
3086 5549 3247 5619 paulo
3297 5548 3690 5604 illustrioribus
3720 5552 3873 5607 sita-

2237 5638 2392 5707 Quod
2415 5641 2461 5693 si
2481 5654 2611 5694 vero
2641 5639 2848 5695 similes
2884 5637 3136 5695 ﬂosculos
3164 5655 3227 5695 ex
3258 5640 3379 5696 aliis
3406 5640 3653 5709 ejusdem
3683 5656 3881 5696 areo-
