  <div class='ocr_page' id='page_1' title='image "/cluster/home/n/w/nwhite01/storage/ocr_20150623/2/hvd.32044096580329/652.png"; bbox 0 0 4050 6168; ppageno 0'>
   <div class='ocr_carea' id='block_1_1' title="bbox 337 323 472 385">
    <p class='ocr_par' dir='ltr' id='par_1_1' title="bbox 337 323 472 385">
     <span class='ocr_line' id='line_1_1' title="bbox 337 323 472 385; baseline 0.022 -3"><span class='ocrx_word' id='word_1_1' title='bbox 337 323 472 385; x_wconf 76' lang='lat'>1293</span> 
     </span>
    </p>
   </div>
   <div class='ocr_carea' id='block_1_2' title="bbox 1172 319 2797 400">
    <p class='ocr_par' dir='ltr' id='par_1_2' title="bbox 1172 319 2797 400">
     <span class='ocr_line' id='line_1_2' title="bbox 1172 319 2797 400; baseline 0.002 -10"><span class='ocrx_word' id='word_1_2' title='bbox 1172 323 1507 392; x_wconf 82' lang='lat' dir='ltr'>APPENDIX</span> <span class='ocrx_word' id='word_1_3' title='bbox 1545 326 1609 386; x_wconf 70' lang='grc' dir='ltr'><strong>ν.</strong></span> <span class='ocrx_word' id='word_1_4' title='bbox 1647 354 1720 370; x_wconf 91' lang='grc'>--</span> <span class='ocrx_word' id='word_1_5' title='bbox 1756 324 1820 385; x_wconf 94' lang='lat' dir='ltr'>D.</span> <span class='ocrx_word' id='word_1_6' title='bbox 1860 319 2238 390; x_wconf 83' lang='lat' dir='ltr'>CORBINIANI</span> <span class='ocrx_word' id='word_1_7' title='bbox 2276 326 2518 392; x_wconf 68' lang='lat' dir='ltr'>THOMJE</span> <span class='ocrx_word' id='word_1_8' title='bbox 2565 333 2797 400; x_wconf 80' lang='lat' dir='ltr'>ADNOT.</span> 
     </span>
    </p>
   </div>
   <div class='ocr_carea' id='block_1_3' title="bbox 3494 343 3632 407">
    <p class='ocr_par' dir='ltr' id='par_1_3' title="bbox 3494 343 3632 407">
     <span class='ocr_line' id='line_1_3' title="bbox 3494 343 3632 407; baseline 0.029 -4"><span class='ocrx_word' id='word_1_9' title='bbox 3494 343 3632 407; x_wconf 82' lang='grc'>1294</span> 
     </span>
    </p>
   </div>
   <div class='ocr_carea' id='block_1_4' title="bbox 229 439 3629 550">
    <p class='ocr_par' dir='ltr' id='par_1_4' title="bbox 229 439 3629 550">
     <span class='ocr_line' id='line_1_4' title="bbox 229 439 3629 550; baseline 0.012 -51"><span class='ocrx_word' id='word_1_10' title='bbox 229 477 234 480; x_wconf 92' lang='grc'><strong>-</strong></span> <span class='ocrx_word' id='word_1_11' title='bbox 331 447 396 502; x_wconf 91' lang='lat' dir='ltr'>lis</span> <span class='ocrx_word' id='word_1_12' title='bbox 421 449 711 524; x_wconf 85' lang='lat' dir='ltr'>decerpere</span> <span class='ocrx_word' id='word_1_13' title='bbox 765 439 997 512; x_wconf 12' lang='lat' dir='ltr'>I207.</span> <span class='ocrx_word' id='word_1_14' title='bbox 1024 467 1263 526; x_wconf 89' lang='lat' dir='ltr'>vacaret,</span> <span class='ocrx_word' id='word_1_15' title='bbox 1295 456 1450 513; x_wconf 87' lang='lat' dir='ltr'>facile</span> <span class='ocrx_word' id='word_1_16' title='bbox 1477 455 1718 527; x_wconf 89' lang='lat' dir='ltr'>integras</span> <span class='ocrx_word' id='word_1_17' title='bbox 1746 452 1927 509; x_wconf 87' lang='lat' dir='ltr'>corol-</span> <span class='ocrx_word' id='word_1_18' title='bbox 1959 449 2198 530; x_wconf 55' lang='lat' dir='ltr'>“atque</span> <span class='ocrx_word' id='word_1_19' title='bbox 2256 459 2400 515; x_wconf 90' lang='lat' dir='ltr'>velut</span> <span class='ocrx_word' id='word_1_20' title='bbox 2465 463 2899 523; x_wconf 87' lang='lat' dir='ltr'>consolidabatur</span> <span class='ocrx_word' id='word_1_21' title='bbox 2943 469 3151 529; x_wconf 85' lang='lat' dir='ltr'>virilior</span> <span class='ocrx_word' id='word_1_22' title='bbox 3213 473 3468 550; x_wconf 88' lang='lat' dir='ltr'>deinceps</span> <span class='ocrx_word' id='word_1_23' title='bbox 3514 481 3629 538; x_wconf 91' lang='lat' dir='ltr'>elo-</span> 
     </span>
    </p>
   </div>
   <div class='ocr_carea' id='block_1_5' title="bbox 330 538 914 614">
    <p class='ocr_par' dir='ltr' id='par_1_5' title="bbox 330 538 914 614">
     <span class='ocr_line' id='line_1_5' title="bbox 330 538 914 614; baseline 0.015 -23"><span class='ocrx_word' id='word_1_24' title='bbox 330 538 410 592; x_wconf 89' lang='lat' dir='ltr'>las</span> <span class='ocrx_word' id='word_1_25' title='bbox 439 549 650 598; x_wconf 91' lang='lat' dir='ltr'>nectere</span> <span class='ocrx_word' id='word_1_26' title='bbox 680 559 914 614; x_wconf 90' lang='lat' dir='ltr'>possem.</span> 
     </span>
    </p>
   </div>
   <div class='ocr_carea' id='block_1_6' title="bbox 404 667 1922 744">
    <p class='ocr_par' dir='ltr' id='par_1_6' title="bbox 404 667 1922 744">
     <span class='ocr_line' id='line_1_6' title="bbox 404 667 1922 744; baseline 0.003 -22"><span class='ocrx_word' id='word_1_27' title='bbox 404 667 495 722; x_wconf 86' lang='lat' dir='ltr'><strong>VI.</strong></span> <span class='ocrx_word' id='word_1_28' title='bbox 527 669 788 725; x_wconf 88' lang='lat' dir='ltr'>Caterum</span> <span class='ocrx_word' id='word_1_29' title='bbox 818 688 881 725; x_wconf 86' lang='lat' dir='ltr'>ex</span> <span class='ocrx_word' id='word_1_30' title='bbox 921 672 1038 727; x_wconf 91' lang='lat' dir='ltr'>sola</span> <span class='ocrx_word' id='word_1_31' title='bbox 1073 681 1125 728; x_wconf 94' lang='lat' dir='ltr'>et</span> <span class='ocrx_word' id='word_1_32' title='bbox 1155 688 1491 744; x_wconf 89' lang='lat' dir='ltr'>quacumque</span> <span class='ocrx_word' id='word_1_33' title='bbox 1529 673 1664 744; x_wconf 83' lang='lat' dir='ltr'><strong><em>styli</em></strong></span> <span class='ocrx_word' id='word_1_34' title='bbox 1712 672 1922 730; x_wconf 85' lang='lat' dir='ltr'>discor-</span> 
     </span>
    </p>
   </div>
   <div class='ocr_carea' id='block_1_7' title="bbox 330 755 1920 833">
    <p class='ocr_par' dir='ltr' id='par_1_7' title="bbox 330 755 1920 833">
     <span class='ocr_line' id='line_1_7' title="bbox 330 755 1920 833; baseline 0.005 -23"><span class='ocrx_word' id='word_1_35' title='bbox 330 755 530 822; x_wconf 89' lang='lat' dir='ltr'>dantia,</span> <span class='ocrx_word' id='word_1_36' title='bbox 578 759 679 812; x_wconf 88' lang='lat' dir='ltr'>nisi</span> <span class='ocrx_word' id='word_1_37' title='bbox 717 760 964 828; x_wconf 89' lang='lat' dir='ltr'>aliorum,</span> <span class='ocrx_word' id='word_1_38' title='bbox 1015 768 1069 816; x_wconf 91' lang='lat' dir='ltr'>et</span> <span class='ocrx_word' id='word_1_39' title='bbox 1107 762 1412 832; x_wconf 78' lang='lat' dir='ltr'>graviorum</span> <span class='ocrx_word' id='word_1_40' title='bbox 1463 762 1704 832; x_wconf 89' lang='lat' dir='ltr'>quidem,</span> <span class='ocrx_word' id='word_1_41' title='bbox 1759 778 1920 833; x_wconf 76' lang='lat' dir='ltr'>argu-</span> 
     </span>
    </p>
   </div>
   <div class='ocr_carea' id='block_1_8' title="bbox 334 848 1923 915">
    <p class='ocr_par' dir='ltr' id='par_1_8' title="bbox 334 848 1923 915">
     <span class='ocr_line' id='line_1_8' title="bbox 334 848 1923 915; baseline 0.004 -16"><span class='ocrx_word' id='word_1_42' title='bbox 334 854 636 901; x_wconf 90' lang='lat' dir='ltr'>mentorum</span> <span class='ocrx_word' id='word_1_43' title='bbox 691 848 1012 904; x_wconf 89' lang='lat' dir='ltr'>adminicula</span> <span class='ocrx_word' id='word_1_44' title='bbox 1057 857 1430 915; x_wconf 88' lang='lat' dir='ltr'>concurrant,</span> <span class='ocrx_word' id='word_1_45' title='bbox 1491 850 1576 906; x_wconf 88' lang='lat' dir='ltr'>vix</span> <span class='ocrx_word' id='word_1_46' title='bbox 1645 851 1923 905; x_wconf 86' lang='lat' dir='ltr'>authorem</span> 
     </span>
    </p>
   </div>
   <div class='ocr_carea' id='block_1_9' title="bbox 330 935 1922 1010">
    <p class='ocr_par' dir='ltr' id='par_1_9' title="bbox 330 935 1922 1010">
     <span class='ocr_line' id='line_1_9' title="bbox 330 935 1922 1010; baseline 0.003 -20"><span class='ocrx_word' id='word_1_47' title='bbox 330 943 643 1007; x_wconf 66' lang='lat' dir='ltr'>sriSpectum</span> <span class='ocrx_word' id='word_1_48' title='bbox 681 935 816 1003; x_wconf 82' lang='lat' dir='ltr'>fieri,</span> <span class='ocrx_word' id='word_1_49' title='bbox 850 953 916 992; x_wconf 90' lang='lat' dir='ltr'>ne</span> <span class='ocrx_word' id='word_1_50' title='bbox 955 937 1154 1005; x_wconf 90' lang='lat' dir='ltr'>dicam,</span> <span class='ocrx_word' id='word_1_51' title='bbox 1184 937 1390 1010; x_wconf 88' lang='lat' dir='ltr'>aliquid</span> <span class='ocrx_word' id='word_1_52' title='bbox 1436 947 1621 994; x_wconf 91' lang='lat' dir='ltr'>contra</span> <span class='ocrx_word' id='word_1_53' title='bbox 1675 939 1922 994; x_wconf 90' lang='lat' dir='ltr'>eumdem</span> 
     </span>
    </p>
   </div>
   <div class='ocr_carea' id='block_1_10' title="bbox 333 1025 1924 1101">
    <p class='ocr_par' dir='ltr' id='par_1_10' title="bbox 333 1025 1924 1101">
     <span class='ocr_line' id='line_1_10' title="bbox 333 1025 1924 1101; baseline 0.004 -22"><span class='ocrx_word' id='word_1_54' title='bbox 333 1025 551 1082; x_wconf 88' lang='lat' dir='ltr'>decerni</span> <span class='ocrx_word' id='word_1_55' title='bbox 596 1042 782 1099; x_wconf 86' lang='lat' dir='ltr'>posse,</span> <span class='ocrx_word' id='word_1_56' title='bbox 836 1029 1046 1099; x_wconf 86' lang='lat' dir='ltr'>pridem</span> <span class='ocrx_word' id='word_1_57' title='bbox 1106 1045 1324 1085; x_wconf 84' lang='lat' dir='ltr'>sensere</span> <span class='ocrx_word' id='word_1_58' title='bbox 1376 1029 1473 1084; x_wconf 85' lang='lat' dir='ltr'>alii</span> <span class='ocrx_word' id='word_1_59' title='bbox 1517 1030 1736 1101; x_wconf 87' lang='lat' dir='ltr'>optima</span> <span class='ocrx_word' id='word_1_60' title='bbox 1783 1039 1924 1086; x_wconf 87' lang='lat' dir='ltr'>nota</span> 
     </span>
    </p>
   </div>
   <div class='ocr_carea' id='block_1_11' title="bbox 334 1116 1922 1193">
    <p class='ocr_par' dir='ltr' id='par_1_11' title="bbox 334 1116 1922 1193">
     <span class='ocr_line' id='line_1_11' title="bbox 334 1116 1922 1193; baseline 0.003 -22"><span class='ocrx_word' id='word_1_61' title='bbox 334 1116 522 1186; x_wconf 82' lang='lat' dir='ltr'>critici,</span> <span class='ocrx_word' id='word_1_62' title='bbox 553 1133 618 1172; x_wconf 86' lang='lat' dir='ltr'>ex</span> <span class='ocrx_word' id='word_1_63' title='bbox 647 1117 842 1188; x_wconf 87' lang='lat' dir='ltr'>quibus</span> <span class='ocrx_word' id='word_1_64' title='bbox 866 1119 949 1176; x_wconf 89' lang='lat' dir='ltr'>vel</span> <span class='ocrx_word' id='word_1_65' title='bbox 979 1119 1384 1193; x_wconf 22' lang='lat' dir='ltr'>unumladduco</span> <span class='ocrx_word' id='word_1_66' title='bbox 1421 1118 1770 1175; x_wconf 89' lang='lat' dir='ltr'>Guilielmum</span> <span class='ocrx_word' id='word_1_67' title='bbox 1815 1120 1922 1176; x_wconf 88' lang='lat' dir='ltr'>Ca-</span> 
     </span>
    </p>
   </div>
   <div class='ocr_carea' id='block_1_12' title="bbox 331 1207 1924 1280">
    <p class='ocr_par' dir='ltr' id='par_1_12' title="bbox 331 1207 1924 1280">
     <span class='ocr_line' id='line_1_12' title="bbox 331 1207 1924 1280; baseline 0.001 -18"><span class='ocrx_word' id='word_1_68' title='bbox 331 1221 510 1274; x_wconf 88' lang='lat' dir='ltr'>veum,</span> <span class='ocrx_word' id='word_1_69' title='bbox 542 1207 633 1278; x_wconf 85' lang='lat' dir='ltr'>qui</span> <span class='ocrx_word' id='word_1_70' title='bbox 662 1207 716 1261; x_wconf 94' lang='lat' dir='ltr'>in</span> <span class='ocrx_word' id='word_1_71' title='bbox 745 1208 888 1264; x_wconf 77' lang='lat' dir='ltr'>Hist.</span> <span class='ocrx_word' id='word_1_72' title='bbox 910 1223 1022 1264; x_wconf 88' lang='lat' dir='ltr'>sua</span> <span class='ocrx_word' id='word_1_73' title='bbox 1054 1209 1232 1265; x_wconf 80' lang='lat' dir='ltr'>litter.</span> <span class='ocrx_word' id='word_1_74' title='bbox 1267 1208 1674 1280; x_wconf 82' lang='lat' dir='ltr'>Prolegomenis</span> <span class='ocrx_word' id='word_1_75' title='bbox 1704 1217 1838 1266; x_wconf 91' lang='lat' dir='ltr'>sect.</span> <span class='ocrx_word' id='word_1_76' title='bbox 1871 1212 1924 1279; x_wconf 82' lang='grc'>4,</span> 
     </span>
    </p>
   </div>
   <div class='ocr_carea' id='block_1_13' title="bbox 336 1296 1923 1370">
    <p class='ocr_par' dir='ltr' id='par_1_13' title="bbox 336 1296 1923 1370">
     <span class='ocr_line' id='line_1_13' title="bbox 336 1296 1923 1370; baseline 0.003 -23"><span class='ocrx_word' id='word_1_77' title='bbox 336 1309 389 1347; x_wconf 92' lang='lat' dir='ltr'>n.</span> <span class='ocrx_word' id='word_1_78' title='bbox 431 1296 538 1359; x_wconf 82' lang='grc'>64,</span> <span class='ocrx_word' id='word_1_79' title='bbox 587 1305 700 1350; x_wconf 92' lang='lat' dir='ltr'>tum</span> <span class='ocrx_word' id='word_1_80' title='bbox 758 1296 976 1352; x_wconf 90' lang='lat' dir='ltr'>demum</span> <span class='ocrx_word' id='word_1_81' title='bbox 1021 1297 1279 1359; x_wconf 79' lang='grc' dir='ltr'>νοθεύσεως</span> <span class='ocrx_word' id='word_1_82' title='bbox 1336 1313 1433 1352; x_wconf 90' lang='lat' dir='ltr'>seu</span> <span class='ocrx_word' id='word_1_83' title='bbox 1511 1297 1923 1370; x_wconf 89' lang='lat' dir='ltr'>suppositionis,</span> 
     </span>
    </p>
   </div>
   <div class='ocr_carea' id='block_1_14' title="bbox 337 1384 1928 1458">
    <p class='ocr_par' dir='ltr' id='par_1_14' title="bbox 337 1384 1928 1458">
     <span class='ocr_line' id='line_1_14' title="bbox 337 1384 1928 1458; baseline 0.003 -22"><span class='ocrx_word' id='word_1_84' title='bbox 337 1392 713 1454; x_wconf 80' lang='lat' dir='ltr'>argumentum</span> <span class='ocrx_word' id='word_1_85' title='bbox 744 1384 974 1454; x_wconf 89' lang='lat' dir='ltr'>praberi</span> <span class='ocrx_word' id='word_1_86' title='bbox 1011 1385 1103 1453; x_wconf 91' lang='lat' dir='ltr'>ait,</span> <span class='ocrx_word' id='word_1_87' title='bbox 1149 1405 1176 1436; x_wconf 77' lang='grc' dir='ltr'><strong><em>α</em></strong></span> <span class='ocrx_word' id='word_1_88' title='bbox 1217 1386 1264 1440; x_wconf 88' lang='lat' dir='ltr'>si</span> <span class='ocrx_word' id='word_1_89' title='bbox 1293 1386 1482 1456; x_wconf 86' lang='lat' dir='ltr'>stylus,</span> <span class='ocrx_word' id='word_1_90' title='bbox 1513 1386 1784 1458; x_wconf 80' lang='lat' dir='ltr'>totiusque</span> <span class='ocrx_word' id='word_1_91' title='bbox 1813 1401 1928 1441; x_wconf 91' lang='lat' dir='ltr'>ora-</span> 
     </span>
    </p>
   </div>
   <div class='ocr_carea' id='block_1_15' title="bbox 338 1470 1926 1543">
    <p class='ocr_par' dir='ltr' id='par_1_15' title="bbox 338 1470 1926 1543">
     <span class='ocr_line' id='line_1_15' title="bbox 338 1470 1926 1543; baseline 0.004 -19"><span class='ocrx_word' id='word_1_92' title='bbox 338 1470 500 1526; x_wconf 87' lang='lat' dir='ltr'>tionis</span> <span class='ocrx_word' id='word_1_93' title='bbox 527 1481 826 1543; x_wconf 78' lang='lat' dir='ltr'>contextus,</span> <span class='ocrx_word' id='word_1_94' title='bbox 859 1475 927 1528; x_wconf 87' lang='lat' dir='ltr'>sit</span> <span class='ocrx_word' id='word_1_95' title='bbox 966 1488 1152 1530; x_wconf 68' lang='lat' dir='ltr'>nonan</span> <span class='ocrx_word' id='word_1_96' title='bbox 1182 1489 1450 1530; x_wconf 74' lang='lat' dir='ltr'>DIVERSUS</span> <span class='ocrx_word' id='word_1_97' title='bbox 1494 1475 1562 1528; x_wconf 89' lang='lat' dir='ltr'>ab</span> <span class='ocrx_word' id='word_1_98' title='bbox 1602 1490 1668 1530; x_wconf 93' lang='lat' dir='ltr'>eo</span> <span class='ocrx_word' id='word_1_99' title='bbox 1713 1475 1926 1531; x_wconf 80' lang='lat' dir='ltr'>dicendi</span> 
     </span>
    </p>
   </div>
   <div class='ocr_carea' id='block_1_16' title="bbox 337 1561 1922 1635">
    <p class='ocr_par' dir='ltr' id='par_1_16' title="bbox 337 1561 1922 1635">
     <span class='ocr_line' id='line_1_16' title="bbox 337 1561 1922 1635; baseline 0.001 -21"><span class='ocrx_word' id='word_1_100' title='bbox 337 1561 665 1628; x_wconf 84' lang='lat' dir='ltr'>charactere,</span> <span class='ocrx_word' id='word_1_101' title='bbox 698 1578 804 1634; x_wconf 93' lang='lat' dir='ltr'>quo</span> <span class='ocrx_word' id='word_1_102' title='bbox 843 1563 896 1618; x_wconf 91' lang='lat' dir='ltr'>in</span> <span class='ocrx_word' id='word_1_103' title='bbox 926 1563 1174 1635; x_wconf 82' lang='lat' dir='ltr'>genuinis</span> <span class='ocrx_word' id='word_1_104' title='bbox 1214 1564 1325 1618; x_wconf 90' lang='lat' dir='ltr'>suis</span> <span class='ocrx_word' id='word_1_105' title='bbox 1363 1580 1494 1619; x_wconf 90' lang='lat' dir='ltr'>usus</span> <span class='ocrx_word' id='word_1_106' title='bbox 1525 1570 1607 1618; x_wconf 90' lang='lat' dir='ltr'>est</span> <span class='ocrx_word' id='word_1_107' title='bbox 1654 1572 1860 1621; x_wconf 83' lang='lat' dir='ltr'>auctor.</span> <span class='ocrx_word' id='word_1_108' title='bbox 1899 1588 1922 1616; x_wconf 63' lang='grc' dir='ltr'><strong><em>υ</em></strong></span> 
     </span>
    </p>
   </div>
   <div class='ocr_carea' id='block_1_17' title="bbox 337 1651 1927 1726">
    <p class='ocr_par' dir='ltr' id='par_1_17' title="bbox 337 1651 1927 1726">
     <span class='ocr_line' id='line_1_17' title="bbox 337 1651 1927 1726; baseline 0.004 -24"><span class='ocrx_word' id='word_1_109' title='bbox 337 1651 534 1721; x_wconf 84' lang='lat' dir='ltr'>Atquin</span> <span class='ocrx_word' id='word_1_110' title='bbox 563 1667 694 1707; x_wconf 87' lang='lat' dir='ltr'>vero</span> <span class='ocrx_word' id='word_1_111' title='bbox 721 1652 854 1708; x_wconf 90' lang='lat' dir='ltr'>adeo</span> <span class='ocrx_word' id='word_1_112' title='bbox 885 1669 990 1708; x_wconf 92' lang='lat' dir='ltr'>non</span> <span class='ocrx_word' id='word_1_113' title='bbox 1031 1654 1189 1725; x_wconf 88' lang='lat' dir='ltr'>longe</span> <span class='ocrx_word' id='word_1_114' title='bbox 1219 1653 1503 1710; x_wconf 82' lang='lat' dir='ltr'>diversum</span> <span class='ocrx_word' id='word_1_115' title='bbox 1532 1653 1708 1725; x_wconf 88' lang='lat' dir='ltr'>quivis</span> <span class='ocrx_word' id='word_1_116' title='bbox 1736 1653 1927 1726; x_wconf 90' lang='lat' dir='ltr'>legens</span> 
     </span>
    </p>
   </div>
   <div class='ocr_carea' id='block_1_18' title="bbox 338 1737 1926 1815">
    <p class='ocr_par' dir='ltr' id='par_1_18' title="bbox 338 1737 1926 1815">
     <span class='ocr_line' id='line_1_18' title="bbox 338 1737 1926 1815; baseline 0.005 -25"><span class='ocrx_word' id='word_1_117' title='bbox 338 1737 725 1808; x_wconf 85' lang='lat' dir='ltr'>deprehendet,</span> <span class='ocrx_word' id='word_1_118' title='bbox 755 1749 816 1794; x_wconf 93' lang='lat' dir='ltr'>ut</span> <span class='ocrx_word' id='word_1_119' title='bbox 846 1742 1026 1810; x_wconf 88' lang='lat' dir='ltr'>potius</span> <span class='ocrx_word' id='word_1_120' title='bbox 1043 1753 1237 1812; x_wconf 90' lang='lat' dir='ltr'>prater</span> <span class='ocrx_word' id='word_1_121' title='bbox 1266 1759 1466 1815; x_wconf 90' lang='lat' dir='ltr'>paucas</span> <span class='ocrx_word' id='word_1_122' title='bbox 1491 1743 1755 1814; x_wconf 87' lang='lat' dir='ltr'>quasdam</span> <span class='ocrx_word' id='word_1_123' title='bbox 1775 1745 1926 1815; x_wconf 84' lang='lat' dir='ltr'>phra-</span> 
     </span>
    </p>
   </div>
   <div class='ocr_carea' id='block_1_19' title="bbox 334 1821 1924 1905">
    <p class='ocr_par' dir='ltr' id='par_1_19' title="bbox 334 1821 1924 1905">
     <span class='ocr_line' id='line_1_19' title="bbox 334 1821 1924 1905; baseline 0.006 -26"><span class='ocrx_word' id='word_1_124' title='bbox 334 1841 442 1890; x_wconf 92' lang='lat' dir='ltr'>ses,</span> <span class='ocrx_word' id='word_1_125' title='bbox 476 1821 636 1898; x_wconf 84' lang='lat' dir='ltr'>paulo</span> <span class='ocrx_word' id='word_1_126' title='bbox 671 1829 1026 1894; x_wconf 88' lang='lat' dir='ltr'>excitatiores,</span> <span class='ocrx_word' id='word_1_127' title='bbox 1067 1840 1122 1885; x_wconf 90' lang='lat' dir='ltr'>et</span> <span class='ocrx_word' id='word_1_128' title='bbox 1159 1831 1215 1886; x_wconf 90' lang='lat' dir='ltr'>in</span> <span class='ocrx_word' id='word_1_129' title='bbox 1256 1832 1380 1886; x_wconf 89' lang='lat' dir='ltr'>aliis</span> <span class='ocrx_word' id='word_1_130' title='bbox 1403 1833 1716 1889; x_wconf 86' lang='lat' dir='ltr'>Tertulliani</span> <span class='ocrx_word' id='word_1_131' title='bbox 1747 1837 1924 1905; x_wconf 88' lang='lat' dir='ltr'>scrip-</span> 
     </span>
    </p>
   </div>
   <div class='ocr_carea' id='block_1_20' title="bbox 335 1914 1923 1987">
    <p class='ocr_par' dir='ltr' id='par_1_20' title="bbox 335 1914 1923 1987">
     <span class='ocr_line' id='line_1_20' title="bbox 335 1914 1923 1987; baseline 0.008 -20"><span class='ocrx_word' id='word_1_132' title='bbox 335 1914 407 1970; x_wconf 89' lang='lat' dir='ltr'>tis</span> <span class='ocrx_word' id='word_1_133' title='bbox 437 1916 528 1972; x_wconf 87' lang='lat' dir='ltr'>vix</span> <span class='ocrx_word' id='word_1_134' title='bbox 558 1927 925 1983; x_wconf 86' lang='lat' dir='ltr'>occurrentes,</span> <span class='ocrx_word' id='word_1_135' title='bbox 963 1918 1159 1976; x_wconf 85' lang='lat' dir='ltr'>Afrum</span> <span class='ocrx_word' id='word_1_136' title='bbox 1199 1921 1354 1987; x_wconf 92' lang='lat' dir='ltr'>illud,</span> <span class='ocrx_word' id='word_1_137' title='bbox 1387 1937 1449 1977; x_wconf 90' lang='lat' dir='ltr'>ac</span> <span class='ocrx_word' id='word_1_138' title='bbox 1485 1924 1758 1978; x_wconf 89' lang='lat' dir='ltr'>concisum</span> <span class='ocrx_word' id='word_1_139' title='bbox 1804 1924 1923 1979; x_wconf 92' lang='lat' dir='ltr'>elo-</span> 
     </span>
    </p>
   </div>
   <div class='ocr_carea' id='block_1_21' title="bbox 332 2004 1925 2081">
    <p class='ocr_par' dir='ltr' id='par_1_21' title="bbox 332 2004 1925 2081">
     <span class='ocr_line' id='line_1_21' title="bbox 332 2004 1925 2081; baseline 0.007 -24"><span class='ocrx_word' id='word_1_140' title='bbox 332 2004 445 2075; x_wconf 92' lang='lat' dir='ltr'>quii</span> <span class='ocrx_word' id='word_1_141' title='bbox 489 2021 684 2077; x_wconf 88' lang='lat' dir='ltr'>genus,</span> <span class='ocrx_word' id='word_1_142' title='bbox 737 2007 828 2061; x_wconf 90' lang='lat' dir='ltr'>uni</span> <span class='ocrx_word' id='word_1_143' title='bbox 877 2006 1043 2064; x_wconf 89' lang='lat' dir='ltr'>ferme</span> <span class='ocrx_word' id='word_1_144' title='bbox 1099 2009 1429 2065; x_wconf 89' lang='lat' dir='ltr'>Tertulliano</span> <span class='ocrx_word' id='word_1_145' title='bbox 1476 2011 1781 2081; x_wconf 91' lang='lat' dir='ltr'>proprium,</span> <span class='ocrx_word' id='word_1_146' title='bbox 1833 2013 1925 2068; x_wconf 90' lang='lat' dir='ltr'>illa</span> 
     </span>
    </p>
   </div>
   <div class='ocr_carea' id='block_1_22' title="bbox 331 2089 1924 2171">
    <p class='ocr_par' dir='ltr' id='par_1_22' title="bbox 331 2089 1924 2171">
     <span class='ocr_line' id='line_1_22' title="bbox 331 2089 1924 2171; baseline 0.008 -28"><span class='ocrx_word' id='word_1_147' title='bbox 331 2089 522 2146; x_wconf 92' lang='lat' dir='ltr'>deinde</span> <span class='ocrx_word' id='word_1_148' title='bbox 566 2094 688 2163; x_wconf 81' lang='lat' dir='ltr'>styli</span> <span class='ocrx_word' id='word_1_149' title='bbox 735 2095 882 2150; x_wconf 88' lang='lat' dir='ltr'>velut</span> <span class='ocrx_word' id='word_1_150' title='bbox 927 2096 1173 2166; x_wconf 78' lang='lat' dir='ltr'>quaedam</span> <span class='ocrx_word' id='word_1_151' title='bbox 1241 2098 1521 2167; x_wconf 86' lang='lat' dir='ltr'>majestas,</span> <span class='ocrx_word' id='word_1_152' title='bbox 1595 2115 1924 2171; x_wconf 91' lang='lat' dir='ltr'>sensumque</span> 
     </span>
    </p>
   </div>
   <div class='ocr_carea' id='block_1_23' title="bbox 329 2179 1921 2258">
    <p class='ocr_par' dir='ltr' id='par_1_23' title="bbox 329 2179 1921 2258">
     <span class='ocr_line' id='line_1_23' title="bbox 329 2179 1921 2258; baseline 0.008 -25"><span class='ocrx_word' id='word_1_153' title='bbox 329 2179 384 2234; x_wconf 85' lang='lat' dir='ltr'>in</span> <span class='ocrx_word' id='word_1_154' title='bbox 431 2181 662 2251; x_wconf 80' lang='lat' dir='ltr'>singulis</span> <span class='ocrx_word' id='word_1_155' title='bbox 705 2199 872 2253; x_wconf 89' lang='lat' dir='ltr'>pr0pe</span> <span class='ocrx_word' id='word_1_156' title='bbox 910 2185 1092 2240; x_wconf 87' lang='lat' dir='ltr'>verbis</span> <span class='ocrx_word' id='word_1_157' title='bbox 1142 2185 1374 2256; x_wconf 88' lang='lat' dir='ltr'>ubertas,</span> <span class='ocrx_word' id='word_1_158' title='bbox 1429 2188 1520 2242; x_wconf 90' lang='lat' dir='ltr'>illa</span> <span class='ocrx_word' id='word_1_159' title='bbox 1551 2189 1772 2258; x_wconf 71' lang='lat' dir='ltr'>grandis</span> <span class='ocrx_word' id='word_1_160' title='bbox 1802 2191 1921 2245; x_wconf 87' lang='lat' dir='ltr'>elo-</span> 
     </span>
    </p>
   </div>
   <div class='ocr_carea' id='block_1_24' title="bbox 334 2268 1924 2347">
    <p class='ocr_par' dir='ltr' id='par_1_24' title="bbox 334 2268 1924 2347">
     <span class='ocr_line' id='line_1_24' title="bbox 334 2268 1924 2347; baseline 0.008 -25"><span class='ocrx_word' id='word_1_161' title='bbox 334 2268 574 2339; x_wconf 88' lang='lat' dir='ltr'>quentia,</span> <span class='ocrx_word' id='word_1_162' title='bbox 620 2286 743 2341; x_wconf 88' lang='lat' dir='ltr'>qua</span> <span class='ocrx_word' id='word_1_163' title='bbox 790 2279 908 2326; x_wconf 91' lang='lat' dir='ltr'>utut</span> <span class='ocrx_word' id='word_1_164' title='bbox 947 2271 1081 2328; x_wconf 88' lang='lat' dir='ltr'>dura</span> <span class='ocrx_word' id='word_1_165' title='bbox 1125 2273 1230 2340; x_wconf 87' lang='lat' dir='ltr'>sit,</span> <span class='ocrx_word' id='word_1_166' title='bbox 1291 2277 1472 2330; x_wconf 89' lang='lat' dir='ltr'>nescio</span> <span class='ocrx_word' id='word_1_167' title='bbox 1522 2278 1792 2347; x_wconf 91' lang='lat' dir='ltr'>quomodo</span> <span class='ocrx_word' id='word_1_168' title='bbox 1837 2286 1924 2333; x_wconf 94' lang='lat' dir='ltr'>ta-</span> 
     </span>
    </p>
   </div>
   <div class='ocr_carea' id='block_1_25' title="bbox 331 2359 1927 2436">
    <p class='ocr_par' dir='ltr' id='par_1_25' title="bbox 331 2359 1927 2436">
     <span class='ocr_line' id='line_1_25' title="bbox 331 2359 1927 2436; baseline 0.007 -25"><span class='ocrx_word' id='word_1_169' title='bbox 331 2373 453 2412; x_wconf 90' lang='lat' dir='ltr'>men</span> <span class='ocrx_word' id='word_1_170' title='bbox 493 2359 750 2414; x_wconf 88' lang='lat' dir='ltr'>lectorem</span> <span class='ocrx_word' id='word_1_171' title='bbox 779 2361 862 2415; x_wconf 91' lang='lat' dir='ltr'>vel</span> <span class='ocrx_word' id='word_1_172' title='bbox 893 2361 1117 2416; x_wconf 90' lang='lat' dir='ltr'>invitum</span> <span class='ocrx_word' id='word_1_173' title='bbox 1145 2365 1210 2416; x_wconf 88' lang='lat' dir='ltr'>ad</span> <span class='ocrx_word' id='word_1_174' title='bbox 1243 2379 1300 2418; x_wconf 91' lang='lat' dir='ltr'>se</span> <span class='ocrx_word' id='word_1_175' title='bbox 1328 2380 1519 2434; x_wconf 90' lang='lat' dir='ltr'>rapere</span> <span class='ocrx_word' id='word_1_176' title='bbox 1559 2373 1738 2436; x_wconf 88' lang='lat' dir='ltr'>potest</span> <span class='ocrx_word' id='word_1_177' title='bbox 1766 2410 1782 2433; x_wconf 89' lang='lat'>,</span> <span class='ocrx_word' id='word_1_178' title='bbox 1817 2383 1927 2422; x_wconf 91' lang='lat' dir='ltr'>non</span> 
     </span>
    </p>
   </div>
   <div class='ocr_carea' id='block_1_26' title="bbox 335 2445 1923 2518">
    <p class='ocr_par' dir='ltr' id='par_1_26' title="bbox 335 2445 1923 2518">
     <span class='ocr_line' id='line_1_26' title="bbox 335 2445 1923 2518; baseline 0.006 -18"><span class='ocrx_word' id='word_1_179' title='bbox 335 2445 514 2503; x_wconf 90' lang='lat' dir='ltr'>minus</span> <span class='ocrx_word' id='word_1_180' title='bbox 545 2447 600 2501; x_wconf 90' lang='lat' dir='ltr'>in</span> <span class='ocrx_word' id='word_1_181' title='bbox 640 2448 741 2504; x_wconf 92' lang='lat' dir='ltr'>hoc</span> <span class='ocrx_word' id='word_1_182' title='bbox 778 2448 915 2504; x_wconf 91' lang='lat' dir='ltr'>libro</span> <span class='ocrx_word' id='word_1_183' title='bbox 945 2451 1270 2518; x_wconf 87' lang='lat' dir='ltr'>triumphet:</span> <span class='ocrx_word' id='word_1_184' title='bbox 1303 2459 1360 2505; x_wconf 90' lang='lat' dir='ltr'>ut</span> <span class='ocrx_word' id='word_1_185' title='bbox 1391 2453 1467 2506; x_wconf 92' lang='lat' dir='ltr'>nil</span> <span class='ocrx_word' id='word_1_186' title='bbox 1499 2453 1668 2507; x_wconf 87' lang='lat' dir='ltr'>dicam</span> <span class='ocrx_word' id='word_1_187' title='bbox 1710 2455 1776 2510; x_wconf 92' lang='lat' dir='ltr'>de</span> <span class='ocrx_word' id='word_1_188' title='bbox 1804 2455 1923 2510; x_wconf 90' lang='lat' dir='ltr'>aliis</span> 
     </span>
    </p>
   </div>
   <div class='ocr_carea' id='block_1_27' title="bbox 338 2535 1926 2615">
    <p class='ocr_par' dir='ltr' id='par_1_27' title="bbox 338 2535 1926 2615">
     <span class='ocr_line' id='line_1_27' title="bbox 338 2535 1926 2615; baseline 0.005 -24"><span class='ocrx_word' id='word_1_189' title='bbox 338 2535 642 2605; x_wconf 90' lang='lat' dir='ltr'>phrasibus,</span> <span class='ocrx_word' id='word_1_190' title='bbox 664 2552 728 2590; x_wconf 87' lang='lat' dir='ltr'>ex</span> <span class='ocrx_word' id='word_1_191' title='bbox 757 2535 874 2590; x_wconf 86' lang='lat' dir='ltr'>aliis</span> <span class='ocrx_word' id='word_1_192' title='bbox 903 2536 1148 2604; x_wconf 89' lang='lat' dir='ltr'>ejusdem</span> <span class='ocrx_word' id='word_1_193' title='bbox 1177 2538 1330 2592; x_wconf 89' lang='lat' dir='ltr'>libris</span> <span class='ocrx_word' id='word_1_194' title='bbox 1350 2549 1454 2593; x_wconf 88' lang='lat' dir='ltr'>tam</span> <span class='ocrx_word' id='word_1_195' title='bbox 1483 2541 1673 2598; x_wconf 90' lang='lat' dir='ltr'>sedulo</span> <span class='ocrx_word' id='word_1_196' title='bbox 1703 2559 1926 2615; x_wconf 86' lang='lat' dir='ltr'>expres-</span> 
     </span>
    </p>
   </div>
   <div class='ocr_carea' id='block_1_28' title="bbox 337 2624 1490 2701">
    <p class='ocr_par' dir='ltr' id='par_1_28' title="bbox 337 2624 1490 2701">
     <span class='ocr_line' id='line_1_28' title="bbox 337 2624 1490 2701; baseline 0.003 -21"><span class='ocrx_word' id='word_1_197' title='bbox 337 2627 434 2695; x_wconf 89' lang='lat' dir='ltr'>sis,</span> <span class='ocrx_word' id='word_1_198' title='bbox 464 2641 596 2696; x_wconf 90' lang='lat' dir='ltr'>quas</span> <span class='ocrx_word' id='word_1_199' title='bbox 627 2624 739 2680; x_wconf 88' lang='lat' dir='ltr'>suis</span> <span class='ocrx_word' id='word_1_200' title='bbox 759 2624 892 2680; x_wconf 89' lang='lat' dir='ltr'>locis</span> <span class='ocrx_word' id='word_1_201' title='bbox 929 2626 1171 2680; x_wconf 90' lang='lat' dir='ltr'>studiose</span> <span class='ocrx_word' id='word_1_202' title='bbox 1202 2627 1490 2701; x_wconf 77' lang='lat' dir='ltr'>adnotabo.</span> 
     </span>
    </p>
   </div>
   <div class='ocr_carea' id='block_1_29' title="bbox 403 2739 1922 2814">
    <p class='ocr_par' dir='ltr' id='par_1_29' title="bbox 403 2739 1922 2814">
     <span class='ocr_line' id='line_1_29' title="bbox 403 2739 1922 2814; baseline 0.005 -19"><span class='ocrx_word' id='word_1_203' title='bbox 403 2740 523 2795; x_wconf 79' lang='lat' dir='ltr'><strong>VII.</strong></span> <span class='ocrx_word' id='word_1_204' title='bbox 572 2739 789 2795; x_wconf 86' lang='lat' dir='ltr'>Fatetur</span> <span class='ocrx_word' id='word_1_205' title='bbox 827 2740 952 2795; x_wconf 90' lang='lat' dir='ltr'>dein</span> <span class='ocrx_word' id='word_1_206' title='bbox 982 2739 1096 2811; x_wconf 92' lang='lat' dir='ltr'>ipse</span> <span class='ocrx_word' id='word_1_207' title='bbox 1127 2740 1316 2796; x_wconf 89' lang='lat' dir='ltr'>beatus</span> <span class='ocrx_word' id='word_1_208' title='bbox 1355 2744 1680 2814; x_wconf 85' lang='lat' dir='ltr'>Rhenanus,</span> <span class='ocrx_word' id='word_1_209' title='bbox 1724 2748 1922 2803; x_wconf 90' lang='lat' dir='ltr'>autho-</span> 
     </span>
    </p>
   </div>
   <div class='ocr_carea' id='block_1_30' title="bbox 337 2829 1927 2906">
    <p class='ocr_par' dir='ltr' id='par_1_30' title="bbox 337 2829 1927 2906">
     <span class='ocr_line' id='line_1_30' title="bbox 337 2829 1927 2906; baseline 0.004 -21"><span class='ocrx_word' id='word_1_210' title='bbox 337 2847 452 2886; x_wconf 88' lang='lat' dir='ltr'>rem</span> <span class='ocrx_word' id='word_1_211' title='bbox 482 2831 642 2898; x_wconf 89' lang='lat' dir='ltr'>hujus</span> <span class='ocrx_word' id='word_1_212' title='bbox 670 2829 794 2884; x_wconf 88' lang='lat' dir='ltr'>libri</span> <span class='ocrx_word' id='word_1_213' title='bbox 831 2829 1010 2884; x_wconf 83' lang='lat' dir='ltr'>verbis</span> <span class='ocrx_word' id='word_1_214' title='bbox 1041 2838 1094 2885; x_wconf 91' lang='lat' dir='ltr'>et</span> <span class='ocrx_word' id='word_1_215' title='bbox 1119 2829 1309 2902; x_wconf 84' lang='lat' dir='ltr'>ﬁguris</span> <span class='ocrx_word' id='word_1_216' title='bbox 1336 2831 1530 2888; x_wconf 87' lang='lat' dir='ltr'>iisdem</span> <span class='ocrx_word' id='word_1_217' title='bbox 1567 2834 1664 2900; x_wconf 88' lang='lat' dir='ltr'>uti,</span> <span class='ocrx_word' id='word_1_218' title='bbox 1697 2844 1748 2890; x_wconf 90' lang='lat' dir='ltr'>et</span> <span class='ocrx_word' id='word_1_219' title='bbox 1775 2838 1927 2906; x_wconf 90' lang='lat' dir='ltr'>quis-</span> 
     </span>
    </p>
   </div>
   <div class='ocr_carea' id='block_1_31' title="bbox 337 2919 1929 2991">
    <p class='ocr_par' dir='ltr' id='par_1_31' title="bbox 337 2919 1929 2991">
     <span class='ocr_line' id='line_1_31' title="bbox 337 2919 1929 2991; baseline 0.004 -18"><span class='ocrx_word' id='word_1_220' title='bbox 337 2920 464 2991; x_wconf 85' lang='lat' dir='ltr'>quis</span> <span class='ocrx_word' id='word_1_221' title='bbox 494 2919 672 2986; x_wconf 90' lang='lat' dir='ltr'>fuerit,</span> <span class='ocrx_word' id='word_1_222' title='bbox 713 2920 835 2988; x_wconf 87' lang='lat' dir='ltr'>ejus</span> <span class='ocrx_word' id='word_1_223' title='bbox 881 2919 1102 2974; x_wconf 89' lang='lat' dir='ltr'>indubie</span> <span class='ocrx_word' id='word_1_224' title='bbox 1140 2936 1258 2975; x_wconf 91' lang='lat' dir='ltr'>esse</span> <span class='ocrx_word' id='word_1_225' title='bbox 1287 2922 1492 2990; x_wconf 90' lang='lat' dir='ltr'>saculi,</span> <span class='ocrx_word' id='word_1_226' title='bbox 1536 2933 1588 2978; x_wconf 91' lang='lat' dir='ltr'>et</span> <span class='ocrx_word' id='word_1_227' title='bbox 1617 2925 1929 2980; x_wconf 87' lang='lat' dir='ltr'>Tertulliani</span> 
     </span>
    </p>
   </div>
   <div class='ocr_carea' id='block_1_32' title="bbox 341 3009 1931 3085">
    <p class='ocr_par' dir='ltr' id='par_1_32' title="bbox 341 3009 1931 3085">
     <span class='ocr_line' id='line_1_32' title="bbox 341 3009 1931 3085; baseline 0.006 -23"><span class='ocrx_word' id='word_1_228' title='bbox 341 3010 822 3078; x_wconf 89' lang='lat' dir='ltr'>studiosissimum;</span> <span class='ocrx_word' id='word_1_229' title='bbox 859 3029 883 3060; x_wconf 68' lang='grc' dir='ltr'><strong><em>ι</em></strong></span> <span class='ocrx_word' id='word_1_230' title='bbox 917 3009 1105 3081; x_wconf 90' lang='lat' dir='ltr'>quidni</span> <span class='ocrx_word' id='word_1_231' title='bbox 1124 3026 1252 3066; x_wconf 89' lang='lat' dir='ltr'>vero</span> <span class='ocrx_word' id='word_1_232' title='bbox 1284 3011 1675 3067; x_wconf 87' lang='lat' dir='ltr'>Tertullianum</span> <span class='ocrx_word' id='word_1_233' title='bbox 1712 3014 1931 3085; x_wconf 84' lang='lat' dir='ltr'>ipsum?</span> 
     </span>
    </p>
   </div>
   <div class='ocr_carea' id='block_1_33' title="bbox 338 3097 1930 3172">
    <p class='ocr_par' dir='ltr' id='par_1_33' title="bbox 338 3097 1930 3172">
     <span class='ocr_line' id='line_1_33' title="bbox 338 3097 1930 3172; baseline 0.002 -21"><span class='ocrx_word' id='word_1_234' title='bbox 338 3098 460 3168; x_wconf 91' lang='lat' dir='ltr'>quis</span> <span class='ocrx_word' id='word_1_235' title='bbox 486 3099 627 3154; x_wconf 92' lang='lat' dir='ltr'>enim</span> <span class='ocrx_word' id='word_1_236' title='bbox 657 3097 796 3153; x_wconf 89' lang='lat' dir='ltr'>alius</span> <span class='ocrx_word' id='word_1_237' title='bbox 843 3099 1046 3168; x_wconf 83' lang='lat' dir='ltr'>stylum</span> <span class='ocrx_word' id='word_1_238' title='bbox 1092 3101 1232 3168; x_wconf 91' lang='lat' dir='ltr'>ejus,</span> <span class='ocrx_word' id='word_1_239' title='bbox 1282 3109 1428 3155; x_wconf 91' lang='lat' dir='ltr'>certe</span> <span class='ocrx_word' id='word_1_240' title='bbox 1476 3102 1847 3172; x_wconf 80' lang='lat' dir='ltr'>singularem,</span> <span class='ocrx_word' id='word_1_241' title='bbox 1877 3110 1930 3159; x_wconf 89' lang='lat' dir='ltr'>et</span> 
     </span>
    </p>
   </div>
   <div class='ocr_carea' id='block_1_34' title="bbox 336 3187 1928 3261">
    <p class='ocr_par' dir='ltr' id='par_1_34' title="bbox 336 3187 1928 3261">
     <span class='ocr_line' id='line_1_34' title="bbox 336 3187 1928 3261; baseline 0.001 -18"><span class='ocrx_word' id='word_1_242' title='bbox 336 3187 433 3243; x_wconf 85' lang='lat' dir='ltr'>vix</span> <span class='ocrx_word' id='word_1_243' title='bbox 480 3205 511 3242; x_wconf 91' lang='lat' dir='ltr'>a</span> <span class='ocrx_word' id='word_1_244' title='bbox 565 3187 821 3260; x_wconf 88' lang='lat' dir='ltr'>qu0piam</span> <span class='ocrx_word' id='word_1_245' title='bbox 869 3187 1182 3242; x_wconf 87' lang='lat' dir='ltr'>imitabilem</span> <span class='ocrx_word' id='word_1_246' title='bbox 1209 3231 1223 3255; x_wconf 92' lang='lat'>,</span> <span class='ocrx_word' id='word_1_247' title='bbox 1275 3196 1387 3242; x_wconf 87' lang='lat' dir='ltr'>tam</span> <span class='ocrx_word' id='word_1_248' title='bbox 1421 3189 1548 3244; x_wconf 89' lang='lat' dir='ltr'>scite</span> <span class='ocrx_word' id='word_1_249' title='bbox 1583 3191 1928 3261; x_wconf 87' lang='lat' dir='ltr'>expresserit,</span> 
     </span>
    </p>
   </div>
   <div class='ocr_carea' id='block_1_35' title="bbox 334 3275 1930 3349">
    <p class='ocr_par' dir='ltr' id='par_1_35' title="bbox 334 3275 1930 3349">
     <span class='ocr_line' id='line_1_35' title="bbox 334 3275 1930 3349; baseline 0.003 -16"><span class='ocrx_word' id='word_1_250' title='bbox 334 3285 396 3333; x_wconf 87' lang='lat' dir='ltr'>ut</span> <span class='ocrx_word' id='word_1_251' title='bbox 435 3277 574 3348; x_wconf 88' lang='lat' dir='ltr'>apud</span> <span class='ocrx_word' id='word_1_252' title='bbox 612 3278 667 3332; x_wconf 93' lang='lat' dir='ltr'>S.</span> <span class='ocrx_word' id='word_1_253' title='bbox 717 3275 1024 3346; x_wconf 85' lang='lat' dir='ltr'>Pacianum,</span> <span class='ocrx_word' id='word_1_254' title='bbox 1073 3293 1196 3332; x_wconf 88' lang='lat' dir='ltr'>sac.</span> <span class='ocrx_word' id='word_1_255' title='bbox 1242 3293 1297 3331; x_wconf 81' lang='lat' dir='ltr'>Iv</span> <span class='ocrx_word' id='word_1_256' title='bbox 1326 3278 1686 3349; x_wconf 91' lang='lat' dir='ltr'>scriptorem,</span> <span class='ocrx_word' id='word_1_257' title='bbox 1716 3297 1930 3337; x_wconf 87' lang='lat' dir='ltr'>omnes-</span> 
     </span>
    </p>
   </div>
   <div class='ocr_carea' id='block_1_36' title="bbox 337 3366 1930 3437">
    <p class='ocr_par' dir='ltr' id='par_1_36' title="bbox 337 3366 1930 3437">
     <span class='ocr_line' id='line_1_36' title="bbox 337 3366 1930 3437; baseline 0.003 -17"><span class='ocrx_word' id='word_1_258' title='bbox 337 3383 440 3437; x_wconf 92' lang='lat' dir='ltr'>que</span> <span class='ocrx_word' id='word_1_259' title='bbox 472 3367 604 3422; x_wconf 89' lang='lat' dir='ltr'>alios</span> <span class='ocrx_word' id='word_1_260' title='bbox 634 3381 728 3437; x_wconf 90' lang='lat' dir='ltr'>per</span> <span class='ocrx_word' id='word_1_261' title='bbox 786 3366 906 3436; x_wconf 89' lang='lat' dir='ltr'>plus</span> <span class='ocrx_word' id='word_1_262' title='bbox 945 3381 1108 3436; x_wconf 90' lang='lat' dir='ltr'>quam</span> <span class='ocrx_word' id='word_1_263' title='bbox 1155 3382 1217 3420; x_wconf 81' lang='lat' dir='ltr'>xi</span> <span class='ocrx_word' id='word_1_264' title='bbox 1272 3368 1470 3421; x_wconf 88' lang='lat' dir='ltr'>sacula</span> <span class='ocrx_word' id='word_1_265' title='bbox 1515 3369 1582 3422; x_wconf 90' lang='lat' dir='ltr'>ad</span> <span class='ocrx_word' id='word_1_266' title='bbox 1637 3371 1930 3425; x_wconf 88' lang='lat' dir='ltr'>Erasmum</span> 
     </span>
    </p>
   </div>
   <div class='ocr_carea' id='block_1_37' title="bbox 342 3453 1932 3527">
    <p class='ocr_par' dir='ltr' id='par_1_37' title="bbox 342 3453 1932 3527">
     <span class='ocr_line' id='line_1_37' title="bbox 342 3453 1932 3527; baseline 0.004 -19"><span class='ocrx_word' id='word_1_267' title='bbox 342 3472 534 3526; x_wconf 90' lang='lat' dir='ltr'>usque,</span> <span class='ocrx_word' id='word_1_268' title='bbox 565 3470 662 3526; x_wconf 90' lang='lat' dir='ltr'>pro</span> <span class='ocrx_word' id='word_1_269' title='bbox 712 3453 828 3525; x_wconf 89' lang='lat' dir='ltr'>ipso</span> <span class='ocrx_word' id='word_1_270' title='bbox 854 3454 1189 3510; x_wconf 90' lang='lat' dir='ltr'>Tertulliano</span> <span class='ocrx_word' id='word_1_271' title='bbox 1237 3454 1508 3527; x_wconf 86' lang='lat' dir='ltr'>fefellerit,</span> <span class='ocrx_word' id='word_1_272' title='bbox 1553 3465 1609 3512; x_wconf 92' lang='lat' dir='ltr'>et</span> <span class='ocrx_word' id='word_1_273' title='bbox 1655 3458 1785 3512; x_wconf 89' lang='lat' dir='ltr'>nulli</span> <span class='ocrx_word' id='word_1_274' title='bbox 1833 3476 1932 3514; x_wconf 88' lang='lat' dir='ltr'>un-</span> 
     </span>
    </p>
   </div>
   <div class='ocr_carea' id='block_1_38' title="bbox 342 3544 1932 3618">
    <p class='ocr_par' dir='ltr' id='par_1_38' title="bbox 342 3544 1932 3618">
     <span class='ocr_line' id='line_1_38' title="bbox 342 3544 1932 3618; baseline 0.005 -20"><span class='ocrx_word' id='word_1_275' title='bbox 342 3560 505 3616; x_wconf 87' lang='lat' dir='ltr'>quam</span> <span class='ocrx_word' id='word_1_276' title='bbox 542 3561 602 3600; x_wconf 84' lang='lat' dir='ltr'>ex</span> <span class='ocrx_word' id='word_1_277' title='bbox 656 3544 780 3616; x_wconf 84' lang='lat' dir='ltr'>styli</span> <span class='ocrx_word' id='word_1_278' title='bbox 827 3544 1134 3602; x_wconf 84' lang='lat' dir='ltr'>diversitate</span> <span class='ocrx_word' id='word_1_279' title='bbox 1190 3547 1467 3618; x_wconf 87' lang='lat' dir='ltr'>quidpiam</span> <span class='ocrx_word' id='word_1_280' title='bbox 1525 3548 1592 3604; x_wconf 92' lang='lat' dir='ltr'>de</span> <span class='ocrx_word' id='word_1_281' title='bbox 1647 3549 1752 3606; x_wconf 89' lang='lat' dir='ltr'>alio</span> <span class='ocrx_word' id='word_1_282' title='bbox 1809 3551 1932 3606; x_wconf 88' lang='lat' dir='ltr'>libri</span> 
     </span>
    </p>
   </div>
   <div class='ocr_carea' id='block_1_39' title="bbox 341 3632 1141 3704">
    <p class='ocr_par' dir='ltr' id='par_1_39' title="bbox 341 3632 1141 3704">
     <span class='ocr_line' id='line_1_39' title="bbox 341 3632 1141 3704; baseline 0.001 -16"><span class='ocrx_word' id='word_1_283' title='bbox 341 3635 507 3704; x_wconf 88' lang='lat' dir='ltr'>hujus</span> <span class='ocrx_word' id='word_1_284' title='bbox 533 3635 758 3690; x_wconf 88' lang='lat' dir='ltr'>authore</span> <span class='ocrx_word' id='word_1_285' title='bbox 787 3632 1085 3690; x_wconf 90' lang='lat' dir='ltr'>suboluerit</span> <span class='ocrx_word' id='word_1_286' title='bbox 1112 3635 1141 3689; x_wconf 78' lang='lat' dir='ltr'>‘I</span> 
     </span>
    </p>
   </div>
   <div class='ocr_carea' id='block_1_40' title="bbox 408 3744 1928 3822">
    <p class='ocr_par' dir='ltr' id='par_1_40' title="bbox 408 3744 1928 3822">
     <span class='ocr_line' id='line_1_40' title="bbox 408 3744 1928 3822; baseline 0.005 -24"><span class='ocrx_word' id='word_1_287' title='bbox 408 3744 548 3798; x_wconf 85' lang='lat' dir='ltr'><strong>VIII.</strong></span> <span class='ocrx_word' id='word_1_288' title='bbox 596 3744 833 3798; x_wconf 88' lang='lat' dir='ltr'>Tandem</span> <span class='ocrx_word' id='word_1_289' title='bbox 875 3759 1008 3815; x_wconf 84' lang='lat' dir='ltr'>ergo</span> <span class='ocrx_word' id='word_1_290' title='bbox 1053 3761 1117 3800; x_wconf 88' lang='lat' dir='ltr'>ex</span> <span class='ocrx_word' id='word_1_291' title='bbox 1160 3745 1249 3800; x_wconf 86' lang='lat' dir='ltr'>illa</span> <span class='ocrx_word' id='word_1_292' title='bbox 1299 3747 1662 3822; x_wconf 88' lang='lat' dir='ltr'>qualicunque</span> <span class='ocrx_word' id='word_1_293' title='bbox 1709 3751 1928 3806; x_wconf 89' lang='lat' dir='ltr'>demum</span> 
     </span>
    </p>
   </div>
   <div class='ocr_carea' id='block_1_41' title="bbox 337 3832 1926 3914">
    <p class='ocr_par' dir='ltr' id='par_1_41' title="bbox 337 3832 1926 3914">
     <span class='ocr_line' id='line_1_41' title="bbox 337 3832 1926 3914; baseline 0.006 -27"><span class='ocrx_word' id='word_1_294' title='bbox 337 3833 460 3902; x_wconf 82' lang='lat' dir='ltr'>styli</span> <span class='ocrx_word' id='word_1_295' title='bbox 497 3832 864 3888; x_wconf 88' lang='lat' dir='ltr'>discordantia</span> <span class='ocrx_word' id='word_1_296' title='bbox 902 3834 1026 3902; x_wconf 89' lang='lat' dir='ltr'>plus</span> <span class='ocrx_word' id='word_1_297' title='bbox 1064 3835 1214 3905; x_wconf 84' lang='lat' dir='ltr'>argui</span> <span class='ocrx_word' id='word_1_298' title='bbox 1257 3852 1364 3892; x_wconf 93' lang='lat' dir='ltr'>non</span> <span class='ocrx_word' id='word_1_299' title='bbox 1417 3854 1578 3908; x_wconf 90' lang='lat' dir='ltr'>posse</span> <span class='ocrx_word' id='word_1_300' title='bbox 1622 3857 1926 3914; x_wconf 84' lang='lat' dir='ltr'>censemus,</span> 
     </span>
    </p>
   </div>
   <div class='ocr_carea' id='block_1_42' title="bbox 344 3921 1930 3998">
    <p class='ocr_par' dir='ltr' id='par_1_42' title="bbox 344 3921 1930 3998">
     <span class='ocr_line' id='line_1_42' title="bbox 344 3921 1930 3998; baseline 0.008 -23"><span class='ocrx_word' id='word_1_301' title='bbox 344 3937 500 3991; x_wconf 87' lang='lat' dir='ltr'>quam</span> <span class='ocrx_word' id='word_1_302' title='bbox 553 3921 961 3990; x_wconf 90' lang='lat' dir='ltr'>Tertullianum,</span> <span class='ocrx_word' id='word_1_303' title='bbox 1043 3938 1166 3978; x_wconf 91' lang='lat' dir='ltr'>cum</span> <span class='ocrx_word' id='word_1_304' title='bbox 1239 3925 1412 3982; x_wconf 86' lang='lat' dir='ltr'>adhuc</span> <span class='ocrx_word' id='word_1_305' title='bbox 1476 3930 1730 3998; x_wconf 86' lang='lat' dir='ltr'>vegetiori</span> <span class='ocrx_word' id='word_1_306' title='bbox 1786 3940 1930 3987; x_wconf 88' lang='lat' dir='ltr'>esset</span> 
     </span>
    </p>
   </div>
   <div class='ocr_carea' id='block_1_43' title="bbox 338 4009 1925 4086">
    <p class='ocr_par' dir='ltr' id='par_1_43' title="bbox 338 4009 1925 4086">
     <span class='ocr_line' id='line_1_43' title="bbox 338 4009 1925 4086; baseline 0.005 -21"><span class='ocrx_word' id='word_1_307' title='bbox 338 4019 495 4066; x_wconf 89' lang='lat' dir='ltr'>atate</span> <span class='ocrx_word' id='word_1_308' title='bbox 533 4010 892 4082; x_wconf 86' lang='lat' dir='ltr'>vivaciorique</span> <span class='ocrx_word' id='word_1_309' title='bbox 937 4009 1177 4082; x_wconf 87' lang='lat' dir='ltr'>ingenio,</span> <span class='ocrx_word' id='word_1_310' title='bbox 1239 4013 1374 4069; x_wconf 89' lang='lat' dir='ltr'>hanc</span> <span class='ocrx_word' id='word_1_311' title='bbox 1429 4016 1772 4086; x_wconf 89' lang='lat' dir='ltr'>scriptiouem</span> <span class='ocrx_word' id='word_1_312' title='bbox 1802 4035 1925 4073; x_wconf 88' lang='lat' dir='ltr'>sus-</span> 
     </span>
    </p>
   </div>
   <div class='ocr_carea' id='block_1_44' title="bbox 336 4099 1928 4173">
    <p class='ocr_par' dir='ltr' id='par_1_44' title="bbox 336 4099 1928 4173">
     <span class='ocr_line' id='line_1_44' title="bbox 336 4099 1928 4173; baseline 0.006 -19"><span class='ocrx_word' id='word_1_313' title='bbox 336 4099 568 4169; x_wconf 87' lang='lat' dir='ltr'>cepisse.</span> <span class='ocrx_word' id='word_1_314' title='bbox 600 4099 788 4156; x_wconf 89' lang='lat' dir='ltr'>Solent</span> <span class='ocrx_word' id='word_1_315' title='bbox 833 4101 974 4155; x_wconf 91' lang='lat' dir='ltr'>enim</span> <span class='ocrx_word' id='word_1_316' title='bbox 1027 4101 1242 4172; x_wconf 87' lang='lat' dir='ltr'>ingenia</span> <span class='ocrx_word' id='word_1_317' title='bbox 1301 4103 1567 4173; x_wconf 90' lang='lat' dir='ltr'>ejusmodi</span> <span class='ocrx_word' id='word_1_318' title='bbox 1616 4107 1816 4160; x_wconf 87' lang='lat' dir='ltr'>fervida</span> <span class='ocrx_word' id='word_1_319' title='bbox 1862 4123 1928 4164; x_wconf 90' lang='lat' dir='ltr'>ac</span> 
     </span>
    </p>
   </div>
   <div class='ocr_carea' id='block_1_45' title="bbox 337 4187 1921 4261">
    <p class='ocr_par' dir='ltr' id='par_1_45' title="bbox 337 4187 1921 4261">
     <span class='ocr_line' id='line_1_45' title="bbox 337 4187 1921 4261; baseline 0.006 -20"><span class='ocrx_word' id='word_1_320' title='bbox 337 4187 499 4260; x_wconf 84' lang='lat' dir='ltr'>agilia</span> <span class='ocrx_word' id='word_1_321' title='bbox 524 4187 689 4242; x_wconf 90' lang='lat' dir='ltr'>instar</span> <span class='ocrx_word' id='word_1_322' title='bbox 717 4203 879 4258; x_wconf 92' lang='lat' dir='ltr'>apum</span> <span class='ocrx_word' id='word_1_323' title='bbox 909 4204 1005 4259; x_wconf 91' lang='lat' dir='ltr'>per</span> <span class='ocrx_word' id='word_1_324' title='bbox 1033 4188 1207 4245; x_wconf 91' lang='lat' dir='ltr'>varios</span> <span class='ocrx_word' id='word_1_325' title='bbox 1256 4188 1418 4246; x_wconf 89' lang='lat' dir='ltr'>ﬂores</span> <span class='ocrx_word' id='word_1_326' title='bbox 1477 4192 1921 4261; x_wconf 88' lang='lat' dir='ltr'>circumvolitare,</span> 
     </span>
    </p>
   </div>
   <div class='ocr_carea' id='block_1_46' title="bbox 339 4275 1924 4354">
    <p class='ocr_par' dir='ltr' id='par_1_46' title="bbox 339 4275 1924 4354">
     <span class='ocr_line' id='line_1_46' title="bbox 339 4275 1924 4354; baseline 0.006 -25"><span class='ocrx_word' id='word_1_327' title='bbox 339 4283 503 4345; x_wconf 91' lang='lat' dir='ltr'>atque</span> <span class='ocrx_word' id='word_1_328' title='bbox 530 4292 594 4331; x_wconf 84' lang='lat' dir='ltr'>ex</span> <span class='ocrx_word' id='word_1_329' title='bbox 625 4275 812 4332; x_wconf 89' lang='lat' dir='ltr'>alienis</span> <span class='ocrx_word' id='word_1_330' title='bbox 833 4278 994 4330; x_wconf 90' lang='lat' dir='ltr'>etiam</span> <span class='ocrx_word' id='word_1_331' title='bbox 1037 4277 1197 4332; x_wconf 90' lang='lat' dir='ltr'>rebus</span> <span class='ocrx_word' id='word_1_332' title='bbox 1235 4278 1518 4349; x_wconf 85' lang='lat' dir='ltr'>allegorias</span> <span class='ocrx_word' id='word_1_333' title='bbox 1546 4289 1599 4334; x_wconf 90' lang='lat' dir='ltr'>et</span> <span class='ocrx_word' id='word_1_334' title='bbox 1647 4284 1924 4354; x_wconf 85' lang='lat' dir='ltr'>metapho-</span> 
     </span>
    </p>
   </div>
   <div class='ocr_carea' id='block_1_47' title="bbox 339 4365 1924 4441">
    <p class='ocr_par' dir='ltr' id='par_1_47' title="bbox 339 4365 1924 4441">
     <span class='ocr_line' id='line_1_47' title="bbox 339 4365 1924 4441; baseline 0.005 -19"><span class='ocrx_word' id='word_1_335' title='bbox 339 4382 424 4422; x_wconf 92' lang='lat' dir='ltr'>ras</span> <span class='ocrx_word' id='word_1_336' title='bbox 465 4381 745 4441; x_wconf 79' lang='lat' dir='ltr'>exsugere,</span> <span class='ocrx_word' id='word_1_337' title='bbox 781 4381 1046 4436; x_wconf 91' lang='lat' dir='ltr'>suumque</span> <span class='ocrx_word' id='word_1_338' title='bbox 1093 4365 1148 4420; x_wconf 90' lang='lat' dir='ltr'>in</span> <span class='ocrx_word' id='word_1_339' title='bbox 1205 4367 1388 4422; x_wconf 89' lang='lat' dir='ltr'>alvear</span> <span class='ocrx_word' id='word_1_340' title='bbox 1423 4379 1778 4440; x_wconf 89' lang='lat' dir='ltr'>comportare,</span> <span class='ocrx_word' id='word_1_341' title='bbox 1820 4381 1924 4430; x_wconf 90' lang='lat' dir='ltr'>etc.</span> 
     </span>
    </p>
   </div>
   <div class='ocr_carea' id='block_1_48' title="bbox 339 4455 1928 4534">
    <p class='ocr_par' dir='ltr' id='par_1_48' title="bbox 339 4455 1928 4534">
     <span class='ocr_line' id='line_1_48' title="bbox 339 4455 1928 4534; baseline 0.006 -25"><span class='ocrx_word' id='word_1_342' title='bbox 339 4455 489 4510; x_wconf 91' lang='lat' dir='ltr'>Solet</span> <span class='ocrx_word' id='word_1_343' title='bbox 523 4458 649 4509; x_wconf 89' lang='lat' dir='ltr'>item</span> <span class='ocrx_word' id='word_1_344' title='bbox 697 4461 852 4509; x_wconf 84' lang='lat' dir='ltr'>atate</span> <span class='ocrx_word' id='word_1_345' title='bbox 892 4455 1091 4510; x_wconf 90' lang='lat' dir='ltr'>sensim</span> <span class='ocrx_word' id='word_1_346' title='bbox 1122 4455 1453 4526; x_wconf 87' lang='lat' dir='ltr'>provectiori</span> <span class='ocrx_word' id='word_1_347' title='bbox 1497 4459 1772 4517; x_wconf 90' lang='lat' dir='ltr'>subsidere</span> <span class='ocrx_word' id='word_1_348' title='bbox 1817 4473 1928 4534; x_wconf 87' lang='lat' dir='ltr'>sty-</span> 
     </span>
    </p>
   </div>
   <div class='ocr_carea' id='block_1_49' title="bbox 339 4543 1930 4627">
    <p class='ocr_par' dir='ltr' id='par_1_49' title="bbox 339 4543 1930 4627">
     <span class='ocr_line' id='line_1_49' title="bbox 339 4543 1930 4627; baseline 0.009 -29"><span class='ocrx_word' id='word_1_349' title='bbox 339 4545 440 4610; x_wconf 86' lang='lat' dir='ltr'>lus,</span> <span class='ocrx_word' id='word_1_350' title='bbox 476 4543 930 4616; x_wconf 88' lang='lat' dir='ltr'>temperatiorque</span> <span class='ocrx_word' id='word_1_351' title='bbox 980 4550 1034 4597; x_wconf 92' lang='lat' dir='ltr'>et</span> <span class='ocrx_word' id='word_1_352' title='bbox 1085 4543 1354 4599; x_wconf 88' lang='lat' dir='ltr'>robustior</span> <span class='ocrx_word' id='word_1_353' title='bbox 1384 4544 1521 4602; x_wconf 81' lang='lat' dir='ltr'>fieri.</span> <span class='ocrx_word' id='word_1_354' title='bbox 1575 4548 1661 4604; x_wconf 90' lang='lat' dir='ltr'>Sic</span> <span class='ocrx_word' id='word_1_355' title='bbox 1715 4570 1930 4627; x_wconf 90' lang='lat' dir='ltr'>quoque</span> 
     </span>
    </p>
   </div>
   <div class='ocr_carea' id='block_1_50' title="bbox 340 4633 1931 4722">
    <p class='ocr_par' dir='ltr' id='par_1_50' title="bbox 340 4633 1931 4722">
     <span class='ocr_line' id='line_1_50' title="bbox 340 4633 1931 4722; baseline 0.006 -32"><span class='ocrx_word' id='word_1_356' title='bbox 340 4635 456 4706; x_wconf 90' lang='lat' dir='ltr'>ipse</span> <span class='ocrx_word' id='word_1_357' title='bbox 497 4643 771 4689; x_wconf 89' lang='lat' dir='ltr'>oratorum</span> <span class='ocrx_word' id='word_1_358' title='bbox 800 4633 1047 4704; x_wconf 87' lang='lat' dir='ltr'>princeps</span> <span class='ocrx_word' id='word_1_359' title='bbox 1074 4633 1307 4690; x_wconf 80' lang='lat' dir='ltr'>TULLIUS</span> <span class='ocrx_word' id='word_1_360' title='bbox 1335 4638 1609 4694; x_wconf 89' lang='lat' dir='ltr'>orationes</span> <span class='ocrx_word' id='word_1_361' title='bbox 1658 4660 1782 4698; x_wconf 89' lang='lat' dir='ltr'>suas</span> <span class='ocrx_word' id='word_1_362' title='bbox 1827 4667 1931 4722; x_wconf 83' lang='lat' dir='ltr'>pro</span> 
     </span>
    </p>
   </div>
   <div class='ocr_carea' id='block_1_51' title="bbox 341 4724 1930 4806">
    <p class='ocr_par' dir='ltr' id='par_1_51' title="bbox 341 4724 1930 4806">
     <span class='ocr_line' id='line_1_51' title="bbox 341 4724 1930 4806; baseline 0.008 -26"><span class='ocrx_word' id='word_1_363' title='bbox 341 4727 404 4781; x_wconf 92' lang='lat' dir='ltr'>P.</span> <span class='ocrx_word' id='word_1_364' title='bbox 459 4725 741 4793; x_wconf 74' lang='lat' dir='ltr'>Quinctio,</span> <span class='ocrx_word' id='word_1_365' title='bbox 771 4729 822 4775; x_wconf 88' lang='lat' dir='ltr'>et</span> <span class='ocrx_word' id='word_1_366' title='bbox 863 4725 1046 4780; x_wconf 78' lang='lat' dir='ltr'>Roscio</span> <span class='ocrx_word' id='word_1_367' title='bbox 1085 4724 1346 4784; x_wconf 80' lang='lat' dir='ltr'>Amerino</span> <span class='ocrx_word' id='word_1_368' title='bbox 1387 4730 1638 4798; x_wconf 84' lang='lat' dir='ltr'>(quarum</span> <span class='ocrx_word' id='word_1_369' title='bbox 1668 4734 1930 4806; x_wconf 89' lang='lat' dir='ltr'>priorem,</span> 
     </span>
    </p>
   </div>
   <div class='ocr_carea' id='block_1_52' title="bbox 344 4812 1928 4885">
    <p class='ocr_par' dir='ltr' id='par_1_52' title="bbox 344 4812 1928 4885">
     <span class='ocr_line' id='line_1_52' title="bbox 344 4812 1928 4885; baseline 0.009 -16"><span class='ocrx_word' id='word_1_370' title='bbox 344 4815 698 4885; x_wconf 88' lang='lat' dir='ltr'>omniumque</span> <span class='ocrx_word' id='word_1_371' title='bbox 727 4812 976 4883; x_wconf 87' lang='lat' dir='ltr'>primam,</span> <span class='ocrx_word' id='word_1_372' title='bbox 1008 4829 1193 4880; x_wconf 90' lang='lat' dir='ltr'>annos,</span> <span class='ocrx_word' id='word_1_373' title='bbox 1229 4824 1285 4871; x_wconf 90' lang='lat' dir='ltr'>ut</span> <span class='ocrx_word' id='word_1_374' title='bbox 1313 4817 1381 4873; x_wconf 84' lang='lat' dir='ltr'>A.</span> <span class='ocrx_word' id='word_1_375' title='bbox 1413 4817 1550 4874; x_wconf 88' lang='lat' dir='ltr'>Gell.</span> <span class='ocrx_word' id='word_1_376' title='bbox 1587 4823 1726 4880; x_wconf 84' lang='lat' dir='ltr'>Noct</span> <span class='ocrx_word' id='word_1_377' title='bbox 1757 4827 1928 4884; x_wconf 81' lang='lat' dir='ltr'>Attio.</span> 
     </span>
    </p>
   </div>
   <div class='ocr_carea' id='block_1_53' title="bbox 345 4901 1931 4974">
    <p class='ocr_par' dir='ltr' id='par_1_53' title="bbox 345 4901 1931 4974">
     <span class='ocr_line' id='line_1_53' title="bbox 345 4901 1931 4974; baseline 0.01 -18"><span class='ocrx_word' id='word_1_378' title='bbox 345 4902 440 4957; x_wconf 93' lang='lat' dir='ltr'>lib.</span> <span class='ocrx_word' id='word_1_379' title='bbox 471 4918 570 4958; x_wconf 91' lang='lat' dir='ltr'>xv.</span> <span class='ocrx_word' id='word_1_380' title='bbox 601 4917 720 4972; x_wconf 89' lang='lat' dir='ltr'>cap.</span> <span class='ocrx_word' id='word_1_381' title='bbox 763 4905 849 4964; x_wconf 85' lang='lat'>28,</span> <span class='ocrx_word' id='word_1_382' title='bbox 883 4901 1145 4971; x_wconf 90' lang='lat' dir='ltr'>perhibet,</span> <span class='ocrx_word' id='word_1_383' title='bbox 1191 4911 1351 4960; x_wconf 89' lang='lat' dir='ltr'>natus</span> <span class='ocrx_word' id='word_1_384' title='bbox 1402 4911 1490 4974; x_wconf 86' lang='lat'>26,</span> <span class='ocrx_word' id='word_1_385' title='bbox 1540 4911 1766 4967; x_wconf 83' lang='lat' dir='ltr'>alteram</span> <span class='ocrx_word' id='word_1_386' title='bbox 1808 4932 1931 4972; x_wconf 89' lang='lat' dir='ltr'>mox</span> 
     </span>
    </p>
   </div>
   <div class='ocr_carea' id='block_1_54' title="bbox 343 4989 1931 5068">
    <p class='ocr_par' dir='ltr' id='par_1_54' title="bbox 343 4989 1931 5068">
     <span class='ocr_line' id='line_1_54' title="bbox 343 4989 1931 5068; baseline 0.011 -24"><span class='ocrx_word' id='word_1_387' title='bbox 343 5007 484 5047; x_wconf 91' lang='lat' dir='ltr'>anno</span> <span class='ocrx_word' id='word_1_388' title='bbox 515 5007 634 5061; x_wconf 88' lang='lat' dir='ltr'>seq.</span> <span class='ocrx_word' id='word_1_389' title='bbox 668 4994 720 5045; x_wconf 91' lang='lat' dir='ltr'>in</span> <span class='ocrx_word' id='word_1_390' title='bbox 750 4989 952 5058; x_wconf 87' lang='lat' dir='ltr'>judicio</span> <span class='ocrx_word' id='word_1_391' title='bbox 983 4990 1212 5062; x_wconf 88' lang='lat' dir='ltr'>dixerat)</span> <span class='ocrx_word' id='word_1_392' title='bbox 1250 4993 1458 5051; x_wconf 90' lang='lat' dir='ltr'>ﬂoridis</span> <span class='ocrx_word' id='word_1_393' title='bbox 1504 5001 1770 5068; x_wconf 90' lang='lat' dir='ltr'>ejusmodi</span> <span class='ocrx_word' id='word_1_394' title='bbox 1819 5007 1931 5062; x_wconf 89' lang='lat' dir='ltr'>ele-</span> 
     </span>
    </p>
   </div>
   <div class='ocr_carea' id='block_1_55' title="bbox 346 5079 1934 5164">
    <p class='ocr_par' dir='ltr' id='par_1_55' title="bbox 346 5079 1934 5164">
     <span class='ocr_line' id='line_1_55' title="bbox 346 5079 1934 5164; baseline 0.011 -31"><span class='ocrx_word' id='word_1_395' title='bbox 346 5081 568 5153; x_wconf 84' lang='lat' dir='ltr'>gantiis,</span> <span class='ocrx_word' id='word_1_396' title='bbox 617 5079 974 5150; x_wconf 87' lang='lat' dir='ltr'>posteriorem</span> <span class='ocrx_word' id='word_1_397' title='bbox 1025 5082 1321 5152; x_wconf 84' lang='lat' dir='ltr'>prasertim</span> <span class='ocrx_word' id='word_1_398' title='bbox 1368 5087 1612 5142; x_wconf 90' lang='lat' dir='ltr'>nonnihil</span> <span class='ocrx_word' id='word_1_399' title='bbox 1669 5092 1934 5164; x_wconf 84' lang='lat' dir='ltr'>intempe-</span> 
     </span>
    </p>
   </div>
   <div class='ocr_carea' id='block_1_56' title="bbox 347 5167 1936 5247">
    <p class='ocr_par' dir='ltr' id='par_1_56' title="bbox 347 5167 1936 5247">
     <span class='ocr_line' id='line_1_56' title="bbox 347 5167 1936 5247; baseline 0.008 -24"><span class='ocrx_word' id='word_1_400' title='bbox 347 5168 554 5223; x_wconf 85' lang='lat' dir='ltr'>rantius</span> <span class='ocrx_word' id='word_1_401' title='bbox 609 5167 974 5237; x_wconf 85' lang='lat' dir='ltr'>conspersisse</span> <span class='ocrx_word' id='word_1_402' title='bbox 1029 5169 1306 5240; x_wconf 90' lang='lat' dir='ltr'>(nimirum</span> <span class='ocrx_word' id='word_1_403' title='bbox 1370 5187 1402 5225; x_wconf 93' lang='lat' dir='ltr'>a</span> <span class='ocrx_word' id='word_1_404' title='bbox 1457 5174 1688 5247; x_wconf 88' lang='lat' dir='ltr'>Malone,</span> <span class='ocrx_word' id='word_1_405' title='bbox 1743 5180 1936 5236; x_wconf 92' lang='lat' dir='ltr'>ultimo</span> 
     </span>
    </p>
   </div>
   <div class='ocr_carea' id='block_1_57' title="bbox 345 5256 1934 5332">
    <p class='ocr_par' dir='ltr' id='par_1_57' title="bbox 345 5256 1934 5332">
     <span class='ocr_line' id='line_1_57' title="bbox 345 5256 1934 5332; baseline 0.008 -22"><span class='ocrx_word' id='word_1_406' title='bbox 345 5256 610 5328; x_wconf 89' lang='lat' dir='ltr'>magistro</span> <span class='ocrx_word' id='word_1_407' title='bbox 640 5271 760 5325; x_wconf 88' lang='lat' dir='ltr'>suo,</span> <span class='ocrx_word' id='word_1_408' title='bbox 794 5256 860 5309; x_wconf 91' lang='lat' dir='ltr'>ab</span> <span class='ocrx_word' id='word_1_409' title='bbox 891 5256 989 5311; x_wconf 88' lang='lat' dir='ltr'>hac</span> <span class='ocrx_word' id='word_1_410' title='bbox 1017 5257 1282 5332; x_wconf 85' lang='lat' dir='ltr'>sermonis</span> <span class='ocrx_word' id='word_1_411' title='bbox 1318 5260 1564 5317; x_wconf 82' lang='lat' dir='ltr'>ubertate</span> <span class='ocrx_word' id='word_1_412' title='bbox 1607 5262 1801 5321; x_wconf 88' lang='lat' dir='ltr'>frustra</span> <span class='ocrx_word' id='word_1_413' title='bbox 1836 5283 1934 5323; x_wconf 92' lang='lat' dir='ltr'>co-</span> 
     </span>
    </p>
   </div>
   <div class='ocr_carea' id='block_1_58' title="bbox 344 5344 1938 5426">
    <p class='ocr_par' dir='ltr' id='par_1_58' title="bbox 344 5344 1938 5426">
     <span class='ocr_line' id='line_1_58' title="bbox 344 5344 1938 5426; baseline 0.007 -27"><span class='ocrx_word' id='word_1_414' title='bbox 344 5345 517 5400; x_wconf 90' lang='lat' dir='ltr'>hibito</span> <span class='ocrx_word' id='word_1_415' title='bbox 550 5344 691 5398; x_wconf 90' lang='lat' dir='ltr'>illius</span> <span class='ocrx_word' id='word_1_416' title='bbox 725 5352 829 5399; x_wconf 90' lang='lat' dir='ltr'>tam</span> <span class='ocrx_word' id='word_1_417' title='bbox 859 5344 1035 5402; x_wconf 91' lang='lat' dir='ltr'>vivido</span> <span class='ocrx_word' id='word_1_418' title='bbox 1067 5346 1388 5416; x_wconf 89' lang='lat' dir='ltr'>ﬂorentique</span> <span class='ocrx_word' id='word_1_419' title='bbox 1419 5347 1637 5421; x_wconf 82' lang='lat' dir='ltr'>ingenio</span> <span class='ocrx_word' id='word_1_420' title='bbox 1665 5353 1679 5422; x_wconf 94' lang='lat'><strong>)</strong></span> <span class='ocrx_word' id='word_1_421' title='bbox 1714 5355 1938 5426; x_wconf 89' lang='lat' dir='ltr'>quibus-</span> 
     </span>
    </p>
   </div>
   <div class='ocr_carea' id='block_1_59' title="bbox 349 5434 1936 5514">
    <p class='ocr_par' dir='ltr' id='par_1_59' title="bbox 349 5434 1936 5514">
     <span class='ocr_line' id='line_1_59' title="bbox 349 5434 1936 5514; baseline 0.008 -25"><span class='ocrx_word' id='word_1_422' title='bbox 349 5436 473 5490; x_wconf 89' lang='lat' dir='ltr'>dam</span> <span class='ocrx_word' id='word_1_423' title='bbox 531 5434 774 5500; x_wconf 89' lang='lat' dir='ltr'>videtur,</span> <span class='ocrx_word' id='word_1_424' title='bbox 831 5434 896 5489; x_wconf 91' lang='lat' dir='ltr'>ab</span> <span class='ocrx_word' id='word_1_425' title='bbox 952 5435 1068 5490; x_wconf 89' lang='lat' dir='ltr'>aliis</span> <span class='ocrx_word' id='word_1_426' title='bbox 1111 5450 1234 5491; x_wconf 91' lang='lat' dir='ltr'>vero</span> <span class='ocrx_word' id='word_1_427' title='bbox 1281 5435 1524 5495; x_wconf 87' lang='lat' dir='ltr'>laudatur</span> <span class='ocrx_word' id='word_1_428' title='bbox 1575 5441 1773 5514; x_wconf 85' lang='lat' dir='ltr'>etiam;</span> <span class='ocrx_word' id='word_1_429' title='bbox 1814 5463 1936 5502; x_wconf 86' lang='lat' dir='ltr'>nam</span> 
     </span>
    </p>
   </div>
   <div class='ocr_carea' id='block_1_60' title="bbox 345 5523 1934 5598">
    <p class='ocr_par' dir='ltr' id='par_1_60' title="bbox 345 5523 1934 5598">
     <span class='ocr_line' id='line_1_60' title="bbox 345 5523 1934 5598; baseline 0.008 -20"><span class='ocrx_word' id='word_1_430' title='bbox 345 5523 594 5580; x_wconf 90' lang='lat' dir='ltr'>adultiori</span> <span class='ocrx_word' id='word_1_431' title='bbox 623 5523 820 5580; x_wconf 90' lang='lat' dir='ltr'>sensim</span> <span class='ocrx_word' id='word_1_432' title='bbox 841 5532 1015 5594; x_wconf 92' lang='lat' dir='ltr'>atate,</span> <span class='ocrx_word' id='word_1_433' title='bbox 1037 5532 1337 5598; x_wconf 88' lang='lat' dir='ltr'>sponteque</span> <span class='ocrx_word' id='word_1_434' title='bbox 1362 5527 1589 5586; x_wconf 90' lang='lat' dir='ltr'>deciduo</span> <span class='ocrx_word' id='word_1_435' title='bbox 1618 5531 1720 5588; x_wconf 92' lang='lat' dir='ltr'>hoc</span> <span class='ocrx_word' id='word_1_436' title='bbox 1737 5533 1934 5592; x_wconf 90' lang='lat' dir='ltr'>ﬂorum</span> 
     </span>
    </p>
   </div>
   <div class='ocr_carea' id='block_1_61' title="bbox 345 5613 1933 5693">
    <p class='ocr_par' dir='ltr' id='par_1_61' title="bbox 345 5613 1933 5693">
     <span class='ocr_line' id='line_1_61' title="bbox 345 5613 1933 5693; baseline 0.006 -21"><span class='ocrx_word' id='word_1_437' title='bbox 345 5621 538 5672; x_wconf 86' lang='lat' dir='ltr'>ornatu</span> <span class='ocrx_word' id='word_1_438' title='bbox 591 5614 648 5670; x_wconf 90' lang='lat' dir='ltr'>in</span> <span class='ocrx_word' id='word_1_439' title='bbox 704 5613 910 5673; x_wconf 89' lang='lat' dir='ltr'>fructus</span> <span class='ocrx_word' id='word_1_440' title='bbox 965 5629 1030 5672; x_wconf 93' lang='lat' dir='ltr'>eo</span> <span class='ocrx_word' id='word_1_441' title='bbox 1077 5615 1469 5676; x_wconf 86' lang='lat' dir='ltr'>constantiores</span> <span class='ocrx_word' id='word_1_442' title='bbox 1521 5626 1933 5693; x_wconf 75' lang='lat' dir='ltr'>maturescebat,</span> 
     </span>
    </p>
   </div>
   <div class='ocr_carea' id='block_1_62' title="bbox 2033 549 2926 625">
    <p class='ocr_par' dir='ltr' id='par_1_62' title="bbox 2033 549 2926 625">
     <span class='ocr_line' id='line_1_62' title="bbox 2033 549 2926 625; baseline 0.016 -25"><span class='ocrx_word' id='word_1_443' title='bbox 2033 549 2266 618; x_wconf 87' lang='lat' dir='ltr'>quentia</span> <span class='ocrx_word' id='word_1_444' title='bbox 2291 549 2525 622; x_wconf 86' lang='lat' dir='ltr'>gravitas</span> <span class='ocrx_word' id='word_1_445' title='bbox 2554 569 2617 608; x_wconf 89' lang='lat' dir='ltr'>ac</span> <span class='ocrx_word' id='word_1_446' title='bbox 2645 558 2926 625; x_wconf 85' lang='lat' dir='ltr'>majestas.</span> 
     </span>
    </p>
   </div>
   <div class='ocr_carea' id='block_1_63' title="bbox 2103 637 3620 730">
    <p class='ocr_par' dir='ltr' id='par_1_63' title="bbox 2103 637 3620 730">
     <span class='ocr_line' id='line_1_63' title="bbox 2103 637 3620 730; baseline 0.017 -40"><span class='ocrx_word' id='word_1_447' title='bbox 2103 637 2202 730; x_wconf 76' lang='lat' dir='ltr'>XI.</span> <span class='ocrx_word' id='word_1_448' title='bbox 2236 639 2301 692; x_wconf 90' lang='lat' dir='ltr'>Et</span> <span class='ocrx_word' id='word_1_449' title='bbox 2331 640 2566 714; x_wconf 88' lang='lat' dir='ltr'>denique</span> <span class='ocrx_word' id='word_1_450' title='bbox 2604 645 2750 700; x_wconf 88' lang='lat' dir='ltr'>haud</span> <span class='ocrx_word' id='word_1_451' title='bbox 2785 647 2943 704; x_wconf 90' lang='lat' dir='ltr'>facile</span> <span class='ocrx_word' id='word_1_452' title='bbox 2970 652 3287 723; x_wconf 91' lang='lat' dir='ltr'>scriptorem</span> <span class='ocrx_word' id='word_1_453' title='bbox 3337 657 3620 730; x_wconf 89' lang='lat' dir='ltr'>quisquam</span> 
     </span>
    </p>
   </div>
   <div class='ocr_carea' id='block_1_64' title="bbox 2028 728 3624 815">
    <p class='ocr_par' dir='ltr' id='par_1_64' title="bbox 2028 728 3624 815">
     <span class='ocr_line' id='line_1_64' title="bbox 2028 728 3624 815; baseline 0.014 -33"><span class='ocrx_word' id='word_1_454' title='bbox 2028 728 2280 799; x_wconf 88' lang='lat' dir='ltr'>reperiet,</span> <span class='ocrx_word' id='word_1_455' title='bbox 2325 730 2416 802; x_wconf 93' lang='lat' dir='ltr'>qui</span> <span class='ocrx_word' id='word_1_456' title='bbox 2467 741 2724 802; x_wconf 89' lang='lat' dir='ltr'>perpetuo</span> <span class='ocrx_word' id='word_1_457' title='bbox 2780 737 2883 791; x_wconf 91' lang='lat' dir='ltr'>sibi</span> <span class='ocrx_word' id='word_1_458' title='bbox 2933 749 3162 810; x_wconf 89' lang='lat' dir='ltr'>constet,</span> <span class='ocrx_word' id='word_1_459' title='bbox 3225 728 3517 815; x_wconf 70' lang='lat' dir='ltr'>praesertim</span> <span class='ocrx_word' id='word_1_460' title='bbox 3576 750 3624 804; x_wconf 91' lang='lat' dir='ltr'>si</span> 
     </span>
    </p>
   </div>
   <div class='ocr_carea' id='block_1_65' title="bbox 2027 821 3616 909">
    <p class='ocr_par' dir='ltr' id='par_1_65' title="bbox 2027 821 3616 909">
     <span class='ocr_line' id='line_1_65' title="bbox 2027 821 3616 909; baseline 0.016 -39"><span class='ocrx_word' id='word_1_461' title='bbox 2027 833 2140 872; x_wconf 90' lang='lat' dir='ltr'>non</span> <span class='ocrx_word' id='word_1_462' title='bbox 2170 834 2278 874; x_wconf 91' lang='lat' dir='ltr'>uno</span> <span class='ocrx_word' id='word_1_463' title='bbox 2317 821 2570 876; x_wconf 92' lang='lat' dir='ltr'>continuo</span> <span class='ocrx_word' id='word_1_464' title='bbox 2599 839 2764 895; x_wconf 90' lang='lat' dir='ltr'>opere</span> <span class='ocrx_word' id='word_1_465' title='bbox 2787 831 3128 901; x_wconf 84' lang='lat' dir='ltr'>protraxerit,</span> <span class='ocrx_word' id='word_1_466' title='bbox 3158 834 3254 888; x_wconf 91' lang='lat' dir='ltr'>sed</span> <span class='ocrx_word' id='word_1_467' title='bbox 3283 850 3380 904; x_wconf 90' lang='lat' dir='ltr'>per</span> <span class='ocrx_word' id='word_1_468' title='bbox 3419 836 3616 909; x_wconf 88' lang='lat' dir='ltr'>varias,</span> 
     </span>
    </p>
   </div>
   <div class='ocr_carea' id='block_1_66' title="bbox 2031 908 3621 998">
    <p class='ocr_par' dir='ltr' id='par_1_66' title="bbox 2031 908 3621 998">
     <span class='ocr_line' id='line_1_66' title="bbox 2031 908 3621 998; baseline 0.015 -37"><span class='ocrx_word' id='word_1_469' title='bbox 2031 923 2206 980; x_wconf 91' lang='lat' dir='ltr'>neque</span> <span class='ocrx_word' id='word_1_470' title='bbox 2258 908 2481 966; x_wconf 73' lang='lat' dir='ltr'>I208</span> <span class='ocrx_word' id='word_1_471' title='bbox 2513 913 2845 970; x_wconf 86' lang='lat' dir='ltr'>coharentes</span> <span class='ocrx_word' id='word_1_472' title='bbox 2888 918 3164 992; x_wconf 88' lang='lat' dir='ltr'>materias,</span> <span class='ocrx_word' id='word_1_473' title='bbox 3204 923 3364 978; x_wconf 89' lang='lat' dir='ltr'>variis</span> <span class='ocrx_word' id='word_1_474' title='bbox 3403 908 3621 998; x_wconf 54' lang='lat' dir='ltr'>tempoé</span> 
     </span>
    </p>
   </div>
   <div class='ocr_carea' id='block_1_67' title="bbox 2027 993 3624 1076">
    <p class='ocr_par' dir='ltr' id='par_1_67' title="bbox 2027 993 3624 1076">
     <span class='ocr_line' id='line_1_67' title="bbox 2027 993 3624 1076; baseline 0.015 -29"><span class='ocrx_word' id='word_1_475' title='bbox 2027 993 2196 1064; x_wconf 86' lang='lat' dir='ltr'>ribus,</span> <span class='ocrx_word' id='word_1_476' title='bbox 2265 997 2532 1069; x_wconf 89' lang='lat' dir='ltr'>annisque</span> <span class='ocrx_word' id='word_1_477' title='bbox 2590 1001 2721 1070; x_wconf 89' lang='lat' dir='ltr'>ipsis</span> <span class='ocrx_word' id='word_1_478' title='bbox 2778 1002 3149 1076; x_wconf 88' lang='lat' dir='ltr'>interpolatas,</span> <span class='ocrx_word' id='word_1_479' title='bbox 3209 993 3624 1071; x_wconf 78' lang='lat' dir='ltr'>circumduxerit</span> 
     </span>
    </p>
   </div>
   <div class='ocr_carea' id='block_1_68' title="bbox 2027 1085 3621 1168">
    <p class='ocr_par' dir='ltr' id='par_1_68' title="bbox 2027 1085 3621 1168">
     <span class='ocr_line' id='line_1_68' title="bbox 2027 1085 3621 1168; baseline 0.011 -26"><span class='ocrx_word' id='word_1_480' title='bbox 2027 1085 2308 1144; x_wconf 89' lang='lat' dir='ltr'>calamum.</span> <span class='ocrx_word' id='word_1_481' title='bbox 2341 1088 2436 1144; x_wconf 90' lang='lat' dir='ltr'>Est</span> <span class='ocrx_word' id='word_1_482' title='bbox 2467 1089 2608 1146; x_wconf 90' lang='lat' dir='ltr'>enim</span> <span class='ocrx_word' id='word_1_483' title='bbox 2656 1093 2905 1163; x_wconf 89' lang='lat' dir='ltr'>quadam</span> <span class='ocrx_word' id='word_1_484' title='bbox 2952 1105 3142 1168; x_wconf 89' lang='lat' dir='ltr'>suapte</span> <span class='ocrx_word' id='word_1_485' title='bbox 3180 1108 3373 1156; x_wconf 88' lang='lat' dir='ltr'>natura</span> <span class='ocrx_word' id='word_1_486' title='bbox 3420 1103 3621 1162; x_wconf 90' lang='lat' dir='ltr'>tristior</span> 
     </span>
    </p>
   </div>
   <div class='ocr_carea' id='block_1_69' title="bbox 2027 1176 3622 1261">
    <p class='ocr_par' dir='ltr' id='par_1_69' title="bbox 2027 1176 3622 1261">
     <span class='ocr_line' id='line_1_69' title="bbox 2027 1176 3622 1261; baseline 0.011 -31"><span class='ocrx_word' id='word_1_487' title='bbox 2027 1184 2119 1231; x_wconf 87' lang='lat' dir='ltr'>aut</span> <span class='ocrx_word' id='word_1_488' title='bbox 2157 1176 2426 1245; x_wconf 89' lang='lat' dir='ltr'>humilior,</span> <span class='ocrx_word' id='word_1_489' title='bbox 2461 1185 2620 1251; x_wconf 86' lang='lat' dir='ltr'>atque</span> <span class='ocrx_word' id='word_1_490' title='bbox 2677 1199 2903 1240; x_wconf 90' lang='lat' dir='ltr'>exsucca</span> <span class='ocrx_word' id='word_1_491' title='bbox 2950 1187 3140 1260; x_wconf 85' lang='lat' dir='ltr'>magis,</span> <span class='ocrx_word' id='word_1_492' title='bbox 3191 1206 3310 1261; x_wconf 84' lang='lat' dir='ltr'>qua</span> <span class='ocrx_word' id='word_1_493' title='bbox 3362 1192 3622 1261; x_wconf 90' lang='lat' dir='ltr'>juvenilis</span> 
     </span>
    </p>
   </div>
   <div class='ocr_carea' id='block_1_70' title="bbox 2025 1268 3616 1354">
    <p class='ocr_par' dir='ltr' id='par_1_70' title="bbox 2025 1268 3616 1354">
     <span class='ocr_line' id='line_1_70' title="bbox 2025 1268 3616 1354; baseline 0.013 -35"><span class='ocrx_word' id='word_1_494' title='bbox 2025 1280 2244 1339; x_wconf 89' lang='lat' dir='ltr'>quoque</span> <span class='ocrx_word' id='word_1_495' title='bbox 2281 1268 2489 1340; x_wconf 87' lang='lat' dir='ltr'>ingenii</span> <span class='ocrx_word' id='word_1_496' title='bbox 2513 1270 2754 1342; x_wconf 89' lang='lat' dir='ltr'>vigorem</span> <span class='ocrx_word' id='word_1_497' title='bbox 2787 1274 2914 1329; x_wconf 87' lang='lat' dir='ltr'>satis</span> <span class='ocrx_word' id='word_1_498' title='bbox 2943 1277 3191 1332; x_wconf 90' lang='lat' dir='ltr'>retundat</span> <span class='ocrx_word' id='word_1_499' title='bbox 3233 1291 3394 1352; x_wconf 89' lang='lat' dir='ltr'>atque</span> <span class='ocrx_word' id='word_1_500' title='bbox 3429 1282 3616 1354; x_wconf 87' lang='lat' dir='ltr'>depri-</span> 
     </span>
    </p>
   </div>
   <div class='ocr_carea' id='block_1_71' title="bbox 2028 1357 3618 1439">
    <p class='ocr_par' dir='ltr' id='par_1_71' title="bbox 2028 1357 3618 1439">
     <span class='ocr_line' id='line_1_71' title="bbox 2028 1357 3618 1439; baseline 0.012 -31"><span class='ocrx_word' id='word_1_501' title='bbox 2028 1362 2154 1424; x_wconf 80' lang='lat' dir='ltr'>mat,</span> <span class='ocrx_word' id='word_1_502' title='bbox 2196 1364 2247 1410; x_wconf 92' lang='lat' dir='ltr'>et</span> <span class='ocrx_word' id='word_1_503' title='bbox 2299 1357 2366 1410; x_wconf 88' lang='lat' dir='ltr'>ad</span> <span class='ocrx_word' id='word_1_504' title='bbox 2422 1375 2578 1429; x_wconf 90' lang='lat' dir='ltr'>quam</span> <span class='ocrx_word' id='word_1_505' title='bbox 2620 1361 2931 1418; x_wconf 87' lang='lat' dir='ltr'>succulenta</span> <span class='ocrx_word' id='word_1_506' title='bbox 2985 1370 3320 1439; x_wconf 89' lang='lat' dir='ltr'>cateroquin</span> <span class='ocrx_word' id='word_1_507' title='bbox 3373 1371 3618 1428; x_wconf 89' lang='lat' dir='ltr'>virorum</span> 
     </span>
    </p>
   </div>
   <div class='ocr_carea' id='block_1_72' title="bbox 2028 1443 3619 1518">
    <p class='ocr_par' dir='ltr' id='par_1_72' title="bbox 2028 1443 3619 1518">
     <span class='ocr_line' id='line_1_72' title="bbox 2028 1443 3619 1518; baseline 0.013 -22"><span class='ocrx_word' id='word_1_508' title='bbox 2028 1443 2341 1514; x_wconf 89' lang='lat' dir='ltr'>eloquentia</span> <span class='ocrx_word' id='word_1_509' title='bbox 2373 1455 2646 1502; x_wconf 86' lang='lat' dir='ltr'>exarescat</span> <span class='ocrx_word' id='word_1_510' title='bbox 2678 1467 2692 1503; x_wconf 89' lang='lat'>:</span> <span class='ocrx_word' id='word_1_511' title='bbox 2732 1457 2816 1504; x_wconf 86' lang='lat' dir='ltr'>est</span> <span class='ocrx_word' id='word_1_512' title='bbox 2855 1459 3029 1508; x_wconf 88' lang='lat' dir='ltr'>autem</span> <span class='ocrx_word' id='word_1_513' title='bbox 3079 1455 3181 1511; x_wconf 90' lang='lat' dir='ltr'>alia</span> <span class='ocrx_word' id='word_1_514' title='bbox 3232 1474 3420 1513; x_wconf 88' lang='lat' dir='ltr'>rursus</span> <span class='ocrx_word' id='word_1_515' title='bbox 3451 1471 3619 1518; x_wconf 79' lang='lat' dir='ltr'>mate-</span> 
     </span>
    </p>
   </div>
   <div class='ocr_carea' id='block_1_73' title="bbox 2029 1529 3621 1618">
    <p class='ocr_par' dir='ltr' id='par_1_73' title="bbox 2029 1529 3621 1618">
     <span class='ocr_line' id='line_1_73' title="bbox 2029 1529 3621 1618; baseline 0.013 -34"><span class='ocrx_word' id='word_1_516' title='bbox 2029 1529 2107 1584; x_wconf 91' lang='lat' dir='ltr'>ria</span> <span class='ocrx_word' id='word_1_517' title='bbox 2137 1531 2371 1600; x_wconf 89' lang='lat' dir='ltr'>suavior,</span> <span class='ocrx_word' id='word_1_518' title='bbox 2413 1535 2806 1608; x_wconf 88' lang='lat' dir='ltr'>amoeniorque,</span> <span class='ocrx_word' id='word_1_519' title='bbox 2848 1547 2900 1594; x_wconf 90' lang='lat' dir='ltr'>et</span> <span class='ocrx_word' id='word_1_520' title='bbox 2927 1540 3126 1612; x_wconf 65' lang='lat' dir='ltr'>:ipsius</span> <span class='ocrx_word' id='word_1_521' title='bbox 3170 1545 3406 1601; x_wconf 90' lang='lat' dir='ltr'>auctoris</span> <span class='ocrx_word' id='word_1_522' title='bbox 3453 1549 3621 1618; x_wconf 88' lang='lat' dir='ltr'>genio</span> 
     </span>
    </p>
   </div>
   <div class='ocr_carea' id='block_1_74' title="bbox 2028 1622 3622 1710">
    <p class='ocr_par' dir='ltr' id='par_1_74' title="bbox 2028 1622 3622 1710">
     <span class='ocr_line' id='line_1_74' title="bbox 2028 1622 3622 1710; baseline 0.013 -38"><span class='ocrx_word' id='word_1_523' title='bbox 2028 1622 2500 1689; x_wconf 89' lang='lat' dir='ltr'>accommodatior,</span> <span class='ocrx_word' id='word_1_524' title='bbox 2554 1641 2674 1697; x_wconf 85' lang='lat' dir='ltr'>qua</span> <span class='ocrx_word' id='word_1_525' title='bbox 2733 1626 3043 1700; x_wconf 81' lang='lat' dir='ltr'>languidius</span> <span class='ocrx_word' id='word_1_526' title='bbox 3083 1634 3413 1705; x_wconf 88' lang='lat' dir='ltr'>cateroquin</span> <span class='ocrx_word' id='word_1_527' title='bbox 3467 1637 3622 1710; x_wconf 79' lang='lat' dir='ltr'>inge-</span> 
     </span>
    </p>
   </div>
   <div class='ocr_carea' id='block_1_75' title="bbox 2028 1707 3619 1790">
    <p class='ocr_par' dir='ltr' id='par_1_75' title="bbox 2028 1707 3619 1790">
     <span class='ocr_line' id='line_1_75' title="bbox 2028 1707 3619 1790; baseline 0.014 -31"><span class='ocrx_word' id='word_1_528' title='bbox 2028 1707 2177 1761; x_wconf 90' lang='lat' dir='ltr'>nium</span> <span class='ocrx_word' id='word_1_529' title='bbox 2223 1710 2354 1763; x_wconf 89' lang='lat' dir='ltr'>satis</span> <span class='ocrx_word' id='word_1_530' title='bbox 2384 1712 2616 1767; x_wconf 87' lang='lat' dir='ltr'>excitare</span> <span class='ocrx_word' id='word_1_531' title='bbox 2649 1729 2712 1770; x_wconf 90' lang='lat' dir='ltr'>ac</span> <span class='ocrx_word' id='word_1_532' title='bbox 2760 1716 3041 1773; x_wconf 88' lang='lat' dir='ltr'>stimulare</span> <span class='ocrx_word' id='word_1_533' title='bbox 3079 1729 3241 1790; x_wconf 87' lang='lat' dir='ltr'>queat</span> <span class='ocrx_word' id='word_1_534' title='bbox 3273 1740 3286 1776; x_wconf 91' lang='lat'><strong>:</strong></span> <span class='ocrx_word' id='word_1_535' title='bbox 3339 1731 3422 1778; x_wconf 91' lang='lat' dir='ltr'>est</span> <span class='ocrx_word' id='word_1_536' title='bbox 3459 1707 3619 1781; x_wconf 71' lang='lat' dir='ltr'>deni-</span> 
     </span>
    </p>
   </div>
   <div class='ocr_carea' id='block_1_76' title="bbox 2029 1797 3619 1884">
    <p class='ocr_par' dir='ltr' id='par_1_76' title="bbox 2029 1797 3619 1884">
     <span class='ocr_line' id='line_1_76' title="bbox 2029 1797 3619 1884; baseline 0.014 -35"><span class='ocrx_word' id='word_1_537' title='bbox 2029 1813 2134 1868; x_wconf 91' lang='lat' dir='ltr'>que</span> <span class='ocrx_word' id='word_1_538' title='bbox 2162 1797 2236 1852; x_wconf 91' lang='lat' dir='ltr'>ita</span> <span class='ocrx_word' id='word_1_539' title='bbox 2289 1799 2469 1865; x_wconf 82' lang='lat' dir='ltr'>vivax,</span> <span class='ocrx_word' id='word_1_540' title='bbox 2524 1817 2586 1857; x_wconf 88' lang='lat' dir='ltr'>ac</span> <span class='ocrx_word' id='word_1_541' title='bbox 2642 1803 2915 1859; x_wconf 90' lang='lat' dir='ltr'>radiosum</span> <span class='ocrx_word' id='word_1_542' title='bbox 2971 1808 3251 1879; x_wconf 90' lang='lat' dir='ltr'>quidpiam</span> <span class='ocrx_word' id='word_1_543' title='bbox 3289 1811 3619 1884; x_wconf 85' lang='lat' dir='ltr'>diffundens,</span> 
     </span>
    </p>
   </div>
   <div class='ocr_carea' id='block_1_77' title="bbox 2030 1888 3621 1973">
    <p class='ocr_par' dir='ltr' id='par_1_77' title="bbox 2030 1888 3621 1973">
     <span class='ocr_line' id='line_1_77' title="bbox 2030 1888 3621 1973; baseline 0.013 -33"><span class='ocrx_word' id='word_1_544' title='bbox 2030 1902 2151 1956; x_wconf 84' lang='lat' dir='ltr'>qua</span> <span class='ocrx_word' id='word_1_545' title='bbox 2181 1888 2506 1945; x_wconf 85' lang='lat' dir='ltr'>scribentem</span> <span class='ocrx_word' id='word_1_546' title='bbox 2557 1891 2779 1960; x_wconf 26' lang='lat' dir='ltr'>penitus:</span> <span class='ocrx_word' id='word_1_547' title='bbox 2817 1892 3129 1969; x_wconf 90' lang='lat' dir='ltr'>incendere,</span> <span class='ocrx_word' id='word_1_548' title='bbox 3162 1914 3226 1954; x_wconf 91' lang='lat' dir='ltr'>ac</span> <span class='ocrx_word' id='word_1_549' title='bbox 3268 1900 3621 1973; x_wconf 88' lang='lat' dir='ltr'>inﬂammare,</span> 
     </span>
    </p>
   </div>
   <div class='ocr_carea' id='block_1_78' title="bbox 2029 1977 3619 2065">
    <p class='ocr_par' dir='ltr' id='par_1_78' title="bbox 2029 1977 3619 2065">
     <span class='ocr_line' id='line_1_78' title="bbox 2029 1977 3619 2065; baseline 0.013 -36"><span class='ocrx_word' id='word_1_550' title='bbox 2029 1977 2154 2047; x_wconf 91' lang='lat' dir='ltr'>quin</span> <span class='ocrx_word' id='word_1_551' title='bbox 2187 1986 2242 2033; x_wconf 92' lang='lat' dir='ltr'>et</span> <span class='ocrx_word' id='word_1_552' title='bbox 2269 1994 2334 2033; x_wconf 90' lang='lat' dir='ltr'>ex</span> <span class='ocrx_word' id='word_1_553' title='bbox 2363 1988 2632 2036; x_wconf 86' lang='lat' dir='ltr'>senectute</span> <span class='ocrx_word' id='word_1_554' title='bbox 2665 1981 2888 2051; x_wconf 88' lang='lat' dir='ltr'>jamjam</span> <span class='ocrx_word' id='word_1_555' title='bbox 2929 1983 3170 2040; x_wconf 89' lang='lat' dir='ltr'>cineritia</span> <span class='ocrx_word' id='word_1_556' title='bbox 3229 1988 3320 2043; x_wconf 89' lang='lat' dir='ltr'>diu</span> <span class='ocrx_word' id='word_1_557' title='bbox 3368 1995 3619 2065; x_wconf 78' lang='lat' dir='ltr'>conSOpi-</span> 
     </span>
    </p>
   </div>
   <div class='ocr_carea' id='block_1_79' title="bbox 2030 2067 3620 2160">
    <p class='ocr_par' dir='ltr' id='par_1_79' title="bbox 2030 2067 3620 2160">
     <span class='ocr_line' id='line_1_79' title="bbox 2030 2067 3620 2160; baseline 0.011 -38"><span class='ocrx_word' id='word_1_558' title='bbox 2030 2075 2113 2122; x_wconf 91' lang='lat' dir='ltr'>tos</span> <span class='ocrx_word' id='word_1_559' title='bbox 2140 2067 2408 2141; x_wconf 81' lang='lat' dir='ltr'>igniculos</span> <span class='ocrx_word' id='word_1_560' title='bbox 2454 2070 2775 2142; x_wconf 90' lang='lat' dir='ltr'>quandoque</span> <span class='ocrx_word' id='word_1_561' title='bbox 2815 2072 3070 2130; x_wconf 87' lang='lat' dir='ltr'>suscitare</span> <span class='ocrx_word' id='word_1_562' title='bbox 3105 2077 3300 2160; x_wconf 64' lang='lat' dir='ltr'>valeat.</span> <span class='ocrx_word' id='word_1_563' title='bbox 3357 2079 3494 2136; x_wconf 92' lang='lat' dir='ltr'>Sunt</span> <span class='ocrx_word' id='word_1_564' title='bbox 3526 2084 3620 2139; x_wconf 90' lang='lat' dir='ltr'>de-</span> 
     </span>
    </p>
   </div>
   <div class='ocr_carea' id='block_1_80' title="bbox 2035 2156 3622 2243">
    <p class='ocr_par' dir='ltr' id='par_1_80' title="bbox 2035 2156 3622 2243">
     <span class='ocr_line' id='line_1_80' title="bbox 2035 2156 3622 2243; baseline 0.013 -34"><span class='ocrx_word' id='word_1_565' title='bbox 2035 2156 2160 2211; x_wconf 93' lang='lat' dir='ltr'>inde</span> <span class='ocrx_word' id='word_1_566' title='bbox 2190 2158 2297 2211; x_wconf 91' lang='lat' dir='ltr'>alia</span> <span class='ocrx_word' id='word_1_567' title='bbox 2349 2174 2585 2230; x_wconf 91' lang='lat' dir='ltr'>quoque,</span> <span class='ocrx_word' id='word_1_568' title='bbox 2648 2160 2901 2217; x_wconf 90' lang='lat' dir='ltr'>scribenti</span> <span class='ocrx_word' id='word_1_569' title='bbox 2956 2163 3191 2234; x_wconf 88' lang='lat' dir='ltr'>aliunde,</span> <span class='ocrx_word' id='word_1_570' title='bbox 3247 2156 3308 2224; x_wconf 88' lang='lat' dir='ltr'>ac</span> <span class='ocrx_word' id='word_1_571' title='bbox 3350 2170 3497 2226; x_wconf 90' lang='lat' dir='ltr'>velut</span> <span class='ocrx_word' id='word_1_572' title='bbox 3524 2189 3622 2243; x_wconf 90' lang='lat' dir='ltr'>per</span> 
     </span>
    </p>
   </div>
   <div class='ocr_carea' id='block_1_81' title="bbox 2029 2244 3624 2334">
    <p class='ocr_par' dir='ltr' id='par_1_81' title="bbox 2029 2244 3624 2334">
     <span class='ocr_line' id='line_1_81' title="bbox 2029 2244 3624 2334; baseline 0.011 -34"><span class='ocrx_word' id='word_1_573' title='bbox 2029 2244 2328 2315; x_wconf 90' lang='lat' dir='ltr'>obliquum,</span> <span class='ocrx_word' id='word_1_574' title='bbox 2378 2248 2736 2317; x_wconf 90' lang='lat' dir='ltr'>advenientia,</span> <span class='ocrx_word' id='word_1_575' title='bbox 2786 2267 2907 2322; x_wconf 88' lang='lat' dir='ltr'>qua</span> <span class='ocrx_word' id='word_1_576' title='bbox 2963 2259 3140 2309; x_wconf 89' lang='lat' dir='ltr'>tamen</span> <span class='ocrx_word' id='word_1_577' title='bbox 3185 2256 3253 2310; x_wconf 89' lang='lat' dir='ltr'>ad</span> <span class='ocrx_word' id='word_1_578' title='bbox 3294 2259 3414 2327; x_wconf 89' lang='lat' dir='ltr'>ejus</span> <span class='ocrx_word' id='word_1_579' title='bbox 3464 2262 3624 2334; x_wconf 87' lang='lat' dir='ltr'>inge-</span> 
     </span>
    </p>
   </div>
   <div class='ocr_carea' id='block_1_82' title="bbox 2030 2334 3617 2419">
    <p class='ocr_par' dir='ltr' id='par_1_82' title="bbox 2030 2334 3617 2419">
     <span class='ocr_line' id='line_1_82' title="bbox 2030 2334 3617 2419; baseline 0.014 -34"><span class='ocrx_word' id='word_1_580' title='bbox 2030 2334 2201 2398; x_wconf 90' lang='lat' dir='ltr'>nium,</span> <span class='ocrx_word' id='word_1_581' title='bbox 2254 2342 2314 2390; x_wconf 91' lang='lat' dir='ltr'>ut</span> <span class='ocrx_word' id='word_1_582' title='bbox 2361 2335 2433 2390; x_wconf 91' lang='lat' dir='ltr'>ita</span> <span class='ocrx_word' id='word_1_583' title='bbox 2479 2336 2673 2407; x_wconf 90' lang='lat' dir='ltr'>dicam,</span> <span class='ocrx_word' id='word_1_584' title='bbox 2715 2340 3070 2407; x_wconf 88' lang='lat' dir='ltr'>alterandum,</span> <span class='ocrx_word' id='word_1_585' title='bbox 3102 2346 3425 2419; x_wconf 90' lang='lat' dir='ltr'>quandoque</span> <span class='ocrx_word' id='word_1_586' title='bbox 3477 2352 3617 2406; x_wconf 92' lang='lat' dir='ltr'>mul-</span> 
     </span>
    </p>
   </div>
   <div class='ocr_carea' id='block_1_83' title="bbox 2031 2424 3615 2505">
    <p class='ocr_par' dir='ltr' id='par_1_83' title="bbox 2031 2424 3615 2505">
     <span class='ocr_line' id='line_1_83' title="bbox 2031 2424 3615 2505; baseline 0.013 -32"><span class='ocrx_word' id='word_1_587' title='bbox 2031 2427 2140 2473; x_wconf 91' lang='lat' dir='ltr'>tum</span> <span class='ocrx_word' id='word_1_588' title='bbox 2174 2430 2419 2490; x_wconf 90' lang='lat' dir='ltr'>possunt.</span> <span class='ocrx_word' id='word_1_589' title='bbox 2462 2424 2601 2492; x_wconf 90' lang='lat' dir='ltr'>Quid</span> <span class='ocrx_word' id='word_1_590' title='bbox 2651 2426 2846 2482; x_wconf 90' lang='lat' dir='ltr'>mirum</span> <span class='ocrx_word' id='word_1_591' title='bbox 2876 2428 3060 2500; x_wconf 86' lang='lat' dir='ltr'>igitur,</span> <span class='ocrx_word' id='word_1_592' title='bbox 3097 2431 3141 2486; x_wconf 90' lang='lat' dir='ltr'>si</span> <span class='ocrx_word' id='word_1_593' title='bbox 3180 2450 3354 2505; x_wconf 89' lang='lat' dir='ltr'>neque</span> <span class='ocrx_word' id='word_1_594' title='bbox 3402 2439 3615 2494; x_wconf 89' lang='lat' dir='ltr'>Tertul-</span> 
     </span>
    </p>
   </div>
   <div class='ocr_carea' id='block_1_84' title="bbox 2033 2507 3621 2598">
    <p class='ocr_par' dir='ltr' id='par_1_84' title="bbox 2033 2507 3621 2598">
     <span class='ocr_line' id='line_1_84' title="bbox 2033 2507 3621 2598; baseline 0.016 -38"><span class='ocrx_word' id='word_1_595' title='bbox 2033 2507 2208 2563; x_wconf 88' lang='lat' dir='ltr'>lianus</span> <span class='ocrx_word' id='word_1_596' title='bbox 2241 2512 2594 2583; x_wconf 88' lang='lat' dir='ltr'>undequaque</span> <span class='ocrx_word' id='word_1_597' title='bbox 2631 2513 2734 2570; x_wconf 90' lang='lat' dir='ltr'>sibi</span> <span class='ocrx_word' id='word_1_598' title='bbox 2775 2525 3006 2587; x_wconf 89' lang='lat' dir='ltr'>constet,</span> <span class='ocrx_word' id='word_1_599' title='bbox 3041 2520 3156 2590; x_wconf 89' lang='lat' dir='ltr'>sed,</span> <span class='ocrx_word' id='word_1_600' title='bbox 3189 2539 3310 2578; x_wconf 92' lang='lat' dir='ltr'>cum</span> <span class='ocrx_word' id='word_1_601' title='bbox 3353 2527 3621 2598; x_wconf 89' lang='lat' dir='ltr'>primitus,</span> 
     </span>
    </p>
   </div>
   <div class='ocr_carea' id='block_1_85' title="bbox 2038 2597 3623 2673">
    <p class='ocr_par' dir='ltr' id='par_1_85' title="bbox 2038 2597 3623 2673">
     <span class='ocr_line' id='line_1_85' title="bbox 2038 2597 3623 2673; baseline 0.015 -23"><span class='ocrx_word' id='word_1_602' title='bbox 2038 2597 2164 2654; x_wconf 91' lang='lat' dir='ltr'>licet</span> <span class='ocrx_word' id='word_1_603' title='bbox 2188 2601 2300 2668; x_wconf 90' lang='lat' dir='ltr'>jam</span> <span class='ocrx_word' id='word_1_604' title='bbox 2330 2600 2579 2656; x_wconf 91' lang='lat' dir='ltr'>adultiori</span> <span class='ocrx_word' id='word_1_605' title='bbox 2610 2609 2785 2673; x_wconf 88' lang='lat' dir='ltr'>atate,</span> <span class='ocrx_word' id='word_1_606' title='bbox 2816 2619 2874 2659; x_wconf 90' lang='lat' dir='ltr'>se</span> <span class='ocrx_word' id='word_1_607' title='bbox 2911 2606 2979 2660; x_wconf 92' lang='lat' dir='ltr'>ad</span> <span class='ocrx_word' id='word_1_608' title='bbox 3029 2610 3370 2668; x_wconf 89' lang='lat' dir='ltr'>scribendum</span> <span class='ocrx_word' id='word_1_609' title='bbox 3429 2626 3623 2672; x_wconf 90' lang='lat' dir='ltr'>contu-</span> 
     </span>
    </p>
   </div>
   <div class='ocr_carea' id='block_1_86' title="bbox 2033 2687 3621 2776">
    <p class='ocr_par' dir='ltr' id='par_1_86' title="bbox 2033 2687 3621 2776">
     <span class='ocr_line' id='line_1_86' title="bbox 2033 2687 3621 2776; baseline 0.013 -36"><span class='ocrx_word' id='word_1_610' title='bbox 2033 2687 2115 2753; x_wconf 93' lang='lat' dir='ltr'>lit,</span> <span class='ocrx_word' id='word_1_611' title='bbox 2163 2688 2403 2743; x_wconf 90' lang='lat' dir='ltr'>nonnihil</span> <span class='ocrx_word' id='word_1_612' title='bbox 2449 2690 2695 2745; x_wconf 91' lang='lat' dir='ltr'>alacriori</span> <span class='ocrx_word' id='word_1_613' title='bbox 2756 2693 2896 2764; x_wconf 88' lang='lat' dir='ltr'>stylo</span> <span class='ocrx_word' id='word_1_614' title='bbox 2936 2711 3067 2750; x_wconf 90' lang='lat' dir='ltr'>usus</span> <span class='ocrx_word' id='word_1_615' title='bbox 3125 2698 3305 2770; x_wconf 89' lang='lat' dir='ltr'>fuerit,</span> <span class='ocrx_word' id='word_1_616' title='bbox 3361 2703 3621 2776; x_wconf 86' lang='lat' dir='ltr'>deinceps</span> 
     </span>
    </p>
   </div>
   <div class='ocr_carea' id='block_1_87' title="bbox 2037 2776 3626 2860">
    <p class='ocr_par' dir='ltr' id='par_1_87' title="bbox 2037 2776 3626 2860">
     <span class='ocr_line' id='line_1_87' title="bbox 2037 2776 3626 2860; baseline 0.013 -31"><span class='ocrx_word' id='word_1_617' title='bbox 2037 2776 2090 2830; x_wconf 91' lang='lat' dir='ltr'>in</span> <span class='ocrx_word' id='word_1_618' title='bbox 2121 2776 2239 2832; x_wconf 88' lang='lat' dir='ltr'>aliis</span> <span class='ocrx_word' id='word_1_619' title='bbox 2265 2778 2384 2846; x_wconf 88' lang='lat' dir='ltr'>ejus</span> <span class='ocrx_word' id='word_1_620' title='bbox 2415 2777 2568 2833; x_wconf 88' lang='lat' dir='ltr'>libris</span> <span class='ocrx_word' id='word_1_621' title='bbox 2613 2780 2858 2836; x_wconf 89' lang='lat' dir='ltr'>nonnihil</span> <span class='ocrx_word' id='word_1_622' title='bbox 2908 2783 3084 2855; x_wconf 82' lang='lat' dir='ltr'>magis</span> <span class='ocrx_word' id='word_1_623' title='bbox 3131 2788 3470 2860; x_wconf 88' lang='lat' dir='ltr'>subsidente,</span> <span class='ocrx_word' id='word_1_624' title='bbox 3509 2810 3626 2848; x_wconf 90' lang='lat' dir='ltr'>ma-</span> 
     </span>
    </p>
   </div>
   <div class='ocr_carea' id='block_1_88' title="bbox 2031 2864 3626 2938">
    <p class='ocr_par' dir='ltr' id='par_1_88' title="bbox 2031 2864 3626 2938">
     <span class='ocr_line' id='line_1_88' title="bbox 2031 2864 3626 2938; baseline 0.011 -19"><span class='ocrx_word' id='word_1_625' title='bbox 2031 2864 2247 2935; x_wconf 90' lang='lat' dir='ltr'>jorique</span> <span class='ocrx_word' id='word_1_626' title='bbox 2298 2866 2614 2921; x_wconf 88' lang='lat' dir='ltr'>eruditionis</span> <span class='ocrx_word' id='word_1_627' title='bbox 2671 2877 2927 2938; x_wconf 88' lang='lat' dir='ltr'>apparatu</span> <span class='ocrx_word' id='word_1_628' title='bbox 2973 2885 3220 2929; x_wconf 89' lang='lat' dir='ltr'>ornatum</span> <span class='ocrx_word' id='word_1_629' title='bbox 3283 2878 3429 2934; x_wconf 88' lang='lat' dir='ltr'>velut</span> <span class='ocrx_word' id='word_1_630' title='bbox 3475 2896 3626 2936; x_wconf 89' lang='lat' dir='ltr'>com-</span> 
     </span>
    </p>
   </div>
   <div class='ocr_carea' id='block_1_89' title="bbox 2036 2953 3623 3035">
    <p class='ocr_par' dir='ltr' id='par_1_89' title="bbox 2036 2953 3623 3035">
     <span class='ocr_line' id='line_1_89' title="bbox 2036 2953 3623 3035; baseline 0.011 -28"><span class='ocrx_word' id='word_1_631' title='bbox 2036 2961 2307 3024; x_wconf 85' lang='lat' dir='ltr'>pensante.</span> <span class='ocrx_word' id='word_1_632' title='bbox 2331 2953 2442 3008; x_wconf 91' lang='lat' dir='ltr'>Sed</span> <span class='ocrx_word' id='word_1_633' title='bbox 2455 2955 2568 3010; x_wconf 89' lang='lat' dir='ltr'>hac</span> <span class='ocrx_word' id='word_1_634' title='bbox 2597 2959 2659 3016; x_wconf 84' lang='grc' dir='ltr'>ὼς</span> <span class='ocrx_word' id='word_1_635' title='bbox 2688 2958 2732 3009; x_wconf 78' lang='grc' dir='ltr'>ἐν</span> <span class='ocrx_word' id='word_1_636' title='bbox 2761 2960 2986 3032; x_wconf 82' lang='grc' dir='ltr'>παρόδῳ,</span> <span class='ocrx_word' id='word_1_637' title='bbox 3009 2978 3312 3035; x_wconf 88' lang='lat' dir='ltr'>quanquam</span> <span class='ocrx_word' id='word_1_638' title='bbox 3346 2982 3454 3022; x_wconf 90' lang='lat' dir='ltr'>non</span> <span class='ocrx_word' id='word_1_639' title='bbox 3485 2969 3623 3024; x_wconf 86' lang='lat' dir='ltr'>nihil</span> 
     </span>
    </p>
   </div>
   <div class='ocr_carea' id='block_1_90' title="bbox 2037 3042 2687 3111">
    <p class='ocr_par' dir='ltr' id='par_1_90' title="bbox 2037 3042 2687 3111">
     <span class='ocr_line' id='line_1_90' title="bbox 2037 3042 2687 3111; baseline 0.009 -17"><span class='ocrx_word' id='word_1_640' title='bbox 2037 3042 2315 3111; x_wconf 85' lang='lat' dir='ltr'>prolixius,</span> <span class='ocrx_word' id='word_1_641' title='bbox 2341 3044 2480 3099; x_wconf 88' lang='lat' dir='ltr'>dicta</span> <span class='ocrx_word' id='word_1_642' title='bbox 2509 3054 2687 3101; x_wconf 90' lang='lat' dir='ltr'>sunto.</span> 
     </span>
    </p>
   </div>
   <div class='ocr_carea' id='block_1_91' title="bbox 2108 3131 3629 3219">
    <p class='ocr_par' dir='ltr' id='par_1_91' title="bbox 2108 3131 3629 3219">
     <span class='ocr_line' id='line_1_91' title="bbox 2108 3131 3629 3219; baseline 0.013 -33"><span class='ocrx_word' id='word_1_643' title='bbox 2108 3133 2182 3188; x_wconf 88' lang='grc' dir='ltr'>Χ.</span> <span class='ocrx_word' id='word_1_644' title='bbox 2225 3131 2282 3188; x_wconf 93' lang='lat' dir='ltr'>Si</span> <span class='ocrx_word' id='word_1_645' title='bbox 2322 3133 2437 3202; x_wconf 91' lang='lat' dir='ltr'>jam</span> <span class='ocrx_word' id='word_1_646' title='bbox 2477 3149 2607 3189; x_wconf 91' lang='lat' dir='ltr'>vero</span> <span class='ocrx_word' id='word_1_647' title='bbox 2639 3150 2858 3192; x_wconf 78' lang='lat' dir='ltr'>TEMPUS</span> <span class='ocrx_word' id='word_1_648' title='bbox 2888 3137 3061 3208; x_wconf 92' lang='lat' dir='ltr'>ipsum</span> <span class='ocrx_word' id='word_1_649' title='bbox 3093 3141 3416 3215; x_wconf 88' lang='lat' dir='ltr'>scriptionis,</span> <span class='ocrx_word' id='word_1_650' title='bbox 3465 3147 3629 3219; x_wconf 87' lang='lat' dir='ltr'>paulo</span> 
     </span>
    </p>
   </div>
   <div class='ocr_carea' id='block_1_92' title="bbox 2045 3221 3628 3310">
    <p class='ocr_par' dir='ltr' id='par_1_92' title="bbox 2045 3221 3628 3310">
     <span class='ocr_line' id='line_1_92' title="bbox 2045 3221 3628 3310; baseline 0.014 -38"><span class='ocrx_word' id='word_1_651' title='bbox 2045 3221 2402 3310; x_wconf 85' lang='lat' dir='ltr'>propinquius</span> <span class='ocrx_word' id='word_1_652' title='bbox 2439 3223 2789 3296; x_wconf 89' lang='lat' dir='ltr'>(quamquam</span> <span class='ocrx_word' id='word_1_653' title='bbox 2838 3225 2888 3280; x_wconf 92' lang='lat' dir='ltr'>id</span> <span class='ocrx_word' id='word_1_654' title='bbox 2935 3231 3155 3299; x_wconf 73' lang='lat' dir='ltr'>praecise</span> <span class='ocrx_word' id='word_1_655' title='bbox 3214 3233 3324 3288; x_wconf 82' lang='lat' dir='ltr'>fieri</span> <span class='ocrx_word' id='word_1_656' title='bbox 3371 3241 3628 3310; x_wconf 91' lang='lat' dir='ltr'>nequeat)</span> 
     </span>
    </p>
   </div>
   <div class='ocr_carea' id='block_1_93' title="bbox 2038 3307 3626 3385">
    <p class='ocr_par' dir='ltr' id='par_1_93' title="bbox 2038 3307 3626 3385">
     <span class='ocr_line' id='line_1_93' title="bbox 2038 3307 3626 3385; baseline 0.013 -24"><span class='ocrx_word' id='word_1_657' title='bbox 2038 3307 2430 3380; x_wconf 81' lang='lat' dir='ltr'>designandum</span> <span class='ocrx_word' id='word_1_658' title='bbox 2488 3312 2593 3375; x_wconf 89' lang='lat' dir='ltr'>sit,</span> <span class='ocrx_word' id='word_1_659' title='bbox 2654 3313 2730 3367; x_wconf 90' lang='lat' dir='ltr'>ita</span> <span class='ocrx_word' id='word_1_660' title='bbox 2776 3315 2971 3385; x_wconf 87' lang='lat' dir='ltr'>Opinor</span> <span class='ocrx_word' id='word_1_661' title='bbox 3006 3359 3018 3383; x_wconf 92' lang='lat'>,</span> <span class='ocrx_word' id='word_1_662' title='bbox 3067 3321 3204 3374; x_wconf 89' lang='lat' dir='ltr'>hanc</span> <span class='ocrx_word' id='word_1_663' title='bbox 3259 3307 3626 3382; x_wconf 76' lang='lat' dir='ltr'>tractationem</span> 
     </span>
    </p>
   </div>
   <div class='ocr_carea' id='block_1_94' title="bbox 2039 3386 3624 3483">
    <p class='ocr_par' dir='ltr' id='par_1_94' title="bbox 2039 3386 3624 3483">
     <span class='ocr_line' id='line_1_94' title="bbox 2039 3386 3624 3483; baseline 0.012 -33"><span class='ocrx_word' id='word_1_664' title='bbox 2039 3405 2188 3452; x_wconf 91' lang='lat' dir='ltr'>certo</span> <span class='ocrx_word' id='word_1_665' title='bbox 2219 3386 2344 3453; x_wconf 80' lang='lat' dir='ltr'>ante</span> <span class='ocrx_word' id='word_1_666' title='bbox 2389 3398 2455 3455; x_wconf 84' lang='lat' dir='ltr'>A.</span> <span class='ocrx_word' id='word_1_667' title='bbox 2505 3400 2566 3454; x_wconf 90' lang='lat' dir='ltr'>C.</span> <span class='ocrx_word' id='word_1_668' title='bbox 2611 3404 2736 3467; x_wconf 86' lang='lat'>200,</span> <span class='ocrx_word' id='word_1_669' title='bbox 2786 3412 2842 3458; x_wconf 91' lang='lat' dir='ltr'>et</span> <span class='ocrx_word' id='word_1_670' title='bbox 2884 3404 3248 3465; x_wconf 87' lang='lat' dir='ltr'>verisimiliter</span> <span class='ocrx_word' id='word_1_671' title='bbox 3310 3429 3450 3468; x_wconf 86' lang='lat' dir='ltr'>anno</span> <span class='ocrx_word' id='word_1_672' title='bbox 3499 3417 3624 3483; x_wconf 78' lang='grc'>197,</span> 
     </span>
    </p>
   </div>
   <div class='ocr_carea' id='block_1_95' title="bbox 2036 3485 3624 3571">
    <p class='ocr_par' dir='ltr' id='par_1_95' title="bbox 2036 3485 3624 3571">
     <span class='ocr_line' id='line_1_95' title="bbox 2036 3485 3624 3571; baseline 0.012 -32"><span class='ocrx_word' id='word_1_673' title='bbox 2036 3493 2131 3540; x_wconf 88' lang='lat' dir='ltr'>aut</span> <span class='ocrx_word' id='word_1_674' title='bbox 2171 3485 2398 3542; x_wconf 87' lang='lat' dir='ltr'>fortasse</span> <span class='ocrx_word' id='word_1_675' title='bbox 2427 3489 2704 3558; x_wconf 89' lang='lat' dir='ltr'>maturius,</span> <span class='ocrx_word' id='word_1_676' title='bbox 2769 3490 2964 3548; x_wconf 89' lang='lat' dir='ltr'>litteris</span> <span class='ocrx_word' id='word_1_677' title='bbox 3013 3495 3381 3569; x_wconf 87' lang='lat' dir='ltr'>consignatam</span> <span class='ocrx_word' id='word_1_678' title='bbox 3434 3501 3624 3571; x_wconf 90' lang='lat' dir='ltr'>fuisse,</span> 
     </span>
    </p>
   </div>
   <div class='ocr_carea' id='block_1_96' title="bbox 2037 3577 3625 3656">
    <p class='ocr_par' dir='ltr' id='par_1_96' title="bbox 2037 3577 3625 3656">
     <span class='ocr_line' id='line_1_96' title="bbox 2037 3577 3625 3656; baseline 0.011 -28"><span class='ocrx_word' id='word_1_679' title='bbox 2037 3582 2186 3630; x_wconf 90' lang='lat' dir='ltr'>certe</span> <span class='ocrx_word' id='word_1_680' title='bbox 2218 3585 2398 3631; x_wconf 89' lang='lat' dir='ltr'>autem</span> <span class='ocrx_word' id='word_1_681' title='bbox 2423 3585 2476 3631; x_wconf 91' lang='lat' dir='ltr'>et</span> <span class='ocrx_word' id='word_1_682' title='bbox 2514 3577 2698 3648; x_wconf 86' lang='lat' dir='ltr'>hujus,</span> <span class='ocrx_word' id='word_1_683' title='bbox 2745 3586 2798 3633; x_wconf 90' lang='lat' dir='ltr'>et</span> <span class='ocrx_word' id='word_1_684' title='bbox 2827 3580 3046 3637; x_wconf 90' lang='lat' dir='ltr'>alterius</span> <span class='ocrx_word' id='word_1_685' title='bbox 3073 3583 3141 3638; x_wconf 92' lang='lat' dir='ltr'>de</span> <span class='ocrx_word' id='word_1_686' title='bbox 3194 3586 3458 3656; x_wconf 91' lang='lat' dir='ltr'>baptismo</span> <span class='ocrx_word' id='word_1_687' title='bbox 3488 3593 3625 3647; x_wconf 89' lang='lat' dir='ltr'>scri-</span> 
     </span>
    </p>
   </div>
   <div class='ocr_carea' id='block_1_97' title="bbox 2039 3662 3270 3735">
    <p class='ocr_par' dir='ltr' id='par_1_97' title="bbox 2039 3662 3270 3735">
     <span class='ocr_line' id='line_1_97' title="bbox 2039 3662 3270 3735; baseline 0.012 -20"><span class='ocrx_word' id='word_1_688' title='bbox 2039 3662 2132 3734; x_wconf 91' lang='lat' dir='ltr'>pti,</span> <span class='ocrx_word' id='word_1_689' title='bbox 2179 3673 2388 3734; x_wconf 89' lang='lat' dir='ltr'>tempus</span> <span class='ocrx_word' id='word_1_690' title='bbox 2417 3666 2560 3719; x_wconf 90' lang='lat' dir='ltr'>haud</span> <span class='ocrx_word' id='word_1_691' title='bbox 2586 3669 2771 3735; x_wconf 92' lang='lat' dir='ltr'>procul</span> <span class='ocrx_word' id='word_1_692' title='bbox 2797 3668 3024 3726; x_wconf 89' lang='lat' dir='ltr'>invicem</span> <span class='ocrx_word' id='word_1_693' title='bbox 3044 3673 3270 3730; x_wconf 90' lang='lat' dir='ltr'>distare.</span> 
     </span>
    </p>
   </div>
   <div class='ocr_carea' id='block_1_98' title="bbox 2104 3752 3624 3838">
    <p class='ocr_par' dir='ltr' id='par_1_98' title="bbox 2104 3752 3624 3838">
     <span class='ocr_line' id='line_1_98' title="bbox 2104 3752 3624 3838; baseline 0.014 -33"><span class='ocrx_word' id='word_1_694' title='bbox 2104 3753 2202 3806; x_wconf 85' lang='lat' dir='ltr'>XI.</span> <span class='ocrx_word' id='word_1_695' title='bbox 2218 3752 2300 3806; x_wconf 90' lang='lat' dir='ltr'>An</span> <span class='ocrx_word' id='word_1_696' title='bbox 2325 3770 2451 3808; x_wconf 88' lang='lat' dir='ltr'>vero</span> <span class='ocrx_word' id='word_1_697' title='bbox 2470 3754 2669 3809; x_wconf 92' lang='lat' dir='ltr'>librum</span> <span class='ocrx_word' id='word_1_698' title='bbox 2685 3756 2750 3814; x_wconf 86' lang='lat' dir='ltr'>de</span> <span class='ocrx_word' id='word_1_699' title='bbox 2769 3758 3044 3831; x_wconf 76' lang='lat' dir='ltr'>baptismo</span> <span class='ocrx_word' id='word_1_700' title='bbox 3056 3762 3179 3818; x_wconf 90' lang='lat' dir='ltr'>huic</span> <span class='ocrx_word' id='word_1_701' title='bbox 3194 3765 3624 3838; x_wconf 76' lang='lat' dir='ltr'>depam’tentia,</span> 
     </span>
    </p>
   </div>
   <div class='ocr_carea' id='block_1_99' title="bbox 2034 3842 3624 3924">
    <p class='ocr_par' dir='ltr' id='par_1_99' title="bbox 2034 3842 3624 3924">
     <span class='ocr_line' id='line_1_99' title="bbox 2034 3842 3624 3924; baseline 0.013 -29"><span class='ocrx_word' id='word_1_702' title='bbox 2034 3856 2099 3895; x_wconf 90' lang='lat' dir='ltr'>an</span> <span class='ocrx_word' id='word_1_703' title='bbox 2158 3842 2300 3896; x_wconf 92' lang='lat' dir='ltr'>hunc</span> <span class='ocrx_word' id='word_1_704' title='bbox 2346 3842 2444 3909; x_wconf 92' lang='lat' dir='ltr'>illi,</span> <span class='ocrx_word' id='word_1_705' title='bbox 2504 3845 2773 3899; x_wconf 89' lang='lat' dir='ltr'>scribendi</span> <span class='ocrx_word' id='word_1_706' title='bbox 2831 3848 3039 3914; x_wconf 90' lang='lat' dir='ltr'>ordine,</span> <span class='ocrx_word' id='word_1_707' title='bbox 3084 3853 3475 3924; x_wconf 86' lang='lat' dir='ltr'>subjunxerit,</span> <span class='ocrx_word' id='word_1_708' title='bbox 3536 3861 3624 3915; x_wconf 85' lang='lat' dir='ltr'>vix</span> 
     </span>
    </p>
   </div>
   <div class='ocr_carea' id='block_1_100' title="bbox 2035 3929 3628 4016">
    <p class='ocr_par' dir='ltr' id='par_1_100' title="bbox 2035 3929 3628 4016">
     <span class='ocr_line' id='line_1_100' title="bbox 2035 3929 3628 4016; baseline 0.013 -34"><span class='ocrx_word' id='word_1_709' title='bbox 2035 3929 2331 4002; x_wconf 87' lang='lat' dir='ltr'>quidquam</span> <span class='ocrx_word' id='word_1_710' title='bbox 2380 3930 2724 3988; x_wconf 88' lang='lat' dir='ltr'>determinari</span> <span class='ocrx_word' id='word_1_711' title='bbox 2772 3943 2970 4007; x_wconf 89' lang='lat' dir='ltr'>potest.</span> <span class='ocrx_word' id='word_1_712' title='bbox 3018 3938 3371 3999; x_wconf 84' lang='lat' dir='ltr'>Verisimilius</span> <span class='ocrx_word' id='word_1_713' title='bbox 3429 3954 3628 4016; x_wconf 91' lang='lat' dir='ltr'>tamen,</span> 
     </span>
    </p>
   </div>
   <div class='ocr_carea' id='block_1_101' title="bbox 2036 4017 3627 4099">
    <p class='ocr_par' dir='ltr' id='par_1_101' title="bbox 2036 4017 3627 4099">
     <span class='ocr_line' id='line_1_101' title="bbox 2036 4017 3627 4099; baseline 0.013 -27"><span class='ocrx_word' id='word_1_714' title='bbox 2036 4017 2168 4072; x_wconf 91' lang='lat' dir='ltr'>mihi</span> <span class='ocrx_word' id='word_1_715' title='bbox 2215 4019 2436 4091; x_wconf 90' lang='lat' dir='ltr'>quidem</span> <span class='ocrx_word' id='word_1_716' title='bbox 2490 4021 2722 4090; x_wconf 87' lang='lat' dir='ltr'>videtur,</span> <span class='ocrx_word' id='word_1_717' title='bbox 2767 4025 3152 4099; x_wconf 86' lang='lat' dir='ltr'>subjunxisse;</span> <span class='ocrx_word' id='word_1_718' title='bbox 3204 4031 3251 4086; x_wconf 92' lang='lat' dir='ltr'>si</span> <span class='ocrx_word' id='word_1_719' title='bbox 3293 4033 3433 4088; x_wconf 90' lang='lat' dir='ltr'>enim</span> <span class='ocrx_word' id='word_1_720' title='bbox 3483 4037 3627 4094; x_wconf 89' lang='lat' dir='ltr'>hunc</span> 
     </span>
    </p>
   </div>
   <div class='ocr_carea' id='block_1_102' title="bbox 2033 4106 3620 4189">
    <p class='ocr_par' dir='ltr' id='par_1_102' title="bbox 2033 4106 3620 4189">
     <span class='ocr_line' id='line_1_102' title="bbox 2033 4106 3620 4189; baseline 0.014 -32"><span class='ocrx_word' id='word_1_721' title='bbox 2033 4106 2102 4158; x_wconf 92' lang='lat' dir='ltr'>de</span> <span class='ocrx_word' id='word_1_722' title='bbox 2128 4107 2437 4174; x_wconf 79' lang='lat' dir='ltr'>panitentia</span> <span class='ocrx_word' id='word_1_723' title='bbox 2468 4110 2835 4179; x_wconf 85' lang='lat' dir='ltr'>pramisisset,</span> <span class='ocrx_word' id='word_1_724' title='bbox 2867 4114 3045 4179; x_wconf 90' lang='lat' dir='ltr'>credo,</span> <span class='ocrx_word' id='word_1_725' title='bbox 3091 4115 3146 4170; x_wconf 88' lang='lat' dir='ltr'>in</span> <span class='ocrx_word' id='word_1_726' title='bbox 3185 4133 3306 4189; x_wconf 88' lang='lat' dir='ltr'>cap.</span> <span class='ocrx_word' id='word_1_727' title='bbox 3337 4121 3509 4176; x_wconf 89' lang='lat' dir='ltr'>ultim.</span> <span class='ocrx_word' id='word_1_728' title='bbox 3551 4126 3620 4180; x_wconf 89' lang='lat' dir='ltr'>de</span> 
     </span>
    </p>
   </div>
   <div class='ocr_carea' id='block_1_103' title="bbox 2034 4194 3622 4279">
    <p class='ocr_par' dir='ltr' id='par_1_103' title="bbox 2034 4194 3622 4279">
     <span class='ocr_line' id='line_1_103' title="bbox 2034 4194 3622 4279; baseline 0.011 -31"><span class='ocrx_word' id='word_1_729' title='bbox 2034 4194 2320 4264; x_wconf 88' lang='lat' dir='ltr'>baptismo,</span> <span class='ocrx_word' id='word_1_730' title='bbox 2370 4194 2463 4249; x_wconf 90' lang='lat' dir='ltr'>ubi</span> <span class='ocrx_word' id='word_1_731' title='bbox 2491 4195 2559 4249; x_wconf 92' lang='lat' dir='ltr'>de</span> <span class='ocrx_word' id='word_1_732' title='bbox 2599 4199 2910 4266; x_wconf 77' lang='lat' dir='ltr'>pauitantia</span> <span class='ocrx_word' id='word_1_733' title='bbox 2937 4200 3206 4272; x_wconf 89' lang='lat' dir='ltr'>baptismo</span> <span class='ocrx_word' id='word_1_734' title='bbox 3252 4205 3422 4263; x_wconf 90' lang='lat' dir='ltr'>instar</span> <span class='ocrx_word' id='word_1_735' title='bbox 3476 4227 3622 4279; x_wconf 86' lang='lat' dir='ltr'>pra-</span> 
     </span>
    </p>
   </div>
   <div class='ocr_carea' id='block_1_104' title="bbox 2033 4283 3617 4362">
    <p class='ocr_par' dir='ltr' id='par_1_104' title="bbox 2033 4283 3617 4362">
     <span class='ocr_line' id='line_1_104' title="bbox 2033 4283 3617 4362; baseline 0.009 -23"><span class='ocrx_word' id='word_1_736' title='bbox 2033 4286 2325 4357; x_wconf 87' lang='lat' dir='ltr'>parationis</span> <span class='ocrx_word' id='word_1_737' title='bbox 2357 4283 2748 4355; x_wconf 83' lang='lat' dir='ltr'>pramittenda,</span> <span class='ocrx_word' id='word_1_738' title='bbox 2793 4285 2920 4356; x_wconf 86' lang='lat' dir='ltr'>agit,</span> <span class='ocrx_word' id='word_1_739' title='bbox 2966 4288 3145 4356; x_wconf 89' lang='lat' dir='ltr'>hujus,</span> <span class='ocrx_word' id='word_1_740' title='bbox 3189 4307 3289 4348; x_wconf 93' lang='lat' dir='ltr'>ceu</span> <span class='ocrx_word' id='word_1_741' title='bbox 3324 4295 3438 4362; x_wconf 87' lang='lat' dir='ltr'>jam</span> <span class='ocrx_word' id='word_1_742' title='bbox 3488 4298 3617 4354; x_wconf 88' lang='lat' dir='ltr'>alibi</span> 
     </span>
    </p>
   </div>
   <div class='ocr_carea' id='block_1_105' title="bbox 2033 4374 3614 4448">
    <p class='ocr_par' dir='ltr' id='par_1_105' title="bbox 2033 4374 3614 4448">
     <span class='ocr_line' id='line_1_105' title="bbox 2033 4374 3614 4448; baseline 0.01 -15"><span class='ocrx_word' id='word_1_743' title='bbox 2033 4378 2204 4436; x_wconf 89' lang='lat' dir='ltr'>fusius</span> <span class='ocrx_word' id='word_1_744' title='bbox 2230 4379 2591 4446; x_wconf 85' lang='lat' dir='ltr'>pertractata,</span> <span class='ocrx_word' id='word_1_745' title='bbox 2631 4374 2943 4429; x_wconf 90' lang='lat' dir='ltr'>nonnullam</span> <span class='ocrx_word' id='word_1_746' title='bbox 2982 4378 3306 4436; x_wconf 90' lang='lat' dir='ltr'>mentionem</span> <span class='ocrx_word' id='word_1_747' title='bbox 3351 4385 3614 4448; x_wconf 86' lang='lat' dir='ltr'>facturum</span> 
     </span>
    </p>
   </div>
   <div class='ocr_carea' id='block_1_106' title="bbox 2033 4463 3619 4546">
    <p class='ocr_par' dir='ltr' id='par_1_106' title="bbox 2033 4463 3619 4546">
     <span class='ocr_line' id='line_1_106' title="bbox 2033 4463 3619 4546; baseline 0.008 -21"><span class='ocrx_word' id='word_1_748' title='bbox 2033 4469 2221 4526; x_wconf 89' lang='lat' dir='ltr'>fuisse.</span> <span class='ocrx_word' id='word_1_749' title='bbox 2252 4466 2408 4522; x_wconf 89' lang='lat' dir='ltr'>Certe</span> <span class='ocrx_word' id='word_1_750' title='bbox 2437 4472 2632 4529; x_wconf 89' lang='lat' dir='ltr'>autem,</span> <span class='ocrx_word' id='word_1_751' title='bbox 2682 4465 2735 4519; x_wconf 94' lang='lat' dir='ltr'>in</span> <span class='ocrx_word' id='word_1_752' title='bbox 2783 4463 2902 4536; x_wconf 85' lang='lat' dir='ltr'>ipso</span> <span class='ocrx_word' id='word_1_753' title='bbox 2943 4465 3080 4521; x_wconf 93' lang='lat' dir='ltr'>libro</span> <span class='ocrx_word' id='word_1_754' title='bbox 3111 4467 3180 4524; x_wconf 91' lang='lat' dir='ltr'>de</span> <span class='ocrx_word' id='word_1_755' title='bbox 3221 4471 3507 4546; x_wconf 91' lang='lat' dir='ltr'>baptismo,</span> <span class='ocrx_word' id='word_1_756' title='bbox 3553 4483 3619 4538; x_wconf 87' lang='lat' dir='ltr'>ad</span> 
     </span>
    </p>
   </div>
   <div class='ocr_carea' id='block_1_107' title="bbox 2034 4549 3615 4626">
    <p class='ocr_par' dir='ltr' id='par_1_107' title="bbox 2034 4549 3615 4626">
     <span class='ocr_line' id='line_1_107' title="bbox 2034 4549 3615 4626; baseline 0.007 -13"><span class='ocrx_word' id='word_1_757' title='bbox 2034 4559 2218 4626; x_wconf 85' lang='lat' dir='ltr'>ﬁnem,</span> <span class='ocrx_word' id='word_1_758' title='bbox 2267 4571 2386 4626; x_wconf 88' lang='lat' dir='ltr'>cap.</span> <span class='ocrx_word' id='word_1_759' title='bbox 2421 4554 2508 4621; x_wconf 72' lang='lat'>15,</span> <span class='ocrx_word' id='word_1_760' title='bbox 2548 4549 2776 4608; x_wconf 70' lang='lat' dir='ltr'>lectox’es</span> <span class='ocrx_word' id='word_1_761' title='bbox 2823 4569 2951 4609; x_wconf 92' lang='lat' dir='ltr'>suos</span> <span class='ocrx_word' id='word_1_762' title='bbox 2995 4554 3061 4609; x_wconf 89' lang='lat' dir='ltr'>ad</span> <span class='ocrx_word' id='word_1_763' title='bbox 3105 4556 3272 4614; x_wconf 91' lang='lat' dir='ltr'>alium</span> <span class='ocrx_word' id='word_1_764' title='bbox 3300 4562 3368 4617; x_wconf 92' lang='lat' dir='ltr'>de</span> <span class='ocrx_word' id='word_1_765' title='bbox 3422 4571 3615 4623; x_wconf 91' lang='lat' dir='ltr'>eodem</span> 
     </span>
    </p>
   </div>
   <div class='ocr_carea' id='block_1_108' title="bbox 2038 4641 3619 4726">
    <p class='ocr_par' dir='ltr' id='par_1_108' title="bbox 2038 4641 3619 4726">
     <span class='ocr_line' id='line_1_108' title="bbox 2038 4641 3619 4726; baseline 0.001 -25"><span class='ocrx_word' id='word_1_766' title='bbox 2038 4655 2338 4713; x_wconf 85' lang='lat' dir='ltr'>tractatum,</span> <span class='ocrx_word' id='word_1_767' title='bbox 2369 4643 2474 4712; x_wconf 88' lang='lat' dir='ltr'>jam</span> <span class='ocrx_word' id='word_1_768' title='bbox 2507 4649 2662 4697; x_wconf 89' lang='lat' dir='ltr'>antea</span> <span class='ocrx_word' id='word_1_769' title='bbox 2688 4641 2880 4698; x_wconf 87' lang='lat' dir='ltr'>Graco</span> <span class='ocrx_word' id='word_1_770' title='bbox 2908 4659 3152 4702; x_wconf 88' lang='lat' dir='ltr'>sermone</span> <span class='ocrx_word' id='word_1_771' title='bbox 3190 4660 3485 4726; x_wconf 88' lang='lat' dir='ltr'>exaratum,</span> <span class='ocrx_word' id='word_1_772' title='bbox 3519 4673 3619 4714; x_wconf 78' lang='lat' dir='ltr'>so-</span> 
     </span>
    </p>
   </div>
   <div class='ocr_carea' id='block_1_109' title="bbox 2034 4729 3620 4812">
    <p class='ocr_par' dir='ltr' id='par_1_109' title="bbox 2034 4729 3620 4812">
     <span class='ocr_line' id='line_1_109' title="bbox 2034 4729 3620 4812; baseline 0.008 -23"><span class='ocrx_word' id='word_1_773' title='bbox 2034 4735 2200 4790; x_wconf 90' lang='lat' dir='ltr'>lerter</span> <span class='ocrx_word' id='word_1_774' title='bbox 2244 4732 2482 4787; x_wconf 90' lang='lat' dir='ltr'>remittit.</span> <span class='ocrx_word' id='word_1_775' title='bbox 2526 4729 2658 4798; x_wconf 87' lang='lat' dir='ltr'>Quis</span> <span class='ocrx_word' id='word_1_776' title='bbox 2693 4746 2824 4802; x_wconf 89' lang='lat' dir='ltr'>ergo</span> <span class='ocrx_word' id='word_1_777' title='bbox 2881 4733 3018 4788; x_wconf 90' lang='lat' dir='ltr'>male</span> <span class='ocrx_word' id='word_1_778' title='bbox 3081 4735 3349 4794; x_wconf 89' lang='lat' dir='ltr'>videbitur</span> <span class='ocrx_word' id='word_1_779' title='bbox 3387 4743 3620 4812; x_wconf 84' lang='lat' dir='ltr'>Opinari,</span> 
     </span>
    </p>
   </div>
   <div class='ocr_carea' id='block_1_110' title="bbox 2035 4820 3616 4895">
    <p class='ocr_par' dir='ltr' id='par_1_110' title="bbox 2035 4820 3616 4895">
     <span class='ocr_line' id='line_1_110' title="bbox 2035 4820 3616 4895; baseline 0.006 -16"><span class='ocrx_word' id='word_1_780' title='bbox 2035 4824 2083 4880; x_wconf 90' lang='lat' dir='ltr'>si</span> <span class='ocrx_word' id='word_1_781' title='bbox 2112 4821 2385 4877; x_wconf 88' lang='lat' dir='ltr'>materiam</span> <span class='ocrx_word' id='word_1_782' title='bbox 2414 4821 2557 4875; x_wconf 87' lang='lat' dir='ltr'>hanc</span> <span class='ocrx_word' id='word_1_783' title='bbox 2595 4820 2663 4874; x_wconf 92' lang='lat' dir='ltr'>de</span> <span class='ocrx_word' id='word_1_784' title='bbox 2711 4820 3044 4891; x_wconf 79' lang='lat' dir='ltr'>pauitantia,</span> <span class='ocrx_word' id='word_1_785' title='bbox 3095 4841 3255 4895; x_wconf 90' lang='lat' dir='ltr'>quam</span> <span class='ocrx_word' id='word_1_786' title='bbox 3301 4828 3368 4882; x_wconf 88' lang='lat' dir='ltr'>ad</span> <span class='ocrx_word' id='word_1_787' title='bbox 3416 4832 3616 4889; x_wconf 89' lang='lat' dir='ltr'>calcem</span> 
     </span>
    </p>
   </div>
   <div class='ocr_carea' id='block_1_111' title="bbox 2037 4909 3624 4989">
    <p class='ocr_par' dir='ltr' id='par_1_111' title="bbox 2037 4909 3624 4989">
     <span class='ocr_line' id='line_1_111' title="bbox 2037 4909 3624 4989; baseline 0.007 -21"><span class='ocrx_word' id='word_1_788' title='bbox 2037 4914 2156 4969; x_wconf 78' lang='lat' dir='ltr'>libri</span> <span class='ocrx_word' id='word_1_789' title='bbox 2187 4913 2252 4968; x_wconf 80' lang='lat' dir='ltr'>de</span> <span class='ocrx_word' id='word_1_790' title='bbox 2295 4915 2456 4980; x_wconf 84' lang='lat' dir='ltr'>Bapt.</span> <span class='ocrx_word' id='word_1_791' title='bbox 2507 4909 2749 4966; x_wconf 90' lang='lat' dir='ltr'>nonnihil</span> <span class='ocrx_word' id='word_1_792' title='bbox 2793 4912 3008 4967; x_wconf 88' lang='lat' dir='ltr'>brevius</span> <span class='ocrx_word' id='word_1_793' title='bbox 3038 4914 3448 4989; x_wconf 88' lang='lat' dir='ltr'>perstrinxerat,</span> <span class='ocrx_word' id='word_1_794' title='bbox 3481 4938 3624 4979; x_wconf 89' lang='lat' dir='ltr'>novo</span> 
     </span>
    </p>
   </div>
   <div class='ocr_carea' id='block_1_112' title="bbox 2038 4999 3620 5077">
    <p class='ocr_par' dir='ltr' id='par_1_112' title="bbox 2038 4999 3620 5077">
     <span class='ocr_line' id='line_1_112' title="bbox 2038 4999 3620 5077; baseline 0.005 -18"><span class='ocrx_word' id='word_1_795' title='bbox 2038 5001 2282 5066; x_wconf 88' lang='lat' dir='ltr'>consilio,</span> <span class='ocrx_word' id='word_1_796' title='bbox 2322 5006 2375 5053; x_wconf 88' lang='lat' dir='ltr'>et</span> <span class='ocrx_word' id='word_1_797' title='bbox 2417 4999 2470 5052; x_wconf 94' lang='lat' dir='ltr'>in</span> <span class='ocrx_word' id='word_1_798' title='bbox 2523 4999 2778 5069; x_wconf 87' lang='lat' dir='ltr'>peculiari</span> <span class='ocrx_word' id='word_1_799' title='bbox 2810 5001 2948 5056; x_wconf 91' lang='lat' dir='ltr'>libro</span> <span class='ocrx_word' id='word_1_800' title='bbox 2977 5003 3295 5074; x_wconf 89' lang='lat' dir='ltr'>ampliorem</span> <span class='ocrx_word' id='word_1_801' title='bbox 3321 5008 3441 5077; x_wconf 88' lang='lat' dir='ltr'>ejus</span> <span class='ocrx_word' id='word_1_802' title='bbox 3480 5018 3620 5068; x_wconf 88' lang='lat' dir='ltr'>trac-</span> 
     </span>
    </p>
   </div>
   <div class='ocr_carea' id='block_1_113' title="bbox 2038 5092 3624 5173">
    <p class='ocr_par' dir='ltr' id='par_1_113' title="bbox 2038 5092 3624 5173">
     <span class='ocr_line' id='line_1_113' title="bbox 2038 5092 3624 5173; baseline 0.006 -27"><span class='ocrx_word' id='word_1_803' title='bbox 2038 5092 2292 5146; x_wconf 90' lang='lat' dir='ltr'>tationem</span> <span class='ocrx_word' id='word_1_804' title='bbox 2332 5097 2513 5160; x_wconf 87' lang='lat' dir='ltr'>postea</span> <span class='ocrx_word' id='word_1_805' title='bbox 2555 5092 2858 5160; x_wconf 85' lang='lat' dir='ltr'>suscepisse</span> <span class='ocrx_word' id='word_1_806' title='bbox 2893 5092 3123 5160; x_wconf 89' lang='lat' dir='ltr'>dicatur,</span> <span class='ocrx_word' id='word_1_807' title='bbox 3155 5103 3208 5150; x_wconf 88' lang='lat' dir='ltr'>et</span> <span class='ocrx_word' id='word_1_808' title='bbox 3236 5097 3449 5168; x_wconf 90' lang='lat' dir='ltr'>quidem</span> <span class='ocrx_word' id='word_1_809' title='bbox 3493 5118 3624 5173; x_wconf 88' lang='lat' dir='ltr'>par-</span> 
     </span>
    </p>
   </div>
   <div class='ocr_carea' id='block_1_114' title="bbox 2039 5179 3626 5258">
    <p class='ocr_par' dir='ltr' id='par_1_114' title="bbox 2039 5179 3626 5258">
     <span class='ocr_line' id='line_1_114' title="bbox 2039 5179 3626 5258; baseline 0.007 -24"><span class='ocrx_word' id='word_1_810' title='bbox 2039 5183 2132 5235; x_wconf 93' lang='lat' dir='ltr'>tim</span> <span class='ocrx_word' id='word_1_811' title='bbox 2173 5180 2227 5233; x_wconf 91' lang='lat' dir='ltr'>in</span> <span class='ocrx_word' id='word_1_812' title='bbox 2278 5179 2779 5234; x_wconf 88' lang='lat' dir='ltr'>catechumenorum</span> <span class='ocrx_word' id='word_1_813' title='bbox 2812 5181 3060 5252; x_wconf 89' lang='lat' dir='ltr'>gratiam,</span> <span class='ocrx_word' id='word_1_814' title='bbox 3091 5191 3150 5238; x_wconf 90' lang='lat' dir='ltr'>ut</span> <span class='ocrx_word' id='word_1_815' title='bbox 3170 5185 3222 5239; x_wconf 88' lang='lat' dir='ltr'>hi</span> <span class='ocrx_word' id='word_1_816' title='bbox 3262 5202 3328 5242; x_wconf 90' lang='lat' dir='ltr'>eo</span> <span class='ocrx_word' id='word_1_817' title='bbox 3363 5191 3626 5258; x_wconf 87' lang='lat' dir='ltr'>majorem</span> 
     </span>
    </p>
   </div>
   <div class='ocr_carea' id='block_1_115' title="bbox 2041 5267 3629 5347">
    <p class='ocr_par' dir='ltr' id='par_1_115' title="bbox 2041 5267 3629 5347">
     <span class='ocr_line' id='line_1_115' title="bbox 2041 5267 3629 5347; baseline 0.008 -26"><span class='ocrx_word' id='word_1_818' title='bbox 2041 5267 2105 5324; x_wconf 91' lang='lat' dir='ltr'>de</span> <span class='ocrx_word' id='word_1_819' title='bbox 2135 5267 2383 5337; x_wconf 79' lang='lat' dir='ltr'>baptismi</span> <span class='ocrx_word' id='word_1_820' title='bbox 2417 5268 2588 5339; x_wconf 90' lang='lat' dir='ltr'>pretio</span> <span class='ocrx_word' id='word_1_821' title='bbox 2619 5269 3027 5326; x_wconf 83' lang='lat' dir='ltr'>astimalionem</span> <span class='ocrx_word' id='word_1_822' title='bbox 3058 5275 3420 5344; x_wconf 90' lang='lat' dir='ltr'>conciperent,</span> <span class='ocrx_word' id='word_1_823' title='bbox 3466 5293 3629 5347; x_wconf 91' lang='lat' dir='ltr'>quem</span> 
     </span>
    </p>
   </div>
   <div class='ocr_carea' id='block_1_116' title="bbox 2040 5356 3633 5434">
    <p class='ocr_par' dir='ltr' id='par_1_116' title="bbox 2040 5356 3633 5434">
     <span class='ocr_line' id='line_1_116' title="bbox 2040 5356 3633 5434; baseline 0.008 -24"><span class='ocrx_word' id='word_1_824' title='bbox 2040 5356 2403 5428; x_wconf 80' lang='lat' dir='ltr'>intelligerent</span> <span class='ocrx_word' id='word_1_825' title='bbox 2474 5364 2579 5412; x_wconf 90' lang='lat' dir='ltr'>tam</span> <span class='ocrx_word' id='word_1_826' title='bbox 2645 5358 2930 5416; x_wconf 87' lang='lat' dir='ltr'>laboriosis</span> <span class='ocrx_word' id='word_1_827' title='bbox 2993 5362 3320 5431; x_wconf 86' lang='lat' dir='ltr'>poenitentia</span> <span class='ocrx_word' id='word_1_828' title='bbox 3379 5366 3633 5434; x_wconf 90' lang='lat' dir='ltr'>operibus</span> 
     </span>
    </p>
   </div>
   <div class='ocr_carea' id='block_1_117' title="bbox 2041 5447 3636 5522">
    <p class='ocr_par' dir='ltr' id='par_1_117' title="bbox 2041 5447 3636 5522">
     <span class='ocr_line' id='line_1_117' title="bbox 2041 5447 3636 5522; baseline 0.006 -20"><span class='ocrx_word' id='word_1_829' title='bbox 2041 5447 2459 5518; x_wconf 85' lang='lat' dir='ltr'>comparandum</span> <span class='ocrx_word' id='word_1_830' title='bbox 2480 5449 2646 5502; x_wconf 83' lang='lat' dir='ltr'>esse?</span> <span class='ocrx_word' id='word_1_831' title='bbox 2675 5447 2869 5514; x_wconf 90' lang='lat' dir='ltr'>Quidni</span> <span class='ocrx_word' id='word_1_832' title='bbox 2898 5465 3030 5522; x_wconf 86' lang='lat' dir='ltr'>ergo</span> <span class='ocrx_word' id='word_1_833' title='bbox 3077 5449 3130 5503; x_wconf 93' lang='lat' dir='ltr'>in</span> <span class='ocrx_word' id='word_1_834' title='bbox 3179 5448 3264 5505; x_wconf 89' lang='lat' dir='ltr'>his</span> <span class='ocrx_word' id='word_1_835' title='bbox 3311 5467 3370 5506; x_wconf 88' lang='lat' dir='ltr'>se</span> <span class='ocrx_word' id='word_1_836' title='bbox 3420 5471 3486 5509; x_wconf 92' lang='lat' dir='ltr'>eo</span> <span class='ocrx_word' id='word_1_837' title='bbox 3546 5471 3636 5510; x_wconf 89' lang='lat' dir='ltr'>ar-</span> 
     </span>
    </p>
   </div>
   <div class='ocr_carea' id='block_1_118' title="bbox 2046 5536 3639 5618">
    <p class='ocr_par' dir='ltr' id='par_1_118' title="bbox 2046 5536 3639 5618">
     <span class='ocr_line' id='line_1_118' title="bbox 2046 5536 3639 5618; baseline 0.006 -26"><span class='ocrx_word' id='word_1_838' title='bbox 2046 5536 2275 5592; x_wconf 87' lang='lat' dir='ltr'>dentiori</span> <span class='ocrx_word' id='word_1_839' title='bbox 2303 5536 2558 5606; x_wconf 84' lang='lat' dir='ltr'>deinceps</span> <span class='ocrx_word' id='word_1_840' title='bbox 2588 5537 2767 5593; x_wconf 92' lang='lat' dir='ltr'>studio</span> <span class='ocrx_word' id='word_1_841' title='bbox 2806 5545 3142 5604; x_wconf 86' lang='lat' dir='ltr'>exercerent,</span> <span class='ocrx_word' id='word_1_842' title='bbox 3174 5547 3230 5593; x_wconf 91' lang='lat' dir='ltr'>ut</span> <span class='ocrx_word' id='word_1_843' title='bbox 3262 5547 3366 5595; x_wconf 90' lang='lat' dir='ltr'>tam</span> <span class='ocrx_word' id='word_1_844' title='bbox 3416 5543 3639 5618; x_wconf 87' lang='lat' dir='ltr'>largiter</span> 
     </span>
    </p>
   </div>
   <div class='ocr_carea' id='block_1_119' title="bbox 2044 5625 3637 5708">
    <p class='ocr_par' dir='ltr' id='par_1_119' title="bbox 2044 5625 3637 5708">
     <span class='ocr_line' id='line_1_119' title="bbox 2044 5625 3637 5708; baseline 0.006 -28"><span class='ocrx_word' id='word_1_845' title='bbox 2044 5625 2379 5698; x_wconf 90' lang='lat' dir='ltr'>pr0positum</span> <span class='ocrx_word' id='word_1_846' title='bbox 2442 5625 2689 5696; x_wconf 89' lang='lat' dir='ltr'>baptismi</span> <span class='ocrx_word' id='word_1_847' title='bbox 2733 5626 3050 5698; x_wconf 85' lang='lat' dir='ltr'>praemium,</span> <span class='ocrx_word' id='word_1_848' title='bbox 3099 5628 3329 5702; x_wconf 90' lang='lat' dir='ltr'>ejusque</span> <span class='ocrx_word' id='word_1_849' title='bbox 3376 5633 3637 5708; x_wconf 82' lang='lat' dir='ltr'>gratiam,</span> 
     </span>
    </p>
   </div>
  </div>
