4050 6168
502 270 643 331 1295

1569 267 1658 327 AD
1711 267 2002 331 GENUINA
2036 265 2478 329 TERTULLIANI
2514 266 2727 327 OPERA

3652 270 3791 329 1296

498 411 564 451 eo
594 393 797 451 certius
843 400 1320 467 consequerentur,
1380 409 1551 466 eoque
1608 394 1775 449 tutius
1829 395 2086 467 deinceps
2116 409 2162 487 Α
2196 394 2410 465 ciplinze
2485 408 2829 464 summapcre
2902 394 3299 461 ιιιωρεδει-ίαιη,
3366 393 3792 466 exomologesin,

498 491 880 542 conservarent
906 484 935 539 ?

571 573 695 627 XII.
727 573 973 644 Denique
1021 588 1147 630 vero
1192 573 1504 643 praeclarum
1548 574 1614 627 de
1645 574 1749 629 hoc
1776 573 1913 627 libro
1941 574 2085 643 judi-

500 662 642 716 cium
673 662 997 717 audiendum
1029 669 1131 727 est,
1178 662 1327 732 quod
1381 661 1497 732 ipse
1537 661 1732 717 Beatus
1770 663 2080 729 Rhenanus,

493 752 575 808 vir
604 751 783 827 magni
807 751 1016 820 judicii,
1059 752 1111 806 in
1161 750 1440 823 praemisso
1498 752 1564 805 ad
1619 752 1867 806 eumdem
1920 768 2081 822 argu-

494 848 679 896 mento
733 840 872 905 tulit,
936 856 1127 911 nempe
1177 858 1207 891 α
1262 839 1717 895 Commentarium
1763 841 1908 895 hunc
1959 855 2080 895 esse

492 930 779 1001 ejusmodi,
807 934 870 987 ut
890 928 1123 999 theologi
1152 945 1279 986 eum
1320 928 1550 984 debeant
1576 928 1643 984 ad
1673 944 1912 1001 unguem
1942 928 2081 984 edis-

493 1034 652 1085 cere;
694 1035 816 1073 nam
846 1017 1149 1090 egregium,
1185 1040 1207 1068 α
1263 1020 1463 1090 pergit,
1502 1040 1524 1066 α
1556 1027 1958 1074 monumentum
1994 1025 2077 1073 est

492 1108 866 1180 antiquitatis;
923 1117 1027 1163 tam
1074 1116 1256 1163 sancte
1302 1104 1531 1162 ηυξ)
1580 1107 1756 1169 docet,
1822 1115 1929 1161 tam
1986 1106 2074 1177 pic

492 1198 704 1266 suadet,
736 1202 845 1251 tam
897 1196 1157 1252 instanter
1196 1204 1349 1267 urget
1396 1212 1515 1251 rem
1564 1196 1943 1251 ecclesiastica:
1984 1194 2089 1249 dis-

2196 484 2298 539 hoc
2326 491 2427 549 est,
2460 492 2660 547 actum,
2695 490 2749 537 et
2792 483 3145 538 ministerium
3190 483 3541 554 poenitentiae.
3582 503 3603 533 in
3638 484 3794 539 Certe

2190 582 2367 627 autem
2413 582 2467 627 et
2514 572 2709 643 passim
2765 588 2831 627 ex
2878 572 3204 626 Tertulliano
3262 573 3459 626 veteris
3536 574 3792 627 Ecclesiae

2193 662 2502 717 traditiones
2556 672 2607 717 et
2672 661 3008 731 disciplinam
3076 662 3403 716 addiscimus
3436 707 3449 728 ,
3501 663 3572 717 ita
3630 664 3793 716 etiam

2191 752 2297 817 hic,
2339 750 2534 821 insigni
2592 747 2809 806 ιρις)
2870 757 3058 804 contra
3095 758 3384 804 novatores
3430 759 3649 805 nostros
3680 754 3792 805 uti-

2185 838 2357 905 litate,
2389 838 2607 893 modum
2635 837 2856 909 agt-uda),
2890 836 3233 908 paenitentiae,
3268 845 3428 907 prout
3490 854 3554 891 ea
3606 839 3793 906 primis

2187 942 2312 983 mox
2359 927 2567 983 saeculis
2620 935 2672 981 et
2720 926 2903 997 utique
2929 942 2992 981 ex
3039 926 3341 997 apostolica
3414 926 3788 993 institutione,

2185 1016 2273 1087 agi
2321 1022 2709 1080 consueverat,
2752 1016 2969 1085 pulchre
3014 1014 3296 1085 solideque
3350 1016 3634 1070 docemur.
3681 1016 3789 1071 Sed

2179 1106 2291 1173 jam
2322 1107 2501 1175 potius
2540 1105 2605 1161 ad
2646 1121 2758 1161 rem
2789 1104 2958 1176 ipsam
2990 1120 3301 1176 pergamus.

1044 1578 1583 1693 LIBER
1663 1578 1898 1716 DE
1953 1575 3250 1690 POENITENTIA.

976 1826 1003 1835 -ρ

559 1922 751 1994 Caput.
786 1923 829 1975 Ι.
880 1919 1253 1976 Paenitentiam
1297 1920 1366 1975 de
1410 1921 1563 1975 malis
1596 1928 1821 1988 tantum,
1862 1935 1968 1977 non
2004 1920 2073 1975 de
2107 1935 2152 2012 Β
2254 1919 2419 2012 Retro
2456 1918 2693 1987 fuimus.
2730 1917 2870 1971 Nam
2901 1916 3289 2012 Tertullianus,
3338 1917 3637 2012 gentilibus
3681 1933 3789 1989 pa-

488 2009 644 2066 bonis
680 2010 960 2081 aperibus,
992 2025 1113 2066 esse
1142 2017 1413 2082 oportere.

556 2099 623 2157 ll.
674 2099 869 2155 Veram
915 2099 1281 2171 paenitentiam
1322 2117 1437 2157 esse
1477 2118 1600 2173 quae
1655 2102 1723 2157 de
1756 2103 1907 2157 malis
1932 2142 1947 2171 ,
1988 2118 2082 2157 seu

489 2187 722 2244 offensis
748 2189 876 2257 DEI,
898 2196 999 2245 est.

546 2278 638 2332 Ill.
678 2278 758 2333 De
786 2278 1036 2334 omnibus
1062 2281 1315 2350 peccatis,
1346 2295 1439 2335 seu
1466 2281 1743 2346 externis,
1792 2296 1888 2337 seu
1934 2294 2081 2335 mere

484 2368 758 2431 internis,
790 2366 1158 2437 paenitentiam
1188 2368 1450 2437 agendam
1483 2384 1622 2424 esse.

546 2454 639 2507 IV.
696 2454 1025 2509 Adhortatur
1083 2456 1148 2509 ad
1200 2456 1570 2526 pcenitentiam
1629 2456 2074 2527 amplectendam,

493 2546 604 2597 tam
630 2544 995 2599 necessariam
1024 2544 1490 2616 delinquentibus,
1519 2560 1682 2616 quam
1713 2545 1913 2600 utilem.

550 2632 615 2688 V.
658 2631 1032 2688 Paenitentiam
1078 2633 1234 2689 novis
1262 2634 1494 2702 peccatis
1524 2650 1632 2690 non
1661 2633 2068 2702 obliterandam,

469 2737 645 2793 neque
672 2722 853 2776 animo
891 2722 1086 2793 solum,
1121 2722 1213 2778 sed
1245 2722 1366 2792 ipso
1405 2740 1619 2795 quoque
1679 2739 1841 2795 opere
1912 2724 2074 2796 perﬁ-

474 2812 719 2867 ciendam
743 2826 885 2869 esse.

540 2900 631 2955 VI.
660 2901 780 2957 Non
828 2907 1113 2972 prapterea
1172 2902 1569 2958 catechumenis
1610 2919 1716 2960 non
1764 2920 1902 2976 opus
1955 2920 2073 2961 esse

474 2988 790 3060 pmnitentia
816 3032 829 3057 ,
888 2990 1034 3060 quod
1076 3006 1172 3061 per
1236 2992 1563 3063 baptismum
1628 2994 1805 3065 ipsum
1853 3003 2070 3065 peccata

472 3077 708 3148 denique
735 3077 968 3132 delenda
1004 3078 1131 3134 sint.

535 3166 650 3221 VII.
692 3167 818 3221 Post
862 3166 1191 3238 baptismum
1236 3168 1402 3241 lapsis
1447 3188 1635 3228 rursus
1686 3172 2056 3244 paenitentiam

466 3255 733 3327 agendam
764 3272 902 3313 esse.

536 3344 679 3402 VIII.
711 3345 896 3402 Toties
945 3346 1315 3417 paenitentiam
1372 3349 1657 3422 agendam,
1706 3352 1917 3423 quoties
1944 3353 2065 3425 quis

461 3435 781 3506 peccaverit,
807 3436 1068 3506 exemplis
1085 3436 1140 3494 S.
1173 3437 1463 3509 Scriptura:
1493 3439 1857 3497 continuatur.

536 3525 632 3583 Xl.
674 3524 813 3594 Quid
839 3525 909 3580 sit
940 3526 1365 3599 Exomologesis,
1397 3536 1446 3582 et
1474 3546 1593 3601 quae
1630 3530 1897 3601 praecipua
1918 3533 2065 3600 ejus-

462 3613 584 3669 dem
614 3629 801 3683 opera.

534 3703 610 3758 X.
643 3702 1053 3759 Confessionem
1102 3714 1445 3774 peccatorum
1488 3708 1753 3779 publicam
1790 3726 1899 3767 non
1937 3727 2060 3767 eru-

470 3792 815 3859 bescendam,
858 3806 957 3846 nec
987 3792 1347 3850 differendam
1376 3811 1517 3851 esse.

538 3880 637 3933 XI.
667 3878 859 3949 Neque
907 3881 1150 3951 corporis
1194 3882 1547 3939 incommodis
1592 3900 1692 3942 nos
1730 3887 1796 3941 ab
1851 3893 2059 3962 agenda

469 3966 777 4037 paenitentia
809 3966 1102 4023 absterreri
1133 3977 1406 4041 aportere.

538 4054 662 4111 XII.
694 4054 1010 4112 Adhortatio
1040 4056 1110 4113 ad
1152 4058 1524 4130 paenitentiam
1550 4066 1841 4136 propositis
1870 4084 2056 4125 exem-

468 4144 575 4216 plis
592 4144 959 4203 conﬁrmatur.

874 4273 1034 4331 Nota»
1059 4272 1134 4329 ad
1168 4274 1347 4347 Caput
1372 4277 1645 4349 primum.

2189 2007 2428 2063 rentibus
2457 2016 2627 2076 ortus,
2658 2015 2818 2079 atque
2861 2009 2915 2062 in
2953 2007 3263 2080 gentilismo
3309 2007 3590 2080 educatus,
3646 2024 3790 2063 non-

2188 2094 2293 2150 nisi
2335 2096 2447 2165 jam
2505 2103 2587 2151 sat
2640 2096 2863 2167 grandis
2913 2104 3036 2152 natu
3096 2096 3162 2151 ad
3210 2096 3511 2152 Christiana
3546 2114 3702 2152 sacra
3734 2114 3792 2152 se

2187 2185 2433 2251 contulit,
2476 2192 2536 2241 ut
2591 2184 2644 2238 in
2694 2185 2822 2241 Vitae
2849 2185 2973 2253 ejus
3028 2187 3306 2257 Epitome,
3366 2186 3461 2240 lib.
3519 2186 3585 2243 de
3632 2190 3791 2244 Prte-

2186 2275 2383 2345 script.
2416 2274 2705 2344 praemissa,
2736 2281 2949 2329 suomet
2973 2277 3299 2342 testimonio,
3356 2292 3421 2332 ex
3466 2278 3694 2348 Apolog.
3737 2294 3787 2333 ς.

2187 2367 2272 2431 l8,
2307 2362 2647 2434 deprompto,
2671 2363 3044 2420 indicavimus.

2256 2454 2354 2509 Dei
2398 2455 2631 2509 lumine.
2683 2453 2815 2509 Fide
2870 2454 3161 2520 nimirum,
3202 2470 3323 2525 quae
3369 2456 3790 2525 supernaturale

2188 2542 2375 2596 lumen
2406 2543 2601 2596 animae
2618 2550 2721 2597 est.

2255 2631 2476 2686 Natura
2506 2631 2742 2699 tenus,i.
2777 2647 2851 2697 e.,
2889 2632 3187 2688 secundum
3217 2634 3462 2689 rationis
3489 2636 3790 2690 naturalis

2180 2717 2396 2774 ductum
2426 2720 2701 2787 duntaxat,
2761 2736 2857 2775 seu
2896 2736 3185 2793 quousque
3224 2737 3283 2777 se
3312 2722 3551 2778 extendit
3599 2722 3787 2793 ipsum

2182 2808 2364 2865 lumen
2388 2808 2683 2865 intellectui
2703 2818 2888 2867 nostro
2916 2812 3178 2867 innatum.

2252 2900 2563 2956 Sententia:
2587 2902 2817 2972 prioris.
2834 2900 3114 2957 Generalis
3143 2903 3259 2957 haec
3287 2902 3528 2958 deﬁnitio
3572 2912 3679 2966 est,
3715 2918 3787 2958 ex

2180 2988 2522 3059 philOSOphia
2562 2990 2749 3046 morali
2789 2991 2970 3061 petita.
3017 2991 3201 3063 Itaque
3234 2992 3596 3063 paenitentiam
3658 3007 3783 3046 esse

2177 3076 2251 3131 ait
2287 3082 2527 3148 motum,
2563 3079 2982 3151 alterationem,
3013 3081 3101 3137 vel
3148 3083 3427 3151 affectum
3482 3080 3784 3151 quemdam

2174 3166 2357 3233 animi,
2389 3182 2509 3223 cum
2538 3169 2797 3227 molestia
2820 3170 3053 3241 quadam
3085 3170 3449 3240 conjunctum,
3474 3178 3778 3241 ortumque

2167 3272 2232 3312 ex
2262 3261 2575 3327 sententiae,
2597 3274 2695 3313 seu
2716 3261 2998 3331 opinionis
3018 3260 3233 3331 prioris,
3265 3276 3327 3315 ex
3349 3277 3457 3331 qua
3488 3259 3777 3330 quidpiam

2169 3355 2349 3402 actum
2376 3354 2473 3413 est,
2521 3347 2876 3404 aversatione.
2925 3349 3056 3403 Cum
3102 3349 3247 3404 enim
3283 3348 3404 3420 quis
3446 3349 3556 3417 jam
3610 3348 3779 3403 intel-

2173 3433 2311 3505 ligit,
2370 3452 2428 3492 se
2479 3444 2635 3492 antea
2681 3436 2862 3493 minus
2919 3446 3066 3494 recte
3103 3437 3323 3510 egisse,
3371 3437 3550 3508 itaque
3606 3437 3773 3492 etiam

2171 3522 2552 3579 detrimentum
2596 3525 2813 3597 aliquod
2840 3526 2926 3581 vel
2985 3525 3387 3583 incommodum
3447 3525 3767 3595 incurrisse,

2170 3609 2227 3665 in
2289 3611 2470 3667 animo
2534 3612 2790 3684 deinceps
2854 3614 3072 3685 quidam
3156 3623 3337 3672 motus
3392 3615 3660 3689 exsurgit,
3702 3632 3772 3672 ex

2168 3714 2331 3754 sensu
2361 3699 2504 3753 illius
2532 3702 2850 3767 ,molestiaa,
2908 3718 3004 3757 seu
3062 3705 3301 3774 offensa:
3363 3711 3532 3760 ortus.
3581 3706 3771 3775 Itaque

2168 3786 2485 3841 sententiam
2516 3803 2667 3842 suam
2716 3790 2949 3859 priorem
3002 3790 3116 3859 jam
3173 3798 3357 3859 mutat,
3389 3800 3443 3848 et
3486 3800 3767 3857 retractat,

2168 3882 2429 3946 concepta
2466 3875 2520 3931 in
2549 3876 2797 3932 eamdem
2823 3877 3186 3949 diSplicentia,
3236 3888 3289 3935 et
3333 3881 3459 3938 odio
3506 3882 3767 3952 quodam,

2168 3963 2225 4017 in
2266 3978 2375 4035 quo
2420 3979 2611 4019 veram
2661 3966 2918 4023 rationem
2959 3968 3289 4039 pmnitentite
3365 3971 3595 4042 positam
3647 3987 3768 4027 esse

2165 4050 2472 4123 philosophi
2503 4052 2582 4107 illi
2624 4054 2972 4113 arbitrantur.
3005 4058 3180 4128 Atque
3222 4058 3300 4114 sic
3327 4060 3604 4131 paenitere
3635 4060 3767 4133 (qui-

2165 4140 2285 4195 dam
2326 4142 2468 4213 apud
2496 4143 2559 4199 A.
2594 4142 2761 4211 Gell.,
2800 4144 2897 4200 lib.
2928 4161 3046 4201 xvrt
3075 4148 3234 4205 Noct.
3268 4150 3383 4204 Att.
3411 4165 3460 4205 c.
3504 4154 3555 4219 t,
3586 4150 3767 4221 aiunt)

2169 4250 2194 4283 α
2229 4240 2338 4286 tum
2368 4231 2551 4287 dicere
2600 4233 2856 4303 solemus,
2893 4251 3020 4292 cum
3062 4253 3184 4308 quae
3231 4238 3333 4309 ipsi
3383 4239 3636 4309 fecimus,
3677 4249 3771 4296 aut

2161 4334 2281 4391 qua)
2325 4319 2392 4375 de
2440 4329 2624 4376 nostra
2669 4322 2944 4379 voluntate
3011 4335 3306 4398 nostroque
3360 4328 3589 4385 consilio
3632 4329 3769 4385 faeta

538 4388 1328 4488 Paenitentiam.-I’aenitentia
1363 4392 1632 4488 S.-I_sid.,
1691 4413 1779 4488 ep.
1823 4398 2053 4474 Hispal.,
2087 4396 2134 4474 Β
2165 4388 2311 4475 sunt,
2367 4423 2430 4463 ea
2488 4409 2646 4465 nobis
2702 4418 2828 4483 post
2882 4413 3145 4485 incipiunt
3190 4388 3501 4488 displicere,
3551 4430 3775 4477 senten-

463 4475 559 4532 lib.
583 4491 663 4531 IV.
691 4477 856 4547 0rig.,
878 4492 929 4532 c.
962 4480 1051 4533 19.
1073 4498 1099 4530 α
1132 4480 1397 4551 appellata
1418 4483 1539 4552 fuit
1558 4484 1709 4554 quasi
1722 4490 2053 4559 punientia,

466 4580 532 4621 eo
543 4564 686 4635 quod
716 4565 829 4635 ipse
844 4564 1008 4621 homo
1030 4566 1085 4622 in
1103 4584 1162 4625 se
1184 4572 1737 4643 puniatpaenitendo,
1756 4578 1896 4646 quod
1919 4580 2059 4634 male

475 4652 710 4710 admisit.
750 4675 776 4702 ιι
810 4654 957 4709 Idem
1000 4655 1168 4713 ferme
1215 4658 1290 4713 ait
1337 4668 1520 4716 auctor
1558 4662 1652 4717 lib.
1693 4665 1771 4720 De
1824 4683 1957 4724 vera
2002 4673 2059 4725 et

468 4745 623 4816 falsa
659 4746 857 4816 paenit.
910 4744 1063 4815 (olim
1101 4746 1158 4800 S.
1206 4749 1508 4820 Augustino
1557 4750 1857 4827 adscripti),
1889 4773 1938 4812 c.
1972 4760 2058 4827 19,

484 4831 767 4904 inquiens:
805 4852 831 4884 α
864 4834 1143 4891 Paznitere
1172 4835 1308 4890 idem
1335 4844 1414 4891 est
1447 4855 1513 4894 ac
1532 4856 1757 4911 pcenam
1778 4847 1987 4919 tenere,
2006 4856 2064 4902 ut

478 4936 674 4991 nempe
703 4921 867 4976 homo
895 4936 1110 4991 semper
1146 4924 1335 4992 puniat
1362 4924 1416 4979 in
1464 4942 1521 4981 se
1558 4929 1887 4999 ulciscendo,
1917 4937 2062 5007 quod

470 5008 740 5064 commisit
778 5010 1071 5079 peccando.
1123 5028 1149 5061 α
1200 5012 1406 5067 Grmeis
1432 5015 1628 5072 dicitur
1657 5022 1890 5091 μετάνοια
1936 5042 2062 5081 mu-

478 5096 623 5151 tatio
650 5097 881 5162 mentis,
899 5112 991 5152 seu
1011 5100 1224 5169 prioris
1252 5106 1571 5171 sententiae,
1589 5124 1619 5161 a
1640 5114 2063 5185 peravoet‘v,quod

476 5193 559 5241 est
598 5190 719 5258 post
775 5186 1089 5259 intelligere
1135 5205 1231 5245 seu
1268 5197 1391 5262 post
1430 5195 1653 5263 factum
1697 5216 1910 5271 sapere.
1954 5204 2067 5260 lloc

475 5274 669 5331 eodem
715 5290 877 5330 sensu
932 5275 1126 5333 dicitur
1170 5295 1385 5351 quoque
1429 5284 1730 5358 μετάγνώσις
1800 5293 2068 5362 μετάγνοια

474 5371 528 5418 et
556 5365 845 5437 μεταμλεια.

550 5456 659 5512 Hoc
686 5472 858 5526 genus
890 5457 1200 5515 hominum.
1240 5459 1502 5528 Gentiles,
1543 5479 1836 5540 eorumque
1882 5472 2069 5540 praeci-

474 5555 581 5609 pue
618 5543 975 5613 philosophos
1000 5546 1088 5602 hic
1108 5555 1268 5603 taxat.

2168 4497 2406 4568 tiamque
2434 4498 2487 4552 in
2516 4498 2583 4554 iis
2613 4508 2852 4556 nostram
2880 4503 3242 4560 demutamus.
3271 4526 3297 4558 »

2243 4589 2497 4657 Ratione,
2519 4604 2613 4645 seu
2631 4605 2761 4646 vera
2787 4593 3034 4659 notione,
3057 4608 3121 4650 ac
3148 4595 3499 4666 deﬁnitione.

2243 4677 2502 4735 Auctore.
2536 4680 2761 4753 Supple,
2794 4688 2942 4739 recte
2968 4687 3359 4756 cognoscendo.
3406 4688 3774 4760 thuomodo

2172 4774 2578 4838 cognoscerent,
2637 4772 2725 4839 qui
2783 4769 2918 4826 adeo
2972 4781 3243 4828 excaecata
3292 4774 3568 4831 intellectu
3596 4788 3773 4845 erant,

2174 4860 2234 4909 ut
2261 4853 2609 4910 Divinitatem
2662 4856 2717 4911 in
2776 4857 3062 4929 sideribus,
3097 4861 3430 4931 hominibus,
3482 4865 3690 4933 brutis,
3728 4852 3813 4923 et.

2173 4941 2443 5001 vilissimis
2474 4945 2804 5014 quibuslibet
2828 4950 3107 5020 creaturis,
3139 4958 3461 5023 reponerent
3491 4960 3514 5010 ?

2251 5032 2567 5092 Ordinavit.
2600 5035 2796 5091 Omnia
2824 5038 2966 5092 enim
2995 5038 3111 5096 haec
3148 5039 3271 5097 fecit
3325 5044 3628 5101 secundum
3660 5064 3776 5103 com

2176 5120 2297 5174 silia
2318 5120 2536 5177 inﬁnita}
2564 5140 2695 5181 suae.

2250 5214 2574 5280 Extraneis,
2633 5213 2668 5268 i.
2721 5231 2797 5281 e.,
2848 5221 3018 5274 extra
3075 5219 3189 5275 veri
3260 5221 3361 5276 Dei
3405 5226 3769 5295 cognitionem

2172 5301 2391 5370 positis,
2423 5316 2486 5357 ac
2514 5302 2581 5355 ab
2596 5303 2783 5359 eadem
2812 5305 3021 5365 alienis.

2247 5391 2582 5447 Procellam.
2618 5393 2697 5447 Dc
2741 5392 2931 5450 ﬂorida
2958 5397 3057 5454 hac
3087 5398 3345 5471 allegoria
3364 5403 3475 5471 jam
3518 5403 3572 5457 in
3623 5405 3758 5461 θὼς.

2177 5479 2383 5535 Interc.
2415 5480 2670 5536 diximus.

2248 5569 2636 5629 Deversentur.
2682 5572 2795 5631 Hoc
2847 5590 3063 5648 quoque
3116 5578 3286 5636 verbo
3340 5580 3507 5637 utitur
3560 5581 3613 5636 in
3662 5582 3752 5635 lib.
