4028 6180
293 381 433 441 1297

289 511 418 568 adv.
460 511 758 579 Valentin.,
791 525 839 566 c.
889 511 978 575 30,
1012 507 1104 562 ubi
1153 526 1166 562 :

293 600 520 665 mundo,
559 622 581 650 »
639 609 742 654 etc.
794 600 863 654 At
907 598 997 653 alii
1043 596 1278 661 codices,
1331 603 1385 650 et
1429 595 1614 668 utique
1663 593 1874 661 melius,

291 689 650 747 diversentur
687 689 903 743 habent.
933 687 1197 741 Caeterum
1242 684 1557 740 utrumlibet
1592 700 1624 739 a
1659 684 1873 740 Tertul-

289 777 437 831 liano
493 777 690 832 dictum
745 775 1046 841 credamus,
1096 790 1308 844 semper
1380 776 1496 830 haec
1556 773 1719 829 dictio
1777 789 1874 845 per

289 870 695 923 conuersentur
722 865 894 937 magis
924 865 1110 919 Latine
1140 869 1460 934 exponetur.

366 957 662 1028 Expedire.
699 957 802 1010 Pro
832 953 1096 1022 refellere,
1127 960 1221 1008 aut
1255 961 1403 1009 extra
1439 951 1660 1008 dubium
1701 953 1874 1010 collo-

295 1059 442 1099 care.

363 1134 425 1187 In
453 1134 787 1205 ingratiam,
809 1148 907 1187 seu
927 1135 1240 1204 ingratum,
1261 1132 1582 1198 molestum,
1606 1138 1700 1186 aut
1728 1133 1880 1202 inju-

290 1221 541 1276 cundum
587 1220 794 1277 accidit.
828 1222 1084 1293 Ingratia
1123 1235 1250 1292 ergo
1297 1218 1570 1288 (obsoleta
1617 1219 1743 1290 vox)
1791 1219 1879 1274 hic

289 1310 518 1364 sumitur
544 1323 644 1380 pro
671 1309 1029 1381 displicentia
1057 1308 1126 1363 de
1155 1307 1294 1393 facto
1321 1308 1564 1364 alterius.
1599 1311 1708 1365 llac
1735 1323 1880 1379 quo-

293 1415 403 1468 que
431 1413 563 1452 voce
586 1412 729 1463 mox,
751 1413 871 1467 cap.
893 1401 945 1466 2,
970 1397 1157 1452 utitur.
1178 1399 1441 1454 Caeterum
1474 1399 1726 1471 geminus
1754 1398 1879 1454 huic

283 1486 437 1540 locus
465 1491 569 1550 est,
601 1485 638 1539 l.
673 1501 734 1551 II,
765 1485 888 1542 adv.
923 1487 1114 1551 Marc.,
1145 1501 1264 1556 cap.
1295 1489 1386 1552 24,
1417 1486 1511 1542 ubi
1540 1486 1614 1541 ita
1644 1508 1657 1544 :
1699 1505 1726 1538 α
1755 1487 1878 1542 Non

286 1574 432 1629 enim
463 1575 510 1628 si
539 1573 810 1630 hominem
849 1591 913 1631 ex
949 1575 1318 1632 recordatione
1357 1575 1646 1647 plurimum
1675 1577 1874 1643 delicti,

291 1664 559 1720 interdum
605 1673 659 1720 et
702 1681 767 1719 ex
812 1665 1038 1735 alicujus
1085 1666 1212 1720 boni
1260 1667 1444 1738 operis
1485 1666 1714 1738 ingratia
1751 1683 1873 1746 poe-

287 1751 438 1820 nitet,
469 1753 589 1808 ideo
619 1761 673 1808 et
709 1753 876 1809 Deum
910 1754 1152 1823 proinde.
1191 1775 1214 1805 »

1143 377 1478 440 APPENDIX
1519 377 1582 436 V.
1623 409 1696 420 —
1733 376 1798 436 Ι).
1841 373 2220 440 ΟΟΒΒΙΝΙΑΝΙ
2244 378 2491 441 ΤΗΟΜΔΞ
2526 379 2763 440 ΑΒΝΟΤ.

1221 527 1244 557 ι
1297 506 1402 576 Qui
1458 505 1776 562 deversatus
1822 504 1875 558 in
1912 501 1962 587 ι
2062 508 2218 564 Dote.
2276 506 2588 564 Paradisum
2646 514 2951 582 caeteraque
3023 509 3170 568 dona
3235 512 3575 583 temporalia,

3451 383 3588 444 1298

1989 593 2197 651 Adamo
2229 596 2436 663 collata,
2470 598 2736 671 intelligit.

2089 687 2501 755 Maturavisset,
2521 688 2558 742 i.
2589 705 2641 744 e.
2671 705 2729 746 se
2756 694 3001 755 mature,
3028 706 3125 746 seu
3154 693 3494 763 tempestive,
3518 707 3581 749 ac

1990 788 2228 845 congruo
2257 783 2501 848 tempore
2529 778 2815 847 recepisset
2840 779 3005 832 Deus.
3027 779 3171 834 Inter
3197 784 3494 835 maturare
3523 788 3580 836 et

1989 879 2310 936 properare,
2323 881 2421 920 seu
2431 866 3010 924 accelerareinteresse
3020 867 3251 934 videtur,
3268 866 3413 939 quod
3434 867 3579 923 istud

1990 967 2198 1008 meram
2228 953 2597 1020 celeritatem,
2620 954 2749 1010 illud
2779 970 2905 1010 vero
2932 956 3281 1014 celeritatem
3300 973 3429 1013 cum
3449 972 3580 1014 con-

1991 1040 2118 1096 silio
2147 1038 2434 1109 signiﬁcet.
2466 1040 2653 1109 Itaque
2682 1039 2829 1094 nulla
2864 1039 3124 1095 celeritati
3160 1057 3342 1105 mora,
3374 1048 3428 1096 at
3455 1059 3576 1098 ma-

1989 1127 2238 1184 turationi
2289 1127 2528 1183 admixta
2567 1137 2666 1184 est.
2716 1127 2802 1184 Sic
2849 1127 3008 1183 etiam
3056 1136 3213 1186 nocet
3254 1130 3579 1203 quandoque

1989 1219 2267 1282 celeritas,
2327 1232 2604 1288 nunquam
2675 1218 3026 1288 maturatio;
3089 1218 3229 1274 unde
3301 1218 3392 1275 illa
3463 1223 3578 1276 Au-

1989 1309 2131 1378 gusti
2197 1308 2424 1364 Caesaris
2481 1307 2674 1363 Graeca
2725 1323 2829 1363 vox
2888 1316 3056 1362 erat:
3114 1308 3368 1362 ΣΠΕΥΔΕ
3421 1310 3578 1366 ΒΡΑ-

1989 1395 2180 1462 ΔΕΩΣ,
2222 1410 2456 1451 essum
2493 1410 2696 1450 LENTE.
2719 1393 2987 1450 Nimirum
3035 1404 3298 1452 maturare
3334 1397 3484 1454 velut
3512 1414 3580 1454 ex

1989 1483 2220 1553 duobus,
2256 1483 2386 1538 alias
2415 1483 2552 1538 inter
2589 1499 2648 1536 se
2691 1481 2956 1549 adversis,
2989 1482 3289 1539 coalescere
3332 1486 3573 1554 putabat,

1987 1572 2290 1628 industria:
2331 1572 2644 1641 celeritate,
2674 1578 2727 1627 et
2772 1570 3088 1643 diligentia:
3134 1572 3427 1640 tarditate,
3459 1591 3582 1644 quas

1986 1670 2209 1732 utraque
2255 1660 2302 1714 si
2349 1660 2450 1716 rite
2496 1666 2845 1730 attemperata
2890 1658 3071 1725 fuerit,
3111 1665 3409 1718 maturum
3455 1678 3578 1719 esse

1988 1748 2264 1819 negotium
2287 1748 2538 1812 dicimus,
2555 1748 2776 1820 jamque
2802 1748 3121 1820 tempestive
3139 1747 3273 1806 ﬁeri.
3303 1750 3391 1806 Sic
3411 1752 3576 1806 etiam

358 1843 668 1912 Irrogatur.
692 1843 795 1898 Pro
816 1842 1133 1908 adhibetur,
1157 1842 1240 1898 vel
1259 1845 1635 1918 impenditur,
1660 1853 1750 1901 aut
1770 1849 1877 1902 im-
1918 1829 2193 1908 Bfruclus
2245 1837 2473 1893 nimium
2528 1837 2755 1904 celeres,
2815 1844 3111 1908 naturaque
3177 1839 3324 1896 velut
3378 1855 3579 1910 prope-

283 1932 542 2001 ponitur,
573 1932 1004 2001 infertur,,etc.,
1035 1941 1094 1986 ut
1122 1932 1340 1988 Plautus
1378 1933 1430 1987 in
1467 1935 1678 2006 Captiv.
1712 1954 1732 1990 :

357 2020 454 2073 His
482 2019 629 2074 diem
656 2020 864 2086 dicam,
885 2025 941 2076 et
967 2021 1218 2091 irrogabo
1245 2022 1554 2078 malitiam.

359 2106 421 2160 Et
466 2124 567 2178 pro
599 2107 758 2164 domo
803 2124 909 2163 sua
957 2108 1190 2163 Cicero:
1235 2111 1432 2166 Velant
1477 2111 1580 2165 ΧΠ
1635 2111 1873 2177 Tabulae,

284 2199 428 2268 leges
448 2198 688 2268 privatis
710 2197 1025 2254 hominibus
1035 2199 1298 2270 irrogari.
1313 2199 1418 2255 Sed
1442 2199 1746 2265 etTacitus,
1765 2200 1802 2256 l.
1817 2216 1878 2254 IV

285 2285 500 2340 Annal.
537 2300 584 2340 c.
620 2289 707 2354 10,
740 2285 807 2341 de
834 2287 1011 2342 Druso
1040 2285 1132 2352 ait,
1164 2277 1425 2343 exhausto
1454 2303 1660 2345 veneno
1691 2289 1876 2359 suspi-

277 2374 494 2429 cionem
524 2374 762 2440 auxisse,
788 2394 814 2427 σι
835 2381 1086 2446 tanquam
1105 2374 1321 2431 sibimet
1341 2376 1602 2451 irrogaret
1630 2383 1877 2444 mortem,

279 2478 444 2532 quam
493 2463 627 2533 patri
675 2471 961 2519 struxerat.
1003 2486 1025 2514 ι)
1078 2465 1287 2520 Rursus
1333 2465 1444 2521 Cic.
1494 2482 1590 2536 pro
1637 2465 1874 2531 Rabirio,

193 2563 196 2566 '
280 2553 511 2608 mulctra
530 2554 932 2624 irrogationem
951 2553 1104 2608 dixit.
1129 2553 1237 2607 Alii
1261 2555 1508 2625 irregare
1539 2569 1635 2625 pro
1655 2571 1879 2626 erogare

280 2640 570 2712 accipiunt,
600 2643 755 2707 cujus
795 2641 935 2696 idem
976 2641 1142 2696 ferme
1178 2657 1300 2696 cum
1341 2643 1506 2711 priori
1544 2658 1739 2697 sensus
1770 2651 1874 2697 est.

284 2730 364 2782 De
393 2744 524 2784 voce
549 2729 818 2800 erogandi
842 2730 953 2798 jam
984 2728 1037 2781 in
1069 2729 1108 2782 l.
1137 2729 1204 2783 de
1231 2732 1462 2784 Prcescr.
1496 2745 1545 2784 c.
1579 2734 1630 2794 2,
1664 2737 1775 2784 not.
1811 2731 1875 2785 In

282 2821 446 2884 actu,
478 2816 570 2871 sed
621 2815 728 2870 alio
774 2830 934 2870 sensu
980 2815 1233 2869 diximus.
1264 2814 1371 2868 Sed
1410 2815 1525 2870 haec
1563 2814 1877 2887 grammati-

281 2919 470 2959 corum
498 2911 676 2959 ειιηίο.

359 2994 581 3056 Contra,
613 2991 834 3047 omnino
877 2999 1099 3047 accentu
1152 2990 1470 3056 notandum,
1504 3000 1560 3048 ut
1605 2989 1873 3065 significet

282 3099 311 3138 e
339 3081 652 3145 contrario,
683 3080 766 3136 vel
795 3095 870 3135 ex
900 3081 1146 3137 adverso.

793 3169 951 3225 Nota:
980 3167 1051 3222 ad
1083 3169 1260 3239 Caput
1292 3169 1358 3223 II.

354 3256 628 3312 Rationis.
659 3255 872 3326 Quippe
901 3270 992 3311 res
1016 3257 1116 3311 Dei
1143 3257 1313 3325 ratio,
1344 3265 1396 3312 et
1425 3255 1606 3314 divino
1644 3273 1867 3313 munere

282 3343 438 3400 nobis
467 3345 612 3412 data,
644 3353 700 3399 ut
727 3359 888 3414 supra
915 3345 1109 3399 Noster
1133 3343 1281 3400 dixit.

355 3434 575 3500 Merita,
619 3432 655 3486 i.
705 3449 753 3488 e.
812 3438 1133 3499 momenta;
1175 3449 1283 3506 quo
1358 3449 1521 3488 sensu
1573 3435 1868 3504 jurisperiti

282 3523 492 3577 merita
529 3537 719 3576 causa:
756 3520 931 3576 dicere
969 3521 1161 3576 solent.
1197 3523 1373 3577 Potest
1412 3523 1571 3577 etiam
1613 3539 1710 3594 pro
1752 3526 1869 3580 uti-

284 3611 448 3666 litate
479 3607 678 3664 1211
713 3607 800 3664 hic
818 3609 1008 3681 accipi,
1041 3616 1130 3663 aut
1155 3624 1256 3680 pro
1287 3609 1566 3674 beneﬁcio.

351 3701 725 3770 Exponerent.
761 3698 866 3754 Seu
910 3699 1057 3752 velut
1085 3697 1148 3751 ad
1189 3705 1443 3753 stateram
1469 3700 1870 3772 ponderarent.

1988 1935 2139 1982 rante
2184 1935 2481 1997 protrusos,
2531 1943 2804 1999 pracoces
2849 1925 3098 1995 dicimus,
3148 1941 3268 1982 raro
3324 1929 3568 2000 sapidos,

1986 2024 2148 2086 atque
2193 2015 2446 2070 durantes
2495 2032 2510 2068 :
2558 2014 2652 2086 qui
2700 2029 2831 2070 vero
2892 2015 3229 2085 lentioribus,
3267 2033 3430 2089 quam
3477 2033 3578 2090 par

1986 2111 2145 2174 esset,
2201 2103 2544 2160 incrementis
2611 2113 2878 2170 crescunt,
2932 2104 3105 2159 rarius
3157 2110 3574 2172 maturescunt,

1984 2191 2079 2248 sed
2125 2192 2444 2265 plerumque
2489 2191 2668 2250 cruda
2713 2200 2952 2262 manent,
2998 2208 3097 2249 nec
3143 2193 3266 2252 usui
3313 2203 3406 2250 aut
3455 2197 3573 2253 esui

1981 2284 2091 2353 apti
2117 2291 2260 2337 sunt.

2055 2373 2343 2442 Propterea
2392 2385 2520 2426 vero
2575 2385 2683 2426 non
2739 2385 2897 2443 nego,
2941 2376 3237 2428 maturare
3289 2371 3576 2447 aliquando

1981 2475 2080 2530 pro
2106 2477 2413 2533 properare
2442 2475 2505 2514 ac
2532 2458 2778 2515 celeriter
2805 2474 2986 2532 agere,
3019 2460 3212 2531 accipi.
3245 2461 3454 2519 Adduci
3483 2463 3574 2520 hic

1982 2557 2218 2605 meretur
2271 2549 2488 2618 elegans
2526 2547 2619 2603 illa
2665 2549 2949 2618 sententia,
2991 2567 3151 2621 quam
3202 2550 3261 2606 S.
3314 2551 3478 2623 Cypr.
3521 2553 3576 2609 in

1984 2639 2162 2709 Epist.
2193 2637 2264 2693 ad
2293 2640 2575 2694 Donatum
2602 2637 2763 2692 habet
2791 2655 2805 2692 :
2843 2658 2866 2686 «ι
2901 2636 3120 2708 Accipe,
3151 2639 3296 2710 quod
3325 2641 3574 2708 sentitur,

1984 2734 2272 2794 antequam
2301 2724 2542 2790 discitur,
2574 2739 2672 2778 nec
2710 2740 2807 2794 per
2845 2739 3025 2779 moras
3063 2732 3372 2793 temporum
3409 2727 3577 2799 longa

1983 2812 2257 2882 agnitione
2300 2811 2590 2881 colligitur,
2622 2811 2715 2865 sed
2769 2811 3092 2880 compendio
3142 2813 3329 2881 gratize
3374 2819 3574 2873 matu-

1984 2901 2172 2955 rantis
2200 2900 2458 2956 hauritur.
2494 2918 2518 2950 ι

2055 2990 2359 3045 Dedicavit.
2388 2990 2466 3043 De
2502 2989 2608 3043 hoc
2643 2988 2807 3042 verbo
2854 2985 2975 3042 vide
3015 2988 3051 3044 l.
3094 2989 3159 3047 de
3200 2991 3364 3062 Bapt.
3393 3006 3442 3046 c.
3483 2996 3569 3060 t9,

1985 3087 2096 3134 not.
2132 3078 2414 3134 Dedicata.
2451 3077 2767 3147 Plerumque
2803 3084 2978 3130 autem
3025 3076 3218 3133 Noster
3261 3078 3363 3135 hoc
3405 3083 3573 3138 verbo

1985 3127 2096 3134 __---
2132 3127 2413 3134 --ηηηρρ
2453 3127 2762 3147 πν-ρη--
3025 3127 3206 3133 -.-----
3263 3127 3362 3135 ---ν
3416 3127 3569 3138 .--ην

1903 3127 2173 3232 ‘utitur,
2204 3181 2326 3221 cum
2373 3180 2565 3220 novam
2605 3166 2889 3236 quamdam
2932 3181 3049 3219 rem
3094 3166 3396 3238 signiﬁcare
3431 3171 3569 3241 vult,

1985 3265 2044 3312 ut
2071 3255 2126 3310 in
2157 3256 2314 3328 Apol.
2345 3270 2394 3312 c.
2429 3257 2515 3320 i2,
2547 3253 2623 3307 ait
2657 3272 2671 3308 :
2722 3275 2745 3306 α
2784 3253 2846 3309 In
2888 3253 3127 3324 patibulo
3166 3255 3404 3328 primum
3445 3275 3568 3317 cor-

1983 3361 2084 3416 pus
2113 3345 2208 3401 Dei
2245 3343 2408 3400 vestri
2447 3343 2754 3411 dedicatur;
2786 3362 2812 3394 »
2846 3353 2900 3399 et
2927 3342 2982 3398 in
3011 3343 3048 3398 l.
3080 3345 3145 3402 de
3169 3346 3358 3403 Anim.
3390 3365 3440 3403 c.
3476 3353 3566 3416 19,

1980 3434 2050 3488 de
2081 3432 2281 3488 infante
2311 3447 2498 3487 recens
2527 3438 2654 3487 nato
2685 3449 2700 3486 :
2743 3449 2768 3482 ι
2799 3431 3023 3502 Omnes,
3047 3435 3260 3506 inquit,
3289 3435 3448 3490 simul
3475 3437 3570 3492 de-

1980 3521 2162 3577 dicans
2200 3537 2406 3587 sensus,
2428 3528 2482 3575 et
2511 3521 2627 3576 luce
2659 3521 2834 3575 visum
2863 3527 2918 3575 et
2945 3534 3079 3576 sono
3107 3520 3371 3591 auditum,
3407 3542 3430 3574 ι
3459 3532 3570 3583 etc.

1978 3609 2106 3665 Item
2155 3609 2210 3664 in
2249 3609 2286 3664 l.
2336 3610 2402 3664 de
2437 3611 2665 3666 Resurr.
2699 3625 2858 3665 earn.
2888 3623 2938 3663 c.
2977 3611 3062 3677 11,
3109 3608 3159 3663 Α
3185 3612 3294 3666 Deo
3327 3613 3568 3669 univer-

1978 3701 2211 3755 sitatem
2257 3697 2538 3768 (mundum
2578 3697 2739 3766 hunc)
2795 3697 3111 3754 dedicatam
3157 3697 3302 3754 dicit.
3343 3699 3570 3756 Videtur

359 3790 642 3844 Tenerent.
675 3787 793 3840 Non
850 3795 1096 3855 parantes
1138 3786 1240 3842 sibi
1289 3790 1586 3854 materiam,
1622 3789 1780 3844 toties
1818 3798 1873 3846 et
1977 3802 2107 3857 ergo
2157 3787 2212 3840 in
2257 3785 2342 3840 his
2388 3793 2442 3840 et
2492 3783 2755 3840 similibus
2802 3800 2900 3855 pro
2945 3787 3188 3842 initiare
3231 3787 3430 3858 accipi;
3459 3804 3568 3860 quo

281 3874 483 3928 tamdiu
521 3873 835 3944 pcenitendi.

351 3962 556 4017 Saluti.
593 3980 618 4012 α
651 3958 784 4026 Quae
811 3961 1110 4015 secundum
1131 3963 1300 4016 Deum
1323 3963 1534 4018 tristitia
1555 3973 1658 4029 est,
1682 3982 1871 4023 POENI-

278 4062 528 4104 rnN'ruu
567 4047 622 4102 in
659 4061 915 4104 SALUTEM
951 4047 1194 4102 stabilem
1225 4057 1500 4118 Operatur.
1532 4051 1580 4105 ΙΙ
1607 4052 1732 4109 Cor.
1763 4070 1865 4122 vn,

282 4141 370 4193 10.

350 4227 674 4298 Auspicata.
706 4224 879 4280 Etiam
919 4224 1045 4280 alibi
1090 4225 1190 4279 hoc
1231 4225 1394 4280 verbo
1432 4228 1698 4297 auspicor
1741 4243 1866 4298 pas-

280 4313 393 4368 sive
425 4313 590 4368 utitur
629 4315 846 4381 Noster,
879 4320 938 4369 ut
973 4311 1029 4366 in
1057 4310 1094 4366 l.
1127 4313 1192 4370 de
1218 4314 1343 4368 Pat.
1376 4329 1424 4367 c.
1457 4316 1511 4369 5.
1545 4313 1618 4368 ait
1648 4332 1661 4369 :
1703 4335 1728 4366 «
1770 4317 1866 4370 Pa-

277 4407 385 4460 lam
428 4418 551 4456 cum
597 4402 687 4472 sit,
721 4400 1106 4472 impatientiam
1152 4417 1274 4456 cum
1320 4401 1536 4469 malitia,
1571 4411 1663 4458 aut
1708 4403 1864 4458 mali-

279 4491 406 4546 tiam
436 4491 506 4545 ab
532 4489 861 4563 impatientia
891 4491 1238 4562 auspicatam.
1275 4510 1298 4540 ι
1333 4490 1397 4544 Et
1425 4489 1478 4543 in
1517 4490 1610 4546 lib.
1646 4492 1710 4550 de
1742 4494 1866 4551 Cor.

280 4583 404 4637 mil.
447 4597 497 4636 c.
535 4585 560 4636 1
604 4598 617 4635 :
677 4602 698 4631 α
751 4580 954 4636 Ibidem
1002 4579 1352 4652 gravissimas
1396 4580 1623 4651 penulas
1662 4582 1862 4653 posuit,

280 4669 505 4726 relevari
547 4669 871 4742 auspicatus.
910 4688 932 4716 »
984 4669 1280 4741 Auspicari
1315 4675 1396 4723 est
1435 4676 1614 4723 autem
1655 4671 1870 4740 proprie

279 4776 406 4814 aves
434 4761 645 4830 spicere
665 4759 767 4830 (sic
787 4757 929 4813 enim
953 4767 1160 4813 veteres
1180 4756 1429 4812 dicebant
1449 4773 1544 4826 pro
1565 4758 1867 4829 aspicere),

278 4860 404 4899 cum
430 4861 494 4900 ex
527 4845 839 4900 earumdem
871 4845 1084 4911 volatu,
1117 4850 1314 4910 cantu,
1346 4853 1438 4901 aut
1472 4849 1646 4917 pastu
1675 4849 1869 4919 auspi-

281 4937 578 5002 cabantur,
612 4949 710 4988 seu
756 4935 1013 5006 auspicia
1061 4935 1362 5005 capiebant,
1402 4934 1533 4988 nihil
1576 4935 1720 4990 enim
1770 4936 1871 4990 nisi

278 5023 536 5080 consultis
563 5023 754 5079 avibus
792 5021 1017 5094 aggredi
1047 5022 1311 5085 solebant,
1342 5030 1453 5078 tum
1484 5022 1700 5078 demum
1734 5041 1871 5081 aus-

277 5113 464 5184 picato
495 5125 556 5164 ac
590 5110 855 5180 feliciter,
887 5109 1152 5180 bonisque
1190 5111 1457 5181 auspiciis
1492 5117 1545 5164 et
1583 5111 1776 5168 avibus
1817 5127 1874 5167 se

282 5199 557 5270 negotium
589 5214 748 5254 suum
784 5198 1072 5268 incmpisse
1111 5198 1233 5253 rati.

355 5288 628 5347 Invenitur
665 5301 884 5357 quoque
919 5285 1063 5356 apud
1102 5292 1311 5340 veteres
1347 5285 1581 5342 activum
1625 5289 1872 5360 auspice,

283 5387 342 5432 ut
368 5378 509 5448 apud
555 5376 798 5432 Plautum
837 5377 890 5428 in
930 5377 1100 5431 Persa
1130 5394 1147 5429 :
1191 5395 1213 5425 α
1247 5375 1368 5445 Ego
1407 5375 1685 5446 auspicavi
1733 5377 1878 5432 hunc

286 5465 456 5531 diem;
497 5491 515 5512 ι
552 5474 604 5520 et
633 5466 687 5519 in
717 5465 978 5519 Catonem
1010 5463 1077 5516 de
1103 5463 1327 5518 Consul.
1351 5478 1449 5518 suo
1476 5485 1487 5520 :
1528 5486 1550 5514 α
1587 5467 1875 5535 Postquam

287 5555 575 5625 auspicavi,
613 5563 665 5610 et
711 5553 1024 5622 exercitum,
1076 5575 1098 5602 ι
1149 5561 1252 5608 etc.
1285 5553 1390 5609 Sed
1443 5554 1626 5626 utique
1675 5555 1879 5612 nimius

291 5657 410 5698 sum
440 5642 494 5700 iu
521 5644 608 5701 his
635 5643 784 5700 tricis
809 5641 1188 5714 grammaticis.

1979 3891 2142 3931 sensu
2178 3875 2272 3944 ait,
2305 3874 2480 3929 Deum
2527 3873 2582 3927 in
2623 3876 2918 3948 semetipso
2953 3877 3378 3946 paenitentiam,
3411 3877 3570 3934 nobis

1977 3965 2126 4023 velut
2157 3965 2210 4020 in
2238 3964 2561 4034 exemplum,
2592 3963 2888 4022 dedicasse.

2050 4055 2314 4108 Caeterum
2343 4054 2620 4124 paenitere
2646 4053 2714 4108 de
2745 4055 2882 4121 Deo,
2913 4060 2972 4109 ut
2999 4054 3103 4108 alia
3131 4054 3399 4123 ejusmodi
3426 4055 3569 4114 affe-

1978 4148 2162 4198 ctuum
2217 4142 2569 4195 humanorum
2630 4141 2845 4210 propria
2909 4140 3300 4211 ἀνθρωποπαθῶς
3329 4143 3575 4200 dicitur:

1985 4249 2010 4280 α
2063 4229 2127 4282 In
2185 4229 2493 4282 hominibus
2549 4227 2647 4296 (ait
2699 4234 2914 4281 sanctus
2967 4229 3196 4300 August.
3243 4228 3337 4282 lib.
3386 4244 3447 4297 ιι,
3497 4231 3573 4287 ad

1982 4315 2236 4388 Simplic.
2267 4331 2321 4384 q.
2373 4314 2427 4384 2)
2476 4329 2614 4383 opus
2658 4313 2956 4384 paenitendi
3005 4319 3107 4383 est,
3141 4329 3262 4369 cum
3305 4317 3574 4385 reperitur

1982 4401 2232 4459 voluntas
2258 4402 2538 4466 mutanda;
2569 4401 2661 4456 sed
2692 4402 2748 4455 in
2792 4401 3010 4456 homine
3036 4417 3157 4457 cum
3192 4404 3380 4462 dolore
3409 4405 3573 4461 animi

1984 4500 2095 4557 est;
2141 4489 2488 4562 reprehendit
2543 4488 2690 4544 enim
2747 4488 2800 4542 in
2841 4506 2920 4559 se,
2969 4491 3114 4561 quod
3169 4497 3369 4547 temere
3423 4493 3571 4550 fecit.

1981 4582 2306 4638 Auferamus
2345 4595 2476 4653 ergo
2507 4579 2631 4649 ista,
2658 4581 2868 4651 pergit,
2893 4595 3015 4650 quae
3054 4581 3122 4634 de
3160 4581 3394 4635 humana
3420 4581 3574 4637 inﬁr-

1985 4671 2186 4739 mitate,
2253 4677 2420 4739 atque
2493 4668 2798 4739 ignorantia
2871 4667 3111 4734 veniunt,
3179 4675 3234 4722 et
3306 4676 3578 4726 remaneat

1985 4760 2160 4815 solum
2203 4759 2361 4823 velle,
2392 4765 2449 4813 ut
2490 4773 2597 4812 non
2637 4757 2708 4812 ita
2748 4755 2818 4810 sit
2859 4754 3086 4826 aliquid,
3121 4757 3576 4827 quemadmodum

1981 4856 2118 4913 erat;
2151 4845 2231 4902 sic
2277 4853 2458 4916 potest
2503 4843 2740 4899 intimari
2789 4843 2955 4900 menti
3003 4852 3220 4910 nostrae,
3253 4860 3363 4915 qua
3391 4846 3580 4917 regula

1981 4935 2334 5008 intelligatur,
2368 4935 2510 5006 quod
2540 4935 2813 5006 pwniteat
2843 4933 3028 4990 Damt.
3063 4932 3196 4988 Cum
3226 4932 3366 4988 enim
3396 4936 3579 5006 paeni-

1986 5031 2105 5083 tere
2138 5023 2351 5091 dicitur,
2384 5023 2509 5080 vult
2538 5039 2657 5078 non
2695 5038 2808 5080 esse
2847 5021 3070 5093 aliquid,
3103 5021 3239 5076 sicut
3277 5021 3490 5088 fecerat,
3523 5029 3586 5077 ut

1981 5121 2153 5180 esset;
2187 5112 2282 5167 sed
2327 5120 2501 5166 tamen
2550 5110 2626 5176 id,
2670 5125 2792 5166 cum
2842 5118 3002 5179 esset,
3045 5109 3116 5164 ita
3163 5125 3285 5166 esse
3329 5111 3584 5176 debebat,

1982 5211 2036 5258 et
2061 5218 2186 5257 cum
2218 5202 2288 5256 ita
2325 5216 2446 5256 esse
2479 5201 2591 5269 jam
2633 5215 2742 5255 non
2785 5199 2995 5268 sinitur,
3023 5200 3140 5269 jam
3179 5215 3285 5256 non
3322 5200 3484 5254 debet
3513 5201 3586 5254 ita

1984 5308 2125 5360 esse,
2158 5299 2420 5362 perpetuo
2450 5289 2680 5360 quodam
2719 5298 2774 5344 et
2802 5289 3098 5362 tranquillo
3135 5288 3404 5360 aequitatis
3430 5289 3582 5357 judi-

1985 5381 2089 5449 cio,
2124 5395 2261 5451 quos
2289 5381 2434 5435 Deus
2461 5386 2652 5434 cuncta
2678 5380 2981 5436 mutabilia
3007 5391 3444 5434 mcouuunmu
3471 5392 3582 5432 vo-

1987 5483 2250 5525 LUN’I‘ATE
2307 5467 2560 5539 disponit.
2620 5489 2645 5518 ι
2716 5469 2780 5522 Et
2831 5483 3020 5522 rursus
3071 5469 3134 5520 in
3189 5465 3335 5521 Psal.
3387 5481 3585 5533 cxxxr,

1995 5582 2018 5607 ο
2051 5559 2188 5613 Cum
2229 5559 2426 5612 mutat
2455 5570 2620 5622 Opera
2657 5571 2752 5610 sua
2783 5572 2877 5626 per
2907 5552 3369 5610 incommutabile
3400 5553 3588 5608 consi-

2019 5647 2131 5701 ium
2193 5661 2368 5711 suum,
2422 5641 2631 5702 1212
2687 5651 2908 5718 prepter
2962 5641 3137 5713 ipsam
3182 5656 3291 5698 non
3344 5642 3592 5708 consilii,
