4050 6168
467 359 605 420 1299

464 576 706 634 invenies
747 576 889 646 apud
936 576 1116 632 eumd.
1146 575 1200 629 in
1248 575 1345 629 lib.
1388 588 1612 630 Lxxxm
1669 574 1776 642 QQ.
1811 589 1865 643 q.
1899 574 1966 626 52
2011 580 2068 627 et

467 666 613 739 apud
642 673 913 723 auctorem
943 666 1039 721 lib.
1071 665 1135 721 de
1164 664 1429 721 Essentia
1468 663 1704 718 Divinit.
1739 664 1874 717 inter
1899 675 2065 732 Opera

468 754 525 808 S.
557 756 705 826 Aug.

540 848 787 901 Irarum.
819 844 1108 899 Enimvero
1135 845 1409 900 irascitur
1437 843 1580 897 Deus
1607 855 1822 912 quoque
1854 857 1867 897 :
1899 838 2062 894 mini-

472 950 557 989 me
613 949 742 989 vero
798 934 935 989 sicut
990 934 1172 987 homo.
1229 951 1251 981 «
1310 932 1393 985 Ira
1448 928 1678 985 hominis
1733 930 1943 1001 (rursus
1989 929 2065 983 ait

471 1023 527 1077 S.
561 1021 704 1093 Aug.
738 1022 835 1075 lib.
880 1036 945 1085 11,
978 1022 1049 1077 ad
1092 1021 1316 1093 Simpl.,
1349 1036 1404 1090 q.
1432 1019 1549 1090 cit.)
1594 1016 1897 1073 turbulenta
1932 1026 2010 1071 est
2042 1033 2058 1072 :

468 1112 547 1165 ira
575 1126 704 1168 vero
735 1110 850 1177 Dei,
872 1109 964 1165 illo
992 1111 1046 1164 in
1064 1122 1544 1172 TRANQUILLITATE
1569 1107 1771 1179 jugiter
1790 1108 2059 1173 manente,

468 1200 523 1253 in
554 1210 853 1255 creaturam
902 1200 1167 1254 subditam
1216 1206 1432 1254 exercet
1478 1196 1775 1254 admirabili
1810 1196 2061 1267 aquitate

466 1288 828 1344 vindictam...
882 1288 958 1341 De
1002 1288 1083 1342 ira
1130 1286 1365 1341 hominis
1420 1285 1644 1342 detraho
1691 1284 2059 1340 turbulentum

467 1384 697 1445 motum,
728 1385 785 1432 ut
830 1385 1104 1432 remaneat
1151 1376 1399 1432 vindicta
1443 1376 1619 1447 vigor,
1652 1383 1811 1446 atque
1857 1373 1928 1429 ita
1973 1381 2061 1428 ut-

466 1483 681 1538 cunque
736 1483 958 1539 assurgo
1002 1467 1058 1520 in
1105 1466 1348 1521 notitiam
1403 1464 1565 1529 illius,
1596 1480 1717 1535 qua
1763 1462 2060 1534 appellatur

467 1570 565 1611 ma
594 1570 714 1611 DEI.
753 1576 775 1606 »
810 1556 929 1611 Vin’
954 1555 1113 1611 etiam
1135 1554 1423 1627 adjungam
1449 1570 1531 1623 ea,
1552 1568 1673 1623 qua
1692 1552 1785 1610 lib.
1808 1566 1846 1619 ι,
1869 1554 2053 1608 contr.

466 1645 695 1702 Advers.
732 1646 865 1717 legis
894 1649 947 1701 et
972 1643 1172 1717 praph.
1206 1658 1325 1712 cap.
1356 1645 1443 1707 20,
1479 1643 1642 1696 habet
1682 1659 1696 1693 :
1754 1662 1776 1690 α
1825 1637 2055 1707 Quando

462 1734 614 1789 Deus
642 1733 886 1803 poenitet,
908 1748 1023 1788 NON
1049 1746 1333 1796 MUTATUR,
1356 1738 1407 1785 et
1430 1733 1651 1797 mutat;
1674 1729 1814 1784 sicut
1841 1725 2057 1798 quando

462 1820 729 1887 irascitur,
762 1837 878 1876 NON
916 1835 1199 1887 MUTATUR,
1232 1828 1286 1873 et
1307 1818 1582 1877 vindicat.
1617 1837 1644 1869 ι)

536 1912 780 1982 Imagini
825 1926 963 1977 sua,
996 1909 1033 1963 i.
1075 1925 1126 1963 e.
1166 1907 1371 1964 homini
1417 1908 1487 1961 ad
1532 1908 1839 1978 imaginem
1890 1922 2059 1962 suam

462 2005 665 2063 creato,
698 1998 838 2053 Gen.
872 2013 912 2064 ι,
942 2014 994 2053 v.
1026 2000 1093 2051 26
1138 2013 1260 2068 sqq.
1293 1995 1512 2066 Recole,
1545 1996 1593 2051 si
1636 1995 1804 2060 lubet,
1837 2010 1899 2049 ea
1936 2009 2058 2066 qua

465 2102 513 2141 c.
546 2089 579 2141 5
634 2087 701 2144 de
744 2090 902 2159 Bapt.
950 2094 1063 2143 not.
1107 2086 1191 2143 Ad
1241 2089 1412 2157 imag.
1462 2087 1580 2154 Dei,
1632 2084 1768 2142 1159
1826 2092 1908 2140 sat
1964 2099 2058 2140 co-

461 2176 613 2246 piose
644 2174 903 2233 diximus.

540 2268 922 2338 Congregavit.
946 2267 1018 2321 Ut
1045 2265 1218 2321 Exod.
1242 2280 1321 2331 vr,
1342 2266 1449 2321 v.7
1483 2283 1496 2322 :
1526 2284 1551 2315 α
1575 2265 1725 2319 Deus
1744 2258 1881 2318 dixit
1911 2281 1924 2316 :
1956 2264 2059 2317 As-

464 2371 675 2410 sumam
705 2370 801 2410 vos
828 2355 961 2409 mihi
1002 2356 1056 2409 in
1094 2356 1376 2425 populum,
1411 2363 1463 2408 et
1493 2369 1586 2409 ero
1616 2360 1796 2408 vester
1824 2355 1989 2419 Deus,
2028 2372 2051 2402 ι

463 2452 567 2498 etc.
599 2443 688 2497 Sic
713 2449 767 2497 et
793 2443 1043 2513 plurimis
1074 2443 1127 2495 in
1162 2442 1294 2498 locis
1322 2442 1471 2498 alibi.

535 2534 807 2588 Hortatus
861 2536 967 2587 est.
1017 2531 1111 2586 His
1182 2531 1327 2599 pleni
1402 2538 1525 2584 sunt
1579 2546 1745 2585 sacra
1806 2529 2055 2585 Historia

462 2621 605 2686 libri,
637 2620 937 2693 prasertim
978 2636 1108 2677 vero
1147 2620 1303 2676 Liber
1340 2621 1509 2676 Exodi
1553 2631 1606 2676 et
1632 2619 1877 2676 Judicum
1909 2622 2060 2690 ejus-

464 2710 613 2767 modi
643 2710 902 2781 exemplis
939 2718 1169 2765 scatent.

535 2798 943 2872 Prophetando.
977 2799 1227 2854 Dativum
1258 2813 1379 2853 esse
1426 2798 1500 2855 ait
1536 2798 1848 2869 Rhenanus,
1880 2797 2057 2853 idem-

462 2905 567 2960 que
595 2903 718 2943 esse
745 2903 807 2942 ac
836 2887 907 2942 ad
937 2887 1411 2960 prophetandum.

538 2978 760 3033 Emisit.
793 2977 1067 3033 Emittere
1114 2977 1199 3031 vel
1246 2976 1555 3046 simpliciter
1601 2978 1830 3034 mittere
1858 2976 2056 3033 Nostro

466 3063 754 3137 signiﬁcat,
787 3065 870 3121 vel
917 3080 1040 3119 cum
1088 3065 1279 3133 majori
1323 3065 1563 3135 emphasi
1604 3083 1676 3122 ex
1709 3083 1766 3123 se
1808 3068 2054 3130 mittere,

467 3160 527 3208 ut
552 3154 782 3210 nomine
810 3170 929 3222 suo,
960 3153 1057 3207 Dei
1085 3168 1300 3224 nempe,
1334 3155 1734 3225 prOphetarent.

539 3242 998 3297 Illuminaturus.
1020 3241 1132 3297 Hoc
1159 3242 1214 3295 in
1235 3241 1321 3297 die
1340 3242 1682 3299 Pentecostes
1713 3259 1810 3314 per
1840 3245 2061 3315 linguas

466 3331 584 3385 illas
612 3332 804 3401 igneas
833 3331 1112 3402 impletum
1134 3330 1252 3398 fuit,
1278 3332 1436 3387 Petro
1469 3348 1594 3387 mox
1622 3334 1688 3387 ad
1722 3334 2059 3402 concionem,

467 3420 589 3476 Act.
621 3436 684 3488 ιι,
718 3422 784 3475 17
815 3428 868 3476 et
900 3425 988 3492 l8,
1020 3420 1073 3474 in
1107 3422 1224 3477 hac
1262 3422 1419 3476 verba
1457 3420 1752 3476 disserente
1790 3438 1802 3474 :
1840 3424 1949 3477 Hoc
1978 3426 2060 3477 est

464 3508 614 3580 quod
635 3511 979 3580 praedictum
998 3514 1081 3566 est
1098 3526 1198 3583 per
1216 3510 1548 3582 prophetam
1566 3512 1683 3567 Joel
1713 3530 1731 3566 :
1762 3514 1831 3566 Et
1860 3512 1971 3566 erit
1999 3512 2062 3565 in

465 3599 788 3654 novissimis
809 3599 993 3655 diebus
1018 3599 1174 3664 (dicit
1198 3602 1509 3671 Dominus),
1534 3599 1831 3671 effundam
1850 3600 1915 3657 de
1946 3601 2064 3671 Spi-

467 3688 589 3741 ritu
615 3704 737 3742 meo
752 3704 919 3759 super
935 3702 1156 3741 omnem
1176 3705 1423 3751 carnem,
1439 3692 1493 3743 et
1519 3688 1930 3760 prophetabunt
1950 3689 2065 3757 ﬁlii

467 3769 661 3835 vestri,
694 3773 749 3824 et
790 3771 930 3837 ﬁlice
970 3774 1189 3835 vestra,
1221 3780 1323 3827 etc.
1355 3772 1470 3825 Hoc
1518 3772 1711 3839 ipsum,
1746 3772 1890 3843 quod
1939 3778 2063 3825 ante

471 3855 787 3926 pradictum
814 3856 915 3911 fuit
940 3858 1042 3911 Isa.
1062 3873 1301 3929 xxxxlv,
1325 3863 1378 3925 3,
1402 3860 1495 3914 ubi
1523 3861 1668 3914 Deus
1700 3878 1713 3914 :
1746 3860 2062 3930 Effundam

472 3944 756 4014 Spiritum
783 3960 978 4000 meum
1016 3962 1181 4016 super
1219 3963 1409 4003 semen
1449 3952 1630 4012 tuum,
1663 3956 1765 4002 etc.
1801 3948 2063 4002 Caterum

470 4031 735 4089 universo
764 4033 882 4089 orbi
911 4033 1267 4103 illuminare,
1289 4051 1353 4091 ex
1383 4036 1573 4091 Graca
1602 4036 1781 4106 phrasi
1811 4036 2063 4106 deprom-

471 4126 625 4189 ptum
651 4118 878 4188 videtur,
913 4137 1020 4193 qua
1067 4122 1125 4176 in
1168 4123 1383 4180 Cautico
1412 4124 1702 4197 Zacharia,
1734 4127 1864 4180 Luc.
1899 4140 1937 4189 ι,
1970 4126 2061 4193 79,

470 4206 696 4263 habetur
725 4226 736 4266 :
779 4208 1045 4280 Ἐπιφᾶναι
1064 4213 1166 4271 τοῖς
1186 4210 1236 4264 ἐν
1255 4215 1416 4266 σκότει
1443 4212 1520 4265 καὶ
1551 4217 1661 4285 σκιᾷ·
1689 4215 1894 4268 θανάτου
1922 4225 2065 4283 καθη-

474 4298 650 4368 μένοις,
683 4299 718 4353 i.
752 4314 803 4354 e.
834 4315 1180 4357 ILLUMINARE
1227 4302 1429 4373 (lumen
1477 4302 1695 4374 afferre)
1743 4320 1832 4359 ms
1871 4305 1967 4377 qui
1994 4306 2058 4359 in

477 4389 714 4443 tenebris
745 4394 799 4444 et
824 4391 1027 4447 umbra
1053 4393 1256 4448 mortis
1284 4391 1499 4448 sedent.

1530 357 1620 419 AD
1656 357 1945 421 GENUINA
1992 355 2433 421 TERTULLIANI
2470 357 2686 421 OPERA

466 489 562 543 sed
601 503 785 561 operis
829 486 1179 543 mutationem
1221 486 1495 558 paenitere
1539 482 1752 539 dicitur.
1788 504 1815 531 ι
1861 481 2068 537 Similia
2095 503 2143 594 Α
2167 491 2328 541 nente
2384 485 2442 541 S.
2496 486 2703 542 Joanne
2762 502 2776 541 :

3613 345 3755 409 1300

2840 484 3043 540 Parate
3110 482 3262 538 viam
3333 472 3597 542 Domini,"
3639 481 3759 528 etc.

2164 574 2327 630 Marc.
2350 590 2389 639 ι,
2413 578 2466 629 3.

2236 662 2741 735 Appropinquabit.
2771 660 2858 716 Sic
2903 660 3045 715 enim
3088 658 3272 714 Matth.
3314 670 3399 723 ιιι,
3431 658 3487 718 2,
3518 653 3760 707 Joannes

2164 752 2231 807 ad
2255 752 2510 823 p0pulum
2534 752 2588 806 in
2616 753 2829 808 deserto
2859 769 2871 806 :
2899 751 3302 808 Paenitentiam
3320 746 3468 817 agite
3502 765 3521 801 :
3555 759 3761 817 appro-

2161 843 2464 915 pinguavit
2491 844 2644 900 enim
2672 859 2908 915 regnum
2933 842 3219 897 caelorum.

2238 935 2411 989 Error
2432 936 2614 988 vetus.
2644 935 2950 989 Peccatum
2978 928 3271 1001 originale.

2232 1022 2580 1092 Ignorantia.
2610 1021 2835 1076 Peccata
2866 1036 2959 1092 per
2987 1017 3375 1091 ignorantiam
3405 1011 3751 1085 (vincibilem

2163 1106 2419 1163 nimirum
2448 1124 2509 1164 ac
2538 1109 2897 1182 culpabilem)
2936 1106 3237 1164 commissa.

2246 1200 2493 1255 Verrens.
2526 1200 2607 1254 Ac
2635 1198 2786 1271 quasi
2817 1200 2994 1270 scopis
3022 1196 3129 1267 (his
3158 1194 3305 1249 enim
3335 1190 3551 1264 proprie
3579 1192 3757 1245 verri-

2164 1288 2317 1358 mus)
2349 1303 2696 1361 expurgans;
2718 1295 2776 1342 ut
2802 1288 2991 1342 Matth.
3021 1301 3123 1350 xu,
3146 1286 3232 1351 24,
3257 1281 3449 1338 dicitur
3482 1295 3495 1334 :
3530 1279 3756 1336 Invenit

2166 1393 2291 1434 eam
2319 1381 2500 1450 scapis
2526 1379 2882 1434 mundatam.

2238 1466 2475 1524 Radens.
2499 1467 2798 1524 Raduntur
2824 1481 2901 1520 ea
2930 1463 3173 1528 macula,
3205 1471 3299 1518 aut
3325 1460 3445 1524 alia,
3476 1472 3595 1529 qua
3625 1470 3762 1510 non-

2165 1556 2294 1610 nihil
2343 1557 2663 1626 profundius
2706 1556 2978 1625 iusederc;
3014 1555 3137 1609 hinc
3183 1558 3236 1609 et
3286 1551 3507 1606 barbam
3552 1545 3753 1602 radere

2165 1643 2412 1711 dicimus,
2443 1656 2547 1701 etc.

2237 1734 2416 1788 Patet.
2440 1734 2523 1786 An
2543 1730 2793 1789 eumdem
2817 1732 2870 1784 in
2900 1728 3197 1801 baptismo,
3219 1724 3429 1795 plenius
3450 1730 3626 1777 autem
3655 1736 3758 1790 per

2098 1836 2138 1912 I
2166 1820 2583 1892 subsequentem
2613 1821 2879 1877 Manuum
2897 1818 3334 1890 impositionem,
3358 1812 3755 1883 recipiendum,

2237 1911 2453 1973 Libens.
2482 1909 2624 1965 Nihil
2646 1910 2761 1980 jam
2790 1910 2843 1964 in
2872 1910 2975 1963 hoc
3015 1922 3115 1962 suo
3154 1902 3389 1977 hospitio
3417 1903 3754 1965 indecorum,

2166 1999 2293 2070 quin
2324 2015 2451 2056 vero
2483 2000 2661 2054 omnia
2690 2000 2909 2061 munda,
2941 2011 3106 2067 seque
3138 1993 3302 2065 digna
3329 1991 3625 2047 inveniens.

2242 2091 2438 2153 Causa,
2472 2089 2687 2145 Finalis
2717 2087 2988 2141 nimirum.

2237 2180 2363 2235 Ilaec
2385 2194 2575 2252 opera.
2598 2179 2773 2249 Opera
2792 2176 2879 2231 hic
2899 2173 3128 2232 sumitur
3150 2186 3251 2243 pro
3273 2168 3474 2235 labore,
3498 2176 3554 2223 ut
3578 2168 3636 2222 in
3656 2168 3760 2224 lib.

2163 2267 2229 2323 de
2260 2270 2387 2323 Pat.
2422 2284 2471 2323 c.
2506 2271 2594 2333 16,
2626 2266 2763 2322 idem
2803 2265 2998 2321 Noster
3030 2281 3042 2319 :
3082 2284 3103 2312 κ
3138 2262 3263 2316 Hac
3303 2257 3567 2330 patientiae
3600 2257 3758 2321 ratio,

2171 2355 2397 2411 I2I3
2460 2357 2576 2411 hac
2641 2354 2943 2425 disciplina,
2994 2353 3108 2406 hac
3170 2365 3338 2424 Opera
3392 2346 3647 2412 calestis,
3703 2353 3764 2401 et

2167 2461 2314 2513 vera,
2349 2464 2373 2497 ι
2408 2448 2514 2501 etc.
2532 2447 2602 2500 Et
2631 2445 2684 2499 in
2712 2445 2805 2499 lib.
2838 2444 2901 2500 de
2931 2446 3159 2498 Resurr.
3185 2455 3342 2495 earn.
3365 2453 3413 2492 c.
3439 2441 3503 2491 l5
3534 2453 3547 2491 :
3589 2456 3611 2484 ι
3646 2435 3765 2489 Ne-

2164 2547 2294 2606 gent
2322 2550 2627 2605 operarum
2654 2534 2988 2597 societatem,
3023 2538 3083 2584 ut
3120 2529 3309 2584 merito
3349 2525 3557 2596 possint
3593 2523 3764 2580 etiam

2164 2624 2465 2678 mercedem
2507 2638 2727 2695 negare.
2776 2646 2794 2670 ι
2842 2628 2851 2631 ’

2237 2715 2461 2771 Homini
2489 2713 2730 2786 proﬁcit,
2762 2711 2799 2768 i.
2820 2726 2869 2767 e.
2894 2709 2963 2766 ad
2994 2708 3297 2781 profectum
3324 2707 3443 2776 ejus
3469 2702 3761 2769 conducit,

2167 2809 2226 2857 ul
2253 2802 2307 2856 in
2335 2803 2373 2856 1.
2404 2803 2470 2857 de
2501 2804 2661 2873 Bapt.
2693 2816 2813 2870 cap.
2844 2801 2901 2854 7.

2237 2893 2396 2946 Ratio
2426 2892 2567 2961 ejus.
2595 2889 2937 2945 Panitentia
2964 2884 3230 2941 videlicet.

2237 2981 2530 3035 Discimus.
2564 2975 2677 3031 Hoc
2716 2976 2857 3031 enim
2905 2975 3151 3046 ignorato
3198 2984 3379 3026 veram
3425 2969 3766 3042 pauitantia

2164 3067 2425 3122 rationem
2475 3065 2709 3137 ignorari
2756 3080 2975 3120 necesse
3025 3072 3123 3119 est.
3158 3062 3278 3116 Vid.
3323 3076 3489 3131 supra
3526 3074 3651 3128 cap.
3706 3063 3765 3123 1.

2097 3163 2139 3239 c
2164 3155 2255 3210 ubi
2289 3173 2302 3212 :
2346 3176 2368 3203 α
2410 3155 2577 3227 Igitur
2620 3154 2927 3225 ignorantes
2957 3152 3153 3224 quique
3183 3152 3372 3239 Deum,
3405 3168 3430 3199 ι)
3467 3156 3571 3202 etc.

2236 3245 2558 3315 Injiciatur.
2615 3241 2984 3298 Paenitentiam
3044 3240 3203 3294 etiam
3258 3238 3323 3292 ad
3381 3253 3554 3309 opera
3608 3236 3762 3291 bona

2162 3331 2444 3400 violenter,
2480 3346 2544 3386 ac
2600 3340 2782 3387 contra
2835 3338 3078 3384 naturam
3131 3344 3301 3391 suam,
3349 3326 3759 3397 detorquendo,

2163 3420 2420 3489 deinceps
2451 3434 2549 3491 per
2578 3418 2721 3473 illam
2750 3417 3113 3488 impedienda.

2234 3511 2320 3574 Et,
2356 3524 2452 3579 pro
2492 3510 2691 3564 etiam.

2246 3598 2471 3653 Viderit.
2517 3596 2769 3651 Formula
2824 3594 3078 3667 loquendi
3144 3594 3347 3664 passim
3402 3593 3604 3647 Nostro
3653 3591 3764 3645 fre-

2165 3701 2365 3756 quens;
2398 3693 2457 3739 ut
2503 3687 2660 3756 Apol.
2709 3700 2827 3754 cap.
2873 3687 2959 3751 16,
2992 3684 3067 3739 ait
3115 3704 3127 3740 :
3184 3704 3207 3733 ι
3260 3682 3463 3737 Viderit
3514 3681 3760 3749 habitus,

2165 3775 2294 3831 dum
2322 3772 2557 3829 materia
2586 3773 2815 3844 qualitas
2838 3773 3023 3828 eadem
3043 3774 3141 3839 sit;
3172 3770 3367 3827 viderit
3398 3770 3591 3834 forma,
3630 3770 3762 3823 dum

2161 3862 2396 3930 idipsum
2454 3861 2553 3914 Dei
2605 3877 2801 3932 corpus
2862 3861 2950 3927 sit,
2985 3880 3009 3911 ι)
3072 3868 3174 3923 etc,
3210 3867 3265 3913 et
3312 3858 3369 3911 in
3418 3856 3455 3912 Ι.
3509 3858 3579 3913 de
3632 3860 3761 3913 Pat.

2165 3964 2282 4019 cap.
2317 3952 2381 4003 16
2414 3968 2429 4006 :
2466 3970 2490 4000 (ί
2513 3948 2756 4003 Viderint
2786 3965 2939 4003 suam
2968 3950 3071 4003 sui.
3106 3968 3129 4000 ι
3164 3948 3224 4002 L.
3257 3946 3322 4004 de
3351 3949 3533 4018 Spect.
3565 3962 3617 4001 c.
3660 3950 3761 4000 15:

2171 4058 2195 4088 α
2230 4037 2433 4093 Viderit
2479 4037 2787 4107 principalis
2833 4037 3019 4092 titulus
3066 4035 3386 4102 idololatria,
3434 4055 3459 4086 ιο
3514 4042 3619 4091 etc.
3660 4036 3763 4089 Ita-

2168 4142 2272 4197 que
2303 4128 2401 4181 hac
2448 4126 2627 4196 phrasi
2669 4127 2981 4196 plerumque
3026 4124 3243 4190 utimur,
3271 4141 3392 4180 cum
3430 4124 3661 4178 alterum
3709 4125 3763 4177 in

2169 4214 2443 4286 quoddam
2489 4214 2782 4271 discrimen
2825 4215 3132 4281 adductum,
3164 4214 3231 4269 de
3274 4213 3465 4270 eodem
3518 4214 3763 4268 Cavenda

2172 4321 2588 4375 pramonemus,
2622 4313 2680 4360 ut
2710 4305 2787 4359 rei
2824 4321 2935 4359 sua
2972 4321 3155 4361 curam
3191 4304 3399 4359 habeat.
3438 4302 3529 4358 Sic
3557 4304 3677 4359 Cic.
3709 4304 3764 4357 in

2172 4397 2344 4451 Bruto
2374 4395 2449 4451 ait
2488 4412 2500 4448 :
2541 4413 2563 4446 ι
2615 4395 2691 4449 De
2740 4395 2842 4449 hoc
2889 4404 2943 4449 tu
2993 4393 3220 4462 videris;
3255 4413 3277 4445 ι
3315 4392 3353 4446 i.
3386 4409 3435 4446 e.
3469 4393 3638 4461 hujus
3686 4396 3764 4446 rei

544 4479 965 4545 Intinctionem,
998 4495 1099 4536 seu
1136 4480 1475 4552 baptismum
1504 4481 1874 4552 panitentia,
1906 4496 2063 4552 quem
2099 4485 2354 4571 Deuram
2404 4483 2499 4537 tibi
2550 4484 2818 4554 relinquo,
2861 4498 2946 4549 ne,
2999 4482 3046 4537 si
3095 4481 3221 4552 quid
3271 4495 3432 4535 secus
3476 4480 3760 4543 acciderit,

468 4565 815 4639 praedicabat
858 4568 1090 4623 Joannes
1126 4570 1191 4623 in
1236 4570 1626 4625 remissionem
1666 4574 2050 4640 peccatorum.

468 4656 627 4709 Marc.
662 4659 713 4720 1,
745 4671 800 4709 v.
834 4657 887 4714 4.

539 4743 919 4802 Destinatum.
952 4745 1217 4801 Nimirum
1267 4743 1408 4800 Gen.
1449 4760 1550 4813 χιι,
1584 4748 1638 4816 3,
1669 4746 1761 4802 ubi
1808 4748 1953 4803 Deus
1996 4748 2063 4802 ad

470 4834 746 4890 Abraham
778 4854 793 4891 :
818 4838 883 4891 In
906 4839 959 4892 te
987 4837 1382 4894 benedicentur
1400 4839 1676 4895 universa
1703 4841 2063 4910 cognationes

473 4927 657 4980 terra.
689 4925 755 4979 Et
784 4925 887 4981 Isa.
918 4940 1035 4993 xm,
1070 4929 1100 4977 8
1134 4944 1146 4982 :
1182 4927 1383 4983 Semen
1432 4925 1689 4993 Abrahae,
1724 4928 1899 4984 amici
1928 4930 2061 4993 mei,

470 5014 531 5067 in
558 5029 660 5084 quo
690 5014 1035 5084 apprehendi
1067 5018 1119 5070 te
1148 5014 1214 5068 ab
1242 5017 1515 5072 extremis
1557 5021 1814 5085 terra...,
1848 5021 1903 5075 et
1933 5018 2061 5074 dixi

474 5100 577 5157 tibi
605 5120 621 5155 :
654 5102 852 5157 Servus
880 5117 1039 5158 meus
1068 5119 1122 5158 es
1154 5106 1237 5169 tu,
1269 5120 1364 5175 ego
1393 5105 1534 5176 elegi
1563 5108 1635 5174 te,
1661 5109 1716 5161 ct
1743 5123 1858 5163 non
1888 5106 2065 5175 abieci

473 5194 544 5258 te,
581 5198 685 5245 etc.
714 5189 780 5243 Et
808 5189 885 5244 sic
914 5191 1215 5261 sapissimc
1242 5192 1392 5248 alibi.

542 5279 1049 5352 Subsignationem,
1080 5280 1119 5335 i.
1150 5298 1200 5337 e.
1234 5282 1717 5355 subscriptionem,
1743 5300 1864 5355 qua
1895 5287 2065 5341 instar

471 5368 793 5422 conditionis
832 5368 909 5422 illi
950 5370 1291 5439 promissioni
1321 5386 1527 5425 annexa
1572 5372 1685 5435 fuit,
1719 5381 1777 5427 ut
1807 5379 1861 5426 et
1890 5388 2062 5442 popu-

469 5457 553 5511 lus
610 5458 776 5513 Israel
823 5459 890 5511 ad
936 5465 1147 5529 pactum
1195 5458 1328 5512 illud
1375 5461 1697 5514 servandum
1754 5459 1952 5530 pariter
1983 5476 2063 5515 se-

469 5544 751 5615 obligaret.

547 5632 933 5703 Componeret,
968 5648 1063 5701 pro
1094 5634 1432 5708 disponeret,
1463 5642 1552 5690 aut
1578 5634 1901 5709 adoptaret,
1934 5652 2056 5694 mo-

2171 4570 2304 4625 mihi
2332 4571 2584 4643 imputes.
2604 4571 2667 4625 Et
2686 4571 2963 4626 Terentius
2984 4570 3035 4624 in
3059 4569 3294 4638 Adelph.
3330 4585 3342 4624 :
3380 4590 3403 4618 α
3439 4568 3555 4637 Ego
3587 4567 3765 4622 istlioc

2169 4659 2386 4730 videro;
2439 4679 2465 4711 »
2536 4660 2686 4730 quasi
2760 4658 2964 4715 diceret
3022 4675 3036 4712 :
3101 4676 3124 4709 ι
3184 4658 3363 4713 Istboc
3424 4657 3555 4712 mihi
3617 4673 3763 4712 cura

2165 4748 2287 4802 erit.
2322 4768 2345 4797 »

2240 4840 2304 4893 In
2334 4839 2661 4909 ingratiam.
2698 4838 2832 4894 Vide
2862 4852 2979 4908 cap.
3008 4840 3057 4902 l,
3090 4844 3201 4892 not.
3240 4831 3511 4908 Ingratia.
3539 4835 3687 4903 Quid
3719 4837 3762 4890 si

2166 4942 2296 4984 vero
2342 4929 2656 4983 sententiam
2702 4927 2779 4983 sic
2821 4926 3084 4997 explicem
3122 4943 3137 4980 :
3176 4943 3198 4977 ι
3251 4925 3456 4979 Viderit
3508 4938 3762 4993 perversa

2169 5016 2353 5086 Opinio
2402 5015 2704 5087 hominum,
2736 5015 2857 5070 aliis
2897 5014 3079 5084 utique
3121 5005 3393 5086 ingrata?
3422 5023 3530 5067 etc.
3566 5012 3671 5067 Vel
3716 5010 3756 5065 si

2166 5104 2226 5171 ii,
2255 5104 2452 5175 quibus
2498 5103 2879 5173 benefecimus,
2915 5102 3198 5173 displicere
3246 5100 3422 5169 nobis,
3456 5116 3520 5155 ac
3560 5099 3754 5172 ingrati

2169 5207 2266 5247 seu
2293 5192 2439 5248 exosi
2469 5208 2584 5247 esse
2614 5190 2894 5262 incipiunt.
2932 5214 2957 5239 ι

2241 5282 2641 5338 Paenitentiam
2661 5281 2825 5352 cogit.
2843 5280 3047 5336 Sensus
3067 5295 3185 5335 esse
3202 5278 3412 5334 videtur
3435 5297 3448 5333 :
3477 5299 3501 5329 ε
3526 5278 3582 5333 Si
3599 5279 3755 5333 etiam

2168 5371 2232 5423 ad
2289 5369 2564 5426 malefacta
2616 5371 3009 5441 paenitentiam,
3071 5369 3212 5425 velut
3267 5370 3636 5433 reluctantem,
3696 5382 3753 5421 ac

2163 5471 2350 5517 contra
2382 5470 2623 5515 naturam
2651 5477 2825 5527 suam,
2856 5462 3019 5531 cogit,
3052 5460 3248 5531 adigit,
3280 5474 3342 5512 ac
3380 5458 3692 5528 detorquet.
3724 5474 3750 5507 ι

2238 5549 2494 5621 Captatio
2509 5550 2649 5619 ejus.
2680 5550 2892 5605 Gratiae
2910 5536 3156 5620 captatio
3178 5557 3262 5602 est
3278 5547 3550 5620 appetitus
3567 5546 3748 5600 aliena

2163 5638 2349 5708 gratia
2399 5645 2453 5693 et
2499 5636 2884 5696 benevolentia
2930 5636 3033 5694 sibi
3075 5634 3449 5706 concilianda,
3496 5645 3557 5694 ut
3599 5634 3745 5690 alteri
