4050 6168
320 313 452 374 1301

1139 304 1468 368 APPENDIX
1505 303 1570 362 V.
1603 333 1674 344 —
1713 299 1774 358 D.
1813 295 2191 360 CORBINIANI
2237 299 2480 362 ἰ’ΗοΜῶ
2525 299 2764 364 AD‘NOT.

3469 301 3610 364 1302

314 437 644 506 placeamus,
677 435 835 509 eique
863 436 1032 506 grati,
1065 433 1118 488 id
1149 439 1248 497 est,
1293 429 1510 502 accepti
1539 428 1730 482 simus.
1761 425 1902 480 Raro
1934 415 1986 498 ι
2015 424 2211 492 omnia,
2245 433 2303 483 ut
2331 425 2496 484 Stoici
2525 428 2802 498 putabant,
2822 446 2988 502 parta
3015 445 3159 498 esse,
3189 430 3290 488 sed
3315 429 3374 488 id
3401 430 3605 500 solum,

315 526 458 580 enim
507 523 787 594 reperitur,
828 523 939 595 qui,
988 539 1113 578 cum
1158 518 1313 576 alteri
1349 515 1673 573 beneﬁcium
1719 513 1896 577 faciat,

317 621 413 668 aut
467 628 572 668 non
633 613 847 684 placere
898 611 1094 682 cupiat,
1155 616 1247 664 aut
1293 623 1402 662 non
1444 603 1654 676 aliquod
1697 609 1900 673 speret,

314 709 596 772 captetque
626 701 1069 766 emolumentum,
1101 697 1166 752 ad
1196 713 1254 752 se
1301 695 1620 750 rediturum.
1673 693 1753 746 Ita
1809 705 1906 746 no-

313 801 478 846 strum
515 791 742 846 ubilibet
771 789 1101 858 nimiumque
1129 791 1372 840 amantes
1399 798 1606 838 sumus.

389 881 660 942 Mortalis,
689 881 725 935 i.
773 894 823 934 e.
857 876 1186 947 temporalis,
1219 883 1272 930 et
1304 871 1592 944 aliquando
1639 869 1901 935 desitura,

317 977 422 1024 tam
451 969 640 1040 gratia
671 984 886 1036 nempe,
919 983 1079 1038 quam
1105 964 1382 1036 ingratia.

392 1055 734 1129 Compendii.
766 1056 876 1112 Seu
919 1059 1166 1129 quaestus
1198 1059 1248 1110 et
1274 1051 1460 1118 lucri;
1491 1057 1550 1104 ut
1579 1046 1766 1119 Optimi
1799 1051 1908 1100 Au-

316 1147 496 1203 thores
523 1145 722 1216 passim
750 1145 967 1200 habent.

385 1235 718 1300 Debitorem,
755 1233 1009 1289 Mercedis
1050 1229 1324 1285 nimirum.

391 1323 619 1387 Malum,
651 1325 839 1378 Poenae
867 1321 1074 1392 utique.

389 1415 816 1476 Remunerator,
849 1411 888 1464 i.
917 1425 966 1464 e.
1001 1409 1330 1465 retributor.

391 1503 646 1568 Sanciat,
677 1516 776 1569 pro
809 1503 1069 1566 statuat;
1102 1505 1184 1554 est
1203 1503 1384 1552 autem
1411 1495 1656 1558 sancire,
1687 1487 1906 1561 aliquid,

317 1591 460 1662 quod
489 1591 704 1660 impune
733 1589 918 1647 violari
949 1588 1158 1660 nequit,
1189 1585 1542 1642 constituere.

391 1679 780 1736 Praestandum
819 1695 953 1736 esse.
993 1677 1314 1748 Supremum
1338 1674 1429 1744 jus
1473 1672 1612 1742 ejus,
1647 1683 1746 1740 per
1774 1683 1908 1737 pec-

320 1777 436 1824 cata
465 1769 672 1834 laesum,
704 1767 1060 1825 satisfactione
1092 1764 1412 1835 reparando.

399 1859 706 1913 Privatum.
753 1856 990 1910 Latinius
1017 1857 1308 1928 privatum
1346 1853 1511 1920 delet,
1545 1857 1800 1920 tanquam
1832 1847 1914 1900 in-

325 1944 468 2016 signi
498 1945 628 1999 alias
669 1945 789 2000 loco
839 1945 1218 2000 obscuritatem
1248 1941 1484 1998 efferens
1513 1959 1526 1995 :
1563 1947 1619 1994 at
1647 1953 1748 2009 ego
1780 1939 1913 1992 citra

323 2033 710 2089 offendiculum
769 2033 988 2088 retineri
1036 2049 1198 2104 posse
1229 2031 1492 2098 existimo,
1525 2037 1579 2084 et
1625 2029 1917 2100 privatum

325 2122 410 2176 hic
455 2129 702 2191 tanquam
730 2123 1032 2194 proprium
1081 2122 1344 2195 intelligo,
1385 2127 1444 2174 ut
1471 2119 1668 2174 Noster
1697 2117 1750 2171 in
1779 2116 1816 2172 l.
1851 2117 1918 2172 de

327 2211 512 2282 Speci.
546 2225 594 2264 c.
631 2215 716 2274 10,
751 2210 1066 2278 explicatius
1095 2210 1222 2266 dicit
1263 2230 1274 2266 :
1311 2226 1437 2280 qua:
1465 2207 1670 2278 privata
1698 2209 1753 2264 et
1785 2220 1916 2274 pro-

327 2295 442 2367 pria
470 2303 608 2352 sunt
651 2313 852 2364 scenae,
886 2307 990 2352 etc.
1025 2299 1086 2352 Et
1138 2297 1250 2352 Cic.
1282 2295 1320 2370 l.
1367 2311 1430 2350 ιιι
1470 2297 1537 2352 de
1583 2295 1764 2350 Finib.
1796 2293 1870 2347 ait
1900 2310 1914 2346 :

329 2409 351 2438 α
397 2385 592 2442 Verbis
623 2395 796 2441 tamen
847 2386 902 2440 in
932 2385 1166 2440 dicendo
1216 2385 1370 2456 quasi
1399 2384 1640 2456 privatis
1673 2389 1920 2452 utuntur,

327 2489 389 2530 ac
413 2476 550 2532 suis.
585 2495 608 2523 ν

403 2563 685 2634 Ofﬁcium.
711 2561 866 2629 Quod
904 2567 1086 2616 autem
1125 2559 1340 2614 malitia)
1369 2559 1625 2629 ofﬁcium
1654 2571 1778 2612 esse
1813 2571 1916 2628 po-

329 2659 452 2718 test,
475 2651 580 2704 nisi
609 2651 662 2704 in
689 2650 776 2716 iis,
801 2650 868 2704 de
897 2647 1158 2719 quibusin
1181 2649 1221 2704 l.
1245 2649 1350 2705 ide
1385 2648 1542 2718 Ofﬁc.
1567 2645 1672 2702 sub
1703 2644 1820 2700 init.
1845 2645 1921 2699 ait

327 2741 535 2798 Tullius
569 2757 581 2795 :
621 2761 642 2788 ιε
679 2739 818 2795 Sunt
846 2737 1120 2792 nonnullae
1169 2735 1486 2806 disciplima,
1518 2751 1640 2806 quae
1671 2734 1919 2805 proposi-

329 2831 397 2886 tis
427 2831 691 2885 bonorum
719 2837 772 2883 et
798 2827 1062 2882 malorum
1091 2825 1287 2882 finibus
1317 2826 1572 2896 ofﬁcium
1603 2839 1762 2879 omne
1794 2840 1918 2894 per-

330 2919 563 2976 turbant.
601 2939 624 2968 α
659 2919 890 2974 Secutus
923 2925 1104 2971 autem
1145 2915 1232 2970 hic
1259 2915 1458 2969 Noster
1498 2913 1678 2983 potius
1705 2912 1919 2968 videtur

329 3019 546 3080 etymon
601 3007 856 3074 nominis,
907 3005 975 3060 de
1028 3019 1138 3076 quo
1197 3003 1254 3059 S.
1286 3003 1476 3058 Ambr.
1521 3001 1558 3059 l.
1609 3017 1628 3056 ι
1684 3003 1750 3057 de
1805 3002 1912 3072 Off.

329 3113 448 3168 cap.
474 3101 527 3163 8,
558 3097 666 3152 ait:
690 3094 938 3152 Officium
967 3094 1033 3148 ab
1063 3091 1349 3148 efﬁciendo
1378 3093 1595 3148 dictum
1621 3095 1914 3164 putamus,

331 3186 490 3258 quasi
527 3183 783 3252 officium,
805 3191 933 3248 etc.,
967 3195 1073 3251 quo
1113 3196 1273 3235 sensu
1303 3179 1462 3234 etiam
1496 3177 1713 3232 malitia:
1759 3194 1918 3232 suum

331 3275 588 3344 officium
626 3281 726 3340 est,
760 3272 853 3326 sed
907 3267 1222 3340 imprOprie,
1255 3277 1306 3322 et
1349 3267 1566 3322 nonnisi
1613 3266 1921 3324 secundum

333 3377 534 3420 nomen
573 3361 797 3429 dictum,
845 3375 905 3414 re
955 3373 1202 3414 vacuum.
1235 3356 1576 3427 Quamquam
1627 3354 1822 3426 potius,
1863 3361 1922 3408 ut

333 3465 462 3505 mox
510 3447 790 3518 sequentia
829 3447 1080 3512 suadent,
1113 3446 1194 3502 sic
1231 3445 1636 3516 intelligendum
1677 3451 1858 3512 putem
1904 3460 1916 3498 :

343 3560 364 3588 ιι
413 3537 692 3607 Proprium
724 3552 848 3608 erga
897 3535 1154 3590 malitiam
1204 3533 1444 3589 officium
1493 3533 1573 3603 (ut
1617 3532 1819 3587 scilicet
1855 3530 1923 3586 de

333 3628 480 3682 male
526 3627 904 3698 pmniteamus)
933 3625 1096 3678 etiam
1127 3623 1392 3693 impendit
1421 3621 1664 3687 bonitati,
1705 3637 1798 3676 seu
1830 3622 1923 3677 bo-

329 3719 421 3774 nis
451 3719 726 3789 operibus,
759 3732 820 3770 ac
851 3713 1131 3770 beneﬁciis
1159 3712 1318 3769 alteri
1348 3712 1624 3783 impensis.
1659 3731 1682 3764 ι

401 3807 747 3878 Negligatur.
791 3803 922 3859 Vide
952 3801 1093 3858 dicta
1121 3817 1241 3872 cap.
1275 3805 1331 3869 1,
1361 3801 1434 3858 ad
1462 3803 1564 3871 ﬁn.

829 3945 986 4000 Nota:
1019 3945 1092 3999 ad
1122 3946 1292 4014 caput
1331 3943 1421 3996 III.

403 4072 670 4144 Spiritus.
705 4068 931 4136 Anima,
965 4081 1060 4122 seu
1087 4063 1204 4132 ejus
1233 4063 1574 4120 intellectus.

409 4159 446 4214 I
465 4158 634 4216 2L1
667 4160 979 4230 Respectus.
1012 4153 1168 4210 Velut
1196 4151 1358 4206 radiis
1386 4167 1416 4206 a
1445 4151 1584 4218 Deo,
1607 4151 1782 4206 omnis
1815 4151 1921 4204 Lu-

329 4253 410 4308 cis
439 4251 610 4320 fonte,
643 4249 698 4303 in
727 4264 849 4303 eum
878 4244 1110 4302 emissis.

403 4342 715 4411 Praecepta,
755 4336 958 4392 scilicet
995 4331 1386 4406 cognoscenda.

403 4427 826 4500 Deputandum.
859 4424 1003 4478 Inter
1033 4428 1250 4493 peccata
1277 4417 1633 4474 referendum.

409 4519 573 4573 Homo
619 4518 714 4572 sit.
762 4514 1036 4582 Tanquam
1068 4525 1134 4565 ex
1180 4524 1408 4581 corpore
1446 4517 1500 4562 et
1545 4505 1740 4561 anima
1785 4519 1920 4560 con-

334 4613 501 4662 stans.

407 4699 526 4751 Duo
573 4709 757 4749 unum
786 4690 1067 4762 efﬁciunt.
1101 4685 1189 4742 Sic
1233 4685 1376 4740 enim
1409 4699 1606 4740 anima
1635 4682 1926 4751 conjuncta

338 4801 556 4856 corpori
583 4797 749 4836 unum
777 4777 940 4834 efficit
970 4777 1272 4834 hominem.

413 4873 796 4930 Materiarum.
831 4867 936 4922 Seu
985 4867 1244 4938 partium
1297 4860 1761 4936 componentium,
1807 4875 1930 4932 quae

342 4965 517 5021 totius
547 4959 694 5016 velut
720 4959 967 5014 materia
1003 4963 1148 5010 sunt.

413 5055 508 5108 Det
554 5067 662 5107 res.
705 5049 774 5104 Ut
820 5061 999 5117 supra,
1032 5060 1152 5114 cap.
1187 5047 1238 5110 l,
1267 5042 1401 5098 dixit
1430 5059 1444 5098 :
1479 5044 1580 5098 Res
1612 5043 1706 5098 Dei
1753 5039 1926 5098 ratio.

421 5143 714 5210 Expressa.
747 5137 1028 5192 Formavit
1067 5134 1218 5188 enim
1247 5133 1386 5187 Deus
1437 5131 1718 5189 hominem
1746 5128 1826 5199 (id
1853 5136 1936 5183 est

342 5245 543 5300 corpus
581 5227 722 5296 ejus)
765 5227 830 5281 de
873 5225 1006 5278 limo
1031 5227 1217 5278 terrae.
1247 5219 1386 5276 Gen.
1429 5233 1486 5284 ll,
1515 5235 1661 5274 vers.
1695 5221 1749 5273 7.

415 5317 496 5374 Ad
529 5318 732 5386 flatum
754 5316 893 5385 ejus.
933 5315 998 5368 Et
1027 5311 1332 5382 inspiravit
1359 5309 1422 5364 in
1451 5311 1660 5380 faciem
1678 5309 1801 5378 ejus
1819 5310 1934 5380 spi-

347 5407 610 5464 raculum
644 5407 795 5472 vitae,
819 5408 874 5460 et
894 5405 1083 5474 factus
1112 5404 1194 5458 cst
1217 5415 1372 5454 nouo
1393 5401 1456 5454 in
1474 5399 1731 5455 animam
1749 5397 1934 5453 viven-

348 5501 485 5551 tem.
519 5493 654 5550 lbid.
1659 5525 1668 5532 .

424 5583 695 5654 Offendit.
745 5581 864 5637 Non
914 5575 1038 5632 ideo
1086 5573 1440 5633 Tertullianus
1477 5571 1646 5630 voluit
1699 5579 1930 5646 peccata

2015 529 2080 568 ex
2135 515 2256 584 hoc,
2299 516 2443 582 quod
2490 517 2594 572 alia
2637 520 2896 575 carnalia
2935 517 3060 586 sint,
3099 519 3202 576 alia
3251 519 3605 592 spiritualia,

2015 619 2110 660 seu
2167 605 2272 660 alia
2317 621 2544 679 corpore
2592 617 2991 680 perpetrentur,
3047 613 3112 666 in
3157 611 3356 665 anima
3385 616 3439 664 et
3487 609 3610 676 ejus

2015 694 2286 750 voluntate
2323 696 2438 750 sola
2466 695 2786 764 subsistant,
2821 713 2932 754 non
2958 697 3085 756 inde
3115 701 3369 769 majorem
3401 699 3606 770 peccati

2018 783 2182 838 unius
2207 801 2318 855 prae
2349 784 2516 840 altero
2541 788 2880 858 gravitatem
2911 788 3292 844 dimetiendam
3320 803 3461 844 esse.

2089 875 2156 928 In
2167 874 2476 944 judicium.
2496 876 2646 948 Ignis
2676 875 2918 932 videlicet
2945 877 3169 943 aeterni;
3202 893 3438 948 namque
3455 877 3610 949 judi-

2016 964 2170 1018 cium
2225 964 2316 1018 bic
2365 964 2592 1034 Opponit
2655 967 2808 1030 vitce,
2855 973 3068 1021 aeternae
3132 966 3407 1025 nimirum.
3465 965 3602 1020 Vide

2018 1067 2140 1122 quae
2167 1051 2400 1106 diximus
2429 1052 2482 1107 in
2513 1052 2551 1107 l.
2583 1052 2648 1108 de
2697 1055 2861 1126 Bapt.
2911 1070 3030 1126 cap.
3065 1057 3152 1110 10.
3203 1062 3318 1112 not.
3358 1053 3606 1126 Injudi-

2017 1156 2190 1196 etum.

2089 1233 2186 1288 Eo.
2217 1232 2321 1287 Pro
2350 1237 2664 1306 eapropter.

2091 1319 2430 1390 Impendere.
2475 1321 2660 1394 Itaque
2697 1322 2763 1376 ad
2801 1321 3176 1394 paenitentiam
3221 1338 3440 1395 quoque
3485 1337 3606 1380 cor-

2021 1424 2124 1479 pus
2153 1416 2437 1464 concurrat
2465 1425 2689 1467 necesse
2735 1419 2837 1476 est,
2879 1427 2974 1483 per
3025 1413 3312 1469 sensibiles
3353 1411 3607 1466 nimirum

2021 1509 2082 1550 ac
2116 1501 2375 1553 externos
2406 1505 2554 1553 actus
2583 1506 2636 1554 et
2683 1499 2998 1558 afflictiones
3039 1501 3350 1573 corporales
3382 1518 3396 1554 :
3429 1499 3612 1556 anima

2020 1599 2150 1639 vero
2181 1602 2280 1656 per
2305 1587 2600 1644 internum
2636 1589 2900 1654 dolorem,
2931 1597 3037 1646 etc.

2095 1673 2394 1730 Amborum
2432 1681 2534 1732 est.
2585 1677 2657 1734 Ut
2702 1678 2844 1734 enim
2891 1677 3140 1738 actiones
3183 1680 3434 1736 dicuntur
3489 1696 3612 1736 esse

1949 1736 1996 1816 8
2024 1764 2464 1834 suppositarum,
2496 1763 2574 1820 sic
2611 1780 2710 1820 nec
2753 1781 2952 1836 corpus
2983 1775 3170 1837 peccat
3208 1769 3404 1838 solum,
3436 1783 3612 1840 neque

2025 1849 2204 1904 anima
2231 1851 2365 1920 sola,
2398 1853 2492 1907 sed
2523 1855 2711 1922 Homo,
2743 1854 2834 1926 qui
2879 1857 3210 1926 compositus
3237 1865 3319 1912 est
3365 1873 3438 1912 ex
3481 1872 3610 1912 cor-

2025 1955 2159 2012 pore
2188 1947 2241 1994 et
2268 1942 2464 2010 anima,
2495 1941 2548 1996 in
2579 1959 2744 2010 unum
2771 1945 3146 2016 suppositum,
3171 1961 3266 2001 seu
3290 1963 3613 2017 personam,

2028 2044 2364 2101 exsurgens;
2396 2030 2522 2086 huic
2569 2031 2714 2085 enim
2769 2033 3030 2098 actiones,
3063 2040 3175 2087 tam
3227 2033 3404 2104 bonae,
3453 2049 3613 2104 quam

2028 2117 2206 2188 malas,
2236 2117 2588 2189 imputantur.

2101 2207 2322 2278 Agitur.
2355 2205 2568 2262 Scilicet
2593 2221 2756 2278 opere
2799 2207 3037 2279 quodam
3066 2213 3302 2267 externo
3331 2224 3396 2266 ac
3435 2211 3618 2267 sensi-

2028 2293 2143 2350 bili.

2103 2383 2413 2454 (Iogitatur.
2445 2383 2694 2456 Mereque
2723 2384 2879 2440 intra
2907 2389 3158 2440 mentem
3187 2385 3469 2442 retinetur.

2104 2472 2366 2540 Contingi
2421 2471 2606 2529 habet.
2649 2474 2917 2544 Contingi
2958 2473 3047 2527 hic
3090 2489 3199 2528 non
3248 2474 3480 2528 sumitur
3517 2489 3618 2545 pro

2027 2558 2144 2612 solo
2200 2573 2361 2614 sensu
2412 2563 2616 2626 tactus,
2677 2560 2774 2615 sed
2832 2561 3062 2617 aliorum
3103 2577 3322 2634 quoque
3361 2577 3618 2618 sensuum

2025 2647 2392 2718 perceptione.
2424 2647 2686 2702 Caeterum
2724 2650 2980 2719 contingi
3011 2649 3190 2714 habet,
3221 2666 3322 2719 pro
3367 2653 3620 2722 contingi

2029 2744 2224 2806 potest,
2257 2733 2622 2790 Hellenismus
2653 2743 2770 2804 est;
2803 2735 2982 2790 solent
3023 2735 3170 2790 enim
3217 2736 3398 2791 Graeci
3443 2737 3622 2793 dicere

2029 2839 2112 2880 ex.
2153 2823 2249 2878 Gr.
2285 2817 2455 2879 Οὐδεὶς
2483 2821 2629 2876 εἰπεῖν
2651 2823 2784 2894 μέχει,
2819 2823 3022 2880 Nullus
3053 2824 3233 2881 dicere
3267 2827 3475 2896 potest.

2103 2914 2284 2984 Neque
2342 2915 2594 2969 tenetur.
2656 2912 2818 2968 Nullo
2890 2911 3142 2968 videlicet
3215 2927 3379 2968 sensu
3451 2913 3620 2968 attin-

2030 3003 2196 3075 gitur.

1959 3052 2007 3136 θ
2031 3052 2063 3075 ὓ
2113 3092 2428 3150 Voluntatis
2465 3093 2690 3149 delicta.
2733 3092 2878 3152 Here
2907 3093 3142 3149 interna
3170 3091 3396 3148 scilicet.

2107 3181 2472 3238 Mediocritas.
2506 3179 2640 3248 Quae
2679 3180 2830 3236 velut
2859 3179 2911 3234 in
2943 3178 3190 3234 conﬁniis
3239 3181 3436 3250 posita,
3480 3181 3623 3236 ulto-

2037 3269 2145 3324 rius
2174 3277 2482 3340 penetrare,
2511 3268 2795 3340 ipsumque
2826 3268 2904 3324 rei
2935 3269 3331 3328 meditullium
3357 3267 3625 3341 attingere

2032 3357 2237 3427 nequit.
2269 3359 2394 3412 Haec
2423 3357 2591 3428 igitur
2615 3357 2866 3413 humana
2893 3357 3255 3414 mediocritas
3277 3363 3377 3423 est,
3399 3363 3458 3410 ut
3478 3357 3626 3412 solos

2031 3455 2180 3501 actus
2211 3451 2475 3501 externos
2522 3445 2600 3516 (et
2629 3461 2696 3500 ne
2741 3446 2841 3500 hos
2870 3445 3087 3516 quidem
3117 3459 3350 3512 semper,
3384 3444 3624 3516 satisque

2032 3535 2170 3605 tuto)
2215 3536 2545 3606 perspiciat,
2580 3533 2822 3588 internos
2846 3547 2976 3588 vero
3004 3547 3176 3604 neque
3205 3533 3488 3603 inspicere
3534 3548 3624 3587 va-

2031 3623 2156 3679 leat.

2105 3716 2218 3769 Par
2245 3725 2362 3766 non
2401 3716 2504 3768 est.
2545 3710 2756 3766 Etenim
2797 3707 2912 3780 ipse
2940 3723 3157 3782 quoque
3189 3729 3214 3761 ι
3263 3709 3469 3764 Praetor
3516 3723 3626 3764 non

2028 3801 2236 3871 judicat
2265 3799 2332 3854 de
2361 3797 2608 3856 internis.
2645 3819 2670 3852 ω

2105 3890 2214 3947 Sub
2245 3892 2374 3948 Deo.
2403 3888 2564 3944 Nullo
2589 3887 2836 3944 videlicet
2861 3887 2956 3942 Dei
2985 3893 3232 3958 respectu
3261 3886 3465 3942 habito.

2110 3979 2280 4046 Unde,
2319 3977 2358 4032 i.
2407 3993 2459 4033 e.
2509 3994 2614 4050 per
2659 3975 2821 4050 quod,
2883 3986 2935 4032 et
2980 3977 3470 4048 quomodocunque
3523 3973 3626 4030 de-

2035 4082 2200 4121 mum.

2103 4155 2380 4210 Decernat
2412 4155 2476 4208 in
2495 4155 2808 4224 judicium.
2829 4153 3081 4208 Decernit
3109 4152 3251 4207 enim
3283 4152 3432 4220 prius
3449 4153 3514 4207 in
3525 4153 3630 4223 ju-

2037 4241 2248 4298 dicium
2285 4241 2384 4304 ire,
2414 4247 2698 4310 antequam
2729 4243 2792 4296 in
2820 4241 2938 4310 ipso
2977 4239 3193 4310 judicio
3241 4237 3515 4300 decernat,
3548 4237 3629 4293 fe-

2035 4338 2225 4400 ratque
2266 4327 2602 4383 sententiam.
2645 4329 2749 4382 Aut
2797 4327 3027 4382 fortasse
3067 4327 3354 4398 judicium
3403 4324 3490 4380 hic
3530 4341 3628 4394 pro

2037 4418 2154 4490 ipsa
2183 4418 2568 4485 damnatione,
2603 4422 2658 4470 ct
2702 4430 2862 4486 poena
2891 4413 3034 4488 ignis
3079 4413 3290 4484 aeterni,
3321 4411 3538 4483 accipit,
3569 4421 3630 4468 ut

2035 4523 2198 4578 supra
2253 4505 2560 4575 exemplum
2615 4503 2882 4568 occurrit;
2943 4511 3037 4559 aut
3095 4501 3329 4574 denique
3383 4517 3507 4558 cum
3564 4519 3629 4558 eo

2035 4596 2304 4668 congruit,
2338 4593 2484 4666 quod
2512 4609 2626 4666 cap.
2660 4609 2778 4666 seq.
2827 4591 2980 4648 initio
3027 4591 3255 4648 habetur
3285 4608 3300 4648 :
3340 4611 3362 4640 α
3405 4591 3630 4647 Pmnam

2030 4699 2135 4758 per
2162 4685 2454 4757 judicium
2479 4682 2782 4740 destinavit.
2817 4700 2844 4737 ι

2113 4775 2272 4845 Origo
2301 4777 2407 4830 est.
2439 4772 2588 4827 Alias
2618 4771 2762 4828 enim
2808 4775 3070 4829 nostrum
3099 4783 3218 4824 esse
3255 4771 3490 4842 censeri,
3525 4786 3628 4828 no-

2038 4859 2223 4932 bisque
2253 4860 2508 4930 imputari
2537 4861 2748 4930 nequit.

2113 4949 2251 5006 Cum
2281 4965 2425 5020 ergo.
2460 4947 2698 5004 Subandi
2727 4947 3006 5004 voluntas.

2111 5037 2426 5094 Liberatur.
2469 5037 2645 5092 Potest
2673 5038 2776 5092 hoc
2823 5033 3050 5104 intelligi
3091 5033 3157 5089 de
3187 5033 3482 5099 voluntate,
3513 5048 3634 5105 quae

2039 5143 2074 5183 a
2096 5127 2268 5199 culpa
2291 5125 2584 5194 liberatur,
2605 5141 2697 5180 seu
2729 5123 3078 5182 absolvitur:
3099 5124 3186 5181 vel
3210 5122 3278 5179 de
3299 5123 3416 5196 ipsa
3435 5124 3631 5196 culpa,

2041 5233 2144 5289 qua
2196 5215 2495 5280 liberatur,
2549 5215 2602 5272 id
2640 5221 2742 5284 est,
2777 5216 3026 5272 tollitur.
3073 5213 3162 5270 Sic
3203 5213 3363 5270 etiam
3396 5213 3635 5270 liberare

2040 5307 2320 5378 promissa
2349 5305 2600 5369 dicimur,
2623 5305 2835 5376 quando
2868 5319 3054 5360 eorum
3085 5301 3478 5374 obligationem
3501 5298 3636 5355 tolli-

2047 5411 2184 5465 mus,
2226 5409 2290 5449 ac
2315 5409 2651 5461 evacuamus,
2684 5393 2873 5450 eadem
2901 5391 3194 5463 implendo.

2117 5483 2435 5556 Intercipit.
2482 5481 2602 5551 Quo
2658 5480 2834 5536 minus
2891 5479 3100 5536 scilicet
3155 5477 3212 5531 in
3266 5491 3408 5548 opus
3459 5475 3638 5546 ipsum

2045 5573 2215 5640 exire,
2263 5581 2318 5630 ct
2361 5570 2726 5631 consummari
2776 5575 2975 5642 queat;
3030 5568 3322 5640 perpetrat
3365 5563 3532 5634 enim,
3579 5571 3642 5622 ut
