4028 6180
414 253 554 315 1303

1499 254 1588 314 ΑΙ)
1631 252 1922 316 GENUINA
1975 248 2416 316 TERTULLIANI
2454 252 2669 316 OPERA

3572 253 3590 311 1
3604 252 3719 314 304

407 383 601 438 Festus
655 381 750 451 ait,
806 378 900 450 qui
942 393 1085 450 opus
1141 379 1315 452 ipsum
1368 379 1601 454 peragit,
1660 394 1721 435 ac
1757 376 1993 447 perﬁcit.
2039 393 2090 487 Α
2116 378 2426 435 restituetur
2454 395 2612 437 omne
2643 380 2935 435 humanum
2964 393 3144 451 genus
3170 378 3238 433 ad
3258 381 3709 456 expungendum,

410 470 755 527 Potissimum
816 476 997 525 autem
1046 469 1112 524 de
1164 470 1334 525 molis
1389 467 1616 538 dicitur;
1676 482 2002 539 quamquam

408 560 568 617 etiam
600 560 666 615 de
693 559 846 616 bonis
886 573 1267 631 nonnunquam
1305 557 1507 615 dictum
1536 557 1890 613 inveniamus.

483 652 660 707 Suum
687 650 895 719 fuerat.
917 647 1187 716 Quantum
1217 655 1328 702 erat
1358 648 1412 701 in
1444 647 1562 717 ipsa
1590 646 1864 703 voluntate
1895 642 2006 699 efﬁ-

409 739 606 795 caciter
647 737 845 809 aliquid
890 738 1127 802 volente,
1171 737 1285 805 jam
1336 734 1561 807 perﬁcit.
1623 736 1800 805 Atque
1850 732 1997 799 hinc,

412 837 472 884 ut
516 827 756 900 theologi
792 825 959 882 nostri
996 822 1352 882 communiter
1390 822 1598 892 dicunt,
1627 830 1779 879 actus
1825 833 2001 879 exter-

411 934 515 974 nus
544 918 756 974 interno
783 930 981 971 novam
1010 914 1212 983 peccati
1240 914 1483 986 speciem
1512 928 1621 969 non
1644 911 2002 983 superinduit,

412 1005 506 1059 sed
536 1003 747 1060 1215
776 1004 925 1075 prior
951 1001 1041 1057 ille
1067 1001 1233 1071 hujus
1274 1017 1482 1057 merum
1521 1002 2002 1074 complementum

411 1102 513 1149 est.

483 1184 862 1255 Adjectionem
893 1183 1044 1254 legis.
1076 1182 1319 1253 Namque
1352 1185 1621 1252 praecepto
1659 1180 1691 1233 6
1720 1178 2001 1250 Decalogi,

413 1287 522 1345 quo
552 1273 905 1343 prohibentur
933 1271 1242 1341 adulteria,
1274 1279 1402 1337 etc.,
1432 1268 1591 1324 etiam
1620 1283 1822 1323 novum
1850 1267 2002 1337 adje-

414 1362 507 1431 cit,
541 1377 648 1434 quo
677 1362 841 1417 etiam
889 1363 1121 1418 interno
1150 1361 1426 1427 voluntas,
1481 1357 1610 1415 licet
1653 1372 1819 1429 opere
1848 1371 2004 1414 com-

414 1452 559 1522 pleta
586 1467 694 1507 non
733 1450 909 1519 fuerit,
941 1452 1118 1523 culpae
1146 1449 1449 1521 subjicitur.

493 1560 781 1617 Cominus.
805 1557 915 1615 Seu
938 1561 1077 1615 actu
1099 1559 1239 1630 ipso.

492 1667 964 1725 Contominosset.
1013 1663 1205 1721 Omnis
1233 1666 1334 1736 qui
1371 1662 1575 1722 viderit
1604 1661 1904 1719 mulierem
1932 1658 2005 1715 ad

416 1756 929 1829 concupiscendum
967 1769 1111 1821 eam,
1153 1756 1282 1825 jam
1317 1754 1627 1809 moechatus
1663 1756 1748 1808 est
1787 1767 1913 1809 eam
1943 1752 2007 1806 in
2044 1724 2097 1810 Β

416 1847 577 1905 corde
605 1861 725 1917 suo,
758 1843 831 1898 ait
857 1842 1118 1913 Christus,
1159 1843 1416 1899 Matthxi
1442 1857 1501 1909 v,
1535 1844 1623 1897 28.

488 1953 923 2016 Administrare,
955 1950 995 2005 i.
1018 1967 1070 2007 e.
1099 1964 1285 2021 agere,
1315 1949 1402 2007 vel
1423 1947 1912 2021 quomodocunque
1942 1945 2009 2000 ad

417 2043 695 2116 agendum
715 2056 1058 2098 concurrere.

492 2152 805 2224 Expungit.
847 2152 974 2206 Haec
1008 2164 1119 2207 vox
1173 2147 1413 2204 nonnihil
1461 2146 1772 2219 diligentius
1799 2160 2009 2216 expen-

421 2241 600 2296 denda
646 2248 749 2305 est,
790 2257 895 2313 qua
936 2240 1133 2296 Noster
1178 2239 1367 2294 crebro
1408 2238 1595 2301 utitur,
1636 2242 1685 2289 et
1730 2250 1871 2305 quae,
1903 2233 2010 2288 nisi

421 2331 522 2385 rite
561 2329 831 2385 intellecta
878 2327 1062 2395 fuerit,
1110 2325 1338 2380 subinde
1385 2339 1610 2395 magnas
1658 2322 2014 2378 obscuritates

357 2416 362 2421 ’
420 2432 603 2471 creare
630 2422 829 2487 potest.
861 2414 1129 2483 Imprimis
1156 2420 1330 2466 autem
1361 2410 1675 2479 notandum,
1709 2410 2011 2467 creditores

422 2504 553 2560 olim
601 2502 820 2560 nomina
865 2516 1087 2557 suorum
1139 2500 1456 2558 debitorum
1503 2500 1555 2553 in
1604 2499 1801 2553 tabulis
1843 2498 2014 2554 cereis

425 2593 561 2661 stylo
593 2591 827 2664 quodam
869 2588 1259 2659 descripsisse;
1299 2604 1422 2645 cum
1449 2602 1579 2644 vero
1617 2588 1806 2641 eadem
1834 2585 2015 2641 debita

425 2682 668 2737 exsoluta
697 2679 946 2749 fuissent,
984 2678 1169 2749 sicque
1214 2679 1306 2748 jus
1353 2675 1635 2733 creditoris
1670 2676 2019 2747 dissolutum,

423 2771 647 2827 nomina
677 2770 765 2825 illa
792 2776 885 2824 aut
914 2769 1146 2841 punctis
1174 2767 1464 2838 conﬁgere,
1507 2775 1598 2821 aut
1636 2765 1847 2822 inverso
1877 2766 2016 2836 stylo

423 2861 629 2928 delere,
662 2867 821 2931 atque
869 2857 948 2913 sic
989 2873 1312 2930 expungere
1343 2856 1534 2913 solitos
1564 2856 1751 2911 fuisse.
1803 2856 1880 2911 Ex
1907 2870 2015 2927 quo

425 2948 631 3006 factum
660 2957 762 3016 est,
814 2954 873 3001 ut
899 2961 1006 3002 vox
1033 2947 1148 3001 haec
1195 2961 1295 3017 per
1333 2946 1701 3014 metaphoram
1747 2944 1872 2999 inde
1914 2943 2017 3000 du-

428 3045 593 3103 ctam,
626 3052 725 3106 pro
754 3035 1013 3106 implere,
1045 3050 1109 3090 ac
1140 3035 1409 3107 perﬁcere
1440 3041 1813 3104 usurparetur.

500 3144 705 3199 Verum
735 3140 977 3211 exempla
1010 3140 1121 3211 jam
1158 3156 1225 3196 ex
1272 3141 1508 3211 ipsomet
1553 3139 1883 3196 Tertulliano
1915 3155 2019 3196 no-

432 3239 543 3289 stro
585 3230 953 3304 proferamus,
1006 3239 1060 3285 et
1105 3229 1372 3301 imprimis
1418 3228 1573 3299 illud,
1622 3229 1767 3300 quod
1814 3230 1867 3284 in
1922 3229 2018 3285 lib.

431 3322 560 3379 adv.
590 3320 722 3378 Jud.
764 3336 816 3377 c.
851 3323 938 3387 1i,
970 3320 1150 3386 habet,
1190 3318 1505 3391 caeterisque
1539 3318 1863 3374 luculentius
1891 3324 1972 3372 est
2006 3336 2019 3372 :

438 3432 462 3462 α
511 3411 702 3482 Neque
748 3408 805 3464 in
865 3408 1092 3464 dubium
1141 3407 1435 3477 deducant,
1494 3407 1575 3464 vel
1624 3414 1847 3479 negent,
1895 3422 2018 3477 quae

432 3501 632 3571 scripta
659 3497 1004 3571 proferimus,
1044 3529 1116 3539 ——
1144 3504 1219 3564 ut,
1253 3513 1372 3568 quae
1402 3503 1523 3567 post
1549 3495 1816 3552 Christum
1847 3493 2022 3551 futura

433 3588 899 3659 praecanebantur,
960 3588 1273 3658 odimpleto
1346 3590 1761 3657 cngnoscantur.
1837 3584 2023 3655 Neque

431 3679 578 3733 enim
609 3675 833 3745 (pergit)
862 3676 1144 3746 dispositio
1192 3678 1484 3747 expuncto
1520 3671 1874 3737 inveniretur,
1921 3672 2027 3726 nisi

432 3767 526 3823 ille
563 3765 823 3831 venisset,
874 3772 998 3833 post
1045 3780 1204 3835 quem
1253 3763 1521 3818 habebant
1570 3764 1841 3831 expungi,
1900 3776 2022 3830 quae

434 3858 841 3920 nuntiabantur,
874 3868 994 3924 qua:
1040 3854 1321 3924 completo
1351 3866 1473 3905 esse
1517 3849 1679 3905 etiam
1728 3850 2027 3920 probaren-

429 3951 543 3999 tur.
588 3966 608 3992 ι
660 3944 748 3999 Sic
783 3949 837 3996 et
878 3941 1016 3997 ibid.
1059 3956 1110 3993 c.
1163 3942 1214 4006 4,
1264 3940 1465 3994 habet:
1513 3958 1539 3989 α
1594 3936 2028 3994 Circumcisionis

436 4030 689 4100 carnalis,
722 4038 776 4086 et
800 4030 939 4103 legis
966 4027 1162 4085 veteris
1190 4025 1406 4081 abolitio
1443 4030 1733 4099 expuncto
1780 4026 2026 4098 (impleta

437 4136 501 4176 ac
547 4118 939 4191 consummata)
987 4116 1099 4172 suis
1150 4116 1485 4188 temporibus
1535 4116 1949 4172 demonstratur.
1994 4136 2020 4167 »

435 4212 770 4282 Rursusque,
802 4225 919 4279 cap.
952 4210 984 4262 9
1017 4224 1031 4262 :
1067 4224 1091 4258 α
1126 4206 1257 4260 Tam
1287 4204 1605 4277 intelligitur
1632 4205 1914 4277 prOphetia
1942 4221 2028 4260 re-

438 4302 695 4370 nuntiata,
726 4314 888 4370 quam
927 4296 1163 4353 creditur
1197 4304 1484 4367 expuncta,
1525 4316 1547 4346 »
1597 4294 1636 4349 i.
1687 4311 1737 4351 e.
1782 4295 2020 4366 impleta.

438 4392 572 4447 Item
619 4404 737 4459 cap.
768 4392 835 4444 12
885 4404 898 4444 :
946 4407 970 4437 α
1004 4386 1125 4440 Non
1167 4393 1329 4440 erunt
1372 4384 1425 4437 in
1473 4383 1638 4439 alium
1684 4386 2024 4454 prophetata,

436 4493 597 4550 quam
626 4493 725 4550 per
753 4492 911 4549 quem
933 4479 1225 4547 expuncto
1253 4473 1673 4529 consideramus.
1710 4492 1733 4523 »
1759 4472 1864 4528 Sed
1895 4474 2024 4529 etin

439 4568 720 4638 Apoloyet.
770 4565 894 4621 adv.
941 4569 1096 4636 gent.
1146 4562 1433 4633 aliquoties
1480 4561 1731 4631 recurrit,
1760 4568 1820 4616 ut
1863 4577 1914 4616 c.
1944 4564 2024 4619 2:

443 4676 468 4707 ι
518 4654 711 4711 Debito
759 4668 933 4725 poenae
989 4667 1190 4709 nocens
1238 4650 1630 4723 expungendus
1672 4658 1756 4705 est
1798 4670 1821 4700 ι
1874 4650 1935 4717 (i.
1976 4666 2027 4706 e.

438 4743 681 4799 debitum
704 4742 835 4798 illud
863 4743 931 4797 ab
960 4757 1027 4797 eo
1061 4740 1395 4811 implendum
1424 4746 1521 4810 est,
1554 4755 1650 4795 seu
1679 4737 1945 4795 sententia
1974 4739 2029 4795 in

439 4848 561 4887 eum
581 4832 686 4887 lata
711 4830 1045 4888 exsecutioni
1076 4827 1399 4899 mandanda)
1419 4844 1534 4885 non
1569 4848 1596 4881 α
1630 4827 1970 4884 eximendus.
1998 4849 2020 4878 υ

440 4923 509 4975 Ει
535 4937 654 4992 cap.
687 4925 775 4988 15,
810 4921 1100 4977 libidinem
1129 4921 1401 4990 expungi,
1430 4917 1486 4973 id
1527 4925 1628 4983 est,
1661 4917 1900 4991 expleri,
1933 4932 2027 4973 seu

437 5011 657 5081 perﬁci,
688 5009 779 5063 ait.
813 5010 951 5065 Item
979 5023 1102 5078 cap.
1135 5010 1203 5062 20
1235 5025 1248 5064 :
1289 5026 1313 5059 ι
1350 5007 1526 5061 Unum
1553 5014 1634 5062 est
1662 5016 1875 5079 tempus
1901 5008 2032 5063 divi-

441 5096 669 5163 nationi;
716 5095 894 5151 futura
950 5094 1196 5165 praefanti
1254 5095 1396 5167 apud
1454 5096 1723 5163 homines,
1783 5096 1830 5151 si
1888 5096 2029 5152 forte

439 5185 807 5259 distinguitur,
838 5184 966 5239 dum
1004 5188 1371 5258 expungitur,
1406 5204 1430 5235 n
1466 5192 1568 5240 etc.
1601 5185 1666 5240 Et
1694 5201 1811 5255 cap.
1843 5189 1931 5255 21,
1962 5186 2032 5241 de

440 5274 651 5331 Christo
689 5275 780 5341 ait,
818 5296 841 5325 ci
873 5273 964 5345 qui
1000 5264 1119 5343 jam
1173 5284 1474 5345 expunctus
1520 5282 1601 5328 est
1639 5274 1923 5345 (implevit)
1976 5274 2029 5328 in

440 5363 737 5419 humilitate
781 5362 1107 5421 conditionis
1155 5364 1422 5418 humanae.
1467 5382 1489 5411 α
1544 5363 1655 5415 Nec
1692 5377 1799 5416 non
1827 5378 1875 5417 c.
1911 5364 1979 5415 35
2014 5378 2026 5417 :

441 5450 549 5506 Cur
577 5452 718 5506 enim
753 5462 872 5510 vota
903 5462 956 5507 et
986 5451 1185 5523 gaudia
1211 5450 1481 5503 Caesarum
1510 5449 1665 5518 casti,
1688 5457 1739 5504 et
1776 5450 1964 5514 sobrii,
1996 5470 2019 5501 ι)

445 5545 498 5591 et
524 5538 680 5606 probi
734 5538 1141 5611 expungimus?
1178 5559 1199 5591 ι
1241 5536 1489 5615 Denique
1518 5551 1635 5615 cap.
1668 5538 1734 5591 48
1767 5553 1782 5595 :
1820 5556 1841 5586 α
1877 5538 2027 5594 Tunc

2115 468 2258 538 quod
2290 468 2344 523 in
2373 468 2475 524 isto
2514 484 2628 526 aevo
2658 469 2785 526 boni
2813 468 2905 523 vel
2937 468 3061 523 mali
3094 469 3312 525 meruit.
3359 489 3382 519 »

2183 558 2290 613 Sed
2320 557 2387 613 de
2428 558 2651 630 reliquis
2678 557 2924 628 ejusdem
2954 557 3129 612 Libris
3159 557 3361 627 pariter
3409 557 3710 613 videamus.

2111 646 2201 702 Sic
2232 662 2364 719 ergo
2395 647 2448 700 in
2480 647 2513 701 l.
2538 646 2602 704 de
2639 648 2763 702 Pot.
2799 662 2847 701 c.
2882 647 2969 714 14,
3000 646 3165 701 habet
3195 665 3209 700 :
3248 668 3271 697 α
3324 647 3555 703 Omnem
3605 663 3714 718 pa-

2112 735 2307 791 tientiae
2353 735 2586 807 speciem
2630 736 2885 793 adversus
2934 751 3146 790 omnem
3200 734 3405 790 diaboli
3454 737 3560 791 vim
3605 752 3712 792 ex-

2109 824 2319 895 punxit.
2358 845 2382 877 »
2415 827 2482 881 Et
2515 826 2573 880 in
2604 826 2640 880 l.
2688 825 2757 883 de
2801 827 2922 883 Cor.
2972 826 3096 881 mil.
3149 842 3198 882 c.
3234 830 3257 880 1
3296 844 3308 879 :
3349 847 3374 876 (ι
3406 826 3714 898 Expunge-

2111 913 2306 969 bantur
2341 914 2394 969 in
2424 914 2613 975 castris
2660 914 2856 970 milites
2902 915 3119 969 laureati
3152 933 3165 984 ;
3208 934 3231 964 ι)
3266 930 3391 971 cum
3421 916 3564 970 enim
3603 932 3710 986 per

2109 1020 2364 1061 numeros
2415 1020 2513 1062 suo
2555 1006 2742 1062 ordine
2800 1005 3110 1072 transirent,
3158 1005 3474 1061 donativum
3531 1020 3705 1061 acce-

2108 1096 2271 1167 pturi,
2322 1112 2386 1153 eo
2424 1104 2660 1167 accepto,
2717 1096 3051 1168 singulorum
3103 1095 3322 1151 nomina
3357 1095 3442 1154 vel
3502 1104 3717 1167 puncto

2110 1185 2451 1253 notabantur,
2494 1184 2575 1241 vel
2645 1185 2860 1256 penitus
2936 1186 3406 1257 expungebantur,
3469 1184 3614 1241 velut
3650 1186 3717 1239 in

2110 1274 2306 1343 quibus
2335 1272 2427 1329 illa
2454 1274 2665 1347 largitio
2690 1274 2801 1343 jam
2830 1274 3090 1331 absoluto
3119 1289 3183 1331 ac
3211 1274 3491 1347 completa
3535 1281 3712 1329 esset.

2110 1362 2171 1418 In
2200 1364 2239 1417 l.
2271 1363 2338 1419 de
2365 1364 2598 1420 Exhort.
2632 1363 2705 1419 ad
2732 1365 2891 1420 Mart.
2924 1380 2971 1420 c.
3005 1368 3035 1419 6
3064 1383 3077 1418 :
3116 1384 3137 1414 ι
3172 1363 3317 1432 Quot
3344 1380 3374 1418 a
3412 1364 3723 1418 latronibus

2112 1450 2273 1522 ferro,
2308 1452 2374 1506 ab
2405 1451 2649 1508 hostibus
2677 1450 2834 1508 etiam
2885 1468 3065 1519 cruce,
3115 1452 3362 1508 exstincti
3407 1460 3549 1517 sunt,
3587 1451 3720 1507 torti

2113 1540 2285 1613 prius,
2315 1540 2446 1611 quin
2484 1551 2538 1597 et
2574 1540 2721 1598 omni
2766 1542 3093 1598 contumelia
3147 1541 3452 1613 expuncti?
3494 1560 3516 1590 ι
3570 1540 3608 1597 i.
3661 1557 3723 1595 e.

2116 1628 2261 1685 omni
2306 1630 2630 1686 contumelia
2657 1630 2713 1685 in
2760 1630 2871 1686 illis
2897 1632 3046 1688 velut
3088 1636 3505 1689 consummata.
3537 1630 3613 1685 Et
3663 1630 3727 1684 in

2190 1735 2229 1774 ιι
2260 1719 2384 1774 adv.
2412 1719 2583 1774 Marc.
2614 1735 2664 1775 c.
2702 1722 2769 1775 20
2796 1738 2808 1774 :
2836 1742 2861 1769 α
2897 1720 3065 1776 Suum
3097 1720 3357 1791 papulum
3386 1719 3441 1773 in
3472 1726 3725 1789 tempore

2118 1805 2475 1877 eXpeditionis
2505 1817 2755 1878 angusto,
2791 1807 2969 1878 aliquo
3008 1808 3201 1863 solatio
3234 1807 3411 1863 tacitae
3449 1821 3731 1876 compen-

2118 1895 2340 1952 sationis
2370 1897 2652 1966 expunxit,
2686 1915 2709 1946 ι
2753 1912 2846 1952 seu
2877 1896 3130 1968 implevit.
3162 1896 3249 1952 Sic
3277 1894 3331 1950 in
3368 1895 3407 1950 l.
3440 1896 3505 1953 de
3557 1895 3733 1951 Orat.

2117 1998 2233 2054 cap.
2270 1988 2321 2054 1,
2348 1984 2702 2056 Evangelium
2732 1991 3138 2058 expunctorem
3174 1987 3350 2042 totius
3380 1988 3533 2041 retro
3563 1988 3737 2041 vetu-

2117 2076 2285 2130 statis
2327 2073 2581 2144 appellat,
2630 2073 2683 2128 in
2729 2090 2836 2147 quo
2875 2075 3080 2131 scilicet
3138 2092 3241 2145 per
3288 2074 3562 2131 Christum
3616 2074 3735 2128 im-

2120 2165 2279 2233 pleta,
2324 2170 2379 2218 et
2407 2172 2780 2221 consummata
2805 2173 2932 2220 sunt
2969 2182 3032 2221 ea
3059 2165 3260 2232 omnia,
3295 2180 3414 2238 quae
3450 2164 3505 2218 in
3536 2164 3733 2221 Veteri

2120 2254 2265 2324 Lege
2306 2253 2743 2327 praesigniﬁcata.
2796 2256 3034 2311 Tandem
3072 2255 3234 2311 etiam
3280 2254 3337 2309 in
3385 2255 3421 2308 l.
3473 2254 3538 2311 de
3578 2254 3728 2312 Idol.

2120 2360 2169 2398 c.
2205 2346 2289 2409 16,
2323 2344 2397 2397 ait
2438 2361 2451 2396 :
2491 2365 2514 2395 (ι
2548 2344 2605 2399 Si
2634 2358 2735 2400 nec
2774 2342 3043 2413 invocatu,
3092 2359 3190 2399 nec
3228 2343 3283 2397 in
3333 2342 3598 2398 sacriﬁcio
3649 2342 3733 2398 sit

2120 2431 2305 2487 titulus
2351 2430 2516 2487 ofﬁcii
2562 2442 2613 2488 et
2660 2448 2837 2503 Operae
2882 2448 3017 2488 meae
3083 2432 3367 2503 expunctio
3419 2452 3440 2480 ι
3498 2430 3576 2499 (id
3610 2442 3727 2495 est,

2121 2518 2403 2588 exhibitio,
2434 2528 2487 2573 et
2517 2519 2680 2575 ofﬁcii
2712 2520 2997 2591 impletio),
3036 2542 3057 2569 α
3091 2520 3221 2591 quid
3246 2520 3398 2574 tum?
3423 2538 3446 2572 ι»
3480 2528 3584 2574 etc.
3611 2518 3727 2574 Ubi

2123 2608 2281 2663 vides
2311 2609 2494 2663 omnia
2534 2609 2649 2665 haec
2675 2609 2793 2666 loca
2834 2608 3002 2665 ferme
3030 2609 3095 2664 ad
3142 2608 3391 2664 eamdem
3436 2605 3727 2678 signiﬁca-

2124 2696 2319 2752 tionem
2351 2696 2548 2753 redire.
2581 2697 2753 2771 Igitur
2780 2697 2942 2752 etiam
2972 2697 3074 2753 bac
3107 2697 3285 2768 phrasi
3319 2713 3422 2770 per
3448 2697 3728 2752 volunta-

2125 2791 2234 2845 tem
2272 2790 2552 2861 expungit
2601 2791 2898 2860 effectum,
2940 2787 3109 2845 voluit
3155 2787 3359 2857 dicere,
3402 2785 3545 2856 quod
3597 2785 3732 2855 ipsa

2123 2878 2372 2933 voluntas
2412 2878 2611 2949 aliquid
2662 2876 2930 2934 efﬁciendi
2968 2892 3065 2948 pro
3102 2878 3219 2948 ipso
3267 2876 3405 2931 facto
3438 2876 3554 2945 jam
3601 2874 3722 2928 im-

2125 2965 2275 3036 pleto
2315 2966 2586 3034 habeatur,
2616 2973 2675 3022 ut
2723 2972 3005 3021 contextus
3034 2966 3148 3035 ipse
3196 2965 3545 3021 demonstrat.
3584 2961 3733 3017 Vide

2056 3043 2286 3128 cetiam
2316 3055 2381 3112 de
2412 3057 2733 3128 Prtescript.
2763 3072 2880 3126 cap.
2918 3057 3005 3111 10,

2204 3141 2444 3215 rem,
2473 3145 2773 3201 Saturons.
2804 3144 2905 3199 Pro
2935 3144 3177 3215 explens
3208 3158 3270 3198 ac
3295 3142 3616 3214 perﬁciens.

2202 3234 2308 3291 Pro
2337 3235 2488 3304 facto
2518 3234 2700 3302 cedat,
2732 3233 2769 3287 i.
2802 3247 2851 3287 e.
2884 3249 2986 3306 pro
3013 3233 3169 3303 facta
3201 3231 3505 3287 habeatur.

2630 3378 2781 3433 Nota:
2810 3377 2881 3432 ad
2920 3377 3098 3449 Caput
3129 3378 3218 3433 IV.

2204 3500 2529 3574 Spopondzt.
2560 3500 2781 3557 Nullum
2802 3516 2939 3574 ergo
2968 3516 3143 3573 genus
3170 3499 3392 3570 peccati,
3427 3505 3734 3570 quantum-

2130 3606 2358 3659 cumque
2387 3589 2589 3660 gravis,
2620 3606 2651 3643 a
2681 3606 2777 3660 spe
2816 3591 3005 3655 veniae,
3059 3596 3112 3644 et
3160 3589 3342 3644 fructu
3391 3587 3737 3658 pmnitentiae

2130 3677 2405 3746 excludit;
2446 3677 2593 3748 quod
2639 3677 2781 3731 claro
2824 3693 3010 3732 rursus
3056 3675 3257 3732 indicio
3304 3683 3405 3743 est,
3437 3674 3738 3730 Tertullia-

2130 3783 2278 3831 num,
2312 3766 2435 3820 dum
2475 3768 2590 3822 hinc
2614 3765 2897 3832 scriberet,
2929 3766 3170 3822 nondum
3208 3781 3238 3819 a
3284 3766 3542 3821 Montano
3592 3779 3733 3819 cor-

2130 3864 2343 3925 ruptum
2376 3854 2561 3911 fuisse.
2596 3853 2813 3909 Nullam
2843 3854 2982 3909 enim
3012 3854 3120 3926 hic,
3151 3865 3209 3908 ut
3245 3855 3301 3909 in
3331 3854 3472 3908 libro
3507 3851 3573 3909 de
3608 3856 3737 3909 Pu-

2129 3944 2346 4010 dicitia,
2415 3959 2535 4013 cap.
2591 3946 2622 3997 2
2696 3946 2848 4013 (tunc
2916 3945 3024 4012 jam
3097 3951 3313 4013 apertus
3378 3942 3738 4012 Montanista)

2132 4031 2531 4087 distinctionem
2586 4030 2712 4088 facit
2768 4030 2907 4086 inter
2964 4038 3185 4102 peccata
3257 4031 3621 4088 remissibilia
3685 4042 3749 4086 ct

2129 4122 2563 4179 irremissibilia.
2604 4142 2625 4172 α
2658 4120 2723 4175 Et
2772 4121 3065 4176 secundum
3108 4121 3245 4176 hanc
3282 4120 3515 4192 (pergit)
3553 4118 3744 4174 diffe-

2130 4210 2351 4266 rentiam
2418 4210 2733 4264 delictorum
2803 4209 3133 4280 paenitentiae
3223 4224 3437 4280 quoque
3490 4208 3749 4265 conditio

2139 4300 2552 4357 discriminatur.
2580 4299 2699 4354 Alia
2729 4299 2849 4367 erit,
2873 4315 2990 4369 quae
3010 4298 3220 4354 veniam
3242 4299 3501 4369 consequi
3533 4298 3743 4366 possit,

2140 4388 2193 4443 in
2240 4386 2433 4443 delicto
2475 4386 2674 4443 scilicet
2732 4385 3035 4441 remissibili
3081 4401 3094 4441 :
3142 4386 3243 4440 alia
3297 4402 3416 4456 quae
3470 4389 3747 4458 consequi

2132 4479 2276 4533 nullo
2307 4477 2468 4533 modo
2508 4476 2695 4548 possit,
2727 4474 2780 4529 in
2812 4474 3004 4529 delicto
3033 4474 3236 4530 scilicet
3265 4474 3643 4531 irremissibili.
3712 4496 3741 4529 ι

2132 4565 2199 4622 Et
2244 4565 2322 4621 sic
2369 4581 2533 4638 porro
2577 4566 2645 4620 ad
2706 4563 3093 4620 examinandas
3148 4565 3328 4619 varias
3383 4574 3743 4633 peccatorum

2132 4656 2339 4726 species
2385 4654 2679 4711 descendit.
2737 4653 3055 4725 Quanquam
3101 4653 3200 4708 hac
3254 4652 3320 4708 de
3375 4668 3433 4707 re
3505 4653 3748 4709 fortasse

2134 4744 2261 4800 alibi
2300 4744 2543 4814 pluribus
2570 4758 2817 4816 agemus.

2207 4832 2500 4897 Paenitere,
2527 4833 2562 4886 i.
2589 4848 2642 4888 e.
2671 4832 3077 4902 pwnitentiam
3105 4848 3246 4904 age;
3279 4846 3399 4885 nam
3432 4829 3746 4886 secundum

2139 4921 2273 4976 hanc
2322 4920 2539 4991 phrasin
2596 4919 2860 4991 Vulgatus
2908 4928 3091 4976 noster
3139 4920 3409 4989 interpres
3454 4921 3748 4992 pxniteor

2140 5010 2290 5068 verbi
2319 5009 2639 5080 deponentis
2668 5026 2829 5065 sensu
2875 5010 2961 5065 bis
3010 5010 3221 5078 utitur;
3259 5010 3509 5065 nimirum
3558 5012 3744 5068 Marc.

2139 5118 2176 5169 ι,
2212 5103 2299 5167 15,
2330 5099 2423 5154 ubi
2450 5099 2730 5156 Christus:
2768 5099 3391 5171 Pcenitemini(Grthus
3411 5099 3750 5169 habetps-ca-

2138 5187 2329 5259 νοεῖτε),
2388 5194 2441 5246 et
2496 5189 2704 5247 credite
2761 5191 3078 5264 Evangelia.
3138 5192 3266 5244 Item
3314 5190 3431 5246 Act.
3494 5204 3579 5258 ιιι,
3644 5193 3743 5260 19,

2138 5278 2232 5333 ubi
2262 5278 2318 5336 S.
2354 5278 2539 5331 Petrus
2584 5277 2650 5332 ad
2678 5279 2938 5349 populum
2982 5298 2995 5334 :
3048 5280 3409 5336 Pcenitemini
3462 5279 3749 5350 (μετανοή-

2136 5367 2271 5431 σατε)
2299 5369 2353 5419 ct
2398 5368 2818 5435 convertimini,
2853 5374 2916 5424 ut
2937 5369 3239 5424 deleantur
3266 5372 3499 5439 peccato
3520 5373 3737 5424 vestra.

2140 5453 2319 5507 Latini
2354 5455 2516 5509 verbo
2546 5458 2799 5527 pwnitet,
2843 5465 3092 5529 tanquam
3140 5458 3526 5531 impersonali,
3560 5457 3744 5515 rarius

2140 5543 2448 5615 personati,
2472 5544 2559 5603 vix
2590 5560 2825 5627 unquam
2855 5561 2952 5609 ceu
2973 5547 3278 5619 deponenti
3306 5555 3543 5605 utuntur.
