4050 6168
241 339 382 402 1305

1053 344 1384 408 APPENDIX
1426 346 1486 404 ν.
1525 373 1596 389 -
1638 345 1699 405 D.
1729 345 2113 410 CORBINIANI
2148 343 2395 410 THOMIE
2434 345 2677 408 ADNOT.

3397 346 3536 409 1306

320 471 463 526 Vivo.
492 469 743 525 Formula
770 471 868 527 Dei
896 473 1098 546 sapius
1125 473 1196 530 ita
1216 472 1448 543 jurantis
1496 490 1593 546 per
1625 481 1830 531 semet-
1862 481 1914 565 λ
1937 475 2004 529 ad
2047 489 2148 531 nos
2188 475 2420 546 penitus,
2469 481 2526 530 ut
2571 477 2819 531 mandata
2863 477 2984 546 ejus
3030 473 3354 547 impleamus
3383 472 3534 530 subi-

230 574 431 628 ipsum.

302 649 727 707 Prcestantiam.
782 652 886 705 llac
937 667 1068 708 voce
1114 652 1171 706 in
1219 653 1408 709 malam
1467 663 1671 722 partem
1727 669 1827 724 pro

231 737 572 795 excellentia
619 739 811 806 utitur,
855 755 963 812 quo
1010 757 1172 797 sensu
1221 742 1473 797 nimirum
1521 743 1579 797 S.
1630 743 1828 798 Paulus

229 825 252 879 Ι
279 825 420 881 Tim.
451 842 490 892 1,
522 829 574 893 5,
607 843 666 882 se
693 827 832 884 inter
862 839 1165 899 peccatores
1191 833 1446 904 primum
1482 832 1642 901 dixit,
1672 832 1824 903 quasi

229 928 421 969 omnes
467 915 602 973 alios
650 929 988 988 peccatorum
1028 935 1247 977 suorum
1278 922 1542 994 gravitate
1572 936 1829 992 superan-

227 1007 354 1058 tem.

294 1094 562 1164 Agnosco.
604 1094 730 1151 Haec
776 1097 1105 1164 Tertulliani,
1137 1099 1316 1154 adhuc
1345 1098 1615 1154 humiliter
1661 1100 1727 1154 de
1766 1115 1825 1155 se

227 1181 520 1249 sentientis,
572 1199 680 1241 non
735 1186 954 1256 superbi
1009 1187 1364 1253 Montanistae,
1411 1203 1476 1244 ac
1522 1188 1825 1245 insolenter

225 1278 412 1326 contra
436 1271 735 1329 Ecclesiam
765 1274 939 1346 ipsam
969 1275 1318 1352 insurgentis,
1345 1293 1450 1333 vox
1480 1276 1675 1335 fuerat.

293 1360 505 1431 Fidem,
545 1378 641 1418 seu
686 1364 1026 1433 ﬁdelitatem
1073 1367 1124 1419 in
1176 1366 1450 1422 salvando.
1482 1366 1662 1440 Atque
1699 1366 1824 1423 inde

223 1447 552 1516 paenitentia,
584 1452 828 1507 secunda
873 1457 997 1525 post
1040 1453 1413 1524 naufragium
1445 1455 1639 1510 tabula
1668 1454 1822 1510 dein-

220 1551 348 1606 ceps
393 1537 537 1595 dicta
583 1538 700 1597 fuit.
733 1541 888 1596 Hunc
938 1541 1042 1598 loc.
1075 1540 1132 1595 S.
1165 1544 1359 1598 Ambr.
1407 1542 1494 1598 vel
1542 1543 1682 1598 alius
1728 1560 1823 1598 au-

217 1625 342 1680 thor
390 1627 443 1681 in
485 1630 586 1703 Ep.
634 1630 708 1686 ad
763 1631 906 1703 Virg.
942 1632 1159 1703 lapsam
1189 1631 1411 1702 pulchre
1450 1631 1687 1688 imitatus
1713 1641 1818 1701 est,

219 1714 294 1769 ita
324 1715 570 1772 eamdem
600 1718 886 1790 alloquens
915 1737 928 1774 :
977 1741 1000 1771 s
1033 1719 1140 1776 Sed
1172 1729 1250 1786 tu,
1280 1735 1400 1792 quas
1424 1722 1540 1791 jam
1569 1720 1819 1797 ingressa

1937 565 2164 636 gendos,
2195 563 2468 621 efficacius
2496 581 2615 620 esse
2641 564 2855 637 potest?

2010 657 2302 711 Hortatur.
2335 657 2416 710 An
2447 668 2576 711 vero
2598 654 2816 710 hortari
2839 654 2969 725 (tam
3000 654 3259 723 p0pulare
3287 654 3534 724 verbum)

1937 744 2111 813 majus
2140 753 2240 810 est,
2273 760 2431 814 quam
2471 746 2828 800 summersae?
2876 745 2942 798 Et
2985 758 3114 800 vero
3163 742 3354 808 etiam;
3390 756 3530 813 quo-

1934 833 2076 888 niam
2105 833 2195 906 qui
2225 833 2484 905 praecipit,
2520 849 2616 905 pro
2647 832 2873 902 imperio
2903 848 3001 888 suo
3030 831 3175 897 facit,
3218 829 3312 903 qui
3343 829 3532 887 horta-

1936 926 2051 988 tur,
2084 925 2242 978 etiam
2291 937 2412 977 cum
2461 921 2720 992 praecipit,
2769 920 2932 975 simul
2983 919 3250 991 benignus
3295 928 3400 984 est,
3443 936 3532 974 ur-

1931 1028 2067 1084 gens
2101 1011 2338 1084 quidem,
2389 1009 2548 1066 simul
2597 1021 2776 1067 autem
2805 1009 3099 1065 inﬁrmitati
3147 1016 3345 1064 nostra;
3394 1007 3534 1062 illud

1931 1102 2111 1172 ipsum
2159 1101 2438 1172 imperium
2483 1100 2919 1166 accommodans,
2949 1112 3167 1168 unaque
3209 1097 3527 1161 ostendens,

1929 1205 1988 1246 se
2015 1190 2069 1244 in
2099 1205 2163 1245 eo
2194 1190 2334 1260 ipso,
2363 1189 2511 1261 quod
2543 1190 2830 1262 prtecepit,
2863 1201 2982 1253 nos,
3035 1193 3093 1240 ut
3141 1184 3532 1254 adimpleatur,

1929 1280 2200 1353 adjuvare
2228 1287 2474 1348 paratum
2504 1293 2647 1333 esse.

2001 1369 2270 1426 Salutem.
2320 1367 2465 1423 Istud
2511 1381 2640 1422 vero
2687 1364 2908 1420 omnino
2954 1377 3192 1419 DIVINUM
3250 1363 3526 1434 soliusque

1927 1458 2032 1513 DEI
2061 1459 2410 1514 CLEMENTIE
2436 1456 2713 1526 proprium
2741 1470 2861 1509 esse
2888 1459 3088 1524 potest.

2009 1549 2129 1604 Vivo
2158 1547 2368 1602 dicens.
2399 1543 2611 1600 Inﬁnita
2639 1551 2766 1599 sunt
2807 1543 2952 1613 apud
2993 1540 3292 1614 prophetas
3322 1539 3522 1612 praci-

1927 1651 2036 1707 pue
2065 1635 2331 1704 ejusmodi
2367 1634 2504 1691 loca.

1995 1725 2368 1796 Dejeratione.
2401 1724 2506 1779 Pro
2523 1720 2930 1794 jurejurando.

219 1817 280 1856 es
323 1819 549 1876 agonem
600 1806 947 1875 Ρωῐιίιθῐιῑῖδθν
981 1807 1194 1873 insiste.
1228 1808 1442 1875 misera.
1473 1808 1705 1876 fortiter,
1737 1810 1820 1866 in-
1851 1807 1902 1890 Β
1996 1814 2435 1878 Asseveratione,
2467 1812 2504 1866 i.
2537 1828 2586 1868 e.
2616 1812 3009 1883 promissione,
3037 1817 3132 1866 aut
3157 1808 3386 1864 fortasse
3415 1821 3526 1862 me-

221 1892 367 1947 haere
415 1899 670 1964 tanquam
714 1898 1027 1970 naufragus
1065 1897 1289 1954 tabulas.
1329 1918 1350 1947 »
1387 1897 1487 1955 Sec
1514 1914 1612 1955 nec
1639 1900 1819 1955 minus

215 1981 275 2034 S.
308 1980 454 2036 Hier.
487 1981 542 2037 in
573 1982 747 2053 Epist.
779 1989 810 2039 8
839 1985 912 2042 ad
940 1987 1349 2044 Demetriadem
1387 1986 1573 2044 itidem
1601 1988 1669 2045 de
1696 1991 1816 2045 Pae-

215 2069 461 2126 nitentia
478 2071 705 2142 loquens
735 2092 749 2129 :
787 2094 813 2126 α
845 2074 940 2130 Illa
967 2075 1116 2148 quasi
1145 2076 1390 2133 secunda
1413 2082 1540 2150 post
1569 2081 1818 2149 naufra-

213 2158 370 2228 gium
421 2157 632 2216 miseris
682 2162 882 2229 tabula,
921 2183 942 2213 υ
977 2173 1076 2219 etc.
1107 2163 1284 2236 Atque
1315 2164 1395 2220 sic
1423 2165 1681 2237 deinceps
1727 2165 1817 2222 alii

217 2245 314 2301 SS.
347 2246 529 2302 Patres
553 2249 694 2306 hanc
723 2252 944 2322 phrasin
974 2252 1314 2323 adoptarunt.

286 2335 622 2392 Perlevabit.
653 2337 836 2410 Aliqui
868 2339 1090 2396 Codices
1115 2343 1429 2413 perlavabit
1459 2343 1647 2415 legunt
1685 2361 1699 2395 :
1741 2342 1819 2397 ni-

214 2421 318 2476 mis
362 2423 570 2494 inepte;
619 2441 686 2479 an
733 2428 901 2493 enim,
950 2428 1044 2500 qui
1089 2428 1340 2484 fluctibus
1370 2431 1655 2486 immersus
1685 2431 1814 2487 sub-

216 2511 372 2578 sedit,
392 2527 556 2582 porro
575 2515 942 2585 perluendus,
967 2525 1056 2571 aut
1076 2531 1184 2570 non
1209 2516 1385 2587 potius
1411 2517 1809 2589 prolevandus,

216 2607 272 2652 et
299 2601 691 2657 extrahendus
720 2601 838 2656 est?

286 2691 611 2748 Protelabit.
644 2690 912 2747 Protelare
942 2700 1025 2748 est
1052 2691 1262 2762 aliquid
1291 2696 1529 2766 protelo,
1560 2709 1654 2749 seu
1682 2710 1812 2752 con-

218 2779 376 2836 tinuo
415 2785 630 2846 tractu,
663 2795 984 2852 promovere
1031 2789 1124 2838 aut
1167 2784 1495 2855 prepellere,
1530 2791 1587 2838 ut
1615 2799 1810 2854 nempe

214 2867 396 2938 boves,
426 2869 598 2925 eidem
638 2871 794 2944 jugo
823 2871 1045 2941 astricti,
1093 2873 1205 2942 pari
1251 2882 1303 2927 et
1348 2873 1542 2943 aequali
1568 2871 1805 2944 impulsu

213 2959 504 3028 procedere
550 2959 749 3017 solent.
791 2960 944 3016 Unde
991 2960 1152 3015 etiam
1201 2961 1377 3017 lorum
1425 2961 1556 3016 illud
1604 2961 1802 3016 oblon-

211 3063 360 3119 gum,
391 3049 536 3120 quod
562 3063 656 3104 eos
681 3051 815 3122 jugo
843 3049 1035 3122 illigat,
1061 3052 1352 3121 protelum
1398 3051 1648 3122 appellari
1677 3051 1808 3105 olim

1924 1901 2030 1958 lius
2060 1918 2158 1974 pro
2187 1902 2595 1960 consecutione.

2437 2044 2596 2100 Notae
2624 2042 2697 2098 ad
2731 2043 2909 2114 Caput
2949 2041 3003 2095 V.

1996 2171 2305 2244 Resignari.
2354 2170 2642 2240 Postquam
2692 2166 2949 2221 nimirum
2995 2162 3314 2237 paenitentia
3358 2160 3462 2216 illa.
3490 2177 3522 2214 a

1923 2257 2036 2314 Deo
2067 2275 2167 2331 per
2193 2259 2418 2329 gratiam
2448 2273 2604 2314 suam
2643 2254 2943 2324 ratihabita,
2993 2264 3048 2310 et
3095 2251 3380 2324 obsignata
3408 2249 3520 2304 fue-

1924 2358 2028 2412 rat,
2059 2362 2336 2417 nunquam
2383 2361 2480 2416 per
2526 2360 2666 2400 nova
2714 2351 2930 2414 peccata
2957 2342 3212 2413 sigillum
3240 2338 3397 2410 illud,
3428 2352 3522 2393 ex-

1923 2436 2175 2508 pellendo
2223 2451 2410 2489 rursus
2456 2435 2600 2488 illam
2630 2433 2880 2505 gratiam,
2913 2433 3092 2488 denuo
3119 2431 3260 2488 solvi
3301 2428 3518 2482 debere.

1992 2527 2368 2581 Prwtextum.
2391 2526 2748 2579 Prcetextum
2768 2530 2959 2575 neutro
2989 2533 3189 2590 genere
3219 2516 3379 2572 etiam
3396 2515 3525 2571 dicit

1920 2613 1976 2668 in
2023 2612 2061 2666 l.
2102 2613 2168 2670 de
2211 2613 2382 2669 Cultu
2410 2614 2545 2683 fem.
2578 2626 2697 2680 cap.
2741 2612 2791 2678 9,
2838 2608 2930 2663 ubi
2977 2607 3046 2662 ad
3089 2606 3305 2661 easdem
3339 2623 3352 2659 :
3389 2625 3412 2655 α
3444 2605 3524 2660 Ne

1922 2701 2051 2757 totis
2082 2701 2304 2756 habenis
2334 2700 2602 2756 licentiam
2650 2698 2922 2770 usurpetis
2967 2700 3250 2768 praetexto
3284 2693 3524 2749 necessi-

1921 2791 2066 2858 tatis,
2102 2811 2125 2840 ν
2159 2801 2264 2845 etc.
2313 2775 2384 2843 Εῐ
2432 2788 2486 2843 in
2511 2789 2548 2843 l.
2581 2788 2707 2842 adv.
2753 2789 2989 2850 Valent.,
3021 2799 3073 2839 c.
3103 2786 3158 2852 9,
3189 2781 3264 2838 ait
3293 2801 3307 2836 :
3347 2803 3370 2832 ι
3411 2781 3526 2836 Sub

1917 2883 2199 2953 prcetewto
2231 2876 2536 2933 dilectionis
2564 2876 2618 2930 in
2649 2884 2879 2946 patrem,
2916 2893 2939 2922 υ
2972 2882 3076 2927 etc.

1991 2968 2322 3039 Segregaris,
2355 2966 2391 3021 i.
2423 2981 2474 3023 e.
2505 2965 2575 3019 ab
2606 2979 2669 3020 ea
2700 2963 2931 3032 recedis,
2964 2960 3169 3017 scilicet
3213 2957 3283 3014 ad
3333 2957 3520 3031 cOgni-

1926 3056 2125 3113 tionem
2156 3055 2276 3110 Dei.

206 3135 514 3192 consuevit.
562 3137 632 3192 Et
677 3120 799 3191 hinc
826 3144 906 3192 est
930 3120 1078 3194 illud
1114 3138 1332 3194 Catonis
1376 3140 1442 3196 de
1473 3120 1548 3195 Re
1591 3144 1738 3195 rust.
1788 3158 1806 3194 :
1848 3120 1904 3210 α
1996 3145 2402 3218 Adglutinaris.
2452 3142 2529 3199 Eo
2574 3141 2925 3216 pertinacior
2953 3139 3147 3206 factus,
3188 3152 3298 3208 quo
3345 3135 3525 3191 minus

210 3245 232 3275 α
271 3224 486 3280 Protelo
519 3225 638 3280 trini
670 3226 834 3284 boves
863 3235 1100 3282 aratrum
1133 3243 1301 3284 unum
1344 3227 1561 3284 ducent.
1599 3253 1618 3274 »
1658 3229 1809 3282 llaud

203 3313 428 3368 dubium
458 3321 637 3370 autem
665 3323 764 3381 est,
791 3316 927 3371 hanc
945 3331 1127 3374 vocem
1165 3317 1368 3373 Graecae
1397 3317 1624 3388 originis
1670 3333 1808 3384 esse,

205 3409 260 3457 et
295 3401 530 3472 quidem,
583 3412 641 3458 ut
695 3407 949 3462 Donatus
995 3405 1128 3470 vult,
1176 3421 1208 3460 a
1251 3407 1340 3477 πρὸ
1380 3412 1434 3460 et
1480 3404 1624 3474 ἑλεῖν,
1667 3407 1812 3478 quod

206 3498 290 3544 est
320 3495 455 3548 ante
497 3499 548 3546 et
591 3493 837 3564 trahere,
863 3494 1167 3551 deductam.
1201 3494 1305 3549 Alii
1332 3510 1461 3550 vero
1490 3510 1521 3548 a
1558 3495 1677 3563 τῆλε
1714 3510 1812 3550 seu

206 3579 395 3647 τηλόθι,
452 3581 592 3650 quod
648 3591 730 3638 est
783 3582 964 3655 longe,
997 3583 1256 3653 derivant,
1309 3598 1374 3639 eo
1419 3582 1563 3655 quod
1604 3583 1809 3653 protelo

208 3669 427 3740 longior
471 3669 715 3741 quaedam
764 3670 954 3727 tractio
1012 3670 1122 3728 ﬁat.
1158 3671 1328 3728 Variae
1383 3670 1606 3742 insuper
1661 3670 1810 3728 vocis

204 3755 352 3811 illius
398 3766 524 3812 sunt
571 3758 966 3829 translationes,
1018 3761 1086 3816 de
1135 3761 1351 3831 quibus,
1397 3759 1444 3815 si
1491 3758 1681 3827 otium,
1734 3757 1810 3816 vi-

203 3845 367 3900 dendi
397 3856 520 3903 sunt
549 3849 910 3920 grammatici.

281 3937 616 4012 Inopinatce.
695 3940 898 3994 Tabula
976 3938 1119 3994 enim
1179 3953 1215 3994 a
1277 3938 1541 4011 naufrago
1608 3938 1806 3995 frustra

201 4023 497 4096 quaeritur,
565 4024 669 4080 nisi
728 4027 952 4098 jamjam
1015 4026 1427 4098 desperantibus
1493 4026 1678 4084 subito
1747 4041 1808 4082 se

202 4111 422 4170 offerat.

273 4204 626 4272 Animorum,
657 4204 695 4263 i.
729 4219 779 4259 e.
813 4205 1201 4262 voluntatum.
1245 4203 1330 4258 An
1359 4202 1504 4258 enim
1533 4201 1589 4256 id
1621 4202 1808 4257 famuli

203 4292 530 4365 obsequium
571 4294 692 4367 quis
737 4294 1042 4361 aestimabit,
1080 4293 1226 4365 quod
1261 4293 1328 4349 ab
1358 4291 1472 4348 heri
1503 4291 1582 4347 sui
1614 4292 1807 4348 volun-

204 4388 310 4436 tate
340 4382 648 4439 discordat?

1924 3239 2214 3308 ignorant.
3511 3293 3520 3297 _

2004 3327 2234 3382 Timere.
2263 3325 2445 3380 Timor
2475 3321 2616 3377 enim
2651 3321 2875 3378 Domini
2903 3318 3042 3375 sicut
3069 3326 3151 3374 est
3178 3317 3418 3372 initium
3438 3329 3526 3370 sa-

1921 3429 2160 3470 PIBNTIE
2210 3413 2386 3485 (Psal.
2441 3428 2539 3478 cx,
2593 3413 2702 3482 10),
2753 3409 2830 3464 sic
2885 3407 3236 3482 paenitentia:
3279 3417 3520 3475 quoque.

1920 3504 1998 3560 Ita
2028 3502 2171 3560 enim
2217 3503 2285 3557 de
2330 3503 2431 3557 hac
2473 3499 2666 3556 concil.
2697 3499 2846 3554 Trid.
2881 3513 3018 3552 sess.
3047 3498 3078 3550 6
3105 3495 3171 3551 de
3196 3494 3418 3562 Justif.,
3468 3505 3518 3545 c.

1921 3595 1975 3660 6,
2003 3592 2078 3646 ait
2106 3607 2122 3646 :
2159 3613 2182 3642 α
2214 3589 2587 3658 Disponuntur
2629 3589 2696 3643 ad
2737 3584 3133 3659 paenitentiam,
3161 3583 3287 3637 dum
3321 3595 3521 3652 pecca-

1920 3686 2067 3740 tores
2096 3695 2155 3735 se
2181 3695 2301 3735 esse
2330 3678 2712 3751 intelligentes,
2741 3693 2771 3731 a
2792 3675 3044 3748 justitice
3073 3673 3282 3730 divina:
3311 3669 3521 3736 timore,

1919 3785 2027 3840 quo
2080 3767 2284 3824 utiliter
2338 3767 2719 3824 concutiuntur
2745 3807 2758 3831 ,
2810 3765 2878 3818 ad
2931 3759 3372 3819 considerandam
3422 3755 3522 3813 Dei

1915 3857 2367 3916 misericordiam
2395 3863 2801 3924 convertuntur,
2838 3873 2861 3903 ι
2895 3858 3000 3907 etc.
3047 3851 3115 3905 Et
3159 3847 3214 3903 in
3256 3861 3398 3903 sess.
3433 3847 3522 3915 14,

1915 3963 1961 4004 c.
1996 3950 2050 4019 4,
2082 3963 2267 4002 rursus
2299 3963 2312 3999 :
2350 3966 2373 3996 α
2407 3943 2773 4008 Attritionem,
2805 3958 2869 3998 ex
2901 3954 3186 4012 pcenarum
3215 3944 3362 3992 metu
3391 3949 3522 3990 con-

1917 4042 2133 4106 ceptum
2180 4050 2301 4091 esse
2351 4036 2599 4105 Spiritus
2627 4051 2674 4089 s.
2707 4033 3042 4105 impulsum,
3094 4044 3202 4100 quo
3249 4023 3523 4100 paenitens

1919 4124 2156 4193 adjutus,
2180 4122 2326 4178 viam
2357 4121 2460 4175 sibi
2488 4121 2554 4175 ad
2580 4121 2840 4189 justitiam
2864 4125 3032 4190 parat.
3062 4138 3085 4168 »

1997 4211 2378 4267 Contumacia.
2409 4208 2809 4264 Contumaciam
2837 4206 2923 4262 hic
2948 4213 3126 4271 vocat,
3157 4218 3521 4276 perseveran-

1922 4301 2067 4356 tiam
2097 4301 2157 4353 in
2185 4298 2359 4364 malo,
2407 4312 2516 4368 qua
2563 4297 2761 4350 sensim
2809 4292 3106 4367 obrigescit
3151 4307 3264 4358 cor,
3310 4291 3519 4360 Deique

1919 4388 2164 4444 timorem
2217 4385 2434 4454 penitus
2488 4383 2750 4438 eliminat.
2784 4384 2920 4437 Nam
2974 4386 3057 4451 (ut
3104 4381 3278 4437 Eccli.
3312 4393 3518 4447 xxvu,

289 4433 303 4435 _
2217 4433 2432 4454 ,η---ν
2494 4433 2750 4438 --η-πη--
2978 4433 3053 4451 ,w-
3503 4433 3518 4447 ,

275 4472 386 4527 Per
406 4473 523 4537 hoc,
546 4472 585 4528 i.
618 4489 668 4529 e.
701 4478 1022 4546 propterea.
1046 4471 1153 4528 Alii
1180 4473 1392 4529 codices
1421 4487 1523 4544 pro
1553 4471 1676 4538 hoc,
1710 4487 1805 4528 seu
1838 4433 1899 4531 .
1922 4479 1974 4544 4,
2009 4475 2250 4547 dicitur),
2285 4476 2344 4531 Si
2372 4489 2487 4530 non
2537 4475 2602 4528 in
2645 4474 2848 4529 timore
2889 4471 3118 4528 Domini
3165 4471 3414 4527 tenueris
3464 4473 3519 4526 te

207 4574 304 4631 pro
335 4569 477 4615 tanta
503 4564 802 4634 argumenti
831 4562 1198 4634 amplitudine,
1231 4562 1446 4617 habent.

277 4649 594 4722 Angustiis.
643 4653 872 4725 Ingenii
919 4652 1190 4719 videlicet,
1239 4659 1330 4707 aut
1376 4653 1667 4726 temporis,
1718 4652 1804 4709 vel

205 4740 616 4808 quomodolibet
644 4740 922 4813 praeﬁnita:
952 4741 1354 4815 descriptionis.

277 4829 498 4886 Bonum
526 4835 624 4888 est.
658 4831 932 4904 Nobisque
958 4834 1120 4890 utile.

276 4919 637 4977 Auscultare.
677 4921 780 4976 Pro
826 4921 1044 4980 obedire
1089 4920 1178 4978 hic
1219 4919 1433 4992 accipit.
1462 4921 1567 4978 Sed
1610 4920 1805 4977 frustra

208 5003 365 5060 12]
387 5005 433 5062 7
466 5007 724 5064 lectorem
753 5009 838 5065 hic
869 5024 1089 5066 moneo.

281 5096 513 5153 Utilitas
533 5099 847 5156 servientis.
873 5099 1248 5171 Postponenda
1270 5113 1403 5172 ergo
1424 5098 1652 5154 utilitas
1673 5113 1808 5168 prae-

202 5193 388 5256 cepto.
422 5183 760 5258 Quamquam
809 5189 972 5243 etiam
1016 5189 1161 5244 istud
1209 5188 1386 5259 ipsum
1435 5186 1657 5242 inﬁnitae
1705 5186 1806 5241 uti-

203 5273 372 5329 litatis
402 5291 466 5331 ac
496 5277 762 5332 mercedis
801 5277 972 5333 multo
999 5276 1174 5349 magis
1202 5276 1415 5348 plenum
1449 5276 1534 5341 sit,
1569 5277 1810 5334 obedisse

203 5379 322 5420 nso
347 5366 712 5438 praecipienti
740 5368 902 5422 etiam
930 5366 1076 5421 nullo
1107 5364 1348 5421 utilitatis
1380 5365 1594 5422 intuitu.

280 5455 546 5510 Revolvis.
597 5454 704 5510 Seu
751 5463 922 5511 tecum
959 5453 1118 5509 nimis
1162 5454 1337 5509 anxie
1382 5453 1689 5523 deliberas;
1735 5453 1810 5510 ita

201 5543 348 5598 enim
369 5542 671 5612 scrupulosi
697 5543 889 5601 solent.

280 5633 568 5689 Prcecivit.
604 5633 822 5690 Duabus
866 5633 951 5688 his
991 5631 1195 5692 voculis
1243 5631 1374 5706 quid
1417 5633 1707 5706 potentius,
1748 5647 1811 5689 ac

1918 4569 2230 4631 instanter,
2253 4565 2366 4621 cito
2383 4563 2743 4620 subvertetur
2761 4561 2956 4617 domus
2979 4563 3112 4626 tua;
3133 4558 3336 4615 utinam
3358 4574 3513 4629 aeque

1916 4655 2142 4712 faciliter
2196 4654 2406 4725 citoque
2452 4667 2516 4708 ex
2561 4649 2883 4707 miserrimis
2939 4649 3023 4705 his
3078 4648 3248 4705 ruinis
3303 4656 3517 4705 restau-

1851 4769 1868 4783 -
1916 4745 2104 4801 randa.

1988 4834 2245 4906 Ignorari
2272 4848 2388 4890 non
2421 4831 2574 4888 licet.
2606 4827 2748 4885 Nihil
2778 4844 2909 4884 sane
2939 4827 3244 4901 elegantius
3291 4828 3434 4881 hanc
3462 4826 3517 4880 in

1914 4939 2048 4991 rem,
2081 4937 2241 4993 quam
2268 4917 2580 4976 Tertulliani
2621 4918 2790 4973 nostri
2821 4919 2887 4976 de
2925 4918 3262 4975 Testimonio
3308 4918 3520 4974 anima:

1915 5011 2179 5075 libellum,
2231 5025 2489 5065 sensuum
2535 5008 2680 5064 mole
2728 5023 2858 5062 sane
2905 5007 3292 5080 ponderosum,
3345 5005 3515 5078 leges.

1988 5100 2085 5156 Dei
2113 5099 2277 5156 dono.
2299 5099 2492 5154 Denuo
2520 5097 2672 5158 illud,
2703 5096 2846 5167 quod
2876 5113 3040 5169 supra
3059 5111 3180 5168 cap.
3211 5098 3265 5164 1,
3287 5094 3517 5160 dixerat,

1917 5188 2140 5260 reSpicit
2166 5205 2179 5242 :
2219 5191 2320 5246 Res
2350 5187 2450 5244 Dei
2478 5189 2651 5243 ratio.

1991 5278 2213 5334 Aimulo
2270 5279 2415 5349 ejus.
2472 5274 2747 5331 Infelicem
2821 5274 3090 5347 nimisque
3151 5273 3521 5344 impudentem

1918 5368 2151 5426 simiam
2179 5367 2278 5423 Dei
2299 5365 2470 5424 voluit
2499 5364 2699 5422 dicere.
2732 5364 2971 5435 Qualiter
3018 5373 3195 5420 autem
3239 5361 3522 5416 insidiator

1919 5457 2009 5512 hic
2036 5456 2257 5528 generis
2287 5455 2507 5510 humani
2536 5457 2646 5523 jam
2679 5453 2806 5510 olim
2853 5454 2953 5508 Dei
2995 5450 3250 5522 mysteria
3277 5449 3518 5508 aemulari

1919 5545 2074 5602 nisus
2104 5545 2284 5611 fuerit,
2317 5544 2354 5600 1.
2385 5545 2452 5601 de
2482 5548 2720 5602 Prwscr.
2754 5559 2874 5614 cap.
2909 5543 2998 5608 4ο,
3032 5542 3200 5614 leges.

1999 5637 2288 5707 Regressu.
2322 5633 2432 5694 Seu
2457 5634 2688 5708 relapsa
2715 5631 2772 5689 in
2800 5629 3012 5703 antiqua
3041 5634 3280 5702 peccata.
