4028 6180
532 307 671 367 1307

608 435 799 489 Malus.
850 433 1010 487 Velut
1068 434 1172 485 κατ’
1230 430 1394 499 ἐξοχὴν
1457 432 1535 487 sic
1590 430 1763 485 dictus
1791 428 2059 490 diabolus,
2088 432 2147 479 ut

531 521 675 592 apud
700 522 919 577 Graecos
953 522 1189 592 Πονηρός.
1218 520 1309 575 Sic
1333 519 1493 573 etiam
1522 519 1575 572 in
1604 519 1696 572 lib.
1720 519 1784 573 de
1807 519 1955 582 Pat.,
1979 531 2030 570 c.
2055 517 2137 579 tl,

533 613 646 669 ait:
701 633 722 661 «
761 614 904 666 Latta
945 622 1107 682 atque
1158 610 1355 665 diffusa
1399 620 1481 665 est
1524 608 1771 678 operatio
1803 606 1957 672 Mali;
1992 627 2012 655 ››
2048 603 2139 659 ubi

532 700 827 773 significari
875 700 1179 764 diabolum,
1227 706 1514 754 contextus
1563 698 1777 762 suadet;
1812 703 1867 750 et
1899 694 2053 757 ibid.,
2086 710 2135 750 c.

538 793 626 858 14,
659 806 847 845 rursus
878 789 944 843 de
973 790 1169 844 eodem
1203 805 1217 843 :
1274 807 1298 837 α
1330 787 1707 841 Dissecabatur
1741 785 1939 847 Malus,
1974 798 2137 853 quem

532 880 704 933 Job...
756 894 948 948 magna
1001 877 1397 948 aequanimitate
1454 876 1818 947 distringeret.
1872 894 1896 923 n
1949 873 2015 926 Et
2062 873 2140 927 sic

532 965 661 1021 alibi
695 982 930 1037 quoque.
968 967 1087 1019 Non
1132 966 1307 1019 minus
1330 965 1382 1018 in
1405 963 1662 1019 Oratione
1703 961 2007 1026 Dominica,
2043 958 2136 1013 ubi

534 1056 725 1110 Matth.
779 1071 855 1119 v1,
907 1058 994 1121 13,
1047 1054 1290 1109 Christus
1340 1053 1460 1124 ipse
1507 1066 1606 1107 nos
1646 1052 1785 1105 inter
1828 1048 1935 1103 alia
1982 1063 2138 1103 orare

532 1144 752 1199 docuit:
785 1144 879 1199 sed
912 1145 1084 1200 libera
1115 1160 1214 1199 nos
1245 1161 1279 1198 a
1306 1143 1477 1206 male,
1519 1142 1741 1196 Grmcus
1770 1146 1945 1192 textus
1973 1138 2136 1192 habet

532 1231 657 1284 ἀλλὰ
698 1233 833 1302 ῥῦσαι
884 1231 1014 1303 ἤμᾶς
1090 1231 1182 1282 ἀπὸ
1239 1238 1318 1284 τοῦ
1366 1235 1601 1299 πονηροῦ,
1639 1244 1744 1297 qua
1799 1242 1931 1281 voce
1962 1225 2133 1294 pleri-

531 1337 637 1391 que
667 1329 779 1376 tum
808 1321 983 1375 Latini
1034 1330 1141 1375 tum
1191 1321 1368 1377 Graeci
1414 1320 1600 1374 Patres
1648 1317 1929 1374 diabolum
1972 1316 2129 1370 intel-

532 1410 727 1480 ngnL

603 1498 993 1554 Periculosum
1048 1504 1151 1555 est.
1208 1498 1483 1567 Tanquam
1541 1494 1631 1551 vix
1681 1494 1795 1548 sine
1833 1490 2130 1563 legentium

541 1587 577 1639 I
597 1584 766 1641 .2I8
798 1586 1010 1641 offensa
1039 1594 1092 1643 et
1123 1587 1379 1641 seandalo
1411 1582 1817 1655 proferendum.

602 1676 1075 1745 zEdi/icationem.
1123 1674 1382 1745 Opposita
1412 1675 1528 1729 haec
1555 1680 1633 1727 est
1660 1670 1955 1735 seandalo;
1986 1667 2127 1740 quod

531 1763 676 1818 enim
708 1764 852 1817 istud
880 1764 1126 1830 destruit,
1158 1763 1247 1817 illa
1275 1769 1505 1831 reparat.

604 1852 885 1909 Judicato.
916 1851 1064 1906 Idem
1095 1850 1304 1905 videtur
1341 1866 1404 1904 ac
1442 1851 1505 1904 in
1543 1850 1781 1920 judicio,
1813 1848 1957 1919 quod
1990 1862 2128 1902 non-

530 1942 631 1995 nisi
663 1940 941 2009 praemissa
991 1941 1133 1994 seria
1170 1939 1579 2005 deliberatione,
1627 1947 1679 1993 et
1726 1954 1781 1992 re
1827 1938 1882 1992 in
1927 1944 2100 1991 utram

527 2044 634 2100 que
662 2035 867 2097 partem
897 2043 1186 2099 perpensa,
1222 2027 1339 2083 ﬁeri
1370 2036 1603 2098 oportet.

600 2117 1020 2172 Pcenitentiam.
1072 2114 1191 2182 Qua
1246 2116 1424 2186 ipsum
1482 2115 1813 2186 poenitentia:
1870 2122 2128 2170 anteactze

524 2207 637 2275 jam
669 2205 907 2274 pcenitet.

597 2296 757 2351 Actu.
792 2294 1079 2351 Exteriori
1108 2293 1380 2361 nimirum,
1428 2301 1490 2349 ut
1536 2310 1699 2365 supra
1744 2280 1871 2364 cap.
1902 2296 1955 2359 3,
1988 2302 2128 2360 not.,

526 2384 749 2452 Agitur.

596 2469 748 2536 Fide,
800 2467 836 2524 i.
890 2484 942 2523 e.
990 2468 1179 2535 illaesa,
1212 2476 1530 2539 retentoque
1560 2468 1657 2525 Dei
1690 2474 1869 2536 metu,
1905 2479 1959 2525 et
1986 2470 2128 2540 ﬁde-

526 2558 712 2626 litate,
743 2572 806 2611 ac
834 2558 958 2611 sine
989 2557 1185 2610 horum
1218 2557 1574 2627 prwjudicio.

601 2646 763 2701 Salvo
793 2649 975 2701 metu.
1006 2645 1201 2700 Amara
1234 2645 1441 2700 irrisio!

602 2734 991 2789 Patrocinium
1037 2738 1139 2793 est.
1190 2732 1428 2788 Pertexit
1479 2732 1756 2805 hucusque
1801 2749 2129 2790 sarcasmum

527 2822 701 2877 illum.

602 2911 1054 2982 Hypocritarum.
1112 2908 1378 2979 ’Υπόκρισις
1409 2919 1489 2963 est
1543 2911 1677 2965 alias
1725 2911 2003 2967 simulatio
2054 2912 2131 2966 hi-

528 2997 783 3065 strionis,
838 2998 1029 3053 alienae
1088 3012 1329 3067 personae
1384 3007 1572 3068 gestus
1629 2998 1926 3069 imitantis;
1986 3000 2129 3056 unde

527 3083 795 3152 ejusmodi
888 3084 1072 3140 histrio
1146 3086 1393 3156 ὑπόκρισις
1476 3101 1696 3157 quoque
1763 3086 1973 3141 dicitur.

526 3172 709 3243 phrasi
737 3173 793 3228 S.
829 3173 1120 3243 Scripturae
1168 3174 1260 3228 ille
1309 3183 1410 3240 est,
1441 3174 1533 3244 qui
1567 3176 1805 3230 moribus
1850 3176 1961 3231 suis
1990 3191 2126 3247 pro-

525 3260 747 3316 bitatem
804 3278 914 3332 prae
961 3278 1019 3317 se
1068 3262 1186 3329 fert,
1251 3263 1396 3317 intus
1450 3273 1628 3317 autem
1674 3272 1727 3318 et
1773 3264 1824 3317 in
1870 3272 2014 3333 cute,
2069 3273 2129 3320 ut

527 3349 697 3416 aiunt,
755 3365 989 3420 nequam
1044 3357 1146 3417 est,
1205 3350 1483 3405 simulator
1530 3349 1844 3421 improbus;
1905 3353 1971 3407 de
2028 3367 2127 3408 cu-

520 3439 762 3508 jusmodi
796 3439 1105 3495 hominibus
1136 3441 1298 3495 Poeta
1330 3458 1344 3494 :

592 3528 697 3599 Qui
767 3531 959 3587 Curios
1023 3529 1321 3599 simulant,
1382 3541 1434 3586 et
1489 3531 1866 3588 Bacchanalia
1920 3532 2125 3588 vivunt.

521 3616 679 3672 Tales
706 3619 935 3673 maxime
964 3625 1135 3684 erant,
1156 3628 1344 3673 contra
1365 3633 1501 3689 quos
1522 3619 1771 3674 Christus
1800 3621 1989 3675 Matth.
2025 3637 2127 3688 vn,

526 3707 614 3773 15,
656 3720 756 3759 nos
785 3706 1114 3775 prtemonuit
1145 3723 1157 3762 :
1193 3707 1484 3764 Attendite
1524 3724 1559 3761 a
1605 3709 1769 3777 falsis
1810 3708 2126 3780 prophetis,

526 3793 622 3863 qui
640 3794 880 3847 veniunt
899 3793 971 3847 ad
990 3810 1081 3850 vos
1102 3797 1163 3849 in
1185 3796 1530 3851 vestimentis
1547 3798 1753 3861 ovium,
1771 3798 2123 3854 intrinsecus

523 3884 718 4017 aultem
769 3884 906 3936 sunt
932 3880 1051 3951 lupi
1079 3898 1339 3952 rapaces;
1396 3882 1465 3937 de
1511 3882 1704 3953 quibus
1749 3884 1903 3953 plura
1948 3886 2129 3942 Evan-

524 3972 753 4017 treistaa.
1892 3984 1901 3997 ν

524 3972 753 4036 geustae.
1892 3984 1901 3997 ο

1034 4110 1187 4166 Notos
1217 4108 1289 4166 ad
1323 4111 1498 4183 Caput
1540 4112 1615 4167 VI.

595 4236 967 4300 Mediocritas,
994 4234 1031 4290 i.
1064 4250 1115 4289 e.
1147 4236 1425 4295 mediocre
1454 4248 1696 4292 nostrum
1728 4238 2045 4311 ingenium,
2071 4246 2128 4293 ut

528 4326 766 4381 modeste
814 4326 881 4381 de
926 4341 987 4381 se
1038 4324 1334 4381 sentientes
1376 4326 1554 4383 dicere
1584 4327 1777 4382 solent.
1810 4327 1942 4382 Vide
1970 4327 2125 4383 etiam

527 4430 692 4485 supra
720 4430 837 4485 cap.
871 4417 926 4469 3.

605 4506 665 4561 Ut
693 4505 897 4560 omnis.
927 4503 1115 4558 Junius
1146 4504 1327 4560 omnis
1376 4503 1464 4559 hic
1510 4519 1606 4574 pro
1652 4505 1889 4572 omneis,
1938 4512 1997 4559 ut
2032 4520 2124 4561 ve-

530 4598 674 4647 teres
718 4606 814 4661 pro
860 4608 1051 4649 omnes
1090 4592 1335 4648 solebant
1360 4592 1559 4660 dicere,
1590 4592 1959 4664 accipiendum
1990 4595 2123 4654 vult.

524 4681 729 4737 Verum
772 4681 865 4752 qui
912 4683 1086 4738 omnis
1117 4682 1186 4737 ad
1250 4682 1303 4736 τὸ
1332 4682 1535 4738 salutis
1564 4682 1905 4738 referendum
1937 4683 2123 4739 existi-

526 4778 708 4837 mant,
754 4769 861 4825 alio
909 4786 968 4825 se
1019 4768 1339 4825 Tertulliani
1373 4770 1493 4826 loco
1520 4770 1642 4840 (lib.
1672 4771 1738 4829 de
1778 4773 1986 4843 Virgin.
2034 4788 2125 4830 ve-

527 4860 683 4915 land.
714 4876 835 4931 cap.
867 4860 923 4932 8)
952 4868 1169 4916 tuentur
1197 4877 1209 4917 :
1253 4882 1275 4912 α
1319 4862 1491 4918 Omne
1538 4867 1707 4917 totum
1740 4868 1843 4931 est,
1876 4869 1927 4917 et
1956 4871 2008 4916 et
2038 4861 2123 4917 in-

526 4956 736 5015 tegrum
768 4949 915 5003 nulla
942 4950 1023 5004 sui
1051 4957 1207 5019 parte
1233 4948 1524 5005 defectum.
1562 4969 1585 4999 ν

594 5035 904 5093 Novitiolis.
942 5037 1379 5095 Catechumenos
1409 5039 1496 5092 hic
1525 5038 1797 5110 intelligit,
1841 5055 2027 5095 recens
2056 5041 2124 5096 ad

522 5121 753 5194 primum
802 5122 1032 5195 gradum
1074 5126 1365 5195 admissos,
1398 5128 1647 5199 adeoque
1693 5127 1750 5183 in
1796 5126 1902 5184 fide
1946 5128 2122 5186 adhuc

524 5208 840 5269 imbecilles.

592 5304 727 5359 Istis
754 5299 1037 5367 imminet,
1071 5317 1164 5358 seu
1195 5302 1261 5357 ad
1292 5305 1512 5361 eosdem
1559 5306 1877 5364 destinatum
1907 5315 2009 5373 est,
2042 5317 2121 5365 at-

525 5408 629 5465 que
657 5391 944 5447 directum.

598 5483 771 5539 Aures
801 5483 1007 5555 rigare.
1039 5478 1305 5537 Floridior
1332 5482 1645 5550 metaphora
1690 5483 1755 5539 de
1801 5483 1887 5549 iis,
1934 5484 2026 5555 qui
2054 5486 2122 5541 ad

529 5570 855 5631 audiendum
883 5571 984 5629 Dei
1011 5571 1233 5630 verbum
1278 5569 1335 5631 in
1382 5568 1675 5629 Ecclesiam
1718 5571 1937 5629 admissi
1965 5580 2121 5631 erant

1601 304 1688 364 AD
1727 301 2015 362 GENUINA
2053 296 2500 357 TERTULLIANI
2535 296 2752 356 OPERA

2057 3074 2207 3154 Atc

3690 291 3810 351 1308

2248 422 2303 478 in
2358 422 2685 478 auditorum
2739 422 2907 494 gradu
2961 424 3097 477 inter
3152 422 3569 477 catechumenos
3631 417 3812 472 consti-

2249 512 2371 579 tuti,
2400 511 2467 566 de
2494 512 2689 583 quibus
2721 496 2879 582 paulo
2912 512 3156 567 inferius.

2324 602 2531 656 Catuli.
2569 602 2805 657 Catulus
2838 602 3051 671 prOprie
3096 608 3177 654 est
3223 600 3379 655 canis
3406 600 3592 653 minor
3617 610 3709 649 seu
3735 611 3815 649 ca-

2246 690 2473 755 nicula;
2503 706 2825 759 quamquam
2872 689 2939 743 de
2985 689 3235 743 omnibus
3282 686 3451 741 brutis
3479 684 3625 754 (solis
3654 690 3819 736 autem

2248 776 2547 846 viviparis),
2578 793 2698 832 cum
2729 779 2902 832 adhuc
2933 787 3120 832 tenera
3148 785 3290 839 sunt,
3338 782 3482 829 recte
3523 772 3720 827 dictum
3747 770 3824 823 in-

2244 864 2473 921 veniam.

2326 956 2618 1024 Per/"ectis,
2650 954 2685 1007 i.
2720 971 2770 1009 e.
2801 955 2918 1010 visu
2951 954 3190 1009 nondum
3220 952 3474 1023 perfecto,
3506 950 3642 1005 sicut
3667 948 3827 1003 nimi-

2244 1058 2359 1097 rum
2412 1043 2462 1095 in
2512 1044 2798 1113 proverbio
2827 1053 2947 1099 est:
2999 1044 3159 1097 Canis
3206 1042 3466 1097 festinans
3513 1054 3683 1095 cmcos
3731 1054 3826 1107 pa-

2240 1130 2309 1182 rit
2338 1129 2561 1184 catulos.
2599 1152 2621 1179 ››

2312 1221 2574 1289 Reptant.
2610 1219 2969 1276 Hellenismus
2998 1228 3177 1275 autem
3209 1230 3310 1288 est,
3343 1225 3401 1273 ut
3428 1233 3497 1272 ex
3538 1216 3636 1271 Gr.
3684 1210 3832 1268 ἄδηλα

2239 1308 2451 1379 ἕρπουσι,
2488 1308 2710 1376 incerta,
2766 1324 2865 1363 seu
2923 1310 2986 1363 in
3050 1310 3339 1362 incertum
3368 1303 3580 1375 (nultibi
3613 1312 3753 1357 certa
3782 1310 3833 1357 et

2237 1396 2391 1450 firma
2418 1396 2640 1469 vestigia
2672 1396 2923 1471 ﬁgentes)
2952 1401 3201 1469 reptant.
3242 1395 3372 1449 Tale
3400 1402 3481 1447 est
3508 1392 3670 1447 etiam
3709 1391 3831 1445 illud

2237 1484 2291 1538 in
2335 1484 2373 1539 1.
2428 1485 2493 1541 de
2538 1488 2691 1552 Pat.,
2740 1502 2790 1542 c.
2842 1490 2866 1541 1
2924 1503 2938 1539 :
2994 1508 3015 1535 «
3065 1484 3170 1555 Qui
3220 1500 3360 1540 θεοῦ
3400 1484 3522 1555 (pro
3569 1480 3721 1549 caeci)
3759 1479 3837 1533 vi-

2239 1579 2387 1628 vunt.
2427 1593 2449 1622 ››

2316 1662 2565 1730 Quidam.
2626 1664 2736 1716 Aut
2792 1661 3314 1732 subintelligendum
3354 1675 3441 1724 se,
3493 1663 3585 1712 aut
3622 1656 3840 1713 omnino

2238 1749 2327 1805 hic
2367 1751 2821 1806 interserendum.

2312 1840 2619 1909 Includere,
2651 1840 2688 1897 i.
2722 1856 2770 1895 e.
2802 1840 3153 1907 concludere,
3186 1854 3248 1894 ac
3277 1838 3427 1910 quasi
3468 1838 3840 1891 communire.

2238 1929 2327 1984 Sic
2371 1930 2512 1983 enim
2560 1945 2719 1984 canes
2748 1930 2956 1984 catulos
3007 1944 3140 1983 suos
3194 1927 3329 1982 intra
3358 1925 3555 1982 cubilia
3584 1942 3684 1979 sua
3714 1940 3840 1979 con-

2238 2018 2407 2073 tinere
2457 2019 2695 2081 student,
2744 2035 2811 2073 ne
2862 2028 3066 2073 temere
3109 2016 3320 2086 dilapsi,
3353 2014 3591 2071 cazcitate
3634 2029 3741 2067 sua
3786 2015 3839 2066 in

2238 2106 2455 2179 aliquod
2484 2108 2869 2163 offendiculum
2901 2107 3187 2173 incurrant,
3213 2106 3337 2159 inde
3365 2103 3622 2159 lzedendi.

2310 2198 2693 2253 Desiderandi.
2725 2198 2806 2251 Eo
2834 2197 2978 2267 quod
3010 2196 3162 2250 malis
3191 2194 3304 2248 suis
3332 2194 3624 2249 desideriis
3665 2193 3839 2260 ﬁnem

2237 2285 2550 2356 prOpediem
2597 2286 2783 2339 facturi
2831 2285 2958 2351 sint,
2994 2284 3184 2340 iisdem
3234 2284 3288 2337 in
3337 2281 3603 2351 baptismo
3632 2296 3841 2335 renun-

2237 2374 2433 2443 tiaturi,
2487 2391 2549 2430 ac
2596 2390 2660 2431 ex
2709 2374 2879 2432 veteri
2926 2375 2980 2429 in
3029 2389 3229 2428 novum
3268 2369 3690 2427 transformandi
3746 2369 3843 2423 ho-

2234 2465 2450 2519 minem.

2308 2554 2619 2610 Senescere.
2653 2552 2914 2623 Apposita
2961 2567 3023 2607 ac
3070 2552 3291 2623 elegans
3329 2548 3393 2604 ad
3441 2549 3843 2622 pmnitenttam

2237 2639 2553 2696 similitudo.

2308 2730 2657 2797 Adulantur,
2712 2730 2747 2786 i.
2800 2746 2851 2785 e.
2900 2744 3183 2801 pomorum
3230 2728 3538 2789 venustati,
3568 2740 3737 2796 quam
3780 2741 3847 2779 ex

2241 2827 2394 2890 parte
2447 2818 2626 2872 adhuc
2672 2817 2965 2887 retinuere,
3012 2817 3341 2883 adulantur,
3395 2816 3447 2867 in
3500 2813 3691 2867 eadem
3742 2813 3849 2867 sibi

2239 2907 2647 2978 complacendo.
2680 2906 2815 2961 Vide
2842 2906 2877 2962 l.
2912 2908 2977 2963 de
3005 2910 3167 2979 Bapt.
3202 2922 3320 2975 cap.
3352 2907 3405 2970 3,
3436 2911 3544 2959 not.
3582 2905 3694 2957 Aut
3722 2921 3851 2974 gra-

2238 3000 2340 3065 tia,
2377 2999 2534 3061 1147,
2568 3005 2619 3052 et
2649 3012 2765 3066 cap.
2800 3001 2851 3062 9,
2884 2998 3050 3068 Aquce
3077 2997 3287 3067 gratia,
3319 2996 3474 3049 1171.

2316 3088 2698 3152 Intinctionis,
2727 3085 2765 3151 i,
2798 3102 2847 3140 e.
2881 3087 3174 3159 Baptismi,
3207 3094 3264 3139 ut
3295 3083 3425 3137 alias
3456 3082 3677 3153 passim.

2315 3176 2553 3232 Medium
2585 3181 2825 3247 tempus.
2858 3176 2961 3230 Seu
2994 3174 3421 3238 intermedium,
3455 3185 3654 3242 nempe
3703 3171 3852 3225 inter

2236 3264 2639 3319 conversionem
2671 3280 2840 3327 suam,
2890 3272 2943 3317 et
2988 3264 3162 3332 ipsum
3195 3261 3538 3332 baptismum,
3572 3258 3709 3312 dum
3742 3260 3851 3313 sci-

2238 3352 2361 3409 licet
2390 3352 2565 3407 adhuc
2594 3352 2733 3406 inter
2761 3352 3175 3409 catechumenos
3205 3352 3389 3423 agunt.

2312 3443 2716 3498 Commeatum.
2742 3439 3040 3495 Castrensis
3060 3454 3190 3508 vox,
3214 3441 3438 3495 veniam
3461 3436 3725 3491 militibus
3755 3436 3856 3490 da-

2238 3536 2365 3597 tam,
2399 3528 2625 3586 I2I9
2652 3546 2757 3602 qua
2786 3528 3129 3595 valetudinis,
3182 3536 3273 3582 aut
3322 3527 3547 3582 aliorum
3586 3527 3858 3596 negotio-

2236 3636 2355 3674 rum
2385 3635 2564 3687 causa,
2613 3617 2941 3690 aliquamdiu
2987 3634 3018 3672 a
3068 3618 3255 3672 castris
3302 3618 3492 3671 abesse
3522 3614 3661 3686 ipsis
3692 3616 3850 3683 licet,

2236 3706 2569 3779 signiﬁcans.
2617 3707 2928 3778 Aliquando
2981 3706 3140 3762 etiam
3180 3706 3359 3775 ipsum
3405 3703 3533 3759 illud
3582 3705 3855 3774 spatium

2239 3799 2525 3868 temporis,
2558 3811 2667 3867 quo
2698 3794 2868 3861 miles,
2891 3794 3218 3866 aliquorsum
3256 3792 3556 3864 profectus,
3588 3808 3617 3845 a
3651 3794 3854 3847 castris

2234 3887 2407 3954 abest,
2440 3886 2703 3940 denotat:
2748 3884 2857 3939 imo
2904 3896 2957 3938 et
3004 3899 3103 3955 pro
3146 3883 3264 3955 ipsa
3310 3898 3537 3947 annona,
3572 3882 3633 3935 in
3668 3884 3848 3937 viati-

2236 3991 2366 4031 cum
2413 3974 2556 4041 data,
2600 3989 2991 4045 nonnunquam
3047 3973 3326 4045 accipitur.
3378 3972 3640 4041 Exempla
3701 3971 3851 4041 apud

2235 4065 2490 4119 Nostrum
2520 4064 2800 4135 complura
2836 4071 3071 4130 exstant;
3106 4068 3169 4116 ut
3196 4063 3375 4134 Apol.,
3408 4076 3459 4115 c.
3488 4063 3557 4115 32
3590 4078 3603 4112 :
3665 4081 3691 4110 α
3724 4059 3855 4115 Vim

2236 4154 2526 4209 maximam
2603 4154 2850 4210 universo
2914 4152 3032 4207 orbi
3098 4149 3534 4205 imminentem...
3603 4146 3856 4205 Romani

2237 4242 2448 4313 imperii
2468 4249 2765 4297 commeatu
2792 4242 2998 4313 (spatio
3023 4242 3309 4313 temporis,
3331 4239 3477 4310 quod
3500 4239 3674 4306 Deus,
3699 4239 3863 4293 velut

2237 4347 2482 4387 summus
2529 4330 2838 4401 imperator,
2889 4329 3066 4384 eidem
3116 4344 3470 4385 concessurus
3496 4327 3599 4395 est)
3638 4329 3865 4383 scimus

2151 4402 2207 4491 θ
2238 4420 2515 4475 retardari.
2554 4440 2576 4469 υ
2624 4418 2823 4473 Eodem
2863 4433 3029 4473 sensu
3076 4417 3131 4471 in
3178 4418 3215 4472 l.
3264 4418 3387 4475 adv.
3435 4420 3640 4481 Prom,
3700 4432 3753 4473 c.
3810 4422 3863 4481 1,

2236 4508 2464 4563 sumitur
2497 4526 2508 4565 :
2548 4530 2569 4558 α
2603 4508 2709 4563 Sed
2738 4515 2790 4563 et
2819 4506 3004 4562 denuo
3032 4506 3390 4562 eradicabitur
3438 4507 3489 4560 in
3539 4506 3651 4560 isto
3700 4525 3866 4565 com.

2234 4602 2449 4665 meatu,
2486 4617 2508 4647 ››
2539 4606 2639 4652 etc.
2684 4596 2773 4651 Sic
2819 4597 2873 4651 in
2922 4596 3101 4668 Apol.,
3133 4612 3251 4666 cap.
3287 4598 3375 4665 46,
3412 4618 3433 4645 α
3471 4605 3871 4651 commeatum

2235 4686 2560 4742 deliberandi
2598 4701 2741 4756 smpe
2787 4685 3096 4741 frustratum
3130 4705 3151 4734 ››
3188 4685 3330 4740 dicit.
3364 4685 3433 4739 Et
3463 4684 3511 4739 in
3545 4685 3584 4738 l.
3616 4685 3697 4739 de
3736 4686 3871 4742 Fu-

2230 4793 2301 4849 ga
2332 4778 2395 4831 in
2424 4792 2656 4847 persec.,
2689 4790 2735 4830 c.
2769 4777 2822 4843 9,
2850 4796 2871 4823 α
2898 4774 3088 4828 lucrari
3120 4789 3216 4829 nos
3244 4774 3361 4831 vult
3390 4782 3810 4829 commeatum.
3848 4799 3869 4825 ι

2231 4865 2549 4934 Rursusque
2578 4863 2630 4917 in
2663 4862 2755 4919 lib.
2778 4879 2838 4928 ιι,
2872 4864 2998 4921 adv.
3034 4864 3225 4933 Marc,
3249 4878 3298 4917 c.
3335 4865 3420 4932 10,
3452 4862 3527 4916 ait
3560 4879 3572 4919 :
3612 4885 3639 4913 α
3682 4865 3878 4920 Com—

2232 4960 2464 5007 meatum
2521 4951 2919 5022 Operationibus
2975 4952 3096 5020 ejus
3150 4950 3512 5020 admetiendo,
3566 4952 3881 5008 rationem

2230 5040 2482 5096 bonitatis
2519 5055 2628 5095 suae
2676 5039 2806 5111 egit.
2850 5062 2870 5089 ι»
2907 5040 3145 5109 Denique
3175 5039 3229 5092 in
3260 5039 3353 5092 lib.
3388 5038 3451 5095 de
3482 5039 3588 5095 An.
3636 5056 3696 5095 c.
3736 5043 3819 5095 30
3861 5059 3879 5095 :

2235 5152 2256 5181 α
2291 5129 2429 5198 Quia
2456 5144 2554 5185 nec
2583 5127 2843 5199 pariasset
2872 5128 2995 5199 (par
3027 5128 3241 5194 fuisset,
3292 5136 3346 5181 et
3392 5144 3458 5180 ex
3505 5143 3677 5198 aequo
3716 5144 3881 5183 con-

2228 5218 2452 5294 gruens)
2482 5223 2834 5275 commeatus
2867 5218 2956 5272 hic
2995 5218 3118 5271 vitae
3147 5217 3422 5281 milliario,
3455 5218 3707 5287 tempori
3744 5218 3885 5273 lono

2228 5325 2297 5380 ge
2353 5308 2561 5365 scilicet
2614 5306 2840 5362 brevior.
2899 5328 2920 5355 υ
2974 5306 3241 5362 Caeterum
3294 5315 3412 5376 post
3461 5315 3885 5362 commeatum

2232 5397 2571 5469 subintellige
2600 5398 2779 5469 magis
2808 5396 2895 5451 vel
2922 5398 3144 5469 potius;
3190 5404 3243 5451 et
3291 5394 3525 5450 fortasse
3572 5397 3707 5451 haec
3773 5415 3891 5451 vo-

2227 5486 2345 5542 cula
2391 5485 2588 5543 excidit
2633 5502 2698 5540 ex
2743 5488 2842 5541 hac
2881 5484 3304 5555 comparatione,
3342 5492 3431 5539 aut
3466 5502 3560 5556 per
3592 5486 3887 5556 ellipsin

2231 5575 2437 5633 Grtecis
2463 5574 2819 5646 frequentem,
2851 5577 3013 5631 abest.
