  <div class='ocr_page' id='page_1' title='image "/cluster/home/n/w/nwhite01/storage/ocr_20150623/2/hvd.32044096580329/660.png"; bbox 0 0 4050 6168; ppageno 0'>
   <div class='ocr_carea' id='block_1_1' title="bbox 285 298 424 360">
    <p class='ocr_par' dir='ltr' id='par_1_1' title="bbox 285 298 424 360">
     <span class='ocr_line' id='line_1_1' title="bbox 285 298 424 360; baseline 0.022 -3"><span class='ocrx_word' id='word_1_1' title='bbox 285 298 424 360; x_wconf 86' lang='grc'>1309</span> 
     </span>
    </p>
   </div>
   <div class='ocr_carea' id='block_1_2' title="bbox 1091 307 2744 376">
    <p class='ocr_par' dir='ltr' id='par_1_2' title="bbox 1091 307 2744 376">
     <span class='ocr_line' id='line_1_2' title="bbox 1091 307 2744 376; baseline 0.001 -6"><span class='ocrx_word' id='word_1_2' title='bbox 1091 311 1427 376; x_wconf 81' lang='lat' dir='ltr'>APPENDIX</span> <span class='ocrx_word' id='word_1_3' title='bbox 1464 314 1529 374; x_wconf 82' lang='grc' dir='ltr'><strong>ν.</strong></span> <span class='ocrx_word' id='word_1_4' title='bbox 1565 343 1639 358; x_wconf 95' lang='grc'><strong><em>--</em></strong></span> <span class='ocrx_word' id='word_1_5' title='bbox 1674 311 1738 372; x_wconf 92' lang='lat' dir='ltr'>D.</span> <span class='ocrx_word' id='word_1_6' title='bbox 1779 307 2158 372; x_wconf 78' lang='lat' dir='ltr'>CORBINIANI</span> <span class='ocrx_word' id='word_1_7' title='bbox 2210 307 2452 372; x_wconf 73' lang='lat' dir='ltr'>THOMIE</span> <span class='ocrx_word' id='word_1_8' title='bbox 2503 311 2744 374; x_wconf 81' lang='lat' dir='ltr'>ADNOT.</span> 
     </span>
    </p>
   </div>
   <div class='ocr_carea' id='block_1_3' title="bbox 3433 311 3575 374">
    <p class='ocr_par' dir='ltr' id='par_1_3' title="bbox 3433 311 3575 374">
     <span class='ocr_line' id='line_1_3' title="bbox 3433 311 3575 374; baseline 0.014 -2"><span class='ocrx_word' id='word_1_9' title='bbox 3433 311 3575 374; x_wconf 85' lang='grc'>1310</span> 
     </span>
    </p>
   </div>
   <div class='ocr_carea' id='block_1_4' title="bbox 305 425 3574 520">
    <p class='ocr_par' dir='ltr' id='par_1_4' title="bbox 305 425 3574 520">
     <span class='ocr_line' id='line_1_4' title="bbox 305 425 3574 520; baseline 0.003 -38"><span class='ocrx_word' id='word_1_10' title='bbox 305 425 326 440; x_wconf 87' lang='lat'><strong><em>&#39;</em></strong></span> <span class='ocrx_word' id='word_1_11' title='bbox 352 426 533 520; x_wconf 72' lang='lat' dir='ltr'>Quam</span> <span class='ocrx_word' id='word_1_12' title='bbox 561 436 976 502; x_wconf 67' lang='lat' dir='ltr'>paenitentiam.</span> <span class='ocrx_word' id='word_1_13' title='bbox 1008 437 1248 494; x_wconf 88' lang='lat' dir='ltr'>Delenda</span> <span class='ocrx_word' id='word_1_14' title='bbox 1285 440 1493 496; x_wconf 85' lang='lat' dir='ltr'>videtur</span> <span class='ocrx_word' id='word_1_15' title='bbox 1531 441 1649 496; x_wconf 69' lang='lat' dir='ltr'>haec</span> <span class='ocrx_word' id='word_1_16' title='bbox 1691 437 1866 510; x_wconf 87' lang='lat' dir='ltr'>parti-</span> <span class='ocrx_word' id='word_1_17' title='bbox 1902 440 1954 520; x_wconf 64' lang='lat'>.</span> <span class='ocrx_word' id='word_1_18' title='bbox 1976 435 2181 506; x_wconf 90' lang='lat' dir='ltr'>lendis)</span> <span class='ocrx_word' id='word_1_19' title='bbox 2208 435 2264 490; x_wconf 93' lang='lat' dir='ltr'>in</span> <span class='ocrx_word' id='word_1_20' title='bbox 2291 444 2412 493; x_wconf 91' lang='lat' dir='ltr'>cute</span> <span class='ocrx_word' id='word_1_21' title='bbox 2451 437 2665 511; x_wconf 91' lang='lat' dir='ltr'>punctis</span> <span class='ocrx_word' id='word_1_22' title='bbox 2707 437 2905 492; x_wconf 80' lang='lat' dir='ltr'>milites</span> <span class='ocrx_word' id='word_1_23' title='bbox 2945 437 3151 508; x_wconf 77' lang='lat' dir='ltr'>scripti,</span> <span class='ocrx_word' id='word_1_24' title='bbox 3183 443 3237 491; x_wconf 91' lang='lat' dir='ltr'>et</span> <span class='ocrx_word' id='word_1_25' title='bbox 3281 437 3574 494; x_wconf 87' lang='lat' dir='ltr'>matriculis</span> 
     </span>
    </p>
   </div>
   <div class='ocr_carea' id='block_1_5' title="bbox 277 515 1624 592">
    <p class='ocr_par' dir='ltr' id='par_1_5' title="bbox 277 515 1624 592">
     <span class='ocr_line' id='line_1_5' title="bbox 277 515 1624 592; baseline 0.012 -22"><span class='ocrx_word' id='word_1_26' title='bbox 277 515 403 571; x_wconf 89' lang='lat' dir='ltr'>cula</span> <span class='ocrx_word' id='word_1_27' title='bbox 430 534 618 590; x_wconf 87' lang='lat' dir='ltr'>quam,</span> <span class='ocrx_word' id='word_1_28' title='bbox 654 538 778 592; x_wconf 70' lang='lat' dir='ltr'>quas</span> <span class='ocrx_word' id='word_1_29' title='bbox 809 523 918 580; x_wconf 90' lang='lat' dir='ltr'>fors</span> <span class='ocrx_word' id='word_1_30' title='bbox 945 525 1225 583; x_wconf 91' lang='lat' dir='ltr'>oscitantis</span> <span class='ocrx_word' id='word_1_31' title='bbox 1255 528 1461 584; x_wconf 85' lang='lat' dir='ltr'>librarii</span> <span class='ocrx_word' id='word_1_32' title='bbox 1500 528 1624 586; x_wconf 88' lang='lat' dir='ltr'>fuit.</span> 
     </span>
    </p>
   </div>
   <div class='ocr_carea' id='block_1_6' title="bbox 349 606 1861 687">
    <p class='ocr_par' dir='ltr' id='par_1_6' title="bbox 349 606 1861 687">
     <span class='ocr_line' id='line_1_6' title="bbox 349 606 1861 687; baseline 0.006 -26"><span class='ocrx_word' id='word_1_33' title='bbox 349 606 659 666; x_wconf 86' lang='lat' dir='ltr'>Sustinere.</span> <span class='ocrx_word' id='word_1_34' title='bbox 695 611 797 668; x_wconf 87' lang='lat' dir='ltr'>Pro</span> <span class='ocrx_word' id='word_1_35' title='bbox 825 620 1149 687; x_wconf 73' lang='lat' dir='ltr'>exspectare</span> <span class='ocrx_word' id='word_1_36' title='bbox 1192 618 1426 686; x_wconf 88' lang='lat' dir='ltr'>positum</span> <span class='ocrx_word' id='word_1_37' title='bbox 1470 619 1683 676; x_wconf 87' lang='lat' dir='ltr'>videtur</span> <span class='ocrx_word' id='word_1_38' title='bbox 1716 624 1774 671; x_wconf 89' lang='lat' dir='ltr'>ut</span> <span class='ocrx_word' id='word_1_39' title='bbox 1823 615 1861 670; x_wconf 92' lang='lat' dir='ltr'>l.</span> 
     </span>
    </p>
   </div>
   <div class='ocr_carea' id='block_1_7' title="bbox 277 694 1865 764">
    <p class='ocr_par' dir='ltr' id='par_1_7' title="bbox 277 694 1865 764">
     <span class='ocr_line' id='line_1_7' title="bbox 277 694 1865 764; baseline 0.007 -14"><span class='ocrx_word' id='word_1_40' title='bbox 277 694 404 750; x_wconf 85' lang='lat' dir='ltr'>adv.</span> <span class='ocrx_word' id='word_1_41' title='bbox 446 697 596 763; x_wconf 88' lang='lat' dir='ltr'>Jud.,</span> <span class='ocrx_word' id='word_1_42' title='bbox 626 716 678 756; x_wconf 73' lang='grc' dir='ltr'><strong>ο.</strong></span> <span class='ocrx_word' id='word_1_43' title='bbox 710 704 741 755; x_wconf 88' lang='grc'>6</span> <span class='ocrx_word' id='word_1_44' title='bbox 773 702 840 758; x_wconf 92' lang='lat' dir='ltr'>de</span> <span class='ocrx_word' id='word_1_45' title='bbox 870 704 1066 759; x_wconf 76' lang='lat' dir='ltr'>Christi</span> <span class='ocrx_word' id='word_1_46' title='bbox 1098 706 1276 762; x_wconf 87' lang='lat' dir='ltr'>futuro</span> <span class='ocrx_word' id='word_1_47' title='bbox 1306 709 1537 764; x_wconf 90' lang='lat' dir='ltr'>adventu</span> <span class='ocrx_word' id='word_1_48' title='bbox 1580 707 1658 762; x_wconf 85' lang='lat' dir='ltr'>ait</span> <span class='ocrx_word' id='word_1_49' title='bbox 1690 721 1702 757; x_wconf 89' lang='lat'>:</span> <span class='ocrx_word' id='word_1_50' title='bbox 1748 725 1774 756; x_wconf 80' lang='grc' dir='ltr'><strong><em>α</em></strong></span> <span class='ocrx_word' id='word_1_51' title='bbox 1807 705 1865 761; x_wconf 91' lang='lat' dir='ltr'>Si</span> 
     </span>
    </p>
   </div>
   <div class='ocr_carea' id='block_1_8' title="bbox 277 787 1862 869">
    <p class='ocr_par' dir='ltr' id='par_1_8' title="bbox 277 787 1862 869">
     <span class='ocr_line' id='line_1_8' title="bbox 277 787 1862 869; baseline 0.008 -31"><span class='ocrx_word' id='word_1_52' title='bbox 277 787 505 842; x_wconf 89' lang='lat' dir='ltr'>necdum</span> <span class='ocrx_word' id='word_1_53' title='bbox 579 791 762 862; x_wconf 80' lang='lat' dir='ltr'>venit,</span> <span class='ocrx_word' id='word_1_54' title='bbox 818 794 1168 850; x_wconf 77' lang='lat' dir='ltr'>sustinendus</span> <span class='ocrx_word' id='word_1_55' title='bbox 1232 798 1694 869; x_wconf 83' lang='lat' dir='ltr'>(exspectandus)</span> <span class='ocrx_word' id='word_1_56' title='bbox 1762 804 1862 864; x_wconf 86' lang='lat' dir='ltr'>est,</span> 
     </span>
    </p>
   </div>
   <div class='ocr_carea' id='block_1_9' title="bbox 275 876 1864 956">
    <p class='ocr_par' dir='ltr' id='par_1_9' title="bbox 275 876 1864 956">
     <span class='ocr_line' id='line_1_9' title="bbox 275 876 1864 956; baseline 0.008 -27"><span class='ocrx_word' id='word_1_57' title='bbox 275 876 567 933; x_wconf 88' lang='lat' dir='ltr'>dummodo</span> <span class='ocrx_word' id='word_1_58' title='bbox 626 880 822 952; x_wconf 88' lang='lat' dir='ltr'>(usque</span> <span class='ocrx_word' id='word_1_59' title='bbox 883 883 1034 956; x_wconf 93' lang='lat' dir='ltr'>dum)</span> <span class='ocrx_word' id='word_1_60' title='bbox 1092 887 1409 942; x_wconf 86' lang='lat' dir='ltr'>manifestus</span> <span class='ocrx_word' id='word_1_61' title='bbox 1474 887 1544 943; x_wconf 89' lang='lat' dir='ltr'>sit</span> <span class='ocrx_word' id='word_1_62' title='bbox 1601 887 1864 944; x_wconf 87' lang='lat' dir='ltr'>adventus</span> 
     </span>
    </p>
   </div>
   <div class='ocr_carea' id='block_1_10' title="bbox 275 979 476 1034">
    <p class='ocr_par' dir='ltr' id='par_1_10' title="bbox 275 979 476 1034">
     <span class='ocr_line' id='line_1_10' title="bbox 275 979 476 1034; baseline -0.015 -15"><span class='ocrx_word' id='word_1_63' title='bbox 275 979 414 1034; x_wconf 80' lang='lat' dir='ltr'>ejus.</span> <span class='ocrx_word' id='word_1_64' title='bbox 453 985 476 1016; x_wconf 71' lang='grc' dir='ltr'>ιι</span> 
     </span>
    </p>
   </div>
   <div class='ocr_carea' id='block_1_11' title="bbox 347 1053 1864 1133">
    <p class='ocr_par' dir='ltr' id='par_1_11' title="bbox 347 1053 1864 1133">
     <span class='ocr_line' id='line_1_11' title="bbox 347 1053 1864 1133; baseline 0.008 -26"><span class='ocrx_word' id='word_1_65' title='bbox 347 1053 573 1109; x_wconf 82' lang='lat' dir='ltr'>Manum</span> <span class='ocrx_word' id='word_1_66' title='bbox 601 1058 880 1118; x_wconf 80' lang='lat' dir='ltr'>emittere.</span> <span class='ocrx_word' id='word_1_67' title='bbox 900 1059 1076 1117; x_wconf 84' lang='lat' dir='ltr'>Facile</span> <span class='ocrx_word' id='word_1_68' title='bbox 1109 1062 1212 1118; x_wconf 87' lang='lat' dir='ltr'>hoc</span> <span class='ocrx_word' id='word_1_69' title='bbox 1231 1063 1542 1133; x_wconf 84' lang='lat' dir='ltr'>exemplum</span> <span class='ocrx_word' id='word_1_70' title='bbox 1570 1063 1680 1131; x_wconf 88' lang='lat' dir='ltr'>(hic</span> <span class='ocrx_word' id='word_1_71' title='bbox 1699 1062 1864 1118; x_wconf 89' lang='lat' dir='ltr'>etiam</span> 
     </span>
    </p>
   </div>
   <div class='ocr_carea' id='block_1_12' title="bbox 278 1147 1862 1223">
    <p class='ocr_par' dir='ltr' id='par_1_12' title="bbox 278 1147 1862 1223">
     <span class='ocr_line' id='line_1_12' title="bbox 278 1147 1862 1223; baseline 0.006 -27"><span class='ocrx_word' id='word_1_72' title='bbox 278 1157 436 1212; x_wconf 90' lang='lat' dir='ltr'>porro</span> <span class='ocrx_word' id='word_1_73' title='bbox 485 1147 874 1217; x_wconf 88' lang='lat' dir='ltr'>continuatum)</span> <span class='ocrx_word' id='word_1_74' title='bbox 910 1165 1191 1206; x_wconf 90' lang='lat' dir='ltr'>occurrere</span> <span class='ocrx_word' id='word_1_75' title='bbox 1237 1160 1446 1223; x_wconf 85' lang='lat' dir='ltr'>poterat</span> <span class='ocrx_word' id='word_1_76' title='bbox 1485 1152 1819 1207; x_wconf 89' lang='lat' dir='ltr'>Tertulliano</span> <span class='ocrx_word' id='word_1_77' title='bbox 1843 1193 1862 1218; x_wconf 90' lang='lat'>,</span> 
     </span>
    </p>
   </div>
   <div class='ocr_carea' id='block_1_13' title="bbox 270 1230 1860 1312">
    <p class='ocr_par' dir='ltr' id='par_1_13' title="bbox 270 1230 1860 1312">
     <span class='ocr_line' id='line_1_13' title="bbox 270 1230 1860 1312; baseline 0.008 -28"><span class='ocrx_word' id='word_1_78' title='bbox 270 1230 475 1302; x_wconf 89' lang='lat' dir='ltr'>quippe</span> <span class='ocrx_word' id='word_1_79' title='bbox 502 1244 658 1289; x_wconf 84' lang='lat' dir='ltr'>antea</span> <span class='ocrx_word' id='word_1_80' title='bbox 686 1237 991 1308; x_wconf 79' lang='lat' dir='ltr'>causidico,</span> <span class='ocrx_word' id='word_1_81' title='bbox 1023 1249 1078 1295; x_wconf 88' lang='lat' dir='ltr'>et</span> <span class='ocrx_word' id='word_1_82' title='bbox 1115 1240 1169 1296; x_wconf 91' lang='lat' dir='ltr'>in</span> <span class='ocrx_word' id='word_1_83' title='bbox 1197 1241 1361 1297; x_wconf 86' lang='lat' dir='ltr'>rebus</span> <span class='ocrx_word' id='word_1_84' title='bbox 1390 1242 1698 1299; x_wconf 84' lang='lat' dir='ltr'>forensibus</span> <span class='ocrx_word' id='word_1_85' title='bbox 1727 1257 1860 1312; x_wconf 81' lang='lat' dir='ltr'>gna-</span> 
     </span>
    </p>
   </div>
   <div class='ocr_carea' id='block_1_14' title="bbox 276 1319 757 1382">
    <p class='ocr_par' dir='ltr' id='par_1_14' title="bbox 276 1319 757 1382">
     <span class='ocr_line' id='line_1_14' title="bbox 276 1319 757 1382; baseline 0.017 -10"><span class='ocrx_word' id='word_1_86' title='bbox 276 1319 415 1376; x_wconf 89' lang='lat' dir='ltr'>viter</span> <span class='ocrx_word' id='word_1_87' title='bbox 443 1325 757 1382; x_wconf 86' lang='lat' dir='ltr'>exercitato.</span> 
     </span>
    </p>
   </div>
   <div class='ocr_carea' id='block_1_15' title="bbox 339 1411 1860 1492">
    <p class='ocr_par' dir='ltr' id='par_1_15' title="bbox 339 1411 1860 1492">
     <span class='ocr_line' id='line_1_15' title="bbox 339 1411 1860 1492; baseline 0.007 -27"><span class='ocrx_word' id='word_1_88' title='bbox 339 1411 624 1471; x_wconf 85' lang='lat' dir='ltr'>Addicere.</span> <span class='ocrx_word' id='word_1_89' title='bbox 668 1416 769 1471; x_wconf 96' lang='lat' dir='ltr'>Pro</span> <span class='ocrx_word' id='word_1_90' title='bbox 799 1417 954 1475; x_wconf 87' lang='lat' dir='ltr'>dare.</span> <span class='ocrx_word' id='word_1_91' title='bbox 1001 1420 1286 1492; x_wconf 89' lang='lat' dir='ltr'>Proprium</span> <span class='ocrx_word' id='word_1_92' title='bbox 1326 1438 1516 1478; x_wconf 89' lang='lat' dir='ltr'>rursus</span> <span class='ocrx_word' id='word_1_93' title='bbox 1542 1423 1663 1478; x_wconf 87' lang='lat' dir='ltr'>foro</span> <span class='ocrx_word' id='word_1_94' title='bbox 1696 1436 1860 1478; x_wconf 88' lang='lat' dir='ltr'>voca-</span> 
     </span>
    </p>
   </div>
   <div class='ocr_carea' id='block_1_16' title="bbox 268 1499 1858 1574">
    <p class='ocr_par' dir='ltr' id='par_1_16' title="bbox 268 1499 1858 1574">
     <span class='ocr_line' id='line_1_16' title="bbox 268 1499 1858 1574; baseline 0.007 -19"><span class='ocrx_word' id='word_1_95' title='bbox 268 1499 454 1556; x_wconf 91' lang='lat' dir='ltr'>bulum</span> <span class='ocrx_word' id='word_1_96' title='bbox 499 1512 612 1574; x_wconf 90' lang='lat' dir='ltr'>est,</span> <span class='ocrx_word' id='word_1_97' title='bbox 665 1512 724 1560; x_wconf 92' lang='lat' dir='ltr'>ut</span> <span class='ocrx_word' id='word_1_98' title='bbox 778 1507 990 1564; x_wconf 89' lang='lat' dir='ltr'>Samuel</span> <span class='ocrx_word' id='word_1_99' title='bbox 1036 1510 1268 1568; x_wconf 89' lang='lat' dir='ltr'>Pitiscus</span> <span class='ocrx_word' id='word_1_100' title='bbox 1314 1513 1368 1568; x_wconf 90' lang='lat' dir='ltr'>in</span> <span class='ocrx_word' id='word_1_101' title='bbox 1408 1528 1508 1568; x_wconf 88' lang='lat' dir='ltr'>suo</span> <span class='ocrx_word' id='word_1_102' title='bbox 1546 1515 1748 1570; x_wconf 73' lang='lat' dir='ltr'>Lexico</span> <span class='ocrx_word' id='word_1_103' title='bbox 1790 1511 1858 1566; x_wconf 89' lang='lat' dir='ltr'>ad</span> 
     </span>
    </p>
   </div>
   <div class='ocr_carea' id='block_1_17' title="bbox 268 1587 1853 1670">
    <p class='ocr_par' dir='ltr' id='par_1_17' title="bbox 268 1587 1853 1670">
     <span class='ocr_line' id='line_1_17' title="bbox 268 1587 1853 1670; baseline 0.01 -27"><span class='ocrx_word' id='word_1_104' title='bbox 268 1587 415 1645; x_wconf 90' lang='lat' dir='ltr'>illam</span> <span class='ocrx_word' id='word_1_105' title='bbox 455 1594 750 1650; x_wconf 89' lang='lat' dir='ltr'>solemnem</span> <span class='ocrx_word' id='word_1_106' title='bbox 792 1599 934 1668; x_wconf 82' lang='lat' dir='ltr'>juris</span> <span class='ocrx_word' id='word_1_107' title='bbox 983 1601 1224 1670; x_wconf 67' lang='lat' dir='ltr'>praitorii</span> <span class='ocrx_word' id='word_1_108' title='bbox 1271 1601 1561 1658; x_wconf 87' lang='lat' dir='ltr'>formulam</span> <span class='ocrx_word' id='word_1_109' title='bbox 1592 1603 1680 1669; x_wconf 88' lang='lat' dir='ltr'>do,</span> <span class='ocrx_word' id='word_1_110' title='bbox 1710 1603 1853 1669; x_wconf 90' lang='lat' dir='ltr'>dico,</span> 
     </span>
    </p>
   </div>
   <div class='ocr_carea' id='block_1_18' title="bbox 270 1678 1854 1764">
    <p class='ocr_par' dir='ltr' id='par_1_18' title="bbox 270 1678 1854 1764">
     <span class='ocr_line' id='line_1_18' title="bbox 270 1678 1854 1764; baseline 0.007 -30"><span class='ocrx_word' id='word_1_111' title='bbox 270 1678 487 1761; x_wconf 79' lang='lat' dir='ltr'>addico,</span> <span class='ocrx_word' id='word_1_112' title='bbox 541 1686 831 1753; x_wconf 85' lang='lat' dir='ltr'>quamdam</span> <span class='ocrx_word' id='word_1_113' title='bbox 900 1702 967 1742; x_wconf 82' lang='lat' dir='ltr'>ex</span> <span class='ocrx_word' id='word_1_114' title='bbox 1039 1690 1314 1746; x_wconf 84' lang='lat' dir='ltr'>veteribus</span> <span class='ocrx_word' id='word_1_115' title='bbox 1387 1692 1565 1764; x_wconf 82' lang='lat' dir='ltr'>legem</span> <span class='ocrx_word' id='word_1_116' title='bbox 1623 1689 1854 1759; x_wconf 88' lang='lat' dir='ltr'>recitat;</span> 
     </span>
    </p>
   </div>
   <div class='ocr_carea' id='block_1_19' title="bbox 1979 522 3571 598">
    <p class='ocr_par' dir='ltr' id='par_1_19' title="bbox 1979 522 3571 598">
     <span class='ocr_line' id='line_1_19' title="bbox 1979 522 3571 598; baseline 0.002 -20"><span class='ocrx_word' id='word_1_117' title='bbox 1979 522 2191 589; x_wconf 90' lang='lat' dir='ltr'>inserti,</span> <span class='ocrx_word' id='word_1_118' title='bbox 2236 527 2422 595; x_wconf 91' lang='lat' dir='ltr'>jurare</span> <span class='ocrx_word' id='word_1_119' title='bbox 2463 527 2661 582; x_wconf 89' lang='lat' dir='ltr'>solent.</span> <span class='ocrx_word' id='word_1_120' title='bbox 2700 547 2723 577; x_wconf 67' lang='grc' dir='ltr'>ι</span> <span class='ocrx_word' id='word_1_121' title='bbox 2763 529 2832 582; x_wconf 90' lang='lat' dir='ltr'>Et</span> <span class='ocrx_word' id='word_1_122' title='bbox 2857 526 3062 590; x_wconf 83' lang='lat' dir='ltr'>Aetius,</span> <span class='ocrx_word' id='word_1_123' title='bbox 3093 525 3321 582; x_wconf 66' lang='lat' dir='ltr'>Graecus</span> <span class='ocrx_word' id='word_1_124' title='bbox 3351 526 3571 598; x_wconf 91' lang='lat' dir='ltr'>quidam</span> 
     </span>
    </p>
   </div>
   <div class='ocr_carea' id='block_1_20' title="bbox 1980 612 3569 688">
    <p class='ocr_par' dir='ltr' id='par_1_20' title="bbox 1980 612 3569 688">
     <span class='ocr_line' id='line_1_20' title="bbox 1980 612 3569 688; baseline 0.002 -21"><span class='ocrx_word' id='word_1_125' title='bbox 1980 612 2240 679; x_wconf 87' lang='lat' dir='ltr'>medicus,</span> <span class='ocrx_word' id='word_1_126' title='bbox 2273 614 2412 685; x_wconf 92' lang='lat' dir='ltr'>apud</span> <span class='ocrx_word' id='word_1_127' title='bbox 2445 614 2684 685; x_wconf 89' lang='lat' dir='ltr'>Lipsium</span> <span class='ocrx_word' id='word_1_128' title='bbox 2714 615 2777 672; x_wconf 90' lang='lat' dir='ltr'>de</span> <span class='ocrx_word' id='word_1_129' title='bbox 2800 615 3010 671; x_wconf 80' lang='lat' dir='ltr'>Militia</span> <span class='ocrx_word' id='word_1_130' title='bbox 3039 617 3194 671; x_wconf 82' lang='lat' dir='ltr'>Rom.</span> <span class='ocrx_word' id='word_1_131' title='bbox 3219 615 3256 669; x_wconf 94' lang='lat' dir='ltr'>l.</span> <span class='ocrx_word' id='word_1_132' title='bbox 3289 631 3326 669; x_wconf 90' lang='grc' dir='ltr'><strong>ι.</strong></span> <span class='ocrx_word' id='word_1_133' title='bbox 3359 614 3489 668; x_wconf 90' lang='lat' dir='ltr'>dial.</span> <span class='ocrx_word' id='word_1_134' title='bbox 3514 619 3569 688; x_wconf 89' lang='lat'>9,</span> 
     </span>
    </p>
   </div>
   <div class='ocr_carea' id='block_1_21' title="bbox 1972 701 3569 776">
    <p class='ocr_par' dir='ltr' id='par_1_21' title="bbox 1972 701 3569 776">
     <span class='ocr_line' id='line_1_21' title="bbox 1972 701 3569 776; baseline 0 -20"><span class='ocrx_word' id='word_1_135' title='bbox 1972 701 2045 756; x_wconf 86' lang='lat' dir='ltr'>ita</span> <span class='ocrx_word' id='word_1_136' title='bbox 2091 702 2364 776; x_wconf 83' lang='lat' dir='ltr'>loquitur:</span> <span class='ocrx_word' id='word_1_137' title='bbox 2395 702 2651 776; x_wconf 72' lang='grc' dir='ltr'>Στὶγματα</span> <span class='ocrx_word' id='word_1_138' title='bbox 2693 708 2894 756; x_wconf 69' lang='grc' dir='ltr'>καλοῦσι</span> <span class='ocrx_word' id='word_1_139' title='bbox 2932 703 2994 756; x_wconf 82' lang='grc' dir='ltr'>τὰ</span> <span class='ocrx_word' id='word_1_140' title='bbox 3032 702 3106 756; x_wconf 83' lang='grc' dir='ltr'>ἐπὶ</span> <span class='ocrx_word' id='word_1_141' title='bbox 3151 707 3240 757; x_wconf 80' lang='grc' dir='ltr'>τοῦ</span> <span class='ocrx_word' id='word_1_142' title='bbox 3281 705 3569 774; x_wconf 84' lang='grc' dir='ltr'>προσώπου,</span> 
     </span>
    </p>
   </div>
   <div class='ocr_carea' id='block_1_22' title="bbox 1971 786 3572 865">
    <p class='ocr_par' dir='ltr' id='par_1_22' title="bbox 1971 786 3572 865">
     <span class='ocr_line' id='line_1_22' title="bbox 1971 786 3572 865; baseline 0.002 -24"><span class='ocrx_word' id='word_1_143' title='bbox 1971 791 2182 858; x_wconf 83' lang='grc' dir='ltr'>ἢᾶλλου</span> <span class='ocrx_word' id='word_1_144' title='bbox 2235 792 2362 853; x_wconf 78' lang='grc' dir='ltr'><strong>τινὸς</strong></span> <span class='ocrx_word' id='word_1_145' title='bbox 2416 793 2589 865; x_wconf 78' lang='grc' dir='ltr'>μέρους</span> <span class='ocrx_word' id='word_1_146' title='bbox 2633 797 2722 845; x_wconf 79' lang='grc' dir='ltr'>τοῦ</span> <span class='ocrx_word' id='word_1_147' title='bbox 2767 794 3012 864; x_wconf 82' lang='grc' dir='ltr'>σώματος,</span> <span class='ocrx_word' id='word_1_148' title='bbox 3061 791 3443 864; x_wconf 74' lang='grc' dir='ltr'>ἐπιγραφόμενα,</span> <span class='ocrx_word' id='word_1_149' title='bbox 3485 786 3572 844; x_wconf 83' lang='grc' dir='ltr'>οἷα</span> 
     </span>
    </p>
   </div>
   <div class='ocr_carea' id='block_1_23' title="bbox 1971 879 3572 954">
    <p class='ocr_par' dir='ltr' id='par_1_23' title="bbox 1971 879 3572 954">
     <span class='ocr_line' id='line_1_23' title="bbox 1971 879 3572 954; baseline 0.004 -24"><span class='ocrx_word' id='word_1_150' title='bbox 1971 883 2069 931; x_wconf 81' lang='grc' dir='ltr'>τῶν</span> <span class='ocrx_word' id='word_1_151' title='bbox 2109 882 2508 954; x_wconf 81' lang='grc' dir='ltr'>στρατευομένων</span> <span class='ocrx_word' id='word_1_152' title='bbox 2540 880 2586 934; x_wconf 84' lang='grc' dir='ltr'>ἐν</span> <span class='ocrx_word' id='word_1_153' title='bbox 2617 883 2720 942; x_wconf 85' lang='grc' dir='ltr'>ταῖς</span> <span class='ocrx_word' id='word_1_154' title='bbox 2747 879 2901 952; x_wconf 82' lang='grc' dir='ltr'>χερσί.</span> <span class='ocrx_word' id='word_1_155' title='bbox 2951 880 3066 934; x_wconf 85' lang='lat' dir='ltr'>Hoc</span> <span class='ocrx_word' id='word_1_156' title='bbox 3096 889 3178 935; x_wconf 89' lang='lat' dir='ltr'>est</span> <span class='ocrx_word' id='word_1_157' title='bbox 3223 898 3236 937; x_wconf 87' lang='lat'><strong>:</strong></span> <span class='ocrx_word' id='word_1_158' title='bbox 3289 882 3572 951; x_wconf 77' lang='lat' dir='ltr'>Stigmata</span> 
     </span>
    </p>
   </div>
   <div class='ocr_carea' id='block_1_24' title="bbox 1969 970 3568 1042">
    <p class='ocr_par' dir='ltr' id='par_1_24' title="bbox 1969 970 3568 1042">
     <span class='ocr_line' id='line_1_24' title="bbox 1969 970 3568 1042; baseline 0.001 -19"><span class='ocrx_word' id='word_1_159' title='bbox 1969 974 2186 1032; x_wconf 83' lang='lat' dir='ltr'>vocant,</span> <span class='ocrx_word' id='word_1_160' title='bbox 2217 987 2342 1042; x_wconf 76' lang='lat' dir='ltr'>qua:</span> <span class='ocrx_word' id='word_1_161' title='bbox 2378 972 2440 1026; x_wconf 89' lang='lat' dir='ltr'>in</span> <span class='ocrx_word' id='word_1_162' title='bbox 2467 972 2642 1042; x_wconf 81' lang='lat' dir='ltr'>facie,</span> <span class='ocrx_word' id='word_1_163' title='bbox 2675 975 2783 1026; x_wconf 90' lang='lat' dir='ltr'>aut</span> <span class='ocrx_word' id='word_1_164' title='bbox 2813 970 2932 1026; x_wconf 88' lang='lat' dir='ltr'>alia</span> <span class='ocrx_word' id='word_1_165' title='bbox 2952 971 3200 1042; x_wconf 86' lang='lat' dir='ltr'>corporis</span> <span class='ocrx_word' id='word_1_166' title='bbox 3226 975 3414 1040; x_wconf 82' lang='lat' dir='ltr'>parte,</span> <span class='ocrx_word' id='word_1_167' title='bbox 3449 972 3568 1025; x_wconf 89' lang='lat' dir='ltr'>ins-</span> 
     </span>
    </p>
   </div>
   <div class='ocr_carea' id='block_1_25' title="bbox 1967 1058 3570 1132">
    <p class='ocr_par' dir='ltr' id='par_1_25' title="bbox 1967 1058 3570 1132">
     <span class='ocr_line' id='line_1_25' title="bbox 1967 1058 3570 1132; baseline -0.001 -18"><span class='ocrx_word' id='word_1_168' title='bbox 1967 1060 2287 1123; x_wconf 87' lang='lat' dir='ltr'>cribuntur,</span> <span class='ocrx_word' id='word_1_169' title='bbox 2322 1061 2510 1132; x_wconf 80' lang='lat' dir='ltr'>qualia</span> <span class='ocrx_word' id='word_1_170' title='bbox 2552 1065 2690 1115; x_wconf 86' lang='lat' dir='ltr'>sunt</span> <span class='ocrx_word' id='word_1_171' title='bbox 2733 1060 2993 1114; x_wconf 78' lang='lat' dir='ltr'>militum</span> <span class='ocrx_word' id='word_1_172' title='bbox 3037 1059 3099 1115; x_wconf 87' lang='lat' dir='ltr'>in</span> <span class='ocrx_word' id='word_1_173' title='bbox 3142 1058 3423 1113; x_wconf 87' lang='lat' dir='ltr'>manibus.</span> <span class='ocrx_word' id='word_1_174' title='bbox 3476 1058 3570 1113; x_wconf 87' lang='lat' dir='ltr'>His</span> 
     </span>
    </p>
   </div>
   <div class='ocr_carea' id='block_1_26' title="bbox 1968 1145 3568 1220">
    <p class='ocr_par' dir='ltr' id='par_1_26' title="bbox 1968 1145 3568 1220">
     <span class='ocr_line' id='line_1_26' title="bbox 1968 1145 3568 1220; baseline -0.001 -18"><span class='ocrx_word' id='word_1_175' title='bbox 1968 1161 2101 1219; x_wconf 86' lang='lat' dir='ltr'>ergo</span> <span class='ocrx_word' id='word_1_176' title='bbox 2130 1149 2282 1204; x_wconf 86' lang='lat' dir='ltr'>notis</span> <span class='ocrx_word' id='word_1_177' title='bbox 2311 1147 2531 1214; x_wconf 88' lang='lat' dir='ltr'>milites,</span> <span class='ocrx_word' id='word_1_178' title='bbox 2563 1147 2817 1220; x_wconf 88' lang='lat' dir='ltr'>quamdiu</span> <span class='ocrx_word' id='word_1_179' title='bbox 2862 1146 2996 1218; x_wconf 91' lang='lat' dir='ltr'>ipsis</span> <span class='ocrx_word' id='word_1_180' title='bbox 3049 1145 3391 1200; x_wconf 90' lang='lat' dir='ltr'>militandum</span> <span class='ocrx_word' id='word_1_181' title='bbox 3426 1154 3568 1212; x_wconf 87' lang='lat' dir='ltr'>erat,</span> 
     </span>
    </p>
   </div>
   <div class='ocr_carea' id='block_1_27' title="bbox 1966 1235 3566 1300">
    <p class='ocr_par' dir='ltr' id='par_1_27' title="bbox 1966 1235 3566 1300">
     <span class='ocr_line' id='line_1_27' title="bbox 1966 1235 3566 1300; baseline 0.001 -12"><span class='ocrx_word' id='word_1_182' title='bbox 1966 1251 2187 1289; x_wconf 91' lang='lat' dir='ltr'>suorum</span> <span class='ocrx_word' id='word_1_183' title='bbox 2235 1236 2531 1292; x_wconf 86' lang='lat' dir='ltr'>ofﬁciorum</span> <span class='ocrx_word' id='word_1_184' title='bbox 2582 1235 2840 1291; x_wconf 91' lang='lat' dir='ltr'>continuo</span> <span class='ocrx_word' id='word_1_185' title='bbox 2889 1235 3339 1300; x_wconf 89' lang='lat' dir='ltr'>admonebantur,</span> <span class='ocrx_word' id='word_1_186' title='bbox 3371 1241 3425 1291; x_wconf 86' lang='lat' dir='ltr'>et</span> <span class='ocrx_word' id='word_1_187' title='bbox 3468 1249 3566 1290; x_wconf 88' lang='lat' dir='ltr'>eo-</span> 
     </span>
    </p>
   </div>
   <div class='ocr_carea' id='block_1_28' title="bbox 1967 1323 3568 1397">
    <p class='ocr_par' dir='ltr' id='par_1_28' title="bbox 1967 1323 3568 1397">
     <span class='ocr_line' id='line_1_28' title="bbox 1967 1323 3568 1397; baseline 0.001 -21"><span class='ocrx_word' id='word_1_188' title='bbox 1967 1325 2212 1380; x_wconf 89' lang='lat' dir='ltr'>rumdem</span> <span class='ocrx_word' id='word_1_189' title='bbox 2243 1323 2732 1397; x_wconf 85' lang='lat' dir='ltr'>transgressoribus</span> <span class='ocrx_word' id='word_1_190' title='bbox 2777 1323 3112 1394; x_wconf 63' lang='lat' dir='ltr'>gravissimae</span> <span class='ocrx_word' id='word_1_191' title='bbox 3160 1323 3345 1394; x_wconf 90' lang='lat' dir='ltr'>utique</span> <span class='ocrx_word' id='word_1_192' title='bbox 3392 1337 3568 1392; x_wconf 65' lang='lat' dir='ltr'>poenae</span> 
     </span>
    </p>
   </div>
   <div class='ocr_carea' id='block_1_29' title="bbox 1967 1412 2479 1468">
    <p class='ocr_par' dir='ltr' id='par_1_29' title="bbox 1967 1412 2479 1468">
     <span class='ocr_line' id='line_1_29' title="bbox 1967 1412 2479 1468; baseline 0.008 -4"><span class='ocrx_word' id='word_1_193' title='bbox 1967 1412 2273 1468; x_wconf 70' lang='lat' dir='ltr'>metuenda:</span> <span class='ocrx_word' id='word_1_194' title='bbox 2302 1421 2479 1468; x_wconf 89' lang='lat' dir='ltr'>erant.</span> 
     </span>
    </p>
   </div>
   <div class='ocr_carea' id='block_1_30' title="bbox 2039 1499 3566 1576">
    <p class='ocr_par' dir='ltr' id='par_1_30' title="bbox 2039 1499 3566 1576">
     <span class='ocr_line' id='line_1_30' title="bbox 2039 1499 3566 1576; baseline -0.001 -21"><span class='ocrx_word' id='word_1_195' title='bbox 2039 1503 2283 1558; x_wconf 76' lang='lat' dir='ltr'>[nitaris</span> <span class='ocrx_word' id='word_1_196' title='bbox 2319 1520 2545 1575; x_wconf 89' lang='lat' dir='ltr'>aquam,</span> <span class='ocrx_word' id='word_1_197' title='bbox 2576 1519 2671 1559; x_wconf 91' lang='lat' dir='ltr'>seu</span> <span class='ocrx_word' id='word_1_198' title='bbox 2701 1500 3073 1576; x_wconf 74' lang='lat' dir='ltr'>baptizandis.</span> <span class='ocrx_word' id='word_1_199' title='bbox 3117 1502 3269 1556; x_wconf 90' lang='lat' dir='ltr'>Tunc</span> <span class='ocrx_word' id='word_1_200' title='bbox 3310 1499 3566 1570; x_wconf 90' lang='lat' dir='ltr'>temporis</span> 
     </span>
    </p>
   </div>
   <div class='ocr_carea' id='block_1_31' title="bbox 1966 1587 3566 1660">
    <p class='ocr_par' dir='ltr' id='par_1_31' title="bbox 1966 1587 3566 1660">
     <span class='ocr_line' id='line_1_31' title="bbox 1966 1587 3566 1660; baseline -0.001 -16"><span class='ocrx_word' id='word_1_201' title='bbox 1966 1597 2146 1644; x_wconf 88' lang='lat' dir='ltr'>autem</span> <span class='ocrx_word' id='word_1_202' title='bbox 2190 1590 2489 1659; x_wconf 86' lang='lat' dir='ltr'>baptismus</span> <span class='ocrx_word' id='word_1_203' title='bbox 2535 1591 2895 1646; x_wconf 87' lang='lat' dir='ltr'>communiter</span> <span class='ocrx_word' id='word_1_204' title='bbox 2933 1588 3097 1646; x_wconf 83' lang='lat' dir='ltr'>ﬁebat</span> <span class='ocrx_word' id='word_1_205' title='bbox 3128 1603 3223 1660; x_wconf 91' lang='lat' dir='ltr'>per</span> <span class='ocrx_word' id='word_1_206' title='bbox 3251 1587 3566 1644; x_wconf 88' lang='lat' dir='ltr'>immersio-</span> 
     </span>
    </p>
   </div>
   <div class='ocr_carea' id='block_1_32' title="bbox 1964 1678 3566 1750">
    <p class='ocr_par' dir='ltr' id='par_1_32' title="bbox 1964 1678 3566 1750">
     <span class='ocr_line' id='line_1_32' title="bbox 1964 1678 3566 1750; baseline -0.002 -16"><span class='ocrx_word' id='word_1_207' title='bbox 1964 1693 2110 1748; x_wconf 86' lang='lat' dir='ltr'>nem,</span> <span class='ocrx_word' id='word_1_208' title='bbox 2140 1685 2200 1733; x_wconf 90' lang='lat' dir='ltr'>ut</span> <span class='ocrx_word' id='word_1_209' title='bbox 2243 1679 2347 1734; x_wconf 88' lang='lat' dir='ltr'>late</span> <span class='ocrx_word' id='word_1_210' title='bbox 2380 1679 2676 1750; x_wconf 85' lang='lat' dir='ltr'>dogmatici</span> <span class='ocrx_word' id='word_1_211' title='bbox 2708 1678 2902 1735; x_wconf 90' lang='lat' dir='ltr'>nostri.</span> <span class='ocrx_word' id='word_1_212' title='bbox 2935 1678 3102 1750; x_wconf 81' lang='lat' dir='ltr'>Igitur</span> <span class='ocrx_word' id='word_1_213' title='bbox 3130 1693 3268 1750; x_wconf 88' lang='lat' dir='ltr'>aqua</span> <span class='ocrx_word' id='word_1_214' title='bbox 3301 1687 3425 1732; x_wconf 93' lang='lat' dir='ltr'>tunc</span> <span class='ocrx_word' id='word_1_215' title='bbox 3456 1691 3566 1731; x_wconf 91' lang='lat' dir='ltr'>non</span> 
     </span>
    </p>
   </div>
   <div class='ocr_carea' id='block_1_33' title="bbox 274 1755 3061 1850">
    <p class='ocr_par' dir='ltr' id='par_1_33' title="bbox 274 1755 3061 1850">
     <span class='ocr_line' id='line_1_33' title="bbox 274 1755 3061 1850; baseline 0.005 -28"><span class='ocrx_word' id='word_1_216' title='bbox 274 1786 298 1815; x_wconf 74' lang='grc' dir='ltr'><strong>α</strong></span> <span class='ocrx_word' id='word_1_217' title='bbox 347 1755 681 1841; x_wconf 82' lang='lat' dir='ltr'>Quicumque</span> <span class='ocrx_word' id='word_1_218' title='bbox 722 1776 1066 1848; x_wconf 80' lang='lat' dir='ltr'>magistratus</span> <span class='ocrx_word' id='word_1_219' title='bbox 1096 1778 1151 1832; x_wconf 92' lang='lat' dir='ltr'>in</span> <span class='ocrx_word' id='word_1_220' title='bbox 1198 1796 1260 1835; x_wconf 85' lang='lat' dir='ltr'>ea</span> <span class='ocrx_word' id='word_1_221' title='bbox 1288 1755 1498 1835; x_wconf 75' lang='lat' dir='ltr'>colonia</span> <span class='ocrx_word' id='word_1_222' title='bbox 1532 1755 1855 1850; x_wconf 45' lang='lat' dir='ltr'>juredicun;</span> <span class='ocrx_word' id='word_1_223' title='bbox 1889 1755 1937 1838; x_wconf 72' lang='grc' dir='ltr'><strong><em>Β</em></strong></span> <span class='ocrx_word' id='word_1_224' title='bbox 1965 1767 2245 1835; x_wconf 62' lang='lat' dir='ltr'>adeunda:</span> <span class='ocrx_word' id='word_1_225' title='bbox 2277 1766 2371 1822; x_wconf 75' lang='lat' dir='ltr'>sed</span> <span class='ocrx_word' id='word_1_226' title='bbox 2395 1767 2554 1837; x_wconf 66' lang='lat' dir='ltr'>Plane</span> <span class='ocrx_word' id='word_1_227' title='bbox 2585 1768 2839 1824; x_wconf 72' lang='grc' dir='ltr'>ίηθυηάα</span> <span class='ocrx_word' id='word_1_228' title='bbox 2866 1766 3061 1821; x_wconf 52' lang='lat' dir='ltr'>memi-</span> 
     </span>
    </p>
   </div>
   <div class='ocr_carea' id='block_1_34' title="bbox 269 1855 1852 1939">
    <p class='ocr_par' dir='ltr' id='par_1_34' title="bbox 269 1855 1852 1939">
     <span class='ocr_line' id='line_1_34' title="bbox 269 1855 1852 1939; baseline 0.011 -31"><span class='ocrx_word' id='word_1_229' title='bbox 269 1855 338 1909; x_wconf 90' lang='lat' dir='ltr'>do</span> <span class='ocrx_word' id='word_1_230' title='bbox 370 1858 606 1930; x_wconf 72' lang='lat' dir='ltr'>praeerit,</span> <span class='ocrx_word' id='word_1_231' title='bbox 657 1863 777 1931; x_wconf 90' lang='lat' dir='ltr'>ejus</span> <span class='ocrx_word' id='word_1_232' title='bbox 821 1866 1167 1936; x_wconf 78' lang='lat' dir='ltr'>magistratus</span> <span class='ocrx_word' id='word_1_233' title='bbox 1204 1867 1269 1923; x_wconf 92' lang='lat' dir='ltr'>de</span> <span class='ocrx_word' id='word_1_234' title='bbox 1316 1884 1383 1924; x_wconf 89' lang='lat' dir='ltr'>ea</span> <span class='ocrx_word' id='word_1_235' title='bbox 1424 1884 1483 1924; x_wconf 92' lang='lat' dir='ltr'>re</span> <span class='ocrx_word' id='word_1_236' title='bbox 1523 1868 1852 1939; x_wconf 85' lang='lat' dir='ltr'>jurisdictio,</span> 
     </span>
    </p>
   </div>
   <div class='ocr_carea' id='block_1_35' title="bbox 259 1943 1854 2017">
    <p class='ocr_par' dir='ltr' id='par_1_35' title="bbox 259 1943 1854 2017">
     <span class='ocr_line' id='line_1_35' title="bbox 259 1943 1854 2017; baseline 0.011 -22"><span class='ocrx_word' id='word_1_237' title='bbox 259 1943 564 2017; x_wconf 85' lang='lat' dir='ltr'>judicisque</span> <span class='ocrx_word' id='word_1_238' title='bbox 592 1948 769 2016; x_wconf 80' lang='lat' dir='ltr'>datio,</span> <span class='ocrx_word' id='word_1_239' title='bbox 792 1952 1036 2010; x_wconf 85' lang='lat' dir='ltr'>addictio</span> <span class='ocrx_word' id='word_1_240' title='bbox 1066 1963 1204 2015; x_wconf 91' lang='lat' dir='ltr'>esto.</span> <span class='ocrx_word' id='word_1_241' title='bbox 1245 1978 1267 2007; x_wconf 72' lang='grc' dir='ltr'>ι</span> <span class='ocrx_word' id='word_1_242' title='bbox 1301 1956 1447 2013; x_wconf 82' lang='lat' dir='ltr'>Alias</span> <span class='ocrx_word' id='word_1_243' title='bbox 1483 1966 1662 2014; x_wconf 90' lang='lat' dir='ltr'>autem</span> <span class='ocrx_word' id='word_1_244' title='bbox 1691 1956 1854 2013; x_wconf 89' lang='lat' dir='ltr'>addi-</span> 
     </span>
    </p>
   </div>
   <div class='ocr_carea' id='block_1_36' title="bbox 269 2037 1093 2104">
    <p class='ocr_par' dir='ltr' id='par_1_36' title="bbox 269 2037 1093 2104">
     <span class='ocr_line' id='line_1_36' title="bbox 269 2037 1093 2104; baseline 0.015 -18"><span class='ocrx_word' id='word_1_245' title='bbox 269 2047 394 2087; x_wconf 83' lang='lat' dir='ltr'>cere</span> <span class='ocrx_word' id='word_1_246' title='bbox 424 2037 638 2104; x_wconf 88' lang='lat' dir='ltr'>proprie</span> <span class='ocrx_word' id='word_1_247' title='bbox 668 2040 968 2098; x_wconf 87' lang='lat' dir='ltr'>venditoris</span> <span class='ocrx_word' id='word_1_248' title='bbox 995 2051 1093 2098; x_wconf 86' lang='lat' dir='ltr'>est.</span> 
     </span>
    </p>
   </div>
   <div class='ocr_carea' id='block_1_37' title="bbox 333 2122 1109 2188">
    <p class='ocr_par' dir='ltr' id='par_1_37' title="bbox 333 2122 1109 2188">
     <span class='ocr_line' id='line_1_37' title="bbox 333 2122 1109 2188; baseline 0.014 -13"><span class='ocrx_word' id='word_1_249' title='bbox 333 2122 623 2182; x_wconf 78' lang='lat' dir='ltr'>Instituit.</span> <span class='ocrx_word' id='word_1_250' title='bbox 658 2127 762 2184; x_wconf 92' lang='lat' dir='ltr'>Pro</span> <span class='ocrx_word' id='word_1_251' title='bbox 787 2134 1109 2188; x_wconf 81' lang='lat' dir='ltr'>constituit.</span> 
     </span>
    </p>
   </div>
   <div class='ocr_carea' id='block_1_38' title="bbox 342 2209 1854 2292">
    <p class='ocr_par' dir='ltr' id='par_1_38' title="bbox 342 2209 1854 2292">
     <span class='ocr_line' id='line_1_38' title="bbox 342 2209 1854 2292; baseline 0.007 -29"><span class='ocrx_word' id='word_1_252' title='bbox 342 2209 820 2282; x_wconf 84' lang='lat' dir='ltr'>Compensatione.</span> <span class='ocrx_word' id='word_1_253' title='bbox 852 2218 993 2273; x_wconf 88' lang='lat' dir='ltr'>Sane</span> <span class='ocrx_word' id='word_1_254' title='bbox 1031 2227 1211 2276; x_wconf 88' lang='lat' dir='ltr'>autem</span> <span class='ocrx_word' id='word_1_255' title='bbox 1243 2236 1338 2290; x_wconf 91' lang='lat' dir='ltr'>per</span> <span class='ocrx_word' id='word_1_256' title='bbox 1366 2220 1734 2292; x_wconf 78' lang='lat' dir='ltr'>paenitentiam</span> <span class='ocrx_word' id='word_1_257' title='bbox 1760 2220 1854 2289; x_wconf 93' lang='lat' dir='ltr'>jus</span> 
     </span>
    </p>
   </div>
   <div class='ocr_carea' id='block_1_39' title="bbox 268 2295 1856 2380">
    <p class='ocr_par' dir='ltr' id='par_1_39' title="bbox 268 2295 1856 2380">
     <span class='ocr_line' id='line_1_39' title="bbox 268 2295 1856 2380; baseline 0.01 -31"><span class='ocrx_word' id='word_1_258' title='bbox 268 2295 548 2366; x_wconf 90' lang='lat' dir='ltr'>divinum,</span> <span class='ocrx_word' id='word_1_259' title='bbox 607 2314 824 2371; x_wconf 88' lang='lat' dir='ltr'>peccato</span> <span class='ocrx_word' id='word_1_260' title='bbox 886 2305 1111 2375; x_wconf 69' lang='lat' dir='ltr'>laesum,</span> <span class='ocrx_word' id='word_1_261' title='bbox 1172 2320 1492 2379; x_wconf 89' lang='lat' dir='ltr'>reparatur,</span> <span class='ocrx_word' id='word_1_262' title='bbox 1552 2310 1856 2380; x_wconf 89' lang='lat' dir='ltr'>injuriaque</span> 
     </span>
    </p>
   </div>
   <div class='ocr_carea' id='block_1_40' title="bbox 265 2384 1857 2468">
    <p class='ocr_par' dir='ltr' id='par_1_40' title="bbox 265 2384 1857 2468">
     <span class='ocr_line' id='line_1_40' title="bbox 265 2384 1857 2468; baseline 0.009 -31"><span class='ocrx_word' id='word_1_263' title='bbox 265 2384 436 2439; x_wconf 92' lang='lat' dir='ltr'>eidem</span> <span class='ocrx_word' id='word_1_264' title='bbox 475 2387 618 2444; x_wconf 90' lang='lat' dir='ltr'>illata</span> <span class='ocrx_word' id='word_1_265' title='bbox 655 2406 1058 2466; x_wconf 86' lang='lat' dir='ltr'>compensatur,</span> <span class='ocrx_word' id='word_1_266' title='bbox 1101 2397 1153 2451; x_wconf 91' lang='lat' dir='ltr'>in</span> <span class='ocrx_word' id='word_1_267' title='bbox 1184 2409 1439 2468; x_wconf 90' lang='lat' dir='ltr'>quantum</span> <span class='ocrx_word' id='word_1_268' title='bbox 1471 2413 1667 2467; x_wconf 89' lang='lat' dir='ltr'>nempe</span> <span class='ocrx_word' id='word_1_269' title='bbox 1705 2405 1857 2452; x_wconf 90' lang='lat' dir='ltr'>actus</span> 
     </span>
    </p>
   </div>
   <div class='ocr_carea' id='block_1_41' title="bbox 263 2475 1852 2555">
    <p class='ocr_par' dir='ltr' id='par_1_41' title="bbox 263 2475 1852 2555">
     <span class='ocr_line' id='line_1_41' title="bbox 263 2475 1852 2555; baseline 0.009 -27"><span class='ocrx_word' id='word_1_270' title='bbox 263 2475 592 2543; x_wconf 66' lang='lat' dir='ltr'>paenitentiae</span> <span class='ocrx_word' id='word_1_271' title='bbox 634 2480 804 2552; x_wconf 89' lang='lat' dir='ltr'>ipsam</span> <span class='ocrx_word' id='word_1_272' title='bbox 835 2484 1033 2540; x_wconf 91' lang='lat' dir='ltr'>Christi</span> <span class='ocrx_word' id='word_1_273' title='bbox 1072 2500 1171 2555; x_wconf 92' lang='lat' dir='ltr'>pro</span> <span class='ocrx_word' id='word_1_274' title='bbox 1217 2487 1373 2541; x_wconf 90' lang='lat' dir='ltr'>nobis</span> <span class='ocrx_word' id='word_1_275' title='bbox 1410 2487 1852 2552; x_wconf 86' lang='lat' dir='ltr'>satisfactionem,</span> 
     </span>
    </p>
   </div>
   <div class='ocr_carea' id='block_1_42' title="bbox 263 2563 1850 2644">
    <p class='ocr_par' dir='ltr' id='par_1_42' title="bbox 263 2563 1850 2644">
     <span class='ocr_line' id='line_1_42' title="bbox 263 2563 1850 2644; baseline 0.009 -28"><span class='ocrx_word' id='word_1_276' title='bbox 263 2563 613 2636; x_wconf 88' lang='lat' dir='ltr'>ejusdemque</span> <span class='ocrx_word' id='word_1_277' title='bbox 680 2569 868 2624; x_wconf 90' lang='lat' dir='ltr'>merita</span> <span class='ocrx_word' id='word_1_278' title='bbox 915 2571 1020 2626; x_wconf 90' lang='lat' dir='ltr'>sibi</span> <span class='ocrx_word' id='word_1_279' title='bbox 1076 2573 1264 2628; x_wconf 88' lang='lat' dir='ltr'>intime</span> <span class='ocrx_word' id='word_1_280' title='bbox 1322 2575 1610 2644; x_wconf 90' lang='lat' dir='ltr'>conjuncta</span> <span class='ocrx_word' id='word_1_281' title='bbox 1671 2576 1850 2632; x_wconf 88' lang='lat' dir='ltr'>habet.</span> 
     </span>
    </p>
   </div>
   <div class='ocr_carea' id='block_1_43' title="bbox 261 2649 1852 2734">
    <p class='ocr_par' dir='ltr' id='par_1_43' title="bbox 261 2649 1852 2734">
     <span class='ocr_line' id='line_1_43' title="bbox 261 2649 1852 2734; baseline 0.009 -32"><span class='ocrx_word' id='word_1_282' title='bbox 261 2649 402 2704; x_wconf 89' lang='lat' dir='ltr'>Sane</span> <span class='ocrx_word' id='word_1_283' title='bbox 450 2653 601 2708; x_wconf 91' lang='lat' dir='ltr'>multi</span> <span class='ocrx_word' id='word_1_284' title='bbox 640 2655 900 2727; x_wconf 85' lang='lat' dir='ltr'>deinceps</span> <span class='ocrx_word' id='word_1_285' title='bbox 947 2675 1014 2713; x_wconf 85' lang='lat' dir='ltr'>ex</span> <span class='ocrx_word' id='word_1_286' title='bbox 1060 2660 1412 2716; x_wconf 88' lang='lat' dir='ltr'>Scholasticis</span> <span class='ocrx_word' id='word_1_287' title='bbox 1462 2661 1632 2729; x_wconf 90' lang='lat' dir='ltr'>fuere,</span> <span class='ocrx_word' id='word_1_288' title='bbox 1673 2679 1852 2734; x_wconf 88' lang='lat' dir='ltr'>neque</span> 
     </span>
    </p>
   </div>
   <div class='ocr_carea' id='block_1_44' title="bbox 259 2736 1854 2820">
    <p class='ocr_par' dir='ltr' id='par_1_44' title="bbox 259 2736 1854 2820">
     <span class='ocr_line' id='line_1_44' title="bbox 259 2736 1854 2820; baseline 0.01 -30"><span class='ocrx_word' id='word_1_289' title='bbox 259 2736 420 2793; x_wconf 85' lang='lat' dir='ltr'>hodie</span> <span class='ocrx_word' id='word_1_290' title='bbox 452 2741 664 2810; x_wconf 87' lang='lat' dir='ltr'>desunt,</span> <span class='ocrx_word' id='word_1_291' title='bbox 704 2745 980 2811; x_wconf 89' lang='lat' dir='ltr'>docentes,</span> <span class='ocrx_word' id='word_1_292' title='bbox 1014 2750 1300 2806; x_wconf 88' lang='lat' dir='ltr'>rationem</span> <span class='ocrx_word' id='word_1_293' title='bbox 1323 2751 1648 2820; x_wconf 83' lang='lat' dir='ltr'>formalem,</span> <span class='ocrx_word' id='word_1_294' title='bbox 1674 2758 1732 2805; x_wconf 89' lang='lat' dir='ltr'>ut</span> <span class='ocrx_word' id='word_1_295' title='bbox 1759 2766 1854 2808; x_wconf 90' lang='lat' dir='ltr'>vo-</span> 
     </span>
    </p>
   </div>
   <div class='ocr_carea' id='block_1_45' title="bbox 262 2834 1850 2911">
    <p class='ocr_par' dir='ltr' id='par_1_45' title="bbox 262 2834 1850 2911">
     <span class='ocr_line' id='line_1_45' title="bbox 262 2834 1850 2911; baseline 0.011 -33"><span class='ocrx_word' id='word_1_296' title='bbox 262 2834 406 2896; x_wconf 85' lang='lat' dir='ltr'>cant,</span> <span class='ocrx_word' id='word_1_297' title='bbox 432 2834 788 2901; x_wconf 65' lang='lat' dir='ltr'>paenitentia:</span> <span class='ocrx_word' id='word_1_298' title='bbox 812 2834 870 2889; x_wconf 92' lang='lat' dir='ltr'>in</span> <span class='ocrx_word' id='word_1_299' title='bbox 902 2840 1355 2909; x_wconf 79' lang='lat' dir='ltr'>compensatione</span> <span class='ocrx_word' id='word_1_300' title='bbox 1387 2839 1659 2909; x_wconf 65' lang='lat' dir='ltr'>praedictae</span> <span class='ocrx_word' id='word_1_301' title='bbox 1687 2840 1850 2911; x_wconf 88' lang='lat' dir='ltr'>inju-</span> 
     </span>
    </p>
   </div>
   <div class='ocr_carea' id='block_1_46' title="bbox 259 2918 712 2976">
    <p class='ocr_par' dir='ltr' id='par_1_46' title="bbox 259 2918 712 2976">
     <span class='ocr_line' id='line_1_46' title="bbox 259 2918 712 2976; baseline 0.011 -5"><span class='ocrx_word' id='word_1_302' title='bbox 259 2918 366 2972; x_wconf 81' lang='lat' dir='ltr'>rire</span> <span class='ocrx_word' id='word_1_303' title='bbox 393 2918 712 2976; x_wconf 87' lang='lat' dir='ltr'>consistere.</span> 
     </span>
    </p>
   </div>
   <div class='ocr_carea' id='block_1_47' title="bbox 334 3005 1850 3086">
    <p class='ocr_par' dir='ltr' id='par_1_47' title="bbox 334 3005 1850 3086">
     <span class='ocr_line' id='line_1_47' title="bbox 334 3005 1850 3086; baseline 0.008 -28"><span class='ocrx_word' id='word_1_304' title='bbox 334 3005 412 3059; x_wconf 80' lang='lat' dir='ltr'>Ne</span> <span class='ocrx_word' id='word_1_305' title='bbox 440 3006 690 3065; x_wconf 88' lang='lat' dir='ltr'>adulter.</span> <span class='ocrx_word' id='word_1_306' title='bbox 722 3011 823 3066; x_wconf 91' lang='lat' dir='ltr'>Per</span> <span class='ocrx_word' id='word_1_307' title='bbox 853 3011 1064 3082; x_wconf 91' lang='lat' dir='ltr'>ellipsin</span> <span class='ocrx_word' id='word_1_308' title='bbox 1089 3014 1271 3086; x_wconf 90' lang='lat' dir='ltr'>utique</span> <span class='ocrx_word' id='word_1_309' title='bbox 1287 3015 1721 3070; x_wconf 86' lang='lat' dir='ltr'>subaudiendum</span> <span class='ocrx_word' id='word_1_310' title='bbox 1752 3017 1850 3073; x_wconf 86' lang='lat' dir='ltr'>sit.</span> 
     </span>
    </p>
   </div>
   <div class='ocr_carea' id='block_1_48' title="bbox 341 3094 1736 3174">
    <p class='ocr_par' dir='ltr' id='par_1_48' title="bbox 341 3094 1736 3174">
     <span class='ocr_line' id='line_1_48' title="bbox 341 3094 1736 3174; baseline 0.006 -26"><span class='ocrx_word' id='word_1_311' title='bbox 341 3094 662 3152; x_wconf 85' lang='lat' dir='ltr'>Veritatem.</span> <span class='ocrx_word' id='word_1_312' title='bbox 693 3099 806 3154; x_wconf 90' lang='lat' dir='ltr'>Ceu</span> <span class='ocrx_word' id='word_1_313' title='bbox 835 3100 1060 3156; x_wconf 90' lang='lat' dir='ltr'>inferius</span> <span class='ocrx_word' id='word_1_314' title='bbox 1091 3103 1267 3174; x_wconf 84' lang='lat' dir='ltr'>magis</span> <span class='ocrx_word' id='word_1_315' title='bbox 1298 3105 1736 3160; x_wconf 72' lang='lat' dir='ltr'>examinandum.</span> 
     </span>
    </p>
   </div>
   <div class='ocr_carea' id='block_1_49' title="bbox 331 3182 1852 3265">
    <p class='ocr_par' dir='ltr' id='par_1_49' title="bbox 331 3182 1852 3265">
     <span class='ocr_line' id='line_1_49' title="bbox 331 3182 1852 3265; baseline 0.009 -29"><span class='ocrx_word' id='word_1_316' title='bbox 331 3182 703 3242; x_wconf 84' lang='lat' dir='ltr'>Absolvimur.</span> <span class='ocrx_word' id='word_1_317' title='bbox 735 3187 945 3245; x_wconf 90' lang='lat' dir='ltr'>lronica</span> <span class='ocrx_word' id='word_1_318' title='bbox 987 3193 1104 3246; x_wconf 70' lang='lat' dir='ltr'>hzec</span> <span class='ocrx_word' id='word_1_319' title='bbox 1141 3191 1343 3248; x_wconf 89' lang='lat' dir='ltr'>locutio</span> <span class='ocrx_word' id='word_1_320' title='bbox 1392 3201 1506 3262; x_wconf 89' lang='lat' dir='ltr'>est;</span> <span class='ocrx_word' id='word_1_321' title='bbox 1543 3194 1695 3265; x_wconf 76' lang='lat' dir='ltr'>quasi</span> <span class='ocrx_word' id='word_1_322' title='bbox 1723 3209 1852 3250; x_wconf 89' lang='lat' dir='ltr'>vero</span> 
     </span>
    </p>
   </div>
   <div class='ocr_carea' id='block_1_50' title="bbox 259 3268 1854 3354">
    <p class='ocr_par' dir='ltr' id='par_1_50' title="bbox 259 3268 1854 3354">
     <span class='ocr_line' id='line_1_50' title="bbox 259 3268 1854 3354; baseline 0.009 -32"><span class='ocrx_word' id='word_1_323' title='bbox 259 3268 379 3340; x_wconf 91' lang='lat' dir='ltr'>ipsa</span> <span class='ocrx_word' id='word_1_324' title='bbox 407 3272 679 3330; x_wconf 89' lang='lat' dir='ltr'>absolutio</span> <span class='ocrx_word' id='word_1_325' title='bbox 725 3292 866 3333; x_wconf 81' lang='lat' dir='ltr'>verae</span> <span class='ocrx_word' id='word_1_326' title='bbox 907 3280 1260 3348; x_wconf 75' lang='lat' dir='ltr'>poenitentiae,</span> <span class='ocrx_word' id='word_1_327' title='bbox 1314 3291 1408 3337; x_wconf 88' lang='lat' dir='ltr'>aut</span> <span class='ocrx_word' id='word_1_328' title='bbox 1431 3283 1546 3351; x_wconf 91' lang='lat' dir='ltr'>jam</span> <span class='ocrx_word' id='word_1_329' title='bbox 1575 3291 1730 3354; x_wconf 67' lang='lat' dir='ltr'>actae,</span> <span class='ocrx_word' id='word_1_330' title='bbox 1762 3291 1854 3338; x_wconf 89' lang='lat' dir='ltr'>aut</span> 
     </span>
    </p>
   </div>
   <div class='ocr_carea' id='block_1_51' title="bbox 259 3360 1135 3430">
    <p class='ocr_par' dir='ltr' id='par_1_51' title="bbox 259 3360 1135 3430">
     <span class='ocr_line' id='line_1_51' title="bbox 259 3360 1135 3430; baseline 0.013 -18"><span class='ocrx_word' id='word_1_331' title='bbox 259 3360 510 3430; x_wconf 69' lang='lat' dir='ltr'>agendae,</span> <span class='ocrx_word' id='word_1_332' title='bbox 541 3363 939 3423; x_wconf 87' lang='lat' dir='ltr'>demonstratio</span> <span class='ocrx_word' id='word_1_333' title='bbox 971 3381 1135 3426; x_wconf 91' lang='lat' dir='ltr'>esset.</span> 
     </span>
    </p>
   </div>
   <div class='ocr_carea' id='block_1_52' title="bbox 332 3449 1341 3530">
    <p class='ocr_par' dir='ltr' id='par_1_52' title="bbox 332 3449 1341 3530">
     <span class='ocr_line' id='line_1_52' title="bbox 332 3449 1341 3530; baseline 0.009 -28"><span class='ocrx_word' id='word_1_334' title='bbox 332 3449 635 3516; x_wconf 88' lang='lat' dir='ltr'>Pendente,</span> <span class='ocrx_word' id='word_1_335' title='bbox 670 3453 707 3507; x_wconf 91' lang='lat' dir='ltr'>i.</span> <span class='ocrx_word' id='word_1_336' title='bbox 739 3470 789 3509; x_wconf 92' lang='lat' dir='ltr'>e.</span> <span class='ocrx_word' id='word_1_337' title='bbox 831 3457 1014 3512; x_wconf 88' lang='lat' dir='ltr'>adhuc</span> <span class='ocrx_word' id='word_1_338' title='bbox 1051 3473 1341 3530; x_wconf 87' lang='lat' dir='ltr'>suspensa.</span> 
     </span>
    </p>
   </div>
   <div class='ocr_carea' id='block_1_53' title="bbox 334 3533 1536 3610">
    <p class='ocr_par' dir='ltr' id='par_1_53' title="bbox 334 3533 1536 3610">
     <span class='ocr_line' id='line_1_53' title="bbox 334 3533 1536 3610; baseline 0.012 -24"><span class='ocrx_word' id='word_1_339' title='bbox 334 3533 698 3606; x_wconf 85' lang='lat' dir='ltr'>Prospicit-ur.</span> <span class='ocrx_word' id='word_1_340' title='bbox 721 3538 996 3610; x_wconf 88' lang='lat' dir='ltr'>Tanquam</span> <span class='ocrx_word' id='word_1_341' title='bbox 1021 3542 1198 3596; x_wconf 87' lang='lat' dir='ltr'>adhuc</span> <span class='ocrx_word' id='word_1_342' title='bbox 1228 3542 1536 3601; x_wconf 89' lang='lat' dir='ltr'>imminens.</span> 
     </span>
    </p>
   </div>
   <div class='ocr_carea' id='block_1_54' title="bbox 335 3621 1852 3700">
    <p class='ocr_par' dir='ltr' id='par_1_54' title="bbox 335 3621 1852 3700">
     <span class='ocr_line' id='line_1_54' title="bbox 335 3621 1852 3700; baseline 0.008 -24"><span class='ocrx_word' id='word_1_343' title='bbox 335 3621 586 3680; x_wconf 77' lang='lat' dir='ltr'>Mutatus</span> <span class='ocrx_word' id='word_1_344' title='bbox 606 3631 710 3684; x_wconf 88' lang='lat' dir='ltr'>est.</span> <span class='ocrx_word' id='word_1_345' title='bbox 744 3628 800 3681; x_wconf 85' lang='lat' dir='ltr'>in</span> <span class='ocrx_word' id='word_1_346' title='bbox 830 3637 1025 3684; x_wconf 89' lang='lat' dir='ltr'>statum</span> <span class='ocrx_word' id='word_1_347' title='bbox 1043 3633 1156 3700; x_wconf 90' lang='lat' dir='ltr'>jam</span> <span class='ocrx_word' id='word_1_348' title='bbox 1193 3630 1358 3687; x_wconf 91' lang='lat' dir='ltr'>alium</span> <span class='ocrx_word' id='word_1_349' title='bbox 1391 3632 1705 3688; x_wconf 88' lang='lat' dir='ltr'>translatus.</span> <span class='ocrx_word' id='word_1_350' title='bbox 1740 3633 1852 3688; x_wconf 84' lang='lat' dir='ltr'>Hoc</span> 
     </span>
    </p>
   </div>
   <div class='ocr_carea' id='block_1_55' title="bbox 259 3704 1847 3787">
    <p class='ocr_par' dir='ltr' id='par_1_55' title="bbox 259 3704 1847 3787">
     <span class='ocr_line' id='line_1_55' title="bbox 259 3704 1847 3787; baseline 0.009 -24"><span class='ocrx_word' id='word_1_351' title='bbox 259 3725 421 3765; x_wconf 87' lang='lat' dir='ltr'>sensu</span> <span class='ocrx_word' id='word_1_352' title='bbox 453 3704 607 3768; x_wconf 72' lang='lat' dir='ltr'>idern&#39;</span> <span class='ocrx_word' id='word_1_353' title='bbox 641 3716 832 3771; x_wconf 90' lang='lat' dir='ltr'>Noster</span> <span class='ocrx_word' id='word_1_354' title='bbox 860 3717 916 3771; x_wconf 89' lang='lat' dir='ltr'>in</span> <span class='ocrx_word' id='word_1_355' title='bbox 960 3719 1052 3772; x_wconf 91' lang='lat' dir='ltr'>lib.</span> <span class='ocrx_word' id='word_1_356' title='bbox 1087 3720 1154 3776; x_wconf 90' lang='lat' dir='ltr'>de</span> <span class='ocrx_word' id='word_1_357' title='bbox 1193 3723 1418 3777; x_wconf 86' lang='lat' dir='ltr'>Resurr.</span> <span class='ocrx_word' id='word_1_358' title='bbox 1470 3738 1628 3776; x_wconf 84' lang='lat' dir='ltr'>earn.</span> <span class='ocrx_word' id='word_1_359' title='bbox 1665 3738 1713 3778; x_wconf 93' lang='lat' dir='ltr'>c.</span> <span class='ocrx_word' id='word_1_360' title='bbox 1756 3723 1847 3787; x_wconf 80' lang='grc'>57,</span> 
     </span>
    </p>
   </div>
   <div class='ocr_carea' id='block_1_56' title="bbox 257 3799 1847 3869">
    <p class='ocr_par' dir='ltr' id='par_1_56' title="bbox 257 3799 1847 3869">
     <span class='ocr_line' id='line_1_56' title="bbox 257 3799 1847 3869; baseline 0.008 -15"><span class='ocrx_word' id='word_1_361' title='bbox 257 3799 334 3852; x_wconf 87' lang='lat' dir='ltr'>ait</span> <span class='ocrx_word' id='word_1_362' title='bbox 369 3817 382 3852; x_wconf 91' lang='lat'><strong>:</strong></span> <span class='ocrx_word' id='word_1_363' title='bbox 427 3821 449 3850; x_wconf 78' lang='grc' dir='ltr'>ι</span> <span class='ocrx_word' id='word_1_364' title='bbox 485 3800 597 3857; x_wconf 92' lang='lat' dir='ltr'>Oro</span> <span class='ocrx_word' id='word_1_365' title='bbox 631 3812 702 3869; x_wconf 89' lang='lat' dir='ltr'>te,</span> <span class='ocrx_word' id='word_1_366' title='bbox 734 3805 778 3860; x_wconf 98' lang='lat' dir='ltr'>si</span> <span class='ocrx_word' id='word_1_367' title='bbox 827 3807 1088 3863; x_wconf 90' lang='lat' dir='ltr'>famulum</span> <span class='ocrx_word' id='word_1_368' title='bbox 1119 3816 1270 3864; x_wconf 91' lang='lat' dir='ltr'>tuum</span> <span class='ocrx_word' id='word_1_369' title='bbox 1309 3810 1556 3866; x_wconf 89' lang='lat' dir='ltr'>libertate</span> <span class='ocrx_word' id='word_1_370' title='bbox 1605 3819 1847 3867; x_wconf 87' lang='lat' dir='ltr'>mutave-</span> 
     </span>
    </p>
   </div>
   <div class='ocr_carea' id='block_1_57' title="bbox 259 3886 559 3954">
    <p class='ocr_par' dir='ltr' id='par_1_57' title="bbox 259 3886 559 3954">
     <span class='ocr_line' id='line_1_57' title="bbox 259 3886 559 3954; baseline 0.003 -9"><span class='ocrx_word' id='word_1_371' title='bbox 259 3886 354 3954; x_wconf 64' lang='grc' dir='ltr'>τίς,</span> <span class='ocrx_word' id='word_1_372' title='bbox 393 3911 414 3938; x_wconf 74' lang='grc' dir='ltr'><strong><em>υ</em></strong></span> <span class='ocrx_word' id='word_1_373' title='bbox 450 3898 559 3947; x_wconf 87' lang='lat' dir='ltr'>etc.</span> 
     </span>
    </p>
   </div>
   <div class='ocr_carea' id='block_1_58' title="bbox 333 3981 1850 4060">
    <p class='ocr_par' dir='ltr' id='par_1_58' title="bbox 333 3981 1850 4060">
     <span class='ocr_line' id='line_1_58' title="bbox 333 3981 1850 4060; baseline 0.006 -24"><span class='ocrx_word' id='word_1_374' title='bbox 333 3981 450 4036; x_wconf 85' lang='lat' dir='ltr'>Sibi</span> <span class='ocrx_word' id='word_1_375' title='bbox 487 3983 756 4055; x_wconf 84' lang='lat' dir='ltr'>imputat.</span> <span class='ocrx_word' id='word_1_376' title='bbox 789 3985 1071 4058; x_wconf 87' lang='lat' dir='ltr'>Tanquam</span> <span class='ocrx_word' id='word_1_377' title='bbox 1109 3989 1303 4044; x_wconf 89' lang='lat' dir='ltr'>horum</span> <span class='ocrx_word' id='word_1_378' title='bbox 1347 4004 1405 4044; x_wconf 90' lang='lat' dir='ltr'>se</span> <span class='ocrx_word' id='word_1_379' title='bbox 1435 3988 1668 4060; x_wconf 87' lang='lat' dir='ltr'>amplius</span> <span class='ocrx_word' id='word_1_380' title='bbox 1695 4005 1850 4044; x_wconf 90' lang='lat' dir='ltr'>reum</span> 
     </span>
    </p>
   </div>
   <div class='ocr_carea' id='block_1_59' title="bbox 260 4077 1848 4148">
    <p class='ocr_par' dir='ltr' id='par_1_59' title="bbox 260 4077 1848 4148">
     <span class='ocr_line' id='line_1_59' title="bbox 260 4077 1848 4148; baseline 0.006 -26"><span class='ocrx_word' id='word_1_381' title='bbox 260 4083 585 4140; x_wconf 86' lang='lat' dir='ltr'>agnoscens,</span> <span class='ocrx_word' id='word_1_382' title='bbox 615 4084 669 4128; x_wconf 90' lang='lat' dir='ltr'>et</span> <span class='ocrx_word' id='word_1_383' title='bbox 697 4081 981 4146; x_wconf 72' lang='lat' dir='ltr'>caprOpter</span> <span class='ocrx_word' id='word_1_384' title='bbox 1015 4077 1382 4148; x_wconf 71' lang='lat' dir='ltr'>paenitentiam</span> <span class='ocrx_word' id='word_1_385' title='bbox 1427 4085 1663 4132; x_wconf 90' lang='lat' dir='ltr'>acturus.</span> <span class='ocrx_word' id='word_1_386' title='bbox 1707 4077 1848 4147; x_wconf 87' lang='lat' dir='ltr'>Quid</span> 
     </span>
    </p>
   </div>
   <div class='ocr_carea' id='block_1_60' title="bbox 258 4157 1847 4236">
    <p class='ocr_par' dir='ltr' id='par_1_60' title="bbox 258 4157 1847 4236">
     <span class='ocr_line' id='line_1_60' title="bbox 258 4157 1847 4236; baseline 0.005 -26"><span class='ocrx_word' id='word_1_387' title='bbox 258 4164 438 4212; x_wconf 87' lang='lat' dir='ltr'>autem</span> <span class='ocrx_word' id='word_1_388' title='bbox 468 4157 520 4211; x_wconf 92' lang='lat' dir='ltr'>in</span> <span class='ocrx_word' id='word_1_389' title='bbox 568 4159 731 4216; x_wconf 86' lang='lat' dir='ltr'>furaci</span> <span class='ocrx_word' id='word_1_390' title='bbox 770 4162 895 4229; x_wconf 92' lang='lat' dir='ltr'>hoc,</span> <span class='ocrx_word' id='word_1_391' title='bbox 940 4161 1274 4236; x_wconf 88' lang='lat' dir='ltr'>fugitivoque</span> <span class='ocrx_word' id='word_1_392' title='bbox 1320 4162 1596 4218; x_wconf 90' lang='lat' dir='ltr'>hominum</span> <span class='ocrx_word' id='word_1_393' title='bbox 1645 4179 1847 4234; x_wconf 80' lang='lat' dir='ltr'>genere</span> 
     </span>
    </p>
   </div>
   <div class='ocr_carea' id='block_1_61' title="bbox 262 4241 802 4316">
    <p class='ocr_par' dir='ltr' id='par_1_61' title="bbox 262 4241 802 4316">
     <span class='ocr_line' id='line_1_61' title="bbox 262 4241 802 4316; baseline 0.013 -20"><span class='ocrx_word' id='word_1_394' title='bbox 262 4241 390 4296; x_wconf 89' lang='lat' dir='ltr'>olim</span> <span class='ocrx_word' id='word_1_395' title='bbox 419 4245 802 4316; x_wconf 80' lang='lat' dir='ltr'>frequentius?</span> 
     </span>
    </p>
   </div>
   <div class='ocr_carea' id='block_1_62' title="bbox 333 4333 1846 4408">
    <p class='ocr_par' dir='ltr' id='par_1_62' title="bbox 333 4333 1846 4408">
     <span class='ocr_line' id='line_1_62' title="bbox 333 4333 1846 4408; baseline 0.003 -23"><span class='ocrx_word' id='word_1_396' title='bbox 333 4333 603 4391; x_wconf 86' lang='lat' dir='ltr'>Emissus.</span> <span class='ocrx_word' id='word_1_397' title='bbox 655 4337 846 4391; x_wconf 80' lang='lat' dir='ltr'>Milites</span> <span class='ocrx_word' id='word_1_398' title='bbox 905 4337 1166 4394; x_wconf 87' lang='lat' dir='ltr'>confectis</span> <span class='ocrx_word' id='word_1_399' title='bbox 1223 4338 1487 4408; x_wconf 86' lang='lat' dir='ltr'>legitimis</span> <span class='ocrx_word' id='word_1_400' title='bbox 1553 4336 1846 4407; x_wconf 89' lang='lat' dir='ltr'>(certorum</span> 
     </span>
    </p>
   </div>
   <div class='ocr_carea' id='block_1_63' title="bbox 2037 1857 2991 1927">
    <p class='ocr_par' dir='ltr' id='par_1_63' title="bbox 2037 1857 2991 1927">
     <span class='ocr_line' id='line_1_63' title="bbox 2037 1857 2991 1927; baseline -0.003 -14"><span class='ocrx_word' id='word_1_401' title='bbox 2037 1857 2286 1922; x_wconf 84' lang='lat' dir='ltr'>Salvum,</span> <span class='ocrx_word' id='word_1_402' title='bbox 2329 1857 2622 1927; x_wconf 87' lang='lat' dir='ltr'>Securum,</span> <span class='ocrx_word' id='word_1_403' title='bbox 2655 1872 2722 1911; x_wconf 90' lang='lat' dir='ltr'>ac</span> <span class='ocrx_word' id='word_1_404' title='bbox 2750 1860 2991 1912; x_wconf 86' lang='lat' dir='ltr'>certum.</span> 
     </span>
    </p>
   </div>
   <div class='ocr_carea' id='block_1_64' title="bbox 2038 1951 3565 2026">
    <p class='ocr_par' dir='ltr' id='par_1_64' title="bbox 2038 1951 3565 2026">
     <span class='ocr_line' id='line_1_64' title="bbox 2038 1951 3565 2026; baseline -0.001 -17"><span class='ocrx_word' id='word_1_405' title='bbox 2038 1954 2423 2026; x_wconf 86' lang='lat' dir='ltr'>Asperginem.</span> <span class='ocrx_word' id='word_1_406' title='bbox 2455 1952 2637 2024; x_wconf 83' lang='lat' dir='ltr'>Aliqui</span> <span class='ocrx_word' id='word_1_407' title='bbox 2669 1955 3030 2026; x_wconf 87' lang='lat' dir='ltr'>asparginem</span> <span class='ocrx_word' id='word_1_408' title='bbox 3058 1952 3284 2006; x_wconf 91' lang='lat' dir='ltr'>malunt.</span> <span class='ocrx_word' id='word_1_409' title='bbox 3309 1951 3468 2006; x_wconf 89' lang='lat' dir='ltr'>Plura</span> <span class='ocrx_word' id='word_1_410' title='bbox 3495 1951 3565 2007; x_wconf 90' lang='lat' dir='ltr'>de</span> 
     </span>
    </p>
   </div>
   <div class='ocr_carea' id='block_1_65' title="bbox 1973 2040 3563 2116">
    <p class='ocr_par' dir='ltr' id='par_1_65' title="bbox 1973 2040 3563 2116">
     <span class='ocr_line' id='line_1_65' title="bbox 1973 2040 3563 2116; baseline -0.002 -20"><span class='ocrx_word' id='word_1_411' title='bbox 1973 2043 2079 2096; x_wconf 91' lang='lat' dir='ltr'>hac</span> <span class='ocrx_word' id='word_1_412' title='bbox 2118 2057 2247 2098; x_wconf 86' lang='lat' dir='ltr'>voce</span> <span class='ocrx_word' id='word_1_413' title='bbox 2296 2042 2531 2097; x_wconf 88' lang='lat' dir='ltr'>diximus</span> <span class='ocrx_word' id='word_1_414' title='bbox 2559 2042 2613 2096; x_wconf 91' lang='lat' dir='ltr'>in</span> <span class='ocrx_word' id='word_1_415' title='bbox 2653 2043 2690 2097; x_wconf 93' lang='lat' dir='ltr'>l.</span> <span class='ocrx_word' id='word_1_416' title='bbox 2744 2043 2810 2098; x_wconf 91' lang='lat' dir='ltr'>de</span> <span class='ocrx_word' id='word_1_417' title='bbox 2856 2043 3068 2116; x_wconf 88' lang='lat' dir='ltr'>Baptis.</span> <span class='ocrx_word' id='word_1_418' title='bbox 3100 2057 3150 2097; x_wconf 91' lang='lat' dir='ltr'>c.</span> <span class='ocrx_word' id='word_1_419' title='bbox 3191 2045 3244 2096; x_wconf 83' lang='grc'>5.</span> <span class='ocrx_word' id='word_1_420' title='bbox 3294 2040 3563 2095; x_wconf 67' lang='lat' dir='ltr'>Caeterum</span> 
     </span>
    </p>
   </div>
   <div class='ocr_carea' id='block_1_66' title="bbox 1962 2128 3560 2200">
    <p class='ocr_par' dir='ltr' id='par_1_66' title="bbox 1962 2128 3560 2200">
     <span class='ocr_line' id='line_1_66' title="bbox 1962 2128 3560 2200; baseline -0.004 -13"><span class='ocrx_word' id='word_1_421' title='bbox 1962 2129 2179 2187; x_wconf 87' lang='lat' dir='ltr'>videtur</span> <span class='ocrx_word' id='word_1_422' title='bbox 2276 2130 2644 2186; x_wconf 90' lang='lat' dir='ltr'>Tertullianus</span> <span class='ocrx_word' id='word_1_423' title='bbox 2729 2131 2965 2185; x_wconf 88' lang='lat' dir='ltr'>alludere</span> <span class='ocrx_word' id='word_1_424' title='bbox 3057 2130 3124 2184; x_wconf 91' lang='lat' dir='ltr'>ad</span> <span class='ocrx_word' id='word_1_425' title='bbox 3210 2128 3560 2200; x_wconf 85' lang='lat' dir='ltr'>baptismum,</span> 
     </span>
    </p>
   </div>
   <div class='ocr_carea' id='block_1_67' title="bbox 1962 2217 3658 2290">
    <p class='ocr_par' dir='ltr' id='par_1_67' title="bbox 1962 2217 3658 2290">
     <span class='ocr_line' id='line_1_67' title="bbox 1962 2217 3658 2290; baseline -0.002 -16"><span class='ocrx_word' id='word_1_426' title='bbox 1962 2217 2091 2274; x_wconf 88' lang='lat' dir='ltr'>olim</span> <span class='ocrx_word' id='word_1_427' title='bbox 2137 2219 2300 2275; x_wconf 88' lang='lat' dir='ltr'>etiam</span> <span class='ocrx_word' id='word_1_428' title='bbox 2348 2235 2449 2290; x_wconf 90' lang='lat' dir='ltr'>per</span> <span class='ocrx_word' id='word_1_429' title='bbox 2500 2220 2895 2289; x_wconf 85' lang='lat' dir='ltr'>aspersionem,</span> <span class='ocrx_word' id='word_1_430' title='bbox 2935 2219 3167 2274; x_wconf 85' lang='lat' dir='ltr'>maxime</span> <span class='ocrx_word' id='word_1_431' title='bbox 3213 2218 3437 2276; x_wconf 87' lang='lat' dir='ltr'>clinicis</span> <span class='ocrx_word' id='word_1_432' title='bbox 3466 2231 3563 2272; x_wconf 89' lang='lat' dir='ltr'>seu</span> <span class='ocrx_word' id='word_1_433' title='bbox 3627 2258 3658 2270; x_wconf 93' lang='lat'>..</span> 
     </span>
    </p>
   </div>
   <div class='ocr_carea' id='block_1_68' title="bbox 1961 2305 3563 2378">
    <p class='ocr_par' dir='ltr' id='par_1_68' title="bbox 1961 2305 3563 2378">
     <span class='ocr_line' id='line_1_68' title="bbox 1961 2305 3563 2378; baseline -0.002 -16"><span class='ocrx_word' id='word_1_434' title='bbox 1961 2308 2334 2378; x_wconf 87' lang='lat' dir='ltr'>grabatariis,</span> <span class='ocrx_word' id='word_1_435' title='bbox 2386 2307 2646 2362; x_wconf 90' lang='lat' dir='ltr'>collatum</span> <span class='ocrx_word' id='word_1_436' title='bbox 2697 2326 2709 2365; x_wconf 93' lang='lat'>:</span> <span class='ocrx_word' id='word_1_437' title='bbox 2753 2325 2857 2378; x_wconf 91' lang='lat' dir='ltr'>qua</span> <span class='ocrx_word' id='word_1_438' title='bbox 2899 2308 2967 2362; x_wconf 91' lang='lat' dir='ltr'>de</span> <span class='ocrx_word' id='word_1_439' title='bbox 3013 2324 3069 2363; x_wconf 91' lang='lat' dir='ltr'>re</span> <span class='ocrx_word' id='word_1_440' title='bbox 3111 2323 3298 2362; x_wconf 88' lang='lat' dir='ltr'>rursus</span> <span class='ocrx_word' id='word_1_441' title='bbox 3340 2305 3563 2371; x_wconf 75' lang='lat' dir='ltr'>videndi</span> 
     </span>
    </p>
   </div>
   <div class='ocr_carea' id='block_1_69' title="bbox 1964 2394 3560 2467">
    <p class='ocr_par' dir='ltr' id='par_1_69' title="bbox 1964 2394 3560 2467">
     <span class='ocr_line' id='line_1_69' title="bbox 1964 2394 3560 2467; baseline -0.001 -21"><span class='ocrx_word' id='word_1_442' title='bbox 1964 2394 2273 2464; x_wconf 87' lang='lat' dir='ltr'>dogmatici,</span> <span class='ocrx_word' id='word_1_443' title='bbox 2321 2395 2390 2448; x_wconf 90' lang='lat' dir='ltr'>de</span> <span class='ocrx_word' id='word_1_444' title='bbox 2420 2397 2672 2452; x_wconf 86' lang='lat' dir='ltr'>materia</span> <span class='ocrx_word' id='word_1_445' title='bbox 2710 2398 2975 2467; x_wconf 72' lang='lat' dir='ltr'>proxima</span> <span class='ocrx_word' id='word_1_446' title='bbox 3018 2394 3274 2464; x_wconf 90' lang='lat' dir='ltr'>Baptismi</span> <span class='ocrx_word' id='word_1_447' title='bbox 3317 2402 3560 2464; x_wconf 81' lang='lat' dir='ltr'>agentes.</span> 
     </span>
    </p>
   </div>
   <div class='ocr_carea' id='block_1_70' title="bbox 1961 2480 3559 2553">
    <p class='ocr_par' dir='ltr' id='par_1_70' title="bbox 1961 2480 3559 2553">
     <span class='ocr_line' id='line_1_70' title="bbox 1961 2480 3559 2553; baseline 0 -19"><span class='ocrx_word' id='word_1_448' title='bbox 1961 2481 2146 2536; x_wconf 81' lang='lat' dir='ltr'>Potest</span> <span class='ocrx_word' id='word_1_449' title='bbox 2199 2491 2379 2537; x_wconf 88' lang='lat' dir='ltr'>autem</span> <span class='ocrx_word' id='word_1_450' title='bbox 2422 2491 2475 2536; x_wconf 88' lang='lat' dir='ltr'>et</span> <span class='ocrx_word' id='word_1_451' title='bbox 2532 2483 2608 2537; x_wconf 91' lang='lat' dir='ltr'>sic</span> <span class='ocrx_word' id='word_1_452' title='bbox 2657 2483 2883 2553; x_wconf 86' lang='lat' dir='ltr'>intelligi</span> <span class='ocrx_word' id='word_1_453' title='bbox 2928 2499 2943 2535; x_wconf 89' lang='lat'><strong>:</strong></span> <span class='ocrx_word' id='word_1_454' title='bbox 3002 2503 3025 2533; x_wconf 75' lang='grc' dir='ltr'><strong><em>α</em></strong></span> <span class='ocrx_word' id='word_1_455' title='bbox 3075 2481 3172 2537; x_wconf 84' lang='lat' dir='ltr'>Vel</span> <span class='ocrx_word' id='word_1_456' title='bbox 3219 2480 3559 2553; x_wconf 81' lang='lat' dir='ltr'>asperginem</span> 
     </span>
    </p>
   </div>
   <div class='ocr_carea' id='block_1_71' title="bbox 1963 2570 3558 2642">
    <p class='ocr_par' dir='ltr' id='par_1_71' title="bbox 1963 2570 3558 2642">
     <span class='ocr_line' id='line_1_71' title="bbox 1963 2570 3558 2642; baseline 0.001 -17"><span class='ocrx_word' id='word_1_457' title='bbox 1963 2586 2124 2625; x_wconf 91' lang='lat' dir='ltr'>unam</span> <span class='ocrx_word' id='word_1_458' title='bbox 2155 2570 2418 2626; x_wconf 86' lang='lat' dir='ltr'>duntaxat</span> <span class='ocrx_word' id='word_1_459' title='bbox 2460 2573 2678 2642; x_wconf 87' lang='lat' dir='ltr'>(aquam</span> <span class='ocrx_word' id='word_1_460' title='bbox 2709 2571 2912 2627; x_wconf 89' lang='lat' dir='ltr'>scilicet</span> <span class='ocrx_word' id='word_1_461' title='bbox 2959 2570 3198 2627; x_wconf 86' lang='lat' dir='ltr'>stillatim</span> <span class='ocrx_word' id='word_1_462' title='bbox 3237 2570 3558 2642; x_wconf 89' lang='lat' dir='ltr'>aspersam),</span> 
     </span>
    </p>
   </div>
   <div class='ocr_carea' id='block_1_72' title="bbox 1961 2659 3184 2732">
    <p class='ocr_par' dir='ltr' id='par_1_72' title="bbox 1961 2659 3184 2732">
     <span class='ocr_line' id='line_1_72' title="bbox 1961 2659 3184 2732; baseline -0.002 -17"><span class='ocrx_word' id='word_1_463' title='bbox 1961 2674 2032 2715; x_wconf 90' lang='lat' dir='ltr'>ne</span> <span class='ocrx_word' id='word_1_464' title='bbox 2059 2659 2228 2714; x_wconf 85' lang='lat' dir='ltr'>dicam</span> <span class='ocrx_word' id='word_1_465' title='bbox 2260 2659 2526 2732; x_wconf 87' lang='lat' dir='ltr'>integram</span> <span class='ocrx_word' id='word_1_466' title='bbox 2557 2661 2772 2730; x_wconf 83' lang='lat' dir='ltr'>COpiam</span> <span class='ocrx_word' id='word_1_467' title='bbox 2798 2675 2970 2730; x_wconf 85' lang='lat' dir='ltr'>aquae,</span> <span class='ocrx_word' id='word_1_468' title='bbox 3007 2682 3030 2708; x_wconf 71' lang='grc' dir='ltr'>ι</span> <span class='ocrx_word' id='word_1_469' title='bbox 3076 2667 3184 2716; x_wconf 89' lang='lat' dir='ltr'>etc.</span> 
     </span>
    </p>
   </div>
   <div class='ocr_carea' id='block_1_73' title="bbox 2038 2746 3556 2820">
    <p class='ocr_par' dir='ltr' id='par_1_73' title="bbox 2038 2746 3556 2820">
     <span class='ocr_line' id='line_1_73' title="bbox 2038 2746 3556 2820; baseline -0.003 -17"><span class='ocrx_word' id='word_1_470' title='bbox 2038 2747 2436 2804; x_wconf 85' lang='lat' dir='ltr'>Commodabit.</span> <span class='ocrx_word' id='word_1_471' title='bbox 2474 2747 2574 2804; x_wconf 88' lang='lat' dir='ltr'>Pro</span> <span class='ocrx_word' id='word_1_472' title='bbox 2611 2749 3008 2820; x_wconf 87' lang='lat' dir='ltr'>impertietur;</span> <span class='ocrx_word' id='word_1_473' title='bbox 3040 2763 3146 2802; x_wconf 91' lang='lat' dir='ltr'>non</span> <span class='ocrx_word' id='word_1_474' title='bbox 3177 2746 3323 2802; x_wconf 91' lang='lat' dir='ltr'>enim</span> <span class='ocrx_word' id='word_1_475' title='bbox 3365 2746 3419 2799; x_wconf 90' lang='lat' dir='ltr'>in</span> <span class='ocrx_word' id='word_1_476' title='bbox 3468 2746 3556 2800; x_wconf 84' lang='lat' dir='ltr'>fo-</span> 
     </span>
    </p>
   </div>
   <div class='ocr_carea' id='block_1_74' title="bbox 1964 2834 3557 2909">
    <p class='ocr_par' dir='ltr' id='par_1_74' title="bbox 1964 2834 3557 2909">
     <span class='ocr_line' id='line_1_74' title="bbox 1964 2834 3557 2909; baseline 0 -21"><span class='ocrx_word' id='word_1_477' title='bbox 1964 2834 2106 2890; x_wconf 90' lang='lat' dir='ltr'>rensi</span> <span class='ocrx_word' id='word_1_478' title='bbox 2135 2851 2319 2902; x_wconf 90' lang='lat' dir='ltr'>sensu,</span> <span class='ocrx_word' id='word_1_479' title='bbox 2367 2851 2477 2908; x_wconf 90' lang='lat' dir='ltr'>quo</span> <span class='ocrx_word' id='word_1_480' title='bbox 2526 2835 2650 2909; x_wconf 90' lang='lat' dir='ltr'>quis</span> <span class='ocrx_word' id='word_1_481' title='bbox 2681 2851 2796 2890; x_wconf 89' lang='lat' dir='ltr'>rem</span> <span class='ocrx_word' id='word_1_482' title='bbox 2844 2851 2996 2890; x_wconf 91' lang='lat' dir='ltr'>suam</span> <span class='ocrx_word' id='word_1_483' title='bbox 3044 2834 3198 2890; x_wconf 88' lang='lat' dir='ltr'>alteri</span> <span class='ocrx_word' id='word_1_484' title='bbox 3244 2834 3310 2888; x_wconf 88' lang='lat' dir='ltr'>ad</span> <span class='ocrx_word' id='word_1_485' title='bbox 3341 2842 3557 2904; x_wconf 90' lang='lat' dir='ltr'>tempus</span> 
     </span>
    </p>
   </div>
   <div class='ocr_carea' id='block_1_75' title="bbox 1965 2921 3552 2995">
    <p class='ocr_par' dir='ltr' id='par_1_75' title="bbox 1965 2921 3552 2995">
     <span class='ocr_line' id='line_1_75' title="bbox 1965 2921 3552 2995; baseline -0.002 -16"><span class='ocrx_word' id='word_1_486' title='bbox 1965 2924 2300 2994; x_wconf 88' lang='lat' dir='ltr'>commodat,</span> <span class='ocrx_word' id='word_1_487' title='bbox 2347 2939 2516 2995; x_wconf 89' lang='lat' dir='ltr'>porro</span> <span class='ocrx_word' id='word_1_488' title='bbox 2559 2924 2908 2990; x_wconf 86' lang='lat' dir='ltr'>reddendam,</span> <span class='ocrx_word' id='word_1_489' title='bbox 2950 2924 3047 2980; x_wconf 88' lang='lat' dir='ltr'>sed</span> <span class='ocrx_word' id='word_1_490' title='bbox 3078 2931 3236 2994; x_wconf 86' lang='lat' dir='ltr'>prout</span> <span class='ocrx_word' id='word_1_491' title='bbox 3265 2921 3552 2995; x_wconf 85' lang='lat' dir='ltr'>signiﬁcat,</span> 
     </span>
    </p>
   </div>
   <div class='ocr_carea' id='block_1_76' title="bbox 1964 3011 3556 3086">
    <p class='ocr_par' dir='ltr' id='par_1_76' title="bbox 1964 3011 3556 3086">
     <span class='ocr_line' id='line_1_76' title="bbox 1964 3011 3556 3086; baseline 0 -18"><span class='ocrx_word' id='word_1_492' title='bbox 1964 3012 2314 3070; x_wconf 87' lang='lat' dir='ltr'>commodum</span> <span class='ocrx_word' id='word_1_493' title='bbox 2349 3013 2506 3068; x_wconf 89' lang='lat' dir='ltr'>alteri</span> <span class='ocrx_word' id='word_1_494' title='bbox 2549 3029 2648 3068; x_wconf 89' lang='lat' dir='ltr'>seu</span> <span class='ocrx_word' id='word_1_495' title='bbox 2677 3013 2864 3069; x_wconf 90' lang='lat' dir='ltr'>utilem</span> <span class='ocrx_word' id='word_1_496' title='bbox 2893 3029 3112 3086; x_wconf 85' lang='lat' dir='ltr'>Operam</span> <span class='ocrx_word' id='word_1_497' title='bbox 3136 3017 3436 3084; x_wconf 77' lang='lat' dir='ltr'>prrestare,</span> <span class='ocrx_word' id='word_1_498' title='bbox 3466 3011 3556 3068; x_wconf 90' lang='lat' dir='ltr'>hic</span> 
     </span>
    </p>
   </div>
   <div class='ocr_carea' id='block_1_77' title="bbox 1965 3109 2279 3171">
    <p class='ocr_par' dir='ltr' id='par_1_77' title="bbox 1965 3109 2279 3171">
     <span class='ocr_line' id='line_1_77' title="bbox 1965 3109 2279 3171; baseline 0.006 -16"><span class='ocrx_word' id='word_1_499' title='bbox 1965 3109 2279 3171; x_wconf 89' lang='lat' dir='ltr'>usurpatur.</span> 
     </span>
    </p>
   </div>
   <div class='ocr_carea' id='block_1_78' title="bbox 2035 3191 3071 3260">
    <p class='ocr_par' dir='ltr' id='par_1_78' title="bbox 2035 3191 3071 3260">
     <span class='ocr_line' id='line_1_78' title="bbox 2035 3191 3071 3260; baseline 0.001 -15"><span class='ocrx_word' id='word_1_500' title='bbox 2035 3192 2226 3247; x_wconf 87' lang='lat' dir='ltr'>Furta.</span> <span class='ocrx_word' id='word_1_501' title='bbox 2257 3191 2362 3245; x_wconf 91' lang='lat' dir='ltr'>Pro</span> <span class='ocrx_word' id='word_1_502' title='bbox 2389 3191 2600 3260; x_wconf 78' lang='lat' dir='ltr'>furtive</span> <span class='ocrx_word' id='word_1_503' title='bbox 2629 3207 2691 3248; x_wconf 89' lang='lat' dir='ltr'>ac</span> <span class='ocrx_word' id='word_1_504' title='bbox 2719 3192 3071 3248; x_wconf 85' lang='lat' dir='ltr'>clanculum.</span> 
     </span>
    </p>
   </div>
   <div class='ocr_carea' id='block_1_79' title="bbox 2041 3279 3514 3351">
    <p class='ocr_par' dir='ltr' id='par_1_79' title="bbox 2041 3279 3514 3351">
     <span class='ocr_line' id='line_1_79' title="bbox 2041 3279 3514 3351; baseline 0 -17"><span class='ocrx_word' id='word_1_505' title='bbox 2041 3279 2414 3335; x_wconf 65' lang='lat' dir='ltr'>Circa-induci.</span> <span class='ocrx_word' id='word_1_506' title='bbox 2448 3279 2555 3335; x_wconf 90' lang='lat' dir='ltr'>Seu</span> <span class='ocrx_word' id='word_1_507' title='bbox 2593 3280 2844 3350; x_wconf 80' lang='lat' dir='ltr'>fallaciis</span> <span class='ocrx_word' id='word_1_508' title='bbox 2889 3289 3046 3351; x_wconf 89' lang='lat' dir='ltr'>atque</span> <span class='ocrx_word' id='word_1_509' title='bbox 3075 3281 3301 3338; x_wconf 86' lang='lat' dir='ltr'>astutiis</span> <span class='ocrx_word' id='word_1_510' title='bbox 3330 3279 3514 3349; x_wconf 89' lang='lat' dir='ltr'>obtegi</span> 
     </span>
    </p>
   </div>
   <div class='ocr_carea' id='block_1_80' title="bbox 1963 3367 3558 3440">
    <p class='ocr_par' dir='ltr' id='par_1_80' title="bbox 1963 3367 3558 3440">
     <span class='ocr_line' id='line_1_80' title="bbox 1963 3367 3558 3440; baseline 0 -20"><span class='ocrx_word' id='word_1_511' title='bbox 1963 3380 2071 3438; x_wconf 91' lang='lat' dir='ltr'>quo</span> <span class='ocrx_word' id='word_1_512' title='bbox 2108 3381 2273 3422; x_wconf 90' lang='lat' dir='ltr'>sensu</span> <span class='ocrx_word' id='word_1_513' title='bbox 2303 3367 2466 3422; x_wconf 88' lang='lat' dir='ltr'>etiam</span> <span class='ocrx_word' id='word_1_514' title='bbox 2512 3367 2708 3440; x_wconf 88' lang='lat' dir='ltr'>aliquis</span> <span class='ocrx_word' id='word_1_515' title='bbox 2739 3369 2806 3423; x_wconf 88' lang='lat' dir='ltr'>ab</span> <span class='ocrx_word' id='word_1_516' title='bbox 2846 3369 3009 3424; x_wconf 87' lang='lat' dir='ltr'>altero</span> <span class='ocrx_word' id='word_1_517' title='bbox 3048 3369 3442 3426; x_wconf 86' lang='lat' dir='ltr'>circumscribi</span> <span class='ocrx_word' id='word_1_518' title='bbox 3469 3377 3558 3421; x_wconf 88' lang='lat' dir='ltr'>aut</span> 
     </span>
    </p>
   </div>
   <div class='ocr_carea' id='block_1_81' title="bbox 1965 3452 3560 3527">
    <p class='ocr_par' dir='ltr' id='par_1_81' title="bbox 1965 3452 3560 3527">
     <span class='ocr_line' id='line_1_81' title="bbox 1965 3452 3560 3527; baseline -0.001 -17"><span class='ocrx_word' id='word_1_519' title='bbox 1965 3457 2372 3513; x_wconf 82' lang='lat' dir='ltr'>circumveniri</span> <span class='ocrx_word' id='word_1_520' title='bbox 2411 3455 2610 3512; x_wconf 92' lang='lat' dir='ltr'>dicitur</span> <span class='ocrx_word' id='word_1_521' title='bbox 2643 3474 2656 3510; x_wconf 87' lang='lat'>:</span> <span class='ocrx_word' id='word_1_522' title='bbox 2697 3477 2720 3508; x_wconf 72' lang='grc' dir='ltr'>ι</span> <span class='ocrx_word' id='word_1_523' title='bbox 2768 3455 2957 3512; x_wconf 89' lang='lat' dir='ltr'>Omnis</span> <span class='ocrx_word' id='word_1_524' title='bbox 2999 3457 3147 3512; x_wconf 89' lang='lat' dir='ltr'>enim</span> <span class='ocrx_word' id='word_1_525' title='bbox 3189 3458 3268 3527; x_wconf 88' lang='lat' dir='ltr'>(ut</span> <span class='ocrx_word' id='word_1_526' title='bbox 3305 3455 3361 3509; x_wconf 92' lang='lat' dir='ltr'>in</span> <span class='ocrx_word' id='word_1_527' title='bbox 3404 3452 3446 3510; x_wconf 91' lang='lat' dir='ltr'>l.</span> <span class='ocrx_word' id='word_1_528' title='bbox 3493 3455 3560 3509; x_wconf 88' lang='lat' dir='ltr'>de</span> 
     </span>
    </p>
   </div>
   <div class='ocr_carea' id='block_1_82' title="bbox 1961 3543 3563 3616">
    <p class='ocr_par' dir='ltr' id='par_1_82' title="bbox 1961 3543 3563 3616">
     <span class='ocr_line' id='line_1_82' title="bbox 1961 3543 3563 3616; baseline 0 -17"><span class='ocrx_word' id='word_1_529' title='bbox 1961 3546 2175 3616; x_wconf 84' lang='lat' dir='ltr'>Baptis.</span> <span class='ocrx_word' id='word_1_530' title='bbox 2207 3560 2258 3600; x_wconf 91' lang='lat' dir='ltr'>c.</span> <span class='ocrx_word' id='word_1_531' title='bbox 2291 3547 2357 3600; x_wconf 82' lang='grc'>18</span> <span class='ocrx_word' id='word_1_532' title='bbox 2399 3543 2473 3599; x_wconf 89' lang='lat' dir='ltr'>ait</span> <span class='ocrx_word' id='word_1_533' title='bbox 2513 3544 2720 3615; x_wconf 90' lang='lat' dir='ltr'>(petitio</span> <span class='ocrx_word' id='word_1_534' title='bbox 2749 3553 2804 3599; x_wconf 90' lang='lat' dir='ltr'>et</span> <span class='ocrx_word' id='word_1_535' title='bbox 2845 3545 3112 3616; x_wconf 85' lang='lat' dir='ltr'>decipere,</span> <span class='ocrx_word' id='word_1_536' title='bbox 3142 3554 3198 3600; x_wconf 90' lang='lat' dir='ltr'>et</span> <span class='ocrx_word' id='word_1_537' title='bbox 3227 3543 3399 3614; x_wconf 90' lang='lat' dir='ltr'>decipi</span> <span class='ocrx_word' id='word_1_538' title='bbox 3457 3557 3563 3614; x_wconf 91' lang='lat' dir='ltr'>po-</span> 
     </span>
    </p>
   </div>
   <div class='ocr_carea' id='block_1_83' title="bbox 1961 3640 2148 3689">
    <p class='ocr_par' dir='ltr' id='par_1_83' title="bbox 1961 3640 2148 3689">
     <span class='ocr_line' id='line_1_83' title="bbox 1961 3640 2148 3689; baseline -0.005 -2"><span class='ocrx_word' id='word_1_539' title='bbox 1961 3640 2086 3689; x_wconf 91' lang='lat' dir='ltr'>test.</span> <span class='ocrx_word' id='word_1_540' title='bbox 2121 3652 2148 3686; x_wconf 74' lang='grc' dir='ltr'><strong>ι»</strong></span> 
     </span>
    </p>
   </div>
   <div class='ocr_carea' id='block_1_84' title="bbox 2029 3721 3292 3793">
    <p class='ocr_par' dir='ltr' id='par_1_84' title="bbox 2029 3721 3292 3793">
     <span class='ocr_line' id='line_1_84' title="bbox 2029 3721 3292 3793; baseline 0 -15"><span class='ocrx_word' id='word_1_541' title='bbox 2029 3724 2175 3778; x_wconf 88' lang='lat' dir='ltr'>Deus</span> <span class='ocrx_word' id='word_1_542' title='bbox 2207 3723 2403 3778; x_wconf 87' lang='lat' dir='ltr'>lumen</span> <span class='ocrx_word' id='word_1_543' title='bbox 2434 3726 2539 3779; x_wconf 88' lang='lat' dir='ltr'>est.</span> <span class='ocrx_word' id='word_1_544' title='bbox 2570 3722 2809 3793; x_wconf 85' lang='lat' dir='ltr'>Elegans</span> <span class='ocrx_word' id='word_1_545' title='bbox 2836 3738 2966 3777; x_wconf 91' lang='lat' dir='ltr'>sane</span> <span class='ocrx_word' id='word_1_546' title='bbox 2997 3721 3292 3778; x_wconf 84' lang='lat' dir='ltr'>sententia!</span> 
     </span>
    </p>
   </div>
   <div class='ocr_carea' id='block_1_85' title="bbox 2029 3808 3553 3884">
    <p class='ocr_par' dir='ltr' id='par_1_85' title="bbox 2029 3808 3553 3884">
     <span class='ocr_line' id='line_1_85' title="bbox 2029 3808 3553 3884; baseline -0.002 -17"><span class='ocrx_word' id='word_1_547' title='bbox 2029 3811 2351 3883; x_wconf 84' lang='lat' dir='ltr'>Symbolum</span> <span class='ocrx_word' id='word_1_548' title='bbox 2379 3813 2596 3877; x_wconf 87' lang='lat' dir='ltr'>mortis,</span> <span class='ocrx_word' id='word_1_549' title='bbox 2629 3810 2667 3866; x_wconf 92' lang='lat' dir='ltr'>i.</span> <span class='ocrx_word' id='word_1_550' title='bbox 2690 3826 2742 3865; x_wconf 89' lang='lat' dir='ltr'>e.</span> <span class='ocrx_word' id='word_1_551' title='bbox 2775 3811 3118 3884; x_wconf 89' lang='lat' dir='ltr'>baptismum,</span> <span class='ocrx_word' id='word_1_552' title='bbox 3146 3826 3178 3864; x_wconf 89' lang='lat' dir='ltr'>a</span> <span class='ocrx_word' id='word_1_553' title='bbox 3205 3809 3417 3864; x_wconf 87' lang='lat' dir='ltr'>Christo</span> <span class='ocrx_word' id='word_1_554' title='bbox 3447 3808 3553 3864; x_wconf 90' lang='lat' dir='ltr'>ins-</span> 
     </span>
    </p>
   </div>
   <div class='ocr_carea' id='block_1_86' title="bbox 1959 3899 3558 3971">
    <p class='ocr_par' dir='ltr' id='par_1_86' title="bbox 1959 3899 3558 3971">
     <span class='ocr_line' id='line_1_86' title="bbox 1959 3899 3558 3971; baseline -0.002 -16"><span class='ocrx_word' id='word_1_555' title='bbox 1959 3899 2179 3956; x_wconf 89' lang='lat' dir='ltr'>titutum</span> <span class='ocrx_word' id='word_1_556' title='bbox 2219 3899 2273 3953; x_wconf 89' lang='lat' dir='ltr'>in</span> <span class='ocrx_word' id='word_1_557' title='bbox 2313 3900 2531 3971; x_wconf 90' lang='lat' dir='ltr'>signum</span> <span class='ocrx_word' id='word_1_558' title='bbox 2571 3901 3073 3958; x_wconf 84' lang='lat' dir='ltr'>rememorativum</span> <span class='ocrx_word' id='word_1_559' title='bbox 3103 3900 3304 3955; x_wconf 87' lang='lat' dir='ltr'>mortis</span> <span class='ocrx_word' id='word_1_560' title='bbox 3334 3913 3454 3953; x_wconf 65' lang='lat' dir='ltr'>sua:</span> <span class='ocrx_word' id='word_1_561' title='bbox 3501 3899 3558 3952; x_wconf 83' lang='lat' dir='ltr'>et</span> 
     </span>
    </p>
   </div>
   <div class='ocr_carea' id='block_1_87' title="bbox 1957 3984 3559 4060">
    <p class='ocr_par' dir='ltr' id='par_1_87' title="bbox 1957 3984 3559 4060">
     <span class='ocr_line' id='line_1_87' title="bbox 1957 3984 3559 4060; baseline -0.004 -15"><span class='ocrx_word' id='word_1_562' title='bbox 1957 3987 2290 4060; x_wconf 67' lang='lat' dir='ltr'>sepulturae,</span> <span class='ocrx_word' id='word_1_563' title='bbox 2320 3988 2430 4045; x_wconf 92' lang='lat' dir='ltr'>imo</span> <span class='ocrx_word' id='word_1_564' title='bbox 2452 3995 2508 4043; x_wconf 91' lang='lat' dir='ltr'>et</span> <span class='ocrx_word' id='word_1_565' title='bbox 2528 3991 2982 4056; x_wconf 81' lang='lat' dir='ltr'>resurrectionis,</span> <span class='ocrx_word' id='word_1_566' title='bbox 3008 3996 3067 4043; x_wconf 90' lang='lat' dir='ltr'>ut</span> <span class='ocrx_word' id='word_1_567' title='bbox 3091 3995 3146 4044; x_wconf 89' lang='lat' dir='ltr'>et</span> <span class='ocrx_word' id='word_1_568' title='bbox 3173 4002 3274 4042; x_wconf 89' lang='lat' dir='ltr'>nos</span> <span class='ocrx_word' id='word_1_569' title='bbox 3301 3986 3358 4041; x_wconf 89' lang='lat' dir='ltr'>in</span> <span class='ocrx_word' id='word_1_570' title='bbox 3384 3984 3559 4041; x_wconf 86' lang='lat' dir='ltr'>Adam</span> 
     </span>
    </p>
   </div>
   <div class='ocr_carea' id='block_1_88' title="bbox 1958 4076 3558 4148">
    <p class='ocr_par' dir='ltr' id='par_1_88' title="bbox 1958 4076 3558 4148">
     <span class='ocr_line' id='line_1_88' title="bbox 1958 4076 3558 4148; baseline -0.003 -16"><span class='ocrx_word' id='word_1_571' title='bbox 1958 4078 2195 4141; x_wconf 89' lang='lat' dir='ltr'>mortui,</span> <span class='ocrx_word' id='word_1_572' title='bbox 2233 4076 2454 4133; x_wconf 83' lang='lat' dir='ltr'>Christo</span> <span class='ocrx_word' id='word_1_573' title='bbox 2477 4078 2796 4148; x_wconf 87' lang='lat' dir='ltr'>consepulti</span> <span class='ocrx_word' id='word_1_574' title='bbox 2815 4093 2921 4148; x_wconf 89' lang='lat' dir='ltr'>per</span> <span class='ocrx_word' id='word_1_575' title='bbox 2941 4078 3309 4148; x_wconf 84' lang='lat' dir='ltr'>baptismum,</span> <span class='ocrx_word' id='word_1_576' title='bbox 3329 4090 3361 4128; x_wconf 91' lang='lat' dir='ltr'>a</span> <span class='ocrx_word' id='word_1_577' title='bbox 3385 4081 3558 4129; x_wconf 89' lang='lat' dir='ltr'>morte</span> 
     </span>
    </p>
   </div>
   <div class='ocr_carea' id='block_1_89' title="bbox 1961 4161 3558 4235">
    <p class='ocr_par' dir='ltr' id='par_1_89' title="bbox 1961 4161 3558 4235">
     <span class='ocr_line' id='line_1_89' title="bbox 1961 4161 3558 4235; baseline -0.001 -17"><span class='ocrx_word' id='word_1_578' title='bbox 1961 4165 2165 4235; x_wconf 88' lang='lat' dir='ltr'>peccati</span> <span class='ocrx_word' id='word_1_579' title='bbox 2193 4163 2249 4218; x_wconf 94' lang='lat' dir='ltr'>in</span> <span class='ocrx_word' id='word_1_580' title='bbox 2280 4179 2460 4222; x_wconf 76' lang='lat' dir='ltr'>VITAM</span> <span class='ocrx_word' id='word_1_581' title='bbox 2490 4179 2713 4220; x_wconf 70' lang='lat' dir='ltr'>unum</span> <span class='ocrx_word' id='word_1_582' title='bbox 2756 4166 3222 4220; x_wconf 88' lang='lat' dir='ltr'>resuscitaremur.</span> <span class='ocrx_word' id='word_1_583' title='bbox 3254 4161 3390 4218; x_wconf 83' lang='lat' dir='ltr'>Vide</span> <span class='ocrx_word' id='word_1_584' title='bbox 3419 4162 3457 4215; x_wconf 95' lang='lat' dir='ltr'>l.</span> <span class='ocrx_word' id='word_1_585' title='bbox 3489 4163 3558 4216; x_wconf 90' lang='lat' dir='ltr'>de</span> 
     </span>
    </p>
   </div>
   <div class='ocr_carea' id='block_1_90' title="bbox 1963 4251 3552 4323">
    <p class='ocr_par' dir='ltr' id='par_1_90' title="bbox 1963 4251 3552 4323">
     <span class='ocr_line' id='line_1_90' title="bbox 1963 4251 3552 4323; baseline -0.002 -18"><span class='ocrx_word' id='word_1_586' title='bbox 1963 4253 2124 4323; x_wconf 88' lang='lat' dir='ltr'>Bapt.</span> <span class='ocrx_word' id='word_1_587' title='bbox 2156 4268 2204 4307; x_wconf 92' lang='lat' dir='ltr'>c.</span> <span class='ocrx_word' id='word_1_588' title='bbox 2241 4255 2328 4316; x_wconf 80' lang='grc'>11,</span> <span class='ocrx_word' id='word_1_589' title='bbox 2381 4270 2436 4308; x_wconf 91' lang='lat' dir='ltr'>n.</span> <span class='ocrx_word' id='word_1_590' title='bbox 2492 4254 2627 4310; x_wconf 86' lang='lat' dir='ltr'>Sine</span> <span class='ocrx_word' id='word_1_591' title='bbox 2669 4255 2973 4310; x_wconf 86' lang='lat' dir='ltr'>resurrect.</span> <span class='ocrx_word' id='word_1_592' title='bbox 3018 4254 3165 4323; x_wconf 87' lang='lat' dir='ltr'>ejus,</span> <span class='ocrx_word' id='word_1_593' title='bbox 3211 4257 3342 4304; x_wconf 90' lang='lat' dir='ltr'>etc.</span> <span class='ocrx_word' id='word_1_594' title='bbox 3378 4251 3466 4316; x_wconf 79' lang='lat' dir='ltr'>i6,</span> <span class='ocrx_word' id='word_1_595' title='bbox 3496 4265 3552 4303; x_wconf 92' lang='lat' dir='ltr'>n.</span> 
     </span>
    </p>
   </div>
   <div class='ocr_carea' id='block_1_91' title="bbox 1967 4340 2415 4409">
    <p class='ocr_par' dir='ltr' id='par_1_91' title="bbox 1967 4340 2415 4409">
     <span class='ocr_line' id='line_1_91' title="bbox 1967 4340 2415 4409; baseline -0.002 -13"><span class='ocrx_word' id='word_1_596' title='bbox 1967 4340 2415 4409; x_wconf 82' lang='lat' dir='ltr'>Gloriﬁcaretur.</span> 
     </span>
    </p>
   </div>
   <div class='ocr_carea' id='block_1_92' title="bbox 261 4388 3558 4500">
    <p class='ocr_par' dir='ltr' id='par_1_92' title="bbox 261 4388 3558 4500">
     <span class='ocr_line' id='line_1_92' title="bbox 261 4388 3558 4500; baseline 0.002 -26"><span class='ocrx_word' id='word_1_597' title='bbox 261 4435 458 4491; x_wconf 90' lang='lat' dir='ltr'>nempe</span> <span class='ocrx_word' id='word_1_598' title='bbox 489 4427 774 4497; x_wconf 89' lang='lat' dir='ltr'>annorum)</span> <span class='ocrx_word' id='word_1_599' title='bbox 807 4425 1126 4497; x_wconf 88' lang='lat' dir='ltr'>stipendiis,</span> <span class='ocrx_word' id='word_1_600' title='bbox 1167 4442 1196 4482; x_wconf 91' lang='lat' dir='ltr'>e</span> <span class='ocrx_word' id='word_1_601' title='bbox 1220 4388 1412 4482; x_wconf 50' lang='lat' dir='ltr'>caastris</span> <span class='ocrx_word' id='word_1_602' title='bbox 1441 4388 1843 4496; x_wconf 75' lang='lat' dir='ltr'>mittebantur,</span> <span class='ocrx_word' id='word_1_603' title='bbox 1881 4388 1937 4476; x_wconf 64' lang='lat' dir='ltr'><strong>n</strong></span> <span class='ocrx_word' id='word_1_604' title='bbox 2032 4388 2346 4485; x_wconf 66' lang='lat' dir='ltr'>Permittit.</span> <span class='ocrx_word' id='word_1_605' title='bbox 2378 4431 2544 4487; x_wconf 85' lang='lat' dir='ltr'>Recte</span> <span class='ocrx_word' id='word_1_606' title='bbox 2570 4430 2761 4484; x_wconf 84' lang='lat' dir='ltr'>Junius</span> <span class='ocrx_word' id='word_1_607' title='bbox 2789 4427 2916 4499; x_wconf 82' lang='lat' dir='ltr'>legit</span> <span class='ocrx_word' id='word_1_608' title='bbox 2953 4427 3279 4499; x_wconf 87' lang='lat' dir='ltr'>promittit;</span> <span class='ocrx_word' id='word_1_609' title='bbox 3311 4427 3558 4500; x_wconf 86' lang='lat' dir='ltr'>quamvis</span> 
     </span>
    </p>
   </div>
   <div class='ocr_carea' id='block_1_93' title="bbox 261 4511 1851 4584">
    <p class='ocr_par' dir='ltr' id='par_1_93' title="bbox 261 4511 1851 4584">
     <span class='ocr_line' id='line_1_93' title="bbox 261 4511 1851 4584; baseline 0.005 -21"><span class='ocrx_word' id='word_1_610' title='bbox 261 4525 355 4563; x_wconf 89' lang='lat' dir='ltr'>seu</span> <span class='ocrx_word' id='word_1_611' title='bbox 395 4527 425 4564; x_wconf 94' lang='lat' dir='ltr'>e</span> <span class='ocrx_word' id='word_1_612' title='bbox 461 4511 648 4566; x_wconf 88' lang='lat' dir='ltr'>militia</span> <span class='ocrx_word' id='word_1_613' title='bbox 675 4514 1136 4581; x_wconf 87' lang='lat' dir='ltr'>dimittebantur,</span> <span class='ocrx_word' id='word_1_614' title='bbox 1159 4516 1463 4584; x_wconf 89' lang='lat' dir='ltr'>juramento</span> <span class='ocrx_word' id='word_1_615' title='bbox 1501 4531 1600 4571; x_wconf 92' lang='lat' dir='ltr'>suo</span> <span class='ocrx_word' id='word_1_616' title='bbox 1634 4515 1851 4572; x_wconf 89' lang='lat' dir='ltr'>militari</span> 
     </span>
    </p>
   </div>
   <div class='ocr_carea' id='block_1_94' title="bbox 259 4597 1846 4675">
    <p class='ocr_par' dir='ltr' id='par_1_94' title="bbox 259 4597 1846 4675">
     <span class='ocr_line' id='line_1_94' title="bbox 259 4597 1846 4675; baseline 0.006 -23"><span class='ocrx_word' id='word_1_617' title='bbox 259 4597 514 4671; x_wconf 89' lang='lat' dir='ltr'>deinceps</span> <span class='ocrx_word' id='word_1_618' title='bbox 561 4603 766 4670; x_wconf 87' lang='lat' dir='ltr'>soluti;</span> <span class='ocrx_word' id='word_1_619' title='bbox 813 4620 934 4675; x_wconf 85' lang='lat' dir='ltr'>quae</span> <span class='ocrx_word' id='word_1_620' title='bbox 980 4606 1174 4662; x_wconf 88' lang='lat' dir='ltr'>missio</span> <span class='ocrx_word' id='word_1_621' title='bbox 1222 4605 1459 4662; x_wconf 87' lang='lat' dir='ltr'>honesta</span> <span class='ocrx_word' id='word_1_622' title='bbox 1491 4624 1509 4660; x_wconf 91' lang='lat'><strong><em>:</em></strong></span> <span class='ocrx_word' id='word_1_623' title='bbox 1539 4605 1646 4659; x_wconf 89' lang='lat' dir='ltr'>alia</span> <span class='ocrx_word' id='word_1_624' title='bbox 1695 4621 1846 4673; x_wconf 91' lang='lat' dir='ltr'>vero,</span> 
     </span>
    </p>
   </div>
   <div class='ocr_carea' id='block_1_95' title="bbox 263 4688 1848 4765">
    <p class='ocr_par' dir='ltr' id='par_1_95' title="bbox 263 4688 1848 4765">
     <span class='ocr_line' id='line_1_95' title="bbox 263 4688 1848 4765; baseline 0.007 -22"><span class='ocrx_word' id='word_1_625' title='bbox 263 4688 335 4743; x_wconf 88' lang='lat' dir='ltr'>ob</span> <span class='ocrx_word' id='word_1_626' title='bbox 372 4692 639 4756; x_wconf 91' lang='lat' dir='ltr'>morbum,</span> <span class='ocrx_word' id='word_1_627' title='bbox 669 4692 883 4748; x_wconf 87' lang='lat' dir='ltr'>aliudve</span> <span class='ocrx_word' id='word_1_628' title='bbox 930 4694 1175 4764; x_wconf 88' lang='lat' dir='ltr'>corporis</span> <span class='ocrx_word' id='word_1_629' title='bbox 1213 4694 1408 4750; x_wconf 90' lang='lat' dir='ltr'>vitium</span> <span class='ocrx_word' id='word_1_630' title='bbox 1454 4693 1612 4765; x_wconf 87' lang='lat' dir='ltr'>facta,</span> <span class='ocrx_word' id='word_1_631' title='bbox 1641 4711 1848 4753; x_wconf 85' lang='lat' dir='ltr'>causa-</span> 
     </span>
    </p>
   </div>
   <div class='ocr_carea' id='block_1_96' title="bbox 263 4781 1418 4854">
    <p class='ocr_par' dir='ltr' id='par_1_96' title="bbox 263 4781 1418 4854">
     <span class='ocr_line' id='line_1_96' title="bbox 263 4781 1418 4854; baseline 0.006 -20"><span class='ocrx_word' id='word_1_632' title='bbox 263 4781 355 4834; x_wconf 84' lang='lat' dir='ltr'>ria</span> <span class='ocrx_word' id='word_1_633' title='bbox 383 4781 766 4851; x_wconf 87' lang='lat' dir='ltr'>appellabatur,</span> <span class='ocrx_word' id='word_1_634' title='bbox 802 4782 1046 4840; x_wconf 73' lang='lat' dir='ltr'>honestae</span> <span class='ocrx_word' id='word_1_635' title='bbox 1065 4784 1418 4854; x_wconf 64' lang='lat' dir='ltr'>mquiparata.</span> 
     </span>
    </p>
   </div>
   <div class='ocr_carea' id='block_1_97' title="bbox 336 4869 1852 4946">
    <p class='ocr_par' dir='ltr' id='par_1_97' title="bbox 336 4869 1852 4946">
     <span class='ocr_line' id='line_1_97' title="bbox 336 4869 1852 4946; baseline 0.005 -23"><span class='ocrx_word' id='word_1_636' title='bbox 336 4871 441 4926; x_wconf 90' lang='lat' dir='ltr'>Pro</span> <span class='ocrx_word' id='word_1_637' title='bbox 470 4873 642 4939; x_wconf 89' lang='lat' dir='ltr'>notis,</span> <span class='ocrx_word' id='word_1_638' title='bbox 662 4869 716 4925; x_wconf 95' lang='lat' dir='ltr'>id</span> <span class='ocrx_word' id='word_1_639' title='bbox 746 4879 830 4926; x_wconf 87' lang='lat' dir='ltr'>est</span> <span class='ocrx_word' id='word_1_640' title='bbox 847 4872 1068 4928; x_wconf 86' lang='lat' dir='ltr'>delictis</span> <span class='ocrx_word' id='word_1_641' title='bbox 1088 4873 1458 4942; x_wconf 77' lang='lat' dir='ltr'>militaribus,</span> <span class='ocrx_word' id='word_1_642' title='bbox 1489 4873 1688 4946; x_wconf 89' lang='lat' dir='ltr'>quibus</span> <span class='ocrx_word' id='word_1_643' title='bbox 1711 4876 1852 4931; x_wconf 88' lang='lat' dir='ltr'>male</span> 
     </span>
    </p>
   </div>
   <div class='ocr_carea' id='block_1_98' title="bbox 261 4959 1854 5035">
    <p class='ocr_par' dir='ltr' id='par_1_98' title="bbox 261 4959 1854 5035">
     <span class='ocr_line' id='line_1_98' title="bbox 261 4959 1854 5035; baseline 0.003 -22"><span class='ocrx_word' id='word_1_644' title='bbox 261 4963 500 5016; x_wconf 83' lang='lat' dir='ltr'>notatus</span> <span class='ocrx_word' id='word_1_645' title='bbox 529 4967 664 5015; x_wconf 89' lang='lat' dir='ltr'>erat.</span> <span class='ocrx_word' id='word_1_646' title='bbox 697 4959 753 5015; x_wconf 89' lang='lat' dir='ltr'>Si</span> <span class='ocrx_word' id='word_1_647' title='bbox 798 4961 987 5026; x_wconf 87' lang='lat' dir='ltr'>mavis,</span> <span class='ocrx_word' id='word_1_648' title='bbox 1019 4966 1183 5018; x_wconf 90' lang='lat' dir='ltr'>notas</span> <span class='ocrx_word' id='word_1_649' title='bbox 1228 4962 1315 5018; x_wconf 88' lang='lat' dir='ltr'>hic</span> <span class='ocrx_word' id='word_1_650' title='bbox 1362 4962 1610 5032; x_wconf 87' lang='lat' dir='ltr'>accipies,</span> <span class='ocrx_word' id='word_1_651' title='bbox 1658 4979 1756 5035; x_wconf 92' lang='lat' dir='ltr'>pro</span> <span class='ocrx_word' id='word_1_652' title='bbox 1787 4963 1854 5018; x_wconf 87' lang='lat' dir='ltr'>iis</span> 
     </span>
    </p>
   </div>
   <div class='ocr_carea' id='block_1_99' title="bbox 255 5051 1854 5122">
    <p class='ocr_par' dir='ltr' id='par_1_99' title="bbox 255 5051 1854 5122">
     <span class='ocr_line' id='line_1_99' title="bbox 255 5051 1854 5122; baseline 0.004 -20"><span class='ocrx_word' id='word_1_653' title='bbox 255 5051 589 5119; x_wconf 84' lang='lat' dir='ltr'>puncturis,</span> <span class='ocrx_word' id='word_1_654' title='bbox 620 5066 718 5106; x_wconf 88' lang='lat' dir='ltr'>seu</span> <span class='ocrx_word' id='word_1_655' title='bbox 754 5051 1129 5122; x_wconf 88' lang='lat' dir='ltr'>stigmatibus,</span> <span class='ocrx_word' id='word_1_656' title='bbox 1161 5051 1359 5121; x_wconf 88' lang='lat' dir='ltr'>quibus</span> <span class='ocrx_word' id='word_1_657' title='bbox 1391 5054 1619 5118; x_wconf 85' lang='lat' dir='ltr'>tirones,</span> <span class='ocrx_word' id='word_1_658' title='bbox 1651 5052 1854 5108; x_wconf 71' lang='lat' dir='ltr'>militiae</span> 
     </span>
    </p>
   </div>
   <div class='ocr_carea' id='block_1_100' title="bbox 259 5138 1851 5213">
    <p class='ocr_par' dir='ltr' id='par_1_100' title="bbox 259 5138 1851 5213">
     <span class='ocr_line' id='line_1_100' title="bbox 259 5138 1851 5213; baseline 0.003 -22"><span class='ocrx_word' id='word_1_659' title='bbox 259 5151 451 5191; x_wconf 85' lang='lat' dir='ltr'>recens</span> <span class='ocrx_word' id='word_1_660' title='bbox 494 5138 775 5211; x_wconf 88' lang='lat' dir='ltr'>adscripti,</span> <span class='ocrx_word' id='word_1_661' title='bbox 828 5140 1196 5211; x_wconf 85' lang='lat' dir='ltr'>signabantur,</span> <span class='ocrx_word' id='word_1_662' title='bbox 1229 5149 1304 5203; x_wconf 91' lang='lat' dir='ltr'>ut,</span> <span class='ocrx_word' id='word_1_663' title='bbox 1341 5140 1388 5194; x_wconf 88' lang='lat' dir='ltr'>si</span> <span class='ocrx_word' id='word_1_664' title='bbox 1423 5155 1533 5210; x_wconf 88' lang='lat' dir='ltr'>qua</span> <span class='ocrx_word' id='word_1_665' title='bbox 1563 5140 1851 5213; x_wconf 87' lang='lat' dir='ltr'>fugissent,</span> 
     </span>
    </p>
   </div>
   <div class='ocr_carea' id='block_1_101' title="bbox 262 5224 1856 5299">
    <p class='ocr_par' dir='ltr' id='par_1_101' title="bbox 262 5224 1856 5299">
     <span class='ocr_line' id='line_1_101' title="bbox 262 5224 1856 5299; baseline 0.004 -22"><span class='ocrx_word' id='word_1_666' title='bbox 262 5237 328 5277; x_wconf 87' lang='lat' dir='ltr'>ex</span> <span class='ocrx_word' id='word_1_667' title='bbox 357 5224 425 5279; x_wconf 92' lang='lat' dir='ltr'>iis</span> <span class='ocrx_word' id='word_1_668' title='bbox 464 5227 706 5298; x_wconf 87' lang='lat' dir='ltr'>agnosci,</span> <span class='ocrx_word' id='word_1_669' title='bbox 739 5235 901 5299; x_wconf 90' lang='lat' dir='ltr'>atque</span> <span class='ocrx_word' id='word_1_670' title='bbox 932 5228 1032 5282; x_wconf 91' lang='lat' dir='ltr'>sub</span> <span class='ocrx_word' id='word_1_671' title='bbox 1067 5230 1230 5299; x_wconf 88' lang='lat' dir='ltr'>signa</span> <span class='ocrx_word' id='word_1_672' title='bbox 1277 5243 1394 5297; x_wconf 89' lang='lat' dir='ltr'>sua,</span> <span class='ocrx_word' id='word_1_673' title='bbox 1427 5244 1488 5284; x_wconf 89' lang='lat' dir='ltr'>ac</span> <span class='ocrx_word' id='word_1_674' title='bbox 1515 5229 1725 5285; x_wconf 73' lang='lat' dir='ltr'>vexilla</span> <span class='ocrx_word' id='word_1_675' title='bbox 1766 5244 1856 5283; x_wconf 82' lang='lat' dir='ltr'>re-</span> 
     </span>
    </p>
   </div>
   <div class='ocr_carea' id='block_1_102' title="bbox 264 5314 1852 5390">
    <p class='ocr_par' dir='ltr' id='par_1_102' title="bbox 264 5314 1852 5390">
     <span class='ocr_line' id='line_1_102' title="bbox 264 5314 1852 5390; baseline 0.004 -25"><span class='ocrx_word' id='word_1_676' title='bbox 264 5314 405 5369; x_wconf 88' lang='lat' dir='ltr'>trahi</span> <span class='ocrx_word' id='word_1_677' title='bbox 437 5324 677 5385; x_wconf 84' lang='lat' dir='ltr'>possent,</span> <span class='ocrx_word' id='word_1_678' title='bbox 723 5333 790 5373; x_wconf 81' lang='lat' dir='ltr'>ex</span> <span class='ocrx_word' id='word_1_679' title='bbox 836 5317 1036 5372; x_wconf 82' lang='lat' dir='ltr'>militiae</span> <span class='ocrx_word' id='word_1_680' title='bbox 1079 5316 1290 5390; x_wconf 85' lang='lat' dir='ltr'>legibus</span> <span class='ocrx_word' id='word_1_681' title='bbox 1338 5316 1604 5388; x_wconf 90' lang='lat' dir='ltr'>supplicio</span> <span class='ocrx_word' id='word_1_682' title='bbox 1641 5316 1852 5372; x_wconf 89' lang='lat' dir='ltr'>militari</span> 
     </span>
    </p>
   </div>
   <div class='ocr_carea' id='block_1_103' title="bbox 263 5403 600 5472">
    <p class='ocr_par' dir='ltr' id='par_1_103' title="bbox 263 5403 600 5472">
     <span class='ocr_line' id='line_1_103' title="bbox 263 5403 600 5472; baseline 0.006 -16"><span class='ocrx_word' id='word_1_683' title='bbox 263 5403 600 5472; x_wconf 86' lang='lat' dir='ltr'>subjiciendi.</span> 
     </span>
    </p>
   </div>
   <div class='ocr_carea' id='block_1_104' title="bbox 336 5489 1856 5566">
    <p class='ocr_par' dir='ltr' id='par_1_104' title="bbox 336 5489 1856 5566">
     <span class='ocr_line' id='line_1_104' title="bbox 336 5489 1856 5566; baseline 0.004 -23"><span class='ocrx_word' id='word_1_684' title='bbox 336 5489 417 5545; x_wconf 91' lang='lat' dir='ltr'>De</span> <span class='ocrx_word' id='word_1_685' title='bbox 449 5490 590 5546; x_wconf 84' lang='lat' dir='ltr'>notis</span> <span class='ocrx_word' id='word_1_686' title='bbox 620 5491 704 5546; x_wconf 88' lang='lat' dir='ltr'>his</span> <span class='ocrx_word' id='word_1_687' title='bbox 742 5492 815 5547; x_wconf 87' lang='lat' dir='ltr'>ita</span> <span class='ocrx_word' id='word_1_688' title='bbox 844 5493 1119 5566; x_wconf 84' lang='lat' dir='ltr'>Vegetius,</span> <span class='ocrx_word' id='word_1_689' title='bbox 1151 5494 1189 5549; x_wconf 94' lang='lat' dir='ltr'>l.</span> <span class='ocrx_word' id='word_1_690' title='bbox 1224 5509 1288 5562; x_wconf 91' lang='grc' dir='ltr'><strong>ιι,</strong></span> <span class='ocrx_word' id='word_1_691' title='bbox 1317 5507 1367 5550; x_wconf 88' lang='lat' dir='ltr'>c.</span> <span class='ocrx_word' id='word_1_692' title='bbox 1402 5497 1436 5550; x_wconf 80' lang='lat'><strong>5</strong></span> <span class='ocrx_word' id='word_1_693' title='bbox 1468 5495 1624 5550; x_wconf 88' lang='lat' dir='ltr'>habet</span> <span class='ocrx_word' id='word_1_694' title='bbox 1656 5509 1669 5550; x_wconf 89' lang='lat'>:</span> <span class='ocrx_word' id='word_1_695' title='bbox 1704 5516 1727 5545; x_wconf 74' lang='grc' dir='ltr'><strong><em>α</em></strong></span> <span class='ocrx_word' id='word_1_696' title='bbox 1767 5493 1856 5549; x_wconf 86' lang='lat' dir='ltr'>Vi-</span> 
     </span>
    </p>
   </div>
   <div class='ocr_carea' id='block_1_105' title="bbox 267 5578 1851 5657">
    <p class='ocr_par' dir='ltr' id='par_1_105' title="bbox 267 5578 1851 5657">
     <span class='ocr_line' id='line_1_105' title="bbox 267 5578 1851 5657; baseline 0.005 -23"><span class='ocrx_word' id='word_1_697' title='bbox 267 5578 438 5634; x_wconf 89' lang='lat' dir='ltr'>cturis</span> <span class='ocrx_word' id='word_1_698' title='bbox 468 5578 700 5639; x_wconf 67' lang='lat'>5220</span> <span class='ocrx_word' id='word_1_699' title='bbox 745 5582 1068 5655; x_wconf 88' lang='lat' dir='ltr'>(duraturis,</span> <span class='ocrx_word' id='word_1_700' title='bbox 1113 5598 1294 5656; x_wconf 90' lang='lat' dir='ltr'>neque</span> <span class='ocrx_word' id='word_1_701' title='bbox 1337 5584 1448 5655; x_wconf 88' lang='lat' dir='ltr'>jam</span> <span class='ocrx_word' id='word_1_702' title='bbox 1497 5584 1724 5657; x_wconf 86' lang='lat' dir='ltr'>amplius</span> <span class='ocrx_word' id='word_1_703' title='bbox 1751 5581 1851 5642; x_wconf 88' lang='lat' dir='ltr'>de-</span> 
     </span>
    </p>
   </div>
   <div class='ocr_carea' id='block_1_106' title="bbox 1965 4515 3556 4591">
    <p class='ocr_par' dir='ltr' id='par_1_106' title="bbox 1965 4515 3556 4591">
     <span class='ocr_line' id='line_1_106' title="bbox 1965 4515 3556 4591; baseline -0.002 -17"><span class='ocrx_word' id='word_1_704' title='bbox 1965 4518 2130 4574; x_wconf 88' lang='lat' dir='ltr'>etiam</span> <span class='ocrx_word' id='word_1_705' title='bbox 2171 4522 2480 4591; x_wconf 86' lang='lat' dir='ltr'>permittit,</span> <span class='ocrx_word' id='word_1_706' title='bbox 2527 4519 2670 4589; x_wconf 93' lang='lat' dir='ltr'>quod</span> <span class='ocrx_word' id='word_1_707' title='bbox 2700 4517 2756 4571; x_wconf 91' lang='lat' dir='ltr'>in</span> <span class='ocrx_word' id='word_1_708' title='bbox 2803 4531 2926 4571; x_wconf 90' lang='lat' dir='ltr'>meo</span> <span class='ocrx_word' id='word_1_709' title='bbox 2968 4516 3153 4573; x_wconf 86' lang='lat' dir='ltr'>codice</span> <span class='ocrx_word' id='word_1_710' title='bbox 3184 4523 3286 4584; x_wconf 90' lang='lat' dir='ltr'>est,</span> <span class='ocrx_word' id='word_1_711' title='bbox 3337 4515 3556 4572; x_wconf 83' lang='lat' dir='ltr'>tolerari</span> 
     </span>
    </p>
   </div>
   <div class='ocr_carea' id='block_1_107' title="bbox 1962 4607 2470 4680">
    <p class='ocr_par' dir='ltr' id='par_1_107' title="bbox 1962 4607 2470 4680">
     <span class='ocr_line' id='line_1_107' title="bbox 1962 4607 2470 4680; baseline -0.004 -16"><span class='ocrx_word' id='word_1_712' title='bbox 1962 4623 2125 4680; x_wconf 89' lang='lat' dir='ltr'>posse</span> <span class='ocrx_word' id='word_1_713' title='bbox 2153 4607 2470 4663; x_wconf 84' lang='lat' dir='ltr'>existimem.</span> 
     </span>
    </p>
   </div>
   <div class='ocr_carea' id='block_1_108' title="bbox 2037 4692 3554 4768">
    <p class='ocr_par' dir='ltr' id='par_1_108' title="bbox 2037 4692 3554 4768">
     <span class='ocr_line' id='line_1_108' title="bbox 2037 4692 3554 4768; baseline -0.003 -14"><span class='ocrx_word' id='word_1_714' title='bbox 2037 4696 2348 4754; x_wconf 76' lang='lat' dir='ltr'>Excidunt.</span> <span class='ocrx_word' id='word_1_715' title='bbox 2389 4696 2438 4750; x_wconf 86' lang='lat' dir='ltr'><strong>A</strong></span> <span class='ocrx_word' id='word_1_716' title='bbox 2485 4695 2675 4768; x_wconf 83' lang='lat' dir='ltr'>gratia</span> <span class='ocrx_word' id='word_1_717' title='bbox 2717 4692 2993 4761; x_wconf 84' lang='lat' dir='ltr'>nimirum,</span> <span class='ocrx_word' id='word_1_718' title='bbox 3034 4694 3090 4749; x_wconf 90' lang='lat' dir='ltr'>in</span> <span class='ocrx_word' id='word_1_719' title='bbox 3137 4693 3407 4765; x_wconf 89' lang='lat' dir='ltr'>baptismo</span> <span class='ocrx_word' id='word_1_720' title='bbox 3449 4695 3554 4752; x_wconf 94' lang='lat' dir='ltr'>ob-</span> 
     </span>
    </p>
   </div>
   <div class='ocr_carea' id='block_1_109' title="bbox 1965 4781 3555 4856">
    <p class='ocr_par' dir='ltr' id='par_1_109' title="bbox 1965 4781 3555 4856">
     <span class='ocr_line' id='line_1_109' title="bbox 1965 4781 3555 4856; baseline -0.002 -17"><span class='ocrx_word' id='word_1_721' title='bbox 1965 4790 2148 4850; x_wconf 87' lang='lat' dir='ltr'>tenta;</span> <span class='ocrx_word' id='word_1_722' title='bbox 2199 4783 2415 4856; x_wconf 90' lang='lat' dir='ltr'>quando</span> <span class='ocrx_word' id='word_1_723' title='bbox 2454 4783 2617 4838; x_wconf 89' lang='lat' dir='ltr'>etiam</span> <span class='ocrx_word' id='word_1_724' title='bbox 2663 4783 2730 4836; x_wconf 89' lang='lat' dir='ltr'>ab</span> <span class='ocrx_word' id='word_1_725' title='bbox 2779 4781 3068 4838; x_wconf 90' lang='lat' dir='ltr'>obtinenda</span> <span class='ocrx_word' id='word_1_726' title='bbox 3114 4783 3332 4850; x_wconf 92' lang='lat' dir='ltr'>multos,</span> <span class='ocrx_word' id='word_1_727' title='bbox 3381 4791 3555 4836; x_wconf 87' lang='lat' dir='ltr'>morte</span> 
     </span>
    </p>
   </div>
   <div class='ocr_carea' id='block_1_110' title="bbox 1936 4868 3545 4944">
    <p class='ocr_par' dir='ltr' id='par_1_110' title="bbox 1936 4868 3545 4944">
     <span class='ocr_line' id='line_1_110' title="bbox 1936 4868 3545 4944; baseline -0.002 -16"><span class='ocrx_word' id='word_1_728' title='bbox 1936 4888 2072 4934; x_wconf 90' lang='lat' dir='ltr'>non</span> <span class='ocrx_word' id='word_1_729' title='bbox 2101 4888 2221 4928; x_wconf 89' lang='lat' dir='ltr'>raro</span> <span class='ocrx_word' id='word_1_730' title='bbox 2265 4881 2589 4944; x_wconf 84' lang='lat' dir='ltr'>praeventos,</span> <span class='ocrx_word' id='word_1_731' title='bbox 2640 4876 2695 4925; x_wconf 90' lang='lat' dir='ltr'>et</span> <span class='ocrx_word' id='word_1_732' title='bbox 2741 4870 3023 4926; x_wconf 86' lang='lat' dir='ltr'>frustratos</span> <span class='ocrx_word' id='word_1_733' title='bbox 3068 4870 3242 4926; x_wconf 84' lang='lat' dir='ltr'>fuisse</span> <span class='ocrx_word' id='word_1_734' title='bbox 3276 4868 3545 4925; x_wconf 88' lang='lat' dir='ltr'>novimus.</span> 
     </span>
    </p>
   </div>
   <div class='ocr_carea' id='block_1_111' title="bbox 1965 4959 3090 5033">
    <p class='ocr_par' dir='ltr' id='par_1_111' title="bbox 1965 4959 3090 5033">
     <span class='ocr_line' id='line_1_111' title="bbox 1965 4959 3090 5033; baseline -0.001 -17"><span class='ocrx_word' id='word_1_735' title='bbox 1965 4961 2097 5017; x_wconf 87' lang='lat' dir='ltr'>Vide</span> <span class='ocrx_word' id='word_1_736' title='bbox 2125 4962 2161 5018; x_wconf 94' lang='lat' dir='ltr'>l.</span> <span class='ocrx_word' id='word_1_737' title='bbox 2185 4962 2250 5016; x_wconf 90' lang='lat' dir='ltr'>de</span> <span class='ocrx_word' id='word_1_738' title='bbox 2279 4964 2444 5033; x_wconf 89' lang='lat' dir='ltr'>Bapt.</span> <span class='ocrx_word' id='word_1_739' title='bbox 2476 4974 2524 5014; x_wconf 93' lang='lat' dir='ltr'>c.</span> <span class='ocrx_word' id='word_1_740' title='bbox 2559 4959 2646 5024; x_wconf 90' lang='grc'>18,</span> <span class='ocrx_word' id='word_1_741' title='bbox 2673 4974 2725 5012; x_wconf 94' lang='lat' dir='ltr'>n.</span> <span class='ocrx_word' id='word_1_742' title='bbox 2765 4960 2966 5017; x_wconf 88' lang='lat' dir='ltr'>Utilior</span> <span class='ocrx_word' id='word_1_743' title='bbox 2985 4965 3090 5015; x_wconf 88' lang='lat' dir='ltr'>est.</span> 
     </span>
    </p>
   </div>
   <div class='ocr_carea' id='block_1_112' title="bbox 2035 5047 3554 5122">
    <p class='ocr_par' dir='ltr' id='par_1_112' title="bbox 2035 5047 3554 5122">
     <span class='ocr_line' id='line_1_112' title="bbox 2035 5047 3554 5122; baseline -0.001 -16"><span class='ocrx_word' id='word_1_744' title='bbox 2035 5052 2285 5122; x_wconf 88' lang='lat' dir='ltr'>Aggressi</span> <span class='ocrx_word' id='word_1_745' title='bbox 2311 5051 2350 5104; x_wconf 92' lang='lat' dir='ltr'>i.</span> <span class='ocrx_word' id='word_1_746' title='bbox 2381 5065 2431 5105; x_wconf 92' lang='lat' dir='ltr'>e.</span> <span class='ocrx_word' id='word_1_747' title='bbox 2471 5049 2776 5119; x_wconf 85' lang='lat' dir='ltr'>inﬁdelem,</span> <span class='ocrx_word' id='word_1_748' title='bbox 2819 5063 2880 5102; x_wconf 89' lang='lat' dir='ltr'>ac</span> <span class='ocrx_word' id='word_1_749' title='bbox 2927 5049 3370 5117; x_wconf 87' lang='lat' dir='ltr'>inconstantem,</span> <span class='ocrx_word' id='word_1_750' title='bbox 3401 5047 3554 5104; x_wconf 88' lang='lat' dir='ltr'>ideo-</span> 
     </span>
    </p>
   </div>
   <div class='ocr_carea' id='block_1_113' title="bbox 1961 5140 3556 5213">
    <p class='ocr_par' dir='ltr' id='par_1_113' title="bbox 1961 5140 3556 5213">
     <span class='ocr_line' id='line_1_113' title="bbox 1961 5140 3556 5213; baseline 0 -18"><span class='ocrx_word' id='word_1_751' title='bbox 1961 5156 2068 5213; x_wconf 90' lang='lat' dir='ltr'>que</span> <span class='ocrx_word' id='word_1_752' title='bbox 2115 5156 2216 5196; x_wconf 91' lang='lat' dir='ltr'>nec</span> <span class='ocrx_word' id='word_1_753' title='bbox 2244 5143 2472 5208; x_wconf 87' lang='lat' dir='ltr'>seriam,</span> <span class='ocrx_word' id='word_1_754' title='bbox 2521 5155 2620 5195; x_wconf 90' lang='lat' dir='ltr'>nec</span> <span class='ocrx_word' id='word_1_755' title='bbox 2645 5141 2928 5197; x_wconf 87' lang='lat' dir='ltr'>sinceram</span> <span class='ocrx_word' id='word_1_756' title='bbox 2974 5140 3349 5210; x_wconf 76' lang='lat' dir='ltr'>prenitentiam</span> <span class='ocrx_word' id='word_1_757' title='bbox 3391 5155 3556 5210; x_wconf 80' lang='lat' dir='ltr'>agen-</span> 
     </span>
    </p>
   </div>
   <div class='ocr_carea' id='block_1_114' title="bbox 1967 5236 2067 5284">
    <p class='ocr_par' dir='ltr' id='par_1_114' title="bbox 1967 5236 2067 5284">
     <span class='ocr_line' id='line_1_114' title="bbox 1967 5236 2067 5284; baseline -0.01 -1"><span class='ocrx_word' id='word_1_758' title='bbox 1967 5236 2067 5284; x_wconf 89' lang='lat' dir='ltr'>tes.</span> 
     </span>
    </p>
   </div>
   <div class='ocr_carea' id='block_1_115' title="bbox 2035 5315 3550 5381">
    <p class='ocr_par' dir='ltr' id='par_1_115' title="bbox 2035 5315 3550 5381">
     <span class='ocr_line' id='line_1_115' title="bbox 2035 5315 3550 5381; baseline -0.001 -7"><span class='ocrx_word' id='word_1_759' title='bbox 2035 5318 2360 5375; x_wconf 86' lang='lat' dir='ltr'>Ruituram.</span> <span class='ocrx_word' id='word_1_760' title='bbox 2390 5315 2534 5372; x_wconf 90' lang='lat' dir='ltr'>Talis</span> <span class='ocrx_word' id='word_1_761' title='bbox 2561 5316 2816 5371; x_wconf 88' lang='lat' dir='ltr'>nimirum</span> <span class='ocrx_word' id='word_1_762' title='bbox 2841 5337 2862 5367; x_wconf 72' lang='grc' dir='ltr'>ι</span> <span class='ocrx_word' id='word_1_763' title='bbox 2889 5316 3079 5374; x_wconf 90' lang='lat' dir='ltr'>similis</span> <span class='ocrx_word' id='word_1_764' title='bbox 3101 5318 3204 5374; x_wconf 90' lang='lat' dir='ltr'>erit</span> <span class='ocrx_word' id='word_1_765' title='bbox 3226 5315 3342 5370; x_wconf 90' lang='lat' dir='ltr'>viro</span> <span class='ocrx_word' id='word_1_766' title='bbox 3368 5316 3550 5381; x_wconf 88' lang='lat' dir='ltr'>stulto,</span> 
     </span>
    </p>
   </div>
   <div class='ocr_carea' id='block_1_116' title="bbox 1961 5405 3550 5481">
    <p class='ocr_par' dir='ltr' id='par_1_116' title="bbox 1961 5405 3550 5481">
     <span class='ocr_line' id='line_1_116' title="bbox 1961 5405 3550 5481; baseline -0.003 -16"><span class='ocrx_word' id='word_1_767' title='bbox 1961 5409 2054 5481; x_wconf 91' lang='lat' dir='ltr'>qui</span> <span class='ocrx_word' id='word_1_768' title='bbox 2108 5405 2334 5464; x_wconf 58' lang='lat' dir='ltr'>aediﬁcat</span> <span class='ocrx_word' id='word_1_769' title='bbox 2388 5406 2611 5462; x_wconf 87' lang='lat' dir='ltr'>domum</span> <span class='ocrx_word' id='word_1_770' title='bbox 2654 5422 2811 5462; x_wconf 90' lang='lat' dir='ltr'>suam</span> <span class='ocrx_word' id='word_1_771' title='bbox 2866 5422 3033 5479; x_wconf 90' lang='lat' dir='ltr'>super</span> <span class='ocrx_word' id='word_1_772' title='bbox 3079 5420 3316 5473; x_wconf 88' lang='lat' dir='ltr'>arenam,</span> <span class='ocrx_word' id='word_1_773' title='bbox 3365 5424 3388 5454; x_wconf 68' lang='grc' dir='ltr'>ι</span> <span class='ocrx_word' id='word_1_774' title='bbox 3447 5412 3550 5460; x_wconf 86' lang='lat' dir='ltr'>etc.</span> 
     </span>
    </p>
   </div>
   <div class='ocr_carea' id='block_1_117' title="bbox 1962 5497 2476 5562">
    <p class='ocr_par' dir='ltr' id='par_1_117' title="bbox 1962 5497 2476 5562">
     <span class='ocr_line' id='line_1_117' title="bbox 1962 5497 2476 5562; baseline -0.004 -10"><span class='ocrx_word' id='word_1_775' title='bbox 1962 5497 2148 5553; x_wconf 80' lang='lat' dir='ltr'>Matth.</span> <span class='ocrx_word' id='word_1_776' title='bbox 2177 5512 2226 5552; x_wconf 90' lang='lat' dir='ltr'>c.</span> <span class='ocrx_word' id='word_1_777' title='bbox 2259 5511 2357 5562; x_wconf 77' lang='lat' dir='ltr'>v11,</span> <span class='ocrx_word' id='word_1_778' title='bbox 2388 5499 2476 5551; x_wconf 86' lang='grc'>16.</span> 
     </span>
    </p>
   </div>
   <div class='ocr_carea' id='block_1_118' title="bbox 2035 5582 3554 5656">
    <p class='ocr_par' dir='ltr' id='par_1_118' title="bbox 2035 5582 3554 5656">
     <span class='ocr_line' id='line_1_118' title="bbox 2035 5582 3554 5656; baseline 0 -14"><span class='ocrx_word' id='word_1_779' title='bbox 2035 5585 2398 5644; x_wconf 86' lang='lat' dir='ltr'>Auditorum.</span> <span class='ocrx_word' id='word_1_780' title='bbox 2434 5585 2625 5642; x_wconf 86' lang='lat' dir='ltr'>Certus</span> <span class='ocrx_word' id='word_1_781' title='bbox 2649 5584 2738 5643; x_wconf 89' lang='lat' dir='ltr'>hic</span> <span class='ocrx_word' id='word_1_782' title='bbox 2784 5584 3328 5644; x_wconf 82' lang='lat' dir='ltr'>catechumenorum</span> <span class='ocrx_word' id='word_1_783' title='bbox 3354 5582 3554 5656; x_wconf 79' lang='lat' dir='ltr'>gradus</span> 
     </span>
    </p>
   </div>
  </div>
