4028 6180
517 343 645 402 1311

509 469 611 526 est,
644 460 709 514 de
746 473 853 531 quo
884 472 1048 528 supra
1089 464 1143 510 et
1171 454 1296 510 alibi
1328 452 1563 508 fortasse
1612 451 1876 521 pluribus.
1909 450 2096 519 Quan-

1593 333 1679 392 AD
1717 331 2007 393 GENUINA
2043 328 2478 392 TERTULLIAN]
2512 331 2729 392 OPERA

3656 329 3814 391 1312

2270 455 2727 525 Repromitteret.
2778 453 3103 523 Simpliciter
3145 468 3244 524 pro
3287 455 3686 526 promitteret,
3741 463 3814 510 ut

511 567 672 624 quam
701 549 790 604 hic
818 545 1128 618 simpliciter
1155 559 1255 616 pro
1290 542 1714 599 catechumenis
1745 556 1930 596 vocem
1962 542 2100 596 hanc
2129 542 2175 560 τ’
2200 553 2382 599 noster
2413 544 2608 598 similia
2636 544 2938 611 composita
2970 544 3190 614 passim.

511 641 874 713 accipiendam
913 645 1118 708 putem,
1166 650 1325 705 quam
1372 631 1533 686 toties
1579 629 1770 686 eodem
1811 645 1972 685 sensu
2011 646 2098 685 re-

514 733 666 805 petit.

586 826 679 880 Eo.
711 821 814 875 Seu
849 835 912 875 ea
934 819 999 872 de
1026 830 1215 882 causa,
1240 809 1324 870 vel
1353 813 1667 884 propterea.

586 911 792 970 Simul.
822 910 926 962 Pro
961 903 1404 977 quamprimum.

590 1000 774 1057 Simul
800 995 1132 1070 inspexeris.
1157 991 1265 1046 Seu
1285 1005 1410 1046 mox
1432 1005 1494 1044 ac
1515 987 1784 1059 prOprius,
1818 989 2100 1062 penitius-

517 1107 618 1163 que
648 1105 772 1144 eum
801 1083 1140 1156 cognoveris.

590 1193 846 1252 Incubas.
898 1189 1190 1257 Porroque,
1236 1185 1377 1242 velut
1426 1201 1490 1238 ex
1537 1183 1762 1238 nimium
1802 1182 1974 1237 tenaci
2004 1182 2108 1236 ha-

516 1286 628 1342 bitu
661 1291 711 1338 et
748 1277 1154 1347 consuetudine,
1186 1275 1477 1332 incumbis.
1532 1272 1665 1328 Vide
1697 1273 1734 1329 l.
1766 1273 1830 1330 de
1861 1274 2020 1344 Bapt.
2052 1288 2100 1327 c.

519 1379 608 1446 11,
639 1392 695 1429 n.
724 1372 1230 1429 Resurrectzonem.

590 1483 849 1553 Ignarus,
878 1475 916 1530 i.
950 1492 1002 1530 e.
1033 1490 1158 1530 cum
1187 1473 1360 1528 adhuc
1391 1473 1562 1528 Deum
1602 1485 1709 1526 non
1738 1467 2101 1541 cognovisses.

588 1587 839 1657 Separat.
899 1580 1183 1646 Pamelius,
1236 1585 1375 1633 teste
1419 1575 1603 1641 Iunio,
1653 1574 1924 1630 extribus
1973 1588 2102 1628 mss.

517 1675 711 1748 legita
751 1673 1004 1745 perfecto
1054 1670 1152 1726 Dei
1186 1667 1366 1722 verbo.
1411 1664 1694 1734 Quodnam
1741 1679 1866 1719 vero
1914 1661 2106 1716 istud?

518 1768 711 1820 Annon
743 1769 920 1816 autem
953 1765 1173 1830 praestat
1198 1755 1483 1810 lectionem
1531 1754 1635 1810 mei
1675 1751 1879 1808 codicis
1916 1750 2108 1807 retine-

520 1871 600 1922 re,
632 1853 762 1908 satis
789 1847 1072 1905 commode
1103 1845 1181 1900 sic
1207 1843 1579 1914 exponendam
1611 1859 1625 1896 :
1667 1841 1810 1911 Quid
1845 1851 1894 1895 te
1919 1857 1952 1896 a
1981 1857 2104 1898 ser-

515 1959 580 2002 υο
611 1941 730 2008 Dei,
761 1953 862 2008 per
890 1934 1218 2005 baptismum
1262 1933 1372 2002 jam
1397 1934 1674 2004 perfecto,
1724 1937 1961 2002 separat,
2009 1946 2106 1985 seu

518 2029 842 2098 distinguit,
874 2040 935 2080 ac
965 2019 1374 2080 discriminat?
1398 2021 1513 2077 Nec
1540 2027 1718 2076 autem
1749 2020 2106 2077 catechume-

521 2134 630 2174 nus
657 2131 772 2188 prae
799 2115 1082 2187 baptizata
1128 2109 1385 2168 eximium
1421 2108 1700 2181 quidpiam
1738 2109 1920 2177 habet,
1953 2107 2109 2180 quasi

518 2209 608 2264 ille
632 2207 756 2264 sine
774 2204 1114 2279 paenitentia
1139 2201 1178 2257 I
1193 2199 1354 2258 221
1383 2201 1452 2256 de
1481 2198 1714 2272 peccatis
1738 2197 1850 2253 suis
1880 2197 2112 2270 propriis

523 2313 647 2353 mox
685 2296 743 2352 in
768 2293 1097 2364 baptismum
1133 2291 1342 2345 irruere
1385 2296 1571 2360 posset
1618 2305 1632 2342 :
1680 2286 1956 2344 enimvero
1985 2286 2111 2342 huic

521 2386 711 2440 saltem
738 2382 938 2454 praevia
966 2381 1271 2437 attritione
1297 2392 1436 2450 Opus
1467 2384 1567 2444 est,
1596 2375 1663 2430 ad
1693 2375 1946 2430 eumdem
1974 2378 2110 2446 fru-

524 2478 714 2530 ctuose
741 2468 1159 2539 suscipiendum.

596 2578 748 2642 Fide,
797 2575 836 2631 i.
875 2589 927 2629 e.
972 2571 1126 2643 ﬁdeli
1155 2587 1218 2626 ac
1260 2587 1390 2629 vera
1433 2569 1764 2642 poenitentia,
1794 2583 1904 2624 non
1951 2576 2011 2624 ut
2056 2583 2104 2624 c.

526 2683 714 2740 praec.,
747 2680 804 2719 ιι.
851 2663 1306 2736 Hypocritarum.

598 2773 719 2832 Loti
759 2785 970 2828 sumus.
1026 2769 1256 2824 Interne
1302 2763 1558 2820 nimirum
1590 2779 1604 2817 :
1636 2779 1756 2834 quae
1785 2769 1965 2818 tamen
2003 2777 2114 2818 non

525 2877 743 2932 semper
768 2867 848 2915 est
874 2855 1076 2912 ablutio
1102 2857 1379 2928 perfecta,
1397 2853 1492 2909 sed
1516 2854 1828 2923 plerumque
1845 2852 2114 2907 inchoata

523 2953 798 3008 duntaxat.
849 2944 1164 3002 Poenitentia
1206 2942 1347 2997 enim
1379 2941 1467 2996 illa
1513 2957 1586 2997 ea:
1641 2944 1796 2998 metu
1851 2939 2112 3011 profecta,

513 3056 676 3114 quam
706 3035 932 3091 dicimus
969 3035 1341 3098 attritionem,
1381 3046 1445 3086 ex
1474 3045 1534 3086 se
1564 3045 1674 3086 non
1697 3027 1952 3099 justiticat
1989 3036 2113 3084 ante

2272 635 2680 690 Prtestaturus.
2712 634 2872 688 Recte
2893 633 3111 689 omnino
3132 649 3232 704 pro
3255 638 3652 706 prmstiturus,
3671 650 3815 691 cum

2200 726 2476 795 praestare
2506 738 2602 794 pro
2632 723 2884 794 implere,
2919 731 3011 776 aut
3045 724 3315 794 perﬁcere
3353 723 3650 794 accipitur.

2687 863 2841 919 Notos
2869 863 2942 918 ad
2974 865 3156 935 Caput
3195 865 3301 921 VII.

2275 983 2664 1041 Audientibus.
2686 983 2827 1038 Satis
2846 983 3112 1054 significat
3129 984 3355 1050 Author,
3379 999 3499 1054 quae
3519 985 3806 1040 hactenus

2203 1073 2479 1141 praemisit,
2529 1079 2768 1144 spectare
2818 1072 3219 1140 pmnitentiam,
3271 1077 3402 1128 ante
3447 1072 3814 1147 baptismum

2203 1163 2269 1216 ab
2299 1162 2683 1226 audientibus,
2715 1177 2808 1216 seu
2839 1179 2868 1215 a
2896 1161 3336 1227 catechumenis,
3367 1163 3657 1232 agendam.
3681 1163 3817 1217 Jam

2203 1266 2330 1306 vero
2370 1250 2435 1304 ad
2487 1265 2602 1304 eam
2645 1249 2970 1318 poenitentiae
3001 1248 3241 1318 speciem
3271 1248 3630 1317 convertitur,
3675 1268 3816 1322 quae

2205 1339 2430 1410 relapsis
2456 1344 2581 1412 post
2621 1339 2966 1410 baptismum
3015 1337 3387 1408 amplectenda
3419 1348 3674 1407 superest
3706 1357 3818 1396 ceu

2203 1432 2333 1499 jam,
2368 1437 2425 1484 ut
2451 1445 2610 1499 supra
2638 1427 2890 1491 diximus,
2918 1427 3168 1484 secunda
3198 1435 3314 1496 post
3348 1428 3696 1501 naufragium
3726 1436 3816 1487 ta-

2212 1519 2363 1575 bula.

2285 1606 2438 1662 Nihil
2467 1609 2612 1678 jam.
2664 1604 2766 1661 Vel
2803 1604 2952 1661 nihil
2989 1607 3118 1676 jam
3165 1607 3372 1672 Spectat
3417 1605 3483 1658 ad
3529 1620 3656 1674 eos,
3715 1607 3815 1677 qui

2213 1702 2336 1766 post
2362 1695 2688 1764 baptismum
2721 1694 2918 1748 nullius
2937 1695 3063 1764 jam
3095 1694 3348 1764 amplius
3377 1693 3452 1748 rei
3486 1695 3819 1764 pcnnitentia

2139 1802 2184 1882 Β
2213 1783 2387 1852 dignae
2425 1782 2528 1837 sibi
2556 1783 2762 1838 conscii
2790 1789 2946 1852 sunt;
2978 1781 3063 1836 vel
3083 1780 3150 1834 ad
3183 1781 3441 1850 parvulos
3461 1781 3821 1838 referendum

2213 1881 2312 1936 est,
2354 1869 2556 1943 peccati
2584 1872 2851 1938 actualis,
2884 1869 3215 1941 proindeque
3242 1871 3604 1942 paenitentia:
3653 1872 3816 1928 inca-

2213 1977 2392 2030 paces.

2287 2051 2702 2115 Retractantes,
2736 2047 2784 2101 id
2834 2054 2936 2113 est,
2971 2050 3284 2105 tractantes
3329 2068 3348 2105 :
3375 2055 3432 2102 ut
3479 2049 3595 2117 jam
3625 2047 3822 2120 pigeat

2216 2137 2372 2194 toties
2391 2147 2698 2192 annotassc.

2285 2230 2703 2291 Demonstrare,
2730 2225 2763 2281 i.
2792 2242 2843 2281 e.
2866 2225 3008 2281 velut
3025 2225 3335 2296 designare,
3366 2227 3521 2298 quasi
3549 2227 3620 2282 ad
3644 2243 3822 2301 porro

2215 2313 2543 2387 peccandum
2573 2315 2827 2370 invitatis.

2288 2407 2381 2462 Eo.
2425 2405 2526 2458 Pro
2557 2419 2810 2476 eousque,
2843 2412 2936 2458 aut
2958 2407 3280 2476 propterea.

2289 2496 2414 2548 Jam
2435 2508 2591 2548 nunc
2625 2497 2842 2563 pateat.
2864 2492 3118 2564 Spatium
3151 2491 3487 2562 subintelligc
3518 2493 3831 2565 (temporis

2220 2579 2498 2650 nimirum)
2529 2587 2620 2634 aut
2647 2581 2854 2650 janua,
2893 2577 3133 2635 similcvc
3163 2578 3386 2649 aliquid.

2292 2667 2576 2725 Evadendi
2609 2667 2846 2723 habebit.
2882 2668 3048 2722 Praecl
3062 2683 3154 2722 usa
3181 2665 3387 2722 scilicet
3415 2667 3672 2723 evadendi
3712 2670 3824 2726 via.

2291 2761 2410 2816 Non
2439 2759 2676 2814 habebit.
2716 2757 2838 2828 Ipse
2859 2755 3108 2810 nimirum
3137 2757 3466 2826 offendendi
3491 2757 3670 2826 ﬁnem
3705 2759 3816 2812 sibi

2222 2862 2328 2902 non
2360 2845 2582 2900 faciens.

2291 2936 2592 2991 Hactenus.
2624 2935 2924 2998 Hactenus,
2949 2947 3047 2989 seu
3074 2947 3330 3004 eousque.
3355 2932 3465 2987 Aut
3481 2932 3624 2989 forte
3646 2934 3818 2990 Chri-

2218 3023 2374 3080 stiani
2412 3021 2859 3092 exspectabimus,
2912 3027 2971 3076 ut
3006 3020 3111 3092 ipsi
3159 3021 3396 3094 gentiles
3439 3021 3602 3078 nobis
3637 3023 3824 3079 Deum

512 3109 836 3200 baptismum
869 3129 991 3178 actu
1045 3127 1379 3191 susceptum.
1408 3119 1504 3174 sed
1535 3117 1650 3174 sola
1680 3119 1949 3175 contritio
1986 3133 2112 3188 per-
2155 3131 2196 3209 c
2219 3128 2376 3168 suum
2414 3112 2736 3169 Terminum
2775 3109 2933 3180 (vahl
2972 3125 3144 3182 neque
3177 3109 3293 3166 sine
3333 3111 3604 3183 impietate
3636 3114 3820 3170 nomi-

513 3219 651 3276 lecta
689 3231 752 3272 ex
798 3229 988 3269 amore
1025 3211 1124 3268 Dei
1167 3225 1339 3282 super
1367 3209 1585 3265 omnia.
1616 3207 1866 3263 Attamen
1913 3206 1968 3261 in
2004 3215 2112 3261 tam

511 3307 788 3368 diuturna,
817 3317 940 3374 quas
969 3299 1161 3369 olimfa
1208 3298 1633 3354 catechumenis
1683 3295 1953 3367 baptismo
1982 3311 2119 3364 prae-

511 3394 764 3452 mittenda
805 3399 940 3456 erat,
987 3389 1306 3461 poenitentia
1333 3387 1425 3441 vix
1471 3385 1584 3441 fieri
1637 3392 1848 3456 poterat
1894 3392 1956 3441 ut
2005 3399 2156 3450 non,

511 3484 803 3556 aliquando
831 3483 886 3537 in
922 3479 1300 3536 contritionem
1341 3475 1637 3550 perfectam
1685 3475 1833 3530 velut
1863 3489 1959 3545 per
1988 3489 2113 3546 gra-

514 3575 616 3630 dus
670 3573 936 3645 quosdam
1000 3568 1268 3632 transiret,
1326 3565 1461 3621 adeo
1513 3572 1573 3620 ut
1629 3563 1823 3635 aliquis
1877 3561 2116 3634 peccatis

515 3663 702 3718 deletis
748 3661 860 3730 jam
929 3658 1138 3712 interne
1197 3653 1516 3725 justiﬁeatus
1581 3660 1742 3721 esset,
1829 3659 2116 3721 antequam

518 3751 692 3820 ipsum
739 3747 1067 3819 baptismum
1113 3751 1233 3799 actu
1276 3741 1591 3813 susciperet.
1625 3739 1811 3795 Videri
1857 3738 1946 3793 hic
1976 3755 2111 3807 pos-

517 3846 641 3893 sunt
681 3851 747 3892 ea
797 3850 920 3905 quae
972 3847 1130 3887 conc.
1185 3831 1338 3885 Trid.
1386 3844 1552 3900 supra
1616 3827 1706 3884 cit.
1758 3843 1894 3882 sess.
1956 3831 1989 3883 6
2046 3826 2113 3883 de

520 3925 715 3993 Justif.
758 3939 806 3978 c.
840 3925 893 3993 6,
927 3919 1158 3975 dilucide
1188 3917 1432 3991 exponit.

591 4011 830 4084 Integer.
882 4008 1136 4063 Sincerus
1184 4012 1238 4061 et
1285 4005 1576 4075 perfectus,
1632 4017 1794 4071 quem
1837 4006 2109 4076 primam,

522 4102 574 4160 id
605 4108 706 4167 est,
739 4097 1030 4156 initialem
1066 4110 1129 4151 ac
1155 4093 1501 4160 inchoatam,
1536 4099 1596 4148 ut
1624 4108 1748 4149 mox
1785 4099 1942 4148 antea
1969 4092 2106 4148 dixi-

519 4207 661 4262 mus,
693 4189 1111 4252 intinctionem,
1145 4200 1241 4240 seu
1272 4183 1616 4256 baptismum
1648 4189 1825 4239 vocat.

601 4279 809 4350 Quoad.
843 4278 944 4332 Pro
969 4289 1107 4332 mox
1144 4293 1210 4331 ac
1236 4281 1296 4328 ut
1326 4287 1506 4343 supra.

596 4369 868 4434 Senseris,
901 4381 996 4420 seu
1026 4365 1364 4436 cognoveris.

2219 3201 2456 3256 nandum
2483 3201 2523 3273 !)
2554 3201 2789 3272 peccatis
2817 3199 3015 3254 nostris
3031 3199 3365 3269 praestituant
3383 3202 3410 3255 ‘?

2292 3291 2647 3350 Periculosis.
2673 3289 2941 3346 Periculis
2963 3289 3149 3360 legunt
3176 3288 3268 3341 alii
3302 3307 3316 3344 :
3348 3289 3556 3358 planius
3588 3292 3823 3362 quidem

2219 3380 2273 3436 id
2302 3389 2404 3450 est,
2435 3395 2543 3435 non
2574 3393 2702 3434 vero
2743 3377 2897 3444 tanti,
2939 3385 2997 3433 ut
3028 3391 3203 3433 meum
3249 3386 3532 3449 prOpterea
3568 3379 3825 3437 codicem

2214 3470 2471 3526 deserere
2508 3483 2696 3540 cOgar.

2286 3559 2668 3616 Maridicunt.
2705 3556 2952 3631 Improbe
2983 3557 3303 3630 Neptunum
3333 3562 3587 3619 accusat,
3613 3558 3719 3630 qui
3737 3558 3825 3615 bis

2215 3650 2594 3720 naufragium
2641 3649 2909 3720 patitur,
2958 3647 3032 3702 ait
3092 3648 3315 3704 Publius
3383 3647 3824 3716 Mimographus.

2291 3739 2550 3796 Memoria
2569 3737 2810 3810 periculi
2831 3737 3129 3793 honorant.
3155 3737 3294 3792 Sane
3318 3752 3578 3808 perquam
3599 3736 3828 3808 elegano

2220 3836 2300 3883 ter
2329 3827 2562 3881 dictum!
3523 3832 3528 3837 ·

2287 3911 2516 3972 3222
2559 3914 2726 3970 Oneri
2755 3929 2886 3971 esse.
2930 3914 3326 3986 Emphaticum,
3359 3913 3411 3968 id
3441 3922 3525 3969 est
3552 3913 3827 3971 acciendo

2221 4003 2438 4062 affectui
2468 4003 2745 4059 idoneum.

2289 4097 2597 4150 Inculcare.
2623 4095 2687 4149 In
2704 4093 2754 4147 id
2777 4093 3020 4151 calcare.
3043 4092 3184 4162 Quid
3201 4109 3328 4150 vero
3351 4091 3530 4148 multis
3550 4093 3579 4148 7
3614 4095 3820 4151 incul-

2220 4198 2350 4240 care
2391 4182 2477 4237 hic
2516 4181 2828 4254 simpliciter
2861 4197 2957 4253 pro
3005 4183 3248 4252 calcare,
3303 4199 3398 4238 seu
3436 4181 3678 4239 calcibus
3726 4202 3833 4256 per

2219 4289 2489 4328 summum
2541 4279 2902 4343 contemptum
2941 4272 3222 4340 insultare,
3268 4272 3472 4343 accipio
3513 4290 3527 4330 :
3575 4280 3635 4328 et
3683 4276 3825 4347 quis

2219 4363 2580 4436 refragabitur
2598 4363 2627 4416 ?

594 4454 669 4543 Ab
695 4431 876 4524 aquis,
907 4449 945 4504 i.
978 4465 1026 4504 e.
1054 4431 1185 4543 post
1211 4431 1705 4543 baptis-mum,seu
1736 4452 2020 4518 postquam
2049 4446 2116 4502 ab
2155 4463 2203 4543 ο
2296 4431 2496 4518 Modus,
2529 4451 2567 4505 i.
2601 4466 2652 4506 e.
2682 4452 2967 4522 coercitio,
3001 4467 3097 4506 seu
3128 4449 3413 4509 cohibitio.

523 4542 684 4614 aquis
712 4554 900 4594 rursus
929 4538 1133 4609 egressi
1161 4535 1378 4591 fuimus.

595 4628 912 4684 Induimus.
960 4627 1055 4682 Hic
1092 4641 1322 4695 namque
1363 4623 1612 4696 baptismi
1662 4622 1990 4679 necessarius
2031 4639 2116 4692 ac,

525 4725 585 4774 ut
611 4732 882 4786 vocamus,
915 4731 986 4772 ea:
1024 4729 1188 4789 opere
1235 4716 1461 4786 operata
1518 4711 1743 4767 effectus
1781 4717 1896 4782 est;
1941 4728 2116 4768 sacra-

527 4814 708 4862 menta
755 4805 926 4872 enim,
976 4803 1144 4859 instar
1191 4817 1472 4858 causarum
1516 4801 1863 4870 naturalium,
1897 4802 1950 4856 in
1991 4803 2117 4858 sub-

526 4897 666 4964 jecto
697 4904 836 4950 recte
867 4893 1132 4964 disposito
1170 4890 1473 4947 necessario
1503 4897 1815 4961 operantur.

609 4985 905 5049 Obstructi,
939 4983 977 5038 i.
1009 4997 1061 5038 e.
1094 4980 1454 5053 undequaque
1482 4979 1744 5052 impediti.

599 5070 898 5142 Alligatus.
931 5070 1015 5125 Ad
1041 5069 1245 5125 Novam
1276 5067 1476 5126 scilicet
1505 5070 1700 5141 Legem
1750 5067 1967 5135 Christi,
2003 5076 2122 5138 post

533 5176 559 5208 α
591 5156 1043 5214 renuntiationem
1072 5156 1287 5212 diabolo
1325 5167 1378 5212 et
1407 5156 1657 5213 omnibus
1699 5157 1915 5230 pompis
1942 5157 2061 5226 ejus
2095 5176 2118 5206 ι

531 5261 562 5301 a
584 5246 851 5320 baptizato
877 5245 1090 5304 factam.

609 5339 714 5408 Qui
741 5339 898 5394 enim
938 5341 1116 5410 optat.
1150 5337 1466 5394 Antitheses
1499 5347 1800 5408 sequuntur
1840 5351 1970 5389 sane
1997 5333 2128 5389 insi-

534 5443 689 5502 gues.

621 5517 996 5575 Timidiorem.
1037 5519 1249 5576 Timore
1285 5517 1383 5573 Dei
1423 5515 1666 5571 nonnihil
1703 5512 1876 5585 magis
1905 5527 2133 5569 concus-

543 5617 684 5662 sum.
716 5602 851 5662 Vide
878 5619 1061 5679 supra.

2295 4545 2440 4598 Dum
2473 4542 2885 4611 exstinguitur.
2919 4539 3288 4596 Pulcherrima
3331 4538 3635 4610 antithesis.

2302 4630 2490 4686 Mortis
2520 4643 2708 4700 opera.
2741 4626 2870 4696 Ejus
2891 4625 3165 4696 nimirum,
3184 4641 3306 4697 quae
3335 4626 3471 4682 inter
3493 4626 3642 4697 ipsas
3671 4643 3841 4686 mor-

2231 4721 2308 4776 tes
2337 4723 2419 4770 cst
2447 4717 2703 4771 omnium
2735 4713 3180 4782 terribilissima,
3216 4729 3361 4768 mors
3389 4714 3605 4771 animae.

2298 4807 2461 4861 Retro
2481 4819 2618 4858 suae.
2650 4804 2833 4858 Antea
2862 4819 2999 4869 sum,
3033 4801 3086 4855 id
3127 4809 3229 4868 est,
3265 4803 3582 4873 peccatoris,

2299 4891 2661 4949 Judicaturus
2683 4893 2787 4946 est.
2811 4890 2889 4944 lta
2917 4888 3057 4944 enim
3079 4897 3298 4946 sanctus
3326 4891 3522 4946 Paulus
3549 4891 3570 4944 I
3591 4890 3730 4946 Cor.
3753 4909 3840 4959 πη,

2229 4985 2280 5037 3.
2333 4985 2454 5037 ait:
2509 4980 2762 5043 Nescitis,
2823 4980 3091 5050 quoniam
3131 4981 3352 5051 angelos
3381 4980 3839 5052 judicabimus?

2235 5071 2390 5140 Quod
2429 5071 2498 5126 de
2543 5069 2709 5124 malis
2729 5084 2824 5123 seu
2855 5068 3123 5124 damnatis
3146 5069 3422 5140 spiritibus
3462 5070 3840 5126 communiter

2236 5161 2554 5229 interpretes
2597 5157 2922 5230 intelligunt.
2963 5178 2989 5209 (ι
3026 5157 3088 5211 Hi
3121 5175 3309 5228 nempe
3339 5167 3463 5213 sunt
3491 5157 3585 5229 (ait
3617 5158 3834 5214 Noster

2229 5251 2285 5305 in
2316 5250 2355 5303 l.
2388 5250 2452 5305 de
2493 5249 2624 5304 Hab.
2655 5249 2795 5314 mut,
2829 5264 2876 5303 c.
2913 5247 2968 5316 2)
3015 5261 3150 5317 quos
3173 5247 3459 5318 judicaturi
3494 5263 3687 5303 sumus
3728 5267 3740 5303 :
3781 5249 3840 5303 hi

2231 5347 2354 5396 sunt
2401 5339 2594 5410 angeli,
2642 5337 2837 5409 quibus
2876 5336 2932 5391 in
2981 5337 3196 5391 lavacro
3243 5337 3632 5391 renuntiamus.
3676 5355 3701 5389 ι
3766 5339 3841 5392 Et

2229 5429 2283 5482 in
2314 5431 2352 5482 l.
2375 5427 2440 5482 de
2462 5429 2614 5499 Fuga
2634 5428 2694 5481 in
2720 5441 2937 5498 persec.
2969 5440 3016 5481 c.
3049 5425 3135 5492 10,
3160 5425 3230 5480 ita
3251 5423 3490 5495 loquitur
3527 5442 3541 5480 :
3579 5443 3604 5474 α
3638 5423 3839 5478 Times

2232 5516 2523 5583 hominem,
2555 5514 2876 5580 Christiane,
2907 5529 3068 5586 quem
3099 5513 3274 5568 timeri
3305 5521 3521 5584 Oportet
3552 5514 3621 5565 ab
3654 5529 3836 5584 ange-

2236 5607 2302 5663 lis
2343 5604 2630 5677 (siquidem
2677 5604 2898 5676 angelos
2932 5601 3267 5675 judicaturus
3303 5602 3405 5674 es),
3454 5617 3613 5675 quem
3656 5601 3839 5659 timeri
