4028 6180
249 301 384 360 1313

1085 295 1422 358 APPENDIX
1461 297 1526 357 V.
1562 327 1634 340 ——
1673 295 1735 356 D.
1777 294 2154 357 CORBINIANI
2197 292 2440 354 ΤΗΟΜᾹέ
2477 293 2714 356 ADNOT.

3400 303 3536 362 1314

241 434 454 499 oportet
498 441 530 479 a
578 425 880 494 daemoniis,
943 444 966 474 ι
1015 431 1118 482 etc.
1169 424 1252 480 De
1296 423 1382 478 his
1429 423 1592 497 igitur
1637 422 1838 496 angelis
1863 428 1910 510 Α
1943 421 2102 478 idolis
2133 420 2304 492 pollui
2336 437 2398 477 ac
2423 419 2826 510 impuritatibus
2874 421 3224 510 contaminari
3257 442 3532 498 nunquam

240 517 398 571 etiam
439 515 523 570 hic
553 514 917 570 Tertullianus
947 514 1207 586 loquitur.

322 604 758 660 Traditionibus.
806 602 914 658 Alii
963 603 1156 674 legunt
1197 601 1610 657 conditionibus
1643 621 1660 657 :
1692 602 1839 674 quod

242 692 473 764 probare
513 708 620 748 non
669 707 888 763 possum
930 705 944 744 :
985 691 1176 746 Junius
1226 691 1697 756 traductionibus,
1730 707 1838 762 quo

1943 516 2208 581 poterant.
2249 511 2429 581 Atque
2476 509 2593 565 haec
2637 517 2718 566 est
2755 507 2870 578 ipsa
2919 509 2977 564 S.
3035 511 3186 566 Pauli
3227 512 3471 570 doctrina
3502 521 3528 570 1

1943 599 2068 654 Cor.
2101 615 2161 666 x,
2196 599 2262 652 27
2297 607 2350 651 et
2378 613 2531 667 seqq.
2569 597 2640 652 ita
2668 597 2936 653 dicentis:
2976 600 3036 655 Si
3081 603 3208 672 quis
3255 609 3410 659 vocat
3447 621 3540 661 vos

1941 688 2260 757 inﬁdelium
2281 685 2372 756 (ad
2405 685 2591 756 epulas
2621 685 2896 757 nimirum)
2931 692 2984 745 et
3015 691 3188 746 vultis
3233 692 3336 762 ire,
3367 707 3530 750 omne

245 781 501 837 vocabulo
549 788 730 837 noster
766 780 821 834 in
861 781 898 834 l.
941 780 1008 836 de
1045 783 1306 850 Prwscr.,
1338 795 1388 836 c.
1431 783 1520 844 22,
1557 779 1741 834 utitur.
1774 780 1843 834 Et
1944 776 2088 847 quod
2131 775 2280 831 vobis
2329 775 2654 848 apponitur,
2704 775 3068 844 manducata,
3101 779 3250 832 nihil
3289 781 3540 837 interro-

242 885 370 924 sane
399 869 512 923 haec
545 868 703 924 lectio
730 869 1002 924 contextui
1052 869 1224 940 magis
1261 883 1567 940 congruere
1606 866 1836 932 videtur,

245 958 460 1028 prOprie
491 955 637 1010 enim
666 956 896 1012 dicimus
923 957 990 1012 de
1018 957 1122 1022 via,
1154 964 1244 1012 aut
1277 959 1430 1014 recto
1471 958 1706 1012 tramite
1735 956 1838 1009 ali-

244 1061 405 1114 quem
449 1045 745 1101 traducere
769 1049 830 1101 in
860 1047 1010 1110 avia,
1042 1055 1144 1100 etc.

309 1135 444 1188 Sera
490 1133 798 1190 obstructa.
843 1134 1030 1204 Neque
1077 1140 1258 1188 autem
1304 1147 1407 1190 vox
1445 1133 1732 1189 obstructa
1773 1131 1840 1186 ad

238 1235 431 1292 seram,
463 1221 561 1276 sed
591 1221 658 1276 ad
685 1224 926 1292 ianuam
957 1221 1240 1277 referenda
1269 1231 1366 1286 est,
1407 1229 1464 1276 ut
1495 1238 1688 1277 sensus
1718 1221 1788 1275 sit
1823 1239 1836 1274 :

233 1309 418 1378 ianua
439 1326 535 1380 per
553 1310 942 1375 intinctionis,
966 1325 1062 1365 seu
1083 1309 1336 1381 baptismi
1352 1327 1538 1366 seram
1557 1309 1840 1370 obstructa

233 1399 399 1452 Recte
446 1407 624 1452 autem
671 1398 742 1454 ita
791 1399 1012 1468 dictum,
1041 1414 1106 1455 eo
1151 1399 1297 1472 quod
1335 1399 1634 1470 baptismus
1671 1398 1837 1454 reite-

234 1487 342 1542 rari
372 1495 632 1558 nequeat,
675 1497 836 1558 atque
865 1489 1004 1544 adeo
1032 1489 1146 1544 haec
1167 1490 1334 1558 janua
1369 1488 1538 1545 semel
1567 1488 1836 1560 baptizata

229 1579 341 1646 jam
373 1591 481 1631 non
525 1577 755 1648 amplius
787 1585 963 1649 pateat
1005 1579 1073 1633 ad
1117 1580 1329 1638 veniam
1377 1586 1432 1636 et
1460 1577 1837 1636 remissionem

232 1675 595 1739 peccatorum,
629 1683 723 1738 per
749 1684 906 1741 quam
939 1668 1028 1724 bis
1053 1671 1408 1744 ingrediatur.

307 1760 564 1814 Frustra.
624 1757 950 1815 Duriuscula
1004 1759 1120 1816 ιιωο
1181 1761 1380 1818 locutio
1425 1780 1440 1820 :

234 1846 396 1901 etiam
435 1847 748 1918 poenitentia
785 1863 817 1902 a
853 1847 1133 1920 baptizatis
1171 1858 1293 1922 post
1331 1850 1552 1907 iteratos
1589 1851 1838 1922 relapsus

239 1936 420 1990 iterari
467 1951 578 1992 non
626 1943 830 2007 posset,
879 1937 1124 2008 adeoque
1172 1939 1430 2012 deinceps
1476 1940 1654 1996 omnis
1704 1954 1836 2011 spes

234 2025 404 2082 venia:
449 2025 632 2082 denuo
670 2027 1073 2098 consequentiae
1118 2028 1382 2101 prmclusa
1429 2037 1592 2085 esset.
1637 2029 1834 2086 Verum

233 2115 356 2183 plus
401 2113 580 2171 dicere
620 2114 733 2171 fors
764 2117 1128 2172 Tertullianus
1165 2133 1274 2173 non
1302 2118 1491 2184 voluit,
1524 2135 1684 2188 quam
1727 2133 1836 2188 quo

233 2203 436 2273 saepius
471 2202 596 2275 quis
633 2206 955 2275 peccaverit,
985 2221 1052 2262 co
1089 2203 1450 2262 difficiliorem
1488 2204 1606 2261 fieri
1641 2205 1836 2260 seriam

229 2289 624 2363 paenitentiam,
669 2309 732 2350 ac
769 2293 930 2352 venia
978 2295 1138 2351 toties
1182 2295 1426 2368 dignam.
1480 2295 1620 2350 Sane
1659 2305 1835 2350 autem

225 2380 284 2435 in
335 2381 692 2453 sequentibus
737 2399 862 2439 mox
913 2385 1206 2458 benignius
1253 2384 1512 2456 loquitur.
1559 2383 1666 2441 Sed
1711 2384 1836 2441 vide

223 2470 414 2540 pOtius
441 2470 599 2538 infra,
631 2489 680 2527 c.
721 2475 776 2543 9,
807 2475 1137 2531 Patrocinia
1174 2478 1426 2544 naturae,
1461 2476 1619 2530 1169.

311 2559 459 2628 Quod
497 2575 810 2632 acceperas.
849 2562 1042 2620 Gravis
1079 2564 1320 2634 proiecto
1362 2562 1648 2631 sententia,
1692 2562 1830 2618 alte-

222 2663 336 2720 que
365 2647 729 2718 imprimenda
757 2648 958 2706 animo.

300 2738 712 2795 Accommodat.
737 2740 841 2795 Pro
863 2739 1190 2810 commodat,
1211 2746 1264 2796 et
1284 2740 1532 2796 concedit
1560 2741 1696 2797 usui
1713 2749 1826 2797 tuo.

301 2829 605 2895 Restituas,
637 2843 734 2884 seu
756 2845 1076 2902 recuperes,
1109 2837 1205 2884 aut
1233 2832 1542 2886 restaures.

316 2917 533 2975 Nedum
571 2921 866 2991 ampliato.
923 2917 1144 2976 Nedum
1185 2918 1275 2974 hic
1319 2917 1700 2990 exponendum
1748 2924 1830 2974 est

233 3005 412 3063 multo
448 3009 648 3078 magis.
691 3007 816 3063 Scio
846 3013 1027 3064 autem
1053 3007 1214 3064 etiam
1245 3008 1377 3064 alias
1405 3007 1830 3080 signiﬁcationes

1940 869 2137 935 gantes
2165 869 2397 938 propter
2424 864 2857 919 conscientiam.
2889 865 2950 920 Si
2977 868 3102 937 quis
3140 871 3334 923 autem
3372 869 3535 924 dixe-

1941 955 2023 1008 rit
2050 972 2068 1008 :
2089 955 2199 1008 Hoc
2229 952 2594 1008 immolatum
2625 955 2708 1007 est
2737 951 2923 1019 idolis,
2957 955 3137 1012 nolite
3167 957 3532 1023 manducare,

1937 1047 2173 1114 propter
2202 1042 2368 1096 illum
2387 1042 2484 1112 qui
2511 1040 2785 1094 indicavit
2805 1042 2894 1110 (ne
2922 1041 2969 1095 is
2999 1042 3246 1100 videlicet
3279 1055 3445 1114 putet,
3479 1045 3532 1099 in

1939 1129 2204 1185 idolorum
2224 1145 2442 1184 suorum
2456 1129 2688 1200 gratiam
2710 1131 3046 1202 manducari)
3072 1137 3126 1188 et
3145 1139 3378 1206 propter
3399 1151 3534 1192 con-

1938 1218 2241 1275 scientiam
2272 1234 2284 1270 :
2303 1217 2712 1274 conscientiam
2733 1224 2926 1276 autem
2945 1220 3066 1276 dico
3095 1238 3209 1280 non
3235 1227 3417 1292 tuam,
3439 1224 3535 1281 sed

1938 1307 2196 1374 alterius,
2224 1322 2292 1362 ne
2319 1306 2522 1363 scilicet
2552 1305 2804 1363 seandalo
2834 1308 2984 1364 alteri
3016 1308 3130 1381 ﬁas,
3157 1311 3386 1385 ejusque
3404 1328 3535 1371 con-

1938 1394 2221 1452 scientiam
2249 1395 2436 1450 laedas.

2009 1485 2272 1541 Dubium.
2305 1483 2667 1557 Subintelligo
2705 1485 2766 1541 id
2804 1489 2964 1552 esset,
2997 1485 3083 1542 vel
3127 1487 3307 1544 videri
3333 1497 3534 1562 posset.

1939 1575 2076 1631 Nam
2124 1573 2363 1644 pristinis
2393 1573 2727 1644 temporibus
2777 1575 3140 1648 Apocalypsis
3188 1577 3244 1634 S.
3298 1580 3532 1636 Joannis

1938 1665 2186 1721 nondum
2215 1664 2419 1735 ubique
2451 1665 2506 1720 in
2551 1665 2794 1721 Ecclesia
2832 1666 2973 1721 inter
3019 1666 3188 1723 libros
3229 1669 3534 1734 canonicos,

1494 1776 1557 1817 ac
1607 1761 1654 1816 si
1707 1774 1839 1818 vero
1861 1754 1909 1838 Β
1941 1769 2041 1809 seu
2069 1752 2382 1810 indubitata
2409 1751 2557 1824 ﬁdei,
2601 1763 2814 1826 recepta
2845 1762 2998 1824 erat;
3027 1772 3152 1811 cum
3199 1755 3320 1828 ipse
3360 1759 3536 1816 adhuc

1943 1842 2128 1898 saecul.
2160 1858 2219 1898 tv
2249 1843 2315 1898 de
2344 1842 2534 1898 eadem
2551 1842 2851 1900 dubitasset
2879 1844 3166 1914 Eusebius,
3191 1847 3226 1901 l.
3255 1861 3320 1902 In
3347 1849 3411 1904 Η.
3438 1851 3526 1919 Ε.,

1940 1947 1991 1988 c.
2040 1935 2128 1997 33,
2176 1931 2406 1988 credens
2453 1947 2580 1987 cum
2641 1931 2762 1988 aliis
2810 1933 3156 2004 quibusdam,
3204 1935 3326 1991 libri
3376 1937 3536 2009 hujus

1939 2020 2219 2076 authorem
2281 2035 2391 2076 non
2452 2021 2714 2075 Joannem
2781 2021 3203 2092 evangelistam,
3243 2026 3338 2081 sed
3369 2026 3535 2082 alium

1941 2111 2228 2182 quemdam
2255 2111 2536 2178 Joannem,
2561 2119 2923 2184 cognomento
2951 2114 3312 2186 Thcologum,
3346 2115 3530 2174 fuisse.

1939 2200 2020 2254 De
2051 2199 2154 2258 hoc
2203 2199 2363 2274 igitur
2410 2216 2532 2256 cum
2582 2215 2690 2255 non
2738 2209 2820 2256 sat
2864 2201 3217 2272 constitisset,
3268 2205 3409 2275 quis,
3441 2214 3533 2262 aut

1939 2305 2006 2342 an
2055 2289 2260 2360 Spiritu
2308 2289 2364 2343 S.
2396 2289 2610 2342 afﬂatus
2665 2285 2876 2354 fuisset,
2931 2291 3198 2362 pleraeque
3241 2292 3334 2346 diu
3371 2309 3538 2350 cunc-

1941 2375 2193 2431 tabantur
2225 2373 2502 2442 Ecclesiae,
2534 2375 2914 2448 Apocalypsin
2953 2377 3096 2433 inter
3123 2379 3428 2450 Scripturas
3455 2382 3538 2438 di-

1938 2465 2090 2524 vinas
2119 2465 2489 2522 adnumerare.
2519 2465 2660 2534 Quin
2689 2481 2819 2522 vero
2873 2475 2926 2522 et
2956 2482 3108 2524 conc.
3149 2469 3540 2540 Laodicenum,

1936 2555 2154 2611 circiter
2183 2557 2248 2612 A.
2297 2557 2360 2612 C.
2420 2558 2524 2611 372
2575 2555 2840 2628 habitum,
2886 2558 3121 2613 nondum
3171 2559 3224 2614 in
3272 2577 3535 2619 canonem

1939 2657 2098 2698 suum
2124 2643 2368 2713 recipere
2395 2658 2588 2696 ausum
2627 2643 2825 2707 fuerat,
2859 2641 3022 2713 idque
3052 2647 3280 2715 primum
3314 2665 3344 2702 a
3377 2665 3532 2705 conc.

1935 2731 2194 2802 Carthag.
2225 2747 2294 2785 an
2324 2733 2428 2784 397
2477 2731 2706 2796 factum,
2748 2737 2934 2802 postea
2974 2731 3290 2790 Innocentio
3339 2737 3538 2810 [Papa

1937 2819 2244 2890 plenarium
2291 2820 2506 2874 demum
2557 2818 2615 2873 S.
2666 2818 2958 2890 Scriptura:
3013 2833 3282 2878 canonem
3327 2841 3536 2897 propo-

1936 2913 2117 2962 nente.

2007 2995 2266 3051 Errando
2311 2995 2686 3053 laboraverat.
2719 2995 2940 3055 Ovicula
2995 2999 3270 3074 nimirum,
3302 3001 3533 3060 circum-

232 3101 286 3146 et
333 3094 654 3166 quandoque
707 3095 1032 3168 negativam
1074 3097 1204 3152 huic
1249 3079 1479 3167 voculae,
1525 3097 1654 3152 satis
1699 3099 1830 3154 alias
1938 3083 2168 3140 errando
2197 3085 2414 3140 lassata-

233 3177 522 3251 ambiguae,
567 3181 748 3238 tribui.
802 3183 912 3240 Sed
958 3184 1077 3240 haec
1121 3185 1596 3258 grammaticorum
1644 3195 1823 3244 sunto.

232 3267 521 3340 Ampliato
549 3279 728 3327 autem
757 3288 856 3343 pro
892 3279 1062 3332 aucto
1092 3275 1174 3332 vel
1205 3279 1457 3342 extenso,
1489 3274 1644 3331 facile
1671 3275 1826 3348 quis-

230 3355 384 3428 piam
417 3359 506 3415 hic
536 3369 729 3418 sumet.
765 3361 908 3432 Quid
954 3365 1136 3422 multis
1181 3365 1394 3436 igitur?
1431 3365 1648 3424 Nedum
1686 3366 1826 3424 idem

230 3445 362 3501 mihi
403 3448 490 3506 hic
516 3449 618 3506 erit
647 3467 709 3508 ac
737 3469 810 3511 ne
841 3452 1027 3510 dicam
1053 3455 1328 3526 ampliato.

309 3536 492 3604 Quam
528 3539 679 3598 dare.
712 3539 982 3609 Quoniam
1011 3544 1104 3616 qui
1142 3544 1402 3603 restituit
1431 3544 1514 3602 bis
1548 3545 1662 3614 dat,
1688 3545 1827 3602 alte-

229 3640 351 3679 rum
392 3626 446 3680 in
499 3629 742 3685 eamdem
787 3631 1170 3703 conditionem,
1219 3651 1326 3706 qua
1368 3634 1585 3703 excidit,
1625 3650 1828 3692 rursus

229 3716 550 3773 statuendo.

305 3805 426 3860 Non
453 3807 750 3878 accepisse.
779 3809 970 3880 Neque
1007 3811 1152 3867 enim
1181 3812 1250 3869 ab
1281 3829 1369 3881 eo,
1395 3815 1488 3886 qui
1516 3813 1648 3869 nihil
1676 3829 1828 3870 acce-

231 3891 331 3960 pit,
361 3891 660 3963 quidquam
689 3895 890 3952 auferri
917 3900 1114 3970 potuit,
1145 3902 1378 3972 ideoque
1403 3919 1506 3959 nec
1529 3918 1597 3958 ex
1626 3903 1828 3959 damno

231 3981 464 4050 quodam
494 3982 788 4039 miseriam
815 3985 997 4044 sentit.

305 4069 559 4127 Iterataz.
591 4071 854 4130 Sinistra:
888 4073 1170 4149 nimirum;
1201 4077 1518 4149 ambiguum
1553 4077 1701 4133 enim
1729 4094 1828 4134 va-

236 4157 492 4213 letudinis
532 4174 730 4216 nomen
774 4177 895 4218 esse
942 4179 1102 4222 nemo
1153 4165 1344 4225 nescit.
1386 4165 1478 4223 Sic
1515 4165 1676 4221 etiam
1707 4167 1760 4220 in
1790 4167 1826 4221 l.

237 4249 304 4304 de
332 4253 520 4322 Bapt.,
549 4265 598 4306 c.
629 4253 684 4320 5,
716 4250 791 4309 ait
819 4269 836 4308 :
872 4273 895 4305 ι
932 4251 1304 4315 Observabam
1339 4255 1434 4328 qui
1471 4255 1831 4312 valetudinem

233 4341 617 4409 querebantur.
664 4361 689 4393 »

707 4490 866 4548 Nota:
900 4492 974 4549 ad
1007 4493 1186 4565 Caput
1225 4493 1356 4551 VIII.

307 4611 391 4669 Id.
426 4612 531 4670 Pro
561 4615 628 4674 de
657 4633 740 4676 eo.

309 4703 628 4777 Idolothyta
682 4706 936 4764 dicuntur
991 4725 1182 4766 carnes
1235 4709 1606 4780 victimarum,
1666 4713 1830 4770 idolis

239 4794 571 4861 immolatae,
635 4796 702 4852 ab
751 4793 949 4853 εἴδωλον
1011 4808 1066 4855 et
1092 4801 1210 4870 Θὺω,
1269 4801 1417 4873 quod
1453 4809 1537 4858 est
1572 4804 1829 4873 immoto,

241 4897 336 4937 seu
365 4884 643 4954 sacriﬁco.
673 4885 753 4940 Ex
781 4888 866 4942 his
895 4904 1031 4962 ergo
1059 4889 1353 4947 immolatis
1379 4892 1702 4967 quicumque
1729 4909 1830 4951 co-

237 4971 554 5037 medissent,
568 4977 879 5048 participes
892 4981 1164 5050 sacriﬁcii
1183 4982 1344 5053 illius,
1365 4982 1602 5058 indeque
1617 4987 1834 5058 polluti

237 5064 618 5132 censebantur,
675 5066 823 5121 velut
885 5069 1055 5140 ipsius
1117 5087 1338 5144 quoque
1391 5073 1670 5150 religionis
1726 5085 1830 5133 tam

240 5152 522 5226 sacrilegae
563 5157 996 5214 communionem
1041 5175 1162 5216 cum
1211 5162 1504 5236 gentilibus
1549 5167 1829 5222 habentes.

239 5241 582 5314 Quapropter
609 5246 664 5298 in
693 5247 888 5302 concil.
920 5247 1317 5321 Hierosolymit.
1343 5254 1527 5310 Actor.
1551 5269 1650 5323 xv,
1670 5255 1832 5310 etiam

238 5331 381 5387 inter
409 5333 512 5390 alia
541 5335 984 5411 idolothytorum
1011 5353 1136 5394 esus
1155 5341 1558 5416 prohibebatur,
1574 5345 1834 5417 quoniam

249 5417 471 5478 1223
509 5433 634 5482 tunc
676 5426 794 5483 sine
837 5428 1092 5486 seandalo
1137 5429 1250 5486 ﬁeri
1299 5431 1386 5491 vix
1433 5443 1681 5506 poterat;
1729 5437 1834 5494 hoc

243 5523 424 5568 autem
455 5516 686 5587 sublato,
717 5518 967 5590 privatim
999 5519 1264 5593 ejusmodi
1300 5523 1434 5581 cibis
1471 5525 1616 5584 vesci
1653 5526 1832 5583 nulla-

245 5613 404 5659 tenus
459 5607 784 5676 probibitum
839 5609 1050 5680 fuerat;
1098 5613 1352 5684 quoniam
1405 5615 1462 5670 hi
1517 5631 1707 5675 revera
1759 5618 1829 5674 ab

2005 3173 2250 3242 Releuat,
2282 3174 2407 3230 ide.
2439 3179 2748 3234 Extenuat.

2001 3264 2414 3323 Dissimulatio.
2437 3267 2660 3324 Videtur
2689 3269 2774 3324 hic
2806 3287 2902 3342 pro
2931 3271 3230 3330 reticentia
3263 3273 3410 3343 poni.

2002 3355 2340 3429 Exaggerat.
2363 3357 2465 3414 Pro
2494 3365 2683 3431 auget.

2429 3555 2586 3616 Notae
2613 3556 2686 3614 ad
2719 3559 2902 3632 Caput
2931 3561 3018 3618 IX.

2003 3727 2194 3786 Unius.
2225 3727 2347 3784 Mox
2375 3735 2555 3794 autem
2584 3737 2742 3786 antea
2768 3746 2888 3802 cap.
2919 3735 2974 3800 8,
3023 3731 3132 3787 imo
3177 3733 3290 3803 jam
3315 3747 3433 3805 cap.
3463 3735 3517 3800 ὅ,

1928 3817 2150 3874 nonnisi
2177 3820 2355 3876 unius
2368 3829 2492 3889 post
2511 3819 2839 3894 baptismum
2861 3822 3226 3895 paenitentiae
3244 3825 3312 3878 ab
3331 3823 3521 3880 Eccle-

1928 3906 2008 3964 sia
2045 3907 2286 3978 indultte,
2341 3910 2580 3966 meminit
2621 3911 3003 3984 Tertulliauus,
3036 3912 3344 3972 ulteriorem
3391 3915 3514 3969 dis-

1931 3996 2092 4054 tricta
2117 3998 2406 4055 excludens
2439 4017 2453 4052 :
2482 4001 2626 4071 quod
2652 4017 2774 4056 cum
2817 4003 2922 4058 hoc
2959 4003 3078 4060 loco
3117 4018 3310 4058 rursus
3336 4002 3516 4060 incul-

1931 4094 2038 4153 cet,
2062 4088 2308 4143 nonnihil
2334 4089 2390 4143 id
2409 4087 2734 4158 accuratius,
2757 4106 2856 4161 pro
2877 4090 3105 4146 instituti
3139 4099 3324 4146 tamen
3345 4092 3519 4149 nostri

1935 4175 2178 4245 modulo,
2209 4177 2618 4246 expendendum
2647 4177 2878 4234 videtur.

2005 4261 2146 4318 Sane
2181 4271 2362 4318 autem
2389 4278 2548 4319 nemo
2583 4263 2868 4330 existimet,
2899 4273 2990 4320 aut
3029 4264 3340 4321 Tertulliani
3377 4265 3519 4324 dun-

1934 4358 2079 4408 taxat
2151 4349 2490 4423 temporibus
2514 4390 2530 4420 ,
2586 4357 2680 4406 aut
2739 4351 2795 4406 in
2850 4349 2980 4407 solis
3033 4351 3298 4410 Ecclesiis
3367 4355 3522 4427 Afri-

1847 4412 1904 4500 Β
1935 4442 2114 4512 canis,
2157 4412 2296 4496 hanc
2323 4437 2620 4511 discipline
2647 4437 2989 4498 severitatem
3015 4440 3274 4513 viguisse.
3317 4412 3518 4515 Impri-

1938 4529 2042 4586 mis
2066 4529 2209 4586 enim
2237 4529 2296 4585 S.
2323 4529 2687 4601 Augustinus,
2735 4544 2996 4602 magnum
3039 4529 3172 4586 illud
3215 4546 3326 4590 non
3367 4531 3518 4588 Afri-

1933 4635 2084 4680 canae
2120 4629 2344 4687 tantum,
2375 4620 2472 4677 sed
2499 4621 2668 4678 totius
2711 4619 2966 4678 Ecclesia:
3004 4623 3206 4692 lumen,
3254 4623 3310 4680 in
3353 4625 3516 4697 epist.

1933 4715 2004 4769 54
2040 4710 2116 4770 ad
2143 4698 2546 4778 Macedoniam,
2579 4711 2754 4784 inquit
2784 4727 2797 4767 :
2833 4731 2860 4764 α
2891 4712 3154 4780 Quamvis
3195 4712 3278 4770 eis
3305 4711 3398 4784 (de
3433 4713 3518 4770 his

1935 4810 2114 4858 autem
2155 4799 2412 4872 loquitur,
2452 4799 2568 4872 qui,
2599 4809 2660 4858 ut
2704 4799 2866 4871 paulo
2907 4807 3032 4855 ante
3075 4799 3172 4866 ait,
3203 4802 3367 4854 etiam
3395 4811 3517 4871 post

1934 4899 2107 4950 actam
2159 4890 2532 4962 paenitentiam
2555 4933 2570 4958 ,
2611 4896 2736 4961 post
2779 4889 2962 4945 altaris
3005 4887 3512 4960 reconciliationem,

1931 4984 2019 5044 vel
2053 4983 2272 5050 similia,
2308 4981 2396 5038 vel
2441 4979 2708 5056 graviora,
2755 4979 3122 5050 committunt)
3168 4978 3226 5036 in
3273 4980 3518 5038 Ecclesia

1934 5078 2084 5134 locus
2125 5075 2464 5132 humillimae
2485 5071 2844 5145 paenitentia:
2865 5085 2972 5126 non
2997 5071 3342 5144 concedatur,
3373 5075 3518 5134 Deus

1933 5177 2110 5226 tamen
2135 5183 2298 5239 super
2322 5181 2416 5222 eos
2463 5180 2575 5220 sum
2619 5162 2890 5235 patientia:
2944 5179 3054 5221 non
3091 5165 3452 5226 obliviscitur.
3483 5187 3513 5221 κ

1936 5261 2250 5330 Rursusque
2297 5256 2456 5328 paulo
2509 5253 2780 5311 inferius:
2817 5275 2844 5308 α
2875 5253 3136 5324 Quamvis
3183 5265 3338 5313 caute
3381 5258 3518 5313 salu-

1933 5348 2212 5419 briterque
2258 5346 2536 5420 provisum
2565 5346 2656 5414 sit,
2705 5351 2764 5400 ut
2791 5345 2942 5402 locus
2987 5343 3131 5401 illius
3175 5345 3516 5405 humillima:

1933 5439 2286 5513 pcenitentite
2313 5451 2496 5494 suum.
2522 5435 2579 5492 in
2607 5435 2850 5493 Ecclesia
2886 5437 3226 5504 concedatur,
3257 5451 3328 5493 ne
3347 5437 3516 5494 medi-

1933 5529 2056 5586 cina
2107 5527 2230 5587 vilis
2284 5529 2460 5585 atinas
2511 5526 2659 5584 utilis
2713 5533 2858 5584 esset
2911 5523 3148 5598 aegrotis,
3197 5541 3318 5598 qua:
3365 5532 3514 5584 tanto

1937 5620 2120 5677 minus
2143 5617 2564 5692 contemptibilis
2607 5617 2794 5684 fuerit,
2827 5637 2852 5670 υ
2885 5624 2990 5674 etc.
3025 5613 3202 5688 Igitur
3243 5629 3304 5673 ιν
3347 5613 3514 5674 etiam
