4028 6180
575 320 710 380 1315

1653 308 1741 367 AD
1782 302 2067 367 GENUINA
2106 300 2547 366 TERTULLIANI
2583 303 2798 366 OPERA

3726 310 3855 368 1316

570 449 625 496 et
650 457 683 498 v
716 440 933 507 saeculo,
966 453 1073 494 non
1120 438 1175 491 in
1223 434 1556 509 Hipponensi
1587 433 1785 502 solum,
1816 431 1909 486 sed
1942 427 2169 501 reliquis
2187 450 2228 531 ⁸
2280 437 2381 495 est,
2412 430 2678 500 ejusmodi
2726 432 2949 504 relapsis
3004 432 3221 491 nonnisi
3283 433 3339 488 in
3378 433 3527 490 exitu
3577 434 3720 499 vitm,
3750 436 3861 491 imo

569 531 729 587 etiam
768 529 961 585 Africae
991 528 1266 591 Ecclesiis,
1308 527 1353 581 is
1398 526 1543 599 rigor
1588 524 1782 592 fuerat,
1816 529 1877 577 ut
1910 536 2070 574 nemo
2110 519 2164 572 in

580 628 797 691 peccata
824 620 1007 689 gravia
1039 616 1235 672 recidiv
1246 632 1327 681 us,
1349 615 1413 668 ad
1437 612 1734 668 secundum
1748 610 2163 679 exomologcsin

570 708 783 778 publice
814 706 1091 771 nimirum,
1133 714 1187 760 et
1218 704 1270 757 in
1301 701 1435 757 facie
1476 700 1754 765 Ecclesize,
1789 707 1842 753 et
1884 714 1947 753 eo
1976 698 2160 766 modo,

572 814 729 867 quem
784 799 887 852 hoc
944 796 1063 865 ipso
1111 811 1230 864 cap.
1264 794 1457 847 Noster
1503 789 1760 859 deinceps
1804 787 2074 851 describit,
2112 794 2163 840 et

572 887 628 941 S.
660 886 801 958 Aug.
835 900 997 955 supra
1028 882 1415 938 humillimam
1445 878 1751 949 appellavit,
1777 878 2044 948 agendum
2075 876 2159 927 ad-

571 974 893 1029 mitteretur.

642 1060 785 1128 Quid
814 1073 942 1115 vero
973 1057 1221 1113 Clemens
1266 1056 1332 1111 de
1363 1054 1604 1111 Ecclesia
1634 1069 1732 1109 sua
1778 1053 2157 1122 Alexandrina,

572 1151 803 1221 aliisque
860 1148 1034 1203 eidem
1087 1146 1391 1217 subjectis?
1442 1147 1520 1201 Ita
1567 1145 1713 1200 enim
1758 1158 1884 1198 vero
1942 1143 1988 1196 is
2046 1142 2159 1196 1.11

576 1241 780 1296 Strom.
819 1237 1029 1307 inquit:
1068 1258 1088 1287 κ
1124 1236 1283 1290 Dedit
1310 1237 1474 1305 Deus,
1507 1251 1629 1289 cum
1657 1234 1727 1287 sit
1756 1232 1942 1288 multae
1990 1232 2158 1286 mise-

573 1328 834 1391 ricordiae,
868 1326 931 1380 iis
963 1326 1142 1389 etiam,
1174 1324 1264 1395 qui
1296 1324 1399 1378 ﬁde
1433 1327 1576 1395 (post
1604 1330 1905 1393 susceptam
1938 1321 1992 1375 in
2021 1321 2157 1389 bap-

576 1418 731 1471 tismo
762 1414 942 1484 fidem)
992 1415 1045 1469 in
1102 1413 1321 1484 aliquod
1380 1420 1653 1483 peccatum
1712 1410 1973 1473 incidunt,
2021 1410 2163 1481 μετάο

575 1524 703 1557 νοιαν
753 1500 1007 1574 δευτέραν,
1060 1502 1463 1573 paenitentiam
1507 1500 1831 1563 secundam,
1892 1513 2072 1568 quam,
2114 1498 2158 1550 si

571 1594 694 1664 quis
750 1600 981 1647 tentatus
1046 1591 1207 1646 fuerit
1278 1598 1403 1660 post
1468 1588 1838 1650 vocationem,
1898 1586 2159 1640 violentia

574 1682 807 1754 quadam
861 1682 1105 1743 adactus,
1142 1686 1195 1733 et
1242 1678 1434 1733 callide
1481 1676 1899 1739 circumventus,
1950 1675 2064 1746 μίαν
2090 1676 2162 1727 ἔτι

2269 519 2323 572 in
2369 519 2638 589 aliquibus
2677 522 2869 578 saltem
2918 522 3181 589 ecclesiis,
3220 539 3399 595 neque
3448 534 3597 592 tunc,
3636 531 3696 580 ut
3733 524 3873 579 mult

2271 607 2619 675 probabiliter
2700 610 3006 680 Opinantur,
3092 612 3485 667 absolutionem
3572 615 3869 683 impensam

2274 696 2457 760 luisse,
2488 696 2609 752 Non
2641 706 2815 754 tamen
2856 711 3143 772 prOpterea
3186 701 3567 773 peccatoribus
3612 701 3741 769 illis,
3777 719 3868 758 se-

2269 785 2448 839 cundo
2480 789 2591 855 jam
2636 787 2907 854 recidivis,
2948 788 3345 859 desperandum
3387 790 3578 857 fuerat,
3614 800 3869 862 tanquam

2269 874 2576 929 necessario
2626 876 2905 947 perituris;
2939 878 3212 949 quoniam,
3246 887 3304 933 ut
3331 894 3395 933 ex
3427 878 3484 935 S.
3516 884 3656 952 Aug.
3694 896 3867 952 supra

2267 960 2521 1036 legimus,
2549 966 2851 1036 patientiae
2888 982 2948 1021 ac
2986 969 3390 1024 misericordia:
3436 971 3535 1025 Dei
3578 968 3863 1041 relinque-

2267 1052 2476 1116 bantur,
2531 1054 2714 1124 utique
2762 1072 2859 1125 per
2905 1056 3277 1111 contritionem
3327 1056 3614 1127 perfectam
3665 1060 3859 1123 adhuc,

2265 1142 2311 1197 si
2350 1159 2475 1199 vere
2514 1160 2574 1198 ac
2609 1145 2749 1198 serio
2793 1146 3188 1215 pmnituissent,
3221 1163 3251 1199 a
3291 1145 3523 1216 peccatis
3562 1148 3678 1201 suis
3718 1149 3865 1204 libe-

2267 1232 2437 1297 randi,
2472 1247 2740 1304 porroque
2770 1234 3032 1290 salvandi.
3074 1233 3217 1302 Quin
3249 1251 3375 1290 vero
3406 1235 3697 1292 admodum
3730 1253 3865 1306 pro-

2268 1320 2445 1375 habile
2487 1330 2588 1388 est,
2630 1322 2712 1391 iis,
2756 1339 2863 1377 non
2910 1333 3114 1379 tantum
3164 1323 3216 1377 in
3258 1341 3445 1398 agone,
3492 1326 3584 1379 sed
3627 1336 3681 1380 et
3721 1329 3868 1381 sanis

2266 1410 2461 1477 adhuc,
2513 1422 2565 1467 et
2614 1412 2934 1477 valentibus,
2988 1429 3086 1483 per
3134 1414 3392 1484 privatam
3449 1415 3863 1472 absolutionem

2264 1503 2757 1571 sacramentalem,
2783 1517 2877 1570 pro
2900 1502 3106 1557 ratione
3134 1512 3182 1556 et
3211 1503 3483 1577 exigentia
3515 1504 3845 1560 circumstan

2265 1590 2481 1658 tiarum,
2512 1589 2831 1645 subventum
2862 1591 3051 1647 fuisse.

2338 1677 2489 1733 Haud
2537 1678 2697 1733 dubie
2746 1688 2927 1735 autem
2970 1680 3024 1733 hi
3064 1689 3146 1734 sat
3192 1680 3367 1735 adhuc
3417 1680 3656 1749 miserae,
3689 1697 3868 1753 neque

573 1774 830 1841 μετάνοιαν
874 1771 1207 1841 ἀμετανόητον
1251 1767 1401 1838 λάϐῃ,
1441 1783 1619 1821 unam
1663 1764 1857 1829 adhuc,
1890 1780 1995 1819 non
2039 1781 2158 1832 ρω-

2272 1765 2334 1819 ab
2374 1764 2491 1817 aliis
2530 1764 2849 1834 invidendze,
2883 1766 3207 1823 conditionis
3251 1769 3569 1835 manebant;
3606 1770 3865 1839 quoniam

573 1862 841 1914 uitandam
876 1860 1018 1929 (post
1046 1874 1207 1928 quam
1240 1855 1630 1926 pceuitentiam,
1664 1854 1711 1907 si
1741 1870 1926 1908 rursus
1968 1870 2159 1923 pecea-

571 1949 727 2013 verit,
761 1946 1015 2015 deinceps
1046 1961 1150 1999 nou
1183 1943 1409 2014 amplius
1452 1943 1715 2012 poenitere
1766 1942 1985 2012 poterit)
2016 1943 2160 1997 acci-

574 2034 682 2104 piet
711 2036 1130 2107 paenitentiam.
1163 2054 1183 2080 »
1217 2034 1339 2103 Ipse
1372 2032 1529 2087 etiam
1552 2031 1831 2100 Origenes,
1864 2030 2160 2085 Clementis

573 2122 889 2194 discipulus,
924 2122 1248 2194 paenitentiae
1270 2129 1393 2193 post
1432 2121 1757 2192 baptismum
1798 2121 2049 2175 secunda:
2080 2120 2164 2175 lo-

574 2227 695 2269 cum
715 2230 820 2268 non
844 2213 1055 2278 fecit,ut
1069 2214 1149 2267 Du
1160 2212 1338 2282 pinius
1366 2210 1402 2265 I
1419 2209 1589 2266 224
1613 2212 1664 2263 in
1680 2211 1940 2267 Biblioth.
1956 2212 2156 2282 script.

2265 1853 2495 1923 publicis
2526 1855 2777 1909 Ecclesiae
2815 1856 3084 1925 precibus,
3126 1873 3247 1927 qua:
3290 1857 3421 1912 alias
3450 1873 3618 1924 super
3652 1859 3866 1927 publice

2265 1942 2586 2010 pcnnitcntes
2626 1941 3008 2009 fundebantur,
3049 1953 3103 1999 et
3142 1947 3367 2001 maxime
3406 1945 3461 1999 S.
3504 1946 3865 2001 Eucharistiaa

2263 2031 2640 2086 communione
2685 2032 2938 2103 deinceps
2987 2049 3205 2104 quoque
3242 2034 3455 2090 carituri
3495 2043 3653 2090 erant
3692 2040 3864 2091 satis-

2261 2124 2509 2192 passuri,
2554 2122 2656 2175 nisi
2707 2137 2772 2176 eo
2817 2122 3107 2177 studiosius
3155 2124 3209 2177 in
3256 2122 3311 2178 id
3360 2123 3767 2191 incubuissent,
3816 2137 3869 2180 ut

2264 2227 2359 2282 per
2408 2210 2647 2266 internos
2705 2210 3036 2281 poenitentim
3092 2220 3260 2277 actus,
3312 2222 3364 2265 et
3412 2224 3635 2267 externa
3684 2216 3865 2283 pceui-

2265 2298 2446 2352 tentiae
2486 2315 2669 2369 opera,
2704 2299 3027 2367 voluntarie,
3058 2307 3150 2355 aut
3186 2316 3249 2356 ex
3284 2300 3487 2370 judicio
3524 2302 3869 2357 sacerdotum

2263 2396 2530 2458 suscepta,
2564 2390 2856 2443 etiamnum
2886 2388 2939 2441 in
2969 2389 3068 2445 hac
3095 2388 3199 2445 vita
3225 2391 3649 2461 satisfacerent.

2336 2476 2607 2531 Caeterum
2649 2477 2735 2531 illa
2773 2477 3076 2548 disciplinae
3124 2480 3381 2534 severitas
3417 2488 3615 2534 utnon
3656 2480 3716 2534 in
3751 2483 3877 2552 qui-

2267 2565 2501 2621 buslibet
2544 2565 2795 2622 Ecclesiis
2843 2567 3031 2622 eadem
3078 2568 3265 2636 fuerat,
3316 2569 3392 2623 ita
3435 2586 3534 2625 nec
3579 2573 3878 2641 aequaliter

2267 2656 2681 2725 perduraverat.
2750 2655 2821 2710 Et
2886 2656 3101 2728 quidem
3171 2657 3223 2711 in
3290 2659 3533 2714 Ecclesia
3602 2660 3881 2718 Orientali

2266 2762 2388 2801 cum
2445 2744 2673 2799 abeunte
2730 2760 2852 2801 smc.
2904 2761 2953 2799 IV
3001 2761 3035 2799 a
3086 2746 3356 2811 Nectario,
3409 2748 3717 2817 patriarcha
3775 2753 3881 2807 CP.

2269 2835 2524 2904 abrogata
2582 2834 2771 2888 fuisset
2828 2834 3096 2890 confessio
3151 2843 3201 2890 et
3266 2838 3583 2906 pmnitentia
3637 2841 3883 2911 publica

577 2941 721 2988 sma,
753 2922 824 2975 ita
854 2940 971 2978 una
997 2923 1357 2994 pmnitenlia,
1394 2934 1511 2990 quae
1554 2928 1729 2972 tamen
1774 2918 1994 2990 publice
2039 2920 2162 2991 agi-
2270 2929 2633 2995 peccatorum
2679 2924 3047 2991 occultorum,
3081 2925 3349 2996 idemque,
3392 2927 3513 2982 licet
3561 2929 3781 2999 serius,
3833 2932 3887 2984 in

579 3024 684 3070 ιωι,
716 3034 737 3063 ν
2272 3012 2511 3067 Ecclesia
2551 3012 2825 3067 Occident.
2864 3012 3205 3079 obtinuisset,
3249 3025 3466 3085 peccata
3513 3017 3739 3072 occulta
3782 3022 3882 3075 soli

649 3103 834 3173 Itaque
890 3108 1157 3157 certorum
1206 3099 1625 3170 graviorumque
1684 3096 1967 3152 criminum
2034 3098 2225 3184 reis,c
2272 3103 3083 3173 quoqueconfessionisecreta:
3105 3103 3878 3179 subdebantur,quaasaepius,

577 3191 794 3247 nonnisi
823 3190 875 3244 in
915 3206 1090 3262 agone
1122 3189 1273 3258 (imo,
1308 3195 1365 3242 ut
1391 3188 1604 3258 quidam
1646 3186 1993 3255 probabiliter
2031 3188 2164 3243 exis-
2268 3200 2321 3247 et
2360 3199 2479 3260 post
2517 3190 2780 3259 quoslibet
2820 3190 3083 3261 relapsus,
3113 3193 3288 3247 iterari
3344 3200 3571 3264 poterat,
3603 3212 3739 3250 cum
3787 3215 3882 3270 spe

578 3281 784 3345 timant,
821 3296 888 3336 ne
914 3279 1131 3350 quidem
1173 3278 1318 3348 tunc)
1366 3276 1649 3345 absolutio,
1698 3275 1965 3332 solemnis
1996 3276 2162 3330 nimi-
2271 3280 2636 3339 absolutionis
2663 3282 2906 3351 privatae
2934 3295 3127 3335 rursus
3159 3282 3569 3350 consequentiae.

578 3386 696 3424 rum
728 3376 780 3424 et
804 3367 1033 3441 publica
1054 3365 1373 3438 (secundum
1404 3364 1782 3435 plerarumque
1804 3364 2164 3420 Ecclesiarum
2340 3370 2581 3424 Tandem
2611 3384 2739 3426 vero
2770 3369 3131 3427 Pwnitcntiaz
3155 3370 3399 3441 publica:
3420 3388 3551 3426 usus
3586 3371 3775 3430 ferme
3797 3393 3885 3447 pe—

578 3457 938 3528 disciplinam)
969 3454 1208 3526 impendi
1237 3461 1607 3511 consueverat.
2268 3459 2410 3513 nitus
2448 3458 2771 3523 exoleverat,
2805 3457 3018 3529 quando
3047 3458 3202 3512 etiam
3235 3474 3332 3529 pro
3361 3459 3603 3530 publicis
3631 3470 3689 3515 et
3720 3473 3882 3519 atro-

648 3547 837 3617 Neque
874 3553 1050 3600 autem
1080 3544 1167 3599 hic
1203 3543 1370 3613 rigor,
1404 3549 1640 3611 spectata
1684 3550 1987 3612 temporum
2029 3543 2164 3597 alia-
2268 3549 2509 3603 cioribus
2554 3547 2761 3602 delictis
2809 3547 2859 3600 in
2911 3548 2967 3602 S.
3022 3546 3373 3604 Confessione
3420 3551 3638 3605 nonnisi
3691 3555 3882 3621 paeni-

579 3652 802 3706 rumque
850 3634 1370 3691 circumstantiarum
1406 3632 1627 3696 ratione,
1662 3631 1878 3697 nimius,
1919 3647 1982 3686 ac
2019 3633 2164 3687 velut
2266 3637 2432 3692 tentia
2489 3638 2691 3707 privata
2746 3644 2799 3692 et
2851 3636 3079 3703 occulta,
3128 3636 3200 3690 ita
3254 3638 3503 3708 exigente
3560 3645 3880 3707 temporum

576 3722 907 3779 crudelitatis
958 3721 1196 3791 speciem
1225 3737 1336 3792 prae
1394 3735 1453 3775 se
1500 3720 1702 3786 ferenS,
1750 3719 1919 3774 videri
1957 3719 2157 3794 debet;
2265 3727 2489 3788 ratione,
2523 3725 2837 3790 dictabatur,
2868 3732 3123 3779 caeterum
3167 3739 3297 3779 vero
3344 3724 3437 3779 illa
3468 3726 3641 3781 Judici
3672 3728 3882 3783 Eccle-

575 3827 807 3882 namque
835 3811 1012 3879 major
1043 3820 1168 3865 tunc
1190 3817 1393 3864 natura:
1422 3809 1599 3881 vigor,
1623 3815 1677 3863 et
1703 3808 1944 3877 ejusdem
1975 3809 2158 3875 nimia,
2266 3815 2479 3869 siastico
2532 3814 2788 3868 censuris
2834 3814 3142 3879 canonicis,
3177 3822 3305 3883 etc.,
3335 3813 3656 3870 vindicanda
3704 3818 3878 3873 relin-

576 3899 873 3968 praesertim
910 3901 962 3951 in
994 3898 1246 3968 gentibus
1276 3899 1341 3950 ad
1392 3896 1587 3950 Christi
1633 3895 1922 3951 Ecclesiam
1973 3914 2162 3953 recens
2269 3903 2587 3973 quebantur.
2643 3899 2862 3957 1225
2910 3902 3175 3957 Nimirum
3233 3918 3352 3957 cum
3413 3904 3731 3973 primitivus
3791 3908 3875 3963 ille

573 3985 867 4048 conversis,
919 3984 1243 4055 depravatio,
1288 4000 1351 4038 ac
1397 3985 1464 4037 ad
1506 3992 1679 4037 certas
1727 3985 1982 4054 quasdam
2031 3987 2163 4041 deli-
2267 3992 2450 4047 fervor
2483 3990 2720 4045 ﬁdelium
2762 3992 3047 4061 plurimum
3077 3992 3189 4060 jam
3220 3991 3574 4064 refriguisset,
3609 4002 3665 4048 et
3700 3996 3879 4051 laxata

574 4081 786 4131 ctorum
816 4073 1044 4145 Species,
1087 4072 1139 4126 in
1189 4071 1534 4127 calidioribus
1583 4071 1881 4142 praesertim
1917 4076 2159 4146 regioni-
2267 4080 2586 4137 eorumdem
2667 4080 2998 4136 conscientia
3068 4081 3401 4151 perrupisset
3472 4081 3563 4136 illa
3634 4086 3881 4153 publieae

571 4166 693 4232 bus,
727 4163 1042 4236 propensio,
1093 4160 1387 4235 indigebat,
1417 4160 1636 4216 salutari
1681 4162 1913 4232 quodam
1960 4173 2163 4221 terrore
2267 4169 2600 4239 paenitentiae
2632 4167 2911 4239 repagula,
2944 4183 3120 4237 neque
3153 4170 3263 4238 jam
3304 4168 3562 4239 pristinus
3603 4170 3880 4227 Ecclesiae

571 4256 637 4310 ab
687 4255 792 4309 illis
840 4270 1000 4323 porro
1051 4250 1443 4322 perpetrandis,
1487 4260 1540 4304 et
1587 4250 1897 4320 poenitentia
1941 4254 2164 4324 segnius
2266 4256 2434 4330 rigor,
2486 4256 2723 4327 politico,
2773 4272 2835 4311 ac
2886 4256 3186 4327 praesertim
3240 4258 3614 4329 imperantium
3677 4265 3881 4325 statui,

569 4345 803 4416 agenda,
834 4342 1096 4409 cohiberi,
1131 4356 1291 4412 quam
1321 4340 1456 4394 alias
1492 4341 1560 4394 ad
1607 4355 1778 4397 novos
1833 4340 2162 4413 frequentio-
2264 4346 2335 4401 ob
2373 4346 2649 4401 duritiam
2677 4345 2929 4402 cordium
2956 4345 3194 4416 adaptari
3227 4362 3385 4415 posse
3424 4346 3748 4413 videbatur,
3799 4353 3887 4423 pia

570 4448 765 4505 resque
795 4435 1037 4505 relapsus
1068 4430 1229 4488 noxia
1259 4438 1387 4486 tunc
1426 4430 1600 4485 futura
1639 4430 1897 4485 Ecclesiae
1945 4433 2154 4500 laxitas,
2191 4436 2236 4512 ι)
2266 4434 2595 4506 providaque
2640 4435 2806 4489 Mater
2844 4434 3081 4490 Ecclesia
3120 4435 3589 4508 immorigerorum
3628 4436 3885 4496 ﬁliorum

570 4530 623 4576 et
652 4524 852 4593 saepius
881 4521 1227 4593 impetrandae
1276 4521 1346 4575 ab
1389 4521 1574 4574 eadem
1616 4520 1799 4581 veniae
1838 4537 1987 4592 spes,
2037 4523 2159 4576 ani-
2269 4540 2491 4579 suorum
2528 4523 2685 4579 saluti
2726 4524 2913 4580 saltem
2951 4526 3192 4596 lenitate,
3224 4537 3278 4582 et
3314 4527 3613 4599 praesertim
3660 4532 3891 4588 indul-

570 4628 715 4666 mare
745 4614 1023 4683 potuisset,
1054 4611 1315 4681 exemplis
1344 4610 1611 4680 ejusmodi
1657 4610 1813 4666 facile
1840 4612 1983 4681 apud
2028 4614 2161 4669 alios
2267 4616 2614 4684 gentiarum,
2654 4614 2848 4684 quibus
2889 4614 3199 4685 pcenitentia
3236 4616 3327 4671 illa
3367 4616 3580 4686 publica
3620 4622 3899 4691 suppleri

571 4716 783 4775 quoque
812 4702 1116 4775 perniciosa
1146 4700 1401 4758 scandala
1430 4699 1698 4770 perituris.
2266 4717 2330 4757 ac
2382 4702 2721 4771 compensari
2769 4710 2967 4772 posset,
3017 4704 3268 4759 thesauro
3311 4704 3425 4773 jam
3471 4720 3535 4760 eo
3584 4705 3900 4766 liberalius

638 4792 843 4850 Deinde
899 4808 1025 4850 vero
1081 4807 1271 4849 eorum
1319 4788 1652 4861 poenitentia,
1716 4790 1809 4861 qui
1858 4798 1980 4859 post
2025 4792 2162 4849 hanc
2270 4792 2504 4859 recluso,
2558 4792 2980 4847 succurrendum
3030 4808 3147 4846 esse
3200 4792 3470 4847 censebat.
3512 4794 3700 4864 Atque
3772 4800 3899 4852 haec.

568 4884 736 4940 semel
767 4892 939 4939 actam
968 4882 1165 4953 relapsi
1202 4888 1372 4946 erant,
1405 4896 1509 4935 non
1537 4879 1666 4934 satis
1691 4882 1829 4935 seria
1876 4890 1929 4937 et
1969 4881 2158 4939 efficax
2267 4895 2437 4950 pauca
2465 4879 2520 4933 in
2563 4886 2707 4933 tanta
2752 4880 2989 4935 materiae
3039 4881 3198 4951 hujus
3237 4882 3589 4952 amplitudine
3632 4900 3752 4954 pro
3801 4890 3898 4942 in-

573 4972 739 5029 fuisse
766 4971 1113 5035 censebatur,
1142 4970 1374 5039 ideoque
1404 4985 1501 5023 nec
1530 4971 1778 5025 secundae
1810 4972 2158 5041 poenitentiae,
2266 4969 2453 5025 stituto
2508 4975 2707 5024 nostrae
2774 4969 3194 5040 scriptiunculae,
3253 4982 3306 5029 et
3362 4973 3512 5027 velut
3576 4977 3901 5032 occasione

567 5060 844 5131 quibusvis
881 5060 1139 5131 Operibus
1179 5058 1582 5124 demonstratae,
1626 5068 1741 5115 tuto
1783 5060 1894 5128 jam
1932 5062 2162 5133 amplius
2267 5058 2427 5127 facta,
2461 5057 2659 5113 dixisse
2708 5057 2958 5125 sufﬁciat,
2990 5059 3198 5115 caeteris
3242 5060 3383 5129 apud
3426 5061 3730 5132 theologos
3765 5081 3904 5121 nos-

569 5148 660 5204 ﬁdi
704 5164 864 5220 posse
914 5150 1264 5205 ecclesiarum
1320 5148 1598 5222 prtepositi
1644 5149 1914 5205 rebantur.
1955 5150 2163 5219 Δόκησις
2271 5155 2413 5203 stros
2445 5146 2777 5217 dogmaticos
2804 5147 3019 5218 plenius
3050 5147 3411 5204 addiscendis.

564 5240 727 5294 τοίνυν
784 5238 1060 5311 μετανοίας,
1103 5238 1154 5292 οὗ
1217 5258 1473 5312 μετανοια,
1532 5239 1591 5292 τὸ
1648 5240 1881 5299 πολλάκις
1932 5238 2160 5295 αἰτεῖσθαι

2342 5239 2415 5292 Ex
2446 5237 2530 5293 his
2561 5245 2735 5291 autem
2780 5236 3120 5293 manifestum
3150 5239 3259 5307 jam
3288 5246 3372 5293 est
3410 5239 3697 5311 antiquam
3734 5244 3901 5300 illam

567 5331 875 5403 συγγνώμην,
944 5329 1015 5402 ἐφ’
1073 5324 1146 5389 οἷς
1195 5330 1572 5400 πλημμελοῦμεν
1642 5330 1889 5389 πῡλλοὶκιςο
1963 5330 2160 5400 Opinio

2272 5327 2546 5394 Ecclesiae,
2587 5328 2875 5383 secundam
2934 5327 3299 5397 pmnitentiam
3354 5329 3731 5403 excludentis,
3796 5352 3901 5389 se-

566 5437 809 5492 πατηθυθ
856 5420 1214 5492 Ρωηίίεπίίίε
1258 5416 1360 5486 (δίε
1415 5416 1587 5472 Clem.
1654 5418 1807 5475 Αιεκ.
1878 5432 2066 5472 rursus
2118 5434 2158 5473 ll
2266 5418 2539 5475 veritatem
2588 5416 2902 5488 neutiquam
2946 5425 3039 5471 aut
3072 5419 3568 5488 Montanistarum,
3609 5428 3719 5475 aut
3776 5425 3901 5480 No-

569 5508 824 5579 Strom.),
846 5524 959 5565 non
990 5508 1331 5580 paenitentia
1360 5510 1462 5570 est,
1488 5523 1633 5578 saepe
1647 5511 1842 5577 petere
1860 5507 2083 5562 ueniam
2096 5508 2161 5565 de
2267 5510 2632 5565 vatianorum
2660 5506 2933 5563 erroribus
2951 5504 3241 5578 quidquam
3272 5506 3558 5575 patronicii
3589 5512 3902 5577 attulisse,

567 5600 662 5667 iis,
679 5613 785 5668 per
812 5614 939 5668 qua:
958 5600 1173 5669 saepius
1196 5613 1514 5669 peccamus.
1538 5598 1616 5654 Ac
1646 5604 1925 5668 propterea
1953 5596 2154 5656 factum
2265 5596 2320 5652 hi
2350 5597 2491 5653 enim
2524 5596 2694 5666 ipsam
2721 5594 2977 5654 Ecclesiae
3003 5601 3359 5669 potestatem,
3388 5597 3708 5655 dimittendi
3756 5617 3845 5671 po

574 2304 710 2360 eccl.
754 2312 789 2356 t.
821 2304 865 2369 Ι,
896 2319 949 2373 p.
984 2318 1056 2356 m.
1092 2305 1213 2366 216,
1248 2308 1491 2355 testatur.

653 2392 719 2446 Ut
744 2407 871 2447 vero
905 2390 1062 2446 etiam
1096 2390 1161 2444 de
1192 2388 1496 2443 Occidentis
1543 2387 1798 2442 Ecclesiis
1853 2388 2157 2457 loquamur,

583 2490 799 2535 sanctus
829 2477 1169 2545 Ambrosius,
1209 2478 1261 2530 in
1283 2477 1319 2530 l.
1352 2492 1392 2530 II
1416 2476 1481 2530 de
1513 2476 1713 2540 Poznit,
1736 2491 1784 2530 c.
1823 2478 1912 2539 10,
1934 2476 2005 2530 ita
2036 2491 2163 2545 pro-

582 2567 722 2623 fatur
756 2586 769 2622 :
806 2589 827 2618 α
861 2565 1049 2622 Merito
1080 2565 1569 2635 reprehenduntur,
1618 2563 1711 2632 qui
1754 2565 1952 2635 saepius
1999 2578 2163 2636 agen-

575 2657 701 2711 dam
785 2655 1159 2727 pcenitentiam
1233 2662 1458 2723 putant,
1543 2652 1634 2722 qui
1707 2652 2040 2706 luxuriantur
2106 2652 2160 2706 in

575 2745 824 2812 Christo;
856 2760 979 2799 nam
1010 2744 1054 2797 si
1103 2758 1227 2797 vere
1266 2749 1490 2812 agerent
1529 2740 1913 2811 pmnitentiam,
1968 2741 2162 2796 iteran-

577 2836 697 2888 dam
732 2841 920 2904 postca
951 2849 1055 2887 non
1084 2839 1368 2902 putarent;
1405 2830 1527 2900 quia
1575 2830 1711 2885 sicut
1756 2846 1935 2885 unum
1980 2831 2165 2903 bapti-
