4028 6180
278 329 411 399 L317

1125 315 1455 379 APPENDIX
1494 315 1559 375 V.
1589 348 1656 358 -
1695 313 1758 373 D.
1798 311 2166 374 GORBINIANI
2205 311 2449 374 ΤΗΟΜΛΕ
2487 311 2727 372 ΑΟΝΟΤ.

3446 317 3583 377 1318

271 453 607 526 baptismum
652 450 994 522 relapsorum
1046 455 1284 519 peccata,
1331 445 1597 518 aggressi,
1644 457 1871 514 eamque
1904 455 1952 534 Α
1984 441 2123 511 apud
2170 441 2425 512 profanos
2471 438 2762 510 scriptorcs
2819 453 3202 534 nonnunquam
3261 439 3370 496 alio
3414 457 3579 498 sensu

265 543 491 617 penitus
520 543 835 599 subvertere
865 538 1036 595 moliti
1066 537 1313 593 fuerant:
1349 547 1403 592 at
1429 550 1560 591 vero
1593 537 1726 603 haec,
1752 549 1872 603 qum

254 645 309 690 et
338 634 624 697 s-olvendi,
649 640 702 686 et
734 629 948 701 ligandi
967 641 1354 690 pornsn’rsu,
1379 643 1406 681 a
1428 623 1662 687 Christo,
1689 623 1873 676 Matth.

253 736 437 792 xvm,
492 724 576 784 18,
636 726 689 772 et
736 719 894 772 Joan.
947 733 1048 782 xx,
1097 718 1186 781 23,
1237 722 1536 784 acceperat,
1591 710 1876 781 utriusque

259 813 535 867 duntaxat
582 824 750 878 USUM,
791 815 1039 878 tanquam
1095 806 1148 859 in
1197 820 1296 858 suo
1345 801 1566 857 arbitrio
1614 800 1871 871 positum,

268 901 344 955 ita
383 899 783 965 moderabatur,
823 906 882 951 ut
922 901 1083 961 tunc,
1105 899 1160 952 et
1181 895 1363 954 toties,
1385 895 1441 948 et
1463 907 1521 948 eo
1542 890 1722 955 modo,
1746 904 1872 962 quo,

277 993 327 1045 et
361 987 601 1059 quando,
627 990 680 1042 et
700 986 915 1057 quoties
945 983 999 1038 id
1031 981 1286 1053 expedire
1309 979 1626 1049 iudicasset,
1653 984 1874 1046 peccata

284 1075 725 1148 apuenitentibus
772 1074 871 1129 rite
923 1071 1188 1143 exposita,
1243 1085 1342 1140 pro
1391 1085 1490 1124 sua
1539 1067 1871 1134 auctoritate,

274 1179 340 1218 ac
369 1179 461 1234 per
489 1178 619 1218 suos
648 1162 974 1225 sacerdotes,
999 1165 1086 1213 aut
1109 1159 1443 1220 dimitteret,
1465 1164 1558 1210 aut
1577 1156 1871 1223 retineret,

272 1251 508 1318 caeteris,
539 1265 664 1320 quae
707 1265 771 1304 ex
819 1248 995 1318 ipsius
1028 1246 1227 1301 Christi
1277 1245 1613 1300 institutione
1660 1245 1727 1298 ad
1771 1245 1876 1298 hoc

271 1347 672 1395 sacramentum
719 1337 977 1407 requisita
1025 1337 1201 1403 erant,
1251 1333 1508 1390 inviolate
1554 1332 1871 1389 observatis.

355 1430 582 1496 Quanto
612 1428 675 1481 in
703 1429 884 1489 arcto,
917 1439 1012 1494 pro
1038 1429 1252 1496 quanto
1281 1425 1516 1480 arctius.

358 1517 532 1570 Tanto
579 1515 860 1587 operosior
901 1513 1158 1585 probatio
1188 1516 1292 1577 est,
1329 1513 1368 1566 i.
1400 1528 1450 1568 e.
1484 1527 1550 1566 eo
1581 1527 1678 1582 per
1722 1510 1876 1582 plura

276 1604 564 1676 magisque
607 1602 776 1658 ardua
820 1602 1149 1672 poenitentiae
1205 1616 1368 1671 opera
1423 1601 1584 1656 debet
1637 1600 1870 1654 demon-

272 1693 455 1758 strari,
489 1702 546 1749 ut
572 1692 731 1748 ﬁdem
763 1691 940 1746 facere
970 1689 1162 1762 possit,
1196 1705 1314 1745 eam
1343 1688 1538 1745 seriam
1561 1704 1681 1744 esse
1700 1687 1873 1744 since-

274 1797 516 1852 ramque.

351 1871 479 1926 Sola
507 1871 877 1934 conscientia,
907 1869 962 1924 id
991 1871 1074 1924 est
1102 1869 1216 1925 solo
1261 1868 1475 1936 animo,
1508 1883 1606 1923 seu
1637 1877 1755 1922 actu
1785 1883 1876 1922 in-

279 1963 470 2015 terno.

350 2051 707 2118 Pro/eretur.
733 2047 926 2102 Junius
956 2046 1080 2118 legit
1103 2048 1434 2118 perferatur
1453 2065 1471 2100 :
1499 2045 1646 2116 quod
1676 2043 1876 2112 impro-

276 2138 412 2192 bare
442 2152 549 2192 non
580 2151 827 2206 possum;
883 2136 1020 2191 malo
1065 2143 1242 2190 tamen
1288 2135 1560 2206 vulgatam
1585 2132 1876 2188 lectionem

273 2225 530 2280 retinere.

349 2315 545 2386 Aliquo
576 2313 751 2370 etiam
779 2318 934 2370 actu.
960 2313 1243 2369 Exteriori
1262 2310 1486 2376 scilicet,
1509 2327 1572 2367 ac
1590 2310 1875 2376 sensibili;

272 2407 474 2457 actum
502 2402 645 2458 enim
673 2403 759 2456 hic
784 2416 884 2473 pro
913 2404 1064 2472 facto
1092 2401 1304 2472 accipit,
1339 2407 1396 2456 ut
1424 2417 1488 2456 ex
1517 2415 1640 2472 cap.
1674 2404 1727 2466 3,
1760 2410 1871 2454 not.

274 2491 502 2561 Agitur,
533 2491 824 2561 colligitur.

351 2580 782 2650 Exomoloqesis.
848 2575 1221 2649 Ἐξομολογησις
1274 2576 1471 2632 dicitur
1522 2576 1589 2629 ab
1637 2575 1874 2646 ἐξομολο-

274 2668 400 2740 γέω,
430 2668 578 2738 quod
604 2666 704 2723 SS.
739 2665 1109 2735 Scriptoribus
1153 2664 1372 2735 prOprie
1414 2666 1678 2735 conﬁteri
1703 2664 1877 2735 signi-

277 2754 422 2811 ﬁcat.
455 2757 554 2810 Est
579 2765 774 2818 autem,
806 2761 866 2807 ut
894 2754 1040 2808 idem
1069 2752 1456 2818 'l'ertullianus,
1492 2753 1586 2806 lib.
1619 2753 1685 2806 de
1721 2753 1876 2808 Orat.

276 2858 328 2898 c.
362 2845 416 2912 6,
450 2841 656 2907 deﬁnit,
689 2842 885 2914 petitio
915 2843 1123 2906 venite;
1167 2841 1294 2911 quia
1340 2839 1432 2910 qui
1479 2840 1686 2894 veniam
1725 2838 1878 2908 petit,

279 2927 532 2982 delictum
576 2925 880 2981 conﬁtetur.
915 2925 1076 2983 Juvat
1119 2931 1300 2980 autem
1347 2924 1590 2995 quaedam
1636 2924 1880 2992 exempla

281 3014 572 3086 proferre:
609 3014 689 3068 sic
717 3014 860 3068 enim
901 3014 1045 3071 Psal.
1075 3028 1266 3082 xxvu,
1312 3014 1367 3082 7,
1420 3014 1507 3068 ubi
1556 3013 1609 3068 in
1654 3012 1881 3069 Hebraeo

1982 528 2144 592 sumi,
2176 535 2410 583 attamen
2453 528 2504 582 in
2535 528 2592 583 S.
2620 527 2896 599 Scriptura
2936 525 3288 601 ἐξομολόγησις
3319 537 3580 600 perpetuo

1981 633 2078 686 per
2105 620 2536 688 confessionem,
2567 632 2687 688 quas
2716 632 2810 675 ore
2841 615 3135 688 perﬁcitur,
3159 618 3388 688 exprimi
3416 620 3575 673 solet.

1979 705 2244 760 Caeterum
2277 706 2438 760 etiam
2458 704 2806 778 singulariter
2831 721 2932 775 pro
2954 708 3299 777 confessione
3325 710 3581 778 peccato-

1980 810 2114 850 rum
2135 794 2395 864 accipitur
2421 795 2619 849 IJoan.
2643 808 2682 860 Ι,
2708 799 2740 849 9
2773 811 2784 847 :
2827 793 2942 846 Ἐὰν
2965 795 3287 867 ὁμολογῶμεν
3311 797 3397 858 τὰς
3428 795 3582 868 ἆμαρ-

1975 882 2084 944 τίας
2111 882 2281 956 ἡμῶν,
2311 903 2360 937 κ.
2391 903 2438 940 τ.
2473 884 2524 936 λ.
2567 883 2629 939 Si
2667 885 3045 954 conﬁteamur
3075 890 3314 957 peccata
3352 888 3578 957 nostra,

1979 971 2162 1040 ﬁdelis
2192 977 2276 1030 est
2307 981 2364 1028 et
2385 973 2602 1042 justus,
2633 976 2701 1028 ut
2728 975 2994 1029 remittat
3031 974 3188 1030 nobis
3221 979 3459 1046 peccata
3487 991 3582 1030 no-

1979 1065 2125 1126 stra,
2141 1064 2196 1116 et
2218 1061 2489 1116 emundet
2511 1077 2610 1118 nos
2631 1060 2697 1114 ab
2713 1061 2872 1116 omni
2891 1063 3216 1134 iniquitate.
3235 1064 3365 1119 Item
3385 1063 3496 1118 Jac.
3520 1079 3579 1135 v,

1978 1151 2066 1213 16,
2119 1147 2516 1222 Ἐξομολογιῖσθε
2573 1148 2801 1215 ἀλλήλοις
2851 1147 2914 1202 τὰ
2975 1152 3356 1222 παραπτώματα
3420 1154 3577 1223 ὓμῶν.

1985 1237 2345 1305 Conﬁtemini
2372 1239 2726 1296 alterutrum
2747 1242 2979 1308 peccata
3007 1244 3211 1308 vestra,
3238 1252 3340 1298 etc.
3364 1241 3518 1296 Unde
3549 1256 3580 1294 a

1979 1325 2186 1380 Graecis
2217 1326 2484 1398 theologis
2507 1327 2668 1382 etiam
2698 1327 3098 1398 exomologesis
3128 1329 3448 1399 simpliciter
3476 1343 3578 1401 po-

1980 1413 2080 1468 sita
2111 1430 2208 1484 pro
2229 1417 2582 1485 confessione
2600 1419 2990 1487 peccatorum,
3015 1417 3121 1470 imo
3141 1431 3239 1486 pro
3261 1420 3382 1473 tota
3399 1418 3581 1489 poeni-

1981 1505 2178 1560 tentia
2207 1505 2451 1568 actione,
2483 1513 2642 1573 prout
2669 1504 2828 1559 etiam
2857 1505 3269 1575 satisfactionis
3299 1521 3462 1575 opera
3495 1506 3581 1559 in-

1979 1593 2168 1658 cludit,
2199 1594 2525 1665 plerumque
2565 1595 2820 1660 sumitur,
2868 1594 3075 1665 hacque
3125 1595 3242 1666 ipsa
3297 1593 3578 1666 signiﬁca-

1979 1682 2126 1738 tione
2175 1682 2242 1736 ad
2288 1682 2506 1738 Latinos
2551 1697 2764 1755 quoque
2813 1683 3086 1749 translata,
3135 1683 3434 1754 eodemque
3478 1700 3580 1739 usu

1910 1779 1954 1855 Β
1982 1770 2241 1826 hactenus
2270 1778 2478 1828 retenta
2508 1771 2631 1827 fuit.

2053 1861 2123 1912 At
2151 1874 2278 1915 vero
2306 1875 2432 1916 saec.
2465 1875 2567 1914 vm
2595 1860 2759 1930 paulo
2798 1859 2956 1914 latius
2988 1861 3152 1916 etiam
3196 1861 3266 1915 ad
3295 1862 3581 1932 Litanias,

1983 1963 2077 2004 seu
2097 1950 2537 2020 supplicationes
2563 1948 2842 2022 publicas,
2867 1949 3081 2004 extendi
3115 1949 3295 2022 accpit,
3321 1961 3378 2004 ut
3399 1951 3456 2005 S.
3480 1949 3581 2006 Isi-

1983 2036 2165 2106 dorus,
2199 2038 2444 2108 Etymol.
2475 2038 2512 2091 l.
2553 2052 2627 2102 vt,
2660 2054 2778 2106 cap.
2821 2041 2909 2102 19,
2939 2037 3083 2092 circa
3124 2036 3216 2092 ﬁn.
3255 2038 3404 2094 testis
3440 2047 3522 2094 est
3561 2057 3576 2094 :

1987 2141 2012 2175 ι
2049 2123 2190 2178 Inter
2219 2139 2496 2180 LETANIAS
2520 2133 2573 2180 et
2592 2139 3045 2193 EXOMOLOGESIN,
3069 2125 3338 2198 inquiens,
3359 2128 3460 2183 hoc
3477 2127 3583 2182 dif-

1984 2211 2106 2278 fert,
2139 2214 2284 2285 quod
2313 2216 2720 2286 exomologeses
2746 2230 2847 2285 pro
2878 2217 2991 2269 sola
3018 2217 3364 2285 confessione
3391 2231 3581 2287 pecca-

1986 2310 2162 2356 torum
2209 2311 2459 2373 aguntur,
2490 2304 2702 2358 letaniae
2751 2318 2877 2358 vero
2925 2303 3175 2358 dicuntur
3226 2313 3444 2376 propter
3491 2319 3577 2360 ro-

1987 2390 2228 2463 gandum
2257 2391 2569 2458 Dominum,
2602 2401 2657 2448 et
2682 2393 3081 2464 impetrandum
3113 2393 3168 2447 in
3197 2393 3380 2464 aliquo
3412 2396 3578 2449 mise-

1983 2479 2271 2534 ricordiam
2299 2480 2440 2548 ejus.
2476 2481 2583 2535 Sed
2615 2496 2757 2536 nunc
2779 2481 2890 2550 jam
2933 2490 3218 2553 utrumque
3259 2482 3582 2538 vocabulum

1984 2569 2085 2622 sub
2137 2582 2242 2621 una
2287 2567 2684 2638 signiﬁcatione
2739 2571 2993 2637 habetur,
3023 2586 3126 2624 nec
3179 2571 3339 2624 distat
3393 2572 3578 2644 vulgo,

1986 2666 2166 2710 utrum
2204 2655 2436 2721 letaniae,
2470 2672 2538 2710 an
2576 2657 2978 2728 exomologesis
3015 2657 3278 2712 dicantur.
3319 2678 3340 2706 ν
3372 2659 3581 2713 Interea

1987 2757 2122 2796 vero
2151 2743 2295 2812 apud
2344 2742 2646 2798 Orientales
2692 2744 2910 2814 antiqua
2953 2745 3044 2798 illa
3092 2743 3412 2814 signiﬁcatio
3451 2761 3579 2815 per-

1987 2829 2201 2896 mansit,
2233 2836 2291 2883 ut
2337 2846 2402 2885 ex
2443 2846 2564 2900 cap.
2599 2834 2631 2885 2
2661 2830 2858 2902 prioris
2902 2831 3061 2902 epist.
3091 2831 3158 2886 ab
3189 2833 3455 2898 Ieremia,
3487 2849 3582 2904 pa-

1985 2917 2216 2974 triarcha
2261 2918 2364 2973 CP.
2396 2921 2463 2974 ad
2499 2919 2840 2975 Lutheranos
2876 2936 2964 2974 an.
2999 2921 3136 2975 1574
3166 2921 3325 2990 datae,
3357 2921 3580 2995 colligi-

1989 3015 2076 3062 tur
2109 3026 2121 3062 :
2156 3008 2265 3064 imo
2293 3017 2347 3064 et
2374 3025 2406 3062 a
2435 3008 2638 3064 Latinis
2675 3010 2873 3066 nostris
2911 3009 3178 3083 theologis
3218 3027 3390 3084 usque
3422 3013 3582 3068 hodie

281 3101 549 3158 habetur;
592 3111 814 3164 inﬁrm
836 3110 1068 3170 autem,
1100 3102 1293 3174 Aquila
1324 3103 1402 3157 sic
1430 3103 1582 3159 vertit
1613 3121 1627 3161 :
1659 3100 1752 3155 Καὶ
1781 3101 1879 3155 ἀπὸ

1994 3096 2378 3168 frequentatur.

281 3191 502 3262 ᾄσματός
559 3211 646 3263 μου
718 3190 1128 3263 ἐξομολογήσομαι
1181 3190 1357 3264 αὐτῷ,
1408 3195 1480 3248 Et
1531 3193 1596 3247 de
1651 3195 1876 3250 cantico

282 3295 402 3336 meo
458 3280 759 3349 conﬁtebor
800 3283 882 3348 ei;
929 3280 1084 3334 LXX
1137 3295 1262 3334 vero
1308 3297 1321 3336 :
1373 3282 1467 3334 Καὶ
1515 3279 1567 3334 ἐκ
1611 3282 1880 3353 (tempato;

282 3389 378 3440 μου
453 3368 873 3442 ἐξομολογήσομαι
952 3371 1107 3443 αὐτῷ,
1179 3369 1329 3441 quod
1401 3371 1668 3442 Vulgatus
1741 3386 1877 3426 nos-

283 3464 395 3514 ter:
425 3460 495 3514 Et
519 3473 592 3513 ea:
610 3458 901 3515 voluntate
926 3475 1054 3515 mea
1083 3459 1384 3527 conﬁtebor
1407 3461 1478 3516 ei.
1500 3460 1622 3514 Non
1648 3459 1778 3515 dicit
1794 3475 1874 3526 IN,

280 3544 380 3600 sed
397 3561 474 3603 ex
488 3549 784 3604 voluntate
802 3563 940 3612 mea,
963 3557 1021 3602 ut
1040 3563 1151 3603 non
1173 3549 1240 3602 sit
1259 3547 1527 3604 confessio
1551 3566 1696 3605 mere
1717 3552 1878 3605 intra

279 3638 634 3694 voluntatem
653 3644 883 3705 retenta,
906 3637 1000 3692 sed
1019 3639 1272 3694 exterius
1287 3655 1503 3710 quoque
1523 3638 1875 3694 manifestata.

2054 3188 2242 3259 Neque
2291 3203 2416 3244 vero
2464 3187 2670 3259 absque
2725 3204 2887 3245 causa
2933 3188 3058 3245 huic
3106 3189 3374 3247 vocabulo
3420 3191 3582 3261 paulo

1981 3275 2203 3351 longius
2242 3277 2511 3333 immorati
2551 3277 2785 3350 fuimus;
2815 3295 2939 3334 cum
2970 3279 3112 3334 enim
3142 3280 3378 3352 theologi
3410 3280 3581 3335 nostri

1984 3365 2084 3422 hac
2113 3381 2244 3422 voce
2272 3367 2612 3436 potissimum
2650 3375 2837 3422 contra
2867 3367 3210 3424 Calvinianos
3243 3370 3318 3422 uti
3347 3369 3576 3434 soleant,

1989 3475 2014 3506 ‹
2050 3463 2206 3510 caute
2236 3463 2288 3511 et
2314 3455 2624 3526 prudenter,
2648 3465 2706 3512 ut
2730 3455 2984 3512 Petavius
3012 3455 3068 3510 in
3096 3457 3485 3513 Animadvers.
3517 3459 3582 3515 in

1985 3547 2187 3619 Epiph.
2219 3547 2286 3600 ad
2331 3547 2537 3602 Hmres.
2571 3549 2660 3614 89,
2693 3549 2967 3616 observat,
3002 3545 3059 3600 in
3107 3547 3268 3616 hujus
3311 3547 3458 3604 vocis
3496 3547 3580 3604 in-

1983 3634 2366 3706 terpretatione
2414 3637 2734 3694 versandum
2778 3643 2878 3706 est,
2912 3646 2971 3692 ut
3004 3652 3070 3692 ex
3099 3637 3220 3707 ipso
3259 3636 3585 3693 narrationis

283 3726 375 3780 Sic
403 3725 544 3780 Psal.
566 3739 730 3792 xxxx,
759 3725 844 3793 10,
870 3724 962 3779 ubi
989 3724 1155 3779 Hebr.
1178 3735 1362 3811 vim:
1395 3737 1556 3788 Tum
1579 3737 1697 3793 15y
1727 3737 1876 3816 Trin
1981 3733 2254 3816 contextu,
2286 3741 2391 3816 quo
2440 3742 2600 3782 sensu
2640 3743 2672 3782 a
2718 3725 2963 3782 Patribus
3009 3734 3264 3797 usurpata
3306 3726 3394 3798 sit,
3427 3726 3576 3797 diju-

281 3812 636 3880 Symmachus
663 3812 736 3867 ita
766 3813 937 3866 reddit
973 3832 986 3867 :
1036 3812 1120 3880 Μὴ
1165 3804 1569 3884 ὲξομολνγήσεταί
1606 3817 1685 3868 σοί
1730 3804 1879 3885 long,

281 3902 314 3967 ἢ
343 3899 615 3970 ἀπαγγελεῖ
647 3898 734 3965 τὴν
782 3901 998 3966 ἀλήθειαν
1038 3921 1158 3966 σου;
1207 3904 1494 3974 Numquid
1522 3906 1882 3976 confitebitur

286 3989 390 4044 tibi
398 3989 708 4061 pulvis,aut
719 3990 1094 4045 annuntiabit
1105 3991 1403 4046 veritatem
1417 3995 1883 4066 tuam?Signiﬁcat

283 4093 417 4149 ergo
441 4079 525 4132 hic
544 4077 972 4148 confessionem,
988 4093 1108 4150 quae
1123 4081 1493 4135 annuntiatio
1511 4083 1754 4151 quaedam
1777 4092 1877 4147 est,

285 4170 345 4224 in
374 4177 495 4226 actu
527 4173 762 4226 externo
794 4167 987 4240 posita,
1037 4184 1101 4223 ac
1148 4184 1238 4240 per
1267 4169 1635 4241 metaphoram
1663 4172 1885 4243 pulveri

286 4260 572 4331 applicata.
603 4260 774 4328 Quam
823 4259 879 4313 in
926 4274 1037 4315 rem
1067 4257 1233 4315 multa
1261 4259 1366 4315 alia
1393 4261 1640 4332 exempla
1667 4277 1730 4317 ex
1761 4262 1880 4319 Vet.

287 4348 426 4420 Lege
457 4347 684 4420 proferri
713 4354 955 4418 possent.

1984 3814 2165 3871 dicare
2191 3814 2483 3887 possimus.
2518 3835 2542 3865 ι

2064 3906 2433 3975 Confessione,
2459 3905 2498 3960 i.
2525 3920 2575 3962 e.
2596 3921 2698 3978 per
2724 3905 3161 3976 confessionem;
3180 3904 3296 3962 haec
3323 3903 3465 3962 enim
3496 3921 3584 3960 sa-

1989 3991 2274 4048 tisfactioni
2293 3993 2494 4063 praevia
2513 4002 2615 4050 est.
2635 3995 2819 4065 Neque
2841 3993 2985 4049 enim
3007 4011 3105 4064 per
3123 3996 3579 4066 satisfactionem

1988 4079 2210 4134 alterius
2239 4080 2355 4134 lassi
2388 4083 2608 4150 injuria
2646 4090 2944 4152 reparatur,
2979 4082 3081 4136 nisi
3120 4083 3236 4137 hinc
3274 4083 3389 4152 ipsa
3421 4083 3584 4138 satis-

1988 4166 2146 4222 factio
2187 4184 2223 4222 a
2251 4169 2414 4224 corde
2440 4172 2769 4242 paenitente,
2799 4186 2863 4226 ac
2895 4187 2990 4229 ore
3026 4172 3334 4240 conﬁtente
3361 4185 3585 4240 proces-

1990 4254 2137 4310 serit.

2059 4345 2405 4400 Paenitentia
2448 4346 2727 4402 nascitur.
2777 4345 3038 4417 Loquitur
3082 4345 3168 4402 hic
3216 4345 3284 4402 de
3328 4346 3585 4419 operibus

357 4437 430 4492 Ut
474 4447 649 4492 autem
704 4437 774 4491 ad
829 4435 1043 4492 Novum
1098 4452 1312 4509 quoque
1363 4436 1507 4494 Test.
1563 4438 1880 4508 veniamus,
1920 4428 2340 4509 Dpoenitentiae,
2371 4449 2493 4504 quae
2540 4449 2664 4489 mox
2715 4441 2900 4507 postea
2941 4434 3249 4491 accuratius
3284 4448 3580 4493 enumerat.

288 4527 477 4583 Matth.
510 4542 592 4596 nt,
624 4529 678 4591 6,
708 4525 777 4580 de
804 4526 1011 4582 Joanne
1050 4527 1246 4583 dicitur
1275 4545 1288 4585 :
1341 4528 1787 4600 Baptizabantur
1816 4533 1883 4588 ab

288 4632 370 4687 eo,
410 4614 724 4672 conﬁtentes
777 4614 1256 4690 (ἐξομολογούμενοι)
1296 4623 1526 4690 peccata
1578 4636 1712 4687 sua;
1761 4637 1883 4692 quae

289 4705 471 4774 utique
527 4712 752 4760 externa
804 4707 1050 4776 quaedam
1105 4707 1375 4764 confessio
1439 4715 1593 4777 erat,
1651 4711 1886 4772 externis

288 4791 486 4847 scilicet
532 4793 742 4848 actibus
797 4795 1191 4865 demonstrata;
1245 4812 1426 4870 neque
1480 4797 1624 4853 enim
1683 4807 1883 4858 temere

285 4881 524 4936 Joannes
572 4881 977 4938 administrabat
1021 4885 1350 4956 baptismum
1402 4904 1600 4960 suum,
1662 4890 1757 4946 sed
1814 4891 1884 4947 iis

217 5029 232 5043 ,
289 4971 564 5042 duntaxat,
597 4985 827 5041 quorum
856 4973 998 5028 seria
1024 4975 1345 5045 pcenitentia
1391 4993 1456 5032 ex
1495 4978 1752 5050 operibus
1782 4995 1882 5036 ex-

287 5059 458 5115 ternis
488 5061 639 5116 nosci
669 5069 897 5130 poterat.
952 5062 1044 5118 Sic
1092 5073 1144 5118 et
1187 5067 1312 5121 .Act.
1343 5083 1458 5133 xix,
1494 5071 1580 5132 18,
1610 5069 1835 5126 habetur
1867 5089 1880 5126 :

290 5150 562 5221 Multique
580 5150 935 5208 credentium
954 5153 1273 5222 veniebant,
1290 5155 1624 5213 conﬁdentes
1644 5159 1756 5228 (ubi
1778 5177 1890 5216 rur-

287 5255 381 5293 sus
407 5237 852 5312 ἐξομολογοὺμενοι)
901 5249 955 5296 et
1005 5246 1378 5301 annuntiantes
1430 5248 1673 5316 (externe
1718 5249 1884 5306 nimi-

285 5328 428 5398 rum)
462 5333 622 5385 actus
651 5345 801 5385 suos.
831 5329 972 5397 Quid
1001 5339 1180 5388 autem
1209 5334 1411 5389 clarius
1439 5351 1525 5402 eo,
1575 5353 1681 5410 quo
1727 5339 1883 5396 Rom.

287 5429 368 5486 1x,
403 5421 466 5472 10
497 5418 784 5488 Apostolus
813 5419 893 5475 ait
924 5439 938 5474 :
989 5423 1160 5479 Corde
1189 5424 1445 5480 creditur
1473 5426 1546 5482 ad
1565 5428 1882 5499 justitiam,

289 5519 398 5558 OBE
426 5510 620 5564 autem
648 5524 740 5564 FIT
768 5525 1078 5566 CONFESSIO
1107 5513 1342 5586 (στόματι
1360 5509 1417 5567 δὲ
1447 5516 1787 5591 ὁμολογειται)
1817 5519 1888 5575 ad

287 5593 553 5651 salutem.
601 5595 943 5671 Quamquam
991 5598 1215 5658 1226
1240 5613 1420 5660 autem
1466 5620 1577 5662 non
1627 5607 1884 5679 nesciam,

2035 4524 2486 4598 'Prosternendi.
2511 4523 2756 4594 Quatuor
2775 4525 2904 4578 olim
2928 4531 3082 4580 erant
3097 4524 3475 4582 Paenitentiam
3497 4543 3586 4586 or-

1987 4613 2147 4671 dines
2184 4629 2245 4669 ac
2283 4614 2447 4671 veluti
2487 4613 2719 4685 gradus,
2753 4613 2956 4668 scilicet
2986 4615 3298 4687 Flentium,
3328 4616 3583 4674 Audien-

1991 4705 2163 4769 tium,
2197 4703 2646 4773 Substratorum,
2678 4709 2730 4757 et
2766 4702 3227 4760 Consistentium.

2059 4792 2326 4849 FLBNTES
2395 4790 2821 4863 (προσχλαίοντες)
2885 4791 3218 4858 dicebantur,
3275 4793 3365 4863 qui
3431 4802 3584 4848 extra

1986 4883 2210 4952 januam
2257 4882 2518 4950 ecclesiae,
2557 4882 2659 4936 sub
2704 4879 2938 4951 porticu,
2971 4895 3068 4936 seu
3121 4880 3394 4936 humiliori
3439 4896 3583 4952 quo-

1992 4973 2115 5028 dam
2155 4971 2302 5028 illius
2351 4978 2512 5038 tecto,
2543 4970 2733 5027 ciliciis
2779 4968 2973 5039 induti,
3005 4969 3276 5026 cineribus
3322 4985 3584 5042 consper-

1992 5061 2061 5129 si,
2091 5070 2222 5129 etc.,
2256 5060 2551 5137 genuﬂexi,
2580 5060 2686 5129 vel,
2729 5075 2826 5130 pro
2867 5059 3237 5134 magnitudine
3277 5059 3583 5130 criminum,

1992 5151 2156 5207 etiam
2203 5158 2316 5207 toto
2363 5166 2588 5222 corpore
2633 5150 2905 5220 prostrati,
2952 5165 3160 5205 amaras
3206 5149 3348 5205 inter
3402 5151 3584 5221 lacry-

1994 5257 2130 5313 mas,
2169 5241 2311 5296 inter
2359 5240 2631 5312 singultus
2668 5249 2721 5295 et
2769 5239 3001 5310 ejulatus
3052 5254 3482 5309 nonnumquam,
3519 5238 3588 5292 ab

1992 5331 2048 5387 in
2095 5339 2149 5387 et
2197 5331 2604 5403 egredientibus
2649 5347 2871 5402 precum
2913 5330 3171 5396 subsidia,
3201 5328 3400 5400 quibus
3441 5327 3586 5400 apud

1993 5425 2304 5498 episcOpum
2350 5441 2448 5496 pro
2491 5440 2587 5480 sua
2633 5424 2688 5478 in
2735 5423 3014 5483 ecclesiam
3063 5421 3370 5491 receptione
3417 5420 3587 5475 inter-

1992 5517 2261 5586 cederent,
2292 5517 2669 5586 irnplorabant.
3514 5551 3517 5554 -

2064 5607 2394 5663 Aunxnnras
2427 5605 2767 5677 (ἀκροώμενοι,
2795 5617 2890 5660 seu
2918 5599 3329 5673 auscultantes)
3357 5600 3469 5670 jam
3498 5599 3584 5654 in-
