4028 6180
542 324 684 388 1319

1609 316 1697 377 AD
1744 317 2039 379 GENUINA
2077 317 2516 385 TERTULLIANI
2553 321 2768 385 OPERA

3696 329 3830 391 1320

537 464 618 508 tra
657 452 899 507 ecclesia}
934 453 1153 521 januam
1197 449 1419 505 admissi
1448 463 1512 504 eo
1560 445 1615 502 in
1661 448 1800 513 loco,
1832 447 1927 518 qui
1964 447 2135 520 νάρθηξ
2157 460 2203 540 η
2232 451 2479 517 surrexit,
2513 451 2687 510 cilicio
2735 462 2789 511 et
2839 449 2996 513 sacco
3046 457 3285 525 indutus,
3323 458 3598 515 cineribus
3644 474 3829 529 asper-

536 559 631 597 seu
682 542 877 611 ferula
934 541 1104 612 (quasi
1151 556 1250 610 pro
1297 540 1361 592 iis
1403 536 1637 608 prOpt‘ie,
1673 536 1764 607 qui
1814 538 1987 592 adhuc
2033 538 2132 591 sub
2159 536 2203 540 “’
2231 556 2344 608 sus,
2376 556 2501 595 cum
2530 557 2730 612 magno
2759 560 2990 601 maerore
3038 554 3093 602 et
3139 548 3391 621 lacrymis
3430 548 3494 603 ad
3538 546 3703 619 pedes
3731 548 3834 603 Ze-

536 630 705 686 ferula
760 629 1080 701 disciplina:
1137 630 1525 686 ecclesiasticae
1581 633 1749 690 erant,
1808 625 2131 698 destinatus)

538 723 930 794 appellabatur,
966 721 1015 776 ei
1073 721 1140 774 ab
1196 721 1312 792 ipsa
1368 716 1592 775 ecclesia
1648 733 1743 787 per
1798 716 2004 771 tabulas
2046 715 2132 771 vel

537 810 806 868 cancellos
846 811 1106 882 quosdam
1158 817 1439 879 separatus
1486 816 1619 871 erat,
1661 807 1891 872 stabant,
1930 805 1997 859 ad
2045 805 2131 859 di-

536 902 685 957 vinas
717 898 1026 968 Scripturas
1056 898 1293 967 aliasque
1327 896 1580 951 lectiones
1610 911 1788 949 sacras
1819 894 2130 949 audiendas

533 991 659 1045 illuc
708 987 1022 1054 intromissi,
1054 995 1106 1042 at
1152 1001 1279 1041 vero
1323 984 1610 1054 incipiente
1658 985 1818 1041 Missa
1864 984 2130 1040 catechu-

534 1096 827 1137 menorum
859 1093 1041 1131 rursus
1072 1074 1396 1146 expellendi,
1427 1090 1525 1130 ceu
1565 1074 1803 1129 nondum
1834 1073 2001 1143 digni,
2036 1072 2129 1142 qui

533 1171 600 1224 de
628 1168 881 1239 precibus
912 1165 1245 1236 reliquorum
1278 1164 1511 1218 fidelium
1541 1162 1948 1234 participarent.

608 1259 915 1313 SUBSTRATI
1001 1254 1391 1326 (ὓποπίπτοντες)
1470 1260 1636 1319 erant,
1711 1252 1906 1323 quibus
1990 1251 2129 1307 intra

536 1350 705 1420 ipsam
737 1344 1017 1401 ecclesiam
1040 1360 1212 1415 usque
1235 1343 1302 1397 ad
1323 1344 1613 1399 ambonem
1642 1341 1839 1413 (locum
1864 1341 2129 1413 Epistolaz

533 1444 585 1492 et
616 1435 912 1507 Evangelia
958 1434 1191 1506 legendo
1239 1432 1583 1501 destinatum)
1628 1432 1778 1487 locus
1815 1430 2128 1501 indulgeba-

536 1533 623 1580 tur
667 1544 679 1580 :
726 1525 797 1580 ita
825 1522 1045 1596 quidem
1096 1530 1155 1576 ut
1209 1529 1263 1576 et
1311 1536 1499 1591 preces
1556 1536 1680 1574 suas
1735 1535 1854 1575 cum
1910 1516 2131 1589 reliquis

534 1615 781 1671 fidelibus
811 1613 1221 1685 conjungerent,
1256 1617 1307 1664 et
1335 1609 1638 1681 frequentes
1666 1622 1924 1662 manuum
1954 1606 2126 1674 impo-

534 1704 755 1759 sitiones
818 1702 905 1771 (ex
962 1700 1181 1771 quibus,
1232 1698 1424 1754 saltem
1477 1696 1735 1759 ultimam,
1794 1709 2120 1751 sacramen-

2231 630 2445 702 phyrini
2476 632 2743 702 pontiﬁcis
2775 634 2844 703 (is
2872 642 3053 691 autem
3090 638 3222 708 ipsis
3268 637 3584 695 Tertulliani
3616 646 3833 707 tempo-

2232 718 2402 787 ribus,
2432 722 2498 776 ab
2530 737 2619 775 an.
2654 725 2753 777 197
2801 724 2867 777 ad
2915 728 3014 779 217
3048 727 3282 797 sederat)
3312 744 3371 784 se
3402 726 3704 797 supplicem
3735 728 3800 781 ab
3826 756 3835 760 -

2226 808 2378 878 jecit,
2410 820 2463 865 et
2491 824 2595 864 non
2629 811 2790 866 modo
2820 812 2888 866 ad
2917 813 3068 881 cleri,
3101 816 3194 871 sed
3230 817 3297 871 ad
3327 816 3585 872 laicorum
3618 830 3835 886 quoque

2229 913 2407 967 genua
2461 900 2781 969 provolutus
2825 911 2948 969 est,
2977 906 3067 965 .ita
3112 913 3173 961 ut
3219 904 3417 961 Christi
3472 904 3837 960 misericordis

2232 985 2501 1052 Ecclesia,
2552 988 2698 1041 illum
2749 1004 3081 1062 magnOpere
3130 995 3532 1062 commiserata,
3582 991 3837 1047 lamentis

2232 1091 2334 1129 una
2364 1092 2422 1131 sc
2453 1077 2695 1135 dederet.
2735 1101 2755 1127 »
2790 1079 3038 1137 Attamen
3088 1083 3181 1138 ille
3237 1085 3377 1155 (vide
3406 1084 3641 1155 rigorem
3671 1081 3834 1136 disci-

2231 1163 2390 1233 plina:
2436 1166 2644 1221 illorum
2695 1174 3039 1240 temporum),
3098 1194 3120 1221 ‹‹
3169 1172 3298 1227 licet
3344 1172 3525 1226 multis
3578 1170 3836 1242 precibus

2232 1262 2506 1324 uteretur,
2576 1264 2629 1310 et
2686 1255 2968 1329 plagarum
3030 1260 3269 1329 vibices,
3338 1276 3474 1333 quas
3542 1259 3838 1330 pertulerat

2234 1342 2459 1417 (quippe
2510 1344 2579 1398 ab
2631 1347 2828 1418 angelo
2878 1364 2978 1418 per
3021 1357 3236 1407 noctem
3286 1350 3592 1421 quamdam,
3624 1349 3753 1404 dum
3784 1350 3837 1404 in

2232 1431 2605 1487 hzereticorum
2635 1435 2912 1490 consortio
2942 1438 3279 1505 versabatur,
3332 1447 3441 1493 tam
3484 1437 3683 1493 acriter
3713 1453 3835 1492 cas-

2230 1519 2429 1589 tigatus
2475 1520 2673 1593 fuerat)
2721 1524 3046 1589 ostenderet,
3091 1528 3179 1583 vix
3227 1527 3442 1581 tandem
3492 1526 3545 1580 in
3593 1527 3840 1582 Ecclesia

2231 1609 2298 1663 ad
2354 1613 2790 1666 communionem
2841 1621 3090 1685 receptus
3152 1614 3269 1670 fuit.
3331 1637 3352 1665 ν
3402 1616 3601 1671 Nullus
3657 1626 3838 1671 autem

2233 1698 2322 1754 hic
2373 1699 2751 1769 praedictarum
2804 1703 3075 1760 classium
3125 1704 3259 1761 ordo
3317 1705 3634 1763 observatas
3671 1704 3842 1761 fuisse

539 1794 733 1859 talem,
777 1806 871 1845 seu
918 1804 949 1841 a
997 1788 1235 1859 peccatis
1283 1785 1709 1848 absolutoriam,
1744 1782 1912 1838 fuisse
1957 1782 2121 1852 aliqui
2157 1786 2198 1865 Β
2231 1788 2450 1859 legitur.

532 1878 843 1951 opinantur)
892 1874 1181 1945 genuilexi,
1212 1881 1301 1927 aut
1344 1874 1397 1925 in
1446 1882 1638 1927 terram
1687 1869 1937 1940 prostrati
1979 1870 2123 1925 reci-

530 1977 741 2038 perent,
769 1965 1056 2035 incipiente
1085 1973 1258 2017 autem
1289 1962 1593 2032 Ohlationc,
1621 1976 1780 2031 quam
1813 1975 1909 2014 nos
1946 1960 2125 2029 Offer-

535 2059 749 2114 torium
780 2071 1056 2119 vocamus,
1089 2053 1155 2106 ab
1199 2052 1422 2108 ecclesia
1465 2051 1607 2107 exire
1649 2050 2129 2120 compellerentur.

533 2144 752 2202 I227
804 2145 981 2215 Atque
1020 2143 1106 2197 hic
1156 2143 1294 2200 Ordo
1337 2143 1757 2197 substratorum
1805 2154 1837 2192 a
1876 2136 2126 2193 Patribus

530 2239 730 2295 Latinis
768 2253 912 2308 saepe
958 2235 1204 2290 absolute
1247 2243 1298 2288 et
1328 2231 1642 2303 simpliciter
1678 2230 2041 2302 paenitentia,
2074 2235 2125 2281 et

536 2327 924 2396 substratiipsi
946 2326 1275 2398 pwnitcntes
1293 2321 1633 2385 dicebantur;
1650 2320 1901 2391 quoniam
1920 2319 2126 2388 priores

533 2420 653 2472 duae
698 2418 916 2480 classes,
948 2412 1163 2468 nonnisi
1214 2410 1362 2465 velut
1407 2407 1793 2480 disppsitiones
1837 2406 1915 2460 ad'
1949 2407 2122 2474 ipsam

539 2504 907 2577 pcenitentiam
955 2503 1317 2571 habebantur;
1372 2500 1425 2553 in
1471 2498 1624 2552 tertia
1678 2512 1805 2553 vero
1861 2497 1963 2550 hac
2008 2496 2123 2565 ipsa

533 2595 847 2664 satisfactio
878 2606 973 2664 per
1011 2588 1275 2644 laboriosa
1310 2586 1641 2658 poenitentiae
1671 2598 1856 2654 opera,
1886 2584 2120 2653 jejunia,

529 2683 757 2757 vigilias,
818 2681 1028 2752 aliaque
1105 2694 1321 2734 carnem
1397 2674 1777 2739 excruciantia,
1832 2688 1940 2727 non
2007 2674 2121 2742 jam

528 2781 743 2845 sponte,
777 2780 830 2826 et
867 2769 1085 2841 prOprio
1126 2767 1363 2834 arbitrio,
1396 2767 1487 2820 sed
1522 2783 1587 2821 ex
1630 2764 1799 2833 ipsius
1842 2762 2116 2831 Ecclesiae,

536 2853 787 2933 tanquam
836 2859 921 2913 illa
957 2858 1072 2913 suis
1108 2857 1317 2912 delictis
1358 2852 1861 2919 commensurantis,
1893 2851 2117 2907 ordina-

528 2954 675 3007 tione
734 2949 1094 3020 suscipicnda,
1138 2945 1510 3018 peragebatur,
1545 2953 1602 2998 ut
1654 2942 1705 2995 in
1765 2941 2117 3013 pulcherrima

526 3041 620 3095 illa
649 3040 706 3095 S.
738 3037 953 3092 Paciani
997 3036 1281 3092 Parcenesi
1317 3035 1390 3089 ad
1429 3033 1855 3105 pwnitentiam,
1883 3039 1936 3085 et
1974 3031 2117 3103 apud

2309 1877 2440 1933 Vide
2486 1887 2688 1947 autem,
2737 1881 2854 1951 quis
2903 1890 3147 1954 tempore
3198 1884 3255 1940 S.
3304 1884 3582 1956 Cypriani,
3613 1885 3837 1939 Tertul-

2234 1965 2376 2019 liano
2409 1968 2741 2039 posterioris,
2774 1970 3107 2039 poenitentiae
3142 1973 3365 2045 agendae
3396 1990 3517 2028 mos
3543 1972 3603 2027 in
3634 1975 3839 2029 Eccle-

2234 2054 2316 2108 sia
2358 2055 2663 2127 Carthagin.
2715 2058 2968 2130 viguerit.
3004 2062 3081 2115 lla
3128 2077 3258 2133 ergo
3307 2063 3360 2117 in
3412 2072 3475 2119 tr.
3526 2063 3595 2117 de
3644 2066 3840 2135 Lapsis

2230 2143 2404 2215 inquit
2437 2162 2450 2198 :
2505 2167 2526 2196 α
2559 2145 2728 2201 Orare
2759 2156 2973 2216 Oportet
2999 2148 3304 2219 impensius
3346 2159 3399 2207 et
3442 2166 3662 2223 rogare,
3700 2152 3841 2208 diem

2231 2231 2375 2287 luctu
2408 2235 2723 2306 transigere,
2769 2234 2975 2306 vigiliis
3024 2246 3209 2292 noctes
3254 2253 3317 2294 ac
3364 2239 3583 2295 ﬂetibus
3616 2240 3839 2303 ducere,

2232 2329 2445 2392 tempus
2493 2337 2651 2377 omne
2690 2322 3003 2394 lacrymosis
3032 2326 3510 2383 lamentationibus
3539 2342 3841 2398 occupare,

2231 2418 2430 2466 stratos
2471 2411 2585 2466 solo
2636 2412 2909 2469 adhaerere
2950 2414 3138 2481 cineri,
3187 2416 3239 2469 in
3291 2416 3467 2473 cilicio
3515 2418 3763 2473 volutari
3791 2427 3843 2472 et

2230 2499 2501 2564 sordibus,
2532 2508 2653 2570 post
2680 2500 3049 2557 indumentum
3083 2504 3282 2559 Christi
3313 2505 3581 2576 perditum
3623 2507 3843 2562 nullum

2226 2590 2339 2657 jam
2370 2587 2508 2643 velle
2540 2587 2809 2655 vestitum,
2864 2600 2985 2660 post
3034 2591 3233 2648 diaboli
3282 2594 3460 2649 cibum
3490 2595 3653 2649 malle
3679 2597 3845 2666 jeju-

2229 2676 2410 2745 nium,
2463 2675 2624 2746 justis
2673 2677 2927 2748 Operibus
2975 2678 3317 2748 incumbere,
3368 2684 3564 2754 quibus
3613 2696 3849 2756 peccata

2230 2774 2554 2837 purgantur,
2587 2766 2950 2838 eleemosynis
2979 2768 3289 2841 frequenter
3337 2772 3607 2841 insistere,
3645 2794 3667 2821 »
3707 2784 3843 2841 ete.,

2232 2855 2325 2909 ubi
2375 2871 2561 2910 rursus
2609 2855 2752 2910 nulla
2797 2857 3043 2911 classium
3090 2859 3297 2915 illarum
3327 2862 3596 2917 successio
3638 2864 3848 2919 obser-

2230 2954 2426 3012 vatur,
2486 2960 2649 3015 quam
2693 2944 2880 3016 utique
2930 2946 2986 3000 S.
3040 2948 3341 3019 Cyprianus
3396 2950 3851 3008 dissimulatums

2228 3049 2339 3089 non
2369 3033 2580 3100 fuisset,
2631 3043 2737 3089 tam
2785 3034 3013 3091 solerter
3053 3037 3173 3091 aliis
3219 3054 3436 3111 quoque
3482 3039 3537 3093 in
3591 3040 3762 3110 locis,
3794 3051 3849 3097 et

523 3127 734 3185 Juenin.
759 3126 812 3181 in
842 3134 909 3180 tr.
936 3125 1001 3182 de
1026 3126 1229 3181 Pas-nit.
1255 3138 1376 3194 cap.
1402 3125 1452 3188 4,
1475 3129 1577 3177 art.
1596 3119 1906 3192 3,aliosque
1932 3119 2116 3176 videre
2157 3109 2201 3193 ε
2229 3139 2294 3179 ex
2316 3121 2559 3178 instituto
2579 3122 2814 3195 quidem,
2836 3124 2904 3178 de
2919 3109 3279 3196 paenitentia:
3288 3109 3533 3201 pablicre
3546 3145 3651 3183 usu
3674 3109 3848 3187 verba

522 3228 625 3276 εει.

606 3306 1025 3363 Consrs'ramns
1080 3302 1417 3377 (συνεστῷτες)
1471 3300 1704 3372 denique
1758 3298 2111 3366 vocabantur,

524 3396 724 3469 quibus
753 3395 892 3450 inter
932 3393 1221 3452 umbonem
1251 3396 1306 3449 et
1336 3390 1732 3449 sanctuarium
1762 3387 2112 3445 consistenti-

524 3488 650 3555 bus,
686 3502 809 3541 cum
855 3484 1064 3543 caeteris
1110 3482 1358 3538 fidelibus
1396 3480 1499 3553 ipsi
1534 3481 1693 3536 etiam
1733 3476 1993 3534 sacriﬁcio
2024 3478 2110 3532 in-

516 3584 719 3634 teresse
768 3575 983 3643 licebat,
1017 3574 1187 3629 solum
1228 3588 1260 3627 a
1305 3586 1469 3627 sacrae
1508 3584 1727 3636 mensae,
1760 3584 1855 3623 seu
1894 3567 2112 3621 Eucha-

516 3667 703 3733 ristiaa,
759 3662 1188 3736 participatione,
1232 3660 1298 3715 ad
1353 3660 1684 3728 probandam
1738 3672 1931 3712 eorum
1984 3671 2113 3711 con-

516 3756 766 3810 stantiam
778 3796 790 3820 ,
828 3752 1077 3809 seclusis.

586 3846 762 3914 Atque
804 3843 908 3896 hos
945 3840 1158 3895 demum
1207 3839 1421 3894 ordines
1468 3853 1592 3891 cum
1635 3833 1843 3890 emensi
1881 3833 2110 3888 fuissent

518 3932 856 4004 poenitentes,
892 3928 1160 4000 publicam
1206 3933 1260 3982 et
1296 3927 1600 3982 solemnem
1641 3940 1672 3978 a
1708 3923 1916 3979 delictis
1953 3926 2110 3979 abso-

522 4021 819 4092 lutionem,
852 4033 973 4091 quae
1024 4016 1257 4087 denique
1311 4014 1747 4069 sacramentalis
1802 4012 1998 4079 fuerat,
2040 4013 2107 4067 ab

510 4107 788 4181 epis00po,
834 4113 925 4163 aut
974 4104 1135 4174 hujus
1187 4104 1345 4172 jussu
1391 4117 1423 4157 a
1476 4101 1793 4173 presbytero
1849 4100 2104 4167 dandam,

510 4199 1003 4271 consequebantur,
1039 4209 1201 4264 porro
1250 4208 1419 4248 sacrae
1450 4207 1651 4247 mensa
1701 4200 1755 4247 et
1804 4191 1967 4248 totius
2002 4191 2106 4249 Ec-

511 4287 689 4347 clesia
725 4282 1091 4344 communioni
1125 4281 1375 4339 restituti.

2227 3212 2452 3269 faciens.
2505 3211 2861 3267 Verisimilius
2908 3221 3086 3270 tamen
3134 3224 3236 3288 est,
3286 3218 3403 3275 illas
3451 3220 3844 3291 pmnitentium

2226 3302 2432 3359 classes
2462 3301 2603 3358 circa
2632 3301 2748 3371 ipsa
2776 3302 3029 3374 Cypriani
3070 3312 3332 3377 tempora,
3376 3324 3485 3364 non
3534 3310 3590 3363 in
3641 3311 3850 3367 Africa

2222 3393 2464 3463 quidem,
2497 3391 2591 3447 sed
2617 3390 2837 3448 Oriente
2867 3393 3195 3451 introductus
3225 3396 3418 3467 fuisse;
3448 3398 3658 3469 primus
3694 3402 3845 3456 enim

2222 3482 2441 3539 easdem
2473 3481 2529 3538 S.
2565 3480 2885 3552 Gregorius,
2916 3483 3383 3541 Neocaesareensis
3416 3486 3467 3541 in
3503 3489 3680 3544 Ponto
3718 3492 3849 3561 epi-

2220 3587 2422 3641 sc0pus
2462 3570 2579 3642 (qui
2625 3570 2789 3641 vulgo
2834 3571 2906 3626 ob
2958 3571 3083 3627 vitae
3113 3589 3227 3629 suae
3268 3576 3610 3631 sanctitatem
3637 3585 3696 3631 et
3728 3580 3847 3632 mi-

2218 3660 2525 3715 raculorum
2583 3674 2614 3712 a
2681 3673 2739 3713 se
2797 3664 3124 3728 patratorum
3181 3662 3585 3718 multitudinem
3643 3665 3847 3720 Thau-

2220 3756 2499 3819 maturgus
2527 3749 2897 3815 nuncupatus)
2931 3749 2992 3801 A.
3029 3751 3086 3804 ϐ.
3122 3752 3226 3804 265
3259 3750 3311 3804 in
3341 3752 3538 3807 coelum
3585 3751 3760 3820 abiit,
3792 3754 3849 3809 in

2216 3853 2314 3892 sua
2363 3835 2535 3905 Epist.
2585 3833 2848 3889 canonica
2892 3851 3241 3896 enumerasse
3284 3842 3549 3911 reperitur
3589 3858 3603 3898 :
3648 3844 3706 3898 si
3762 3855 3847 3899 ta-

2215 3941 2337 3981 men
2372 3938 2541 3980 canon
2585 3924 2707 3993 ejus
2754 3923 2848 3979 ult.
2901 3922 3071 3994 ipsius
3098 3928 3351 4003 Gregorii
3397 3930 3489 4001 (de
3532 3947 3642 4003 quo
3696 3950 3846 3990 non-

2216 4013 2350 4069 nulli
2378 4012 2624 4068 dubitare
2655 4012 2884 4083 volunt),
2908 4011 3113 4071 I228
3143 4024 3198 4071 et
3228 4033 3337 4073 non
3369 4020 3549 4088 potius
3579 4037 3610 4076 a
3632 4021 3847 4080 Graeco

2217 4102 2450 4174 quodam
2476 4101 2699 4172 juniore
2728 4110 2945 4158 assutus
2972 4114 3072 4161 est.

2290 4191 2490 4247 Saltem
2519 4205 2649 4247 vero
2679 4206 2742 4245 ex
2773 4191 2830 4248 S.
2863 4191 3059 4249 Basilio
3092 4195 3168 4250 M.
3201 4196 3400 4252 Caesar.
3434 4198 3609 4266 episc.
3642 4202 3848 4273 Epist.

2223 4283 2434 4339 Canon.
2467 4280 2540 4337 ad
2568 4278 2915 4352 Amphiloch.
2957 4296 3076 4338 can.
3119 4284 3215 4339 ult.
3271 4285 3415 4340 illam
3462 4289 3738 4355 potentiae
3788 4289 3852 4344 in

581 4376 733 4433 Sicut
761 4386 935 4431 autem
969 4370 1191 4429 dubium
1221 4386 1331 4427 non
1366 4380 1467 4437 est,
1495 4369 1608 4441 jam
1640 4369 1707 4424 ab
1738 4369 2105 4442 apostolorum

511 4464 847 4538 temporibus
895 4479 1084 4519 omnes
1120 4460 1321 4533 passim
1368 4459 1636 4516 Ecclesias
1682 4475 1874 4531 magna
1908 4459 2107 4516 severi-

511 4564 619 4611 tate
665 4570 793 4610 usas
840 4554 1026 4619 fuisse,
1068 4560 1129 4608 ut
1178 4549 1391 4607 nonnisi
1441 4563 1556 4615 e05,
1589 4563 1729 4619 quos
1773 4565 1900 4604 vere
1946 4558 1998 4603 et
2044 4565 2108 4605 ex

510 4644 692 4699 animo
740 4642 1068 4715 poenitentes
1121 4656 1242 4696 esse
1272 4638 1478 4695 diutius
1530 4638 1993 4708 comprobassent,
2027 4654 2109 4693 rc—

508 4733 775 4805 cipereut,
808 4732 880 4787 ita
922 4731 1165 4795 modum,
1208 4744 1307 4785 seu
1362 4727 1619 4784 ordinem
1661 4725 1981 4797 recipiendi,
2008 4741 2110 4783 nec

508 4837 746 4893 semper,
791 4836 891 4877 nec
938 4819 1187 4886 ubilibet,
1234 4817 1488 4899 eumdem
1544 4817 1889 4872 observatum
1947 4813 2110 4872 fuisse

510 4918 740 4967 constat.
774 4910 929 4966 Certe
966 4917 1147 4964 autem
1194 4905 1560 4963 Tertullianus
1603 4913 1807 4973 noster,
1841 4907 1891 4961 in
1919 4921 2109 4961 recen-

510 4999 694 5053 sendis
725 5014 946 5055 suorum
992 5008 1295 5068 temporum
1339 4995 1751 5061 traditionibus,
1784 5001 1838 5051 et
1863 4994 2109 5066 discipli-

509 5103 615 5157 nae,
649 5086 948 5157 praesertim
1008 5085 1209 5142 Africae
1258 5085 1649 5154 Ecclesiarum,
1676 5087 1786 5155 jam
1834 5092 1961 5140 tunc
1999 5098 2112 5155 prae

508 5177 722 5233 caeteris
759 5175 1071 5250 rigidarum,
1113 5174 1487 5241 observantiis,
1524 5173 1661 5230 alias
1708 5181 1813 5228 tam
1862 5172 2103 5238 sedulus,

508 5265 697 5321 nullibi
744 5273 921 5322 tamen
969 5264 1002 5318 4
1052 5264 1267 5319 illarum
1326 5262 1581 5320 classium
1630 5269 1873 5334 apertam
1915 5260 2107 5318 distin-

507 5354 741 5411 ctionem
770 5351 917 5410 facit.

578 5443 684 5499 Sed
729 5459 907 5516 neque
948 5442 1003 5498 in
1032 5443 1292 5499 Ecclesiae
1338 5442 1594 5497 Romanae
1638 5456 1740 5495 usu
1789 5447 1915 5495 tunc
1942 5437 2107 5495 fuisse

506 5531 787 5600 videntur;
819 5547 1053 5605 namque
1101 5530 1370 5587 Eusebius
1418 5531 1482 5584 Η.
1523 5532 1585 5585 Ε.
1627 5528 1721 5584 lib.
1762 5546 1821 5596 v,
1854 5543 1975 5600 cap.
2007 5531 2100 5598 27,

508 5618 575 5674 de
604 5620 828 5678 Natalia
853 5620 1155 5690 poenitente
1182 5618 1254 5674 ita
1281 5618 1540 5675 duntaxat
1565 5616 1802 5689 loquitur
1832 5634 1847 5673 :
1885 5638 1910 5672 α
1942 5618 2099 5676 Mane

2220 4379 2451 4441 quatuor
2495 4368 2692 4441 gradus
2737 4369 3109 4440 (πρόσκλαυσιν,
3158 4374 3378 4441 ﬂetum,
3411 4373 3670 4445 ἀκρόασιν,
3730 4396 3855 4436 αα-

2137 4442 2191 4528 ο
2218 4460 2493 4516 ditionem
2565 4466 2619 4514 et
2688 4457 3009 4530 ὓπόπτωσιν,
3087 4442 3564 4530 substrationem,
3620 4474 3679 4520 et.
3745 4469 3854 4520 a6-

2219 4568 2410 4615 στασιν,
2423 4548 2873 4619 comistmtiam)
2889 4549 3206 4606 divisionem
3226 4554 3335 4623 jam
3357 4554 3555 4608 saeculo
3572 4570 3630 4609 Iv
3645 4556 3671 4624 (
3681 4573 3858 4613 nam-

2217 4653 2322 4708 que
2352 4638 2412 4693 S.
2441 4636 2669 4694 Basilius
2696 4653 2781 4697 an.
2815 4640 2919 4693 3'79
2967 4640 3034 4695 ad
3080 4656 3301 4712 superos
3342 4643 3605 4717 migrasse
3635 4648 3857 4701 nosci-

2219 4727 2334 4798 tur)
2380 4726 2679 4782 obtinuisse
2723 4735 2953 4784 constat.
3006 4730 3109 4785 Sed
3159 4730 3231 4786 ita
3276 4732 3487 4788 occasio
3545 4732 3672 4789 tulit
3704 4778 3721 4804 ,
3789 4753 3859 4804 ut

2218 4832 2432 4884 rursus,
2490 4822 2684 4887 praeter
2730 4818 3012 4874 consilium
3060 4829 3325 4891 susceptae
3381 4822 3540 4891 hujus
3589 4825 3855 4893 opella,

2217 4904 2462 4961 nonnihil
2509 4904 2770 4976 prolixior
2817 4922 3013 4963 essem.
3063 4908 3401 4980 Quamquam
3444 4910 3609 4982 longe
3670 4914 3861 4982 plura

2218 4994 2425 5050 dabunt
2471 4994 2761 5069 dogmatici
2810 4996 3001 5067 nostri,
3046 4998 3317 5068 praecipue
3364 5013 3491 5055 vero
3545 4999 3610 5055 P.
3660 5000 3853 5057 Joan.

2217 5084 2447 5150 Morini,
2506 5083 2815 5155 presbyteri
2861 5101 3121 5157 congreg.
3167 5097 3367 5143 orator.
3424 5087 3863 5147 eruditissimus

2214 5174 2304 5230 ille
2322 5175 2773 5231 Commentarius
2787 5176 3096 5232 Historians
3117 5175 3183 5233 de
3209 5175 3517 5250 Disciplina
3536 5182 3825 5251 pamiten
3850 5218 3853 5221 -

2220 5263 2337 5328 tice,
2372 5270 2503 5329 etc.,
2531 5279 2638 5336 quo
2660 5262 3025 5322 vastissimum
3046 5264 3150 5320 hoc
3168 5275 3539 5338 argumentum
3565 5268 3647 5322 vel
3671 5270 3869 5327 solus

2219 5368 2389 5424 prope
2419 5354 2731 5408 exhausisse
2762 5354 2994 5410 videtur.

2286 5442 2732 5513 Hmniliﬁcandi.
2767 5442 2940 5516 Magis
2989 5443 3175 5501 Latine
3221 5444 3347 5517 quis
3383 5445 3587 5502 diceret
3617 5446 3865 5507 hum:-

2216 5532 2416 5591 liandi.

2290 5622 2798 5682 Conversationem.
2824 5620 3060 5679 Sumitur
3080 5621 3169 5679 hic
3193 5638 3293 5693 pro
3314 5623 3537 5693 ratione,
3559 5639 3627 5682 ac
3652 5627 3861 5685 modo
