  <div class='ocr_page' id='page_1' title='image "/cluster/home/n/w/nwhite01/storage/ocr_20150623/2/hvd.32044096580329/666.png"; bbox 0 0 4050 6168; ppageno 0'>
   <div class='ocr_carea' id='block_1_1' title="bbox 250 248 384 313">
    <p class='ocr_par' dir='ltr' id='par_1_1' title="bbox 250 248 384 313">
     <span class='ocr_line' id='line_1_1' title="bbox 250 248 384 313; baseline -0.007 0"><span class='ocrx_word' id='word_1_1' title='bbox 250 248 384 313; x_wconf 79' lang='lat' dir='ltr'><strong><em>132i</em></strong></span> 
     </span>
    </p>
   </div>
   <div class='ocr_carea' id='block_1_2' title="bbox 1061 240 2703 316">
    <p class='ocr_par' dir='ltr' id='par_1_2' title="bbox 1061 240 2703 316">
     <span class='ocr_line' id='line_1_2' title="bbox 1061 240 2703 316; baseline -0.002 -3"><span class='ocrx_word' id='word_1_2' title='bbox 1061 249 1401 316; x_wconf 83' lang='lat' dir='ltr'><strong><em>APPENDIX</em></strong></span> <span class='ocrx_word' id='word_1_3' title='bbox 1429 246 1498 310; x_wconf 72' lang='grc' dir='ltr'><strong><em>ν.</em></strong></span> <span class='ocrx_word' id='word_1_4' title='bbox 1531 280 1599 293; x_wconf 92' lang='grc'><strong><em>-</em></strong></span> <span class='ocrx_word' id='word_1_5' title='bbox 1636 248 1700 307; x_wconf 92' lang='lat' dir='ltr'><strong><em>D.</em></strong></span> <span class='ocrx_word' id='word_1_6' title='bbox 1767 240 2152 310; x_wconf 74' lang='lat' dir='ltr'><strong><em>GORBINIANI</em></strong></span> <span class='ocrx_word' id='word_1_7' title='bbox 2187 242 2429 311; x_wconf 71' lang='grc' dir='ltr'>ΤΗΟΜΕ</span> <span class='ocrx_word' id='word_1_8' title='bbox 2466 249 2703 314; x_wconf 79' lang='grc' dir='ltr'><strong><em>ΑΠΝΟΤ.</em></strong></span> 
     </span>
    </p>
   </div>
   <div class='ocr_carea' id='block_1_3' title="bbox 3398 256 3536 321">
    <p class='ocr_par' dir='ltr' id='par_1_3' title="bbox 3398 256 3536 321">
     <span class='ocr_line' id='line_1_3' title="bbox 3398 256 3536 321; baseline 0.022 -3"><span class='ocrx_word' id='word_1_9' title='bbox 3398 256 3536 321; x_wconf 79' lang='grc'><strong><em>1322</em></strong></span> 
     </span>
    </p>
   </div>
   <div class='ocr_carea' id='block_1_4' title="bbox 244 373 3542 465">
    <p class='ocr_par' dir='ltr' id='par_1_4' title="bbox 244 373 3542 465">
     <span class='ocr_line' id='line_1_4' title="bbox 244 373 3542 465; baseline 0.001 -25"><span class='ocrx_word' id='word_1_10' title='bbox 244 399 376 440; x_wconf 87' lang='lat' dir='ltr'><strong><em>cum</em></strong></span> <span class='ocrx_word' id='word_1_11' title='bbox 421 379 738 437; x_wconf 89' lang='lat' dir='ltr'><strong><em>hominibus</em></strong></span> <span class='ocrx_word' id='word_1_12' title='bbox 774 380 1063 448; x_wconf 74' lang='lat' dir='ltr'><strong><em>versandi,</em></strong></span> <span class='ocrx_word' id='word_1_13' title='bbox 1104 387 1268 455; x_wconf 87' lang='lat' dir='ltr'><strong><em>atque</em></strong></span> <span class='ocrx_word' id='word_1_14' title='bbox 1311 378 1452 435; x_wconf 90' lang='lat' dir='ltr'><strong><em>inter</em></strong></span> <span class='ocrx_word' id='word_1_15' title='bbox 1492 391 1589 435; x_wconf 90' lang='lat' dir='ltr'><strong><em>eos</em></strong></span> <span class='ocrx_word' id='word_1_16' title='bbox 1626 373 1847 451; x_wconf 80' lang='lat' dir='ltr'><strong><em>agendi,</em></strong></span> <span class='ocrx_word' id='word_1_17' title='bbox 1877 378 1926 465; x_wconf 63' lang='grc'>⁸</span> <span class='ocrx_word' id='word_1_18' title='bbox 1948 374 2252 448; x_wconf 82' lang='lat' dir='ltr'><strong><em>trahuntur,</em></strong></span> <span class='ocrx_word' id='word_1_19' title='bbox 2275 378 2535 454; x_wconf 85' lang='lat' dir='ltr'><strong><em>eomagis</em></strong></span> <span class='ocrx_word' id='word_1_20' title='bbox 2554 379 2873 450; x_wconf 84' lang='lat' dir='ltr'><strong><em>nutriendae,</em></strong></span> <span class='ocrx_word' id='word_1_21' title='bbox 2895 395 2956 438; x_wconf 85' lang='lat' dir='ltr'><strong><em>ac</em></strong></span> <span class='ocrx_word' id='word_1_22' title='bbox 2975 383 3121 441; x_wconf 92' lang='lat' dir='ltr'><strong><em>velut</em></strong></span> <span class='ocrx_word' id='word_1_23' title='bbox 3137 382 3542 459; x_wconf 82' lang='lat' dir='ltr'><strong><em>impinguandae</em></strong></span> 
     </span>
    </p>
   </div>
   <div class='ocr_carea' id='block_1_5' title="bbox 242 468 1275 544">
    <p class='ocr_par' dir='ltr' id='par_1_5' title="bbox 242 468 1275 544">
     <span class='ocr_line' id='line_1_5' title="bbox 242 468 1275 544; baseline 0 -18"><span class='ocrx_word' id='word_1_24' title='bbox 242 486 407 544; x_wconf 87' lang='lat' dir='ltr'><strong><em>quam</em></strong></span> <span class='ocrx_word' id='word_1_25' title='bbox 434 469 609 526; x_wconf 76' lang='lat' dir='ltr'><strong><em>Graeci</em></strong></span> <span class='ocrx_word' id='word_1_26' title='bbox 637 468 831 542; x_wconf 74' lang='grc' dir='ltr'><strong><em>ὁμιλίαν</em></strong></span> <span class='ocrx_word' id='word_1_27' title='bbox 869 470 1049 528; x_wconf 81' lang='lat' dir='ltr'><strong><em>dicere</em></strong></span> <span class='ocrx_word' id='word_1_28' title='bbox 1078 470 1275 527; x_wconf 80' lang='lat' dir='ltr'><strong><em>solent.</em></strong></span> 
     </span>
    </p>
   </div>
   <div class='ocr_carea' id='block_1_6' title="bbox 318 554 1847 630">
    <p class='ocr_par' dir='ltr' id='par_1_6' title="bbox 318 554 1847 630">
     <span class='ocr_line' id='line_1_6' title="bbox 318 554 1847 630; baseline -0.003 -16"><span class='ocrx_word' id='word_1_29' title='bbox 318 558 706 617; x_wconf 66' lang='lat' dir='ltr'><strong><em>Misericordiae</em></strong></span> <span class='ocrx_word' id='word_1_30' title='bbox 742 559 975 624; x_wconf 89' lang='lat' dir='ltr'><strong><em>illicem,</em></strong></span> <span class='ocrx_word' id='word_1_31' title='bbox 1019 559 1227 615; x_wconf 74' lang='lat' dir='ltr'><strong><em>scilicet</em></strong></span> <span class='ocrx_word' id='word_1_32' title='bbox 1265 573 1388 630; x_wconf 63' lang='lat' dir='ltr'><strong><em>quae</em></strong></span> <span class='ocrx_word' id='word_1_33' title='bbox 1426 554 1847 613; x_wconf 89' lang='lat' dir='ltr'><strong><em>misericordiam</em></strong></span> 
     </span>
    </p>
   </div>
   <div class='ocr_carea' id='block_1_7' title="bbox 244 644 1841 718">
    <p class='ocr_par' dir='ltr' id='par_1_7' title="bbox 244 644 1841 718">
     <span class='ocr_line' id='line_1_7' title="bbox 244 644 1841 718; baseline -0.003 -14"><span class='ocrx_word' id='word_1_34' title='bbox 244 650 344 704; x_wconf 90' lang='lat' dir='ltr'><strong><em>Dei</em></strong></span> <span class='ocrx_word' id='word_1_35' title='bbox 381 649 614 705; x_wconf 84' lang='lat' dir='ltr'><strong><em>allicere</em></strong></span> <span class='ocrx_word' id='word_1_36' title='bbox 648 663 709 701; x_wconf 89' lang='lat' dir='ltr'><strong><em>ac</em></strong></span> <span class='ocrx_word' id='word_1_37' title='bbox 749 663 1040 717; x_wconf 83' lang='lat' dir='ltr'><strong><em>provocare</em></strong></span> <span class='ocrx_word' id='word_1_38' title='bbox 1081 648 1272 718; x_wconf 80' lang='lat' dir='ltr'><strong><em>possit.</em></strong></span> <span class='ocrx_word' id='word_1_39' title='bbox 1314 648 1410 703; x_wconf 87' lang='lat' dir='ltr'><strong><em>Est</em></strong></span> <span class='ocrx_word' id='word_1_40' title='bbox 1450 653 1631 702; x_wconf 88' lang='lat' dir='ltr'><strong><em>autem</em></strong></span> <span class='ocrx_word' id='word_1_41' title='bbox 1676 644 1841 709; x_wconf 76' lang='lat' dir='ltr'><strong><em>illex,</em></strong></span> 
     </span>
    </p>
   </div>
   <div class='ocr_carea' id='block_1_8' title="bbox 244 735 1851 806">
    <p class='ocr_par' dir='ltr' id='par_1_8' title="bbox 244 735 1851 806">
     <span class='ocr_line' id='line_1_8' title="bbox 244 735 1851 806; baseline -0.005 -11"><span class='ocrx_word' id='word_1_42' title='bbox 244 738 438 803; x_wconf 83' lang='lat' dir='ltr'><strong><em>illicis,</em></strong></span> <span class='ocrx_word' id='word_1_43' title='bbox 472 736 540 790; x_wconf 87' lang='lat' dir='ltr'><strong><em>ab</em></strong></span> <span class='ocrx_word' id='word_1_44' title='bbox 570 736 883 803; x_wconf 78' lang='lat' dir='ltr'><strong><em>illiciendo,</em></strong></span> <span class='ocrx_word' id='word_1_45' title='bbox 913 744 972 792; x_wconf 91' lang='lat' dir='ltr'><strong><em>ut</em></strong></span> <span class='ocrx_word' id='word_1_46' title='bbox 999 737 1193 793; x_wconf 87' lang='lat' dir='ltr'><strong><em>Festus</em></strong></span> <span class='ocrx_word' id='word_1_47' title='bbox 1219 736 1311 806; x_wconf 93' lang='lat' dir='ltr'><strong><em>ait,</em></strong></span> <span class='ocrx_word' id='word_1_48' title='bbox 1335 736 1493 792; x_wconf 89' lang='lat' dir='ltr'><strong><em>ducta</em></strong></span> <span class='ocrx_word' id='word_1_49' title='bbox 1519 750 1642 790; x_wconf 85' lang='lat' dir='ltr'><strong><em>vox.</em></strong></span> <span class='ocrx_word' id='word_1_50' title='bbox 1674 735 1851 805; x_wconf 82' lang='lat' dir='ltr'><strong><em>Atque</em></strong></span> 
     </span>
    </p>
   </div>
   <div class='ocr_carea' id='block_1_9' title="bbox 248 821 1848 900">
    <p class='ocr_par' dir='ltr' id='par_1_9' title="bbox 248 821 1848 900">
     <span class='ocr_line' id='line_1_9' title="bbox 248 821 1848 900; baseline -0.004 -18"><span class='ocrx_word' id='word_1_51' title='bbox 248 828 355 882; x_wconf 89' lang='lat' dir='ltr'><strong><em>hoc</em></strong></span> <span class='ocrx_word' id='word_1_52' title='bbox 378 840 543 881; x_wconf 90' lang='lat' dir='ltr'><strong><em>sensu</em></strong></span> <span class='ocrx_word' id='word_1_53' title='bbox 573 824 791 895; x_wconf 81' lang='lat' dir='ltr'><strong><em>Noster,</em></strong></span> <span class='ocrx_word' id='word_1_54' title='bbox 814 823 972 898; x_wconf 85' lang='lat' dir='ltr'><em>Apol.</em></span> <span class='ocrx_word' id='word_1_55' title='bbox 1006 841 1055 882; x_wconf 68' lang='grc' dir='ltr'><strong><em>(δ.</em></strong></span> <span class='ocrx_word' id='word_1_56' title='bbox 1075 826 1165 892; x_wconf 66' lang='lat' dir='ltr'><strong><em>bl,</em></strong></span> <span class='ocrx_word' id='word_1_57' title='bbox 1189 824 1422 900; x_wconf 77' lang='lat' dir='ltr'><strong><em>gentiles</em></strong></span> <span class='ocrx_word' id='word_1_58' title='bbox 1451 824 1742 880; x_wconf 89' lang='lat' dir='ltr'><strong><em>malorum</em></strong></span> <span class='ocrx_word' id='word_1_59' title='bbox 1772 821 1848 876; x_wconf 89' lang='lat' dir='ltr'><strong><em>il-</em></strong></span> 
     </span>
    </p>
   </div>
   <div class='ocr_carea' id='block_1_10' title="bbox 255 910 1849 988">
    <p class='ocr_par' dir='ltr' id='par_1_10' title="bbox 255 910 1849 988">
     <span class='ocr_line' id='line_1_10' title="bbox 255 910 1849 988; baseline -0.005 -15"><span class='ocrx_word' id='word_1_60' title='bbox 255 919 392 974; x_wconf 88' lang='lat' dir='ltr'><strong><em>lices</em></strong></span> <span class='ocrx_word' id='word_1_61' title='bbox 423 915 682 988; x_wconf 76' lang='lat' dir='ltr'><strong><em>appellat;</em></strong></span> <span class='ocrx_word' id='word_1_62' title='bbox 713 922 769 970; x_wconf 91' lang='lat' dir='ltr'><strong><em>et</em></strong></span> <span class='ocrx_word' id='word_1_63' title='bbox 793 916 848 971; x_wconf 91' lang='lat' dir='ltr'><strong><em>in</em></strong></span> <span class='ocrx_word' id='word_1_64' title='bbox 883 916 1077 979; x_wconf 68' lang='lat' dir='ltr'><strong><em>lib.,de</em></strong></span> <span class='ocrx_word' id='word_1_65' title='bbox 1105 914 1226 972; x_wconf 89' lang='lat' dir='ltr'><strong><em>Pal.</em></strong></span> <span class='ocrx_word' id='word_1_66' title='bbox 1258 930 1375 988; x_wconf 88' lang='lat' dir='ltr'><strong><em>cap.</em></strong></span> <span class='ocrx_word' id='word_1_67' title='bbox 1408 917 1495 979; x_wconf 84' lang='grc'><strong>13,</strong></span> <span class='ocrx_word' id='word_1_68' title='bbox 1525 912 1675 981; x_wconf 86' lang='lat' dir='ltr'><strong><em>dicit,</em></strong></span> <span class='ocrx_word' id='word_1_69' title='bbox 1703 910 1849 983; x_wconf 88' lang='lat' dir='ltr'><strong><em>quod</em></strong></span> 
     </span>
    </p>
   </div>
   <div class='ocr_carea' id='block_1_11' title="bbox 248 1001 1845 1080">
    <p class='ocr_par' dir='ltr' id='par_1_11' title="bbox 248 1001 1845 1080">
     <span class='ocr_line' id='line_1_11' title="bbox 248 1001 1845 1080; baseline -0.003 -19"><span class='ocrx_word' id='word_1_70' title='bbox 248 1005 532 1080; x_wconf 84' lang='lat' dir='ltr'><strong><em>patientia</em></strong></span> <span class='ocrx_word' id='word_1_71' title='bbox 550 1005 651 1061; x_wconf 85' lang='lat' dir='ltr'><strong><em>Dei</em></strong></span> <span class='ocrx_word' id='word_1_72' title='bbox 665 1003 1031 1062; x_wconf 87' lang='lat' dir='ltr'><strong><em>clementiam</em></strong></span> <span class='ocrx_word' id='word_1_73' title='bbox 1046 1005 1260 1061; x_wconf 82' lang='lat' dir='ltr'><strong><em>eliciat.</em></strong></span> <span class='ocrx_word' id='word_1_74' title='bbox 1280 1002 1488 1059; x_wconf 82' lang='lat' dir='ltr'><strong><em>Dicitur</em></strong></span> <span class='ocrx_word' id='word_1_75' title='bbox 1501 1002 1661 1057; x_wconf 88' lang='lat' dir='ltr'><strong><em>etiam</em></strong></span> <span class='ocrx_word' id='word_1_76' title='bbox 1683 1001 1845 1065; x_wconf 71' lang='lat' dir='ltr'><strong><em>illex,</em></strong></span> 
     </span>
    </p>
   </div>
   <div class='ocr_carea' id='block_1_12' title="bbox 252 1091 1850 1168">
    <p class='ocr_par' dir='ltr' id='par_1_12' title="bbox 252 1091 1850 1168">
     <span class='ocr_line' id='line_1_12' title="bbox 252 1091 1850 1168; baseline -0.005 -15"><span class='ocrx_word' id='word_1_77' title='bbox 252 1096 456 1168; x_wconf 88' lang='lat' dir='ltr'><strong><em>illegis,</em></strong></span> <span class='ocrx_word' id='word_1_78' title='bbox 486 1093 576 1165; x_wconf 86' lang='lat' dir='ltr'><strong><em>qui</em></strong></span> <span class='ocrx_word' id='word_1_79' title='bbox 607 1094 732 1152; x_wconf 88' lang='lat' dir='ltr'><strong><em>sine</em></strong></span> <span class='ocrx_word' id='word_1_80' title='bbox 764 1094 883 1166; x_wconf 85' lang='lat' dir='ltr'><strong><em>lege</em></strong></span> <span class='ocrx_word' id='word_1_81' title='bbox 910 1094 1079 1150; x_wconf 80' lang='lat' dir='ltr'><strong><em>vivit:</em></strong></span> <span class='ocrx_word' id='word_1_82' title='bbox 1111 1094 1208 1150; x_wconf 91' lang='lat' dir='ltr'><strong><em>sed</em></strong></span> <span class='ocrx_word' id='word_1_83' title='bbox 1238 1093 1343 1149; x_wconf 89' lang='lat' dir='ltr'><strong><em>hoc</em></strong></span> <span class='ocrx_word' id='word_1_84' title='bbox 1371 1107 1482 1149; x_wconf 91' lang='lat' dir='ltr'><strong><em>non</em></strong></span> <span class='ocrx_word' id='word_1_85' title='bbox 1509 1091 1577 1147; x_wconf 85' lang='lat' dir='ltr'><strong><em>ad</em></strong></span> <span class='ocrx_word' id='word_1_86' title='bbox 1606 1106 1722 1147; x_wconf 88' lang='lat' dir='ltr'><strong><em>rem</em></strong></span> <span class='ocrx_word' id='word_1_87' title='bbox 1751 1103 1850 1146; x_wconf 90' lang='lat' dir='ltr'><strong><em>no-</em></strong></span> 
     </span>
    </p>
   </div>
   <div class='ocr_carea' id='block_1_13' title="bbox 251 1192 435 1241">
    <p class='ocr_par' dir='ltr' id='par_1_13' title="bbox 251 1192 435 1241">
     <span class='ocr_line' id='line_1_13' title="bbox 251 1192 435 1241; baseline 0 0"><span class='ocrx_word' id='word_1_88' title='bbox 251 1192 435 1241; x_wconf 88' lang='lat' dir='ltr'><strong><em>stram.</em></strong></span> 
     </span>
    </p>
   </div>
   <div class='ocr_carea' id='block_1_14' title="bbox 320 1271 1085 1339">
    <p class='ocr_par' dir='ltr' id='par_1_14' title="bbox 320 1271 1085 1339">
     <span class='ocr_line' id='line_1_14' title="bbox 320 1271 1085 1339; baseline -0.003 -10"><span class='ocrx_word' id='word_1_89' title='bbox 320 1272 551 1339; x_wconf 84' lang='lat' dir='ltr'><strong><em>Habitu,</em></strong></span> <span class='ocrx_word' id='word_1_90' title='bbox 587 1287 683 1329; x_wconf 87' lang='lat' dir='ltr'><strong><em>seu</em></strong></span> <span class='ocrx_word' id='word_1_91' title='bbox 711 1271 1085 1330; x_wconf 82' lang='lat' dir='ltr'><strong><em>vestimentis.</em></strong></span> 
     </span>
    </p>
   </div>
   <div class='ocr_carea' id='block_1_15' title="bbox 322 1358 1849 1431">
    <p class='ocr_par' dir='ltr' id='par_1_15' title="bbox 322 1358 1849 1431">
     <span class='ocr_line' id='line_1_15' title="bbox 322 1358 1849 1431; baseline -0.004 -13"><span class='ocrx_word' id='word_1_92' title='bbox 322 1362 513 1419; x_wconf 89' lang='lat' dir='ltr'><strong><em>Sacco.</em></strong></span> <span class='ocrx_word' id='word_1_93' title='bbox 547 1361 753 1417; x_wconf 90' lang='lat' dir='ltr'><strong><em>Saccus</em></strong></span> <span class='ocrx_word' id='word_1_94' title='bbox 779 1368 897 1416; x_wconf 86' lang='lat' dir='ltr'><strong><em>erat</em></strong></span> <span class='ocrx_word' id='word_1_95' title='bbox 935 1375 1175 1431; x_wconf 87' lang='lat' dir='ltr'><strong><em>pannosa</em></strong></span> <span class='ocrx_word' id='word_1_96' title='bbox 1210 1358 1395 1425; x_wconf 81' lang='lat' dir='ltr'><strong><em>vestis,</em></strong></span> <span class='ocrx_word' id='word_1_97' title='bbox 1427 1375 1493 1415; x_wconf 89' lang='lat' dir='ltr'><strong><em>ex</em></strong></span> <span class='ocrx_word' id='word_1_98' title='bbox 1522 1372 1849 1431; x_wconf 87' lang='lat' dir='ltr'><strong><em>caprorum,</em></strong></span> 
     </span>
    </p>
   </div>
   <div class='ocr_carea' id='block_1_16' title="bbox 252 1446 1847 1519">
    <p class='ocr_par' dir='ltr' id='par_1_16' title="bbox 252 1446 1847 1519">
     <span class='ocr_line' id='line_1_16' title="bbox 252 1446 1847 1519; baseline -0.005 -10"><span class='ocrx_word' id='word_1_99' title='bbox 252 1452 569 1517; x_wconf 72' lang='lat' dir='ltr'><strong><em>asinorum,</em></strong></span> <span class='ocrx_word' id='word_1_100' title='bbox 610 1449 693 1505; x_wconf 91' lang='lat' dir='ltr'><strong><em>vel</em></strong></span> <span class='ocrx_word' id='word_1_101' title='bbox 736 1451 1080 1507; x_wconf 82' lang='lat' dir='ltr'><strong><em>camelorum</em></strong></span> <span class='ocrx_word' id='word_1_102' title='bbox 1120 1447 1518 1505; x_wconf 86' lang='lat' dir='ltr'><strong><em>horridioribus</em></strong></span> <span class='ocrx_word' id='word_1_103' title='bbox 1555 1446 1681 1519; x_wconf 88' lang='lat' dir='ltr'><strong><em>pilis</em></strong></span> <span class='ocrx_word' id='word_1_104' title='bbox 1710 1462 1847 1504; x_wconf 91' lang='lat' dir='ltr'><strong><em>con-</em></strong></span> 
     </span>
    </p>
   </div>
   <div class='ocr_carea' id='block_1_17' title="bbox 252 1536 1850 1612">
    <p class='ocr_par' dir='ltr' id='par_1_17' title="bbox 252 1536 1850 1612">
     <span class='ocr_line' id='line_1_17' title="bbox 252 1536 1850 1612; baseline -0.004 -17"><span class='ocrx_word' id='word_1_105' title='bbox 252 1548 417 1604; x_wconf 85' lang='lat' dir='ltr'><strong><em>texta,</em></strong></span> <span class='ocrx_word' id='word_1_106' title='bbox 444 1555 567 1612; x_wconf 85' lang='lat' dir='ltr'><strong><em>quae</em></strong></span> <span class='ocrx_word' id='word_1_107' title='bbox 598 1539 653 1594; x_wconf 90' lang='lat' dir='ltr'><strong><em>in</em></strong></span> <span class='ocrx_word' id='word_1_108' title='bbox 690 1538 909 1612; x_wconf 86' lang='lat' dir='ltr'><strong><em>signum</em></strong></span> <span class='ocrx_word' id='word_1_109' title='bbox 944 1539 1121 1594; x_wconf 90' lang='lat' dir='ltr'><strong><em>luctus</em></strong></span> <span class='ocrx_word' id='word_1_110' title='bbox 1152 1538 1494 1593; x_wconf 83' lang='lat' dir='ltr'><strong><em>induebatur.</em></strong></span> <span class='ocrx_word' id='word_1_111' title='bbox 1534 1536 1628 1592; x_wconf 84' lang='lat' dir='ltr'><strong><em>Est</em></strong></span> <span class='ocrx_word' id='word_1_112' title='bbox 1672 1543 1850 1591; x_wconf 90' lang='lat' dir='ltr'><strong><em>autem</em></strong></span> 
     </span>
    </p>
   </div>
   <div class='ocr_carea' id='block_1_18' title="bbox 1949 466 2331 521">
    <p class='ocr_par' dir='ltr' id='par_1_18' title="bbox 1949 466 2331 521">
     <span class='ocr_line' id='line_1_18' title="bbox 1949 466 2331 521; baseline 0.003 -1"><span class='ocrx_word' id='word_1_113' title='bbox 1949 466 2161 521; x_wconf 72' lang='lat' dir='ltr'><strong><em>anima:</em></strong></span> <span class='ocrx_word' id='word_1_114' title='bbox 2189 475 2331 521; x_wconf 90' lang='lat' dir='ltr'><strong><em>sunt.</em></strong></span> 
     </span>
    </p>
   </div>
   <div class='ocr_carea' id='block_1_19' title="bbox 2025 554 3542 639">
    <p class='ocr_par' dir='ltr' id='par_1_19' title="bbox 2025 554 3542 639">
     <span class='ocr_line' id='line_1_19' title="bbox 2025 554 3542 639; baseline 0.008 -29"><span class='ocrx_word' id='word_1_115' title='bbox 2025 554 2251 625; x_wconf 81' lang='lat' dir='ltr'><strong><em>Mugire.</em></strong></span> <span class='ocrx_word' id='word_1_116' title='bbox 2299 559 2563 629; x_wconf 81' lang='lat' dir='ltr'><strong><em>Mugitus,</em></strong></span> <span class='ocrx_word' id='word_1_117' title='bbox 2605 559 2767 615; x_wconf 89' lang='lat' dir='ltr'><strong><em>boum</em></strong></span> <span class='ocrx_word' id='word_1_118' title='bbox 2815 561 2947 618; x_wconf 89' lang='lat' dir='ltr'><strong><em>alias</em></strong></span> <span class='ocrx_word' id='word_1_119' title='bbox 2992 564 3262 635; x_wconf 87' lang='lat' dir='ltr'><strong><em>proprius,</em></strong></span> <span class='ocrx_word' id='word_1_120' title='bbox 3305 564 3394 622; x_wconf 89' lang='lat' dir='ltr'><strong><em>hic</em></strong></span> <span class='ocrx_word' id='word_1_121' title='bbox 3445 582 3542 639; x_wconf 90' lang='lat' dir='ltr'><strong><em>pro</em></strong></span> 
     </span>
    </p>
   </div>
   <div class='ocr_carea' id='block_1_20' title="bbox 1951 643 3544 724">
    <p class='ocr_par' dir='ltr' id='par_1_20' title="bbox 1951 643 3544 724">
     <span class='ocr_line' id='line_1_20' title="bbox 1951 643 3544 724; baseline 0.008 -28"><span class='ocrx_word' id='word_1_122' title='bbox 1951 643 2277 711; x_wconf 86' lang='lat' dir='ltr'><strong><em>ejulatione,</em></strong></span> <span class='ocrx_word' id='word_1_123' title='bbox 2304 646 2588 701; x_wconf 87' lang='lat' dir='ltr'><strong><em>maximam</em></strong></span> <span class='ocrx_word' id='word_1_124' title='bbox 2629 647 2831 704; x_wconf 88' lang='lat' dir='ltr'><strong><em>doloris</em></strong></span> <span class='ocrx_word' id='word_1_125' title='bbox 2860 650 2968 707; x_wconf 85' lang='lat' dir='ltr'><strong><em>vim</em></strong></span> <span class='ocrx_word' id='word_1_126' title='bbox 3005 651 3364 724; x_wconf 76' lang='lat' dir='ltr'><strong><em>exprirnente,</em></strong></span> <span class='ocrx_word' id='word_1_127' title='bbox 3395 654 3544 711; x_wconf 89' lang='lat' dir='ltr'><strong><em>acci-</em></strong></span> 
     </span>
    </p>
   </div>
   <div class='ocr_carea' id='block_1_21' title="bbox 1951 731 2114 801">
    <p class='ocr_par' dir='ltr' id='par_1_21' title="bbox 1951 731 2114 801">
     <span class='ocr_line' id='line_1_21' title="bbox 1951 731 2114 801; baseline 0 -16"><span class='ocrx_word' id='word_1_128' title='bbox 1951 731 2114 801; x_wconf 82' lang='lat' dir='ltr'><strong><em>pitur.</em></strong></span> 
     </span>
    </p>
   </div>
   <div class='ocr_carea' id='block_1_22' title="bbox 2021 817 3546 905">
    <p class='ocr_par' dir='ltr' id='par_1_22' title="bbox 2021 817 3546 905">
     <span class='ocr_line' id='line_1_22' title="bbox 2021 817 3546 905; baseline 0.011 -30"><span class='ocrx_word' id='word_1_129' title='bbox 2021 817 2245 877; x_wconf 68' lang='lat' dir='ltr'><strong>I229</strong></span> <span class='ocrx_word' id='word_1_130' title='bbox 2278 823 2494 881; x_wconf 82' lang='lat' dir='ltr'><strong><em>Charis.</em></strong></span> <span class='ocrx_word' id='word_1_131' title='bbox 2526 824 2713 897; x_wconf 80' lang='lat' dir='ltr'><strong><em>Aliqui</em></strong></span> <span class='ocrx_word' id='word_1_132' title='bbox 2755 830 2872 884; x_wconf 90' lang='lat' dir='ltr'><strong><em>aris</em></strong></span> <span class='ocrx_word' id='word_1_133' title='bbox 2900 829 3128 903; x_wconf 86' lang='lat' dir='ltr'><strong><em>habent;</em></strong></span> <span class='ocrx_word' id='word_1_134' title='bbox 3163 832 3307 905; x_wconf 87' lang='lat' dir='ltr'><strong><em>atqui</em></strong></span> <span class='ocrx_word' id='word_1_135' title='bbox 3346 833 3546 892; x_wconf 85' lang='lat' dir='ltr'><strong><em>retinui</em></strong></span> 
     </span>
    </p>
   </div>
   <div class='ocr_carea' id='block_1_23' title="bbox 1951 909 3543 993">
    <p class='ocr_par' dir='ltr' id='par_1_23' title="bbox 1951 909 3543 993">
     <span class='ocr_line' id='line_1_23' title="bbox 1951 909 3543 993; baseline 0.011 -29"><span class='ocrx_word' id='word_1_136' title='bbox 1951 909 2160 976; x_wconf 90' lang='lat' dir='ltr'><strong><em>charis,</em></strong></span> <span class='ocrx_word' id='word_1_137' title='bbox 2190 925 2309 979; x_wconf 91' lang='lat' dir='ltr'><strong><em>seu,</em></strong></span> <span class='ocrx_word' id='word_1_138' title='bbox 2330 919 2387 966; x_wconf 93' lang='lat' dir='ltr'><strong><em>ut</em></strong></span> <span class='ocrx_word' id='word_1_139' title='bbox 2416 928 2450 967; x_wconf 88' lang='lat' dir='ltr'><strong><em>a</em></strong></span> <span class='ocrx_word' id='word_1_140' title='bbox 2476 914 2750 970; x_wconf 86' lang='lat' dir='ltr'><strong><em>veteribus</em></strong></span> <span class='ocrx_word' id='word_1_141' title='bbox 2778 916 2941 972; x_wconf 88' lang='lat' dir='ltr'><strong><em>scribi</em></strong></span> <span class='ocrx_word' id='word_1_142' title='bbox 2968 928 3338 987; x_wconf 88' lang='lat' dir='ltr'><strong><em>consueverat,</em></strong></span> <span class='ocrx_word' id='word_1_143' title='bbox 3371 924 3543 993; x_wconf 89' lang='lat' dir='ltr'><strong><em>caris,</em></strong></span> 
     </span>
    </p>
   </div>
   <div class='ocr_carea' id='block_1_24' title="bbox 1951 995 3547 1077">
    <p class='ocr_par' dir='ltr' id='par_1_24' title="bbox 1951 995 3547 1077">
     <span class='ocr_line' id='line_1_24' title="bbox 1951 995 3547 1077; baseline 0.01 -25"><span class='ocrx_word' id='word_1_144' title='bbox 1951 995 1991 1052; x_wconf 93' lang='lat' dir='ltr'><strong><em>i.</em></strong></span> <span class='ocrx_word' id='word_1_145' title='bbox 2037 1014 2087 1052; x_wconf 90' lang='lat' dir='ltr'><strong><em>e.</em></strong></span> <span class='ocrx_word' id='word_1_146' title='bbox 2138 1000 2342 1057; x_wconf 85' lang='lat' dir='ltr'><strong><em>amicis</em></strong></span> <span class='ocrx_word' id='word_1_147' title='bbox 2394 1002 2511 1069; x_wconf 87' lang='lat' dir='ltr'><strong><em>Dei,</em></strong></span> <span class='ocrx_word' id='word_1_148' title='bbox 2549 1002 2652 1072; x_wconf 91' lang='lat' dir='ltr'><strong><em>piis</em></strong></span> <span class='ocrx_word' id='word_1_149' title='bbox 2700 1004 2951 1062; x_wconf 88' lang='lat' dir='ltr'><strong><em>nimirum</em></strong></span> <span class='ocrx_word' id='word_1_150' title='bbox 2997 1005 3271 1077; x_wconf 86' lang='lat' dir='ltr'><strong><em>ﬁdelibus,</em></strong></span> <span class='ocrx_word' id='word_1_151' title='bbox 3312 1011 3547 1068; x_wconf 82' lang='lat' dir='ltr'><strong><em>maxime</em></strong></span> 
     </span>
    </p>
   </div>
   <div class='ocr_carea' id='block_1_25' title="bbox 1959 1088 2848 1165">
    <p class='ocr_par' dir='ltr' id='par_1_25' title="bbox 1959 1088 2848 1165">
     <span class='ocr_line' id='line_1_25' title="bbox 1959 1088 2848 1165; baseline 0.007 -20"><span class='ocrx_word' id='word_1_152' title='bbox 1959 1088 2373 1160; x_wconf 82' lang='lat' dir='ltr'><strong><em>Confessoribus</em></strong></span> <span class='ocrx_word' id='word_1_153' title='bbox 2402 1098 2457 1145; x_wconf 89' lang='lat' dir='ltr'><strong><em>et</em></strong></span> <span class='ocrx_word' id='word_1_154' title='bbox 2489 1092 2848 1165; x_wconf 79' lang='lat' dir='ltr'><strong><em>Martyribus.</em></strong></span> 
     </span>
    </p>
   </div>
   <div class='ocr_carea' id='block_1_26' title="bbox 2027 1181 3552 1258">
    <p class='ocr_par' dir='ltr' id='par_1_26' title="bbox 2027 1181 3552 1258">
     <span class='ocr_line' id='line_1_26' title="bbox 2027 1181 3552 1258; baseline 0.009 -24"><span class='ocrx_word' id='word_1_155' title='bbox 2027 1181 2355 1252; x_wconf 84' lang='lat' dir='ltr'><strong><em>Legationes</em></strong></span> <span class='ocrx_word' id='word_1_156' title='bbox 2385 1181 2507 1253; x_wconf 87' lang='lat' dir='ltr'><strong><em>dep.</em></strong></span> <span class='ocrx_word' id='word_1_157' title='bbox 2541 1198 2663 1239; x_wconf 78' lang='lat' dir='ltr'><strong><em>sua:</em></strong></span> <span class='ocrx_word' id='word_1_158' title='bbox 2693 1184 3015 1258; x_wconf 86' lang='lat' dir='ltr'><strong><em>injungere.</em></strong></span> <span class='ocrx_word' id='word_1_159' title='bbox 3046 1188 3118 1245; x_wconf 88' lang='lat' dir='ltr'><strong><em>Ut</em></strong></span> <span class='ocrx_word' id='word_1_160' title='bbox 3152 1186 3404 1247; x_wconf 85' lang='lat' dir='ltr'><strong><em>videlicet</em></strong></span> <span class='ocrx_word' id='word_1_161' title='bbox 3434 1196 3552 1246; x_wconf 89' lang='lat' dir='ltr'><strong><em>tan-</em></strong></span> 
     </span>
    </p>
   </div>
   <div class='ocr_carea' id='block_1_27' title="bbox 1953 1268 3549 1344">
    <p class='ocr_par' dir='ltr' id='par_1_27' title="bbox 1953 1268 3549 1344">
     <span class='ocr_line' id='line_1_27' title="bbox 1953 1268 3549 1344; baseline 0.008 -22"><span class='ocrx_word' id='word_1_162' title='bbox 1953 1284 2112 1340; x_wconf 90' lang='lat' dir='ltr'><strong><em>quam</em></strong></span> <span class='ocrx_word' id='word_1_163' title='bbox 2151 1268 2298 1340; x_wconf 90' lang='lat' dir='ltr'><strong><em>apud</em></strong></span> <span class='ocrx_word' id='word_1_164' title='bbox 2337 1271 2513 1327; x_wconf 90' lang='lat' dir='ltr'><strong><em>Deum</em></strong></span> <span class='ocrx_word' id='word_1_165' title='bbox 2559 1287 2658 1344; x_wconf 92' lang='lat' dir='ltr'><strong><em>pro</em></strong></span> <span class='ocrx_word' id='word_1_166' title='bbox 2705 1273 3094 1344; x_wconf 80' lang='lat' dir='ltr'><strong><em>paenitentibus</em></strong></span> <span class='ocrx_word' id='word_1_167' title='bbox 3141 1275 3549 1336; x_wconf 87' lang='lat' dir='ltr'><strong><em>intervenirent.</em></strong></span> 
     </span>
    </p>
   </div>
   <div class='ocr_carea' id='block_1_28' title="bbox 1956 1357 3555 1437">
    <p class='ocr_par' dir='ltr' id='par_1_28' title="bbox 1956 1357 3555 1437">
     <span class='ocr_line' id='line_1_28' title="bbox 1956 1357 3555 1437; baseline 0.009 -26"><span class='ocrx_word' id='word_1_168' title='bbox 1956 1357 2159 1426; x_wconf 84' lang='lat' dir='ltr'><strong><em>Quidni</em></strong></span> <span class='ocrx_word' id='word_1_169' title='bbox 2202 1366 2380 1415; x_wconf 90' lang='lat' dir='ltr'><strong><em>autem</em></strong></span> <span class='ocrx_word' id='word_1_170' title='bbox 2425 1359 2480 1414; x_wconf 91' lang='lat' dir='ltr'><strong><em>id</em></strong></span> <span class='ocrx_word' id='word_1_171' title='bbox 2534 1360 2707 1433; x_wconf 88' lang='lat' dir='ltr'><strong><em>magis</em></strong></span> <span class='ocrx_word' id='word_1_172' title='bbox 2758 1362 2966 1433; x_wconf 89' lang='lat' dir='ltr'><strong><em>possint</em></strong></span> <span class='ocrx_word' id='word_1_173' title='bbox 3003 1364 3039 1419; x_wconf 90' lang='lat' dir='ltr'><strong><em>ii</em></strong></span> <span class='ocrx_word' id='word_1_174' title='bbox 3079 1365 3174 1437; x_wconf 90' lang='lat' dir='ltr'><strong><em>qui</em></strong></span> <span class='ocrx_word' id='word_1_175' title='bbox 3223 1376 3372 1424; x_wconf 86' lang='lat' dir='ltr'><strong><em>extra</em></strong></span> <span class='ocrx_word' id='word_1_176' title='bbox 3413 1368 3555 1425; x_wconf 82' lang='lat' dir='ltr'><strong><em>hanc</em></strong></span> 
     </span>
    </p>
   </div>
   <div class='ocr_carea' id='block_1_29' title="bbox 1957 1447 3552 1528">
    <p class='ocr_par' dir='ltr' id='par_1_29' title="bbox 1957 1447 3552 1528">
     <span class='ocr_line' id='line_1_29' title="bbox 1957 1447 3552 1528; baseline 0.007 -27"><span class='ocrx_word' id='word_1_177' title='bbox 1957 1447 2337 1503; x_wconf 85' lang='lat' dir='ltr'><strong><em>mortalitatem</em></strong></span> <span class='ocrx_word' id='word_1_178' title='bbox 2396 1448 2682 1520; x_wconf 90' lang='lat' dir='ltr'><strong><em>propiores</em></strong></span> <span class='ocrx_word' id='word_1_179' title='bbox 2737 1451 2849 1521; x_wconf 81' lang='lat' dir='ltr'><strong><em>jam</em></strong></span> <span class='ocrx_word' id='word_1_180' title='bbox 2904 1451 3016 1507; x_wconf 92' lang='lat' dir='ltr'><strong><em>Deo</em></strong></span> <span class='ocrx_word' id='word_1_181' title='bbox 3071 1461 3212 1523; x_wconf 90' lang='lat' dir='ltr'><strong><em>sunt,</em></strong></span> <span class='ocrx_word' id='word_1_182' title='bbox 3244 1454 3377 1528; x_wconf 87' lang='lat' dir='ltr'><strong><em>quin</em></strong></span> <span class='ocrx_word' id='word_1_183' title='bbox 3425 1470 3552 1512; x_wconf 89' lang='lat' dir='ltr'><strong><em>vero</em></strong></span> 
     </span>
    </p>
   </div>
   <div class='ocr_carea' id='block_1_30' title="bbox 1953 1534 3553 1611">
    <p class='ocr_par' dir='ltr' id='par_1_30' title="bbox 1953 1534 3553 1611">
     <span class='ocr_line' id='line_1_30' title="bbox 1953 1534 3553 1611; baseline 0.008 -22"><span class='ocrx_word' id='word_1_184' title='bbox 1953 1534 2142 1593; x_wconf 86' lang='lat' dir='ltr'><strong><em>intime</em></strong></span> <span class='ocrx_word' id='word_1_185' title='bbox 2184 1537 2497 1607; x_wconf 82' lang='lat' dir='ltr'><strong><em>conjuncti?</em></strong></span> <span class='ocrx_word' id='word_1_186' title='bbox 2526 1539 2630 1593; x_wconf 84' lang='lat' dir='ltr'><strong><em>Aut</em></strong></span> <span class='ocrx_word' id='word_1_187' title='bbox 2667 1554 2767 1596; x_wconf 89' lang='lat' dir='ltr'><strong><em>cur</em></strong></span> <span class='ocrx_word' id='word_1_188' title='bbox 2807 1540 2895 1595; x_wconf 91' lang='lat' dir='ltr'><strong><em>isti</em></strong></span> <span class='ocrx_word' id='word_1_189' title='bbox 2948 1557 3139 1611; x_wconf 88' lang='lat' dir='ltr'><strong><em>preces</em></strong></span> <span class='ocrx_word' id='word_1_190' title='bbox 3174 1549 3389 1600; x_wconf 88' lang='lat' dir='ltr'><strong><em>nostras</em></strong></span> <span class='ocrx_word' id='word_1_191' title='bbox 3445 1561 3553 1601; x_wconf 91' lang='lat' dir='ltr'><strong><em>non</em></strong></span> 
     </span>
    </p>
   </div>
   <div class='ocr_carea' id='block_1_31' title="bbox 247 1625 3551 1706">
    <p class='ocr_par' dir='ltr' id='par_1_31' title="bbox 247 1625 3551 1706">
     <span class='ocr_line' id='line_1_31' title="bbox 247 1625 3551 1706; baseline -0 -19"><span class='ocrx_word' id='word_1_192' title='bbox 247 1646 351 1687; x_wconf 86' lang='lat' dir='ltr'><strong><em>vox</em></strong></span> <span class='ocrx_word' id='word_1_193' title='bbox 397 1629 514 1701; x_wconf 88' lang='lat' dir='ltr'><strong><em>ipsa</em></strong></span> <span class='ocrx_word' id='word_1_194' title='bbox 561 1628 842 1684; x_wconf 84' lang='lat' dir='ltr'><strong><em>Hebraicae</em></strong></span> <span class='ocrx_word' id='word_1_195' title='bbox 890 1628 1137 1702; x_wconf 79' lang='lat' dir='ltr'><strong><em>originis,</em></strong></span> <span class='ocrx_word' id='word_1_196' title='bbox 1189 1642 1299 1698; x_wconf 89' lang='lat' dir='ltr'><strong><em>qua</em></strong></span> <span class='ocrx_word' id='word_1_197' title='bbox 1341 1626 1527 1697; x_wconf 80' lang='lat' dir='ltr'><strong><em>lingua</em></strong></span> <span class='ocrx_word' id='word_1_198' title='bbox 1574 1625 1851 1697; x_wconf 82' lang='lat' dir='ltr'><strong><em>ejusmodi</em></strong></span> <span class='ocrx_word' id='word_1_199' title='bbox 1957 1626 2239 1682; x_wconf 82' lang='lat' dir='ltr'><strong><em>audiant?</em></strong></span> <span class='ocrx_word' id='word_1_200' title='bbox 2267 1641 2365 1682; x_wconf 90' lang='lat' dir='ltr'><strong><em>cur</em></strong></span> <span class='ocrx_word' id='word_1_201' title='bbox 2402 1628 2597 1682; x_wconf 89' lang='lat' dir='ltr'><strong><em>horum</em></strong></span> <span class='ocrx_word' id='word_1_202' title='bbox 2627 1643 2729 1699; x_wconf 92' lang='lat' dir='ltr'><strong><em>pro</em></strong></span> <span class='ocrx_word' id='word_1_203' title='bbox 2757 1629 2915 1685; x_wconf 89' lang='lat' dir='ltr'><strong><em>nobis</em></strong></span> <span class='ocrx_word' id='word_1_204' title='bbox 2942 1645 3135 1701; x_wconf 88' lang='lat' dir='ltr'><strong><em>preces</em></strong></span> <span class='ocrx_word' id='word_1_205' title='bbox 3163 1630 3361 1700; x_wconf 91' lang='lat' dir='ltr'><strong><em>minus,</em></strong></span> <span class='ocrx_word' id='word_1_206' title='bbox 3392 1648 3551 1706; x_wconf 87' lang='lat' dir='ltr'><strong><em>quam</em></strong></span> 
     </span>
    </p>
   </div>
   <div class='ocr_carea' id='block_1_32' title="bbox 249 1708 2747 1805">
    <p class='ocr_par' dir='ltr' id='par_1_32' title="bbox 249 1708 2747 1805">
     <span class='ocr_line' id='line_1_32' title="bbox 249 1708 2747 1805; baseline -0 -32"><span class='ocrx_word' id='word_1_207' title='bbox 249 1719 422 1775; x_wconf 85' lang='lat' dir='ltr'><strong><em>vestis</em></strong></span> <span class='ocrx_word' id='word_1_208' title='bbox 449 1717 696 1792; x_wconf 75' lang='lat' dir='ltr'><strong><em>lugubris</em></strong></span> <span class='ocrx_word' id='word_1_209' title='bbox 734 1727 835 1805; x_wconf 68' lang='lat' dir='ltr'><strong><em>Pw</em></strong></span> <span class='ocrx_word' id='word_1_210' title='bbox 864 1717 1082 1773; x_wconf 90' lang='lat' dir='ltr'><strong><em>dicitur.</em></strong></span> <span class='ocrx_word' id='word_1_211' title='bbox 1117 1714 1203 1772; x_wconf 89' lang='lat' dir='ltr'><strong><em>Sic</em></strong></span> <span class='ocrx_word' id='word_1_212' title='bbox 1234 1716 1280 1770; x_wconf 93' lang='lat' dir='ltr'><strong>II</strong></span> <span class='ocrx_word' id='word_1_213' title='bbox 1310 1715 1451 1805; x_wconf 74' lang='lat' dir='ltr'><strong><em>Reg.</em></strong></span> <span class='ocrx_word' id='word_1_214' title='bbox 1483 1730 1564 1781; x_wconf 86' lang='lat' dir='ltr'><strong>III,</strong></span> <span class='ocrx_word' id='word_1_215' title='bbox 1596 1718 1692 1790; x_wconf 82' lang='grc'><strong>31,</strong></span> <span class='ocrx_word' id='word_1_216' title='bbox 1717 1713 1854 1805; x_wconf 81' lang='lat' dir='ltr'><strong><em>dixit</em></strong></span> <span class='ocrx_word' id='word_1_217' title='bbox 1884 1708 1936 1794; x_wconf 63' lang='grc'>³</span> <span class='ocrx_word' id='word_1_218' title='bbox 1958 1712 2221 1786; x_wconf 90' lang='lat' dir='ltr'><strong><em>vivorum,</em></strong></span> <span class='ocrx_word' id='word_1_219' title='bbox 2252 1715 2530 1771; x_wconf 74' lang='lat' dir='ltr'><strong><em>exaudiat</em></strong></span> <span class='ocrx_word' id='word_1_220' title='bbox 2558 1716 2747 1773; x_wconf 83' lang='lat' dir='ltr'><strong><em>Deus?</em></strong></span> 
     </span>
    </p>
   </div>
   <div class='ocr_carea' id='block_1_33' title="bbox 249 1802 1850 1875">
    <p class='ocr_par' dir='ltr' id='par_1_33' title="bbox 249 1802 1850 1875">
     <span class='ocr_line' id='line_1_33' title="bbox 249 1802 1850 1875; baseline -0.001 -14"><span class='ocrx_word' id='word_1_221' title='bbox 249 1807 420 1863; x_wconf 89' lang='lat' dir='ltr'><strong><em>David</em></strong></span> <span class='ocrx_word' id='word_1_222' title='bbox 447 1808 514 1862; x_wconf 90' lang='lat' dir='ltr'><strong><em>ad</em></strong></span> <span class='ocrx_word' id='word_1_223' title='bbox 541 1806 697 1875; x_wconf 87' lang='lat' dir='ltr'><strong><em>Joab,</em></strong></span> <span class='ocrx_word' id='word_1_224' title='bbox 727 1802 780 1861; x_wconf 86' lang='lat' dir='ltr'><strong><em>et</em></strong></span> <span class='ocrx_word' id='word_1_225' title='bbox 809 1806 874 1860; x_wconf 89' lang='lat' dir='ltr'><strong><em>ad</em></strong></span> <span class='ocrx_word' id='word_1_226' title='bbox 922 1820 1142 1860; x_wconf 90' lang='lat' dir='ltr'><strong><em>omnem</em></strong></span> <span class='ocrx_word' id='word_1_227' title='bbox 1191 1804 1451 1875; x_wconf 90' lang='lat' dir='ltr'><strong><em>populum</em></strong></span> <span class='ocrx_word' id='word_1_228' title='bbox 1488 1822 1501 1858; x_wconf 90' lang='lat'>:</span> <span class='ocrx_word' id='word_1_229' title='bbox 1541 1825 1564 1856; x_wconf 77' lang='grc' dir='ltr'><strong>α</strong></span> <span class='ocrx_word' id='word_1_230' title='bbox 1613 1802 1850 1859; x_wconf 83' lang='lat' dir='ltr'><strong><em>Scindite</em></strong></span> 
     </span>
    </p>
   </div>
   <div class='ocr_carea' id='block_1_34' title="bbox 250 1890 1849 1981">
    <p class='ocr_par' dir='ltr' id='par_1_34' title="bbox 250 1890 1849 1981">
     <span class='ocr_line' id='line_1_34' title="bbox 250 1890 1849 1981; baseline -0.003 -30"><span class='ocrx_word' id='word_1_231' title='bbox 250 1893 573 1951; x_wconf 87' lang='lat' dir='ltr'><strong><em>vestimenta</em></strong></span> <span class='ocrx_word' id='word_1_232' title='bbox 598 1901 798 1961; x_wconf 85' lang='lat' dir='ltr'><strong><em>vestra,</em></strong></span> <span class='ocrx_word' id='word_1_233' title='bbox 827 1899 883 1947; x_wconf 90' lang='lat' dir='ltr'><strong><em>et</em></strong></span> <span class='ocrx_word' id='word_1_234' title='bbox 909 1890 1257 1963; x_wconf 87' lang='lat' dir='ltr'><strong><em>accingimini</em></strong></span> <span class='ocrx_word' id='word_1_235' title='bbox 1306 1892 1528 1981; x_wconf 66' lang='lat' dir='ltr'><strong><em>(mpm)</em></strong></span> <span class='ocrx_word' id='word_1_236' title='bbox 1569 1906 1778 1947; x_wconf 76' lang='lat' dir='ltr'><strong><em>SACCIS.</em></strong></span> <span class='ocrx_word' id='word_1_237' title='bbox 1825 1911 1849 1942; x_wconf 66' lang='grc' dir='ltr'><strong>ι</strong></span> 
     </span>
    </p>
   </div>
   <div class='ocr_carea' id='block_1_35' title="bbox 253 1980 1855 2054">
    <p class='ocr_par' dir='ltr' id='par_1_35' title="bbox 253 1980 1855 2054">
     <span class='ocr_line' id='line_1_35' title="bbox 253 1980 1855 2054; baseline -0.004 -14"><span class='ocrx_word' id='word_1_238' title='bbox 253 1985 321 2040; x_wconf 84' lang='lat' dir='ltr'><strong><em>Et</em></strong></span> <span class='ocrx_word' id='word_1_239' title='bbox 347 1982 419 2036; x_wconf 89' lang='lat' dir='ltr'><strong><em>IIl</em></strong></span> <span class='ocrx_word' id='word_1_240' title='bbox 447 1981 586 2054; x_wconf 82' lang='lat' dir='ltr'><strong><em>Reg.</em></strong></span> <span class='ocrx_word' id='word_1_241' title='bbox 612 1996 736 2047; x_wconf 70' lang='lat' dir='ltr'><strong><em>xxx,</em></strong></span> <span class='ocrx_word' id='word_1_242' title='bbox 763 1983 855 2048; x_wconf 83' lang='lat'><strong><em>2&#39;7,</em></strong></span> <span class='ocrx_word' id='word_1_243' title='bbox 880 1981 1084 2049; x_wconf 83' lang='lat' dir='ltr'><strong><em>Achab,</em></strong></span> <span class='ocrx_word' id='word_1_244' title='bbox 1106 1980 1320 2037; x_wconf 84' lang='lat' dir='ltr'><strong><em>auditis</em></strong></span> <span class='ocrx_word' id='word_1_245' title='bbox 1347 1981 1693 2038; x_wconf 83' lang='lat' dir='ltr'><strong><em>sermonibus</em></strong></span> <span class='ocrx_word' id='word_1_246' title='bbox 1714 1980 1855 2037; x_wconf 79' lang='lat' dir='ltr'><strong><em>Elia:</em></strong></span> 
     </span>
    </p>
   </div>
   <div class='ocr_carea' id='block_1_36' title="bbox 249 2072 1857 2160">
    <p class='ocr_par' dir='ltr' id='par_1_36' title="bbox 249 2072 1857 2160">
     <span class='ocr_line' id='line_1_36' title="bbox 249 2072 1857 2160; baseline -0.002 -31"><span class='ocrx_word' id='word_1_247' title='bbox 249 2072 560 2146; x_wconf 63' lang='lat' dir='ltr'><strong><em>prophetae,</em></strong></span> <span class='ocrx_word' id='word_1_248' title='bbox 590 2072 816 2143; x_wconf 89' lang='lat' dir='ltr'><strong><em>operuit</em></strong></span> <span class='ocrx_word' id='word_1_249' title='bbox 843 2080 943 2160; x_wconf 70' lang='lat' dir='ltr'><strong><em>Pw</em></strong></span> <span class='ocrx_word' id='word_1_250' title='bbox 963 2086 1164 2126; x_wconf 85' lang='lat' dir='ltr'><strong><em>CILICIO</em></strong></span> <span class='ocrx_word' id='word_1_251' title='bbox 1181 2085 1412 2128; x_wconf 87' lang='lat' dir='ltr'><strong><em>carnem</em></strong></span> <span class='ocrx_word' id='word_1_252' title='bbox 1431 2087 1616 2140; x_wconf 86' lang='lat' dir='ltr'><strong><em>suam,</em></strong></span> <span class='ocrx_word' id='word_1_253' title='bbox 1629 2073 1857 2143; x_wconf 87' lang='lat' dir='ltr'><strong><em>jejuna-</em></strong></span> 
     </span>
    </p>
   </div>
   <div class='ocr_carea' id='block_1_37' title="bbox 251 2160 1857 2250">
    <p class='ocr_par' dir='ltr' id='par_1_37' title="bbox 251 2160 1857 2250">
     <span class='ocr_line' id='line_1_37' title="bbox 251 2160 1857 2250; baseline 0 -33"><span class='ocrx_word' id='word_1_254' title='bbox 251 2165 443 2234; x_wconf 86' lang='lat' dir='ltr'><strong><em>vitque</em></strong></span> <span class='ocrx_word' id='word_1_255' title='bbox 470 2167 528 2219; x_wconf 91' lang='lat' dir='ltr'><strong><em>et</em></strong></span> <span class='ocrx_word' id='word_1_256' title='bbox 557 2161 824 2220; x_wconf 84' lang='lat' dir='ltr'><strong><em>dormivit</em></strong></span> <span class='ocrx_word' id='word_1_257' title='bbox 848 2170 991 2250; x_wconf 69' lang='lat' dir='ltr'><strong><em>pur:</em></strong></span> <span class='ocrx_word' id='word_1_258' title='bbox 1012 2176 1074 2217; x_wconf 83' lang='lat' dir='ltr'><strong><em>IN</em></strong></span> <span class='ocrx_word' id='word_1_259' title='bbox 1112 2174 1300 2228; x_wconf 81' lang='lat' dir='ltr'><strong><em>SACCO,</em></strong></span> <span class='ocrx_word' id='word_1_260' title='bbox 1323 2167 1428 2218; x_wconf 91' lang='lat' dir='ltr'><strong><em>etc.</em></strong></span> <span class='ocrx_word' id='word_1_261' title='bbox 1452 2161 1592 2217; x_wconf 87' lang='lat' dir='ltr'><strong><em>Vide</em></strong></span> <span class='ocrx_word' id='word_1_262' title='bbox 1612 2160 1775 2217; x_wconf 87' lang='lat' dir='ltr'><strong><em>etiam</em></strong></span> <span class='ocrx_word' id='word_1_263' title='bbox 1797 2176 1857 2217; x_wconf 84' lang='lat' dir='ltr'><strong><em>tv</em></strong></span> 
     </span>
    </p>
   </div>
   <div class='ocr_carea' id='block_1_38' title="bbox 252 2249 1709 2322">
    <p class='ocr_par' dir='ltr' id='par_1_38' title="bbox 252 2249 1709 2322">
     <span class='ocr_line' id='line_1_38' title="bbox 252 2249 1709 2322; baseline -0.001 -16"><span class='ocrx_word' id='word_1_264' title='bbox 252 2252 392 2322; x_wconf 85' lang='lat' dir='ltr'><strong><em>Reg.</em></strong></span> <span class='ocrx_word' id='word_1_265' title='bbox 422 2265 540 2315; x_wconf 79' lang='lat' dir='ltr'><strong><em>xvr,</em></strong></span> <span class='ocrx_word' id='word_1_266' title='bbox 572 2255 626 2318; x_wconf 90' lang='grc'><strong><em>1,</em></strong></span> <span class='ocrx_word' id='word_1_267' title='bbox 655 2259 710 2306; x_wconf 88' lang='lat' dir='ltr'><strong><em>et</em></strong></span> <span class='ocrx_word' id='word_1_268' title='bbox 733 2251 781 2304; x_wconf 88' lang='lat' dir='ltr'><strong><em>ll</em></strong></span> <span class='ocrx_word' id='word_1_269' title='bbox 809 2250 967 2305; x_wconf 87' lang='lat' dir='ltr'><strong><em>Esdr.</em></strong></span> <span class='ocrx_word' id='word_1_270' title='bbox 1008 2266 1090 2315; x_wconf 84' lang='lat' dir='ltr'><strong><em>1x,</em></strong></span> <span class='ocrx_word' id='word_1_271' title='bbox 1134 2254 1187 2319; x_wconf 93' lang='grc'><strong><em>1,</em></strong></span> <span class='ocrx_word' id='word_1_272' title='bbox 1219 2249 1457 2321; x_wconf 87' lang='lat' dir='ltr'><strong><em>alibique</em></strong></span> <span class='ocrx_word' id='word_1_273' title='bbox 1487 2250 1709 2320; x_wconf 87' lang='lat' dir='ltr'><strong><em>pluries.</em></strong></span> 
     </span>
    </p>
   </div>
   <div class='ocr_carea' id='block_1_39' title="bbox 325 2336 1860 2408">
    <p class='ocr_par' dir='ltr' id='par_1_39' title="bbox 325 2336 1860 2408">
     <span class='ocr_line' id='line_1_39' title="bbox 325 2336 1860 2408; baseline 0 -15"><span class='ocrx_word' id='word_1_274' title='bbox 325 2340 496 2394; x_wconf 90' lang='lat' dir='ltr'><strong><em>Porro</em></strong></span> <span class='ocrx_word' id='word_1_275' title='bbox 527 2338 595 2392; x_wconf 94' lang='lat' dir='ltr'><strong><em>ab</em></strong></span> <span class='ocrx_word' id='word_1_276' title='bbox 626 2337 870 2394; x_wconf 70' lang='lat' dir='ltr'><strong><em>Hebraeis</em></strong></span> <span class='ocrx_word' id='word_1_277' title='bbox 896 2351 1001 2395; x_wconf 85' lang='lat' dir='ltr'><strong><em>vox</em></strong></span> <span class='ocrx_word' id='word_1_278' title='bbox 1029 2338 1146 2393; x_wconf 56' lang='lat' dir='ltr'><strong><em>haec</em></strong></span> <span class='ocrx_word' id='word_1_279' title='bbox 1173 2338 1239 2392; x_wconf 90' lang='lat' dir='ltr'><strong><em>ad</em></strong></span> <span class='ocrx_word' id='word_1_280' title='bbox 1268 2336 1513 2404; x_wconf 70' lang='lat' dir='ltr'><strong><em>Grmcos,</em></strong></span> <span class='ocrx_word' id='word_1_281' title='bbox 1536 2337 1768 2408; x_wconf 85' lang='lat' dir='ltr'><strong><em>indeque</em></strong></span> <span class='ocrx_word' id='word_1_282' title='bbox 1788 2338 1860 2393; x_wconf 87' lang='lat' dir='ltr'><strong><em>ad</em></strong></span> 
     </span>
    </p>
   </div>
   <div class='ocr_carea' id='block_1_40' title="bbox 256 2426 1859 2499">
    <p class='ocr_par' dir='ltr' id='par_1_40' title="bbox 256 2426 1859 2499">
     <span class='ocr_line' id='line_1_40' title="bbox 256 2426 1859 2499; baseline 0 -16"><span class='ocrx_word' id='word_1_283' title='bbox 256 2426 474 2483; x_wconf 87' lang='lat' dir='ltr'><strong><em>Latinos</em></strong></span> <span class='ocrx_word' id='word_1_284' title='bbox 523 2426 767 2483; x_wconf 87' lang='lat' dir='ltr'><strong><em>deﬂuxit.</em></strong></span> <span class='ocrx_word' id='word_1_285' title='bbox 809 2427 898 2481; x_wconf 90' lang='lat' dir='ltr'><strong><em>Sic</em></strong></span> <span class='ocrx_word' id='word_1_286' title='bbox 927 2427 1071 2481; x_wconf 90' lang='lat' dir='ltr'><strong><em>enim</em></strong></span> <span class='ocrx_word' id='word_1_287' title='bbox 1100 2427 1160 2481; x_wconf 93' lang='lat' dir='ltr'><strong><em>S.</em></strong></span> <span class='ocrx_word' id='word_1_288' title='bbox 1190 2428 1345 2484; x_wconf 83' lang='lat' dir='ltr'><strong><em>Joan.</em></strong></span> <span class='ocrx_word' id='word_1_289' title='bbox 1393 2427 1601 2499; x_wconf 88' lang='lat' dir='ltr'><strong><em>Evang.</em></strong></span> <span class='ocrx_word' id='word_1_290' title='bbox 1650 2427 1859 2499; x_wconf 88' lang='lat' dir='ltr'><strong><em>(utique</em></strong></span> 
     </span>
    </p>
   </div>
   <div class='ocr_carea' id='block_1_41' title="bbox 265 2513 1860 2585">
    <p class='ocr_par' dir='ltr' id='par_1_41' title="bbox 265 2513 1860 2585">
     <span class='ocr_line' id='line_1_41' title="bbox 265 2513 1860 2585; baseline -0.001 -11"><span class='ocrx_word' id='word_1_291' title='bbox 265 2517 449 2574; x_wconf 70' lang='lat' dir='ltr'><strong><em>Grazce</em></strong></span> <span class='ocrx_word' id='word_1_292' title='bbox 479 2514 745 2585; x_wconf 88' lang='lat' dir='ltr'><strong><em>scribens)</em></strong></span> <span class='ocrx_word' id='word_1_293' title='bbox 770 2514 943 2585; x_wconf 86' lang='lat' dir='ltr'><strong><em>Apoc.</em></strong></span> <span class='ocrx_word' id='word_1_294' title='bbox 975 2529 1055 2582; x_wconf 86' lang='lat' dir='ltr'><strong><em>v1,</em></strong></span> <span class='ocrx_word' id='word_1_295' title='bbox 1084 2517 1168 2580; x_wconf 83' lang='lat' dir='ltr'><strong><em>l2,</em></strong></span> <span class='ocrx_word' id='word_1_296' title='bbox 1189 2513 1266 2568; x_wconf 89' lang='lat' dir='ltr'><strong><em>ait</em></strong></span> <span class='ocrx_word' id='word_1_297' title='bbox 1297 2529 1310 2567; x_wconf 91' lang='lat'><strong>:</strong></span> <span class='ocrx_word' id='word_1_298' title='bbox 1346 2515 1438 2571; x_wconf 89' lang='lat' dir='ltr'><strong><em>Sol</em></strong></span> <span class='ocrx_word' id='word_1_299' title='bbox 1454 2516 1646 2585; x_wconf 86' lang='lat' dir='ltr'><strong><em>factus</em></strong></span> <span class='ocrx_word' id='word_1_300' title='bbox 1667 2519 1752 2572; x_wconf 89' lang='lat' dir='ltr'><strong><em>est</em></strong></span> <span class='ocrx_word' id='word_1_301' title='bbox 1771 2517 1860 2573; x_wconf 88' lang='lat' dir='ltr'><strong><em>ni-</em></strong></span> 
     </span>
    </p>
   </div>
   <div class='ocr_carea' id='block_1_42' title="bbox 258 2603 1861 2679">
    <p class='ocr_par' dir='ltr' id='par_1_42' title="bbox 258 2603 1861 2679">
     <span class='ocr_line' id='line_1_42' title="bbox 258 2603 1861 2679; baseline -0.003 -15"><span class='ocrx_word' id='word_1_302' title='bbox 258 2623 352 2679; x_wconf 89' lang='lat' dir='ltr'><strong><em>ger</em></strong></span> <span class='ocrx_word' id='word_1_303' title='bbox 381 2611 655 2678; x_wconf 84' lang='lat' dir='ltr'><strong><em>tanquam</em></strong></span> <span class='ocrx_word' id='word_1_304' title='bbox 692 2604 861 2665; x_wconf 79' lang='grc' dir='ltr'><strong><em>σάιυιος</em></strong></span> <span class='ocrx_word' id='word_1_305' title='bbox 887 2603 1119 2675; x_wconf 78' lang='grc' dir='ltr'>τρίχινος,</span> <span class='ocrx_word' id='word_1_306' title='bbox 1142 2618 1260 2669; x_wconf 89' lang='lat' dir='ltr'><strong><em>seu,</em></strong></span> <span class='ocrx_word' id='word_1_307' title='bbox 1294 2610 1354 2658; x_wconf 88' lang='lat' dir='ltr'><strong><em>ut</em></strong></span> <span class='ocrx_word' id='word_1_308' title='bbox 1383 2604 1647 2675; x_wconf 87' lang='lat' dir='ltr'><strong><em>Vulgatus</em></strong></span> <span class='ocrx_word' id='word_1_309' title='bbox 1674 2615 1861 2661; x_wconf 86' lang='lat' dir='ltr'><strong><em>noster</em></strong></span> 
     </span>
    </p>
   </div>
   <div class='ocr_carea' id='block_1_43' title="bbox 261 2690 1859 2763">
    <p class='ocr_par' dir='ltr' id='par_1_43' title="bbox 261 2690 1859 2763">
     <span class='ocr_line' id='line_1_43' title="bbox 261 2690 1859 2763; baseline -0.001 -12"><span class='ocrx_word' id='word_1_310' title='bbox 261 2695 454 2763; x_wconf 87' lang='lat' dir='ltr'><strong><em>reddit,</em></strong></span> <span class='ocrx_word' id='word_1_311' title='bbox 487 2709 688 2750; x_wconf 61' lang='lat' dir='ltr'><strong><em>saccus</em></strong></span> <span class='ocrx_word' id='word_1_312' title='bbox 720 2708 1017 2751; x_wconf 68' lang='lat' dir='ltr'><strong><em>curemus.</em></strong></span> <span class='ocrx_word' id='word_1_313' title='bbox 1053 2690 1198 2759; x_wconf 90' lang='lat' dir='ltr'><strong><em>Quid</em></strong></span> <span class='ocrx_word' id='word_1_314' title='bbox 1234 2692 1405 2749; x_wconf 79' lang='lat' dir='ltr'><strong><em>vero?</em></strong></span> <span class='ocrx_word' id='word_1_315' title='bbox 1433 2708 1612 2750; x_wconf 87' lang='lat' dir='ltr'><strong><em>annon</em></strong></span> <span class='ocrx_word' id='word_1_316' title='bbox 1642 2693 1697 2749; x_wconf 92' lang='lat' dir='ltr'><strong><em>in</em></strong></span> <span class='ocrx_word' id='word_1_317' title='bbox 1741 2694 1859 2750; x_wconf 91' lang='lat' dir='ltr'><strong><em>sin-</em></strong></span> 
     </span>
    </p>
   </div>
   <div class='ocr_carea' id='block_1_44' title="bbox 263 2783 1863 2858">
    <p class='ocr_par' dir='ltr' id='par_1_44' title="bbox 263 2783 1863 2858">
     <span class='ocr_line' id='line_1_44' title="bbox 263 2783 1863 2858; baseline 0.001 -19"><span class='ocrx_word' id='word_1_318' title='bbox 263 2786 469 2858; x_wconf 81' lang='lat' dir='ltr'><strong><em>gulare,</em></strong></span> <span class='ocrx_word' id='word_1_319' title='bbox 500 2785 647 2856; x_wconf 90' lang='lat' dir='ltr'><strong><em>quod</em></strong></span> <span class='ocrx_word' id='word_1_320' title='bbox 673 2785 867 2840; x_wconf 88' lang='lat' dir='ltr'><strong><em>eadem</em></strong></span> <span class='ocrx_word' id='word_1_321' title='bbox 889 2797 990 2839; x_wconf 88' lang='lat' dir='ltr'><strong><em>vox</em></strong></span> <span class='ocrx_word' id='word_1_322' title='bbox 1015 2783 1082 2837; x_wconf 89' lang='lat' dir='ltr'><strong><em>ad</em></strong></span> <span class='ocrx_word' id='word_1_323' title='bbox 1115 2783 1306 2851; x_wconf 88' lang='lat' dir='ltr'><strong><em>Italos,</em></strong></span> <span class='ocrx_word' id='word_1_324' title='bbox 1334 2783 1543 2852; x_wconf 86' lang='lat' dir='ltr'><strong><em>Gallos,</em></strong></span> <span class='ocrx_word' id='word_1_325' title='bbox 1563 2785 1863 2857; x_wconf 86' lang='lat' dir='ltr'><strong><em>Hispanos,</em></strong></span> 
     </span>
    </p>
   </div>
   <div class='ocr_carea' id='block_1_45' title="bbox 262 2872 1861 2947">
    <p class='ocr_par' dir='ltr' id='par_1_45' title="bbox 262 2872 1861 2947">
     <span class='ocr_line' id='line_1_45' title="bbox 262 2872 1861 2947; baseline -0.001 -16"><span class='ocrx_word' id='word_1_326' title='bbox 262 2874 485 2947; x_wconf 85' lang='lat' dir='ltr'><strong><em>Anglos,</em></strong></span> <span class='ocrx_word' id='word_1_327' title='bbox 517 2873 810 2943; x_wconf 90' lang='lat' dir='ltr'><strong><em>Flandros,</em></strong></span> <span class='ocrx_word' id='word_1_328' title='bbox 842 2872 1154 2945; x_wconf 87' lang='lat' dir='ltr'><strong><em>Hungaros,</em></strong></span> <span class='ocrx_word' id='word_1_329' title='bbox 1185 2878 1291 2928; x_wconf 89' lang='lat' dir='ltr'><strong><em>etc.</em></strong></span> <span class='ocrx_word' id='word_1_330' title='bbox 1321 2875 1702 2944; x_wconf 84' lang='lat' dir='ltr'><strong><em>penetraverit,</em></strong></span> <span class='ocrx_word' id='word_1_331' title='bbox 1725 2883 1775 2932; x_wconf 93' lang='lat' dir='ltr'><strong><em>et</em></strong></span> <span class='ocrx_word' id='word_1_332' title='bbox 1806 2875 1861 2930; x_wconf 93' lang='lat' dir='ltr'><strong><em>in</em></strong></span> 
     </span>
    </p>
   </div>
   <div class='ocr_carea' id='block_1_46' title="bbox 2038 1804 3550 1882">
    <p class='ocr_par' dir='ltr' id='par_1_46' title="bbox 2038 1804 3550 1882">
     <span class='ocr_line' id='line_1_46' title="bbox 2038 1804 3550 1882; baseline 0.003 -23"><span class='ocrx_word' id='word_1_333' title='bbox 2038 1805 2249 1860; x_wconf 87' lang='lat' dir='ltr'><strong><em>Timore</em></strong></span> <span class='ocrx_word' id='word_1_334' title='bbox 2259 1806 2562 1860; x_wconf 89' lang='lat' dir='ltr'><strong><em>Dominum</em></strong></span> <span class='ocrx_word' id='word_1_335' title='bbox 2586 1804 2840 1863; x_wconf 84' lang='lat' dir='ltr'><strong><em>honoret.</em></strong></span> <span class='ocrx_word' id='word_1_336' title='bbox 2854 1807 2883 1860; x_wconf 87' lang='lat' dir='ltr'><strong>J</strong></span> <span class='ocrx_word' id='word_1_337' title='bbox 2888 1823 2973 1862; x_wconf 91' lang='lat' dir='ltr'><strong><em>am</em></strong></span> <span class='ocrx_word' id='word_1_338' title='bbox 2995 1807 3140 1864; x_wconf 90' lang='lat' dir='ltr'><strong><em>enim</em></strong></span> <span class='ocrx_word' id='word_1_339' title='bbox 3158 1824 3342 1881; x_wconf 82' lang='lat' dir='ltr'><strong><em>supra,</em></strong></span> <span class='ocrx_word' id='word_1_340' title='bbox 3359 1825 3479 1882; x_wconf 88' lang='lat' dir='ltr'><strong><em>cap.</em></strong></span> <span class='ocrx_word' id='word_1_341' title='bbox 3492 1811 3527 1864; x_wconf 85' lang='lat'><strong>7</strong></span> <span class='ocrx_word' id='word_1_342' title='bbox 3536 1852 3550 1878; x_wconf 91' lang='lat'><strong><em>,</em></strong></span> 
     </span>
    </p>
   </div>
   <div class='ocr_carea' id='block_1_47' title="bbox 1958 1891 3555 1968">
    <p class='ocr_par' dir='ltr' id='par_1_47' title="bbox 1958 1891 3555 1968">
     <span class='ocr_line' id='line_1_47' title="bbox 1958 1891 3555 1968; baseline 0.004 -22"><span class='ocrx_word' id='word_1_343' title='bbox 1958 1891 2169 1949; x_wconf 88' lang='lat' dir='ltr'><strong><em>dixerat</em></strong></span> <span class='ocrx_word' id='word_1_344' title='bbox 2201 1911 2215 1947; x_wconf 89' lang='lat'><strong>:</strong></span> <span class='ocrx_word' id='word_1_345' title='bbox 2257 1894 2440 1950; x_wconf 84' lang='lat' dir='ltr'><strong><em>Timor</em></strong></span> <span class='ocrx_word' id='word_1_346' title='bbox 2470 1894 2711 1951; x_wconf 83' lang='lat' dir='ltr'><strong><em>hominis</em></strong></span> <span class='ocrx_word' id='word_1_347' title='bbox 2741 1895 3051 1968; x_wconf 84' lang='lat' dir='ltr'><strong><em>(salubriter</em></strong></span> <span class='ocrx_word' id='word_1_348' title='bbox 3078 1897 3256 1953; x_wconf 89' lang='lat' dir='ltr'><strong><em>Deum</em></strong></span> <span class='ocrx_word' id='word_1_349' title='bbox 3285 1897 3555 1956; x_wconf 85' lang='lat' dir='ltr'><strong><em>offensum</em></strong></span> 
     </span>
    </p>
   </div>
   <div class='ocr_carea' id='block_1_48' title="bbox 1960 1980 2686 2051">
    <p class='ocr_par' dir='ltr' id='par_1_48' title="bbox 1960 1980 2686 2051">
     <span class='ocr_line' id='line_1_48' title="bbox 1960 1980 2686 2051; baseline 0.004 -15"><span class='ocrx_word' id='word_1_350' title='bbox 1960 1980 2219 2051; x_wconf 89' lang='lat' dir='ltr'><strong><em>timentis)</em></strong></span> <span class='ocrx_word' id='word_1_351' title='bbox 2252 1984 2352 2038; x_wconf 88' lang='lat' dir='ltr'><strong><em>Dei</em></strong></span> <span class='ocrx_word' id='word_1_352' title='bbox 2382 1982 2559 2041; x_wconf 85' lang='lat' dir='ltr'><strong><em>honor</em></strong></span> <span class='ocrx_word' id='word_1_353' title='bbox 2582 1988 2686 2041; x_wconf 89' lang='lat' dir='ltr'><strong><em>est.</em></strong></span> 
     </span>
    </p>
   </div>
   <div class='ocr_carea' id='block_1_49' title="bbox 2034 2073 3557 2146">
    <p class='ocr_par' dir='ltr' id='par_1_49' title="bbox 2034 2073 3557 2146">
     <span class='ocr_line' id='line_1_49' title="bbox 2034 2073 3557 2146; baseline 0.004 -20"><span class='ocrx_word' id='word_1_354' title='bbox 2034 2073 2426 2129; x_wconf 86' lang='lat' dir='ltr'><strong><em>Pronuntians</em></strong></span> <span class='ocrx_word' id='word_1_355' title='bbox 2454 2073 2793 2140; x_wconf 88' lang='lat' dir='ltr'><strong><em>sententiam,</em></strong></span> <span class='ocrx_word' id='word_1_356' title='bbox 2828 2082 3081 2146; x_wconf 89' lang='lat' dir='ltr'><strong><em>tanquam</em></strong></span> <span class='ocrx_word' id='word_1_357' title='bbox 3110 2075 3163 2130; x_wconf 91' lang='lat' dir='ltr'><strong><em>in</em></strong></span> <span class='ocrx_word' id='word_1_358' title='bbox 3195 2092 3342 2132; x_wconf 90' lang='lat' dir='ltr'><strong><em>reum</em></strong></span> <span class='ocrx_word' id='word_1_359' title='bbox 3373 2076 3557 2134; x_wconf 80' lang='lat' dir='ltr'><strong><em>feren-</em></strong></span> 
     </span>
    </p>
   </div>
   <div class='ocr_carea' id='block_1_50' title="bbox 1956 2159 2100 2219">
    <p class='ocr_par' dir='ltr' id='par_1_50' title="bbox 1956 2159 2100 2219">
     <span class='ocr_line' id='line_1_50' title="bbox 1956 2159 2100 2219; baseline 0.028 -4"><span class='ocrx_word' id='word_1_360' title='bbox 1956 2159 2100 2219; x_wconf 90' lang='lat' dir='ltr'><strong><em>dam.</em></strong></span> 
     </span>
    </p>
   </div>
   <div class='ocr_carea' id='block_1_51' title="bbox 2035 2251 3561 2325">
    <p class='ocr_par' dir='ltr' id='par_1_51' title="bbox 2035 2251 3561 2325">
     <span class='ocr_line' id='line_1_51' title="bbox 2035 2251 3561 2325; baseline 0.007 -20"><span class='ocrx_word' id='word_1_361' title='bbox 2035 2253 2143 2309; x_wconf 88' lang='lat' dir='ltr'><strong><em>Pro</em></strong></span> <span class='ocrx_word' id='word_1_362' title='bbox 2174 2251 2273 2307; x_wconf 87' lang='lat' dir='ltr'><strong><em>Dei</em></strong></span> <span class='ocrx_word' id='word_1_363' title='bbox 2311 2251 2703 2322; x_wconf 83' lang='lat' dir='ltr'><strong><em>indignatione</em></strong></span> <span class='ocrx_word' id='word_1_364' title='bbox 2730 2254 3033 2325; x_wconf 89' lang='lat' dir='ltr'><strong><em>fungatur,</em></strong></span> <span class='ocrx_word' id='word_1_365' title='bbox 3063 2253 3101 2308; x_wconf 92' lang='lat' dir='ltr'><strong><em>i.</em></strong></span> <span class='ocrx_word' id='word_1_366' title='bbox 3134 2269 3185 2310; x_wconf 90' lang='lat' dir='ltr'><strong><em>e.</em></strong></span> <span class='ocrx_word' id='word_1_367' title='bbox 3222 2256 3328 2313; x_wconf 77' lang='grc' dir='ltr'><strong><em>Ινιε</em></strong></span> <span class='ocrx_word' id='word_1_368' title='bbox 3357 2265 3410 2313; x_wconf 92' lang='lat' dir='ltr'><strong><em>et</em></strong></span> <span class='ocrx_word' id='word_1_369' title='bbox 3439 2262 3561 2316; x_wconf 81' lang='lat' dir='ltr'><strong><em>vin-</em></strong></span> 
     </span>
    </p>
   </div>
   <div class='ocr_carea' id='block_1_52' title="bbox 1961 2338 3289 2412">
    <p class='ocr_par' dir='ltr' id='par_1_52' title="bbox 1961 2338 3289 2412">
     <span class='ocr_line' id='line_1_52' title="bbox 1961 2338 3289 2412; baseline 0.005 -20"><span class='ocrx_word' id='word_1_370' title='bbox 1961 2338 2131 2395; x_wconf 74' lang='lat' dir='ltr'><strong><em>dicta:</em></strong></span> <span class='ocrx_word' id='word_1_371' title='bbox 2157 2338 2279 2405; x_wconf 90' lang='lat' dir='ltr'><strong><em>Dei,</em></strong></span> <span class='ocrx_word' id='word_1_372' title='bbox 2309 2354 2429 2392; x_wconf 83' lang='lat' dir='ltr'><strong><em>eam</em></strong></span> <span class='ocrx_word' id='word_1_373' title='bbox 2460 2339 2861 2408; x_wconf 86' lang='lat' dir='ltr'><strong><em>praeveniendo,</em></strong></span> <span class='ocrx_word' id='word_1_374' title='bbox 2889 2339 3031 2397; x_wconf 91' lang='lat' dir='ltr'><strong><em>vices</em></strong></span> <span class='ocrx_word' id='word_1_375' title='bbox 3058 2343 3289 2412; x_wconf 85' lang='lat' dir='ltr'><strong><em>expleat.</em></strong></span> 
     </span>
    </p>
   </div>
   <div class='ocr_carea' id='block_1_53' title="bbox 2035 2427 3564 2502">
    <p class='ocr_par' dir='ltr' id='par_1_53' title="bbox 2035 2427 3564 2502">
     <span class='ocr_line' id='line_1_53' title="bbox 2035 2427 3564 2502; baseline 0.006 -21"><span class='ocrx_word' id='word_1_376' title='bbox 2035 2428 2378 2498; x_wconf 82' lang='lat' dir='ltr'><strong><em>Afflictione.</em></strong></span> <span class='ocrx_word' id='word_1_377' title='bbox 2411 2428 2663 2498; x_wconf 85' lang='lat' dir='ltr'><strong><em>Afflictio</em></strong></span> <span class='ocrx_word' id='word_1_378' title='bbox 2701 2427 2939 2484; x_wconf 91' lang='lat' dir='ltr'><strong><em>animum</em></strong></span> <span class='ocrx_word' id='word_1_379' title='bbox 2985 2428 3175 2497; x_wconf 84' lang='lat' dir='ltr'><strong><em>afﬁcit;</em></strong></span> <span class='ocrx_word' id='word_1_380' title='bbox 3209 2432 3472 2502; x_wconf 88' lang='lat' dir='ltr'><strong><em>afﬂictio,</em></strong></span> <span class='ocrx_word' id='word_1_381' title='bbox 3505 2441 3564 2489; x_wconf 90' lang='lat' dir='ltr'><strong><em>ut</em></strong></span> 
     </span>
    </p>
   </div>
   <div class='ocr_carea' id='block_1_54' title="bbox 1967 2514 3566 2589">
    <p class='ocr_par' dir='ltr' id='par_1_54' title="bbox 1967 2514 3566 2589">
     <span class='ocr_line' id='line_1_54' title="bbox 1967 2514 3566 2589; baseline 0.007 -19"><span class='ocrx_word' id='word_1_382' title='bbox 1967 2515 2042 2571; x_wconf 92' lang='lat' dir='ltr'><strong><em>ait</em></strong></span> <span class='ocrx_word' id='word_1_383' title='bbox 2067 2515 2203 2586; x_wconf 88' lang='lat' dir='ltr'><strong><em>Cic.,</em></strong></span> <span class='ocrx_word' id='word_1_384' title='bbox 2227 2514 2300 2571; x_wconf 85' lang='lat' dir='ltr'><strong><em>IV</em></strong></span> <span class='ocrx_word' id='word_1_385' title='bbox 2337 2517 2517 2581; x_wconf 87' lang='lat' dir='ltr'><strong><em>Tusc.,</em></strong></span> <span class='ocrx_word' id='word_1_386' title='bbox 2550 2524 2632 2572; x_wconf 88' lang='lat' dir='ltr'><strong><em>est</em></strong></span> <span class='ocrx_word' id='word_1_387' title='bbox 2663 2516 2939 2589; x_wconf 59' lang='lat' dir='ltr'><strong><em>agritudo</em></strong></span> <span class='ocrx_word' id='word_1_388' title='bbox 2967 2534 3097 2576; x_wconf 91' lang='lat' dir='ltr'><strong><em>cum</em></strong></span> <span class='ocrx_word' id='word_1_389' title='bbox 3125 2522 3420 2580; x_wconf 74' lang='lat' dir='ltr'><strong><em>vexatione</em></strong></span> <span class='ocrx_word' id='word_1_390' title='bbox 3445 2539 3566 2580; x_wconf 90' lang='lat' dir='ltr'><strong><em>cor-</em></strong></span> 
     </span>
    </p>
   </div>
   <div class='ocr_carea' id='block_1_55' title="bbox 1965 2606 2717 2676">
    <p class='ocr_par' dir='ltr' id='par_1_55' title="bbox 1965 2606 2717 2676">
     <span class='ocr_line' id='line_1_55' title="bbox 1965 2606 2717 2676; baseline -0.003 -14"><span class='ocrx_word' id='word_1_391' title='bbox 1965 2606 2137 2676; x_wconf 87' lang='lat' dir='ltr'><strong><em>poris.</em></strong></span> <span class='ocrx_word' id='word_1_392' title='bbox 2696 2623 2717 2637; x_wconf 69' lang='grc' dir='ltr'><strong><em>ο</em></strong></span> 
     </span>
    </p>
   </div>
   <div class='ocr_carea' id='block_1_56' title="bbox 2043 2693 3568 2768">
    <p class='ocr_par' dir='ltr' id='par_1_56' title="bbox 2043 2693 3568 2768">
     <span class='ocr_line' id='line_1_56' title="bbox 2043 2693 3568 2768; baseline 0.003 -17"><span class='ocrx_word' id='word_1_393' title='bbox 2043 2696 2162 2751; x_wconf 88' lang='lat' dir='ltr'><strong><em>Non</em></strong></span> <span class='ocrx_word' id='word_1_394' title='bbox 2189 2693 2352 2750; x_wconf 87' lang='lat' dir='ltr'><strong><em>modo</em></strong></span> <span class='ocrx_word' id='word_1_395' title='bbox 2379 2696 2719 2765; x_wconf 83' lang='lat' dir='ltr'><strong><em>frustretur,</em></strong></span> <span class='ocrx_word' id='word_1_396' title='bbox 2744 2695 2841 2751; x_wconf 90' lang='lat' dir='ltr'><strong><em>sed</em></strong></span> <span class='ocrx_word' id='word_1_397' title='bbox 2868 2702 3178 2768; x_wconf 74' lang='lat' dir='ltr'><strong><em>expunget.</em></strong></span> <span class='ocrx_word' id='word_1_398' title='bbox 3202 2701 3568 2768; x_wconf 88' lang='lat' dir='ltr'><strong><em>Frustratur,</em></strong></span> 
     </span>
    </p>
   </div>
   <div class='ocr_carea' id='block_1_57' title="bbox 1971 2780 3574 2856">
    <p class='ocr_par' dir='ltr' id='par_1_57' title="bbox 1971 2780 3574 2856">
     <span class='ocr_line' id='line_1_57' title="bbox 1971 2780 3574 2856; baseline 0.003 -19"><span class='ocrx_word' id='word_1_399' title='bbox 1971 2782 2065 2855; x_wconf 91' lang='lat' dir='ltr'><strong><em>qui</em></strong></span> <span class='ocrx_word' id='word_1_400' title='bbox 2098 2782 2265 2838; x_wconf 89' lang='lat' dir='ltr'><strong><em>evitat</em></strong></span> <span class='ocrx_word' id='word_1_401' title='bbox 2293 2787 2348 2836; x_wconf 90' lang='lat' dir='ltr'><strong><em>et</em></strong></span> <span class='ocrx_word' id='word_1_402' title='bbox 2384 2780 2616 2837; x_wconf 87' lang='lat' dir='ltr'><strong><em>declinat</em></strong></span> <span class='ocrx_word' id='word_1_403' title='bbox 2651 2800 2664 2837; x_wconf 88' lang='lat'><strong>:</strong></span> <span class='ocrx_word' id='word_1_404' title='bbox 2711 2785 3008 2855; x_wconf 66' lang='lat' dir='ltr'><strong><em>expungit,</em></strong></span> <span class='ocrx_word' id='word_1_405' title='bbox 3041 2782 3135 2856; x_wconf 93' lang='lat' dir='ltr'><strong><em>qui</em></strong></span> <span class='ocrx_word' id='word_1_406' title='bbox 3174 2800 3401 2856; x_wconf 82' lang='lat' dir='ltr'><strong><em>prorsus</em></strong></span> <span class='ocrx_word' id='word_1_407' title='bbox 3429 2786 3574 2843; x_wconf 86' lang='lat' dir='ltr'><strong><em>delet</em></strong></span> 
     </span>
    </p>
   </div>
   <div class='ocr_carea' id='block_1_58' title="bbox 1973 2868 3573 2947">
    <p class='ocr_par' dir='ltr' id='par_1_58' title="bbox 1973 2868 3573 2947">
     <span class='ocr_line' id='line_1_58' title="bbox 1973 2868 3573 2947; baseline 0.004 -22"><span class='ocrx_word' id='word_1_408' title='bbox 1973 2878 2134 2941; x_wconf 86' lang='lat' dir='ltr'><strong><em>atque</em></strong></span> <span class='ocrx_word' id='word_1_409' title='bbox 2164 2869 2364 2938; x_wconf 84' lang='lat' dir='ltr'><strong><em>abolet,</em></strong></span> <span class='ocrx_word' id='word_1_410' title='bbox 2395 2868 2546 2925; x_wconf 90' lang='lat' dir='ltr'><strong><em>omni</em></strong></span> <span class='ocrx_word' id='word_1_411' title='bbox 2587 2872 2855 2942; x_wconf 63' lang='lat' dir='ltr'><strong><em>praecluso</em></strong></span> <span class='ocrx_word' id='word_1_412' title='bbox 2888 2870 3085 2927; x_wconf 90' lang='lat' dir='ltr'><strong><em>reditu.</em></strong></span> <span class='ocrx_word' id='word_1_413' title='bbox 3115 2872 3220 2928; x_wconf 85' lang='lat' dir='ltr'><strong><em>Sed</em></strong></span> <span class='ocrx_word' id='word_1_414' title='bbox 3264 2889 3427 2947; x_wconf 86' lang='lat' dir='ltr'><strong><em>quam</em></strong></span> <span class='ocrx_word' id='word_1_415' title='bbox 3456 2875 3573 2931; x_wconf 91' lang='lat' dir='ltr'><strong><em>ele-</em></strong></span> 
     </span>
    </p>
   </div>
   <div class='ocr_carea' id='block_1_59' title="bbox 272 2961 3570 3051">
    <p class='ocr_par' dir='ltr' id='par_1_59' title="bbox 272 2961 3570 3051">
     <span class='ocr_line' id='line_1_59' title="bbox 272 2961 3570 3051; baseline 0.001 -32"><span class='ocrx_word' id='word_1_416' title='bbox 272 2963 445 3036; x_wconf 88' lang='lat' dir='ltr'><strong><em>ipsam</em></strong></span> <span class='ocrx_word' id='word_1_417' title='bbox 483 2978 698 3035; x_wconf 88' lang='lat' dir='ltr'><strong><em>quoque</em></strong></span> <span class='ocrx_word' id='word_1_418' title='bbox 738 2963 1109 3021; x_wconf 87' lang='lat' dir='ltr'><strong><em>Germaniam</em></strong></span> <span class='ocrx_word' id='word_1_419' title='bbox 1145 2961 1332 3019; x_wconf 89' lang='lat' dir='ltr'><strong><em>eadem</em></strong></span> <span class='ocrx_word' id='word_1_420' title='bbox 1372 2978 1483 3019; x_wconf 80' lang='lat' dir='ltr'><strong><em>vox</em></strong></span> <span class='ocrx_word' id='word_1_421' title='bbox 1512 2963 1733 3019; x_wconf 78' lang='lat' dir='ltr'><strong><em>Hebraea</em></strong></span> <span class='ocrx_word' id='word_1_422' title='bbox 1764 2972 1865 3051; x_wconf 66' lang='lat' dir='ltr'><strong><em>pm</em></strong></span> <span class='ocrx_word' id='word_1_423' title='bbox 1897 3026 1947 3051; x_wconf 70' lang='lat'>_</span> <span class='ocrx_word' id='word_1_424' title='bbox 1973 2968 2160 3034; x_wconf 78' lang='lat' dir='ltr'><strong><em>gantes</em></strong></span> <span class='ocrx_word' id='word_1_425' title='bbox 2190 2965 2335 3023; x_wconf 90' lang='lat' dir='ltr'><strong><em>sunt,</em></strong></span> <span class='ocrx_word' id='word_1_426' title='bbox 2365 2975 2486 3029; x_wconf 73' lang='lat' dir='ltr'><strong><em>quae</em></strong></span> <span class='ocrx_word' id='word_1_427' title='bbox 2516 2974 2643 3014; x_wconf 82' lang='lat' dir='ltr'><strong><em>mox</em></strong></span> <span class='ocrx_word' id='word_1_428' title='bbox 2680 2968 2984 3032; x_wconf 89' lang='lat' dir='ltr'><strong><em>sequuntur</em></strong></span> <span class='ocrx_word' id='word_1_429' title='bbox 3021 2962 3366 3020; x_wconf 87' lang='lat' dir='ltr'><strong><em>antitheses!</em></strong></span> <span class='ocrx_word' id='word_1_430' title='bbox 3392 2963 3570 3021; x_wconf 85' lang='lat' dir='ltr'><strong><em>Caete-</em></strong></span> 
     </span>
    </p>
   </div>
   <div class='ocr_carea' id='block_1_60' title="bbox 274 3048 663 3107">
    <p class='ocr_par' dir='ltr' id='par_1_60' title="bbox 274 3048 663 3107">
     <span class='ocr_line' id='line_1_60' title="bbox 274 3048 663 3107; baseline -0.003 0"><span class='ocrx_word' id='word_1_431' title='bbox 274 3066 332 3107; x_wconf 88' lang='lat' dir='ltr'><strong><em>se</em></strong></span> <span class='ocrx_word' id='word_1_432' title='bbox 367 3048 663 3107; x_wconf 82' lang='lat' dir='ltr'><strong><em>effuderit?</em></strong></span> 
     </span>
    </p>
   </div>
   <div class='ocr_carea' id='block_1_61' title="bbox 349 3138 1867 3215">
    <p class='ocr_par' dir='ltr' id='par_1_61' title="bbox 349 3138 1867 3215">
     <span class='ocr_line' id='line_1_61' title="bbox 349 3138 1867 3215; baseline 0 -15"><span class='ocrx_word' id='word_1_433' title='bbox 349 3141 542 3200; x_wconf 86' lang='lat' dir='ltr'><strong><em>Cineri</em></strong></span> <span class='ocrx_word' id='word_1_434' title='bbox 558 3138 848 3197; x_wconf 86' lang='lat' dir='ltr'><strong><em>incubare.</em></strong></span> <span class='ocrx_word' id='word_1_435' title='bbox 876 3141 1131 3197; x_wconf 82' lang='lat' dir='ltr'><strong><em>Cinerem</em></strong></span> <span class='ocrx_word' id='word_1_436' title='bbox 1149 3153 1387 3212; x_wconf 89' lang='lat' dir='ltr'><strong><em>quoque,</em></strong></span> <span class='ocrx_word' id='word_1_437' title='bbox 1406 3139 1459 3196; x_wconf 92' lang='lat' dir='ltr'><strong><em>id</em></strong></span> <span class='ocrx_word' id='word_1_438' title='bbox 1480 3148 1562 3197; x_wconf 89' lang='lat' dir='ltr'><strong><em>est</em></strong></span> <span class='ocrx_word' id='word_1_439' title='bbox 1574 3143 1867 3215; x_wconf 86' lang='lat' dir='ltr'><strong><em>pulverem</em></strong></span> 
     </span>
    </p>
   </div>
   <div class='ocr_carea' id='block_1_62' title="bbox 279 3227 1867 3302">
    <p class='ocr_par' dir='ltr' id='par_1_62' title="bbox 279 3227 1867 3302">
     <span class='ocr_line' id='line_1_62' title="bbox 279 3227 1867 3302; baseline 0.001 -15"><span class='ocrx_word' id='word_1_440' title='bbox 279 3236 468 3301; x_wconf 76' lang='lat' dir='ltr'><strong><em>terrae,</em></strong></span> <span class='ocrx_word' id='word_1_441' title='bbox 499 3230 554 3286; x_wconf 91' lang='lat' dir='ltr'><strong><em>in</em></strong></span> <span class='ocrx_word' id='word_1_442' title='bbox 580 3228 800 3302; x_wconf 84' lang='lat' dir='ltr'><strong><em>signum</em></strong></span> <span class='ocrx_word' id='word_1_443' title='bbox 827 3228 1101 3301; x_wconf 91' lang='lat' dir='ltr'><strong><em>publicum</em></strong></span> <span class='ocrx_word' id='word_1_444' title='bbox 1126 3227 1305 3285; x_wconf 89' lang='lat' dir='ltr'><strong><em>luctus</em></strong></span> <span class='ocrx_word' id='word_1_445' title='bbox 1341 3228 1642 3287; x_wconf 87' lang='lat' dir='ltr'><strong><em>adhibitum</em></strong></span> <span class='ocrx_word' id='word_1_446' title='bbox 1680 3230 1867 3300; x_wconf 87' lang='lat' dir='ltr'><strong><em>fuisse,</em></strong></span> 
     </span>
    </p>
   </div>
   <div class='ocr_carea' id='block_1_63' title="bbox 275 3316 1872 3393">
    <p class='ocr_par' dir='ltr' id='par_1_63' title="bbox 275 3316 1872 3393">
     <span class='ocr_line' id='line_1_63' title="bbox 275 3316 1872 3393; baseline 0.002 -18"><span class='ocrx_word' id='word_1_447' title='bbox 275 3335 448 3393; x_wconf 85' lang='lat' dir='ltr'><strong><em>prepe</em></strong></span> <span class='ocrx_word' id='word_1_448' title='bbox 502 3320 808 3388; x_wconf 86' lang='lat' dir='ltr'><strong><em>innumera,</em></strong></span> <span class='ocrx_word' id='word_1_449' title='bbox 857 3317 1069 3375; x_wconf 82' lang='lat' dir='ltr'><strong><em>Veteris</em></strong></span> <span class='ocrx_word' id='word_1_450' title='bbox 1114 3316 1276 3374; x_wconf 90' lang='lat' dir='ltr'><strong><em>etiam</em></strong></span> <span class='ocrx_word' id='word_1_451' title='bbox 1332 3320 1569 3376; x_wconf 88' lang='lat' dir='ltr'><strong><em>Testam.</em></strong></span> <span class='ocrx_word' id='word_1_452' title='bbox 1627 3322 1872 3392; x_wconf 87' lang='lat' dir='ltr'><strong><em>exempla</em></strong></span> 
     </span>
    </p>
   </div>
   <div class='ocr_carea' id='block_1_64' title="bbox 277 3405 1872 3478">
    <p class='ocr_par' dir='ltr' id='par_1_64' title="bbox 277 3405 1872 3478">
     <span class='ocr_line' id='line_1_64' title="bbox 277 3405 1872 3478; baseline 0.002 -14"><span class='ocrx_word' id='word_1_453' title='bbox 277 3414 727 3477; x_wconf 89' lang='lat' dir='ltr'><strong><em>commonstrant,</em></strong></span> <span class='ocrx_word' id='word_1_454' title='bbox 767 3405 1070 3478; x_wconf 83' lang='lat' dir='ltr'><strong><em>praesertim</em></strong></span> <span class='ocrx_word' id='word_1_455' title='bbox 1122 3420 1206 3473; x_wconf 90' lang='lat' dir='ltr'><strong><em>ea,</em></strong></span> <span class='ocrx_word' id='word_1_456' title='bbox 1248 3422 1370 3478; x_wconf 70' lang='lat' dir='ltr'><strong><em>quae</em></strong></span> <span class='ocrx_word' id='word_1_457' title='bbox 1416 3407 1472 3464; x_wconf 90' lang='lat' dir='ltr'><strong><em>in</em></strong></span> <span class='ocrx_word' id='word_1_458' title='bbox 1520 3408 1615 3464; x_wconf 87' lang='lat' dir='ltr'><strong><em>lib.</em></strong></span> <span class='ocrx_word' id='word_1_459' title='bbox 1669 3410 1872 3468; x_wconf 86' lang='lat' dir='ltr'><strong><em>Esther</em></strong></span> 
     </span>
    </p>
   </div>
   <div class='ocr_carea' id='block_1_65' title="bbox 279 3495 1873 3565">
    <p class='ocr_par' dir='ltr' id='par_1_65' title="bbox 279 3495 1873 3565">
     <span class='ocr_line' id='line_1_65' title="bbox 279 3495 1873 3565; baseline 0.002 -12"><span class='ocrx_word' id='word_1_460' title='bbox 279 3497 568 3565; x_wconf 83' lang='lat' dir='ltr'><strong><em>habentur,</em></strong></span> <span class='ocrx_word' id='word_1_461' title='bbox 601 3504 663 3552; x_wconf 91' lang='lat' dir='ltr'><strong><em>ut</em></strong></span> <span class='ocrx_word' id='word_1_462' title='bbox 689 3512 738 3553; x_wconf 91' lang='lat' dir='ltr'><strong><em>c.</em></strong></span> <span class='ocrx_word' id='word_1_463' title='bbox 770 3512 847 3562; x_wconf 81' lang='lat' dir='ltr'><strong><em>IV,</em></strong></span> <span class='ocrx_word' id='word_1_464' title='bbox 884 3498 934 3562; x_wconf 91' lang='grc'><strong><em>1,</em></strong></span> <span class='ocrx_word' id='word_1_465' title='bbox 968 3503 1049 3551; x_wconf 90' lang='lat' dir='ltr'><strong><em>est</em></strong></span> <span class='ocrx_word' id='word_1_466' title='bbox 1076 3495 1209 3550; x_wconf 90' lang='lat' dir='ltr'><strong><em>illud</em></strong></span> <span class='ocrx_word' id='word_1_467' title='bbox 1237 3496 1305 3551; x_wconf 91' lang='lat' dir='ltr'><strong><em>de</em></strong></span> <span class='ocrx_word' id='word_1_468' title='bbox 1333 3497 1673 3554; x_wconf 72' lang='lat' dir='ltr'><strong><em>Mardochteo</em></strong></span> <span class='ocrx_word' id='word_1_469' title='bbox 1706 3516 1719 3553; x_wconf 90' lang='lat'><strong>:</strong></span> <span class='ocrx_word' id='word_1_470' title='bbox 1754 3501 1873 3556; x_wconf 87' lang='lat' dir='ltr'><strong><em>Sci-</em></strong></span> 
     </span>
    </p>
   </div>
   <div class='ocr_carea' id='block_1_66' title="bbox 281 3585 1871 3674">
    <p class='ocr_par' dir='ltr' id='par_1_66' title="bbox 281 3585 1871 3674">
     <span class='ocr_line' id='line_1_66' title="bbox 281 3585 1871 3674; baseline 0.002 -33"><span class='ocrx_word' id='word_1_471' title='bbox 281 3587 370 3642; x_wconf 90' lang='lat' dir='ltr'><strong><em>dit</em></strong></span> <span class='ocrx_word' id='word_1_472' title='bbox 401 3588 730 3642; x_wconf 81' lang='lat' dir='ltr'><strong><em>vestimenta</em></strong></span> <span class='ocrx_word' id='word_1_473' title='bbox 761 3602 888 3651; x_wconf 88' lang='lat' dir='ltr'><strong><em>sua,</em></strong></span> <span class='ocrx_word' id='word_1_474' title='bbox 913 3589 969 3642; x_wconf 88' lang='lat' dir='ltr'><strong><em>et</em></strong></span> <span class='ocrx_word' id='word_1_475' title='bbox 989 3585 1224 3641; x_wconf 88' lang='lat' dir='ltr'><strong><em>indulus</em></strong></span> <span class='ocrx_word' id='word_1_476' title='bbox 1253 3591 1338 3642; x_wconf 89' lang='lat' dir='ltr'><strong><em>est</em></strong></span> <span class='ocrx_word' id='word_1_477' title='bbox 1368 3596 1466 3674; x_wconf 71' lang='lat' dir='ltr'><strong><em>Pw</em></strong></span> <span class='ocrx_word' id='word_1_478' title='bbox 1496 3600 1691 3654; x_wconf 79' lang='lat' dir='ltr'><strong><em>SACCO,</em></strong></span> <span class='ocrx_word' id='word_1_479' title='bbox 1720 3595 1871 3654; x_wconf 59' lang='lat' dir='ltr'><strong><em>15m</em></strong></span> 
     </span>
    </p>
   </div>
   <div class='ocr_carea' id='block_1_67' title="bbox 282 3674 1878 3746">
    <p class='ocr_par' dir='ltr' id='par_1_67' title="bbox 282 3674 1878 3746">
     <span class='ocr_line' id='line_1_67' title="bbox 282 3674 1878 3746; baseline 0.003 -17"><span class='ocrx_word' id='word_1_480' title='bbox 282 3689 358 3730; x_wconf 74' lang='grc' dir='ltr'><strong><em>ετ</em></strong></span> <span class='ocrx_word' id='word_1_481' title='bbox 387 3687 635 3730; x_wconf 71' lang='grc' dir='ltr'><strong><em>οιΝειιΕιι</em></strong></span> <span class='ocrx_word' id='word_1_482' title='bbox 663 3690 935 3746; x_wconf 85' lang='lat' dir='ltr'><strong><em>spargens</em></strong></span> <span class='ocrx_word' id='word_1_483' title='bbox 963 3674 1160 3745; x_wconf 86' lang='lat' dir='ltr'><strong><em>capiti.</em></strong></span> <span class='ocrx_word' id='word_1_484' title='bbox 1202 3674 1271 3729; x_wconf 87' lang='lat' dir='ltr'><strong><em>Et</em></strong></span> <span class='ocrx_word' id='word_1_485' title='bbox 1294 3674 1370 3728; x_wconf 90' lang='lat' dir='ltr'><strong><em>ib.</em></strong></span> <span class='ocrx_word' id='word_1_486' title='bbox 1401 3691 1457 3730; x_wconf 89' lang='lat' dir='ltr'><strong><em>v.</em></strong></span> <span class='ocrx_word' id='word_1_487' title='bbox 1490 3679 1521 3731; x_wconf 90' lang='grc'><strong>3</strong></span> <span class='ocrx_word' id='word_1_488' title='bbox 1555 3694 1567 3733; x_wconf 91' lang='lat'><strong>:</strong></span> <span class='ocrx_word' id='word_1_489' title='bbox 1600 3678 1878 3734; x_wconf 85' lang='lat' dir='ltr'><strong><em>Planctus</em></strong></span> 
     </span>
    </p>
   </div>
   <div class='ocr_carea' id='block_1_68' title="bbox 278 3762 1879 3836">
    <p class='ocr_par' dir='ltr' id='par_1_68' title="bbox 278 3762 1879 3836">
     <span class='ocr_line' id='line_1_68' title="bbox 278 3762 1879 3836; baseline 0.001 -17"><span class='ocrx_word' id='word_1_490' title='bbox 278 3766 480 3836; x_wconf 87' lang='lat' dir='ltr'><strong><em>ingens</em></strong></span> <span class='ocrx_word' id='word_1_491' title='bbox 501 3768 628 3821; x_wconf 87' lang='lat' dir='ltr'><strong><em>erat</em></strong></span> <span class='ocrx_word' id='word_1_492' title='bbox 646 3762 794 3835; x_wconf 89' lang='lat' dir='ltr'><strong><em>apud</em></strong></span> <span class='ocrx_word' id='word_1_493' title='bbox 815 3763 1050 3827; x_wconf 60' lang='lat' dir='ltr'><strong><em>Iudaeos,</em></strong></span> <span class='ocrx_word' id='word_1_494' title='bbox 1060 3762 1376 3834; x_wconf 85' lang='lat' dir='ltr'><strong><em>jejunium,</em></strong></span> <span class='ocrx_word' id='word_1_495' title='bbox 1396 3763 1675 3834; x_wconf 84' lang='lat' dir='ltr'><strong><em>ululatus,</em></strong></span> <span class='ocrx_word' id='word_1_496' title='bbox 1700 3769 1757 3821; x_wconf 86' lang='lat' dir='ltr'><strong><em>et</em></strong></span> <span class='ocrx_word' id='word_1_497' title='bbox 1776 3767 1879 3836; x_wconf 80' lang='lat' dir='ltr'><strong><em>ﬂe-</em></strong></span> 
     </span>
    </p>
   </div>
   <div class='ocr_carea' id='block_1_69' title="bbox 282 3854 1879 3942">
    <p class='ocr_par' dir='ltr' id='par_1_69' title="bbox 282 3854 1879 3942">
     <span class='ocr_line' id='line_1_69' title="bbox 282 3854 1879 3942; baseline 0 -33"><span class='ocrx_word' id='word_1_498' title='bbox 282 3858 398 3919; x_wconf 86' lang='lat' dir='ltr'><strong><em>tus,</em></strong></span> <span class='ocrx_word' id='word_1_499' title='bbox 413 3860 564 3920; x_wconf 57' lang='lat' dir='ltr'><strong><em>iam</em></strong></span> <span class='ocrx_word' id='word_1_500' title='bbox 588 3860 687 3942; x_wconf 66' lang='lat' dir='ltr'><strong><em>per</em></strong></span> <span class='ocrx_word' id='word_1_501' title='bbox 701 3866 873 3942; x_wconf 60' lang='lat' dir='ltr'><strong><em>sacco</em></strong></span> <span class='ocrx_word' id='word_1_502' title='bbox 886 3866 957 3907; x_wconf 75' lang='lat' dir='ltr'><strong><em>s&#39;r</em></strong></span> <span class='ocrx_word' id='word_1_503' title='bbox 969 3866 1174 3942; x_wconf 73' lang='lat' dir='ltr'><strong><em>cmsnn</em></strong></span> <span class='ocrx_word' id='word_1_504' title='bbox 1191 3854 1394 3909; x_wconf 87' lang='lat' dir='ltr'><strong><em>multis</em></strong></span> <span class='ocrx_word' id='word_1_505' title='bbox 1403 3868 1503 3924; x_wconf 88' lang='lat' dir='ltr'><strong><em>pro</em></strong></span> <span class='ocrx_word' id='word_1_506' title='bbox 1518 3860 1634 3911; x_wconf 85' lang='lat' dir='ltr'><strong><em>slra</em></strong></span> <span class='ocrx_word' id='word_1_507' title='bbox 1645 3859 1698 3911; x_wconf 85' lang='lat' dir='ltr'><strong><em>to</em></strong></span> <span class='ocrx_word' id='word_1_508' title='bbox 1712 3856 1879 3912; x_wconf 86' lang='lat' dir='ltr'><strong><em>uten-</em></strong></span> 
     </span>
    </p>
   </div>
   <div class='ocr_carea' id='block_1_70' title="bbox 283 3941 1881 4013">
    <p class='ocr_par' dir='ltr' id='par_1_70' title="bbox 283 3941 1881 4013">
     <span class='ocr_line' id='line_1_70' title="bbox 283 3941 1881 4013; baseline 0.003 -16"><span class='ocrx_word' id='word_1_509' title='bbox 283 3943 453 3998; x_wconf 88' lang='lat' dir='ltr'><strong><em>tibus.</em></strong></span> <span class='ocrx_word' id='word_1_510' title='bbox 477 3941 609 3997; x_wconf 88' lang='lat' dir='ltr'><strong><em>ltem</em></strong></span> <span class='ocrx_word' id='word_1_511' title='bbox 640 3941 688 3996; x_wconf 93' lang='lat' dir='ltr'><strong>II</strong></span> <span class='ocrx_word' id='word_1_512' title='bbox 716 3941 875 3997; x_wconf 89' lang='lat' dir='ltr'><strong><em>Esdr.</em></strong></span> <span class='ocrx_word' id='word_1_513' title='bbox 902 3957 984 4008; x_wconf 81' lang='lat' dir='ltr'><strong><em>IX,</em></strong></span> <span class='ocrx_word' id='word_1_514' title='bbox 1011 3945 1061 4008; x_wconf 90' lang='grc'><strong><em>1,</em></strong></span> <span class='ocrx_word' id='word_1_515' title='bbox 1084 3941 1177 3998; x_wconf 91' lang='lat' dir='ltr'><strong><em>ubi</em></strong></span> <span class='ocrx_word' id='word_1_516' title='bbox 1208 3958 1221 3994; x_wconf 91' lang='lat'>:</span> <span class='ocrx_word' id='word_1_517' title='bbox 1261 3944 1650 4000; x_wconf 83' lang='lat' dir='ltr'><strong><em>Convenerunl</em></strong></span> <span class='ocrx_word' id='word_1_518' title='bbox 1665 3946 1778 4013; x_wconf 83' lang='lat' dir='ltr'><strong><em>ﬁlii</em></strong></span> <span class='ocrx_word' id='word_1_519' title='bbox 1796 3944 1881 4001; x_wconf 84' lang='lat' dir='ltr'><strong><em>Is-</em></strong></span> 
     </span>
    </p>
   </div>
   <div class='ocr_carea' id='block_1_71' title="bbox 279 4030 1878 4102">
    <p class='ocr_par' dir='ltr' id='par_1_71' title="bbox 279 4030 1878 4102">
     <span class='ocr_line' id='line_1_71' title="bbox 279 4030 1878 4102; baseline 0.001 -16"><span class='ocrx_word' id='word_1_520' title='bbox 279 4032 402 4088; x_wconf 87' lang='lat' dir='ltr'><strong><em>rael</em></strong></span> <span class='ocrx_word' id='word_1_521' title='bbox 434 4048 566 4087; x_wconf 87' lang='lat' dir='ltr'><strong><em>cum</em></strong></span> <span class='ocrx_word' id='word_1_522' title='bbox 585 4031 810 4102; x_wconf 87' lang='lat' dir='ltr'><strong><em>jejunio</em></strong></span> <span class='ocrx_word' id='word_1_523' title='bbox 838 4032 899 4085; x_wconf 89' lang='lat' dir='ltr'><strong><em>in</em></strong></span> <span class='ocrx_word' id='word_1_524' title='bbox 937 4030 1139 4102; x_wconf 87' lang='lat' dir='ltr'><strong><em>saccis,</em></strong></span> <span class='ocrx_word' id='word_1_525' title='bbox 1171 4038 1380 4090; x_wconf 70' lang='lat' dir='ltr'><strong><em>nmm</em></strong></span> <span class='ocrx_word' id='word_1_526' title='bbox 1419 4038 1473 4084; x_wconf 87' lang='lat' dir='ltr'><strong><em>et</em></strong></span> <span class='ocrx_word' id='word_1_527' title='bbox 1503 4045 1689 4088; x_wconf 70' lang='lat' dir='ltr'><strong><em>nauus</em></strong></span> <span class='ocrx_word' id='word_1_528' title='bbox 1731 4030 1789 4100; x_wconf 90' lang='lat' dir='ltr'><strong><em>(i.</em></strong></span> <span class='ocrx_word' id='word_1_529' title='bbox 1826 4048 1878 4089; x_wconf 90' lang='lat' dir='ltr'><strong><em>e.</em></strong></span> 
     </span>
    </p>
   </div>
   <div class='ocr_carea' id='block_1_72' title="bbox 279 4118 999 4191">
    <p class='ocr_par' dir='ltr' id='par_1_72' title="bbox 279 4118 999 4191">
     <span class='ocr_line' id='line_1_72' title="bbox 279 4118 999 4191; baseline -0.003 -17"><span class='ocrx_word' id='word_1_530' title='bbox 279 4118 459 4189; x_wconf 86' lang='lat' dir='ltr'><strong><em>pulvis</em></strong></span> <span class='ocrx_word' id='word_1_531' title='bbox 487 4121 664 4189; x_wconf 63' lang='lat' dir='ltr'><strong><em>terrm)</em></strong></span> <span class='ocrx_word' id='word_1_532' title='bbox 693 4134 863 4191; x_wconf 87' lang='lat' dir='ltr'><strong><em>super</em></strong></span> <span class='ocrx_word' id='word_1_533' title='bbox 889 4135 999 4176; x_wconf 88' lang='lat' dir='ltr'><strong><em>eos.</em></strong></span> 
     </span>
    </p>
   </div>
   <div class='ocr_carea' id='block_1_73' title="bbox 359 4207 1880 4281">
    <p class='ocr_par' dir='ltr' id='par_1_73' title="bbox 359 4207 1880 4281">
     <span class='ocr_line' id='line_1_73' title="bbox 359 4207 1880 4281; baseline 0.001 -16"><span class='ocrx_word' id='word_1_534' title='bbox 359 4210 572 4281; x_wconf 84' lang='lat' dir='ltr'><strong><em>Corpus</em></strong></span> <span class='ocrx_word' id='word_1_535' title='bbox 620 4209 873 4265; x_wconf 86' lang='lat' dir='ltr'><strong><em>sordibus</em></strong></span> <span class='ocrx_word' id='word_1_536' title='bbox 910 4208 1226 4280; x_wconf 86' lang='lat' dir='ltr'><strong><em>obscurare,</em></strong></span> <span class='ocrx_word' id='word_1_537' title='bbox 1252 4207 1481 4264; x_wconf 89' lang='lat' dir='ltr'><strong><em>nitorem</em></strong></span> <span class='ocrx_word' id='word_1_538' title='bbox 1521 4207 1644 4279; x_wconf 90' lang='lat' dir='ltr'><strong><em>ejus</em></strong></span> <span class='ocrx_word' id='word_1_539' title='bbox 1680 4209 1880 4266; x_wconf 85' lang='lat' dir='ltr'><strong><em>obscu-</em></strong></span> 
     </span>
    </p>
   </div>
   <div class='ocr_carea' id='block_1_74' title="bbox 283 4296 474 4352">
    <p class='ocr_par' dir='ltr' id='par_1_74' title="bbox 283 4296 474 4352">
     <span class='ocr_line' id='line_1_74' title="bbox 283 4296 474 4352; baseline 0 -1"><span class='ocrx_word' id='word_1_540' title='bbox 283 4296 474 4352; x_wconf 89' lang='lat' dir='ltr'><strong><em>rando.</em></strong></span> 
     </span>
    </p>
   </div>
   <div class='ocr_carea' id='block_1_75' title="bbox 362 4384 1882 4459">
    <p class='ocr_par' dir='ltr' id='par_1_75' title="bbox 362 4384 1882 4459">
     <span class='ocr_line' id='line_1_75' title="bbox 362 4384 1882 4459; baseline 0.001 -17"><span class='ocrx_word' id='word_1_541' title='bbox 362 4386 499 4454; x_wconf 68' lang='lat' dir='ltr'><strong><em>Quae</em></strong></span> <span class='ocrx_word' id='word_1_542' title='bbox 522 4387 795 4459; x_wconf 84' lang='lat' dir='ltr'><strong><em>peccavit.</em></strong></span> <span class='ocrx_word' id='word_1_543' title='bbox 827 4384 1020 4458; x_wconf 89' lang='lat' dir='ltr'><strong><em>Neque</em></strong></span> <span class='ocrx_word' id='word_1_544' title='bbox 1050 4392 1228 4441; x_wconf 86' lang='lat' dir='ltr'><strong><em>autem</em></strong></span> <span class='ocrx_word' id='word_1_545' title='bbox 1253 4384 1526 4459; x_wconf 87' lang='lat' dir='ltr'><strong><em>peccandi</em></strong></span> <span class='ocrx_word' id='word_1_546' title='bbox 1545 4385 1768 4443; x_wconf 87' lang='lat' dir='ltr'><strong><em>verbum</em></strong></span> <span class='ocrx_word' id='word_1_547' title='bbox 1788 4402 1882 4443; x_wconf 88' lang='lat' dir='ltr'><strong><em>ac-</em></strong></span> 
     </span>
    </p>
   </div>
   <div class='ocr_carea' id='block_1_76' title="bbox 284 4472 1880 4548">
    <p class='ocr_par' dir='ltr' id='par_1_76' title="bbox 284 4472 1880 4548">
     <span class='ocr_line' id='line_1_76' title="bbox 284 4472 1880 4548; baseline 0 -18"><span class='ocrx_word' id='word_1_548' title='bbox 284 4472 526 4530; x_wconf 88' lang='lat' dir='ltr'><strong><em>cusandi</em></strong></span> <span class='ocrx_word' id='word_1_549' title='bbox 554 4489 685 4530; x_wconf 89' lang='lat' dir='ltr'><strong><em>casu</em></strong></span> <span class='ocrx_word' id='word_1_550' title='bbox 706 4473 938 4548; x_wconf 75' lang='lat' dir='ltr'><strong><em>iungere</em></strong></span> <span class='ocrx_word' id='word_1_551' title='bbox 967 4474 1169 4529; x_wconf 86' lang='lat' dir='ltr'><strong><em>Latinis</em></strong></span> <span class='ocrx_word' id='word_1_552' title='bbox 1200 4473 1439 4530; x_wconf 90' lang='lat' dir='ltr'><strong><em>insolens</em></strong></span> <span class='ocrx_word' id='word_1_553' title='bbox 1478 4482 1578 4531; x_wconf 86' lang='lat' dir='ltr'><strong><em>est.</em></strong></span> <span class='ocrx_word' id='word_1_554' title='bbox 1621 4474 1708 4531; x_wconf 92' lang='lat' dir='ltr'><strong><em>Sic</em></strong></span> <span class='ocrx_word' id='word_1_555' title='bbox 1737 4474 1880 4530; x_wconf 89' lang='lat' dir='ltr'><strong><em>enim</em></strong></span> 
     </span>
    </p>
   </div>
   <div class='ocr_carea' id='block_1_77' title="bbox 285 4562 1882 4638">
    <p class='ocr_par' dir='ltr' id='par_1_77' title="bbox 285 4562 1882 4638">
     <span class='ocr_line' id='line_1_77' title="bbox 285 4562 1882 4638; baseline 0.001 -21"><span class='ocrx_word' id='word_1_556' title='bbox 285 4562 433 4633; x_wconf 85' lang='lat' dir='ltr'><strong><em>apud</em></strong></span> <span class='ocrx_word' id='word_1_557' title='bbox 460 4562 635 4619; x_wconf 86' lang='lat' dir='ltr'><strong><em>Plaut.</em></strong></span> <span class='ocrx_word' id='word_1_558' title='bbox 660 4564 717 4618; x_wconf 93' lang='lat' dir='ltr'><strong><em>in</em></strong></span> <span class='ocrx_word' id='word_1_559' title='bbox 748 4563 1017 4622; x_wconf 83' lang='lat' dir='ltr'><strong><em>Bacchide</em></strong></span> <span class='ocrx_word' id='word_1_560' title='bbox 1036 4582 1055 4619; x_wconf 90' lang='lat'><strong><em>:</em></strong></span> <span class='ocrx_word' id='word_1_561' title='bbox 1085 4585 1107 4615; x_wconf 76' lang='grc' dir='ltr'><strong><em>α</em></strong></span> <span class='ocrx_word' id='word_1_562' title='bbox 1142 4563 1199 4620; x_wconf 93' lang='lat' dir='ltr'><strong><em>Si</em></strong></span> <span class='ocrx_word' id='word_1_563' title='bbox 1229 4580 1391 4620; x_wconf 89' lang='lat' dir='ltr'><strong><em>unam</em></strong></span> <span class='ocrx_word' id='word_1_564' title='bbox 1412 4563 1751 4636; x_wconf 87' lang='lat' dir='ltr'><strong><em>peccavisses</em></strong></span> <span class='ocrx_word' id='word_1_565' title='bbox 1773 4565 1882 4638; x_wconf 86' lang='lat' dir='ltr'><strong><em>syl-</em></strong></span> 
     </span>
    </p>
   </div>
   <div class='ocr_carea' id='block_1_78' title="bbox 287 4651 1886 4726">
    <p class='ocr_par' dir='ltr' id='par_1_78' title="bbox 287 4651 1886 4726">
     <span class='ocr_line' id='line_1_78' title="bbox 287 4651 1886 4726; baseline 0.002 -20"><span class='ocrx_word' id='word_1_566' title='bbox 287 4651 482 4718; x_wconf 89' lang='lat' dir='ltr'><strong><em>labam,</em></strong></span> <span class='ocrx_word' id='word_1_567' title='bbox 521 4673 545 4703; x_wconf 69' lang='grc' dir='ltr'><strong>ι</strong></span> <span class='ocrx_word' id='word_1_568' title='bbox 578 4660 684 4708; x_wconf 88' lang='lat' dir='ltr'><strong><em>etc.</em></strong></span> <span class='ocrx_word' id='word_1_569' title='bbox 716 4651 902 4708; x_wconf 87' lang='lat' dir='ltr'><strong><em>Simile</em></strong></span> <span class='ocrx_word' id='word_1_570' title='bbox 930 4663 1013 4708; x_wconf 89' lang='lat' dir='ltr'><strong><em>est</em></strong></span> <span class='ocrx_word' id='word_1_571' title='bbox 1041 4651 1183 4724; x_wconf 88' lang='lat' dir='ltr'><strong><em>apud</em></strong></span> <span class='ocrx_word' id='word_1_572' title='bbox 1212 4653 1324 4709; x_wconf 90' lang='lat' dir='ltr'><strong><em>Cic.</em></strong></span> <span class='ocrx_word' id='word_1_573' title='bbox 1364 4653 1460 4711; x_wconf 87' lang='lat' dir='ltr'><strong><em>lib.</em></strong></span> <span class='ocrx_word' id='word_1_574' title='bbox 1492 4670 1511 4708; x_wconf 84' lang='grc' dir='ltr'><strong>ι</strong></span> <span class='ocrx_word' id='word_1_575' title='bbox 1539 4653 1606 4711; x_wconf 88' lang='lat' dir='ltr'><strong><em>de</em></strong></span> <span class='ocrx_word' id='word_1_576' title='bbox 1648 4655 1761 4726; x_wconf 87' lang='lat' dir='ltr'><strong><em>Off.</em></strong></span> <span class='ocrx_word' id='word_1_577' title='bbox 1794 4653 1886 4710; x_wconf 91' lang='lat' dir='ltr'><strong><em>ubi</em></strong></span> 
     </span>
    </p>
   </div>
   <div class='ocr_carea' id='block_1_79' title="bbox 288 4740 1885 4813">
    <p class='ocr_par' dir='ltr' id='par_1_79' title="bbox 288 4740 1885 4813">
     <span class='ocr_line' id='line_1_79' title="bbox 288 4740 1885 4813; baseline 0.004 -19"><span class='ocrx_word' id='word_1_578' title='bbox 288 4740 363 4794; x_wconf 89' lang='lat' dir='ltr'><strong><em>ait</em></strong></span> <span class='ocrx_word' id='word_1_579' title='bbox 391 4760 406 4797; x_wconf 89' lang='lat'><strong>:</strong></span> <span class='ocrx_word' id='word_1_580' title='bbox 441 4763 463 4792; x_wconf 76' lang='grc' dir='ltr'>ι</span> <span class='ocrx_word' id='word_1_581' title='bbox 500 4743 560 4796; x_wconf 91' lang='lat' dir='ltr'><strong><em>In</em></strong></span> <span class='ocrx_word' id='word_1_582' title='bbox 591 4740 867 4812; x_wconf 87' lang='lat' dir='ltr'><strong><em>republica</em></strong></span> <span class='ocrx_word' id='word_1_583' title='bbox 895 4740 1063 4796; x_wconf 87' lang='lat' dir='ltr'><strong><em>multa</em></strong></span> <span class='ocrx_word' id='word_1_584' title='bbox 1093 4751 1401 4813; x_wconf 89' lang='lat' dir='ltr'><strong><em>peccantur.</em></strong></span> <span class='ocrx_word' id='word_1_585' title='bbox 1450 4761 1473 4796; x_wconf 80' lang='grc' dir='ltr'><strong><em>ι</em></strong></span> <span class='ocrx_word' id='word_1_586' title='bbox 1510 4743 1579 4799; x_wconf 92' lang='lat' dir='ltr'><strong><em>Et</em></strong></span> <span class='ocrx_word' id='word_1_587' title='bbox 1608 4742 1660 4797; x_wconf 92' lang='lat' dir='ltr'><strong><em>in</em></strong></span> <span class='ocrx_word' id='word_1_588' title='bbox 1702 4745 1885 4801; x_wconf 88' lang='lat' dir='ltr'><strong><em>Para-</em></strong></span> 
     </span>
    </p>
   </div>
   <div class='ocr_carea' id='block_1_80' title="bbox 288 4828 1885 4905">
    <p class='ocr_par' dir='ltr' id='par_1_80' title="bbox 288 4828 1885 4905">
     <span class='ocr_line' id='line_1_80' title="bbox 288 4828 1885 4905; baseline 0.003 -20"><span class='ocrx_word' id='word_1_589' title='bbox 288 4828 452 4888; x_wconf 71' lang='lat' dir='ltr'><strong><em>doxis</em></strong></span> <span class='ocrx_word' id='word_1_590' title='bbox 480 4850 500 4888; x_wconf 92' lang='lat'><strong><em>:</em></strong></span> <span class='ocrx_word' id='word_1_591' title='bbox 537 4852 558 4880; x_wconf 80' lang='grc' dir='ltr'><strong><em>α</em></strong></span> <span class='ocrx_word' id='word_1_592' title='bbox 603 4829 879 4902; x_wconf 86' lang='lat' dir='ltr'><strong><em>Quidquid</em></strong></span> <span class='ocrx_word' id='word_1_593' title='bbox 919 4838 1194 4903; x_wconf 86' lang='lat' dir='ltr'><strong><em>peccatur,</em></strong></span> <span class='ocrx_word' id='word_1_594' title='bbox 1230 4831 1285 4886; x_wconf 91' lang='lat' dir='ltr'><strong><em>in</em></strong></span> <span class='ocrx_word' id='word_1_595' title='bbox 1314 4832 1721 4903; x_wconf 88' lang='lat' dir='ltr'><strong><em>perturbatione</em></strong></span> <span class='ocrx_word' id='word_1_596' title='bbox 1752 4850 1885 4905; x_wconf 89' lang='lat' dir='ltr'><strong><em>pec-</em></strong></span> 
     </span>
    </p>
   </div>
   <div class='ocr_carea' id='block_1_81' title="bbox 287 4919 918 4993">
    <p class='ocr_par' dir='ltr' id='par_1_81' title="bbox 287 4919 918 4993">
     <span class='ocr_line' id='line_1_81' title="bbox 287 4919 918 4993; baseline 0.002 -17"><span class='ocrx_word' id='word_1_597' title='bbox 287 4926 447 4976; x_wconf 88' lang='lat' dir='ltr'><strong><em>catur</em></strong></span> <span class='ocrx_word' id='word_1_598' title='bbox 471 4919 718 4993; x_wconf 81' lang='lat' dir='ltr'><strong><em>rationis,</em></strong></span> <span class='ocrx_word' id='word_1_599' title='bbox 753 4941 779 4969; x_wconf 74' lang='lat'>»</span> <span class='ocrx_word' id='word_1_600' title='bbox 813 4926 918 4978; x_wconf 89' lang='lat' dir='ltr'><strong><em>etc.</em></strong></span> 
     </span>
    </p>
   </div>
   <div class='ocr_carea' id='block_1_82' title="bbox 371 5007 1887 5081">
    <p class='ocr_par' dir='ltr' id='par_1_82' title="bbox 371 5007 1887 5081">
     <span class='ocr_line' id='line_1_82' title="bbox 371 5007 1887 5081; baseline 0.004 -19"><span class='ocrx_word' id='word_1_601' title='bbox 371 5007 719 5064; x_wconf 83' lang='lat' dir='ltr'><strong><em>Tractationi</em></strong></span> <span class='ocrx_word' id='word_1_602' title='bbox 752 5011 1010 5077; x_wconf 87' lang='lat' dir='ltr'><strong><em>mutare,</em></strong></span> <span class='ocrx_word' id='word_1_603' title='bbox 1062 5023 1161 5081; x_wconf 89' lang='lat' dir='ltr'><strong><em>pro</em></strong></span> <span class='ocrx_word' id='word_1_604' title='bbox 1200 5012 1536 5076; x_wconf 87' lang='lat' dir='ltr'><strong><em>retractare,</em></strong></span> <span class='ocrx_word' id='word_1_605' title='bbox 1602 5017 1661 5067; x_wconf 90' lang='lat' dir='ltr'><strong><em>ut</em></strong></span> <span class='ocrx_word' id='word_1_606' title='bbox 1687 5011 1887 5080; x_wconf 84' lang='lat' dir='ltr'><strong><em>passim</em></strong></span> 
     </span>
    </p>
   </div>
   <div class='ocr_carea' id='block_1_83' title="bbox 290 5094 447 5150">
    <p class='ocr_par' dir='ltr' id='par_1_83' title="bbox 290 5094 447 5150">
     <span class='ocr_line' id='line_1_83' title="bbox 290 5094 447 5150; baseline 0.006 -1"><span class='ocrx_word' id='word_1_607' title='bbox 290 5094 447 5150; x_wconf 88' lang='lat' dir='ltr'><strong><em>alibi.</em></strong></span> 
     </span>
    </p>
   </div>
   <div class='ocr_carea' id='block_1_84' title="bbox 367 5185 1889 5264">
    <p class='ocr_par' dir='ltr' id='par_1_84' title="bbox 367 5185 1889 5264">
     <span class='ocr_line' id='line_1_84' title="bbox 367 5185 1889 5264; baseline 0.006 -22"><span class='ocrx_word' id='word_1_608' title='bbox 367 5188 545 5253; x_wconf 88' lang='lat' dir='ltr'><strong><em>Pura,</em></strong></span> <span class='ocrx_word' id='word_1_609' title='bbox 575 5185 612 5241; x_wconf 93' lang='lat' dir='ltr'><strong><em>i.</em></strong></span> <span class='ocrx_word' id='word_1_610' title='bbox 645 5204 695 5245; x_wconf 91' lang='lat' dir='ltr'><strong><em>e.</em></strong></span> <span class='ocrx_word' id='word_1_611' title='bbox 728 5189 1049 5264; x_wconf 86' lang='lat' dir='ltr'><strong><em>simplicia;</em></strong></span> <span class='ocrx_word' id='word_1_612' title='bbox 1075 5190 1153 5247; x_wconf 92' lang='lat' dir='ltr'><strong><em>sic</em></strong></span> <span class='ocrx_word' id='word_1_613' title='bbox 1188 5189 1332 5247; x_wconf 89' lang='lat' dir='ltr'><strong><em>enim</em></strong></span> <span class='ocrx_word' id='word_1_614' title='bbox 1371 5191 1427 5246; x_wconf 91' lang='lat' dir='ltr'><strong><em>in</em></strong></span> <span class='ocrx_word' id='word_1_615' title='bbox 1454 5191 1547 5247; x_wconf 93' lang='lat' dir='ltr'><strong><em>lib.</em></strong></span> <span class='ocrx_word' id='word_1_616' title='bbox 1581 5192 1645 5249; x_wconf 90' lang='lat' dir='ltr'><strong><em>de</em></strong></span> <span class='ocrx_word' id='word_1_617' title='bbox 1684 5194 1806 5250; x_wconf 92' lang='lat' dir='ltr'><strong><em>Pal.</em></strong></span> <span class='ocrx_word' id='word_1_618' title='bbox 1841 5208 1889 5251; x_wconf 92' lang='lat' dir='ltr'><strong><em>c.</em></strong></span> 
     </span>
    </p>
   </div>
   <div class='ocr_carea' id='block_1_85' title="bbox 296 5275 1896 5367">
    <p class='ocr_par' dir='ltr' id='par_1_85' title="bbox 296 5275 1896 5367">
     <span class='ocr_line' id='line_1_85' title="bbox 296 5275 1896 5367; baseline 0.006 -38"><span class='ocrx_word' id='word_1_619' title='bbox 296 5277 388 5340; x_wconf 83' lang='grc'><strong>13,</strong></span> <span class='ocrx_word' id='word_1_620' title='bbox 419 5275 493 5330; x_wconf 89' lang='lat' dir='ltr'><strong><em>ait</em></strong></span> <span class='ocrx_word' id='word_1_621' title='bbox 534 5294 547 5329; x_wconf 89' lang='lat'><strong>:</strong></span> <span class='ocrx_word' id='word_1_622' title='bbox 595 5277 870 5367; x_wconf 82' lang='lat' dir='ltr'><strong><em>Contenta</em></strong></span> <span class='ocrx_word' id='word_1_623' title='bbox 918 5279 1150 5351; x_wconf 88' lang='lat' dir='ltr'><strong><em>simplici</em></strong></span> <span class='ocrx_word' id='word_1_624' title='bbox 1187 5281 1413 5353; x_wconf 88' lang='lat' dir='ltr'><strong><em>pabulo,</em></strong></span> <span class='ocrx_word' id='word_1_625' title='bbox 1445 5296 1687 5353; x_wconf 86' lang='lat' dir='ltr'><strong><em>puroque</em></strong></span> <span class='ocrx_word' id='word_1_626' title='bbox 1735 5299 1896 5354; x_wconf 77' lang='lat' dir='ltr'><strong><em>aqua:</em></strong></span> 
     </span>
    </p>
   </div>
   <div class='ocr_carea' id='block_1_86' title="bbox 291 5367 455 5438">
    <p class='ocr_par' dir='ltr' id='par_1_86' title="bbox 291 5367 455 5438">
     <span class='ocr_line' id='line_1_86' title="bbox 291 5367 455 5438; baseline 0 -17"><span class='ocrx_word' id='word_1_627' title='bbox 291 5367 455 5438; x_wconf 86' lang='lat' dir='ltr'><strong><em>potu.</em></strong></span> 
     </span>
    </p>
   </div>
   <div class='ocr_carea' id='block_1_87' title="bbox 371 5453 1896 5532">
    <p class='ocr_par' dir='ltr' id='par_1_87' title="bbox 371 5453 1896 5532">
     <span class='ocr_line' id='line_1_87' title="bbox 371 5453 1896 5532; baseline 0.006 -24"><span class='ocrx_word' id='word_1_628' title='bbox 371 5453 617 5526; x_wconf 81' lang='lat' dir='ltr'><strong><em>Jejuniis</em></strong></span> <span class='ocrx_word' id='word_1_629' title='bbox 640 5472 831 5531; x_wconf 88' lang='lat' dir='ltr'><strong><em>preces</em></strong></span> <span class='ocrx_word' id='word_1_630' title='bbox 862 5459 1038 5516; x_wconf 90' lang='lat' dir='ltr'><strong><em>alere.</em></strong></span> <span class='ocrx_word' id='word_1_631' title='bbox 1064 5457 1302 5532; x_wconf 85' lang='lat' dir='ltr'><strong><em>Elegans</em></strong></span> <span class='ocrx_word' id='word_1_632' title='bbox 1339 5456 1637 5528; x_wconf 88' lang='lat' dir='ltr'><strong><em>translatio,</em></strong></span> <span class='ocrx_word' id='word_1_633' title='bbox 1669 5475 1767 5531; x_wconf 88' lang='lat' dir='ltr'><strong><em>per</em></strong></span> <span class='ocrx_word' id='word_1_634' title='bbox 1794 5476 1896 5517; x_wconf 89' lang='lat' dir='ltr'><strong><em>an-</em></strong></span> 
     </span>
    </p>
   </div>
   <div class='ocr_carea' id='block_1_88' title="bbox 296 5541 1897 5621">
    <p class='ocr_par' dir='ltr' id='par_1_88' title="bbox 296 5541 1897 5621">
     <span class='ocr_line' id='line_1_88' title="bbox 296 5541 1897 5621; baseline 0.007 -25"><span class='ocrx_word' id='word_1_635' title='bbox 296 5541 522 5599; x_wconf 85' lang='lat' dir='ltr'><strong><em>tithesin</em></strong></span> <span class='ocrx_word' id='word_1_636' title='bbox 540 5545 785 5617; x_wconf 86' lang='lat' dir='ltr'><strong><em>jejuniis</em></strong></span> <span class='ocrx_word' id='word_1_637' title='bbox 813 5547 1090 5618; x_wconf 82' lang='lat' dir='ltr'><strong><em>adjuncta.</em></strong></span> <span class='ocrx_word' id='word_1_638' title='bbox 1122 5546 1185 5603; x_wconf 87' lang='lat' dir='ltr'><strong><em>Et</em></strong></span> <span class='ocrx_word' id='word_1_639' title='bbox 1220 5562 1373 5615; x_wconf 87' lang='lat' dir='ltr'><strong><em>sane,</em></strong></span> <span class='ocrx_word' id='word_1_640' title='bbox 1404 5563 1525 5619; x_wconf 80' lang='lat' dir='ltr'><strong><em>quae</em></strong></span> <span class='ocrx_word' id='word_1_641' title='bbox 1553 5551 1776 5621; x_wconf 78' lang='lat' dir='ltr'><strong><em>corpori</em></strong></span> <span class='ocrx_word' id='word_1_642' title='bbox 1802 5549 1897 5607; x_wconf 88' lang='lat' dir='ltr'><strong><em>de-</em></strong></span> 
     </span>
    </p>
   </div>
   <div class='ocr_carea' id='block_1_89' title="bbox 554 5650 904 5712">
    <p class='ocr_par' dir='ltr' id='par_1_89' title="bbox 554 5650 904 5712">
     <span class='ocr_line' id='line_1_89' title="bbox 554 5650 904 5712; baseline 0.009 -3"><span class='ocrx_word' id='word_1_643' title='bbox 554 5650 794 5712; x_wconf 66' lang='lat' dir='ltr'><strong><em>ernon.</em></strong></span> <span class='ocrx_word' id='word_1_644' title='bbox 834 5654 904 5712; x_wconf 88' lang='lat' dir='ltr'><strong><em>Il.</em></strong></span> 
     </span>
    </p>
   </div>
   <div class='ocr_carea' id='block_1_90' title="bbox 1892 3026 3570 3126">
    <p class='ocr_par' dir='ltr' id='par_1_90' title="bbox 1892 3026 3570 3126">
     <span class='ocr_line' id='line_1_90' title="bbox 1892 3026 3570 3126; baseline 0.004 -22"><span class='ocrx_word' id='word_1_645' title='bbox 1892 3026 1949 3116; x_wconf 61' lang='grc' dir='ltr'><strong>θ</strong></span> <span class='ocrx_word' id='word_1_646' title='bbox 1974 3026 2094 3105; x_wconf 53' lang='lat' dir='ltr'><strong><em>ium</em></strong></span> <span class='ocrx_word' id='word_1_647' title='bbox 2125 3049 2193 3105; x_wconf 90' lang='lat' dir='ltr'><strong><em>de</em></strong></span> <span class='ocrx_word' id='word_1_648' title='bbox 2223 3049 2583 3121; x_wconf 69' lang='lat' dir='ltr'><strong><em>expungendi</em></strong></span> <span class='ocrx_word' id='word_1_649' title='bbox 2617 3049 2785 3107; x_wconf 90' lang='lat' dir='ltr'><strong><em>verbo</em></strong></span> <span class='ocrx_word' id='word_1_650' title='bbox 2827 3049 3103 3121; x_wconf 84' lang='lat' dir='ltr'><strong><em>cepiosius</em></strong></span> <span class='ocrx_word' id='word_1_651' title='bbox 3131 3068 3317 3124; x_wconf 88' lang='lat' dir='ltr'><strong><em>supra,</em></strong></span> <span class='ocrx_word' id='word_1_652' title='bbox 3348 3069 3470 3126; x_wconf 87' lang='lat' dir='ltr'><strong><em>cap.</em></strong></span> <span class='ocrx_word' id='word_1_653' title='bbox 3514 3058 3570 3123; x_wconf 90' lang='lat'><strong><em>3,</em></strong></span> 
     </span>
    </p>
   </div>
   <div class='ocr_carea' id='block_1_91' title="bbox 1973 3136 2714 3210">
    <p class='ocr_par' dir='ltr' id='par_1_91' title="bbox 1973 3136 2714 3210">
     <span class='ocr_line' id='line_1_91' title="bbox 1973 3136 2714 3210; baseline -0.004 -15"><span class='ocrx_word' id='word_1_654' title='bbox 1973 3147 2087 3196; x_wconf 90' lang='lat' dir='ltr'><strong><em>not.</em></strong></span> <span class='ocrx_word' id='word_1_655' title='bbox 2120 3140 2432 3210; x_wconf 74' lang='lat' dir='ltr'><strong><em>Expungit,</em></strong></span> <span class='ocrx_word' id='word_1_656' title='bbox 2461 3136 2714 3195; x_wconf 89' lang='lat' dir='ltr'><strong><em>diximus.</em></strong></span> 
     </span>
    </p>
   </div>
   <div class='ocr_carea' id='block_1_92' title="bbox 2496 3344 3057 3420">
    <p class='ocr_par' dir='ltr' id='par_1_92' title="bbox 2496 3344 3057 3420">
     <span class='ocr_line' id='line_1_92' title="bbox 2496 3344 3057 3420; baseline 0.002 -19"><span class='ocrx_word' id='word_1_657' title='bbox 2496 3346 2655 3403; x_wconf 47' lang='lat' dir='ltr'><strong><em>Nota!</em></strong></span> <span class='ocrx_word' id='word_1_658' title='bbox 2682 3344 2757 3403; x_wconf 90' lang='lat' dir='ltr'><strong><em>ad</em></strong></span> <span class='ocrx_word' id='word_1_659' title='bbox 2786 3352 2964 3420; x_wconf 86' lang='lat' dir='ltr'><strong><em>caput</em></strong></span> <span class='ocrx_word' id='word_1_660' title='bbox 2995 3350 3057 3405; x_wconf 85' lang='lat' dir='ltr'><strong><em>X.</em></strong></span> 
     </span>
    </p>
   </div>
   <div class='ocr_carea' id='block_1_93' title="bbox 2053 3495 3570 3571">
    <p class='ocr_par' dir='ltr' id='par_1_93' title="bbox 2053 3495 3570 3571">
     <span class='ocr_line' id='line_1_93' title="bbox 2053 3495 3570 3571; baseline 0.001 -20"><span class='ocrx_word' id='word_1_661' title='bbox 2053 3497 2346 3551; x_wconf 63' lang='lat' dir='ltr'><strong><em>Praesumo</em></strong></span> <span class='ocrx_word' id='word_1_662' title='bbox 2373 3495 2590 3566; x_wconf 90' lang='lat' dir='ltr'><strong><em>ponitur</em></strong></span> <span class='ocrx_word' id='word_1_663' title='bbox 2619 3495 2705 3551; x_wconf 89' lang='lat' dir='ltr'><strong><em>hic</em></strong></span> <span class='ocrx_word' id='word_1_664' title='bbox 2737 3512 2836 3568; x_wconf 90' lang='lat' dir='ltr'><strong><em>pro</em></strong></span> <span class='ocrx_word' id='word_1_665' title='bbox 2862 3499 3153 3563; x_wconf 71' lang='lat' dir='ltr'><strong><em>existimo,</em></strong></span> <span class='ocrx_word' id='word_1_666' title='bbox 3175 3502 3267 3551; x_wconf 89' lang='lat' dir='ltr'><strong><em>aut</em></strong></span> <span class='ocrx_word' id='word_1_667' title='bbox 3295 3511 3570 3571; x_wconf 86' lang='lat' dir='ltr'><strong><em>suppono,</em></strong></span> 
     </span>
    </p>
   </div>
   <div class='ocr_carea' id='block_1_94' title="bbox 1979 3584 3569 3658">
    <p class='ocr_par' dir='ltr' id='par_1_94' title="bbox 1979 3584 3569 3658">
     <span class='ocr_line' id='line_1_94' title="bbox 1979 3584 3569 3658; baseline 0.001 -17"><span class='ocrx_word' id='word_1_668' title='bbox 1979 3586 2062 3642; x_wconf 86' lang='lat' dir='ltr'><strong><em>vel</em></strong></span> <span class='ocrx_word' id='word_1_669' title='bbox 2094 3585 2411 3656; x_wconf 83' lang='lat' dir='ltr'><strong><em>anticipata</em></strong></span> <span class='ocrx_word' id='word_1_670' title='bbox 2431 3586 2649 3656; x_wconf 88' lang='lat' dir='ltr'><strong><em>judico.</em></strong></span> <span class='ocrx_word' id='word_1_671' title='bbox 2671 3586 2759 3642; x_wconf 92' lang='lat' dir='ltr'><strong><em>Sic</em></strong></span> <span class='ocrx_word' id='word_1_672' title='bbox 2786 3586 2984 3642; x_wconf 89' lang='lat' dir='ltr'><strong><em>Noster</em></strong></span> <span class='ocrx_word' id='word_1_673' title='bbox 3013 3585 3065 3640; x_wconf 91' lang='lat' dir='ltr'><strong><em>in</em></strong></span> <span class='ocrx_word' id='word_1_674' title='bbox 3096 3587 3278 3658; x_wconf 88' lang='lat' dir='ltr'><strong><em>Apol.,</em></strong></span> <span class='ocrx_word' id='word_1_675' title='bbox 3301 3600 3350 3641; x_wconf 91' lang='lat' dir='ltr'><strong><em>c.</em></strong></span> <span class='ocrx_word' id='word_1_676' title='bbox 3376 3589 3428 3652; x_wconf 82' lang='lat'><strong><em>2,</em></strong></span> <span class='ocrx_word' id='word_1_677' title='bbox 3452 3584 3528 3640; x_wconf 91' lang='lat' dir='ltr'><strong><em>ait</em></strong></span> <span class='ocrx_word' id='word_1_678' title='bbox 3556 3605 3569 3642; x_wconf 75' lang='grc' dir='ltr'><strong>ε</strong></span> 
     </span>
    </p>
   </div>
   <div class='ocr_carea' id='block_1_95' title="bbox 1986 3673 3577 3743">
    <p class='ocr_par' dir='ltr' id='par_1_95' title="bbox 1986 3673 3577 3743">
     <span class='ocr_line' id='line_1_95' title="bbox 1986 3673 3577 3743; baseline 0 -13"><span class='ocrx_word' id='word_1_679' title='bbox 1986 3675 2122 3730; x_wconf 85' lang='lat' dir='ltr'><strong><em>Cum</em></strong></span> <span class='ocrx_word' id='word_1_680' title='bbox 2152 3673 2493 3743; x_wconf 59' lang='lat' dir='ltr'><strong><em>prmsumatis</em></strong></span> <span class='ocrx_word' id='word_1_681' title='bbox 2522 3674 2589 3729; x_wconf 89' lang='lat' dir='ltr'><strong><em>de</em></strong></span> <span class='ocrx_word' id='word_1_682' title='bbox 2624 3674 2930 3732; x_wconf 90' lang='lat' dir='ltr'><strong><em>sceleribus</em></strong></span> <span class='ocrx_word' id='word_1_683' title='bbox 2966 3676 3179 3731; x_wconf 88' lang='lat' dir='ltr'><strong><em>nostris</em></strong></span> <span class='ocrx_word' id='word_1_684' title='bbox 3222 3692 3295 3734; x_wconf 75' lang='lat' dir='ltr'><strong><em>ex</em></strong></span> <span class='ocrx_word' id='word_1_685' title='bbox 3324 3675 3577 3732; x_wconf 88' lang='lat' dir='ltr'><strong><em>nominis</em></strong></span> 
     </span>
    </p>
   </div>
   <div class='ocr_carea' id='block_1_96' title="bbox 1980 3764 2490 3835">
    <p class='ocr_par' dir='ltr' id='par_1_96' title="bbox 1980 3764 2490 3835">
     <span class='ocr_line' id='line_1_96' title="bbox 1980 3764 2490 3835; baseline -0.004 -14"><span class='ocrx_word' id='word_1_686' title='bbox 1980 3764 2352 3835; x_wconf 84' lang='lat' dir='ltr'><strong><em>confessione,</em></strong></span> <span class='ocrx_word' id='word_1_687' title='bbox 2386 3772 2490 3819; x_wconf 88' lang='lat' dir='ltr'><strong><em>etc.</em></strong></span> 
     </span>
    </p>
   </div>
   <div class='ocr_carea' id='block_1_97' title="bbox 2057 3853 2775 3918">
    <p class='ocr_par' dir='ltr' id='par_1_97' title="bbox 2057 3853 2775 3918">
     <span class='ocr_line' id='line_1_97' title="bbox 2057 3853 2775 3918; baseline -0.003 -9"><span class='ocrx_word' id='word_1_688' title='bbox 2057 3853 2493 3918; x_wconf 88' lang='lat' dir='ltr'><strong><em>Conscientiam,</em></strong></span> <span class='ocrx_word' id='word_1_689' title='bbox 2552 3867 2651 3907; x_wconf 90' lang='lat' dir='ltr'><strong><em>seu</em></strong></span> <span class='ocrx_word' id='word_1_690' title='bbox 2709 3868 2775 3908; x_wconf 91' lang='lat' dir='ltr'><strong><em>ex</em></strong></span> 
     </span>
    </p>
   </div>
   <div class='ocr_carea' id='block_1_98' title="bbox 1980 3941 2245 3998">
    <p class='ocr_par' dir='ltr' id='par_1_98' title="bbox 1980 3941 2245 3998">
     <span class='ocr_line' id='line_1_98' title="bbox 1980 3941 2245 3998; baseline -0.008 -2"><span class='ocrx_word' id='word_1_691' title='bbox 1980 3941 2245 3998; x_wconf 85' lang='lat' dir='ltr'><strong><em>notitiam.</em></strong></span> 
     </span>
    </p>
   </div>
   <div class='ocr_carea' id='block_1_99' title="bbox 1983 4028 3583 4101">
    <p class='ocr_par' dir='ltr' id='par_1_99' title="bbox 1983 4028 3583 4101">
     <span class='ocr_line' id='line_1_99' title="bbox 1983 4028 3583 4101; baseline -0.003 -15"><span class='ocrx_word' id='word_1_692' title='bbox 1983 4059 1985 4062; x_wconf 50' lang='grc'>‹</span> <span class='ocrx_word' id='word_1_693' title='bbox 2057 4030 2364 4096; x_wconf 72' lang='grc' dir='ltr'><strong><em>Ρνοάασίω,</em></strong></span> <span class='ocrx_word' id='word_1_694' title='bbox 2390 4028 2430 4084; x_wconf 93' lang='lat' dir='ltr'><strong><em>i.</em></strong></span> <span class='ocrx_word' id='word_1_695' title='bbox 2464 4045 2512 4085; x_wconf 92' lang='lat' dir='ltr'><strong><em>e.</em></strong></span> <span class='ocrx_word' id='word_1_696' title='bbox 2542 4037 2745 4086; x_wconf 89' lang='lat' dir='ltr'><strong><em>temere</em></strong></span> <span class='ocrx_word' id='word_1_697' title='bbox 2773 4030 3050 4101; x_wconf 74' lang='lat' dir='ltr'><strong><em>projectze,</em></strong></span> <span class='ocrx_word' id='word_1_698' title='bbox 3082 4036 3173 4085; x_wconf 84' lang='lat' dir='ltr'><strong><em>aut</em></strong></span> <span class='ocrx_word' id='word_1_699' title='bbox 3200 4028 3456 4100; x_wconf 58' lang='lat' dir='ltr'><strong><em>profuse.</em></strong></span> <span class='ocrx_word' id='word_1_700' title='bbox 3491 4028 3583 4085; x_wconf 92' lang='lat' dir='ltr'><strong><em>Sic</em></strong></span> 
     </span>
    </p>
   </div>
   <div class='ocr_carea' id='block_1_100' title="bbox 1983 4118 3585 4189">
    <p class='ocr_par' dir='ltr' id='par_1_100' title="bbox 1983 4118 3585 4189">
     <span class='ocr_line' id='line_1_100' title="bbox 1983 4118 3585 4189; baseline -0.002 -14"><span class='ocrx_word' id='word_1_701' title='bbox 1983 4122 2129 4176; x_wconf 87' lang='lat' dir='ltr'><strong><em>enim</em></strong></span> <span class='ocrx_word' id='word_1_702' title='bbox 2172 4119 2227 4173; x_wconf 90' lang='lat' dir='ltr'><strong><em>in</em></strong></span> <span class='ocrx_word' id='word_1_703' title='bbox 2277 4120 2370 4173; x_wconf 90' lang='lat' dir='ltr'><strong><em>lib.</em></strong></span> <span class='ocrx_word' id='word_1_704' title='bbox 2401 4119 2467 4173; x_wconf 89' lang='lat' dir='ltr'><strong><em>de</em></strong></span> <span class='ocrx_word' id='word_1_705' title='bbox 2495 4120 2626 4186; x_wconf 82' lang='lat' dir='ltr'><strong><em>An.,</em></strong></span> <span class='ocrx_word' id='word_1_706' title='bbox 2655 4135 2707 4175; x_wconf 92' lang='lat' dir='ltr'><strong><em>c.</em></strong></span> <span class='ocrx_word' id='word_1_707' title='bbox 2738 4121 2827 4189; x_wconf 81' lang='grc'><strong><em>48,</em></strong></span> <span class='ocrx_word' id='word_1_708' title='bbox 2857 4119 2933 4175; x_wconf 91' lang='lat' dir='ltr'><strong><em>ait</em></strong></span> <span class='ocrx_word' id='word_1_709' title='bbox 2963 4136 2975 4175; x_wconf 91' lang='lat'>:</span> <span class='ocrx_word' id='word_1_710' title='bbox 3025 4137 3049 4170; x_wconf 69' lang='grc' dir='ltr'><strong>ε</strong></span> <span class='ocrx_word' id='word_1_711' title='bbox 3082 4118 3325 4173; x_wconf 88' lang='lat' dir='ltr'><strong><em>Certiora</em></strong></span> <span class='ocrx_word' id='word_1_712' title='bbox 3365 4126 3419 4172; x_wconf 90' lang='lat' dir='ltr'><strong><em>et</em></strong></span> <span class='ocrx_word' id='word_1_713' title='bbox 3464 4131 3585 4172; x_wconf 91' lang='lat' dir='ltr'><strong><em>evo-</em></strong></span> 
     </span>
    </p>
   </div>
   <div class='ocr_carea' id='block_1_101' title="bbox 1984 4200 3583 4286">
    <p class='ocr_par' dir='ltr' id='par_1_101' title="bbox 1984 4200 3583 4286">
     <span class='ocr_line' id='line_1_101' title="bbox 1984 4200 3583 4286; baseline -0.003 -25"><span class='ocrx_word' id='word_1_714' title='bbox 1984 4207 2184 4286; x_wconf 70' lang='lat' dir='ltr'><strong><em>lutiora</em></strong></span> <span class='ocrx_word' id='word_1_715' title='bbox 2223 4205 2481 4261; x_wconf 85' lang='lat' dir='ltr'><strong><em>somniari</em></strong></span> <span class='ocrx_word' id='word_1_716' title='bbox 2550 4204 2817 4261; x_wconf 82' lang='lat' dir='ltr'><strong><em>affirmant</em></strong></span> <span class='ocrx_word' id='word_1_717' title='bbox 2880 4204 2980 4258; x_wconf 89' lang='lat' dir='ltr'><strong><em>sub</em></strong></span> <span class='ocrx_word' id='word_1_718' title='bbox 3039 4201 3255 4258; x_wconf 88' lang='lat' dir='ltr'><strong><em>extimis</em></strong></span> <span class='ocrx_word' id='word_1_719' title='bbox 3309 4200 3583 4268; x_wconf 88' lang='lat' dir='ltr'><strong><em>noctibus,</em></strong></span> 
     </span>
    </p>
   </div>
   <div class='ocr_carea' id='block_1_102' title="bbox 1987 4290 3585 4368">
    <p class='ocr_par' dir='ltr' id='par_1_102' title="bbox 1987 4290 3585 4368">
     <span class='ocr_line' id='line_1_102' title="bbox 1987 4290 3585 4368; baseline -0.002 -18"><span class='ocrx_word' id='word_1_720' title='bbox 1987 4294 2138 4368; x_wconf 90' lang='lat' dir='ltr'><strong><em>quasi</em></strong></span> <span class='ocrx_word' id='word_1_721' title='bbox 2192 4294 2302 4363; x_wconf 81' lang='lat' dir='ltr'><strong><em>jam</em></strong></span> <span class='ocrx_word' id='word_1_722' title='bbox 2356 4302 2662 4367; x_wconf 84' lang='lat' dir='ltr'><strong><em>emergente</em></strong></span> <span class='ocrx_word' id='word_1_723' title='bbox 2717 4294 3016 4348; x_wconf 87' lang='lat' dir='ltr'><strong><em>animarum</em></strong></span> <span class='ocrx_word' id='word_1_724' title='bbox 3076 4291 3289 4365; x_wconf 86' lang='lat' dir='ltr'><strong><em>vigore,</em></strong></span> <span class='ocrx_word' id='word_1_725' title='bbox 3325 4290 3585 4363; x_wconf 90' lang='lat' dir='ltr'><strong><em>producto</em></strong></span> 
     </span>
    </p>
   </div>
   <div class='ocr_carea' id='block_1_103' title="bbox 1987 4398 2263 4457">
    <p class='ocr_par' dir='ltr' id='par_1_103' title="bbox 1987 4398 2263 4457">
     <span class='ocr_line' id='line_1_103' title="bbox 1987 4398 2263 4457; baseline -0.022 -16"><span class='ocrx_word' id='word_1_726' title='bbox 1987 4401 2048 4442; x_wconf 91' lang='lat' dir='ltr'><strong><em>so</em></strong></span> <span class='ocrx_word' id='word_1_727' title='bbox 2055 4398 2200 4457; x_wconf 88' lang='lat' dir='ltr'><strong><em>pore.</em></strong></span> <span class='ocrx_word' id='word_1_728' title='bbox 2237 4402 2263 4435; x_wconf 64' lang='grc' dir='ltr'><strong><em>ι</em></strong></span> 
     </span>
    </p>
   </div>
   <div class='ocr_carea' id='block_1_104' title="bbox 2062 4468 3588 4546">
    <p class='ocr_par' dir='ltr' id='par_1_104' title="bbox 2062 4468 3588 4546">
     <span class='ocr_line' id='line_1_104' title="bbox 2062 4468 3588 4546; baseline -0.005 -16"><span class='ocrx_word' id='word_1_729' title='bbox 2062 4473 2400 4546; x_wconf 85' lang='lat' dir='ltr'><strong><em>Reformari,</em></strong></span> <span class='ocrx_word' id='word_1_730' title='bbox 2450 4471 2652 4528; x_wconf 90' lang='lat' dir='ltr'><strong><em>scilicet</em></strong></span> <span class='ocrx_word' id='word_1_731' title='bbox 2696 4470 2765 4526; x_wconf 88' lang='lat' dir='ltr'><strong><em>ad</em></strong></span> <span class='ocrx_word' id='word_1_732' title='bbox 2808 4469 3078 4538; x_wconf 87' lang='lat' dir='ltr'><strong><em>salutem,</em></strong></span> <span class='ocrx_word' id='word_1_733' title='bbox 3126 4468 3372 4526; x_wconf 88' lang='lat' dir='ltr'><strong><em>eamdem</em></strong></span> <span class='ocrx_word' id='word_1_734' title='bbox 3418 4468 3472 4524; x_wconf 88' lang='lat' dir='ltr'><strong><em>in</em></strong></span> <span class='ocrx_word' id='word_1_735' title='bbox 3528 4483 3588 4523; x_wconf 89' lang='lat' dir='ltr'><strong><em>se</em></strong></span> 
     </span>
    </p>
   </div>
   <div class='ocr_carea' id='block_1_105' title="bbox 1987 4563 2358 4622">
    <p class='ocr_par' dir='ltr' id='par_1_105' title="bbox 1987 4563 2358 4622">
     <span class='ocr_line' id='line_1_105' title="bbox 1987 4563 2358 4622; baseline -0.013 0"><span class='ocrx_word' id='word_1_736' title='bbox 1987 4563 2358 4622; x_wconf 88' lang='lat' dir='ltr'><strong><em>restaurando.</em></strong></span> 
     </span>
    </p>
   </div>
   <div class='ocr_carea' id='block_1_106' title="bbox 2063 4647 3466 4712">
    <p class='ocr_par' dir='ltr' id='par_1_106' title="bbox 2063 4647 3466 4712">
     <span class='ocr_line' id='line_1_106' title="bbox 2063 4647 3466 4712; baseline -0.005 -1"><span class='ocrx_word' id='word_1_737' title='bbox 2063 4655 2160 4711; x_wconf 74' lang='lat' dir='ltr'><strong><em>Nae</em></strong></span> <span class='ocrx_word' id='word_1_738' title='bbox 2192 4657 2257 4711; x_wconf 87' lang='lat' dir='ltr'><strong><em>tu</em></strong></span> <span class='ocrx_word' id='word_1_739' title='bbox 2288 4652 2633 4712; x_wconf 86' lang='lat' dir='ltr'><strong><em>verecundia</em></strong></span> <span class='ocrx_word' id='word_1_740' title='bbox 2661 4653 2857 4711; x_wconf 86' lang='lat' dir='ltr'><strong><em>bonus.</em></strong></span> <span class='ocrx_word' id='word_1_741' title='bbox 2887 4647 3066 4706; x_wconf 88' lang='lat' dir='ltr'><strong><em>Ironia</em></strong></span> <span class='ocrx_word' id='word_1_742' title='bbox 3103 4647 3235 4706; x_wconf 87' lang='lat' dir='ltr'><strong><em>satis</em></strong></span> <span class='ocrx_word' id='word_1_743' title='bbox 3265 4664 3466 4705; x_wconf 87' lang='lat' dir='ltr'><strong><em>amara.</em></strong></span> 
     </span>
    </p>
   </div>
   <div class='ocr_carea' id='block_1_107' title="bbox 2065 4736 3592 4816">
    <p class='ocr_par' dir='ltr' id='par_1_107' title="bbox 2065 4736 3592 4816">
     <span class='ocr_line' id='line_1_107' title="bbox 2065 4736 3592 4816; baseline -0.007 -15"><span class='ocrx_word' id='word_1_744' title='bbox 2065 4744 2403 4816; x_wconf 66' lang='lat' dir='ltr'><strong><em>Erpandens</em></strong></span> <span class='ocrx_word' id='word_1_745' title='bbox 2440 4745 2707 4815; x_wconf 85' lang='lat' dir='ltr'><strong><em>frontem.</em></strong></span> <span class='ocrx_word' id='word_1_746' title='bbox 2740 4740 2935 4810; x_wconf 87' lang='lat' dir='ltr'><strong><em>Frons,</em></strong></span> <span class='ocrx_word' id='word_1_747' title='bbox 2966 4736 3131 4794; x_wconf 90' lang='lat' dir='ltr'><strong><em>animi</em></strong></span> <span class='ocrx_word' id='word_1_748' title='bbox 3169 4737 3351 4808; x_wconf 87' lang='lat' dir='ltr'><strong><em>iudex,</em></strong></span> <span class='ocrx_word' id='word_1_749' title='bbox 3384 4751 3592 4808; x_wconf 82' lang='lat' dir='ltr'><strong><em>expan-</em></strong></span> 
     </span>
    </p>
   </div>
   <div class='ocr_carea' id='block_1_108' title="bbox 1991 4834 2423 4892">
    <p class='ocr_par' dir='ltr' id='par_1_108' title="bbox 1991 4834 2423 4892">
     <span class='ocr_line' id='line_1_108' title="bbox 1991 4834 2423 4892; baseline -0.009 -1"><span class='ocrx_word' id='word_1_750' title='bbox 1991 4834 2134 4891; x_wconf 90' lang='lat' dir='ltr'><strong><em>ditur</em></strong></span> <span class='ocrx_word' id='word_1_751' title='bbox 2162 4835 2423 4892; x_wconf 86' lang='lat' dir='ltr'><strong><em>audacia.</em></strong></span> 
     </span>
    </p>
   </div>
   <div class='ocr_carea' id='block_1_109' title="bbox 2065 4915 3595 4999">
    <p class='ocr_par' dir='ltr' id='par_1_109' title="bbox 2065 4915 3595 4999">
     <span class='ocr_line' id='line_1_109' title="bbox 2065 4915 3595 4999; baseline -0.008 -17"><span class='ocrx_word' id='word_1_752' title='bbox 2065 4925 2145 4982; x_wconf 90' lang='lat' dir='ltr'><strong><em>Ad</em></strong></span> <span class='ocrx_word' id='word_1_753' title='bbox 2181 4924 2591 4999; x_wconf 87' lang='lat' dir='ltr'><strong><em>deprecandum</em></strong></span> <span class='ocrx_word' id='word_1_754' title='bbox 2635 4939 2762 4981; x_wconf 86' lang='lat' dir='ltr'><strong><em>vero</em></strong></span> <span class='ocrx_word' id='word_1_755' title='bbox 2799 4919 3132 4978; x_wconf 87' lang='lat' dir='ltr'><strong><em>subducens.</em></strong></span> <span class='ocrx_word' id='word_1_756' title='bbox 3163 4916 3364 4974; x_wconf 89' lang='lat' dir='ltr'><strong><em>Eadem</em></strong></span> <span class='ocrx_word' id='word_1_757' title='bbox 3402 4915 3595 4973; x_wconf 90' lang='lat' dir='ltr'><strong><em>remit-</em></strong></span> 
     </span>
    </p>
   </div>
   <div class='ocr_carea' id='block_1_110' title="bbox 1997 5012 3076 5086">
    <p class='ocr_par' dir='ltr' id='par_1_110' title="bbox 1997 5012 3076 5086">
     <span class='ocr_line' id='line_1_110' title="bbox 1997 5012 3076 5086; baseline -0.008 -12"><span class='ocrx_word' id='word_1_758' title='bbox 1997 5017 2127 5075; x_wconf 88' lang='lat' dir='ltr'><strong><em>titur</em></strong></span> <span class='ocrx_word' id='word_1_759' title='bbox 2160 5015 2460 5085; x_wconf 87' lang='lat' dir='ltr'><strong><em>dejectione</em></strong></span> <span class='ocrx_word' id='word_1_760' title='bbox 2490 5022 2543 5070; x_wconf 92' lang='lat' dir='ltr'><strong><em>et</em></strong></span> <span class='ocrx_word' id='word_1_761' title='bbox 2571 5012 3076 5086; x_wconf 87' lang='lat' dir='ltr'><strong><em>pusillanimitate.</em></strong></span> 
     </span>
    </p>
   </div>
   <div class='ocr_carea' id='block_1_111' title="bbox 2068 5097 3598 5175">
    <p class='ocr_par' dir='ltr' id='par_1_111' title="bbox 2068 5097 3598 5175">
     <span class='ocr_line' id='line_1_111' title="bbox 2068 5097 3598 5175; baseline -0.006 -15"><span class='ocrx_word' id='word_1_762' title='bbox 2068 5105 2142 5162; x_wconf 91' lang='lat' dir='ltr'><strong><em>De</em></strong></span> <span class='ocrx_word' id='word_1_763' title='bbox 2174 5105 2513 5161; x_wconf 82' lang='lat' dir='ltr'><strong><em>detrimento</em></strong></span> <span class='ocrx_word' id='word_1_764' title='bbox 2559 5104 2700 5175; x_wconf 85' lang='lat' dir='ltr'><strong><em>ejus.</em></strong></span> <span class='ocrx_word' id='word_1_765' title='bbox 2740 5099 3087 5174; x_wconf 73' lang='grc' dir='ltr'><strong><em>’Τστερολογία</em></strong></span> <span class='ocrx_word' id='word_1_766' title='bbox 3116 5109 3220 5170; x_wconf 87' lang='lat' dir='ltr'><strong><em>est,</em></strong></span> <span class='ocrx_word' id='word_1_767' title='bbox 3252 5097 3324 5154; x_wconf 89' lang='lat' dir='ltr'><strong><em>ita</em></strong></span> <span class='ocrx_word' id='word_1_768' title='bbox 3363 5112 3464 5153; x_wconf 88' lang='lat' dir='ltr'><strong><em>suo</em></strong></span> <span class='ocrx_word' id='word_1_769' title='bbox 3510 5110 3598 5152; x_wconf 89' lang='lat' dir='ltr'><strong><em>or-</em></strong></span> 
     </span>
    </p>
   </div>
   <div class='ocr_carea' id='block_1_112' title="bbox 1998 5186 3602 5265">
    <p class='ocr_par' dir='ltr' id='par_1_112' title="bbox 1998 5186 3602 5265">
     <span class='ocr_line' id='line_1_112' title="bbox 1998 5186 3602 5265; baseline -0.006 -15"><span class='ocrx_word' id='word_1_770' title='bbox 1998 5194 2112 5251; x_wconf 89' lang='lat' dir='ltr'><strong><em>dini</em></strong></span> <span class='ocrx_word' id='word_1_771' title='bbox 2140 5192 2475 5249; x_wconf 85' lang='lat' dir='ltr'><strong><em>restituenda</em></strong></span> <span class='ocrx_word' id='word_1_772' title='bbox 2506 5210 2518 5249; x_wconf 88' lang='lat'><strong>:</strong></span> <span class='ocrx_word' id='word_1_773' title='bbox 2551 5194 2682 5265; x_wconf 86' lang='lat' dir='ltr'><strong><em>plus</em></strong></span> <span class='ocrx_word' id='word_1_774' title='bbox 2712 5192 2778 5248; x_wconf 88' lang='lat' dir='ltr'><strong><em>de</em></strong></span> <span class='ocrx_word' id='word_1_775' title='bbox 2799 5209 2860 5249; x_wconf 87' lang='lat' dir='ltr'><strong><em>eo</em></strong></span> <span class='ocrx_word' id='word_1_776' title='bbox 2889 5191 3242 5260; x_wconf 88' lang='lat' dir='ltr'><strong><em>detrimenti,</em></strong></span> <span class='ocrx_word' id='word_1_777' title='bbox 3263 5196 3352 5243; x_wconf 89' lang='lat' dir='ltr'><strong><em>aut</em></strong></span> <span class='ocrx_word' id='word_1_778' title='bbox 3374 5187 3507 5259; x_wconf 84' lang='lat' dir='ltr'><strong><em>plus</em></strong></span> <span class='ocrx_word' id='word_1_779' title='bbox 3536 5186 3602 5242; x_wconf 89' lang='lat' dir='ltr'><strong><em>de</em></strong></span> 
     </span>
    </p>
   </div>
   <div class='ocr_carea' id='block_1_113' title="bbox 2001 5277 3454 5356">
    <p class='ocr_par' dir='ltr' id='par_1_113' title="bbox 2001 5277 3454 5356">
     <span class='ocr_line' id='line_1_113' title="bbox 2001 5277 3454 5356; baseline -0.007 -15"><span class='ocrx_word' id='word_1_780' title='bbox 2001 5284 2369 5347; x_wconf 84' lang='lat' dir='ltr'><strong><em>detrimento,</em></strong></span> <span class='ocrx_word' id='word_1_781' title='bbox 2403 5280 2547 5356; x_wconf 90' lang='lat' dir='ltr'><strong><em>quod</em></strong></span> <span class='ocrx_word' id='word_1_782' title='bbox 2576 5283 2643 5339; x_wconf 91' lang='lat' dir='ltr'><strong><em>ab</em></strong></span> <span class='ocrx_word' id='word_1_783' title='bbox 2672 5295 2732 5337; x_wconf 93' lang='lat' dir='ltr'><strong><em>eo</em></strong></span> <span class='ocrx_word' id='word_1_784' title='bbox 2770 5280 2982 5352; x_wconf 84' lang='lat' dir='ltr'><strong><em>inferri</em></strong></span> <span class='ocrx_word' id='word_1_785' title='bbox 3007 5280 3172 5346; x_wconf 91' lang='lat' dir='ltr'><strong><em>solet,</em></strong></span> <span class='ocrx_word' id='word_1_786' title='bbox 3201 5277 3454 5349; x_wconf 87' lang='lat' dir='ltr'><strong><em>acquiro.</em></strong></span> 
     </span>
    </p>
   </div>
   <div class='ocr_carea' id='block_1_114' title="bbox 2078 5361 3602 5445">
    <p class='ocr_par' dir='ltr' id='par_1_114' title="bbox 2078 5361 3602 5445">
     <span class='ocr_line' id='line_1_114' title="bbox 2078 5361 3602 5445; baseline -0.009 -14"><span class='ocrx_word' id='word_1_787' title='bbox 2078 5376 2143 5431; x_wconf 88' lang='lat' dir='ltr'><strong><em>In</em></strong></span> <span class='ocrx_word' id='word_1_788' title='bbox 2175 5372 2490 5445; x_wconf 79' lang='lat' dir='ltr'><strong><em>risiloquio.</em></strong></span> <span class='ocrx_word' id='word_1_789' title='bbox 2522 5370 2697 5427; x_wconf 67' lang='lat' dir='ltr'><strong><em>Graeci</em></strong></span> <span class='ocrx_word' id='word_1_790' title='bbox 2729 5370 3029 5444; x_wconf 69' lang='grc' dir='ltr'><strong><em>σαρκασμὸν,</em></strong></span> <span class='ocrx_word' id='word_1_791' title='bbox 3072 5374 3165 5423; x_wconf 86' lang='lat' dir='ltr'><strong><em>aut</em></strong></span> <span class='ocrx_word' id='word_1_792' title='bbox 3227 5361 3471 5436; x_wconf 75' lang='grc' dir='ltr'><strong><em>εἰρωνείαν</em></strong></span> <span class='ocrx_word' id='word_1_793' title='bbox 3502 5363 3602 5418; x_wconf 85' lang='lat' dir='ltr'><strong><em>La-</em></strong></span> 
     </span>
    </p>
   </div>
   <div class='ocr_carea' id='block_1_115' title="bbox 2008 5459 2928 5531">
    <p class='ocr_par' dir='ltr' id='par_1_115' title="bbox 2008 5459 2928 5531">
     <span class='ocr_line' id='line_1_115' title="bbox 2008 5459 2928 5531; baseline -0.003 -13"><span class='ocrx_word' id='word_1_794' title='bbox 2008 5463 2106 5520; x_wconf 86' lang='lat' dir='ltr'><strong><em>tini</em></strong></span> <span class='ocrx_word' id='word_1_795' title='bbox 2139 5464 2489 5531; x_wconf 86' lang='lat' dir='ltr'><strong><em>irrisionem,</em></strong></span> <span class='ocrx_word' id='word_1_796' title='bbox 2520 5460 2700 5517; x_wconf 82' lang='lat' dir='ltr'><strong><em>dicere</em></strong></span> <span class='ocrx_word' id='word_1_797' title='bbox 2730 5459 2928 5516; x_wconf 89' lang='lat' dir='ltr'><strong><em>solent.</em></strong></span> 
     </span>
    </p>
   </div>
   <div class='ocr_carea' id='block_1_116' title="bbox 2090 5540 3609 5626">
    <p class='ocr_par' dir='ltr' id='par_1_116' title="bbox 2090 5540 3609 5626">
     <span class='ocr_line' id='line_1_116' title="bbox 2090 5540 3609 5626; baseline -0.009 -17"><span class='ocrx_word' id='word_1_798' title='bbox 2090 5557 2224 5612; x_wconf 88' lang='lat' dir='ltr'><strong><em>Pros</em></strong></span> <span class='ocrx_word' id='word_1_799' title='bbox 2232 5555 2381 5610; x_wconf 89' lang='lat' dir='ltr'><strong><em>trato</em></strong></span> <span class='ocrx_word' id='word_1_800' title='bbox 2402 5551 2882 5626; x_wconf 87' lang='lat' dir='ltr'><strong><em>superscenditur.</em></strong></span> <span class='ocrx_word' id='word_1_801' title='bbox 2897 5546 3040 5603; x_wconf 86' lang='lat' dir='ltr'><strong><em>Nihil</em></strong></span> <span class='ocrx_word' id='word_1_802' title='bbox 3053 5558 3182 5600; x_wconf 85' lang='lat' dir='ltr'><strong><em>sane</em></strong></span> <span class='ocrx_word' id='word_1_803' title='bbox 3191 5542 3378 5612; x_wconf 90' lang='lat' dir='ltr'><strong><em>vilius,</em></strong></span> <span class='ocrx_word' id='word_1_804' title='bbox 3391 5540 3609 5618; x_wconf 82' lang='lat' dir='ltr'><strong><em>ignobi-</em></strong></span> 
     </span>
    </p>
   </div>
   <div class='ocr_carea' id='block_1_117' title="bbox 3392 5653 3464 5708">
    <p class='ocr_par' dir='ltr' id='par_1_117' title="bbox 3392 5653 3464 5708">
     <span class='ocr_line' id='line_1_117' title="bbox 3392 5653 3464 5708; baseline -0.014 0"><span class='ocrx_word' id='word_1_805' title='bbox 3392 5653 3464 5708; x_wconf 76' lang='grc'><strong>42</strong></span> 
     </span>
    </p>
   </div>
   <div class='ocr_carea' id='block_1_118' title="bbox 2844 3850 3580 3910">
    <p class='ocr_par' dir='ltr' id='par_1_118' title="bbox 2844 3850 3580 3910">
     <span class='ocr_line' id='line_1_118' title="bbox 2844 3850 3580 3910; baseline -0.001 -3"><span class='ocrx_word' id='word_1_806' title='bbox 2844 3850 3277 3910; x_wconf 82' lang='lat' dir='ltr'><strong><em>manilcstatione</em></strong></span> <span class='ocrx_word' id='word_1_807' title='bbox 3330 3851 3580 3909; x_wconf 85' lang='lat' dir='ltr'><strong><em>haustam</em></strong></span> 
     </span>
    </p>
   </div>
  </div>
