4028 6180
563 211 701 270 1323

1636 208 1727 270 AD
1763 209 2057 273 GENUINA
2094 211 2540 274 TERTULLIANI
2578 213 2789 274 OPERA

3713 217 3832 280 1324

553 335 661 392 lius
691 335 798 390 dici
845 342 1042 406 potest,
1073 350 1233 408 quam
1279 351 1346 391 ex
1375 335 1608 392 aliorum
1656 337 2009 409 depressione
2039 355 2156 395 cre-
2184 340 2232 423 η
2258 340 2419 394 tentia
2457 339 2732 397 deterrere
2770 341 2964 414 possit,
3010 350 3258 414 tanquam
3303 341 3371 396 ad
3409 341 3642 398 animam
3680 346 3834 415 perti-

555 442 708 482 scere
736 425 896 493 velle,
929 441 1050 482 cum
1082 426 1303 497 propria
1331 425 1451 498 quis
1480 426 1678 483 virtute
1705 443 1810 483 non
1841 429 2028 499 possit.

626 517 779 588 Spes.
813 516 893 571 Ita
921 514 1118 572 obnixe
1161 531 1259 587 pro
1289 518 1498 588 species
1534 516 1676 590 lego,
1708 534 1839 574 voce
1869 535 1998 573 sane
2031 519 2156 574 hinc

551 605 887 677 expellenda,
919 604 1187 674 nimisque
1219 605 1308 660 hic
1331 607 1585 661 absurda.

621 697 939 765 Plausores,
971 695 1010 750 i.
1062 710 1114 750 e.
1165 696 1447 752 irrisores.
1479 697 1555 749 Ita
1593 695 1738 750 enim
1794 698 1849 751 in
1897 698 2146 768 Apolog.,

549 802 600 841 c.
633 789 725 854 35,
771 783 934 841 etiam
990 784 1153 841 habet
1223 802 1235 841 :
1285 807 1304 833 ι
1358 785 1646 840 Plausores
1695 785 1937 856 quotidie
1993 802 2147 842 reve—

548 875 745 931 lantur.
783 895 806 924 ν

618 964 702 1020 Ad
741 962 1060 1021 remedium
1089 963 1349 1018 conlabor
1375 967 1429 1018 et
1459 979 1681 1020 necesse
1713 968 1819 1018 est.
1853 963 2047 1034 Utique
2075 965 2147 1018 ad

545 1051 684 1107 illud
728 1051 877 1106 Pauli
921 1050 944 1104 Ι
978 1052 1099 1108 Cor.
1133 1064 1236 1114 xu,
1267 1053 1356 1122 26,
1387 1050 1579 1106 alludit
1609 1069 1622 1105 :
1661 1053 1720 1107 Si
1761 1052 1894 1124 quid
1924 1055 2145 1122 patitur

547 1158 732 1198 unum
750 1142 1088 1206 membrum,
1101 1142 1533 1213 compatiuntur
1550 1143 1742 1196 omnia
1753 1141 2000 1197 membra
2011 1184 2023 1197 .
2050 1143 2142 1197 Vos

546 1235 741 1287 autem
759 1230 894 1288 estis
922 1245 1122 1301 corpus
1168 1228 1396 1293 Christi,
1421 1234 1478 1284 et
1507 1229 1756 1286 membra
1778 1229 1844 1285 de
1872 1229 2137 1286 membro.

614 1319 868 1376 Ecclesia
893 1333 1020 1377 vero
1055 1317 1334 1374 Christus.
1355 1317 1492 1371 Nam
1523 1325 1578 1372 ut
1603 1333 1791 1373 rursus
1818 1317 2136 1387 Apostolus,

543 1406 742 1477 Ephes.
762 1423 820 1473 v,
843 1409 932 1473 23,
954 1405 1129 1477 inquit
1152 1422 1164 1459 :
1194 1407 1447 1464 Christ-us
1477 1409 1561 1462 est
1582 1409 1754 1477 caput
1777 1407 2036 1463 Ecclesiae
2046 1426 2064 1473 ;
2087 1413 2140 1460 et

547 1496 754 1552 Coloss.
806 1511 845 1562 ι,
894 1498 982 1566 18,
1032 1493 1106 1550 ait
1155 1511 1170 1549 :
1219 1498 1341 1568 Ipse
1387 1499 1470 1552 est
1521 1509 1693 1550 CAPUT
1742 1497 1989 1567 corporis
2035 1510 2138 1548 ec-

542 1600 774 1641 CLESIJE.

2257 445 2414 494 nens,
2445 445 2566 500 quae
2604 431 2774 484 multo
2813 430 3094 486 delicatior
3132 439 3234 499 est,
3266 445 3523 503 saepeque
3563 447 3594 484 a
3628 431 3835 488 leviori-

2256 519 2357 571 bus
2387 519 2707 589 quibusdam
2739 518 2901 591 longe
2931 522 3132 585 acrius,
3167 537 3326 590 quam
3358 535 3558 591 corpus
3588 536 3620 575 a
3649 521 3836 576 dolori-

2255 607 2378 677 bus,
2421 607 2582 680 longe
2632 609 2992 680 gravioribus,
3041 609 3278 682 ipsisque
3324 612 3628 675 tormentis,
3661 611 3841 665 irritari

2253 697 2408 753 solet.

2325 786 2716 842 Sordulentos.
2750 787 3155 843 Horridiuscula
3185 787 3401 858 quidem
3431 788 3484 841 in
3517 787 3714 842 Latinis
3744 806 3842 843 au-

2251 873 2405 928 ribus
2435 889 2558 929 vox.
2591 875 2696 930 Sed
2735 878 2856 947 quis
2897 893 3012 931 eam
3056 883 3331 946 tantopere
3369 885 3692 942 exsecretur,
3724 894 3840 932 cum

2251 963 2395 1034 apud
2444 964 2688 1021 Plautum
2718 965 2771 1020 in
2813 969 3042 1024 Poenulo
3088 967 3247 1020 etiam
3291 967 3702 1025 sorditudinem
3745 984 3840 1038 pro

2247 1052 2482 1110 sorditie
2511 1055 2784 1125 reperiat?

2318 1144 2629 1199 Deversari.
2689 1143 3018 1213 Simpliciter
3072 1145 3310 1213 versari,
3368 1152 3430 1198 ut
3481 1144 3591 1213 jam
3647 1144 3839 1213 saepius

2247 1229 2375 1283 alibi
2404 1231 2473 1286 de
2503 1232 2769 1300 ejusmodi
2799 1233 3120 1304 compositis
3150 1235 3480 1288 monuimus.

2318 1321 2382 1376 In
2410 1321 2816 1393 asperitudine.
2868 1323 3117 1378 Nominis
3156 1323 3318 1391 hujus
3357 1323 3697 1392 asperitatem
3727 1325 3838 1379 cul-

2245 1408 2351 1462 tius
2375 1410 2512 1464 Latii
2555 1413 2730 1467 solum
2770 1427 2912 1484 aegre
2954 1412 3220 1480 tolerabit,
3265 1422 3512 1484 tanquam
3556 1413 3613 1467 in
3645 1417 3843 1470 exustis

2247 1497 2444 1552 Africae
2473 1499 2701 1554 desertis
2729 1508 2928 1554 natam.
2963 1499 3250 1572 Nimirum,
3285 1500 3432 1571 quod
3473 1500 3524 1554 in
3555 1504 3841 1569 proverbio

2247 1595 2353 1657 est,
2374 1589 2569 1658 Africa
2597 1605 2818 1661 semper
2837 1591 3055 1662 aliquid
3085 1594 3234 1655 novi,
3259 1598 3310 1644 et
3341 1606 3439 1643 sua
3463 1606 3661 1646 vocum
3693 1607 3842 1646 mon-

620 1674 910 1732 Christum
960 1688 1184 1731 exoras.
1215 1672 1351 1726 Nam
1407 1670 1698 1742 aliquando
1739 1670 1986 1727 Christus
2031 1687 2139 1726 non
2174 1664 2226 1752 B
2249 1684 2357 1730 stra
2383 1676 2495 1746 jam
2537 1676 2666 1732 olim
2697 1685 2844 1733 trans
2873 1678 3042 1733 maria
3080 1677 3270 1733 alienis
3307 1693 3699 1751 nonnunquam
3736 1690 3846 1735 ter-

542 1777 644 1835 pro
673 1764 860 1836 capite
889 1769 1098 1816 tantum
1126 1761 1410 1827 Ecclesiae,
1430 1761 1526 1813 sed
1556 1775 1654 1829 pro
1675 1761 1862 1831 capite
1890 1767 1944 1814 et
1971 1777 2144 1817 mem-

543 1855 655 1910 bris
703 1851 891 1918 simul,
923 1849 978 1905 id
1027 1856 1130 1915 cst,
1162 1863 1260 1919 pro
1308 1847 1561 1903 universo
1607 1864 1832 1922 corpore
1877 1851 2139 1906 Ecclesiae

541 1941 795 1998 sumitur.
817 1938 904 1995 Sic
929 1938 1070 1993 enim
1097 1938 1156 1992 S.
1187 1939 1328 2008 Aug.
1364 1938 1418 1991 in
1449 1936 1544 1991 lib.
1572 1953 1759 1992 χχχιιι
1796 1939 1926 2006 QQ.,
1959 1957 2013 2010 q.
2047 1943 2135 2005 69,

542 2030 662 2088 ait:
699 2050 725 2083 ι
776 2027 1046 2084 Christum
1092 2025 1255 2081 etiam
1303 2037 1444 2082 recte
1491 2026 1752 2098 appellari
1803 2028 2136 2095 universum,

538 2121 644 2177 hoc
664 2131 764 2187 est,
789 2122 960 2191 caput
989 2133 1114 2172 cum
1141 2131 1371 2190 corpore
1393 2131 1512 2185 suo,
1535 2117 1680 2187 quod
1703 2124 1783 2171 est
1810 2119 2074 2174 Ecclesia.
2111 2138 2134 2169 ι

537 2216 689 2272 Unde
738 2215 880 2270 idem
925 2213 980 2268 in
1035 2216 1136 2286 Ep.
1196 2212 1268 2267 ad
1327 2214 1592 2267 Honorat.
1643 2213 1710 2267 de
1760 2213 1955 2269 Gratia
2003 2214 2134 2269 Nov.

545 2306 706 2375 Test.,
734 2320 783 2369 c,
815 2306 869 2369 7,
903 2303 978 2356 ait
1025 2320 1037 2355 :
1085 2321 1111 2353 «
1162 2299 1396 2355 Ecclesia
1445 2301 1497 2353 in
1545 2299 1760 2354 Christo
1809 2301 2131 2369 patiebatur,

534 2394 750 2463 quando
791 2405 890 2461 pro
939 2389 1176 2444 Ecclesia
1224 2387 1556 2457 patiebatur;
1601 2387 1741 2442 sicut
1787 2387 1841 2441 in
1889 2389 2134 2444 Ecclesia

533 2480 840 2552 patiebatur
887 2479 1022 2548 ipse,
1055 2476 1274 2548 quando
1322 2491 1420 2545 pro
1467 2475 1562 2529 illo
1610 2477 1849 2531 Ecclesia
1896 2477 2132 2546 patieba-

531 2577 642 2627 tur.
677 2589 702 2623 ι
755 2568 1089 2639 Rursusque,
1121 2567 1185 2622 in
1233 2565 1386 2621 Psal.
1430 2580 1704 2634 LXXXVIII,
1735 2566 1809 2621 ita
1858 2566 2075 2622 disserit
2108 2589 2123 2625 ;

535 2679 562 2707 α
598 2657 734 2712 Cum
757 2658 869 2726 jam
901 2655 1119 2710 sederet
1155 2654 1210 2707 in
1239 2653 1398 2718 caalo,
1433 2669 1540 2708 non
1569 2654 1637 2710 de
1668 2655 1809 2710 coelo
1838 2656 2128 2723 clamabat,

531 2747 720 2816 Saule,
754 2746 944 2812 Saule,
977 2744 1108 2817 quid
1149 2744 1500 2816 persequeris
1542 2757 1728 2799 servos
1755 2760 1936 2817 meos;
1979 2763 2078 2803 nec
2111 2767 2124 2803 :

537 2837 680 2905 Quid
697 2836 1052 2908 persequeris
1072 2837 1299 2888 sanctos
1317 2849 1486 2899 meos,
1509 2848 1609 2886 nec
1632 2851 1643 2886 :
1676 2834 1816 2901 Quid
1831 2851 2127 2909 perseque-

527 2929 610 2984 ris
639 2926 933 2997 discipulos
953 2939 1132 2990 meos;
1159 2925 1274 2989 sed,
1308 2923 1447 2992 Quid
1466 2938 1556 2977 me
1571 2927 1922 2996 persequeris
1935 2926 1962 2980 ξ)
1978 2927 2127 2983 Sicut

528 3030 685 3088 ergo,
719 3030 842 3070 cum
873 3029 994 3068 eum
1024 3012 1295 3067 sedentem
1325 3013 1382 3066 in
1417 3011 1555 3069 coelo
1583 3027 1742 3068 nemo
1774 3030 2124 3086 persequere-

526 3111 637 3172 tur,
664 3101 918 3160 clamavit
955 3119 970 3156 :
1027 3101 1170 3169 Quid
1221 3117 1310 3158 me
1352 3101 1743 3173 persequeris?
1779 3116 1904 3156 cum
1948 3108 2122 3173 caput

524 3193 779 3252 membra
824 3206 924 3246 sua
971 3197 1343 3262 cognosceret,
1375 3199 1428 3244 et
1473 3206 1504 3243 a
1549 3205 1812 3260 compage
1869 3193 2122 3262 corporis

526 3283 613 3340 sui
641 3285 812 3356 caput
859 3279 1091 3337 charitas
1137 3295 1242 3335 non
1287 3287 1565 3350 seperaret
1615 3296 1626 3336 :
1682 3281 1783 3346 sic,
1823 3300 1846 3330 »
1901 3289 2008 3336 etc.
2033 3281 2121 3336 Sic

520 3374 799 3438 nimirum,
832 3370 918 3426 aio
964 3371 1030 3425 ad
1069 3385 1182 3425 rem
1224 3376 1487 3437 nostram,
1518 3384 1640 3440 quae
1667 3369 1966 3439 fratribus,
1998 3386 2119 3440 quae

518 3464 783 3522 Ecclesiae
802 3460 1089 3526 membris,
1118 3460 1337 3517 Christo
1358 3457 1512 3513 fiunt.
1534 3457 1803 3528 Numquid
1835 3461 1977 3514 enim
2006 3460 2121 3530 ipse

519 3555 708 3612 Matth.
738 3566 880 3618 xxv,
915 3553 1005 3621 40,
1031 3550 1107 3604 ait
1153 3569 1166 3606 :
1222 3549 1499 3617 Quamdiu
1532 3550 1750 3618 fecistis
1787 3551 1893 3606 uni
1929 3566 2004 3605 ex
2036 3551 2122 3606 his

522 3644 803 3714 fratribus
831 3642 973 3698 meis
1003 3640 1282 3707 mini-mis,
1315 3653 1438 3694 tum
1469 3639 1726 3708 fecistis?

600 3729 836 3788 I230
866 3729 1193 3784 Pollicetur.
1227 3727 1422 3792 lronia,
1455 3727 1615 3782 etiam
1662 3742 1759 3797 per
1805 3736 2119 3799 sequentem

521 3819 835 3878 sententiam
866 3816 1196 3873 continuata.

601 3907 976 3971 Conscientia,
1007 3920 1108 3975 pro
1135 3905 1379 3959 scientia
1406 3903 1742 3974 simpliciter.

592 3997 916 4054 Pervenire.
959 3993 1055 4049 Est
1080 3995 1478 4064 praeoccupatio
1505 3994 1791 4064 cujusdam
1819 3994 2121 4065 objectiun—

522 4085 678 4147 culte.

598 4178 759 4247 Malo,
789 4191 891 4250 per
913 4177 1210 4248 peccatum
1241 4172 1514 4229 videlicet.

598 4269 880 4327 Cauterio.
919 4265 1248 4323 Cauterium
1295 4278 1404 4320 non
1449 4278 1484 4318 θ.
1513 4265 1756 4324 cavendo
1793 4265 2114 4336 derivatum,

520 4358 617 4416 sed
682 4357 885 4413 Grmcae
961 4355 1186 4428 originis
1240 4360 1342 4421 est,
1399 4354 1492 4406 ἀπὸ
1565 4359 1655 4408 τοῦ
1709 4355 1858 4408 καίειν
1913 4356 2114 4412 dictum

515 4447 808 4520 καυτήριον,
852 4445 998 4518 quod
1055 4445 1262 4502 urendi
1331 4443 1440 4501 vim
1493 4445 1676 4512 habet,
1719 4445 1861 4500 sicut
1914 4445 2110 4517 pulvis,

515 4555 623 4610 quo
651 4551 800 4606 caro,
823 4535 878 4590 in
897 4535 1198 4608 fonticulis
1224 4533 1612 4605 (fontanelles)
1640 4534 1858 4603 corpori
1881 4535 2115 4592 humano

513 4625 840 4692 inserendis,
873 4624 1022 4680 erodi
1067 4624 1226 4679 solet.
1273 4623 1423 4677 Unde
1470 4629 1523 4678 et
1560 4625 1950 4680 cauteriatum
1986 4625 2118 4682 dici-

513 4725 620 4787 tur,
647 4715 797 4789 quod
845 4722 930 4770 est
972 4713 1119 4772 velut
1166 4715 1420 4769 cauterio
1465 4711 1706 4767 inustum
1752 4721 1912 4783 atque
1963 4731 2114 4770 rese-

507 4816 676 4865 ctum.
719 4806 810 4862 Sic
863 4806 887 4861 Ι
935 4805 1073 4859 Tim.
1123 4819 1200 4872 IV,
1252 4807 1304 4870 2,
1352 4802 1649 4872 Apostolus
1704 4802 1833 4859 dicit
1873 4819 1884 4858 ;
1942 4824 2114 4857 κεκαυ-

507 4898 823 4970 τηριασμένοι
885 4894 972 4963 τὴν
1057 4893 1345 4962 συνείδησιν,
1405 4896 1787 4949 cauteriatam
1843 4893 2110 4952 habentes

507 4989 939 5051 conscientiam,
969 4999 1092 5055 quae
1139 4998 1263 5037 cum
1311 4985 1482 5053 putris
1528 4983 1719 5037 fuisset
1775 4991 1828 5038 et
1876 4986 2108 5053 peccatis

506 5086 781 5146 corrupta,
813 5074 1063 5132 cauterio
1110 5074 1288 5128 inusta
1345 5081 1506 5144 atque
1560 5079 1772 5128 resecta
1829 5084 1933 5129 est.
1965 5074 2106 5130 Vide

503 5166 681 5222 Calm.
713 5165 770 5221 in
799 5163 856 5218 h.
890 5164 929 5218 ι.

581 5254 966 5313 Commendat.
1019 5252 1139 5324 Quo
1195 5269 1326 5309 sane
1380 5253 1509 5308 nihil
1564 5253 1870 5326 elegantius
1925 5253 2105 5310 dicere

503 5346 698 5418 potuit.

999 5437 1157 5492 Notae
1199 5435 1268 5488 ad
1303 5439 1474 5504 caput
1517 5435 1602 5487 XI.

569 5528 877 5596 Potiorem,
906 5526 941 5580 i.
975 5541 1026 5581 e.
1061 5525 1385 5595 praecipuam
1421 5537 1660 5586 causam,
1693 5537 1812 5593 quae
1850 5535 1884 5576 a
1929 5519 2104 5594 poeni-

2246 1762 2322 1819 ris
2351 1762 2630 1820 invehens.

2329 1855 2606 1912 Vanitate.
2633 1855 2918 1910 Contracta
2948 1855 3092 1909 enim
3121 1871 3185 1910 ex
3209 1854 3390 1910 nimiis
3404 1855 3634 1925 jejuniis
3657 1861 3842 1925 macie,

2246 1941 2397 2013 quasi
2427 1941 2605 1996 omnis
2639 1958 2667 1997 e
2696 1944 2847 1998 vultu
2882 1951 3155 1998 altenuato
3187 1943 3350 1999 decor
3393 1960 3729 2002 evanescere
3758 1963 3846 2001 seu

2245 2031 2518 2088 evanidus
2548 2029 2664 2086 ﬁeri
2695 2033 2852 2087 solet.
2891 2033 2955 2086 At
2986 2047 3112 2086 vero
3144 2049 3264 2103 quae
3298 2033 3413 2086 haec
3445 2033 3681 2101 jactura,
3724 2052 3843 2090 cum

2245 2123 2474 2187 animae,
2519 2120 2666 2176 velut
2713 2137 2810 2193 per
2848 2120 3193 2186 alluvionem,
3235 2137 3301 2177 eo
3341 2123 3462 2193 plus
3499 2121 3725 2180 decoris
3761 2141 3846 2180 ac-

2241 2212 2468 2266 crescit?

2313 2301 2377 2354 In
2407 2301 2645 2358 coccino.
2677 2299 2837 2356 Veste
2867 2314 3025 2356 cocco
3069 2299 3231 2355 tincta
3270 2317 3283 2353 :
3317 2317 3436 2372 quae
3474 2315 3576 2356 vox
3616 2317 3746 2357 cum
3789 2302 3840 2356 in

2240 2401 2441 2458 genere
2472 2389 2608 2443 alias
2637 2390 2844 2445 Graecis
2873 2405 3034 2444 omne
3065 2406 3311 2460 granum
3341 2389 3631 2460 signiﬁcet,
3659 2391 3847 2462 singu-

2240 2476 2425 2531 lariter
2463 2488 2638 2532 tamen
2679 2480 2890 2534 arboris
2935 2479 3238 2548 cujusdam,
3285 2478 3410 2532 illici
3460 2494 3563 2533 non
3609 2480 3843 2535 absimi-

2239 2565 2328 2634 lis,
2382 2567 2592 2622 fructus
2640 2569 2885 2635 denotat,
2934 2568 2989 2621 in
3040 2569 3195 2635 cujus
3243 2567 3426 2638 granis
3477 2569 3844 2624 vermiculum

2235 2655 2386 2710 rubri
2413 2656 2613 2711 coloris
2643 2656 2788 2712 nasci
2821 2659 3026 2727 dicunt,
3060 2673 3125 2711 ex
3154 2671 3260 2728 quo
3291 2656 3429 2720 lana,
3453 2664 3545 2710 aut
3576 2657 3840 2719 sericum.

2237 2747 2494 2802 coccineo
2523 2761 2614 2800 seu
2640 2761 2928 2818 purpureo
2958 2745 3138 2800 colore
3166 2745 3334 2800 imbui
3365 2745 3516 2801 solet.

2310 2836 2468 2890 Certe
2484 2845 2661 2891 autem
2682 2837 2972 2892 coccineus
2990 2843 3042 2890 et
3060 2849 3386 2907 purpureus
3406 2835 3558 2890 color
3580 2834 3636 2888 in
3661 2835 3845 2891 Evan-

2235 2925 2380 2995 gelio
2436 2924 2691 2979 confundi
2758 2924 3040 2993 videntur;
3073 2923 3270 2977 etenim
3333 2938 3459 2977 cum
3515 2923 3840 2994 Matthaeus,

2156 2989 2210 3081 θ
2237 2989 2356 3084 cap.
2405 3028 2590 3080 xxvu,
2637 3015 2727 3081 28,
2778 3011 2845 3067 de
2887 2989 3111 3079 Judaeis,
3166 3011 3376 3066 Christo
3417 3021 3676 3082 tanquam
3719 2989 3845 3083 regi

2235 3119 2334 3158 suo
2390 3101 2756 3170 illudentibus,
2810 3100 3036 3155 dixisset
3095 3117 3106 3156 :
3181 3101 3730 3171 Circumposueru-nt
3791 3103 3845 3157 ei

2230 3187 2463 3264 χλαμύδα
2508 3190 2743 3260 κοκκίνην,
2791 3189 3142 3261 chlamydem
3197 3204 3510 3244 COCCtNEAM
3563 3203 3575 3242 :
3624 3190 3848 3246 Marcus

2231 3297 2351 3352 cap.
2400 3297 2501 3346 XV,
2543 3283 2598 3348 '7,
2645 3280 2718 3334 ait
2767 3295 2779 3332 :
2831 3273 3065 3331 ἐνδύουσιν
3125 3278 3269 3331 αὑτὸν
3324 3277 3590 3349 πορφύραν,
3643 3278 3847 3336 indue.

2229 3377 2369 3429 runt
2397 3388 2531 3429 eum
2557 3383 2848 3438 PUBPURA;
2879 3368 2964 3424 cui
2994 3374 3044 3422 et
3070 3367 3327 3434 Joannes,
3360 3383 3410 3423 c.
3441 3382 3564 3432 xxx,
3599 3382 3847 3424 consen-

2228 3461 2292 3516 tit
2326 3479 2338 3515 :
2374 3463 2768 3533 Imposuerunt
2797 3459 2850 3516 ei
2876 3457 3067 3529 ἱμάτιον
3092 3463 3393 3528 πορφυροῦν,
3426 3457 3844 3515 vestimentum

2223 3567 2606 3623 purpureum.

2302 3640 2569 3696 Caeterum
2599 3653 2723 3694 vero
2751 3637 2886 3693 alias
2928 3651 3290 3709 purpureum
3318 3642 3373 3691 et
3401 3636 3756 3704 coccineum,
3796 3638 3850 3692 si

2227 3729 2466 3784 strictius
2532 3728 2852 3799 loquamur,
2913 3724 3170 3796 distingui
3237 3724 3462 3779 dubium
3528 3740 3645 3779 non
3712 3735 3846 3790 est;

2233 3834 2557 3892 purpuram
2595 3816 2743 3873 enim
2781 3815 3036 3886 dicimus,
3074 3829 3196 3886 quae
3231 3813 3412 3881 rubri,
3443 3813 3541 3868 sed
3582 3815 3846 3873 violaceo

2233 3907 2453 3977 suffusi,
2485 3907 2683 3963 coloris
2723 3913 2826 3974 est,
2859 3907 2981 3961 cum
3029 3905 3282 3963 coccineo
3329 3903 3564 3962 vividior
3599 3920 3675 3960 ac
3704 3906 3850 3961 hila-

2233 3997 2342 4055 rior
2372 3997 2461 4069 sit,
2491 3995 2668 4070 qualis
2704 3997 2762 4051 in
2797 3995 3061 4070 sanguine
3096 3995 3496 4050 adolescentum
3555 3996 3847 4067 praecipue

2229 4087 2570 4145 efﬂorescere
2596 4086 2752 4142 solet.

2315 4180 2497 4252 Tyrio.
2535 4177 2641 4246 Qui
2669 4175 2822 4231 color
2853 4174 3067 4246 proprie
3094 4189 3413 4246 purpureus
3442 4179 3546 4242 est,
3578 4175 3845 4230 omnium

2231 4269 2362 4325 olim
2399 4264 2843 4338 pretiosissimus.
2883 4265 2965 4319 De
3003 4264 3284 4319 inventore
3329 4262 3447 4332 ejus
3491 4261 3566 4316 ita
3615 4264 3848 4320 Pollux

2230 4358 2370 4430 apud
2415 4357 2558 4411 Sam.
2606 4353 2791 4408 Pitisc.
2842 4353 2896 4406 in
2941 4353 3073 4408 Lex.
3120 4351 3270 4409 verb.
3319 4364 3572 4406 evneum
3614 4349 3851 4407 habet:

2231 4470 2254 4499 α
2301 4446 2447 4518 Tyrii
2490 4445 2686 4512 ferunt,
2729 4442 3015 4497 Herculem
3062 4449 3279 4511 captum
3325 4454 3508 4495 amore
3556 4440 3855 4511 Nymphae

2227 4537 2514 4611 indigenae.
2564 4537 2696 4607 Tyro
2738 4546 2865 4588 vero
2911 4545 3106 4587 nomen
3152 4538 3267 4586 erat
3302 4529 3588 4599 Nymphae.
3635 4529 3858 4584 Secta-

2223 4628 2377 4682 batur
2406 4633 2583 4680 autem
2612 4618 2822 4677 123]
2879 4618 3168 4674 Herculem
3215 4617 3382 4680 canis,
3417 4614 3509 4686 qui
3554 4631 3660 4686 per
3709 4634 3858 4674 sco-

2221 4718 2378 4789 pulos
2406 4716 2759 4786 adrepentem
2796 4725 3117 4783 purpuram
3147 4705 3394 4778 (pretiosi
3428 4704 3704 4775 conchylii
3737 4723 3862 4777 ge.

2219 4806 2345 4876 nus)
2401 4804 2761 4875 conspicatus,
2812 4799 2982 4869 ipsius
3031 4797 3422 4868 prominentem
3467 4797 3860 4852 carunculam

2219 4895 2492 4951 mordicus
2535 4890 2785 4962 arripuit,
2827 4896 2881 4941 et
2931 4900 3026 4958 pro
3073 4885 3194 4940 cibo
3245 4899 3372 4938 usus
3416 4892 3519 4949 est,
3552 4899 3861 4956 cruorque

2215 4987 2366 5042 labra
2409 4982 2558 5038 canis
2599 4980 2832 5052 puniceo
2875 4977 3058 5032 colore
3104 4974 3315 5030 infecit.
3367 4973 3434 5028 Ut
3478 4987 3609 5028 vero
3657 4974 3858 5030 herus

2215 5075 2374 5132 rediit
2427 5073 2492 5128 ad
2542 5071 2808 5142 puellam,
2850 5067 2938 5121 illa
2983 5065 3293 5137 conspicata
3331 5063 3479 5116 labra
3524 5061 3685 5117 canis
3744 5063 3857 5118 in-

2215 5175 2363 5221 sueta
2400 5164 2626 5218 tinctura
2662 5159 2882 5225 infecta,
2925 5156 3140 5231 negavit
3178 5154 3280 5208 sibi
3318 5152 3613 5223 quidquam
3669 5163 3860 5221 post-

2213 5259 2314 5312 hac
2343 5272 2460 5311 cum
2495 5253 2590 5308 illo
2619 5252 2754 5316 fore,
2787 5249 2891 5304 nisi
2937 5248 3005 5304 ad
3045 5263 3104 5301 se
3149 5245 3366 5302 afferret
3418 5250 3632 5298 vestem
3666 5243 3866 5299 canis

2215 5345 2357 5399 illius
2413 5343 2578 5397 labris
2637 5340 3074 5410 splendidiorem.
3137 5335 3223 5390 Sic
3281 5335 3460 5403 itaque
3514 5330 3862 5392 Hercules.

2214 5433 2488 5488 animante
2511 5431 2748 5494 inventa,
2780 5431 3113 5498 collecthue
3141 5437 3350 5492 cruore,
3383 5434 3576 5475 munus
3614 5420 3865 5488 puellae

2211 5522 2424 5590 detulit,
2452 5522 2678 5593 primus,
2711 5524 2768 5575 ut
2805 5518 2954 5591 Tyrii
2982 5514 3252 5582 dictitant,
3284 5512 3536 5569 inventor
3563 5506 3868 5580 puniceae
