4050 6168
517 389 634 458 jam
661 384 862 443 victum
906 399 971 440 ac
1011 381 1156 439 carie
1181 396 1425 450 exesum,
1457 379 1748 454 vinumque
1795 382 1970 455 ipsum
2011 387 2122 438 tar-

520 478 671 532 tareo
716 489 818 530 suo
865 471 1084 540 cortice,
1133 488 1203 528 ne
1247 487 1352 544 qua
1397 471 1616 528 efﬂuere
1655 470 1858 540 possit,
1887 471 2124 543 undique

520 564 827 620 conclusum
873 578 994 618 esse
1046 560 1351 631 perhibent.
1383 562 1553 632 Atque
1594 560 1776 616 vinum
1806 561 1908 614 hoc
1935 560 2115 629 (nam-

522 669 630 723 que
680 653 748 706 ab
794 651 993 722 insigni
1021 650 1250 721 quodam
1300 649 1352 702 in
1399 648 1599 704 vicinia
1643 649 1816 704 amico
1858 646 2116 719 prepina-

523 749 640 800 tum
666 748 892 814 gustare
919 739 1089 808 licuit)
1122 737 1333 794 tartarei
1362 737 1548 792 odoris
1573 753 1635 792 ac
1665 736 1878 807 saporis
1915 744 2017 802 est,
2048 736 2117 790 de

519 847 628 904 quo
653 833 779 904 jure
807 829 1009 887 dixeris
1038 828 1173 882 illud
1205 826 1446 897 ejusdem
1475 826 1583 883 Cic.
1616 826 1723 882 loc.
1751 827 1839 882 cit.
1886 848 1908 877 ‹‹
1942 826 2120 881 Nimia

519 928 765 978 vetustas
808 934 910 974 nec
955 917 1121 972 habet
1168 931 1285 971 eam
1336 931 1494 986 quam
1546 916 1845 986 quaerimus
1875 914 2118 972 suavita—

520 1018 651 1080 tem,
697 1024 797 1066 nec
843 1015 924 1065 est
964 1007 1080 1075 jam
1120 1020 1250 1060 sane
1281 1003 1603 1073 tolerabilis;
1643 1025 1665 1053 ν
1721 1004 1942 1074 spiritus
1968 1004 2119 1060 exci-

516 1100 630 1170 pio,
681 1097 840 1169 plane
887 1097 1156 1161 heroicos,
1206 1105 1262 1150 et
1305 1093 1506 1149 ultimis
1540 1094 1829 1149 senectutis
1875 1093 2120 1150 scintillis

516 1188 696 1244 denuo
751 1185 1109 1243 accendendis
1154 1189 1331 1254 aptos.
1379 1186 1555 1254 Atque
1603 1184 1720 1238 hac
1768 1199 1863 1253 per
1906 1185 2120 1257 digres-

518 1279 748 1349 sionem,
781 1293 846 1332 ex
875 1274 1156 1332 occasione
1185 1281 1388 1341 natam,
1422 1288 1754 1327 memorasse
1784 1271 1956 1327 libuit.

592 1367 812 1423 Animae
843 1363 1136 1435 largiaris.
1159 1363 1264 1419 Seu
1293 1361 1349 1416 in
1377 1361 1620 1416 eamdem
1645 1367 1753 1414 tam
1789 1361 2039 1418 liberalis
2064 1366 2120 1418 et

521 1457 713 1529 largus
759 1456 857 1513 sis.
904 1453 1139 1509 Aliunde
1188 1459 1367 1508 autem
1395 1458 1621 1517 constat,
1655 1466 1836 1506 crasse
1864 1451 2023 1506 nimis
2052 1451 2119 1507 de

517 1548 718 1602 anima
745 1544 983 1602 sensisse
1009 1541 1424 1608 Tertullianum,
1465 1541 1666 1614 quippe
1707 1557 1867 1611 quam
1898 1541 1951 1594 in
1981 1541 2018 1594 l.
2050 1541 2118 1596 de

515 1637 725 1693 Anima
752 1634 976 1706 passim,
1023 1632 1323 1704 praesertim
1354 1648 1402 1686 c.
1435 1636 1522 1697 38,
1559 1631 1772 1698 asserit,
1803 1647 1906 1686 non
1940 1630 2115 1684 minus

1597 256 1686 315 AD
1723 254 2013 318 GENUINA
2042 251 2482 315 TERTULLIANI
2519 247 2736 310 OPEBA

3693 236 3712 293 l
3723 233 3829 292 328

2223 396 2467 454 quosque
2495 373 2798 442 salutando,
2840 385 2898 425 ac
2943 369 3117 423 munis
3153 367 3372 440 generis
3408 362 3604 420 ofﬁciis
3639 363 3833 416 deme-

2223 470 2415 526 rendo.

2297 561 2419 615 Haec
2448 568 2622 612 autem
2656 551 2844 625 p0puli
2895 549 2997 604 sibi
3038 543 3359 604 conciliandi
3397 543 3532 599 ratio
3569 544 3601 596 4
3631 541 3828 611 praeci-

2224 665 2333 719 pue
2379 647 2621 720 partibus
2661 640 3069 703 conﬁciebatur,
3100 635 3571 696 nomenclatione,
3603 632 3832 685 blandi-

2226 740 2332 809 tia,
2364 737 2723 798 assiduitate,
2757 736 2813 787 et
2850 728 3217 800 benignitate.

2296 826 2686 886 Nomenclatio
2725 823 2777 877 in
2822 835 2888 876 eo
2920 821 3095 889 posita
3131 824 3265 881 erat,
3313 822 3371 869 ut
3409 813 3703 884 quemlibet
3746 811 3828 865 ci-

2223 919 2367 974 vium
2415 917 2571 988 (alias
2619 913 2760 968 enim
2811 927 2872 965 se
2919 911 3181 963 hactenus
3226 904 3518 976 neglectos,
3569 910 3661 957 aut
3717 918 3829 955 non

2221 1023 2405 1077 parem
2452 1020 2572 1060 cum
2622 1002 2743 1057 aliis
2789 1015 2975 1055 eorum
3030 995 3292 1051 rationem
3353 994 3589 1047 habitam
3639 991 3826 1054 fuisse,

2218 1097 2478 1168 conqueri
2515 1092 2787 1166 poterant)
2817 1087 3036 1143 nomine
3073 1100 3173 1140 suo
3213 1082 3533 1154 compellare
3573 1091 3821 1136 nossent.

2221 1186 2357 1242 Cum
2402 1199 2532 1242 vero
2562 1182 2617 1238 id
2649 1183 2703 1236 in
2735 1187 2876 1235 tanta
2916 1174 3103 1248 pOpuli
3143 1170 3488 1230 multitudine
3531 1169 3691 1224 nimis
3733 1186 3829 1224 ar-

2221 1275 2392 1330 duum
2435 1283 2599 1339 esset,
2654 1269 2832 1341 quivis
2878 1265 3196 1321 candidatus
3243 1277 3374 1317 suos
3407 1260 3508 1314 sibi
3559 1259 3833 1314 adscisce-

2221 1367 2334 1430 bat,
2365 1365 2457 1436 qui
2495 1361 2706 1433 petitori
2746 1357 3080 1427 singulorum
3127 1349 3566 1424 praetereuntium
3607 1349 3832 1405 nomina

2223 1460 2598 1527 suggererent,
2640 1445 3090 1506 nomenclatores
3138 1443 3284 1508 dicti,
3336 1455 3367 1494 a
3415 1439 3526 1494 Cic.
3587 1454 3714 1492 vero
3773 1439 3830 1491 in

2221 1545 2370 1601 Orat.
2402 1559 2500 1614 pro
2528 1541 2770 1597 Muraena
2798 1537 3124 1599 monitores,
3158 1546 3189 1585 a
3220 1530 3374 1585 Festo
3393 1532 3658 1600 fartores,
3680 1531 3829 1597 quod

2221 1635 2274 1688 in
2320 1632 2727 1689 candidatorum
2778 1642 2938 1682 aures
2983 1625 3201 1679 nomina
3248 1621 3444 1674 civium
3493 1619 3627 1673 clam
3679 1618 3830 1672 velut

513 1742 676 1799 quam
733 1740 931 1795 corpus
955 1769 968 1793 ,
1025 1724 1078 1776 in
1129 1724 1405 1793 pubertate
1451 1722 1761 1776 adolescere
1792 1739 1806 1792 ;
1868 1721 2113 1776 ciborum
2156 1721 2195 1796 Β
2221 1723 2586 1794 infarcirent,
2611 1716 2888 1789 appellati.
2915 1712 3208 1770 Blanditia
3230 1708 3531 1774 dicebatur,
3562 1721 3689 1760 cum
3718 1721 3828 1760 n0n

514 1830 734 1888 quoque
781 1814 838 1867 in
888 1811 1064 1867 anima
1110 1811 1594 1882 concupiscentiam
1629 1825 1770 1877 esse,
1805 1819 1950 1868 certo
1980 1827 2114 1884 quo-

510 1904 635 1958 dam
665 1902 847 1958 colore
875 1900 1243 1970 conspicuam,
1274 1906 1402 1965 etc.,
1437 1916 1484 1954 c.
1519 1904 1550 1956 9
1579 1899 1827 1958 afﬁrmat.

585 1990 964 2063 Delinquendo
1005 1991 1144 2048 laesi.
1186 1991 1312 2045 Haec
1358 1989 1454 2044 abs
1501 1989 1666 2044 dubio
1714 1990 1918 2046 ironica
1967 1999 2112 2061 sunt,

512 2088 702 2139 centra
726 2096 821 2138 eos
848 2081 1010 2147 dicta,
1040 2080 1132 2152 qui
1159 2080 1325 2136 etiam
1359 2088 1504 2151 tunc,
1533 2096 1654 2135 cum
1686 2081 1903 2152 corpori
1932 2081 2114 2136 omnia

510 2170 826 2244 indulgent,
875 2169 1182 2227 satisfacere
1223 2185 1285 2225 se
1333 2186 1428 2241 pro
1471 2169 1708 2240 peccatis
1756 2185 1917 2241 posse
1971 2170 2114 2225 arbi-

511 2267 738 2320 trantur.

581 2349 812 2404 Ambitu
855 2347 1080 2412 obeunt,
1113 2346 1152 2400 i.
1184 2361 1234 2400 e.
1267 2344 1686 2416 perambulant,
1738 2347 1821 2402 vel
1867 2347 2113 2403 circum-

507 2437 830 2491 ambulant.

584 2524 973 2594 Magistratus.
1003 2521 1102 2577 Est
1126 2524 1497 2593 magistratus
1526 2538 1722 2578 munus
1755 2522 2028 2594 quoddam
2055 2523 2108 2578 in

514 2610 740 2670 1233
778 2612 1049 2684 republica
1095 2626 1218 2666 cum
1267 2619 1530 2683 potestate
1571 2613 1710 2682 juris
1756 2611 1976 2668 dicundi
2009 2627 2023 2669 :
2056 2619 2111 2668 et

510 2701 799 2773 aliquando
845 2699 991 2772 ipsas
1039 2699 1199 2756 etiam
1233 2715 1511 2771 personas,
1544 2701 1812 2770 ejusmodi
1844 2709 2108 2771 potestate

509 2791 800 2866 fulgentes,
828 2791 1085 2848 Romanis
1114 2791 1474 2864 significabat.
1523 2791 1650 2846 Erat
1695 2801 1873 2846 autem
1919 2791 2108 2848 multi-

508 2881 634 2953 plex
688 2897 863 2955 genus
907 2880 1314 2953 magistratuum
1366 2896 1380 2937 :
1430 2887 1583 2935 erant
1637 2881 1859 2946 urbani,
1906 2881 1996 2953 qui
2052 2883 2108 2937 in

508 2970 628 3042 ipsa
653 2971 821 3041 Urbe,
851 2970 1051 3027 deinde
1092 2971 1490 3042 provinciales,
1537 2969 1628 3042 qui
1673 2971 1971 3041 provinciis
2000 2970 2107 3027 rei-

2220 1811 2442 1884 prOprio
2487 1811 2747 1865 duntaxat
2786 1803 3023 1866 nomine,
3056 1800 3150 1856 sed
3192 1796 3456 1852 blandiori
3500 1795 3688 1860 etiam,
3727 1813 3829 1868 pa-

2221 1909 2403 1972 trum,
2434 1904 2711 1972 fratrum,
2740 1900 3137 1968 patronorum,
3159 1897 3258 1944 etc.
3289 1903 3385 1942 ceu
3413 1887 3612 1957 quibus
3644 1888 3832 1940 arctis-

2218 1993 2352 2049 sime
2425 1987 2662 2044 adstricti
2748 1991 2947 2048 essent,
3027 1977 3439 2048 compellatione
3500 1975 3825 2028 salutabant.

2219 2079 2544 2137 Assiduitas
2569 2075 2836 2149 praecipue
2866 2075 2918 2126 in
2949 2068 3265 2135 ambiendo,
3291 2065 3640 2138 prensando,
3667 2073 3721 2119 et
3741 2082 3830 2121 ro-

2216 2170 2422 2243 gando,
2453 2165 2804 2226 consistebat.
2838 2162 3135 2219 Ambibant
3157 2167 3359 2229 autem,
3382 2171 3479 2209 seu
3501 2157 3830 2211 circuibant

2217 2263 2272 2318 in
2301 2259 2494 2331 plateis
2521 2271 2736 2329 quoque
2765 2269 2829 2308 ac
2858 2252 3007 2321 vicis,
3040 2254 3095 2304 et
3123 2265 3239 2304 non
3279 2248 3467 2302 Romae
3504 2243 3712 2312 solum,
3741 2245 3830 2298 sed

2217 2352 2273 2406 in
2317 2349 2437 2404 aliis
2481 2361 2703 2418 quoque
2745 2343 2932 2398 Italiae
2975 2338 3304 2400 civitatibus,
3345 2335 3398 2389 in
3433 2333 3639 2406 quibus
3685 2335 3834 2388 cives

2216 2440 2416 2494 mullos
2454 2432 2763 2508 negotiandi
2809 2446 2969 2488 causa
3022 2428 3227 2485 versari
3283 2432 3565 2480 noverant.
3615 2423 3836 2479 Circui-

2215 2530 2341 2584 bant
2370 2542 2499 2584 vero
2529 2533 2618 2580 aut
2643 2539 2743 2595 per
2773 2530 2960 2588 semet,
2993 2526 3084 2573 aut
3131 2516 3266 2572 alios
3302 2515 3525 2584 amicos,
3555 2513 3623 2567 ad
3668 2514 3838 2582 hujus

2213 2619 2378 2676 ofﬁcii
2428 2624 2630 2689 partem
2686 2612 2938 2678 adscitos,
2989 2609 3230 2678 illucque
3284 2607 3500 2670 missos,
3552 2611 3646 2659 aut
3700 2604 3840 2658 alias

2215 2711 2416 2766 ibidem
2473 2706 2819 2765 constitutos.
2887 2702 3178 2758 Prensatio
3236 2697 3423 2763 ﬁebat,
3483 2695 3839 2767 singularum

2213 2801 2464 2856 dexteras
2487 2793 2895 2872 prehendenda,
2914 2789 3239 2854 osculando,
3273 2785 3700 2852 dissuaviando,
3726 2797 3836 2842 etc.

2219 2891 2446 2964 ROgatio
2475 2888 2770 2952 dicebatur,
2801 2900 2926 2941 cum
2954 2884 3091 2937 inter
3119 2893 3328 2951 preces,
3367 2893 3472 2933 non
3512 2891 3641 2932 raro
3677 2893 3838 2947 pror-

2216 2963 2308 3037 sus
2346 2978 2530 3052 putide
2566 2975 2824 3044 humiles,
2869 2970 3363 3029 commemorabant
3405 2963 3675 3022 beneﬁcia
3721 2967 3835 3036 jam

504 3057 736 3130 publicas
765 3074 781 3115 :
817 3058 977 3114 Rom.
1011 3058 1277 3127 subjectis
1303 3060 1393 3130 jus
1420 3059 1672 3114 dicebant
1704 3076 1717 3116 :
1766 3065 1825 3115 ut
1868 3076 2110 3134 procon-
2150 3052 2192 3130 ε
2217 3070 2348 3126 alias
2375 3085 2406 3124 ει
2434 3067 2634 3139 populo
2677 3070 2914 3134 accepta,
2956 3060 3300 3115 denudabant
3341 3055 3497 3113 etiam
3541 3056 3838 3112 cicatrices

505 3147 683 3212 sules,
701 3151 1100 3221 propraetores,
1119 3148 1289 3220 legati
1303 3148 1726 3220 proconsulum,
1739 3157 1792 3204 et
1809 3156 2113 3222 propraeto-

507 3252 641 3292 rum
669 3241 971 3308 quaestores
1010 3238 1408 3309 provinciales,
1438 3247 1542 3304 etc.
1574 3237 1739 3292 Erant
1764 3237 1894 3292 item
1928 3254 1992 3292 ex
2021 3255 2115 3294 ur-

509 3326 666 3382 banis
693 3328 960 3398 majores,
993 3326 1087 3398 qui
1115 3329 1364 3384 comitiis
1393 3328 1737 3385 centuriatis
1778 3327 2112 3396 creabantur,

507 3423 568 3474 ut
595 3418 874 3482 consules,
924 3431 1199 3487 censores,
1243 3421 1537 3490 praetores,
1586 3426 1693 3473 etc.
1737 3418 1846 3472 Alii
1871 3420 2119 3475 minores

512 3510 742 3567 tributis
771 3509 1022 3566 comitiis
1049 3507 1222 3564 creari
1270 3507 1432 3573 soliti,
1466 3517 1528 3564 ut
1555 3512 1861 3580 quaestores
1891 3509 2119 3576 urbani,

519 3599 744 3655 tribuni
767 3598 970 3672 plebis,
1010 3597 1200 3652 aediles
1241 3597 1434 3668 plebis,
1465 3605 1569 3652 etc.
1617 3597 1694 3651 Ex
1741 3605 1974 3669 utroque
2020 3599 2126 3654 hoc

511 3704 712 3759 genere
753 3696 907 3742 erant
961 3685 1246 3742 ordinarii
1292 3693 1343 3741 et
1391 3686 1868 3743 extraordinarii.
1913 3687 1993 3741 De
2038 3687 2126 3741 his

509 3777 707 3831 diffuse
756 3783 810 3830 et
853 3784 1107 3830 accurate
1157 3783 1346 3830 tractat
1383 3775 1622 3831 Thomas
1649 3776 1986 3848 Demsterus,
2018 3778 2056 3833 1.
2087 3793 2124 3832 v

507 3866 698 3934 Antig.
728 3865 886 3918 Rom.
918 3878 966 3916 c.
1001 3866 1035 3917 ὃ
1058 3879 1164 3934 per
1192 3867 1294 3920 tot.

589 3953 772 4023 Neque
813 3949 1024 4023 pudet,
1075 3967 1260 4021 neque
1301 3952 1472 4022 piget.
1527 3952 1608 4006 De
1661 3951 1956 4009 candidatis
2006 3955 2117 4025 jam

517 4039 768 4111 quaedam
797 4037 850 4092 in
883 4037 919 4092 l.
952 4038 1018 4094 de
1046 4040 1212 4111 Bapt.
1254 4055 1304 4094 c.
1349 4043 1438 4106 10,
1486 4043 1606 4097 not.
1655 4041 2002 4100 Candidatus
2033 4061 2120 4101 re-

514 4130 822 4199 missionis,
851 4127 1129 4201 attigimus
1162 4147 1176 4183 :
1220 4144 1364 4185 nunc
1410 4136 1584 4185 autem
1631 4131 1698 4186 de
1743 4131 1830 4202 iis,
1870 4134 2023 4204 quasi
2052 4134 2118 4188 ab

509 4219 720 4292 origine
766 4234 865 4274 sua
914 4216 1252 4284 revocandis,
1303 4219 1538 4273 breviter
1585 4220 1844 4276 nonnulla
1888 4221 2116 4278 dicenda

509 4307 778 4363 videntur.
828 4306 962 4362 Cum
1012 4305 1173 4379 igitur
1219 4305 1567 4379 magistratus
1612 4307 1666 4362 in
1729 4310 1964 4366 comitiis
2017 4327 2114 4381 per

2218 3176 2366 3228 suas,
2393 3173 2526 3230 quas
2565 3156 2708 3213 forte
2752 3169 2851 3227 pro
2891 3151 3069 3224 patria
3109 3151 3335 3208 adverso
3374 3155 3600 3217 pectore
3630 3147 3692 3201 in
3726 3148 3843 3203 acie

2217 3255 2556 3322 acceperant,
2585 3255 2714 3315 etc.,
2746 3252 2859 3300 tum
2897 3257 3027 3299 vero
3067 3249 3126 3295 ut
3164 3235 3474 3309 hujusmodi
3513 3251 3707 3292 rerum
3751 3235 3839 3289 iu-

2218 3339 2359 3394 tuitu
2385 3335 2644 3410 suffragia
2676 3332 2779 3390 sibi
2809 3331 3100 3395 deferrent,
3133 3327 3457 3398 rogitabant,
3499 3334 3608 3383 etc.
3656 3325 3842 3396 Atque

2219 3427 2274 3481 in
2316 3426 2398 3482 his
2445 3441 2565 3480 cum
2613 3423 2711 3479 soli
2761 3418 3006 3476 sufﬁcere
3045 3434 3150 3474 non
3200 3424 3440 3489 possent,
3481 3414 3653 3468 etiam
3702 3415 3843 3469 alios

2221 3514 2398 3571 claros
2438 3515 2587 3571 viros
2632 3511 2979 3574 adhibebant,
3025 3509 3438 3578 suffragatores
3494 3503 3703 3566 dictos,
3745 3504 3841 3574 qui

2223 3608 2451 3663 virtutes
2515 3601 2811 3675 petentium
2876 3597 3085 3670 p0pulo
3150 3593 3666 3664 commemorabant,
3725 3604 3840 3648 etc.

2225 3696 2320 3750 His
2357 3709 2570 3766 quoque
2599 3690 2793 3748 ofﬁciis
2820 3689 3110 3744 accedebat
3139 3685 3476 3756 benignitas,
3506 3699 3615 3756 qua
3651 3698 3839 3755 pepu-

2223 3785 2335 3840 lum
2365 3800 2464 3855 per
2491 3782 2799 3852 congiaria,
2827 3777 3089 3841 missilia,
3118 3775 3389 3841 convivia,
3426 3773 3584 3829 ludos
3613 3773 3837 3845 gladiu-

2229 3875 2424 3940 torios,
2473 3873 2876 3945 pecuniarum,
2923 3866 3082 3938 prius
3127 3864 3271 3936 apud
3311 3867 3650 3935 sequestros,
3712 3862 3837 3917 ﬁdei

2223 3979 2408 4031 causa,
2469 3960 2910 4032 deponendarum
2966 3954 3345 4025 divisionibus,
3410 3962 3517 4007 etc.
3578 3951 3833 4007 demere-

2220 4053 2441 4123 bantur,
2481 4047 2786 4121 cujusmodi
2847 4045 3164 4101 muneribus
3218 4043 3426 4114 aliquos
3478 4043 3700 4113 integra
3738 4059 3833 4096 sua

2220 4139 2542 4215 patrimonia
2630 4151 3011 4207 nonnunquam
3090 4131 3400 4188 exhausisse
3482 4137 3832 4201 compertum

2219 4230 2338 4287 fuit.

2291 4321 2370 4375 Ne
2405 4333 2536 4374 vero
2586 4314 2810 4372 nimium
2852 4313 2968 4370 haec
3012 4329 3043 4367 a
3086 4310 3245 4366 nobis
3288 4319 3620 4381 exaggerata
3668 4309 3836 4365 fuisse

512 4394 771 4468 suffragia
800 4394 984 4467 Ρορυιί
1011 4394 1184 4452 creari
1214 4411 1333 4451 mos
1377 4403 1542 4463 esset,
1585 4407 1653 4453 0X
1699 4400 1902 4469 ΡΟΡΠΙΟ
1935 4407 2112 4456 autem
2153 4393 2498 4481 unisquam
2536 4405 2830 4472 existimet,
2860 4418 2988 4456 sane
3025 4416 3132 4456 non
3174 4401 3270 4454 abs
3315 4415 3372 4453 re
3416 4397 3640 4452 videtur
3691 4414 3835 4452 non-

516 4486 759 4558 plerique
787 4486 933 4559 ipsas
964 4502 1250 4559 personas,
1283 4504 1405 4562 quae
1432 4489 1499 4545 ad
1529 4487 1650 4545 illos
1678 4491 1917 4547 honores
1960 4491 2105 4562 aspi-

514 4577 723 4642 rabant,
772 4591 840 4631 ex
887 4577 1041 4633 vultu
1087 4585 1142 4634 et
1185 4579 1394 4634 meritis
1437 4580 1552 4636 suis
1594 4579 1928 4652 ignorarent,
1976 4599 2114 4654 opus

511 4671 626 4720 erat
650 4663 777 4734 illis,
805 4663 1069 4738 suffragia
1111 4667 1300 4737 populi
1349 4667 1665 4724 meritorum
1707 4685 1934 4725 suorum
1963 4687 2112 4729 com-

511 4753 939 4822 memoratione,
988 4769 1339 4827 personaeque
1390 4755 1560 4828 ipsius
1607 4759 1915 4815 ostensione
1972 4777 2110 4816 con-

511 4843 747 4916 quirere.
779 4843 956 4900 Primo
987 4843 1173 4916 igitur,
1218 4853 1278 4900 ut
1322 4845 1565 4918 dignosci
1595 4857 1834 4918 possent,
1869 4851 2111 4907 candida

512 4942 661 4988 veste
686 4933 823 5004 (erat
840 4940 1022 4989 autem
1051 4932 1190 4989 inter
1215 4936 1352 4989 hanc
1381 4943 1434 4989 et
1463 4937 1648 4992 albam
1680 4936 1733 4990 id
1764 4938 2108 5010 discriminis,

513 5022 661 5094 quod
706 5022 794 5076 illa
841 5037 944 5092 ope
987 5033 1150 5078 cretae
1179 5023 1460 5095 cujusdam
1502 5027 1567 5081 ad
1616 5025 1885 5082 illustrem
1922 5045 2110 5100 quem-

515 5113 642 5169 dam
689 5127 752 5168 ac
795 5112 1052 5181 majorem
1100 5117 1327 5169 nitorem
1380 5115 1610 5185 expolita
1666 5115 1849 5190 fuerit)
1908 5119 2110 5191 induti,

513 5217 614 5274 per
645 5200 1057 5258 trinundinum
1078 5202 1242 5273 (quod
1269 5213 1382 5260 erat
1411 5212 1619 5277 tempus
1641 5209 1708 5264 2'7
1736 5208 1964 5282 dierum,
1990 5226 2112 5265 nam

514 5307 663 5346 nono
690 5289 934 5363 quolibet
961 5289 1050 5346 die
1079 5293 1357 5351 nundinae
1375 5294 1430 5349 in
1453 5296 1571 5352 foro
1598 5297 1685 5370 agi
1706 5303 2115 5372 consueverant)

513 5381 571 5436 in
600 5396 793 5452 campo
820 5380 1013 5437 Martio
1037 5384 1414 5453 comparebant
1441 5401 1607 5456 super
1629 5389 1831 5444 collem
1862 5389 2117 5446 hortulo-

514 5485 650 5526 rum
678 5469 905 5536 dictum,
954 5479 1013 5526 ut
1063 5470 1239 5543 magis
1285 5474 1557 5541 conspicui
1595 5483 1795 5542 essent,
1827 5477 2116 5534 considen-

517 5563 599 5611 tes
633 5574 648 5610 :
681 5564 792 5612 tum
821 5572 952 5615 vero
983 5560 1183 5629 pOpulo
1213 5558 1536 5614 adventante
1582 5560 1901 5630 circuibant,
1932 5568 2119 5628 obvios

2219 4498 2368 4553 nulla
2403 4512 2470 4552 ex
2510 4495 2769 4550 Cicerone
2806 4493 2914 4547 huc
2951 4487 3255 4544 transferre.
3295 4485 3361 4554 Q.
3407 4485 3684 4552 Tullium,
3720 4486 3834 4541 fra—

2220 4597 2357 4642 trem
2386 4601 2542 4640 suum
2573 4584 2628 4638 in
2659 4584 2696 4638 l.
2729 4577 2946 4637 I228
3002 4578 3069 4636 de
3098 4579 3268 4634 Petit.
3307 4574 3602 4632 Consulat.
3633 4574 3716 4631 ita
3750 4577 3836 4630 in-

2219 4683 2502 4732 struente:
2539 4693 2564 4725 σι
2614 4672 2763 4728 Multi
2797 4669 3040 4726 homines
3085 4664 3301 4732 urbani,
3342 4663 3624 4728 industrii,
3678 4665 3835 4721 multi

2219 4764 2474 4834 libertini,
2508 4761 2731 4836 gratiosi
2777 4760 2833 4814 in
2870 4759 2992 4814 foro
3035 4756 3306 4832 gnavique
3347 4764 3661 4820 versantur,
3700 4770 3837 4826 quos

2219 4871 2316 4927 per
2344 4862 2416 4920 te,
2445 4867 2582 4923 quos
2611 4867 2708 4922 per
2737 4864 3053 4906 communes
3081 4847 3284 4901 amicos
3324 4843 3530 4915 poteris
3558 4859 3789 4900 sumere
3822 4863 3834 4895 :

2216 4959 2364 5012 cura,
2396 4951 2452 4998 ut
2492 4941 2570 4998 tui
2625 4938 2805 5010 cupidi
2855 4939 2961 4994 sint
3007 4955 3020 4991 :
3072 4937 3366 5003 elaborato,
3399 4933 3664 5004 appetito,
3701 4934 3838 4989 alle-

2215 5042 2362 5107 gato,
2401 5046 2610 5087 summo
2657 5027 2916 5084 beneficio
2968 5036 3018 5083 te
3064 5023 3207 5081 afﬁci
3257 5023 3559 5078 ostendito.
3620 5023 3841 5077 Deinde

2213 5122 2411 5178 habeto
2465 5120 2728 5176 rationem
2784 5119 2935 5174 urbis
2994 5117 3174 5183 totius,
3232 5113 3525 5185 collegium
3583 5115 3843 5168 omnium

2218 5226 2504 5285 pagorum,
2555 5208 2890 5266 vicinitatum
2929 5225 2941 5259 :
2977 5223 3039 5259 ex
3071 5205 3139 5259 iis
3191 5202 3459 5274 principes
3506 5200 3578 5255 ad
3629 5203 3842 5260 amici-

2219 5301 2344 5358 tiam
2387 5308 2532 5356 tuam
2574 5298 2618 5353 si
2660 5295 2988 5368 adjunxeris,
3027 5309 3122 5366 per
3149 5307 3242 5348 eos
3273 5292 3532 5362 reliquam
3566 5291 3844 5347 multitu-

2216 5391 2396 5445 dinem
2443 5389 2601 5444 facile
2649 5385 2876 5442 tenebis.
2921 5386 3112 5440 Postea
3159 5391 3322 5438 totam
3368 5379 3574 5433 Italiam
3629 5379 3726 5434 fac
3791 5393 3850 5434 ut

2221 5481 2277 5535 in
2316 5480 2495 5536 animo
2539 5486 2593 5534 et
2637 5476 2896 5532 memoria
2947 5474 3043 5530 tibi
3081 5472 3318 5528 tributim
3353 5470 3469 5542 (per
3499 5467 3704 5534 tribus)
3734 5471 3854 5524 de-

2221 5570 2480 5641 scriptam
2511 5567 3068 5638 comprehensamque
3115 5563 3331 5630 habeas,
3365 5575 3432 5615 ne
3457 5557 3613 5628 quod
3644 5562 3858 5614 muni-
