4050 6168
308 312 443 373 1329

1105 307 1439 369 APPENDIX
1468 308 1533 368 V.
1603 334 1673 350 -
1744 305 1810 365 D.
1844 292 2226 364 GORBINIANI
2261 300 2508 367 THOMIE
2545 305 2793 371 ADNOT.

3463 318 3607 380 1330

300 435 1242 511 cipium,coloniam,pr:efecturam,
1264 434 1447 491 locum
1463 429 1891 506 deniqueltaliae
1914 423 1966 510 Α
2002 426 2345 519 crediderim,
2399 441 2491 489 aut
2552 435 2818 511 reliquam
2887 438 3197 500 vestimenti
3247 443 3428 514 hujus,
3487 463 3601 519 quo

301 545 370 584 ne
398 542 561 600 quem
615 542 739 582 esse
784 527 989 597 patiare
1038 526 1090 581 in
1136 540 1245 596 quo
1294 539 1401 580 non
1449 523 1657 579 habeas
1701 520 1890 577 ﬁrma-

300 624 545 674 mentum
589 626 846 690 quantum
875 614 1003 670 satis
1047 630 1167 670 esse
1198 611 1385 684 possit.
1419 611 1707 684 Perquiras
1735 609 1895 667 etiam

301 715 355 763 et
381 706 672 777 investiges
699 702 948 761 homines
994 720 1060 759 ex
1089 701 1237 758 omni
1282 702 1532 773 regione,
1564 716 1769 772 eosque
1799 715 1895 755 co-

302 811 551 868 gnoscas,
603 802 844 866 appetas,
894 791 1201 857 conﬁrmes,
1251 805 1429 856 cures,
1470 790 1614 845 utin
1665 788 1781 845 suis
1809 786 1896 844 vi-

302 885 610 942 cinitatibus
637 883 732 938 tibi
781 890 981 955 petant,
1009 891 1061 937 et
1090 887 1183 936 tua
1224 895 1386 936 causa
1413 877 1570 950 quasi
1599 878 1895 934 candidati

306 975 432 1030 sint.
483 996 509 1023 ι
559 975 792 1028 Putasne
836 986 985 1037 vero,
1035 970 1119 1024 his
1171 969 1404 1041 denique
1451 969 1732 1039 negotium
1792 968 1892 1023 hoc

305 1064 405 1119 rite
430 1062 735 1119 absolutum
771 1060 985 1117 fuisse?
1022 1059 1138 1114 Imo
1170 1056 1337 1114 multo
1366 1063 1688 1128 supererant
1718 1056 1891 1128 plura,

303 1169 424 1226 qua!
452 1169 520 1208 ex
547 1153 735 1209 eodem
766 1151 1027 1207 Cicerone
1056 1149 1190 1206 ibid.
1224 1146 1466 1205 exactius
1494 1147 1692 1218 disces,
1728 1162 1891 1218 quem

304 1243 504 1315 legisse
528 1243 747 1312 volupte
778 1239 896 1297 erit.

371 1332 481 1388 Sed
519 1347 779 1403 quorsum
824 1331 941 1385 haec
984 1326 1185 1393 omnia,
1233 1335 1288 1383 et
1336 1333 1443 1383 tam
1483 1324 1690 1396 prolixe
1739 1338 1892 1380 com-

302 1422 632 1478 memorata?
662 1420 928 1476 Nimirum
970 1426 1031 1474 ut
1060 1432 1126 1473 eo
1182 1416 1354 1490 magis
1385 1414 1658 1488 penetrari
1685 1414 1768 1472 vis
1799 1429 1892 1468 ar-

298 1512 544 1581 gumenti
608 1510 802 1573 valeat,
851 1509 994 1579 quod
1041 1506 1405 1563 Tertullianus
1457 1505 1546 1560 hic
1612 1511 1893 1574 tantopere

302 1608 474 1671 urget.
517 1600 645 1655 Haec
675 1597 923 1654 nimirum
952 1605 1062 1652 tam
1115 1595 1324 1668 gravia,
1356 1602 1466 1650 tam
1493 1594 1743 1663 molesta,
1773 1597 1891 1649 tam

299 1689 567 1756 diuturna,
606 1696 715 1743 tam
768 1687 937 1745 ferme
982 1684 1387 1757 insuperabilia,
1418 1683 1546 1740 viris
1604 1683 1659 1737 in
1718 1699 1889 1755 repu-

2002 518 2296 576 candidati
2340 522 2632 581 utebantur
2675 527 2904 584 formam
2934 531 3005 585 ab
3051 531 3278 588 aliorum
3326 533 3448 590 aliis
3475 535 3593 592 dis-

2000 608 2251 663 cordasse
2279 618 2369 666 aut
2394 627 2468 667 ex
2496 614 2688 681 viliori,
2722 633 2829 688 quo
2858 617 3097 692 ignobile
3126 621 3321 695 vulgus
3370 622 3450 681 uti
3498 640 3591 680 so-

1998 694 2161 767 lebat,
2194 713 2376 768 pauno
2407 700 2596 769 fuisse,
2632 712 2743 771 aut,
2772 708 2914 777 quod
2942 723 3074 765 sane
3101 694 3454 769 verisimilius
3484 713 3591 768 exi-

2000 786 2181 854 stimo,
2222 787 2611 847 Tertullianum
2658 794 2726 851 de
2764 795 2833 851 iis
2878 799 3209 869 temporibus
3254 800 3426 872 loqui,
3457 801 3587 873 qui-

1999 875 2102 931 bus
2128 876 2239 946 jam
2260 879 2666 938 candidatorum
2693 884 2934 941 conditio
2963 887 3108 957 apud
3141 889 3290 960 ipsos
3319 890 3595 947 Romanos

1995 964 2275 1037 eviluerat,
2333 974 2496 1040 atque
2552 971 2808 1044 ignobilis
2854 974 3035 1029 habita
3092 977 3287 1042 fuerat,
3340 986 3593 1052 tanquam

2000 1056 2306 1112 ambitione
2338 1057 2517 1114 omnia
2539 1061 2652 1128 jam
2692 1061 2916 1118 nimium
2944 1065 3291 1134 depravante,
3318 1074 3374 1121 et
3401 1067 3456 1122 in
3488 1084 3594 1139 pu-

1995 1141 2190 1198 blicam
2248 1145 2560 1216 reipublicae
2610 1152 2970 1221 corruptelam
3046 1153 3370 1223 declinante,
3429 1173 3594 1227 quam

1995 1231 2227 1303 publicis
2254 1250 2471 1309 quoque
2499 1239 2710 1312 legibus
2754 1249 2943 1297 contra
2987 1243 3274 1302 ambitum
3302 1245 3422 1301 latis
3458 1246 3589 1303 vin-

1996 1321 2163 1377 dicari
2194 1339 2334 1394 opus
2361 1326 2558 1383 fuerat.

2068 1426 2295 1486 4285
2317 1433 2631 1503 Affectant.
2658 1434 2816 1490 Aliud
2840 1436 3060 1494 omnino
3087 1446 3170 1495 est
3189 1454 3319 1511 erga
3348 1442 3464 1497 rem
3489 1440 3594 1497 ali-

1994 1533 2154 1589 quam
2186 1521 2362 1591 afﬁci,
2403 1522 2793 1598 moderateque
2827 1526 3077 1580 eamdem
3111 1532 3371 1601 appetere
3404 1550 3423 1586 :
3443 1529 3589 1584 aliud

1993 1609 2296 1680 affectare,
2328 1626 2427 1666 seu
2447 1613 2741 1672 immodico
2765 1612 2820 1669 in
2848 1614 2998 1669 illam
3033 1616 3306 1674 desiderio
3327 1616 3474 1685 ferri,
3498 1618 3589 1689 ip-

1994 1713 2224 1769 sumque
2245 1700 2524 1770 affectum
2545 1703 2686 1757 ultra
2716 1703 2859 1775 aequi
2890 1703 3087 1760 limites
3116 1706 3342 1762 nimium
3371 1705 3592 1763 curiose

298 1779 439 1833 blica
482 1779 720 1834 Romana
758 1775 1114 1865 gravissimis2
1143 1776 1210 1829 de
1256 1772 1599 1865 eadem_ja_m
1628 1771 1757 1865 alias
1795 1771 1889 1829 diu
1920 1760 1970 1840 Β
1996 1804 2213 1861 urgere,
2238 1796 2297 1844 ut
2318 1788 2355 1845 ii
2375 1790 2574 1858 solent,
2599 1791 2691 1862 qui
2710 1760 2862 1863 psi-ia
2899 1793 3222 1850 desideratis
3260 1794 3474 1865 merita,
3495 1804 3594 1852 aut

294 1874 348 1920 ct
385 1866 583 1937 optime
611 1865 835 1929 meritis,
878 1863 1175 1931 subeunda,
1206 1868 1260 1919 et
1309 1872 1413 1919 tam
1459 1861 1747 1930 industrie,
1781 1870 1889 1917 tam

296 1953 586 2025 laboriose,
629 1961 737 2008 tam
791 1953 1041 2009 lubenter
1096 1967 1332 2024 quoque,
1371 1951 1634 2006 exantlata
1699 1949 1883 2017 fuisse,

293 2056 510 2097 omnem
564 2040 991 2098 erubescentiam
1056 2040 1211 2096 facile
1275 2041 1543 2096 honorum
1599 2055 1696 2111 spe
1752 2054 1884 2110 per-

292 2130 565 2199 vincente,
595 2140 647 2185 et
693 2130 842 2186 nullo
896 2129 1003 2186 alio
1051 2129 1297 2200 praemio,
1348 2147 1509 2202 quam
1554 2137 1791 2194 terreno,
1835 2135 1887 2184 et

288 2217 632 2285 inconstanti,
685 2228 738 2276 et
766 2218 925 2274 subin
954 2218 1113 2275 nimis
1165 2218 1270 2275 cito
1315 2225 1643 2288 transeunte,
1675 2225 1730 2274 et
1779 2225 1885 2273 tam

285 2308 490 2375 multis,
534 2318 641 2364 tam
691 2309 950 2382 gravibus
988 2307 1252 2363 molestiis
1300 2315 1356 2363 et
1391 2307 1634 2363 adversis
1678 2306 1881 2375 cincto,

282 2413 372 2468 ac,
427 2407 485 2453 ut
522 2397 594 2453 ita
640 2397 834 2462 dicam,
867 2396 1152 2461 redimita,
1183 2395 1482 2463 invitatam;
1532 2409 1637 2450 nos
1699 2402 1886 2451 contra

285 2486 581 2543 Christiani
612 2485 983 2541 erubescimus
1010 2485 1283 2540 Christum
1316 2483 1492 2555 sequi,
1522 2499 1685 2556 quem
1714 2500 1882 2556 opor-

284 2577 401 2634 tuit
430 2578 545 2631 hinc
570 2577 716 2648 pati,
740 2580 798 2631 et
818 2576 901 2631 ita
922 2576 1142 2630 intrare
1162 2575 1224 2630 in
1252 2575 1491 2645 gloriam
1528 2590 1712 2639 suam,
1744 2572 1881 2629 Luc.

281 2680 447 2733 xxvr,
480 2669 570 2720 26.
628 2663 788 2735 Atqui
825 2678 954 2720 vero
993 2679 1118 2719 cum
1156 2661 1428 2718 candidati
1463 2660 1543 2715 illi
1580 2660 1654 2715 nil
1688 2676 1881 2731 pecca-

278 2754 493 2811 vissent
539 2753 595 2808 in
642 2751 1055 2825 rempublicam,
1091 2750 1184 2824 qui
1230 2751 1300 2806 de
1346 2766 1409 2806 ea
1452 2751 1629 2820 potius
1678 2749 1882 2820 optime

279 2841 466 2897 meriti
519 2840 765 2908 fuissent,
796 2840 954 2896 nobis
1001 2839 1069 2894 de
1099 2837 1257 2895 venia
1291 2841 1653 2911 peccatorum
1709 2853 1877 2911 agen-

278 2933 414 2987 dum
442 2939 544 2996 est,
571 2930 638 2986 de
687 2931 878 3003 gratia
906 2928 960 2984 in
1011 2928 1171 2985 nobis
1198 2927 1574 2993 restauranda,
1607 2927 1673 2983 de
1700 2929 1881 2999 gloria

276 3022 519 3088 cwlesti,
552 3036 650 3092 per
678 3021 820 3076 hanc
846 3018 1243 3091 consequenda,
1272 3024 1326 3073 et
1351 3018 1417 3073 in
1447 3021 1725 3075 aeternum
1751 3032 1876 3088 pos-

281 3109 531 3166 sidenda.

362 3196 750 3257 Contumeliis.
782 3195 915 3267 Quis
941 3195 1084 3252 enim
1112 3196 1315 3267 credat,
1347 3195 1677 3254 candidatos
1723 3196 1822 3251 hos
1849 3211 1879 3251 a

283 3288 635 3361 quibusdam,
665 3285 801 3343 forte
859 3286 1133 3353 inimicis,
1167 3292 1258 3341 aut
1284 3286 1483 3342 minus
1513 3286 1735 3351 amicis,
1769 3300 1875 3341 non

281 3377 577 3449 aliquando
631 3376 753 3450 (pro
782 3393 847 3433 ea
869 3384 997 3432 tunc
1025 3374 1214 3448 populi
1262 3374 1494 3446 licentia)
1523 3374 1876 3431 contumelio-

287 3465 426 3533 sius,
491 3476 579 3522 aut
642 3465 1037 3539 aspernantius,
1105 3473 1198 3521 aut
1249 3465 1319 3520 ab
1392 3464 1575 3520 amicis
1612 3462 1874 3535 alioquin,

286 3555 431 3611 inter
507 3563 645 3611 tanta
722 3564 939 3629 tamque
1019 3554 1193 3611 divisa
1255 3552 1456 3623 studia,
1515 3551 1880 3625 negligentius

282 3644 499 3700 habitos
526 3643 739 3700 fuisse?
768 3644 875 3700 Sed
926 3642 1209 3699 audiamus
1239 3649 1484 3699 sanctum
1521 3642 1875 3712 Cyprianum,

276 3735 338 3789 in
384 3736 485 3807 Ep.
519 3733 592 3788 ad
648 3735 928 3790 Donatum
982 3732 1096 3788 haec
1142 3729 1563 3803 elegantissime,
1625 3739 1683 3787 ut
1720 3732 1873 3796 solet,

276 3821 677 3879 describentem
726 3839 739 3878 :
814 3842 837 3873 ε
880 3819 984 3888 Qui
1021 3820 1218 3876 amictu
1269 3821 1495 3877 clariore
1550 3818 1878 3891 conspicuus

279 3909 486 3983 fulgere
516 3911 619 3967 sibi
667 3910 879 3967 videtur
916 3909 972 3965 in
1017 3926 1281 3982 purpura,
1311 3910 1508 3980 quibus
1560 3910 1666 3965 hoc
1694 3910 1873 3967 sordi-

276 4003 385 4057 bus
450 3999 599 4069 emit,
670 4008 727 4057 nt
787 3999 1021 4071 fulgeatl
1094 4015 1228 4071 quos
1290 3998 1664 4072 arrOgantium
1703 3999 1875 4057 fastus

274 4090 429 4161 prius
456 4089 713 4163 pertulit!
765 4104 907 4163 quas
932 4090 1194 4161 superbas
1241 4086 1385 4144 fores
1437 4087 1739 4143 matutinus
1778 4106 1871 4145 sa-

275 4181 480 4237 lutator
544 4178 785 4237 obsedit!
857 4184 992 4250 quot
1079 4176 1398 4236 tumentium
1479 4177 1872 4233 contumeliosa

279 4270 531 4342 vestigia,
577 4270 808 4342 stipatus
833 4268 1109 4326 clientium
1156 4267 1341 4324 cuneis
1395 4275 1538 4337 ante,
1571 4268 1870 4341 praecessit,

278 4367 341 4415 ut
402 4360 578 4431 ipsum
633 4358 795 4415 etiam
874 4357 1222 4414 salutantium
1274 4372 1459 4414 comes
1528 4359 1872 4429 postmodum

277 4464 482 4522 pompa
519 4449 876 4521 praecederet,
907 4447 1142 4503 obnoxia
1172 4462 1282 4504 non
1326 4444 1556 4521 homini,
1587 4449 1678 4505 sed
1709 4456 1865 4520 pote-

279 4538 446 4595 stati?
487 4558 512 4589 »
545 4539 614 4594 Et
641 4537 719 4594 sic
747 4536 946 4593 ibidem
975 4552 1158 4608 porro.

364 4629 643 4693 Votorum,
674 4626 711 4681 i.
746 4641 795 4681 e.
828 4626 1257 4684 desideriorum.

356 4716 739 4787 Ignobilitates
763 4716 1023 4771 vestium.
1066 4717 1136 4771 At
1163 4730 1267 4789 ego
1295 4714 1517 4788 quidem
1547 4715 1678 4771 nihil
1708 4718 1872 4790 igno-

282 4805 393 4861 bile
421 4804 475 4859 in
511 4804 632 4876 ipso
680 4805 786 4860 hoc
811 4803 1038 4861 vestitus
1082 4820 1277 4878 genere
1307 4805 1684 4876 deprehendo;
1744 4807 1872 4879 quin

282 4908 417 4950 vero
482 4892 640 4949 etiam
695 4893 853 4962 alias,
894 4891 985 4965 qui
1043 4891 1344 4947 honestiori
1394 4892 1533 4949 inter
1598 4895 1875 4952 Romanos

281 4982 611 5049 conditione,
642 4989 695 5037 et
720 4998 831 5038 non
890 4998 921 5038 e
947 4982 1111 5053 vulgo
1139 4982 1510 5047 censebantur,
1544 4980 1599 5036 in
1636 4983 1874 5040 vestibus

282 5071 542 5130 candidis
586 5087 706 5127 esse
753 5071 1022 5139 solebant,
1053 5088 1174 5144 qua:
1216 5086 1324 5127 non
1353 5070 1406 5125 in
1462 5070 1874 5145 magistratuum

280 5163 542 5218 duntaxat
570 5160 843 5232 petitione,
877 5161 972 5215 sed
1002 5161 1163 5216 etiam
1203 5160 1259 5214 in
1288 5163 1490 5231 sacris,
1518 5160 1572 5214 in
1606 5164 1873 5219 conviviis

280 5249 721 5319 solemnioribus,
750 5249 805 5303 in
837 5250 1079 5322 nuptiis,
1111 5249 1164 5303 in
1196 5251 1433 5316 militia,
1454 5248 1510 5305 in
1542 5251 1870 5324 triumphis,

282 5345 537 5410 tanquam
568 5355 793 5394 morum
808 5338 1108 5411 puritatis,
1141 5338 1505 5403 innocentiae,
1528 5339 1767 5406 laetitiae,
1790 5342 1874 5396 in-

285 5429 587 5498 tegritatis,
621 5442 685 5483 ac
714 5429 967 5485 victoria:
1012 5426 1311 5500 symbolum
1339 5427 1587 5483 adhiberi
1633 5444 1871 5484 consue-

280 5522 488 5583 verant,
538 5524 597 5571 ut
640 5517 783 5589 apud
825 5517 905 5572 Jo.
951 5514 1101 5572 Guil.
1169 5515 1418 5571 Stukium
1467 5514 1522 5570 in
1587 5518 1868 5591 Antiquit.

282 5604 557 5663 convivat.
592 5605 631 5662 l.
665 5620 725 5677 ιι,
757 5620 807 5665 c.
836 5608 929 5675 26,
958 5603 1164 5679 prolixe
1191 5604 1369 5679 legere
1397 5613 1497 5664 est.
1529 5604 1717 5664 Potius
1742 5622 1873 5683 ergo

1994 1877 2148 1932 dotes
2176 1876 2404 1935 idoneas
2424 1895 2532 1936 non
2553 1879 2804 1947 afferunt,
2831 1887 2883 1936 et
2903 1890 3081 1938 tamen
3101 1880 3401 1940 desiderata
3422 1885 3595 1940 omni-

1991 1964 2093 2021 bus
2124 1966 2299 2022 modis
2343 1970 2605 2040 consequi
2635 1969 2877 2035 student,
2917 1970 3065 2025 haud
3103 1971 3381 2028 absimiles
3408 1972 3593 2027 avium

1992 2053 2153 2124 pullis
2182 2054 2275 2126 qui
2304 2056 2539 2112 nondum
2568 2066 2650 2113 sat
2676 2058 2948 2129 pennatis,
2978 2075 3041 2115 ac
3070 2061 3451 2131 intempestive
3488 2062 3595 2118 sibi

1992 2142 2369 2214 plaudentibus
2398 2146 2517 2213 alis,
2551 2146 2885 2219 nimiumque
2912 2148 3203 2205 immatura
3233 2148 3451 2217 ﬁducia,
3493 2167 3595 2208 vo-

1989 2230 2157 2287 latum
2185 2236 2462 2304 af/‘ectare
2489 2247 2810 2293 cernuntur.

2059 2339 2513 2399 Salutationibus
2542 2346 2846 2416 occupant.
2878 2344 2958 2399 Ita
2987 2360 3121 2417 ergo
3150 2347 3432 2406 nocturnis
3449 2363 3591 2421 quo-

1986 2443 2092 2500 que
2141 2436 2195 2483 et
2250 2429 2411 2484 nimis
2468 2431 2836 2499 pertinacibus
2894 2432 3088 2489 studiis
3140 2443 3400 2505 patronos
3456 2453 3587 2494 suos

1986 2517 2349 2582 sectabantur,
2368 2517 2531 2573 etiam
2561 2520 2733 2587 atriis,
2762 2520 2807 2576 si
2845 2538 2965 2594 quae
3004 2524 3186 2594 patula
3222 2522 3576 2594 invenissent,

1985 2620 2045 2660 se
2093 2605 2438 2677 infundendo,
2493 2616 2587 2662 aut
2633 2609 2961 2675 intrudendo
3018 2612 3219 2682 verius,
3264 2621 3316 2667 et
3372 2622 3579 2671 tantum

1985 2708 2093 2749 non
2123 2693 2493 2765 irrumpendo.
2553 2698 2763 2753 Crudas
2814 2707 2994 2754 autem
3023 2700 3152 2756 dicit
3179 2703 3580 2771 salutationes,

1984 2782 2193 2838 scilicet
2222 2782 2359 2837 cibis
2387 2800 2417 2838 e
2446 2800 2597 2840 caena
2625 2788 2863 2842 nondum
2908 2789 3048 2842 bene
3096 2789 3351 2860 excoctis,
3382 2789 3582 2849 effusas

1984 2878 2077 2926 aut
2102 2871 2284 2929 verius
2311 2880 2599 2929 eructatas.

2053 2961 2464 3018 Decrescentes.
2511 2963 2635 3018 Non
2693 2961 2807 3034 jam
2850 2965 3053 3040 capite,
3106 2966 3203 3022 sed
3259 2974 3371 3025 toto
3419 2969 3581 3025 etiam

1982 3064 2231 3123 corpore,
2263 3051 2508 3121 ejusdem
2535 3050 2820 3123 profundis
2866 3052 3269 3127 inﬂexionibus,
3311 3072 3345 3113 a
3385 3064 3582 3115 semet-

1982 3137 2117 3211 ipsis
2154 3139 2450 3205 diminuti,
2483 3156 2548 3196 ac
2583 3142 3030 3200 chamaeleontum
3077 3144 3245 3201 instar
3300 3133 3583 3220 captandas

1983 3229 2168 3300 papuli
2201 3244 2347 3284 aura:
2373 3228 2662 3286 inhiantes.

2051 3336 2243 3392 Nullis
2295 3336 2566 3393 conviviis
2608 3337 2865 3395 celebres.
2919 3339 3203 3397 Enimvero
3243 3341 3358 3412 jam
3415 3358 3582 3414 supra

1976 3430 2097 3483 not.
2132 3426 2314 3499 Neque
2336 3425 2535 3497 pudet,
2565 3442 2747 3500 neque
2772 3428 2946 3501 piget,
2978 3429 3370 3486 insinuavimus
3399 3430 3584 3487 candi-

1979 3516 2134 3570 datos
2188 3513 2434 3586 (ﬂorente
2506 3513 2712 3571 scilicet
2764 3532 2952 3572 eorum
3008 3518 3185 3575 adhuc
3239 3518 3580 3591 conditione)

1978 3603 2132 3676 larga
2183 3603 2382 3674 populo
2424 3616 2845 3677 sumptuosaque
2889 3606 3218 3680 quandoque
3265 3607 3579 3666 exhibuisse

1974 3693 2240 3760 convivia,
2271 3699 2375 3749 etc.
2426 3691 2499 3748 At
2528 3703 2737 3764 postea,
2769 3710 2899 3751 cum
2926 3695 3091 3751 etiam
3140 3695 3344 3767 plebeii
3376 3696 3574 3754 candi-

1980 3782 2118 3840 datis
2159 3781 2445 3840 admisceri
2487 3790 2785 3856 coeperant,
2834 3784 2892 3839 in
2952 3784 3197 3842 tenuiore
3240 3786 3576 3859 nimiumque

1978 3871 2226 3929 famelica
2262 3872 2480 3928 illorum
2526 3872 2745 3930 fortuna
2786 3873 2917 3946 ipsae
2963 3876 3127 3932 etiam
3171 3875 3368 3933 culinae
3412 3874 3580 3948 frigi-

1978 3962 2167 4019 diores
2194 3973 2371 4020 erant.

2053 4070 2373 4142 Congreges.
2405 4071 2478 4127 Ut
2518 4087 2715 4143 segrea:
2756 4069 2971 4138 dicitur,
3006 4071 3097 4143 qui
3137 4071 3194 4127 in
3242 4086 3409 4145 grege
3463 4086 3574 4129 non

1978 4164 2082 4226 est,
2122 4157 2218 4214 sed
2248 4157 2520 4214 solitarius
2566 4159 2694 4230 agit,
2729 4160 2800 4212 ita
2844 4174 3141 4231 congreges
3179 4159 3270 4215 hic
3314 4159 3574 4232 appellat,

1978 4244 2071 4319 qui
2100 4261 2209 4303 una
2234 4261 2358 4302 cum
2387 4244 2508 4301 aliis
2536 4251 2969 4319 congregantur,
3001 4262 3099 4302 seu
3145 4249 3209 4301 in
3236 4262 3398 4319 grege
3424 4255 3569 4317 sunt,

1977 4344 2039 4393 ut
2060 4332 2327 4406 Apuleius
2353 4333 2394 4389 l.
2423 4350 2525 4392 vm
2555 4334 2621 4389 de
2641 4336 2809 4390 Asino
2829 4350 3005 4392 aureo
3027 4334 3191 4389 habet
3222 4352 3235 4388 :
3275 4358 3293 4381 ι
3329 4335 3413 4390 Me
3442 4349 3573 4392 cou-

1899 4410 1952 4492 D
1977 4440 2201 4501 gregem
2231 4432 2414 4496 pastor
2443 4422 2700 4495 egregius
2729 4421 3022 4494 aliquando
3048 4421 3315 4495 permisit.
3349 4443 3373 4474 ι

2056 4536 2229 4595 Unius
2247 4533 2391 4589 anni
2416 4531 2722 4591 volaticum
2750 4530 3044 4602 gaudium.
3062 4529 3409 4605 Magistratus
3424 4531 3571 4588 enim

1978 4624 2125 4696 apud
2191 4624 2483 4690 Romanos,
2539 4618 2945 4677 Atheniensium
3015 4619 3287 4691 exemplo,
3355 4621 3571 4677 nonnisi

1977 4731 2222 4781 annuos,
2266 4727 2385 4768 raro
2431 4718 2486 4767 et
2525 4711 2696 4766 ferme
2736 4709 2951 4766 nonnisi
3007 4709 3111 4765 sub
3165 4708 3384 4765 Tiberio
3431 4709 3569 4781 imp.

1977 4805 2120 4876 (vide
2156 4801 2326 4858 Tacit.
2360 4800 2401 4855 l.
2432 4816 2452 4855 1
2482 4800 2690 4857 Annal.
2722 4814 2774 4854 c.
2805 4799 2898 4868 80)
2927 4797 2990 4854 ad
3022 4798 3209 4869 plures
3238 4812 3413 4853 annos
3439 4814 3571 4870 pro-

1977 4899 2196 4965 rogatus
2227 4890 2396 4946 fuisse
2426 4895 2654 4945 constat.
2690 4909 2714 4940 α
2750 4887 3055 4958 Imperandi
3100 4884 3247 4943 enim
3277 4884 3379 4958 (ait
3404 4886 3567 4943 Dion.

1977 4982 2248 5038 Halicarn.
2291 4977 2468 5049 Antiq.
2500 4979 2659 5035 Rom.
2708 4977 2747 5033 l.
2778 4992 2857 5042 ιν,
2901 4992 2951 5034 e.
2994 4976 3091 5047 '79)
3129 4974 3456 5049 parendique
3485 4974 3568 5034 vi-

1978 5071 2255 5135 cissitudo,
2304 5080 2358 5125 et
2408 5068 2707 5137 potestatis,
2759 5075 3046 5139 antequam
3095 5073 3413 5137 corrumpat
3448 5065 3571 5121 ani-

1978 5176 2146 5227 mum,
2186 5157 2474 5227 depositio,
2525 5156 2745 5213 cohibet
2798 5155 3018 5229 ingenia
3067 5156 3423 5225 contumacia,
3469 5170 3572 5212 nec

1979 5248 2107 5305 sinit
2134 5263 2310 5303 mores
2336 5244 2758 5318 (imperantium)
2789 5243 3046 5301 inebriari
3075 5244 3243 5300 nimia
3269 5243 3504 5298 licentia.
3540 5264 3564 5294 υ

2052 5339 2347 5396 Securium
2384 5338 2782 5409 virgarumque
2803 5337 3030 5408 petitio,
3062 5334 3099 5390 i.
3138 5349 3189 5389 e.
3222 5332 3568 5404 Consulatus,

1980 5436 2074 5484 aut
2126 5426 2354 5483 aliorum
2412 5424 2821 5499 magistratuum
2869 5424 3096 5497 petitio;
3155 5419 3375 5491 ponitur
3424 5420 3569 5476 enim

1980 5518 2068 5574 hic
2096 5515 2453 5587 metonymice
2480 5516 2708 5587 signum
2733 5529 2837 5587 pro
2868 5529 2950 5569 re.

2066 5608 2236 5678 Virga!
2271 5611 2455 5665 autem
2484 5612 2640 5663 erant
2665 5601 2849 5661 bacilli
2880 5600 3091 5674 aliquot
3115 5603 3340 5673 teretes,
3364 5597 3484 5658 loro
3512 5597 3569 5655 in
