4028 6180
506 320 636 382 1331

1564 314 1654 372 AD
1693 310 1981 373 GENUINA
2019 307 2465 371 TERTULLIANI
2503 304 2720 365 OPERA

3649 293 3803 352 133?.

502 448 703 503 fascem
733 446 992 519 colligati,
1046 445 1130 501 cui
1174 446 1381 503 securis
1409 441 1576 497 inﬁxa
1621 447 1754 504 erat,
1798 437 1920 493 inde
1965 450 2093 505 pro-
2125 438 2173 521 η
2197 433 2474 490 nobiscum
2493 432 2689 503 agitur,
2712 446 2834 486 cum
2852 429 3040 486 eadem
3063 441 3243 498 opera,
3264 420 3793 496 multoqueleviore,

503 538 731 592 minens.
764 536 830 591 Hi
858 551 990 608 ergo
1023 536 1195 590 fasces
1233 533 1468 606 insignia
1514 527 1943 601 magistratibus
1974 542 2093 579 ma-

498 627 712 696 joribus
749 627 859 679 dati
896 634 1040 690 sunt,
1083 625 1282 696 quibus
1324 622 1636 678 eorumdem
1678 622 1927 690 potestas
1973 614 2094 670 vitae.

505 726 555 770 el
588 716 735 772 necis
766 732 863 784 per
890 717 1155 780 securim,
1204 713 1457 767 leviorum
1488 709 1793 771 criminum,
1828 714 1881 760 et
1927 704 2095 774 ﬂagra

462 838 473 841 μ
506 806 945 860 commeritorum
985 820 1078 873 per
1117 804 1305 874 virgas
1352 798 1633 871 castigatio
1676 794 2093 865 signiﬁcabatur.

505 894 830 950 Consulibus
882 904 1057 947 autem
1112 907 1237 946 cum
1275 891 1327 943 in
1368 888 1642 959 publicum
1693 882 2095 956 procedendum

505 983 640 1053 ipsis
666 992 800 1047 erat,
830 986 1008 1053 fasces
1038 997 1162 1037 cum
1191 980 1475 1036 securibus
1495 994 1525 1031 a
1554 976 1777 1031 totidem
1810 971 2093 1028 lictoribus

508 1072 951 1140 prmferebantur,
986 1085 1145 1139 porro
1176 1086 1297 1124 curn
1328 1068 1402 1122 illi
1430 1070 1519 1137 jus
1567 1067 1621 1119 in
1670 1065 1785 1119 foro
1831 1062 2094 1123 dicerent,

508 1176 649 1230 pone
697 1160 1029 1215 abstantibus
1082 1178 1093 1211 :
1142 1174 1248 1229 quo
1304 1172 1456 1211 more
1507 1155 1677 1225 prima
1717 1150 1954 1207 creditur
1998 1163 2096 1202 usa

508 1249 674 1304 fuisse
716 1250 1030 1317 Vetulonia,
1061 1246 1326 1303 Hetruriae
1355 1246 1563 1310 civitas,
1591 1245 1656 1298 de
1689 1258 1794 1313 qua
1818 1240 1947 1295 Silv.
1981 1240 2097 1293 Ital.

506 1339 546 1392 1.
579 1355 675 1394 VIII
710 1357 723 1393 :

693 1446 1013 1508 Maeoniaeque
1048 1445 1201 1494 decus
1240 1443 1494 1508 quondam
1528 1439 1794 1508 Vetulonia
1820 1438 1997 1500 gentis,

693 1503 947 1559 Bissenos'
966 1509 1070 1557 haec
1095 1503 1271 1568 prima’
1290 1507 1426 1555 dedit
1454 1505 1730 1568 praecedere
1760 1503 1945 1563 fasces,

698 1572 758 1620 Et
786 1573 956 1635 junxit
990 1569 1200 1620 totidem
1234 1569 1383 1619 tacito
1417 1576 1604 1617 terrore
1632 1578 1851 1616 secures.

580 1682 967 1738 Aitarnitatis.
1025 1684 1214 1736 Preme
1261 1677 1515 1731 nimirum
1571 1684 1805 1739 aeternae,
1849 1670 1953 1725 nisi
2004 1687 2102 1741 per

2197 532 2249 581 et
2275 522 2603 590 satisfacere,
2636 530 2688 576 et
2718 521 2874 576 nobis
2905 518 3063 574 simul
3091 515 3343 572 {uenerari
3365 511 3635 583 possimus
3670 526 3795 583 gra-

2200 614 2347 683 tiam,
2396 629 2617 684 regnum
2682 612 2925 677 coeleste,
2967 616 3020 662 et
3083 606 3310 678 gloriam
3365 602 3788 673 sempiternam.

2204 726 2225 754 «
2267 706 2405 758 Eant
2434 719 2576 758 nunc
2622 702 2969 773 magistratus
2998 698 3099 767 (sic
3146 712 3268 751 cum
3321 695 3379 747 S.
3427 690 3710 761 Cypriane
3745 688 3807 741 iu

2200 794 2358 865 alleg.
2390 796 2494 863 Ep.
2544 793 2609 847 ad
2666 794 2860 846 Donat.
2909 788 3214 858 concludo),
3264 792 3318 839 et
3364 782 3639 847 consules,
3686 779 3808 834 sive

2200 883 2554 954 proconsules
2606 900 2618 936 :
2666 896 2856 934 annuae
2923 877 3199 953 dignitatis
3260 873 3561 944 insignibus
3624 880 3686 925 et
3735 872 3804 923 12

2202 971 2438 1026 fascibus
2466 970 2786 1042 glorientur.
2838 990 2859 1017 υ

2272 1063 2505 1117 Procero
2536 1059 2696 1132 quasi
2721 1061 2864 1128 fune
2894 1060 3149 1111 nectunt.
3184 1053 3343 1107 Forte
3376 1050 3511 1105 illud
3542 1050 3712 1102 Prov.
3742 1064 3803 1110 ν,

2202 1152 2269 1202 22
2292 1150 2391 1219 (1),
2417 1149 2672 1219 respicit:
2702 1148 3035 1218 Iniquitates
3060 1161 3180 1200 suae
3202 1146 3427 1214 capient
3450 1141 3719 1210 impium,
3750 1142 3811 1196 et

2202 1238 2437 1309 funibus
2461 1240 2823 1310 peccatorum
2849 1251 3079 1291 suorum
3111 1232 3539 1301 constringitur.
3580 1225 3813 1282 Proceri

2203 1343 2328 1381 sane
2380 1327 2434 1380 hi
2478 1325 2638 1382 funes
2686 1336 2809 1381 sunt
2851 1333 2902 1380 et
2968 1324 3052 1379 vix
3094 1325 3205 1394 jam
3270 1321 3502 1392 amplius
3552 1316 3810 1371 disrum-

2203 1415 2385 1486 pendi.
2442 1435 2468 1467 «
2512 1416 2592 1471 Ex
2612 1415 2884 1470 voluntate
2949 1426 3205 1484 perversa
3252 1410 3349 1482 (ait
3426 1413 3652 1462 sanctus
3684 1404 3809 1459 Au-

2204 1504 2473 1575 gustinus,
2506 1505 2541 1557 l.
2567 1519 2664 1558 VIII
2698 1505 2857 1573 Conf.
2887 1518 2936 1557 c.
2971 1505 3022 1570 5,
3050 1499 3269 1571 pr0prio
3291 1496 3666 1568 experimento
3689 1493 3811 1548 haec

2204 1596 2363 1649 nimis
2409 1594 2788 1664 comprobans)
2818 1592 2959 1647 facta
3006 1599 3088 1645 est
3121 1588 3289 1643 libido
3344 1605 3357 1641 :
3388 1596 3439 1641 et
3467 1585 3601 1639 dum
3630 1583 3810 1638 servi-

2208 1693 2292 1738 tur
2322 1682 2552 1749 libidini,
2587 1682 2725 1737 facta
2780 1688 2859 1736 est
2888 1678 3222 1736 consuetudo
3257 1695 3268 1729 :
3302 1682 3355 1731 et
3394 1675 3525 1729 dum
3565 1686 3815 1727 consue-

510 1770 882 1839 P‘Bnilenliam
937 1768 993 1822 in
1060 1778 1303 1837 tempore
1364 1762 1745 1835 reSipuerimus
1796 1760 2096 1815 addicendi-
2138 1763 2376 1846 Btudini
2422 1787 2529 1826 non
2586 1770 2870 1835 resistitur,
2922 1770 3061 1824 facta
3117 1772 3200 1821 est
3264 1763 3580 1827 necessitas,
3637 1760 3813 1814 nullis

588 1860 1026 1930 Castigationem
1068 1859 1277 1914 victus.
1317 1853 1448 1922 Quae
1494 1852 1553 1908 ﬁt
1597 1867 1696 1923 per
1742 1850 2103 1921 frequentiora

502 1950 756 2019 jejunia.

589 2038 802 2101 Cultus,
837 2034 874 2089 i.
908 2051 958 2091 e.
989 2035 1208 2090 culturae
1237 2034 1487 2099 vestium,
1519 2047 1638 2104 quae
1682 2047 1776 2103 per
1817 2044 2000 2087 saccos
2048 2032 2104 2084 et

512 2126 705 2181 cilicia
733 2134 984 2181 arctatur.

585 2215 699 2271 Sibi
747 2216 1030 2287 irrogant.
1062 2215 1141 2269 Ita
1210 2229 1342 2287 ergo
1391 2212 1680 2269 Christiani
1723 2224 2110 2281 nonnunquam

514 2320 648 2375 erga
675 2304 940 2373 homines,
986 2304 1178 2374 quibus
1206 2320 1351 2374 saepe
1399 2303 1544 2356 nullo
1594 2301 1932 2374 gratitudinis
1984 2299 2110 2355 vin-

520 2392 665 2457 culo,
697 2393 848 2445 nullo
882 2392 1117 2446 laesionis
1148 2391 1463 2460 reparandze
1492 2390 1674 2444 debito
1705 2389 2107 2457 adstringimur,

517 2480 682 2533 multo
738 2479 1089 2543 liberaliores,
1150 2488 1310 2549 atque
1367 2479 1503 2533 adeo
1562 2478 1796 2549 prodigi,
1846 2477 1898 2530 in
1948 2477 2109 2531 rebus

517 2567 721 2623 nostris
750 2568 1136 2635 profundendis
1164 2584 1283 2623 esse
1314 2568 1568 2631 solemus,
1613 2576 1672 2622 ut
1707 2566 1904 2621 nostris
1933 2566 2106 2620 bene-

518 2656 653 2712 ﬁciis
682 2671 790 2711 non
831 2666 935 2711 tam
985 2657 1255 2723 cumulati,
1306 2672 1465 2726 quam
1512 2658 1718 2710 onerati
1766 2655 1936 2714 videri
1989 2670 2115 2724 pos-

521 2746 661 2808 sint;
706 2746 810 2799 imo
856 2761 958 2800 nos
1006 2746 1269 2801 nobismet
1316 2744 1451 2815 ipsis
1498 2745 1664 2800 nimio
1714 2744 1863 2799 oneri
1906 2760 2110 2809 sumus,

524 2834 886 2905 interimjllud
905 2834 1097 2888 Christi
1110 2838 1314 2907 jugum
1334 2851 1502 2891 suave
1522 2839 1577 2890 et
1599 2851 1738 2891 onus
1764 2833 1907 2890 leve(
1915 2834 2109 2890 Matth.

525 2939 609 2977 x1.
667 2925 761 2994 30)
820 2923 981 2978 nimis
1038 2924 1379 2995 impatienter
1435 2922 1688 2989 ferentes,
1749 2932 1839 2978 aut
1896 2922 2117 2977 omnino

525 3012 903 3066 detrectantes.
936 3014 1119 3083 Neque
1164 3021 1365 3082 autem,
1399 3014 1444 3067 si
1475 3013 1594 3084 quis
1652 3014 1764 3067 Deo
1795 3027 1890 3082 pro
1922 3010 2119 3081 injuria

2207 1862 2390 1932 utique
2415 1860 2667 1944 humanis
2714 1859 2942 1922 viribus,
2975 1857 3073 1913 sed
3105 1872 3199 1927 per
3224 1854 3409 1909 solam
3456 1853 3521 1905 D.
3562 1851 3635 1905 N.
3681 1850 3818 1903 Jesu

2209 1949 2406 2006 Christi
2435 1964 2682 2005 unum;
2710 1945 3038 2017 superanda.
3083 1964 3109 1996 ι)

2695 2093 2850 2148 Notae
2880 2089 2952 2145 ad
2983 2088 3165 2160 Caput
3201 2086 3312 2141 XII.

2288 2221 2596 2285 Retractas,
2626 2229 2725 2285 pro
2756 2216 2990 2281 tractas,
3021 2217 3081 2266 ut
3108 2206 3405 2279 saepissime
3441 2204 3596 2259 alias.
3629 2202 3823 2257 Mente

2213 2313 2390 2360 autem
2437 2312 2647 2366 tractat,
2680 2302 2775 2372 qui
2822 2301 2889 2355 de
2920 2306 3266 2371 peccatorum
3314 2307 3533 2350 suorum
3592 2290 3826 2346 confes-

2216 2394 2368 2448 sione
2397 2393 2617 2462 c0gitat,
2644 2390 2971 2461 jamjamque
2998 2388 3234 2442 animum
3263 2402 3419 2441 suum
3458 2383 3525 2437 ad
3556 2382 3820 2435 eamdem

2218 2483 2360 2536 serio
2391 2489 2443 2534 et
2471 2479 2762 2535 efﬁcaciter
2792 2480 3042 2547 applicat.

2296 2571 2633 2627 Cehennam.
2700 2568 2963 2624 Cehenna
3000 2565 3247 2633 minime,
3284 2572 3345 2618 ut
3399 2560 3620 2633 quidam
3665 2566 3831 2628 puta-

2219 2667 2361 2725 runt,
2396 2673 2589 2714 nomen
2628 2657 2873 2712 Graecum
2908 2663 3006 2722 est,
3041 2654 3139 2709 sed
3185 2651 3523 2714 Hebraicum,
3557 2648 3831 2718 idemque

2221 2765 2343 2806 cum
2398 2757 2544 2808 man
2579 2755 2671 2807 NV:
2716 2745 2863 2817 quod
2894 2741 3166 2815 signiﬁcat
3222 2743 3428 2798 Vallem
3469 2742 3724 2802 Ennom,
3754 2738 3830 2791 de

2222 2855 2325 2910 qua
2373 2840 2573 2893 Jerem.
2608 2852 2708 2901 vn,
2760 2839 2827 2888 30
2859 2839 2913 2889 et
2961 2838 3024 2888 31
3060 2832 3288 2887 habetur
3320 2848 3334 2884 :
3374 2828 3835 2898 Ediﬁcaverunt

2224 2930 2447 2983 excelsa
2500 2926 2720 2997 Tophet,
2753 2940 2878 2997 quae
2906 2926 2989 2977 est
3036 2923 3102 2977 in
3138 2930 3230 2980 tm
3275 2934 3454 2973 vanu:
3482 2918 3592 2986 ﬁlii
3646 2917 3833 2985 (mn)

2224 3019 2557 3086 Ennom,ut
2608 3014 2973 3071 incenderent
3020 3012 3170 3081 ﬁlios
3213 3025 3337 3065 suos
3386 3014 3443 3064 et
3486 3007 3641 3076 ﬁlias
3695 3024 3837 3063 suas

524 3098 737 3155 debitor
793 3101 971 3165 fuerit.
1031 3101 1207 3155 cidem
1264 3103 1660 3170 desperandum
1709 3077 1810 3165 est;
1864 3077 2120 3171 tanquam
2149 3077 2195 3160 Β
2223 3077 2480 3177 ignaue.
2511 3103 2631 3161 Ideo
2661 3118 2782 3158 ecce
2810 3103 2926 3157 dies
2956 3077 3285 3167 veniunt,et
3315 3114 3429 3153 non
3458 3097 3689 3151 dicetur
3719 3114 3839 3151 am-

525 3190 782 3244 solvendo
813 3206 920 3244 non
954 3198 1113 3245 esset.
1160 3191 1451 3245 Enimvero
1484 3211 1513 3243 α
1545 3190 1699 3259 plura
1732 3191 1812 3259 (ut
1839 3189 1895 3244 S.
1930 3190 2119 3245 Ambr.

524 3277 561 3330 l.
606 3295 644 3333 ιι
682 3277 751 3334 de
805 3281 959 3334 Pcen.
1018 3295 1066 3333 c.
1101 3283 1132 3334 9
1183 3280 1278 3350 ait)
1336 3280 1581 3335 solvendi
1633 3279 1795 3333 habet
1850 3277 2117 3343 subsidia,

524 3367 620 3437 qui
685 3368 821 3435 Deo,
889 3384 1047 3437 quam
1103 3368 1170 3433 is,
1228 3368 1321 3440 qui
1356 3355 1583 3423 homini
1639 3368 1818 3423 debet.
1896 3364 2123 3422 I236

526 3455 701 3512 Homo
764 3459 1045 3527 pecuniam
1106 3473 1204 3528 pro
1255 3457 1481 3528 pecunia
1534 3458 1784 3527 reposcit,
1831 3473 1951 3528 quae
2018 3472 2125 3511 non

526 3561 743 3616 semper
788 3546 1021 3602 debitori
1066 3556 1267 3618 praesto
1325 3555 1405 3603 est
1447 3564 1459 3600 :
1503 3548 1650 3601 Deus
1702 3546 1956 3601 affectum
2017 3546 2128 3600 exi-

528 3633 630 3705 git,
698 3635 792 3704 qui
871 3636 923 3688 in
1002 3643 1093 3690 tua
1157 3644 1423 3707 potestate
1500 3646 1600 3692 est.
1679 3636 1845 3691 Nemo
1924 3651 2131 3705 pauper

537 3732 636 3786 est,
671 3724 763 3792 qui
793 3724 907 3777 Deo
939 3724 1118 3788 debet,
1152 3724 1259 3779 nisi
1297 3725 1388 3795 qui
1435 3724 1669 3795 seipsum
1717 3740 2006 3794 pauperem
2044 3723 2128 3779 fe-

533 3809 689 3864 cerit.
741 3812 806 3864 Et
864 3811 913 3864 si
966 3826 1077 3865 non
1132 3812 1291 3867 habet
1344 3829 1466 3883 quae
1511 3813 1730 3877 vendat,
1792 3814 1954 3867 habet
2006 3827 2129 3883 quae

532 3898 731 3952 solvat.
766 3896 977 3964 Oratio,
1008 3898 1278 3968 lacrymae,
1306 3900 1530 3969 jejunia,
1563 3901 1820 3955 debitoris
1848 3900 1975 3955 boni
2005 3916 2131 3954 cen-

537 4000 634 4038 sus
664 3992 764 4049 est,
798 3984 1075 4055 multoque
1109 3987 1345 4056 uberior,
1378 4005 1539 4058 quam
1585 3989 1631 4043 si
1660 3989 1783 4060 quis
1831 4006 1894 4044 ex
1944 3990 2134 4060 pretiis

538 4072 833 4129 fundorum
862 4075 1142 4143 pecuniam
1174 4076 1290 4132 sine
1321 4076 1424 4131 ﬁde
1455 4077 1676 4133 deferat.
1715 4100 1737 4129 ι)
1770 4081 1953 4151 Itaque
1982 4080 2133 4135 nulla

536 4163 847 4219 debitorum
878 4165 1121 4221 conditio
1149 4166 1365 4232 melior,
1395 4182 1563 4237 quam
1592 4169 1791 4240 quibus
1821 4169 1932 4226 Deo
1954 4170 2128 4225 obno-

538 4252 612 4306 xii
644 4269 853 4308 sumus.
893 4256 1030 4316 Non.
1074 4265 1361 4327 pr0pterea
1408 4266 1466 4310 ut
1508 4259 1757 4313 creditori
1798 4260 1913 4314 Deo
1967 4258 2129 4314 satis-

536 4340 726 4406 facias,
750 4346 1086 4401 venumdari
1103 4355 1151 4401 te
1180 4347 1468 4416 omniaque
1492 4355 1579 4401 tua
1599 4364 1818 4403 necesse
1838 4357 1939 4403 est.
1962 4348 2135 4404 Oran-

2222 3197 2375 3268 plius
2414 3196 2632 3266 Tophet,
2648 3197 2703 3247 et
2732 3202 2829 3253 Nu
2853 3206 3046 3245 VALLIS
3072 3191 3183 3260 ﬁlii
3216 3199 3336 3249 Dan
3359 3202 3575 3255 ENNou,
3594 3187 3698 3241 sed
3724 3190 3843 3241 val-

2230 3287 2298 3340 lis
2330 3283 2762 3354 interfectionis,
2796 3288 2898 3335 etc.
2937 3301 2958 3328 α
3006 3280 3243 3333 Tradunt
3273 3287 3451 3331 autem
3490 3275 3711 3330 Hebraei
3748 3277 3842 3343 [ait

2228 3373 2285 3428 S.
2318 3373 2465 3427 Hier.
2496 3372 2551 3425 in
2579 3372 2722 3425 hunc
2751 3369 2925 3439 ipsum
2956 3368 3153 3423 Jerem.
3206 3366 3431 3435 textum)
3460 3379 3523 3419 ex
3562 3364 3671 3419 hoc
3715 3363 3843 3419 loco

2232 3470 2485 3521 mni-iw:
2525 3461 2614 3530 (ge
2661 3458 2901 3525 hinnom)
2931 3457 3256 3528 appellatam
3308 3467 3655 3517 unusunus,
3688 3450 3859 3524 quod

2229 3552 2433 3607 scilicet
2461 3549 2638 3605 omnis
2664 3547 2899 3620 populus
2924 3546 3235 3601 Judaeorum
3263 3544 3338 3599 ibi
3369 3542 3614 3613 perierit,
3648 3542 3838 3597 offen-

2229 3641 2366 3694 dens
2413 3641 2603 3692 Deum.
2650 3657 2673 3686 ι
2722 3636 3055 3705 Explicatius
3099 3643 3279 3689 autem
3323 3634 3377 3687 in
3432 3632 3628 3685 Matth.
3698 3648 3744 3687 c.
3803 3648 3837 3683 χ

2234 3735 2644 3791 commentatur,
2691 3727 2941 3797 inquiens
3002 3745 3015 3780 τ
3079 3744 3104 3775 α
3149 3725 3275 3779 Haec
3347 3722 3500 3777 vallis
3557 3728 3612 3776 et
3677 3738 3843 3790 parva

2234 3817 2411 3887 campi
2460 3816 2727 3885 planities,
2778 3814 2981 3885 irrigua
3010 3820 3147 3880 erat,
3180 3822 3232 3868 et
3279 3826 3587 3879 nemorosa,
3650 3809 3842 3880 plena-

2238 3921 2342 3977 que
2398 3904 2620 3973 deliciis,
2651 3904 2909 3974 lucusque
2939 3902 2992 3956 in
3041 3918 3103 3957 ea
3133 3901 3277 3956 idolo
3310 3900 3564 3970 (Moluch,
3599 3898 3771 3953 toties
3810 3914 3840 3951 a

2240 3997 2298 4050 ὃ.
2331 3992 2603 4065 Scriptura
2630 3992 2928 4061 exsecrato)
2969 3997 3316 4046 consecratus
3346 3996 3479 4043 erat.
3529 3988 3591 4041 In
3622 3995 3837 4043 tantam

2243 4091 2420 4138 autem
2499 4082 2821 4138 dementiam
2890 4081 3125 4151 papulas
3190 4088 3411 4135 venerat
3472 4085 3551 4145 ut,
3622 4076 3847 4132 deserta

2244 4174 2429 4244 templi
2478 4172 2672 4229 vicinia
2723 4172 2858 4239 (erat
2901 4168 3041 4223 enim
3086 4168 3237 4223 vallis
3284 4169 3399 4223 haec
3440 4166 3840 4238 Hierosolyma

2245 4262 2528 4333 proxima),
2561 4260 2637 4314 ibi
2682 4259 2910 4315 hostiam
2940 4258 3296 4325 immolarent,
3339 4263 3391 4310 et
3419 4256 3655 4326 rigorem
3706 4255 3839 4323 (im-

2245 4366 2459 4404 manem
2507 4350 2690 4420 utique
2734 4362 3061 4418 prorsusque
3127 4344 3411 4400 nefandam
3440 4342 3851 4413 crudelitatem)

541 4429 645 4485 dus
688 4439 768 4485 est
814 4440 995 4487 autem
1034 4435 1176 4489 Deus
1211 4451 1333 4490 cum
1382 4451 1535 4490 servo
1574 4437 1905 4507 evangelico,
1948 4438 2130 4492 Matth.
2167 4408 2225 4497 θ
2248 4440 2519 4509 religionis
2562 4408 2938 4509 (idololatriae
2976 4408 3260 4503 nimirum)
3299 4434 3502 4489 deliciae
3538 4432 3672 4500 (loci
3706 4410 3855 4486 illius

545 4533 708 4587 xvm,
741 4525 806 4575 26
839 4539 852 4575 :
876 4524 1177 4580 Procidens
1199 4530 1390 4580 autem
1411 4542 1601 4582 seruus
1621 4527 1740 4589 ille,
1764 4526 1961 4583 orabat
1983 4543 2133 4596 eum,
2176 4582 2185 4591 ,

548 4608 738 4664 dicens
767 4628 785 4663 :
817 4612 1168 4667 Patientiam
1199 4614 1333 4667 h‘abe
1363 4616 1427 4668 in
1456 4632 1566 4683 me,
1600 4620 1655 4671 et
1683 4618 1876 4671 omnia
1904 4615 2138 4672 reddam

550 4698 670 4752 tibi.
723 4696 866 4765 Quid
910 4703 1083 4771 ergo?
1136 4702 1393 4758 Miserius
1440 4708 1633 4759 autem
1679 4706 1947 4761 Dominus
1994 4705 2143 4762 servi

548 4787 732 4857 illius,
760 4789 981 4847 dimisit
1002 4808 1151 4859 eum,
1176 4795 1233 4847 et
1251 4792 1499 4847 debitum
1520 4793 1737 4850 dimisit
1759 4797 1829 4851 ei.
1854 4796 2140 4865 Quomodo

549 4893 681 4949 ergo
702 4879 1025 4936 redditurus
1042 4889 1173 4946 erat,
1190 4882 1280 4952 qui
1298 4898 1413 4937 non
1429 4882 1658 4939 habebat
1679 4885 1828 4941 unde
1846 4884 2143 4940 redderet?

551 4967 882 5023 Redditurus
903 4978 1016 5025 erat
1036 4985 1143 5023 non
1175 4988 1247 5027 ex
1273 4988 1394 5037 suo,
1419 4973 1510 5026 sed
1534 4987 1605 5026 ex
1625 4974 1833 5044 alieno,
1859 4990 1923 5027 ex
1946 4974 2143 5029 Christi

552 5056 720 5110 nostri
759 5057 961 5111 meritis
999 5068 1051 5111 et
1089 5059 1469 5126 satisfactione,
1502 5068 1556 5116 et
1597 5077 1769 5133 neque
1808 5065 2017 5127 aliena,
2052 5065 2146 5119 sed

553 5160 715 5214 quam
747 5150 1002 5200 nostram
1030 5163 1149 5201 esse
1180 5149 1372 5204 voluit.

629 5236 812 5305 Itaque
859 5250 981 5290 cum
1025 5236 1292 5293 ambitiosi
1341 5239 1415 5293 illi
1468 5242 1826 5297 Romanorum
1881 5242 2149 5298 candidati

557 5332 667 5377 tam
717 5326 960 5382 lubenter
999 5334 1176 5381 tantos
1218 5328 1437 5383 labores
1472 5346 1566 5399 pro
1608 5331 1955 5400 adipiscenda
1990 5334 2150 5401 fugi-

560 5416 676 5471 tiva
704 5415 985 5487 dignitate
1015 5416 1296 5485 subierint,
1326 5428 1525 5489 quanto
1557 5420 1751 5475 melius
1776 5431 1830 5475 et
1860 5420 2154 5489 benignius

574 5596 577 5599 '
634 5593 716 5661 (t)
750 5598 863 5651 lmo
900 5599 1078 5665 potius
1114 5601 1270 5667 Isai.,
1313 5615 1361 5655 c.
1403 5614 1458 5663 v,
1491 5615 1545 5653 v.
1592 5599 1829 5655 18.Vide
1857 5600 2143 5660 Lacerdam

2256 4529 2492 4600 Topheth
2520 4542 2553 4580 a
2581 4527 2801 4583 deliciis
2825 4526 2973 4595 dicti)
3003 4521 3539 4594 vincerentﬁliosque
3569 4535 3706 4575 suos
3734 4521 3858 4575 dae-

2249 4618 2442 4673 moniis
2494 4617 2860 4678 incenderent,
2907 4616 2997 4668 vel
3026 4614 3318 4670 initiarent.
3369 4613 3431 4665 Et
3461 4610 3855 4680 appellabatur

2247 4707 2437 4777 (addit)
2467 4707 2617 4761 locus
2661 4704 2746 4759 ille
2781 4704 3122 4771 Cehennom,
3156 4703 3209 4756 id
3258 4712 3339 4756 est
3408 4700 3576 4756 Vallis
3606 4699 3861 4755 ﬁliorum

2248 4799 2519 4853 Hennam.
2567 4813 2591 4844 υ
2624 4794 2701 4846 Ita
2731 4792 2805 4847 ibi
2837 4792 2893 4846 S.
2929 4792 3075 4847 Hier.
3112 4812 3134 4841 α
3180 4788 3288 4844 Alii
3322 4787 3513 4851 ferunt,
3562 4805 3585 4838 ι
3620 4787 3730 4855 (ait
3763 4788 3861 4841 in-

2248 4895 2457 4954 terpres
2510 4885 2729 4939 Latinus
2794 4881 3020 4937 Calmeti
3088 4879 3259 4935 nostri
3301 4879 3353 4932 in
3409 4878 3645 4932 Diction.
3710 4877 3859 4932 Bibl.

2252 4973 2395 5031 verb.
2435 4971 2774 5039 Cehennom)
2808 4990 2832 5021 ‹
2879 4971 2933 5023 in
2966 4985 3028 5024 ea
3057 4967 3192 5022 valle
3232 4967 3465 5022 cloacam
3495 4965 3649 5020 urbis
3681 4966 3865 5020 exsti-

2254 5064 2402 5130 tisse,
2433 5062 2524 5117 ubi
2550 5065 2857 5133 perpetuus
2888 5060 3034 5129 ignis
3065 5055 3383 5111 morticiuiis
3412 5062 3463 5110 et
3491 5054 3869 5108 immunditiis

2255 5151 2604 5209 ahsumendis
2633 5150 2979 5205 detineretur.
3025 5169 3045 5195 υ

2331 5246 2448 5300 Non
2493 5241 2725 5298 dubites.
2778 5238 2979 5293 Sensus
3026 5245 3103 5291 est
3137 5254 3148 5291 :
3182 5241 3249 5292 ut
3290 5251 3397 5291 non
3429 5236 3525 5289 diu
3575 5232 3871 5288 deliberes

2256 5335 2321 5391 de
2352 5332 2592 5389 remedio
2625 5331 2722 5385 hoc
2752 5326 3098 5398 arripienda,
3133 5330 3232 5381 aut
3263 5326 3484 5380 diutius
3514 5324 3871 5394 differendo.

2333 5420 2552 5480 5237
2594 5421 2935 5476 Thesaurum
2964 5418 3111 5485 ignis
3144 5416 3363 5471 aeterni.
3399 5416 3477 5468 Ita
3517 5413 3874 5481 gehennam,

2259 5603 2316 5659 in
2344 5603 2491 5658 hunc
2516 5600 2715 5667 locum,
2747 5596 2910 5665 hujus
2936 5593 3118 5665 aperis
3164 5600 3289 5649 tom.
3339 5592 3381 5658 Ι,
3413 5589 3515 5648 col.
3562 5590 3724 5649 1247.
3756 5590 3864 5646 ΕΙ).
