4050 6168
329 269 466 332 1333

1149 268 1482 330 ΑΡΡΕΝΒΙΧ
1521 269 1578 328 γ’.
1610 301 1682 312 —-
1754 269 1814 330 D.
1855 267 2233 332 CORBINIANI
2266 269 2508 332 ΤΗΟΜιΕ
2570 273 2809 336 ADNOT.

3488 283 3627 344 1334

321 411 418 452 seu
445 399 746 466 infernum
771 397 1023 466 appellat,
1055 411 1216 469 quem
1265 397 1462 467 pariter
1508 394 1564 448 in
1593 397 1750 468 Apol.
1789 397 1915 454 adv.
1947 407 1995 497 η
2025 396 2222 454 horum
2279 401 2540 457 montium
2592 402 2831 478 mugitus
2881 419 3254 477 saepenumero
3311 407 3476 464 etiam
3529 427 3626 468 re-

319 501 446 557 gen.
489 501 536 540 c.
573 487 640 540 47
679 485 824 558 ignis
866 487 1069 541 arcani
1113 487 1544 544 subterraneum
1593 487 1665 541 ad
1690 503 1916 558 pce-nam

325 575 660 632 thesaurum
691 575 947 630 nominat.
981 578 1166 646 Neque
1213 574 1266 628 id
1305 573 1520 642 mirum,
1554 591 1680 630 cum
1727 591 1916 630 omnes

325 679 430 733 res,
463 665 514 718 in
546 665 914 720 reconditoriis
943 663 1264 736 quibusdam
1293 671 1602 729 asservatae,
1654 665 1914 720 thesauri

323 754 646 825 quandoque
699 753 919 808 nomine
975 753 1223 820 veniant;
1279 753 1358 808 sic
1406 753 1550 806 enim
1599 753 1785 808 Cicero
1843 754 1913 808 de

322 841 569 906 Oratore,
601 843 916 898 memoriam
945 860 1138 898 rerum
1171 844 1430 898 omnium
1473 843 1801 899 thesaurum
1823 859 1912 912 ap-

321 931 506 1001 pellat.
540 933 682 999 Quin
711 942 764 988 et
792 935 936 1004 apud
969 933 1212 987 Plautum
1241 932 1576 988 thesaurum
1607 933 1748 987 mali
1787 931 1908 987 dic-

321 1029 432 1074 tum
478 1022 710 1078 invenio.
745 1023 844 1077 Est
899 1023 1042 1076 enim
1097 1037 1202 1077 vox
1247 1023 1362 1076 hinc
1419 1021 1727 1076 Grecorum
1778 1022 1912 1075 alias

321 1111 557 1180 propria,
589 1112 786 1181 quibus
823 1113 1050 1182 Ouoaupoc
1107 1113 1258 1180 juxta
1315 1111 1604 1166 nonnullos
1662 1127 1690 1164 a
1734 1112 1913 1166 τιθέναι

319 1198 384 1259 εἰς
411 1198 569 1270 αὔριον
601 1199 889 1272 (reponere
919 1203 982 1256 in
1029 1203 1371 1264 crastinum,
1432 1215 1524 1254 seu
1579 1201 1756 1256 futura
1781 1209 1912 1256 tem-

317 1297 490 1358 pcra),
541 1289 658 1342 aliis
715 1289 808 1341 ἀπὸ
855 1295 940 1358 τῆς
1001 1291 1198 1356 θέσεως,
1255 1293 1530 1364 positione
1585 1292 1717 1346 auri
1745 1287 1908 1343 nimi-

317 1393 456 1441 rum,
527 1378 758 1434 deducta
834 1378 1061 1448 videtur,
1119 1379 1266 1450 quod
1348 1395 1538 1436 aurum
1615 1378 1908 1450 praecipue,

316 1465 548 1537 aliaeque
577 1468 844 1536 ejusmodi
895 1485 979 1524 res
1006 1468 1264 1540 pretiosae
1313 1469 1571 1523 abscondi
1620 1470 1686 1523 ab
1735 1469 1907 1524 oculis

317 1561 370 1608 et
423 1555 610 1610 notitia
663 1558 944 1612 hominum
991 1559 1212 1613 aliorum
1281 1557 1580 1627 arctiusque
1655 1556 1911 1612 custodiri

321 1645 544 1700 soleant.
601 1646 776 1716 Atque
831 1647 986 1716 etiam
1045 1647 1312 1716 formicas,
1345 1647 1550 1718 aliaque
1605 1647 1910 1712 animalia,

322 1733 426 1786 sibi
457 1735 734 1790 alimenta
779 1735 832 1789 in
875 1737 1108 1806 hyemen
1151 1734 1390 1807 parantia
1441 1752 1502 1790 ac
1553 1735 1908 1805 defodientia,

321 1821 664 1894 θησαυριστικὰ
717 1830 800 1884 τῆς
866 1830 1049 1896 τροφῆς
1099 1827 1222 1894 ζῶα,
1279 1842 1310 1879 a
1366 1825 1572 1880 Graecis
1627 1825 1766 1879 dicta
1828 1841 1913 1880 re-

321 1911 496 1980 perio.
541 1915 674 1968 Esse
717 1924 894 1968 autem
942 1915 1083 1969 circa
1130 1921 1376 1970 centrum
1427 1922 1582 1968 terrae
1639 1915 1914 1985 ingentem

322 2015 632 2069 cavernam,
675 1985 1114 2073 ignco'quodam
1173 2003 1316 2060 velut
1363 2018 1584 2070 oceano,
1635 2003 1914 2074 perpetuis

322 2089 626 2144 turbinibus
684 2091 929 2157 furente,
979 2093 1256 2164 repletam,
1301 2092 1606 2149 communis
1656 2092 1913 2164 physico-

319 2193 440 2231 rum
471 2179 750 2247 persuasio
797 2190 896 2237 est.
933 2181 1101 2237 Porro
1150 2191 1327 2236 autem
1385 2183 1526 2236 hunc
1569 2183 1744 2252 ipsum
1793 2197 1916 2238 esse

319 2267 546 2334 Inferni
573 2267 770 2334 locum,
802 2285 991 2324 omnes
1037 2269 1110 2324 illi
1151 2271 1246 2325 SS.
1299 2271 1482 2326 Patres
1531 2272 1787 2334 innuunt,
1819 2271 1912 2342 qui

315 2353 860 2420 credidere,animas
914 2358 1290 2413 damnatorum
1345 2375 1474 2413 vero
1531 2375 1592 2412 ac
1655 2359 1912 2414 materiali

315 2442 442 2514 igne
483 2445 736 2514 torqueri,
771 2461 984 2515 nempe,
1019 2455 1072 2498 ut
1101 2446 1255 2501 aitS.
1291 2447 1452 2516 Cypr.
1485 2447 1538 2500 in
1568 2447 1604 2500 l.
1635 2447 1700 2502 de
1729 2448 1914 2504 Laude

323 2532 600 2604 Martyrii,
655 2555 678 2582 α
733 2533 1095 2590 cruciantibus
1150 2534 1380 2588 ﬂammis
1437 2551 1530 2606 per
1587 2535 1912 2591 horrendam

319 2621 508 2692 spissae
545 2622 790 2694 caliginis
839 2631 1083 2689 noctem,
1129 2631 1182 2678 et
1230 2639 1370 2678 saeva
1401 2639 1612 2694 semper
1661 2625 1911 2682 incendia

318 2711 512 2765 camini
553 2711 828 2780 fumantis,
875 2732 898 2762 ι
934 2721 1038 2766 etc.
1072 2712 1218 2784 Lege
1255 2714 1336 2768 vel
1387 2713 1566 2768 solum
1603 2713 1661 2768 S.
1695 2713 1836 2786 Aug.
1871 2717 1908 2770 l.

315 2802 530 2866 xx1,de
557 2802 672 2856 Civ.
701 2803 803 2857 Dei
829 2817 876 2858 c.
909 2805 994 2856 lo.

385 2891 546 2946 Certe
575 2899 754 2946 autem
787 2889 940 2945 illum
987 2890 1128 2962 ignis
1177 2890 1454 2946 infernalis
1486 2892 1823 2948 thesaurum
1853 2893 1906 2946 in

315 2980 671 3034 subterraneo
705 2979 934 3048 quodam
971 2979 1110 3046 loco,
1139 2980 1380 3050 ipsisque
1413 2988 1569 3034 terrae
1599 2980 1902 3036 visceribus

2027 489 2224 544 motius
2269 490 2458 556 auditi,
2497 493 2735 548 credulis
2765 511 2827 550 ac
2887 501 3093 552 terrore
3128 497 3392 568 perculsis
3431 501 3626 556 menti-

2025 575 2128 631 bus
2161 576 2446 633 terriﬁcum
2479 581 2582 634 hoc
2619 583 2844 649 phasma
2873 583 3193 640 incuterent.

2097 665 2166 719 Ut
2194 675 2374 721 autem
2402 672 2712 738 fumariola
2744 671 2859 725 haec
2889 672 3103 743 penitus
3132 689 3439 742 noscamus,
3475 693 3623 747 quae-

2024 753 2146 806 dam
2200 769 2264 809 ex
2321 757 2531 810 oculato
2591 764 2748 826 teste,
2809 758 3100 815 immortali
3147 763 3265 817 viro
3309 765 3622 822 Athanasio

2025 841 2306 908 Kirchero,
2353 844 2578 916 ejusque
2609 847 2848 916 Prcefat.
2879 848 2952 902 ad
2983 849 3258 906 Mundum
3303 869 3461 908 suum
3493 855 3625 910 sub-

2026 935 2244 985 terran.
2287 934 2523 1002 prepriis
2553 935 2798 1002 ejusdem
2829 935 3030 1006 verbis,
3073 954 3141 992 ne
3182 940 3312 1010 quid
3347 943 3622 998 addidisse

2023 1018 2224 1084 videar,
2259 1021 2576 1092 depromere
2615 1023 2842 1088 juvabit.
2878 1025 3011 1080 Cum
3057 1026 3223 1100 igitur
3261 1029 3338 1084 rei
3385 1030 3623 1087 visenda:

2021 1107 2294 1165 desiderio
2342 1111 2664 1177 stimulatus,
2706 1120 2830 1184 post
2874 1123 3151 1182 superatas
3193 1117 3442 1190 ingentes
3473 1119 3622 1174 difﬁ-

2020 1197 2243 1252 cultates
2284 1199 2338 1254 in
2380 1217 2630 1270 vasuvu,
2667 1204 2999 1274 Campania:
3049 1208 3278 1275 montis,
3313 1211 3623 1267 summitate

2017 1285 2282 1344 eluctatus
2341 1288 2531 1345 fuisset
2584 1308 2596 1344 :
2662 1313 2684 1342 α
2746 1291 3040 1358 Craterem,
3097 1294 3213 1360 ait,
3273 1301 3444 1350 totum
3495 1297 3624 1371 igne

2024 1375 2376 1444 (horrendum
2426 1379 2625 1446 dictu!)
2667 1379 3026 1436 illuminatum
3085 1383 3230 1452 vidi,
3273 1401 3393 1440 cum
3423 1385 3620 1443 intole-

2023 1464 2176 1519 rabili
2224 1467 2496 1536 sulphuris
2539 1477 2590 1523 et
2633 1469 2912 1524 bituminis
2951 1469 3194 1527 ardentis
3239 1471 3490 1544 mephiti.
3523 1476 3622 1532 Hic

2021 1569 2243 1623 prorsus
2299 1556 2363 1607 ad
2415 1556 2728 1610 inusitatum
2778 1558 2855 1612 rei
2911 1560 3282 1630 spectaculum
3339 1565 3620 1632 attonitus,

2019 1644 2344 1712 Inferorum
2367 1645 2724 1702 domicilium
2751 1663 2836 1700 me
2863 1646 3063 1702 intueri
3093 1651 3402 1721 credebam,
3433 1650 3486 1705 in
3513 1669 3622 1723 quo

1941 1735 1990 1822 Β
2023 1740 2216 1822 praeter
2245 1731 2568 1822 dce-manum
2599 1736 2864 1790 horrenda
2893 1739 3172 1807 phasmata
3201 1740 3276 1793 nil
3305 1741 3443 1797 adeo
3475 1741 3623 1797 aliud

2019 1820 2212 1876 deesse
2269 1821 2568 1877 videbatur.
2621 1823 2888 1877 l-Iorrendi
2941 1825 3379 1893 percipiebantur
3417 1829 3622 1884 montis

2021 1910 2260 1981 mugitus
2319 1919 2369 1966 et
2425 1911 2702 1978 fremitus,
2757 1921 2918 1984 putor
2981 1913 3413 1983 inexplicabilis,
3471 1917 3621 1976 fumo

2025 1999 2292 2056 subfuscis
2330 2000 2532 2074 ignium
2577 2001 2756 2075 globis
2785 2001 2973 2069 mixto,
3003 2019 3138 2074 quos
3181 2021 3246 2060 ex
3281 2009 3342 2059 11
3393 2005 3624 2063 diversis

2025 2090 2154 2146 locis
2215 2097 2329 2146 tum
2395 2090 2636 2154 fundus,
2684 2101 2791 2146 tum
2849 2092 3018 2147 latera
3074 2093 3310 2162 montis,
3361 2097 3620 2157 continuo

2022 2178 2355 2234 eructabant.
2401 2203 2418 2226 ι
2455 2179 2587 2235 Cum
2617 2195 2743 2235 vero
2761 2185 3194 2253 pantometrum
3225 2199 3384 2239 suum
3414 2185 3484 2238 ad
3513 2193 3623 2242 ter-

2025 2267 2194 2322 ribilis
2229 2268 2377 2322 illius
2411 2270 2658 2324 Crateris
2687 2268 3080 2325 dimensionem
3106 2269 3338 2328 0238
3371 2275 3620 2345 expedis-

2021 2365 2125 2423 set,
2159 2356 2301 2410 illius
2339 2351 2598 2412 ambitum
2630 2360 2696 2412 30
2726 2361 2903 2427 ferme
2941 2376 3218 2430 passuum
3244 2365 3453 2432 millia,
3487 2380 3619 2434 pro-

2017 2445 2336 2500 funditatem
2369 2447 2472 2499 800
2497 2463 2700 2517 passus
2733 2447 3010 2501 continere
3041 2448 3418 2520 deprehendit.

2095 2534 2274 2605 Pergit
2321 2533 2514 2588 deinde
2577 2552 2590 2588 :
2657 2553 2680 2586 ι
2721 2537 2874 2590 Mons
2927 2535 3164 2608 undique
3203 2547 3504 2612 praeruptus
3562 2545 3618 2600 in

2022 2623 2258 2680 excavati
2322 2622 2552 2694 cylindri
2611 2623 2856 2690 formam,
2887 2627 3002 2696 πρὸς
3057 2625 3145 2686 τὰς
3208 2629 3348 2698 ὀρθας
3412 2633 3619 2691 ambitu

2020 2728 2120 2767 suo
2152 2712 2532 2768 descendebat.
2563 2714 2622 2766 In
2660 2723 2845 2766 centro
2897 2712 3046 2766 fundi
3079 2719 3275 2768 natura
3305 2733 3468 2772 suum
3499 2720 3616 2776 vel-

2019 2801 2096 2856 uti
2153 2801 2332 2856 focum
2371 2801 2716 2856 constituisse
2771 2801 3093 2866 videbatur,
3151 2818 3280 2858 vere
3337 2805 3616 2864 Vulcaniae

2017 2891 2210 2947 culinae
2259 2889 2530 2945 ofﬁcinam
2559 2931 2572 2956 ,
2625 2889 2946 2961 sempiterno
2996 2889 3128 2945 fumi
3167 2892 3616 2968 ﬂammarumque

2021 2979 2285 3050 profluvio
2331 2977 2614 3042 fervidam,
2645 2986 2771 3044 etc.,
2800 2977 2855 3032 in
2897 2979 3266 3050 decoquendis
3311 2985 3612 3056 sulphure,

313 3069 649 3124 reconditum
705 3083 826 3123 esse
881 3067 1087 3123 tamdiu
1144 3067 1426 3124 dicendum
1479 3070 1610 3136 erit,
1653 3070 1910 3140 quamdiu
1935 3059 1992 3148 α
2018 3070 2316 3134 bitumine,
2339 3066 2655 3138 caeterisque
2687 3066 3028 3122 mineralium
3054 3067 3342 3140 Speciebus
3373 3071 3617 3145 eliquan-

313 3157 490 3228 aptior
531 3158 684 3213 locus
729 3172 838 3213 non
882 3157 1120 3213 occurrit
1174 3157 1336 3224 alius,
1378 3175 1540 3228 quam
1573 3160 1680 3226 hic,
1712 3175 1746 3213 a
1783 3161 1912 3216 sede

317 3245 410 3300 illa
457 3261 706 3316 suprema
733 3245 1170 3318 lucidissimaque
1207 3247 1486 3302 beatorum
1515 3265 1676 3319 quam
1725 3266 1908 3305 remo-

319 3336 588 3404 tissimus,
629 3337 722 3391 ubi
750 3335 964 3390 nonnisi
995 3335 1198 3391 umbra
1227 3339 1426 3392 mortis
1447 3342 1502 3394 et
1530 3341 1908 3411 sempiternus

321 3425 520 3481 horror
539 3425 827 3482 inhabitat
857 3424 994 3496 (Job.
1037 3441 1090 3494 x,
1123 3425 1234 3494 22).
1269 3425 1408 3481 Sane
1437 3434 1614 3480 autem
1643 3445 1765 3483 cum
1797 3429 1910 3498 ipse

321 3521 538 3586 patrum
566 3515 762 3570 limbus
787 3515 844 3568 in
869 3529 1032 3586 quem
1063 3513 1306 3569 Christus
1325 3515 1613 3574 descendit
1651 3518 1722 3572 ad
1751 3519 1906 3588 infe-

319 3621 438 3672 ros,
473 3605 852 3659 subterraneus
881 3603 1100 3675 quidam
1147 3602 1298 3658 locus
1346 3603 1522 3674 fuerit,
1571 3605 1758 3676 quidni
1786 3621 1908 3661 om-

315 3695 464 3749 nium
493 3693 632 3748 intra
674 3701 832 3748 terrae
877 3693 1088 3749 viscera
1135 3692 1406 3747 infirmum
1453 3702 1506 3748 et
1545 3695 1906 3765 profundissi-

313 3799 464 3838 mum
503 3785 732 3853 infer-no
775 3783 1134 3852 assignemus,
1193 3782 1284 3838 ubi
1331 3783 1589 3837 materiali
1639 3784 1762 3854 igne
1799 3800 1906 3840 non

313 3874 555 3945 spiritus
583 3871 658 3926 illi
680 3876 734 3928 et
763 3872 974 3926 animae
1011 3871 1274 3925 damnatae
1301 3871 1576 3936 duntaxat,
1617 3875 1732 3942 jam
1759 3889 1908 3930 nunc

313 3964 478 4018 miris
507 3962 604 4016 sed
634 3963 780 4019 veris
806 3959 986 4016 modis
1017 3966 1354 4030 torquentur,
1403 3961 1492 4014 sed
1524 3960 1650 4014 olim
1691 3979 1909 4034 quoque

313 4051 400 4106 hae
429 4053 486 4106 in
515 4051 750 4122 receptis
796 4050 910 4104 suis
939 4048 1256 4120 corporibus
1287 4065 1382 4118 per
1423 4064 1642 4104 omnem
1690 4053 1910 4105 aeterni-

315 4149 474 4197 tatem
519 4141 809 4206 ardebunt,
843 4153 1056 4210 semper
1093 4136 1304 4206 urendi,
1345 4147 1400 4193 et
1447 4153 1718 4208 nunquam
1757 4155 1908 4196 com-

315 4233 546 4288 burendi
567 4234 594 4286 Ῥ

389 4321 736 4378 Fumariola.
767 4319 844 4374 Ita
873 4333 968 4388 per
989 4318 1239 4374 ironiam
1266 4325 1422 4371 vocat
1451 4321 1668 4374 montes
1687 4320 1905 4389 ignivo-

2016 3159 2098 3212 dis
2145 3156 2566 3228 exurendisque,
2619 3157 2828 3212 occulto
2875 3158 3111 3226 quodam
3163 3159 3470 3229 molimine,
3522 3163 3610 3219 fu-

2017 3248 2296 3318 nestisque
2325 3246 2612 3316 stragibus,
2645 3245 2808 3316 paulo
2835 3257 2954 3317 post
2983 3247 3228 3313 edendis,
3255 3256 3606 3324 occupatam;

2018 3337 2281 3408 siquidem
2316 3335 2514 3392 halitus
2545 3335 2688 3390 intus
2717 3335 2976 3404 conclusi,
3007 3337 3081 3391 uti
3114 3337 3382 3394 contineri
3411 3342 3604 3408 nescii,

2015 3426 2087 3479 ita
2136 3431 2283 3479 tanto
2312 3423 2516 3494 impetu
2566 3431 2620 3475 et
2657 3423 3026 3492 vehementia,
3061 3426 3346 3480 horrendis
3375 3426 3610 3500 fragori-

2015 3515 2116 3568 bus
2161 3512 2392 3577 sociata,
2427 3509 2738 3580 impositum
2783 3511 2882 3565 sibi
2929 3526 3068 3566 onus
3116 3511 3512 3586 discutiebant,
3555 3527 3611 3572 ut

2015 3618 2172 3657 mons
2217 3609 2374 3656 terra
2415 3609 2646 3656 tremore
2673 3599 2866 3670 agitari
2917 3599 3214 3668 videretur;
3247 3603 3394 3673 quod
3425 3621 3604 3675 quan-

2013 3693 2302 3761 docunque
2333 3688 2634 3756 accidebat,
2669 3695 2847 3757 partes
2876 3703 3144 3758 supremae
3174 3690 3373 3745 montis
3403 3693 3610 3750 mollio-

2013 3797 2122 3846 res,
2151 3789 2386 3836 tremore
2432 3793 2707 3834 concussze
2738 3777 3054 3848 solutaeque,
3085 3778 3300 3834 collium
3348 3779 3514 3836 instar
3550 3782 3606 3836 in

2017 3869 2248 3925 barathri
2269 3867 2490 3923 fundum
2513 3865 2882 3937 concidentes,
2905 3881 2970 3921 ex
3001 3865 3152 3922 varia
3171 3867 3288 3922 soni
3313 3867 3608 3926 reﬂexione

2015 3975 2140 4015 eum
2177 3957 2470 4029 fragorem,
2499 3961 2758 4026 quantum
2809 3954 3082 4026 quispiam
3121 3954 3283 4010 etiam
3311 3956 3607 4030 imperter-

2017 4046 2106 4101 riti
2143 4044 2380 4115 pectoris
2417 4043 2506 4096 vir
2549 4041 2814 4096 sustinere
2862 4041 2948 4096 vix
2995 4049 3209 4113 posset,
3243 4045 3606 4101 concitabant.

2017 4131 2255 4197 Materia,
2281 4143 2402 4199 quae
2450 4141 2512 4179 ex
2561 4135 2744 4180 centro
2793 4125 2988 4180 montis
3017 4127 3272 4182 continuo
3315 4130 3606 4185 eructaba-

2017 4234 2123 4286 tur,
2153 4233 2352 4274 novum
2394 4213 2557 4270 veluti
2588 4221 2824 4268 montem
2856 4213 3146 4278 efficiebat,
3179 4215 3309 4268 mira
3350 4217 3604 4274 striarum

2015 4311 2274 4368 varietate
2315 4303 2617 4374 praeditum,
2649 4319 2810 4373 quem
2858 4301 3007 4356 varia
3037 4301 3375 4356 mineralium
3425 4303 3607 4376 lique-

313 4427 434 4468 mos
465 4427 562 4480 per
599 4419 792 4465 terram
821 4387 1116 4477 dispersos,
1148 4415 1200 4460 et
1243 4407 1356 4474 jam
1405 4387 1725 4460 Tertulliani
1767 4419 1904 4463 tem-
1939 4387 2278 4471 Bfactorum
2323 4393 2565 4451 ebullitio
2614 4393 2668 4446 in
2713 4407 2902 4447 omnes
2945 4389 3386 4480 circumferentia:
3427 4402 3606 4465 partes

313 4501 541 4572 poribus
579 4497 862 4561 terribiles,
910 4497 1198 4552 Vesuvium
1239 4494 1506 4566 praecipue
1553 4510 1616 4550 ac
1653 4498 1903 4566 Aitna-m,

315 4605 454 4661 quos
481 4603 581 4660 pro
611 4587 852 4644 caminis
897 4586 1118 4654 inferni
1167 4600 1232 4639 ex
1271 4583 1513 4655 physicis
1555 4584 1700 4640 haud
1749 4589 1907 4656 pauci

317 4679 536 4734 habent.
611 4677 778 4732 Aiunt
853 4675 1035 4738 enim,
1103 4673 1392 4730 centralem
1477 4681 1634 4730 terrae
1709 4684 1907 4734 nostrae

317 4769 502 4842 ignem
531 4783 626 4838 per
651 4781 952 4838 pyragogos
982 4763 1191 4820 canales
1219 4763 1276 4817 in
1309 4763 1458 4820 varie
1505 4765 1607 4819 alia
1656 4777 1906 4840 recepta-

317 4858 458 4925 cula,
489 4873 586 4913 seu
629 4855 1052 4928 perphylacia,
1103 4869 1316 4908 sursum
1363 4857 1630 4924 protrudi,
1675 4857 1906 4928 indeque

316 4961 482 5017 porro
529 4961 623 5016 per
664 4944 796 5000 alios
841 4942 1110 5014 ejusmodi
1153 4943 1382 5010 ductus,
1431 4943 1578 4998 varie
1621 4945 1905 5016 implexos,

315 5037 386 5091 ad
413 5051 585 5106 usque
618 5033 828 5090 telluris
877 5041 1076 5087 nostra:
1121 5029 1459 5102 superﬁciem
1501 5034 1704 5102 urgeri,
1735 5036 1912 5093 donec

315 5126 536 5181 tandem
579 5140 678 5195 per
725 5123 988 5178 montium
1037 5120 1250 5174 illorum
1293 5135 1586 5176 cavernosa
1639 5122 1912 5191 spiracula

315 5214 520 5272 exitum
559 5213 812 5282 reperiat,
858 5227 920 5266 ac
965 5207 1264 5264 incredibili
1293 5223 1682 5280 nonnunquam
1711 5211 1760 5266 vi
1789 5229 1912 5270 sese

317 5305 372 5358 in
403 5311 616 5371 apertas
645 5316 810 5358 auras
840 5305 1118 5354 enoxeret.
1172 5298 1308 5351 Sunt
1355 5296 1514 5352 etiam
1547 5300 1636 5370 qui
1707 5300 1909 5370 dicunt,

317 5408 708 5464 nonnunquam
742 5393 795 5445 in
823 5389 910 5444 his
943 5387 1213 5442 montibus
1249 5387 1586 5443 animarum
1607 5390 1912 5449 damnata-

319 5499 452 5538 rum
479 5481 712 5550 ejulatus
737 5478 914 5533 audiri
947 5496 959 5530 :
992 5475 1136 5547 quod
1163 5473 1282 5530 aliis
1311 5475 1534 5531 omnino
1578 5477 1908 5536 fabulosum.

319 5571 496 5626 Facile
547 5577 726 5626 autem
784 5568 900 5626 ﬁeri
949 5565 1188 5638 potuisse
1230 5564 1442 5634 judico,
1480 5573 1539 5621 ut
1581 5569 1914 5626 subterranei

2015 4493 2162 4546 fluxu
2219 4501 2318 4542 suo
2357 4484 2668 4553 coloreque,
2709 4497 2852 4535 nunc
2899 4477 3072 4536 viridi
3127 4495 3200 4534 ex
3257 4496 3398 4550 (ere,
3442 4485 3608 4540 modo

2015 4580 2172 4653 fulvo
2203 4593 2266 4631 ex
2289 4573 2583 4647 sulphure,
2607 4571 2887 4633 arsenico,
2912 4575 2964 4623 et
2991 4568 3363 4636 sandaracha,
3377 4571 3488 4639 jam
3509 4590 3609 4630 ru-

2016 4675 2112 4728 bro
2150 4685 2215 4724 ex
2243 4664 2542 4723 cinnabari
2587 4663 2893 4730 minioque,
2920 4657 3034 4726 jam
3081 4659 3240 4728 nigro
3276 4675 3341 4714 ex
3381 4663 3608 4721 vitriolo

2017 4760 2173 4833 aquis
2201 4757 2380 4819 misto,
2414 4752 2495 4808 vel
2537 4767 2600 4805 ex
2639 4749 2772 4820 ipsis
2799 4749 3079 4804 cineribus
3115 4750 3402 4814 cinericio,
3437 4750 3604 4822 inge-

2017 4853 2173 4906 nioso
2209 4852 2415 4899 natura:
2472 4837 2720 4910 penicillo
2777 4834 3133 4900 efformabat,
3200 4857 3222 4885 ν
3265 4843 3366 4891 etc.
3424 4836 3606 4910 Atque

2017 4942 2135 4994 haac
2182 4933 2248 4988 de
2289 4930 2596 5004 fumariolo
2643 4927 2732 4982 illo
2779 4925 3084 4982 Vesuviano
3133 4923 3442 4982 Kircherus.
3486 4927 3608 4982 Non

2019 5027 2210 5084 mirum
2252 5029 2426 5076 autem
2469 5015 2634 5076 videri
2681 5015 2862 5080 debet,
2911 5014 2978 5068 ab
3020 5013 3139 5068 aliis
3187 5015 3346 5070 aliter
3384 5015 3611 5072 crateris

2019 5117 2162 5171 illius
2238 5108 2638 5181 amplitudinem
2717 5113 2770 5160 et
2843 5105 3112 5159 internam
3177 5104 3609 5162 constitutionem

2017 5203 2332 5273 descriptam
2379 5199 2576 5262 fuisse,
2627 5210 2750 5251 cum
2799 5203 2926 5265 post
2969 5193 3182 5266 singula
3229 5193 3494 5256 incendia,
3547 5203 3608 5250 ut

2021 5294 2134 5350 fieri
2183 5307 2468 5347 necessum
2507 5293 2649 5356 erat,
2682 5285 2838 5340 aliam
2885 5285 3079 5340 faciem
3127 5284 3362 5338 induisse
3409 5283 3608 5352 depre-

2019 5385 2221 5438 hensus
2249 5378 2430 5435 fuerit.

2093 5470 2198 5528 Sed
2227 5469 2347 5525 vide
2368 5468 2482 5536 jam
2512 5465 2652 5521 aliud
2673 5462 2942 5533 ejusmodi
2970 5461 3367 5532 fumariolum,
3397 5471 3608 5516 amnt

2026 5561 2253 5624 Sicilia,
2287 5559 2354 5615 ab
2389 5556 2584 5614 eodem
2621 5553 2940 5619 Athanasio,
2974 5556 3106 5605 teste
3135 5565 3324 5606 rursus
3364 5551 3592 5621 αὐτοπιῃ.
