4028 6180
472 232 610 292 1335

1522 227 1613 287 AD
1649 227 1939 293 GENUINA
1989 223 2427 291 TERTULLIANI
2467 220 2682 284 OPERA

3618 218 3787 280 1336

470 358 829 430 descriptum;
864 356 931 411 de
978 370 1088 428 quo
1128 355 1168 409 l.
1191 369 1269 422 ιν,
1308 355 1374 410 Μ.
1410 355 1469 412 S.
1498 361 1632 411 sect.
1667 359 1719 421 1,
1748 370 1798 410 c.
1830 358 1861 409 8
1911 363 1963 411 et
2008 358 2064 424 9,
2086 353 2135 437 λ
2169 354 2449 411 hominem
2482 349 2643 406 homo
2672 352 3015 420 agnosceret,
3048 347 3159 437 Cic.
3191 346 3229 403 l.
3262 362 3329 437 n,
3359 348 3425 403 de
3448 348 3576 402 Nat.
3595 348 3788 401 Dear.

470 450 547 505 sic
576 448 812 519 loquitur
847 463 859 500 :
899 466 924 498 α
964 445 1050 500 Ad
1082 458 1355 498 summum
1394 443 1648 499 verticem
1680 458 1776 515 per
1813 444 2065 499 vastissi-

471 556 617 593 mum
649 541 715 591 12
745 538 1064 592 milliarum
1113 536 1252 590 Ital.
1285 534 1336 587 in
1367 532 1575 589 ambitu
1618 541 1879 589 craterem
1910 534 2065 589 fatis-

469 629 545 684 cit
578 650 598 677 υ
655 626 763 698 (alii
812 628 901 691 30,
932 639 1254 695 rursumque
1290 622 1380 678 alii
1430 624 1496 677 40
1543 624 1732 679 millia
1770 640 2062 695 passuum,

469 715 637 787 aliqui
685 730 812 771 vero
844 712 1093 784 pauciora
1141 709 1584 768 circumferentiae
1631 711 1876 779 ejusdem
1921 710 2063 767 assi-

469 812 658 877 gnant,
690 802 895 859 scilicet
931 808 1135 856 cratere
1162 802 1268 854 hoc
1297 798 1567 865 iufernali,
1603 814 1700 869 pro
1738 801 1899 857 variis
1926 808 2061 855 tem-

469 894 718 964 poribus,
748 907 812 946 ac
858 888 1133 945 horribilis
1173 888 1259 944 sui
1308 888 1509 943 furoris
1556 890 1973 945 circumstantiis
2009 898 2064 945 et

472 982 788 1046 effectibus,
830 978 1008 1049 magis
1063 977 1307 1033 minusve
1363 976 1543 1032 hiante
1601 985 1755 1048 atque
1807 978 2063 1047 distento)

476 1092 498 1120 ‹‹
544 1070 638 1142 qui
687 1069 859 1124 arduo
889 1067 1183 1121 introrsum
1214 1064 1349 1121 clivo
1398 1080 1519 1120 sese
1567 1064 1620 1119 in
1667 1073 1861 1120 tartara
1889 1082 2062 1136 usque

472 1165 755 1230 angustat;
808 1154 1161 1229 praecipitium
1209 1154 1326 1213 visu
1366 1154 1653 1222 horribile,
1684 1153 1940 1221 ﬂammis,
1973 1155 2065 1210 fu-

470 1262 581 1313 mo,
614 1256 726 1302 tum
758 1261 824 1299 ex
872 1244 1002 1312 imo,
1036 1251 1148 1298 tum
1187 1259 1254 1297 ex
1298 1243 1465 1298 latere
1508 1242 1734 1308 montis,
1767 1258 1893 1299 cum
1928 1243 2065 1300 hor-

472 1335 644 1390 rendo
690 1337 933 1407 mugitu,
976 1331 1229 1387 tonitruis
1273 1347 1382 1387 non
1424 1332 1683 1399 absimili,
1730 1332 2067 1404 erumpenti-

471 1427 607 1493 bus,
663 1424 798 1479 adeo
854 1421 1289 1488 formidandum,
1339 1428 1397 1476 ut
1443 1421 1527 1477 vel
1576 1420 1694 1492 ipsa
1752 1422 2065 1494 imaginatio

467 1514 690 1586 jamjam
738 1514 986 1570 instantis
1026 1516 1172 1586 ignis
1220 1530 1285 1570 ac
1324 1515 1513 1579 ruinae,
1546 1514 1842 1580 neminem,
1873 1529 2064 1583 quam-

471 1605 670 1663 tumvis
723 1604 1142 1661 audacissimum
1200 1614 1253 1659 et
1308 1603 1679 1676 intrepidum,
1729 1618 1838 1659 non
1889 1602 2065 1674 primo

2166 450 2570 501 commemorat.
2607 438 2715 493 Sed
2746 439 2803 493 S.
2836 438 3073 509 August.
3107 436 3148 492 l.
3181 452 3268 503 ιιι,
3300 436 3365 493 de
3382 438 3441 493 Ε.
3477 439 3537 491 D.
3573 450 3622 489 c.
3662 434 3783 488 ult.

2167 533 2238 587 ita
2264 539 2487 587 testatur
2520 546 2533 583 :
2561 528 2870 598 «Legimus,
2904 527 3043 597 apud
3069 542 3165 582 eos
3185 525 3405 580 zEtnaeis
3423 524 3675 596 ignibus,
3706 523 3791 577 ab

2167 622 2289 693 ipso
2321 619 2517 677 montis
2539 617 2739 676 vertice
2768 631 2940 687 usque
2970 617 3035 669 ad
3057 614 3205 669 littus
3235 614 3540 685 proximum
3569 615 3785 668 decur—

2167 709 2432 774 rentibus,
2464 708 2536 761 ita
2562 705 2829 762 ferbuisse
2861 720 3027 775 mare,
3052 712 3108 759 ut
3128 720 3285 775 rupes
3303 709 3699 771 exurerentur,
3721 712 3785 756 et

2168 799 2316 871 pices
2345 799 2563 855 navium
2593 796 2949 861 solverentur,
2980 797 3087 849 etc.
3137 794 3339 849 Eodem
3390 809 3580 847 rursus
3622 798 3783 845 aestu

2168 888 2383 959 ignium
2412 894 2556 942 tanta
2588 884 2637 939 vi
2658 883 2853 940 favillae
2883 883 3153 954 oppletam
3172 899 3291 938 esse
3312 882 3569 942 Siciliam,
3596 890 3666 935 ut
3684 896 3788 935 ca-

2170 976 2397 1033 tinensis
2429 974 2575 1031 urbis
2605 982 2741 1030 tecta
2769 974 2964 1029 obruta
2991 984 3041 1028 et
3070 987 3333 1043 oppressa
3360 971 3610 1025 dirueril.
3651 969 3788 1037 Qua

2167 1066 2471 1123 calamitate
2502 1062 2729 1136 permoti
2768 1061 3190 1118 misericorditer
3219 1060 3461 1130 ejusdem
3491 1060 3619 1113 anni
3655 1058 3768 1115 tri-

2167 1156 2357 1211 butum
2385 1154 2436 1209 ei
2468 1155 2836 1210 relaxaverant
2861 1150 3108 1208 Romani.
3135 1172 3155 1199 υ
3180 1149 3285 1217 Qui
3309 1158 3488 1206 autem
3501 1149 3786 1220 tempori-

2168 1246 2272 1301 bus
2299 1244 2578 1314 utriusque
2607 1242 2787 1310 Plinii,
2821 1242 2872 1295 id
2902 1249 3003 1307 est,
3026 1257 3149 1297 saec.
3183 1256 3223 1305 ι,
3247 1256 3335 1293 an.
3355 1240 3445 1304 '76,
3470 1236 3777 1293 horribiles

2169 1333 2362 1391 IEtnazi
2403 1333 2597 1388 montis
2646 1332 2855 1386 furores
2901 1329 3117 1395 fuerint,
3166 1345 3241 1385 ex
3283 1330 3511 1400 Nepotis
3552 1327 3779 1382 duabus

2175 1423 2417 1494 epistolis
2444 1422 2510 1478 ad
2540 1420 2782 1477 Tacitum
2819 1419 3018 1491 (quael.
3051 1434 3108 1474 vt
3136 1419 3455 1476 sexdecim
3482 1424 3535 1472 et
3564 1418 3783 1473 vicesi-

2174 1530 2270 1569 ma
2298 1512 2443 1582 sunt)
2482 1511 2764 1576 discimus,
2794 1508 2977 1581 utique
3006 1523 3116 1563 non
3161 1507 3275 1563 sine
3312 1507 3518 1578 ingenti
3568 1504 3781 1560 mentis

2174 1600 2534 1658 commotione
2579 1598 2839 1672 legendis,
2882 1597 2985 1653 nisi
3032 1596 3326 1669 spectaculi
3367 1595 3505 1650 illius
3564 1594 3785 1651 atroci-

473 1694 655 1748 statim
700 1701 1033 1760 consternet,
1066 1701 1223 1765 atque
1270 1709 1301 1747 a
1337 1694 1572 1764 quodam
1618 1692 1766 1752 velut
1813 1689 2066 1747 infernali
2096 1686 2142 1773 ι
2176 1699 2335 1747 tatem
2366 1690 2489 1760 styli
2521 1687 2786 1759 elegantis
2814 1686 3007 1743 lenitas
3037 1685 3328 1759 mitigaret.

474 1784 727 1838 barathro
756 1788 984 1840 avertat.
1026 1801 1051 1833 ι)

542 1872 611 1925 Et
651 1877 772 1939 post
812 1870 971 1925 aliam
1020 1868 1268 1925 immensi
1306 1868 1469 1938 hujus
1515 1868 1692 1924 hiatus
1739 1868 2066 1941 descriptio-

474 1973 600 2012 nem
628 1957 705 2013 sic
725 1956 1068 2029 prosequitur
1100 1975 1114 2011 ι
1154 1979 1176 2006 (ι
1211 1958 1426 2027 Vorago
1457 1964 1565 2012 tam
1594 1958 1860 2029 profunda
1887 1968 1987 2026 est,
2010 1968 2069 2015 ut

475 2062 693 2103 omnem
719 2051 893 2105 visum
934 2046 1183 2119 effugiat,
1213 2048 1451 2117 scepulis
1484 2048 1538 2102 in
1567 2048 1787 2102 modum
1826 2047 2068 2119 pyrami-

473 2137 602 2190 dum
633 2151 699 2191 ex
744 2135 1000 2192 lateribus
1045 2136 1456 2208 exsurgentibus
1501 2137 1787 2193 metuenda
1822 2154 1835 2190 :
1868 2144 1923 2192 et
1947 2153 2069 2193 cum

476 2226 661 2296 latera,
713 2232 861 2281 recto
906 2234 959 2281 et
1010 2225 1437 2297 perpendiculari
1496 2227 1845 2295 sc0pulorum
1904 2227 2069 2281 ductu

476 2315 735 2371 deorsum
779 2316 1034 2385 parallelo
1082 2316 1345 2370 descensu
1392 2323 1640 2386 vergant,
1668 2316 1824 2383 juxta
1862 2314 2071 2384 opticas

476 2410 661 2456 tamen
716 2404 880 2472 leges,
930 2418 995 2456 ex
1051 2401 1214 2456 nimia
1270 2402 1544 2467 distantia,
1593 2402 1647 2455 in
1688 2410 1877 2458 centro
1927 2404 2071 2457 coire

476 2488 747 2556 videntur,
777 2498 879 2543 etc.
913 2488 974 2542 In
1017 2487 1183 2544 fundo
1222 2487 1440 2558 (mirum
1486 2488 1690 2560 dictu!)
1716 2505 1780 2543 ex
1812 2489 2072 2545 continua

479 2577 719 2632 materiae
775 2576 1054 2632 mineralis
1107 2577 1458 2647 eructatione,
1516 2584 1644 2644 etc.,
1701 2578 1864 2633 veluti
1919 2578 2072 2633 lacu—

480 2683 602 2721 nam
633 2668 944 2739 quamdam,
988 2666 1276 2739 liquefacto
1319 2668 1534 2723 metallo
1584 2683 1888 2736 coruscam,
1920 2684 2074 2724 sem—

486 2772 586 2828 per
619 2772 705 2810 me
736 2757 1049 2811 observasse
1085 2756 1326 2815 memini.
1359 2758 1548 2813 Latera
1588 2757 1793 2829 passim
1823 2774 1919 2829 per
1947 2773 2072 2814 cor—

482 2846 869 2915 respondentes
898 2853 1107 2899 meatus
1154 2848 1478 2917 perpetuum
1504 2846 1713 2902 fumum
1751 2848 1805 2902 in
1832 2846 2076 2917 plurimis

479 2933 614 2989 locis
677 2943 953 3002 evomunt,
1010 2950 1169 3004 quem
1236 2941 1399 2990 noctu
1462 2936 1731 2991 flammam
1794 2942 2075 2991 accensam

2245 1781 2363 1835 Non
2407 1786 2589 1834 autem
2633 1792 2874 1833 memoro
2921 1775 3009 1830 hic
3054 1775 3185 1832 illud
3242 1772 3572 1838 incendium,
3624 1774 3787 1844 quod

2176 1886 2263 1925 an.
2284 1872 2409 1940 812,
2441 1868 2695 1924 Carolum
2723 1867 2792 1921 Μ.
2844 1863 3450 1937 Imperterritipectoris
3471 1863 3791 1933 imperato-

2176 1976 2312 2025 rem,
2344 1974 2374 2012 e
2405 1959 2599 2015 Sicilia
2628 1956 2681 2010 iu
2709 1955 2941 2013 Italiam
2989 1953 3262 2025 propulit;
3311 1954 3538 2007 alterum
3577 1952 3793 2007 deinde

2175 2048 2320 2120 quod
2349 2064 2437 2102 an.
2482 2048 2638 2111 1537,
2680 2052 2789 2101 tam
2828 2044 3120 2099 immanem
3167 2042 3461 2098 favillarum
3515 2051 3574 2096 et
3618 2042 3789 2097 cine-

2176 2154 2297 2193 rum
2326 2137 2536 2208 c0piam
2567 2136 2822 2201 evomuit,
2856 2140 2917 2188 ut
2963 2132 3125 2187 etiam
3172 2142 3319 2186 trans
3362 2146 3506 2186 mare
3555 2130 3612 2184 in
3664 2131 3791 2187 Ita-

2175 2226 2299 2281 liam
2332 2225 2691 2298 pervaserint,
2722 2232 2794 2292 et,
2839 2222 2885 2278 si
2915 2220 3171 2277 Varentio
3221 2220 3259 2274 l.
3304 2236 3322 2276 ι
3372 2222 3561 2292 Geogr.
3594 2236 3651 2276 c.
3692 2224 3794 2287 10,

2177 2332 2329 2386 prop.
2373 2318 2424 2383 ὃ,
2459 2314 2754 2378 credimus,
2789 2332 2812 2363 α
2847 2327 3010 2369 naves
3038 2310 3093 2365 in
3122 2308 3278 2375 mari,
3311 2324 3434 2363 cum
3462 2311 3566 2362 200
3598 2309 3792 2366 leucis

2176 2421 2206 2458 a
2237 2403 2414 2458 Sicilia
2440 2405 2713 2471 abessent,
2748 2410 2803 2457 et
2842 2401 2911 2455 ad
2952 2402 3200 2458 Venetias
3249 2399 3559 2467 tenderent,
3610 2400 3789 2453 dam-

2178 2509 2310 2547 num
2336 2507 2513 2563 passm
2544 2491 2759 2548 fuerint.
2794 2509 2818 2543 ι
2853 2490 2960 2547 Sed
3005 2504 3103 2545 nec
3150 2488 3446 2560 quidquam
3483 2488 3551 2541 de
3596 2486 3789 2556 pluri-

2179 2583 2284 2638 bus
2312 2581 2576 2651 ejusmodi
2628 2580 2767 2647 aliis,
2817 2590 3071 2651 certeque
3123 2594 3232 2634 non
3266 2576 3589 2649 imparibus,
3619 2591 3795 2631 com-

2184 2686 2442 2727 memoro.
2476 2672 2595 2726 Duo
2639 2677 2839 2735 autem,
2879 2684 3002 2740 quae
3030 2667 3274 2739 proximo
3307 2667 3504 2723 saeculo
3552 2665 3799 2721 accide-

2184 2777 2262 2827 re,
2314 2760 2558 2831 exempla
2615 2758 2891 2831 praeterire
2946 2773 3056 2812 non
3113 2772 3360 2828 possum.
3407 2757 3486 2812 Ac
3542 2755 3803 2827 primum

2185 2850 2402 2921 quidem
2446 2866 2510 2904 ex
2541 2851 2608 2906 D.
2660 2849 2801 2904 Petri
2851 2845 3144 2918 Squillacii,
3194 2844 3541 2900 Cataneensis
3588 2860 3797 2901 sacer-

2186 2940 2344 3005 dotis,
2379 2937 2472 3009 qui
2520 2936 2809 2993 calamitati
2856 2936 2980 2991 huic
3024 2935 3141 3005 ipse
3192 2934 3450 3001 interfuit,
3480 2935 3805 2991 enarratio-

482 3022 956 3092 deprehendimus.
1008 3024 1226 3095 Vorago
1271 3040 1544 3094 nunquam
1594 3024 1711 3079 sine
1758 3025 1977 3081 fremitu
2025 3031 2079 3080 et
2119 3013 2273 3098 One,
2306 3035 2365 3083 ut
2392 3028 2531 3097 apud
2560 3027 2883 3082 Kircherum
2912 3026 3005 3079 lib.
3039 3041 3117 3093 tv,
3149 3034 3284 3079 sect.
3330 3041 3367 3091 ι,
3418 3039 3537 3094 cap.
3589 3026 3647 3089 9,
3700 3025 3807 3079 ha-

484 3110 783 3182 mugitibus
812 3120 915 3180 est,
945 3126 1082 3182 quos
1111 3112 1345 3168 subinde
1376 3122 1484 3168 tam
1515 3114 1815 3169 horrendos
1858 3114 1989 3183 edit,
2020 3123 2079 3169 ut

481 3200 568 3256 vel
606 3200 779 3270 ipsum
831 3207 1066 3256 montem
1113 3200 1497 3257 tremefaciaut.
1531 3203 1734 3270 Verbo,
1769 3204 1859 3274 qui
1903 3202 2079 3258 admi-

481 3288 705 3343 randam
737 3303 832 3344 DEI
869 3287 995 3359 Opt.
1030 3290 1170 3344 Max.
1216 3290 1510 3359 potentiam
1550 3289 1743 3345 intueri
1781 3290 2076 3358 desiderat,

483 3377 531 3432 is
561 3378 875 3447 hujusmodi
906 3387 1120 3433 montes
1160 3378 1336 3449 adeat,
1370 3388 1423 3434 et
1453 3386 1663 3433 naturae
1694 3380 2077 3436 miraculorum

482 3466 769 3524 effectibus
845 3467 1212 3525 ineffabilibus
1278 3469 1532 3524 attonitus
1592 3470 2079 3541 stupefactusque,

484 3556 778 3612 identidem
826 3558 1016 3613 intimo
1058 3558 1239 3614 cordis
1277 3558 1471 3614 affectu
1522 3559 1871 3628 pronuntiare
1914 3575 2080 3631 coge-

485 3652 572 3700 tur
597 3663 611 3701 :
642 3647 687 3702 Ο
717 3662 991 3703 ALTITUDO
1031 3662 1360 3705 mvrrmauu
1390 3663 1700 3704 SAPIENTLE
1730 3652 1783 3705 et
1816 3663 2083 3705 seremus

486 3733 612 3789 DEll
646 3753 814 3805 quam
843 3737 1431 3807 incomprehensibilia
1459 3741 1594 3791 sunt
1615 3737 1838 3807 judicia
1870 3743 1990 3804 tua,
2033 3742 2086 3793 et

488 3839 658 3894 quam
688 3823 1101 3894 investigabiles
1131 3827 1236 3881 viae
1267 3825 1417 3881 tuae!
1450 3847 1471 3874 ιο
1509 3832 1611 3880 etc.
1643 3826 1824 3895 (Rom.
1858 3840 1937 3893 χι,
1972 3824 2086 3895 33.)

562 3913 718 3966 Ictus
775 3913 1077 3970 suscitant.
1136 3913 1431 3969 Terribiles
1499 3928 1629 3967 sane
1696 3915 1762 3967 ab
1822 3914 2089 3983 ejusmodi

490 4001 796 4067 montibus,
848 4000 1060 4074 integra
1116 4001 1356 4057 incendia
1402 4017 1793 4075 nonnunquam
1842 4012 2088 4061 eructan-

493 4091 656 4159 tihus,
688 4106 749 4147 ac
774 4091 916 4147 velut
944 4090 1211 4146 infernum
1260 4092 1436 4162 ipsum
1476 4093 1846 4149 evomentibus
1893 4096 2089 4166 (quan-

493 4196 651 4251 quam
690 4178 917 4236 I239
950 4181 1144 4236 rectius
1172 4197 1202 4235 a
1229 4183 1428 4238 Nostro
1458 4181 1652 4237 inferni
1683 4183 1898 4238 nonnisi
1927 4188 2085 4241 scin-

495 4273 639 4326 tillae
676 4271 837 4340 paulo
876 4277 998 4341 post
1037 4270 1177 4325 dicta
1216 4269 1427 4340 fuerint)
1457 4280 1667 4345 strages
1711 4274 1862 4328 datas
1900 4273 2087 4346 fuisse,

2182 3118 2359 3186 betur,
2418 3132 2663 3186 excerpo.
2703 3137 2727 3166 (ι
2786 3115 2919 3170 Cum
2968 3114 3129 3187 igitur
3183 3113 3360 3169 omnis
3415 3112 3514 3167 late
3577 3112 3805 3169 .vicinia

2183 3206 2465 3263 horrendis
2523 3215 2677 3261 terra;
2708 3203 3155 3260 succussionibus
3206 3202 3428 3272 jamjam
3486 3201 3804 3256 avertenda

2186 3296 2490 3360 videbatur,
2525 3295 2735 3349 tandem
2770 3296 2832 3348 11
2884 3295 3089 3348 mensis
3136 3291 3309 3346 Martii
3362 3293 3555 3359 (annus
3604 3300 3801 3347 autem

2185 3393 2359 3440 erata
2388 3385 2447 3439 C.
2496 3386 2558 3441 Ν.
2613 3386 2772 3454 1669)
2816 3384 2997 3438 subito
3036 3382 3091 3436 in
3136 3389 3244 3436 tres
3296 3380 3563 3435 terribiles
3615 3382 3805 3437 hiatus

2188 3473 2471 3530 fatiscente
2517 3481 2740 3538 monte,
2791 3472 3001 3543 primus
3048 3486 3237 3527 eorum
3295 3471 3576 3525 evomebat
3616 3470 3806 3539 pluri-

2194 3581 2337 3617 mum
2362 3563 2526 3634 ignis,
2561 3562 2869 3632 multosque
2900 3560 3123 3631 lapides,
3174 3575 3400 3631 quorum
3448 3559 3534 3615 vel
3582 3560 3801 3615 minimi

2191 3653 2470 3723 aequabant
2523 3651 2739 3722 pondus
2782 3654 2812 3704 3
2852 3658 3155 3717 cantatum,
3184 3649 3293 3719 Iseu
3341 3648 3565 3704 totidem
3604 3658 3804 3703 cente-

2193 3740 2484 3797 nariorum.
2519 3740 2734 3796 Materia
2763 3754 2893 3793 vero
2941 3737 3087 3811 ignis
3134 3740 3186 3792 in
3229 3738 3395 3792 altum
3442 3736 3697 3807 projecta
3738 3738 3807 3791 ad

2195 3834 2228 3888 2
2292 3828 2605 3885 milliarium
2665 3829 2901 3899 (semper
2975 3826 3190 3884 nonnisi
3268 3827 3447 3883 Italica
3521 3826 3807 3899 intelligo)

2198 3919 2503 3975 distantiam
2551 3918 2888 3975 dividebatur
2935 3917 2987 3971 in
3040 3914 3428 3971 minutissimas
3478 3916 3806 3985 particulas,

2200 4016 2253 4064 et
2284 4007 2463 4079 specie
2516 4007 2657 4079 ignei
2698 4006 2887 4063 imbris
2932 4006 3191 4061 saeviebat
3250 4004 3305 4060 in
3344 4004 3643 4074 subjectam
3698 4006 3809 4062 sibi

2203 4098 2471 4154 tellurem.
2514 4098 2741 4167 Quando
2788 4097 2962 4151 dictus
2994 4111 3152 4150 mons
3196 4094 3414 4151 rabidus
3463 4093 3809 4163 dehiscebat,

2204 4198 2411 4244 tantum
2444 4187 2708 4243 inferebat
2736 4186 3010 4258 fragorem
3043 4194 3097 4239 et
3146 4193 3302 4240 terra:
3350 4192 3581 4249 motum,
3614 4191 3672 4237 ut
3710 4200 3817 4239 ne—

2203 4295 2394 4349 queam
2447 4277 2570 4333 ullis
2624 4276 2801 4332 verbis
2852 4275 2971 4345 ejus
3036 4276 3317 4329 horrorem
3384 4271 3718 4342 exprimere.
3784 4295 3810 4323 ι

491 4358 735 4413 omnium
792 4367 937 4415 retro
997 4361 1316 4415 saeculorum
1372 4343 1608 4416 historiae
1669 4370 1948 4421 testantur.
2001 4343 2090 4418 Sic
2130 4343 2498 4439 aliragorem
2549 4366 2776 4439 augebat
2838 4343 3152 4421 vociferatio
3208 4362 3551 4418 lamentantis
3608 4362 3813 4433 pOpuli

494 4447 637 4502 enim
694 4447 971 4503 Diodorus
1025 4448 1257 4515 Siculus,
1310 4452 1514 4505 Hister.
1566 4450 1601 4503 l.
1654 4466 1705 4519 v,
1746 4453 1927 4521 refert,
1967 4467 2090 4507 cum

499 4537 626 4592 olim
675 4538 875 4594 Sicilia
914 4553 1009 4609 per
1038 4552 1273 4594 SICANOS
1319 4538 1551 4593 habitata
1592 4537 1801 4606 fuisset,
1836 4540 2091 4598 incendio

503 4626 696 4683 IEtntei
742 4628 941 4684 montis
969 4643 1157 4683 omnes
1204 4644 1389 4684 eorum
1436 4645 1639 4684 messes
1667 4637 1902 4697 exustas,
1944 4630 2093 4686 cine-

506 4718 762 4790 ribusque
823 4720 1129 4776 universam
1200 4720 1444 4775 viciniam
1505 4728 1609 4775 tam
1667 4722 1773 4776 alte
1825 4722 2094 4794 oppletam

506 4807 691 4877 fuisse,
726 4817 781 4863 ut
811 4824 972 4875 porro
998 4810 1282 4883 desperata
1319 4811 1420 4866 soli
1450 4812 1532 4867 sui
1579 4812 1804 4877 cultura,
1838 4828 1896 4868 se
1925 4812 1980 4867 in
2008 4812 2093 4868 iu-

509 4897 641 4951 sulee
670 4897 1032 4954 occidentales
1070 4908 1246 4970 partes
1292 4900 1480 4970 procul
1512 4916 1542 4954 a
1591 4901 1790 4956 montis
1834 4901 1977 4958 illius
2008 4901 2095 4957 fu-

507 4984 725 5039 roribus
779 5002 837 5041 se
891 4988 1128 5058 recipere
1185 4990 1357 5045 coacti
1401 4990 1635 5056 fuerint,
1687 4992 1860 5046 donec
1916 4991 2098 5047 multis

509 5078 695 5143 postea
742 5076 956 5129 saeculis
999 5093 1133 5133 nova
1164 5077 1329 5133 Italiae
1376 5096 1529 5152 gens,
1562 5095 1761 5147 SICULI,
1792 5081 2099 5152 praeterito-

508 5179 625 5216 rum
654 5161 919 5217 malorum
958 5165 1106 5221 velut
1136 5165 1343 5237 ignara,
1376 5184 1568 5224 novam
1600 5178 1749 5225 trans
1780 5170 1976 5227 fretum
2016 5186 2101 5227 co-

506 5251 704 5307 loniam
770 5251 823 5306 in
881 5252 1152 5308 desertam
1209 5255 1379 5311 IEtnae
1438 5258 1686 5314 viciniam
1753 5260 2091 5317 deduxisset.

510 5341 646 5397 Vide
676 5343 823 5409 dein,
853 5358 975 5415 quae
1003 5343 1071 5399 de
1100 5342 1365 5398 immensa
1395 5346 1637 5403 cinerum
1668 5351 1715 5403 vi
1763 5365 1828 5403 ex
1859 5349 2100 5417 ejusdem

512 5432 712 5488 montis
758 5434 962 5489 exustis
990 5435 1286 5492 visceribus
1316 5436 1506 5504 ejecta,
1533 5453 1593 5492 ac
1627 5437 1718 5492 toti
1752 5437 1855 5493 late
1892 5436 2101 5493 viciniae

511 5519 645 5577 adeo
664 5522 868 5592 spissas
896 5527 1142 5585 tenebras
1164 5524 1471 5593 inducente,
1486 5530 1551 5582 ut
1561 5541 1664 5598 per
1684 5526 1921 5583 biduum
1941 5542 2102 5585 nemo

2206 4456 2573 4524 Cataneensis,
2612 4454 2699 4510 cui
2727 4453 3014 4510 videbatur
3046 4453 3281 4508 mundus
3329 4450 3570 4507 interire.
3612 4452 3815 4522 Ignem

2205 4554 2259 4601 et
2292 4562 2505 4601 arenam
2566 4548 2713 4600 tanta
2779 4542 2935 4616 cOpia
2990 4542 3169 4598 hiatus
3216 4542 3293 4596 illi
3350 4541 3697 4605 evomebant,
3758 4552 3819 4597 ut

2204 4636 2379 4706 campi
2420 4635 2545 4694 vivo
2583 4632 2832 4689 incendio
2877 4633 3151 4701 ruberent,
3194 4639 3245 4687 et
3292 4630 3548 4701 Oppidum
3614 4631 3811 4698 (Cata—

2204 4742 2324 4791 nea,
2377 4726 2410 4779 4
2439 4723 2759 4779 milliaribus
2804 4723 2870 4777 ab
2892 4723 3049 4777 jEtna
3079 4720 3309 4792 distans)
3357 4719 3511 4790 quasi
3550 4718 3819 4790 denigra-

2204 4815 2272 4871 tis
2301 4814 2479 4868 arenis
2508 4811 2833 4883 operiretur.
2865 4841 2935 4851 —
2970 4833 2991 4862 α
3026 4810 3213 4867 Omnis
3241 4824 3369 4866 vero
3400 4809 3490 4863 ille
3515 4808 3655 4879 ignis
3682 4811 3815 4864 abi-

2202 4903 2371 4960 batin
2401 4906 2434 4958 2
2475 4902 2620 4960 rivos
2677 4899 2926 4970 (flumina
2981 4900 3183 4956 rectius
3230 4898 3498 4968 dixisset),
3559 4897 3813 4954 medium

2205 4994 2590 5064 amplectentes
2618 5007 2679 5047 ac
2706 4990 3207 5047 circumlambentes
3236 4988 3759 5059 Montempitierum
3790 5011 3811 5037 ι

2207 5084 2384 5155 (cujus
2436 5094 2607 5137 tamen
2667 5080 2927 5136 ambitum
2989 5079 3403 5135 semimilliaris
3460 5092 3580 5132 esse
3648 5089 3819 5135 antea

2211 5172 2442 5241 dixerat)
2479 5194 2501 5224 ιι
2553 5170 2645 5243 qui
2701 5170 2867 5225 instar
2908 5167 3121 5239 insulae,
3150 5169 3236 5223 vel
3294 5167 3462 5238 rupis,
3522 5165 3575 5220 in
3625 5169 3815 5223 medio

2212 5262 2550 5317 ﬂammarum
2596 5259 2956 5332 prominebat.
3002 5288 3074 5298 —
3114 5257 3491 5313 Primiriorum
3540 5272 3668 5311 vero
3741 5260 3816 5311 ri-

2213 5368 2401 5409 vorum
2435 5350 2568 5406 alter
2608 5349 2875 5405 obruebat
2924 5348 3101 5404 villam
3152 5348 3562 5421 Montispilieri,
3594 5354 3649 5399 ut
3682 5362 3812 5401 oni-

2214 5441 2305 5496 nia
2334 5440 2578 5511 ejusdem
2608 5438 2837 5510 vestigia
2867 5437 3064 5493 abolita
3091 5436 3328 5492 fuerunt.
3361 5467 3429 5477 —-
3453 5436 3587 5493 Tota
3632 5451 3814 5492 massa

2216 5530 2376 5600 ignea
2404 5528 2824 5601 protendebatur
2853 5527 2906 5583 in
2928 5526 3268 5585 latitudinem
3298 5530 3330 5583 6
3360 5526 3709 5587 milliarium
3758 5537 3815 5584 et
