4028 6180
280 336 417 396 1337

1077 368 1085 384 .
1124 329 1464 390 APPENDIX
1495 325 1558 390 V.
1586 359 1657 372 --
1701 327 1764 387 D.
1807 328 2185 392 CORBINIANI
2213 327 2457 390 ΤΗΟΜιΕ
2495 327 2741 389 ADNOT.

3428 328 3567 390 1338

272 462 416 519 circa
443 461 594 516 initia
621 461 855 517 duorum
885 457 1187 516 altitudinis
1217 458 1397 513 canui
1436 456 1488 522 4,
1519 455 1643 526 plus
1681 454 1861 510 minus
1888 460 1942 549 Α
1972 455 2403 520 commendavit,
2451 451 2687 509 narratio
2730 453 2926 510 habet:
2963 477 2986 506 ι
3010 453 3066 510 Si
3115 471 3351 527 unquam
3409 455 3565 528 ignes

272 569 373 624 pro
403 553 646 608 locorum
675 550 1001 607 diversitate.
1039 569 1062 599 ii

342 640 447 696 Sed
478 647 695 710 praestat
725 646 885 695 totam
940 641 1074 693 hanc
1118 636 1531 704 enarrationem,
1561 636 1728 690 multa
1759 635 1858 690 alia

271 731 375 784 huc
427 729 743 800 pertinentia
791 727 1049 798 prolixius
1094 735 1470 797 exponentem,
1525 723 1669 796 apud
1725 726 1854 779 Kir-

271 818 506 875 cherum
541 816 766 873 I210
798 817 1102 888 perlegere,
1133 815 1301 886 quod,
1325 814 1585 884 spondeo,
1613 827 1717 905 nqn
1742 815 1860 869 sine

271 907 454 975 animi,
484 906 530 962 si
558 906 676 978 quis
705 906 758 959 in
789 914 841 961 te
870 905 991 976 pius
1019 912 1117 969 est,
1150 911 1380 958 tremore
1410 899 1592 968 facies,
1626 899 1860 957 maxime

273 1003 469 1060 autem,
511 994 556 1048 si
595 1005 703 1051 tum
752 994 900 1050 Pauli
940 992 1210 1056 Bocconii,
1253 989 1425 1047 Siculi
1473 990 1860 1056 Panormitani,

272 1091 378 1137 tum
413 1082 548 1137 Petri
580 1083 856 1150 Michonii,
887 1091 982 1138 aut
1013 1089 1216 1141 mutato
1250 1079 1464 1137 nomine
1505 1080 1644 1136 Abb.
1680 1080 1854 1134 Bour-

268 1173 469 1238 delotii,
501 1173 772 1246 Epistolas
817 1174 883 1226 de
928 1172 1118 1227 eodem
1157 1169 1248 1226 illo
1280 1169 1530 1230 incendio
1562 1169 1860 1239 conjunxe-

265 1260 358 1314 ris.
399 1260 533 1314 Tum
567 1259 712 1315 enim
742 1274 874 1313 vero
905 1258 1250 1312 Mautuanum
1292 1265 1490 1321 vatem,
1535 1272 1644 1312 non
1687 1263 1859 1311 oestro

264 1349 431 1404 nimio
479 1351 764 1420 percitum,
818 1347 1054 1404 terribile
1086 1363 1246 1402 suum
1290 1347 1357 1401 de
1397 1349 1497 1402 hoc
1537 1354 1716 1402 monte
1744 1362 1858 1402 car-

266 1455 408 1504 men,
438 1439 657 1496 AEneid.
692 1438 787 1496 lib.
818 1453 897 1504 ιιι,
931 1436 1190 1493 effudisse
1221 1435 1514 1492 fateberis:

547 1562 794 1611 horriﬁcis
827 1568 971 1612 tonat
999 1560 1148 1610 Etna
1181 1560 1361 1620 ruinis,

391 1626 745 1688 Interdumque
768 1625 920 1674 etiam
951 1624 1234 1688 prorumpit
1276 1625 1328 1688 in
1392 1623 1614 1688 aethera
1645 1621 1852 1680 nubem,

383 1689 605 1738 Turbine
628 1685 900 1738 fumantem
933 1685 1093 1746 piceo,
1122 1685 1174 1734 et
1202 1687 1445 1736 candente
1480 1685 1671 1742 favilla,

387 1752 679 1814 Attollﬁitqne
711 1751 885 1814 globos
920 1745 1259 1814 ﬂammarum,
1288 1757 1364 1814 _et
1431 1747 1614 1814 sidera_
1652 1745 1850 1796 lambit.

387 1810 642 1863 Interdum
671 1810 923 1874 scopulos,
946 1812 1229 1874 avulsaque
1252 1811 1445 1860 viscera
1464 1810 1649 1874 montis

384 1875 540 1937 Erigit
635 1871 882 1932 eructans,
945 1871 1290 1937 liquefataque
1357 1886 1482 1922 saxa
1540 1871 1635 1919 sub
1692 1885 1848 1937 auras

381 1933 504 1986 Cum
536 1937 721 2000 gemitu
780 1933 1039 1998 glomerat,
1097 1933 1354 1998 fundoque
1416 1940 1664 1984 exaestuat
1723 1933 1849 1982 imo.

329 2057 395 2111 Et
431 2064 608 2111 tamen
657 2053 730 2109 illi
786 2053 1001 2109 nonnisi
1048 2053 1158 2109 rivi
1214 2059 1367 2108 erant
1412 2049 1646 2106 fornacis
1686 2050 1851 2119 hujus

264 2145 646 2211 subterraneae,
692 2143 951 2198 immensa
1000 2143 1053 2199 vi
1085 2140 1488 2214 liquefactorum
1519 2139 1852 2194 mineraliurn

258 2232 495 2305 repletae.
528 2231 667 2300 Quid
695 2239 896 2303 autem,
928 2231 973 2288 si
1004 2231 1136 2286 alios
1184 2245 1400 2302 quoque
1440 2237 1666 2302 montes,
1695 2229 1853 2285 rEtna

254 2338 364 2378 non
413 2324 590 2377 minus
648 2320 973 2393 quandoque
1030 2320 1292 2390 terribles,
1343 2318 1699 2387 adjunxeris?
1728 2318 1847 2375 Non

253 2412 372 2467 dico
414 2412 706 2468 Vesuvium
744 2410 1066 2480 Campaniae,
1113 2409 1209 2464 sed
1239 2409 1604 2480 Strongylum
1634 2414 1685 2464 et
1723 2409 1850 2464 Vul-

253 2518 462 2558 canum
512 2502 568 2566 ip
623 2500 816 2556 insulis
880 2501 1244 2573 Liparitanis,
1304 2507 1357 2554 et
1413 2507 1670 2570 praeterea
1715 2496 1851 2554 alios

252 2593 515 2660 ejusmodi
557 2590 841 2646 fulmineos
870 2601 1078 2645 montes
1108 2591 1160 2644 in
1200 2589 1444 2646 Teneris
1475 2596 1529 2643 et
1564 2589 1845 2657 Canariis,

254 2680 414 2734 maris
459 2679 714 2736 Atlantici
759 2679 970 2744 insulis,
1003 2679 1316 2733 innumeros
1355 2677 1510 2749 alios,
1543 2679 1588 2732 si
1619 2679 1848 2749 denique

252 2769 452 2824 ultimae
481 2769 750 2834 Islandiaa,
781 2767 932 2839 quasi
957 2766 1071 2836 ipsa
1106 2767 1284 2838 glacie
1312 2773 1597 2834 concretae,
1627 2765 1846 2822 terribi-

253 2859 360 2912 lem
391 2855 537 2911 illum
569 2857 794 2912 [lectam
825 2855 1173 2912 evocaveris‘?
1204 2861 1404 2923 quanta
1432 2853 1606 2908 credis
1639 2853 1845 2925 ignium

254 2932 610 3002 immensitate
675 2959 814 3014 Opus
870 2957 990 2998 esse
1044 2940 1111 2996 ad
1185 2940 1407 2997 totidem
1469 2940 1845 3011 capacissimas

253 3034 494 3089 fornaces
557 3031 983 3095 inﬂammandas,
1037 3045 1172 3100 quas
1219 3031 1266 3085 si
1323 3044 1514 3086 omnes
1567 3031 1622 3086 in
1679 3047 1844 3085 unum

1973 544 2052 598 illi
2083 544 2322 601 conclusi
2348 543 2404 597 in
2436 553 2587 598 terrae
2626 543 2920 600 visceribus
2969 544 3074 601 vim
3116 560 3266 600 suam
3314 560 3563 600 exercue-

1974 643 2116 703 runt,
2150 645 2261 690 tum
2286 635 2536 704 maxime,
2567 635 2780 705 quando
2830 651 2969 690 anno
3002 639 3162 702 1650,
3193 635 3279 690 die
3311 638 3380 690 24
3412 636 3560 706 Sept.

1971 740 2143 796 usque
2190 725 2256 780 ad
2304 729 2334 780 9
2380 724 2573 780 Octob.
2606 731 2684 778 tot
2713 723 3018 798 ingentibus
3049 733 3102 778 et
3133 732 3238 780 tam
3269 724 3560 796 frequenti-

1971 813 2074 868 bus
2129 823 2284 870 terraz
2339 814 2577 870 motibus
2624 810 2857 868 insulam
2904 812 3048 868 illam
3097 836 3118 864 ι
3177 814 3561 883 (Santerinium

1970 901 2088 971 fuit,
2121 919 2152 957 a
2183 903 2238 957 S.
2271 902 2428 958 Irena
2471 903 2539 959 ν.
2587 908 2642 956 et
2688 901 2760 957 Μ.
2811 902 2971 972 cujus
3017 902 3221 957 nomini
3265 918 3417 958 sacra
3457 909 3560 970 est,

1970 993 2047 1046 sic
2074 991 2237 1057 dicta)
2270 1011 2295 1044 ι
2327 1004 2735 1060 concusserunt,
2784 1003 2842 1048 ut
2889 991 3312 1057 Santerinenses,
3356 991 3561 1046 ruinam

1968 1081 2266 1154 proximam
2297 1081 2400 1136 sibi
2443 1091 2762 1150 metuentes,
2811 1083 2902 1136 diu
2949 1089 3221 1153 noctuque
3270 1080 3376 1136 aris
3425 1097 3561 1152 sup-

1970 1169 2136 1238 plices
2163 1171 2588 1229 advolverentur.
2637 1175 2706 1228 At
2745 1188 2842 1227 nec
2891 1171 3017 1240 dici,
3050 1187 3149 1226 nec
3183 1170 3437 1241 explicari
3471 1185 3563 1240 po-

1969 1265 2111 1326 test,
2160 1266 2393 1330 quantus
2442 1263 2600 1316 timor
2647 1276 2832 1316 omnes
2876 1259 3167 1324 invaserit,
3219 1277 3340 1315 cum
3390 1259 3562 1329 ruptis

1967 1346 2216 1403 obicibus
2249 1348 2496 1406 victrices
2525 1349 2632 1404 illae
2682 1351 2912 1404 flammae
2953 1349 3095 1404 viam
3124 1348 3227 1403 sibi
3259 1348 3436 1404 facere
3465 1367 3560 1420 per

1966 1435 2173 1490 medias
2221 1437 2455 1506 aequoris
2502 1438 2672 1493 undas
2717 1437 3107 1493 contenderunt
3135 1438 3168 1491 4
3195 1437 3406 1492 circiter
3445 1439 3564 1492 mil-

1967 1524 2186 1580 liaribus
2216 1524 2386 1580 Italic.
2433 1525 2499 1578 ab
2546 1527 2716 1580 insula
2747 1525 3116 1580 Santerinensi
3145 1541 3338 1581 versus
3368 1525 3564 1580 Orien-

1969 1620 2104 1683 tem;
2136 1613 2410 1685 siquidem
2455 1621 2678 1685 repente
2729 1630 2875 1668 mare
2920 1613 3173 1670 intumuit
3217 1614 3284 1668 ad
3333 1616 3400 1668 30
3442 1631 3563 1670 sur-

1965 1717 2087 1756 sum
2117 1702 2350 1769 cubitos,
2382 1703 2588 1775 lateque
2616 1719 2709 1774 per
2735 1702 2942 1760 vicinas
2991 1712 3158 1758 terras
3186 1718 3244 1757 se
3271 1703 3563 1758 extendens

1885 1794 1930 1874 θ
1966 1790 2126 1846 obvia
2155 1806 2384 1862 quaeque
2411 1792 2594 1858 vertit,
2623 1793 2761 1848 adeo
2791 1800 2848 1847 ut
2877 1790 2932 1846 in
2960 1791 3079 1860 ipso
3113 1792 3335 1847 Candiae
3377 1799 3557 1864 portu,

1964 1879 2058 1950 qui
2111 1888 2286 1934 tamen
2334 1883 2401 1934 80
2447 1881 2666 1936 milliar.
2716 1880 2842 1935 inde
2891 1881 3072 1950 distat,
3123 1887 3176 1936 et
3224 1880 3467 1938 triremes
3511 1889 3566 1936 et

1964 1984 2128 2024 naves
2159 1970 2438 2038 repentino
2487 1970 2689 2043 impetu
2736 1969 3083 2043 confregerit.
3133 1973 3240 2025 Aer
3287 1986 3415 2028 vero
3463 1987 3560 2026 va-

1962 2057 2188 2128 poribus
2218 2057 2325 2112 illis
2353 2058 2764 2114 maleolentibus
2792 2069 2844 2115 et
2875 2059 3180 2128 sulphureis
3215 2058 3466 2128 infectus,
3505 2068 3563 2115 et

1961 2145 2426 2212 obtenebrescere,
2461 2154 2516 2201 et
2546 2147 2850 2202 innumeras
2893 2147 3093 2202 formas
3123 2149 3282 2218 coepit
3312 2147 3558 2205 induere.

1961 2234 2098 2290 Hinc
2125 2235 2342 2290 lanceas
2398 2236 2586 2310 igneas
2637 2245 2691 2291 et
2731 2252 2885 2292 enses
2932 2237 3323 2293 ﬂammivomos
3357 2236 3558 2293 124]

1959 2324 2178 2392 vibrari,
2222 2323 2333 2382 illic
2377 2334 2722 2382 coruscantes
2769 2325 2990 2399 sagittas
3035 2325 3226 2393 emitti,
3261 2325 3384 2381 hinc
3413 2326 3563 2383 velut

1959 2414 2232 2470 terribiles
2273 2424 2551 2487 serpentes
2598 2426 2654 2471 et
2698 2417 2964 2472 dracones
3007 2416 3243 2486 volitare,
3278 2417 3421 2473 illinc
3447 2417 3556 2472 ful-

1957 2503 2102 2558 mina
2147 2512 2200 2558 et
2249 2504 2463 2576 fulgura
2491 2505 2638 2572 cieri,
2678 2525 2700 2553 »
2734 2513 2865 2575 etc.,
2896 2512 2999 2562 etc.
3053 2525 3076 2556 κ
3109 2506 3330 2560 Tantam
3359 2512 3558 2574 autem,

1963 2593 2160 2666 pergit,
2191 2595 2469 2664 pumicum
2498 2594 2607 2649 vim
2637 2595 2796 2668 ignea
2841 2594 2931 2650 illa
2977 2609 3180 2667 vorago
3206 2595 3468 2664 evomuit,
3500 2603 3561 2649 ut

1961 2687 2128 2736 totam
2191 2682 2370 2751 pelagi
2431 2681 2770 2752 superficiem
2835 2690 3204 2752 contegerent.
3274 2682 3558 2751 Smyrnam

1961 2784 2131 2838 usque
2181 2776 2235 2822 et
2281 2768 2461 2822 CPlim
2525 2767 2734 2823 delatos
2784 2768 2986 2837 fuisse,
3036 2768 3320 2839 litteraque
3376 2770 3558 2824 omnia

1960 2855 2313 2926 complevisse
2379 2857 2744 2912 certissimum
2794 2866 2894 2911 est.
2952 2856 3045 2911 Vis
3091 2864 3270 2910 autem
3320 2855 3551 2912 incendii

1963 2943 2149 3014 primis
2188 2944 2398 3000 duobus
2446 2943 2721 3000 mensibus
2767 2953 2880 2999 erat
2928 2943 3187 3016 maxima;
3219 2944 3555 3016 quandoqui-

1963 3031 2086 3086 dem
2123 3039 2176 3086 et
2212 3031 2402 3086 bullire
2453 3032 2686 3090 vicinum
2735 3048 2878 3087 mare
2925 3033 3092 3088 instar
3137 3031 3396 3088 ferventis
3425 3033 3549 3088 ollae

250 3121 618 3191 conjunxeris,
670 3121 800 3194 quid
848 3120 994 3175 aliud
1040 3122 1293 3187 Aitnam,
1341 3119 1473 3192 quid
1531 3121 1847 3187 Vesuvium,
1880 3116 1925 3196 ο
1960 3120 2276 3188 videbatur,
2342 3129 2394 3177 et
2449 3122 2544 3178 diu
2599 3131 2863 3194 noctuque
2919 3122 3166 3195 ingentes
3221 3121 3554 3176 ﬂammarum

251 3226 410 3280 quam
438 3209 580 3267 illius
625 3209 771 3280 ignei
815 3208 1023 3278 oceani,
1064 3209 1119 3263 in
1164 3208 1517 3266 abditioribus
1554 3216 1714 3266 terrae
1753 3226 1842 3265 re-

250 3299 497 3354 cessibus
550 3299 864 3370 intimisque
919 3299 1220 3354 visceribus
1240 3297 1486 3367 furentis,
1533 3300 1844 3370 fu-mariola

249 3387 447 3443 dixeris
468 3387 496 3442 ?
523 3388 736 3457 Quanta
776 3394 954 3442 autem
991 3389 1124 3457 jam,
1156 3389 1403 3457 obsecro,
1436 3395 1582 3443 tanta
1630 3396 1845 3460 tamque

251 3477 512 3532 immensa
538 3477 924 3542 metallorum,
949 3477 1320 3533 mineralium
1341 3478 1484 3548 (quae
1511 3476 1725 3550 singula
1746 3493 1845 3549 per

247 3579 367 3618 sese
397 3580 660 3619 summum
705 3564 940 3619 calorem
986 3563 1220 3620 excitare
1262 3565 1457 3630 solent,
1509 3564 1844 3636 aliarumque

247 3650 700 3707 combustibilium
745 3651 1112 3720 materiarum,
1152 3653 1296 3709 velut
1323 3652 1378 3706 in
1421 3667 1584 3707 unum
1613 3667 1846 3710 massam

247 3747 677 3797 eoacervatarum
720 3739 825 3807 vis,
872 3749 1108 3812 quantus
1162 3741 1334 3810 furor,
1386 3748 1626 3812 intusque
1683 3742 1845 3811 hujus

246 3829 432 3884 oceani
489 3829 643 3884 erat!
702 3830 989 3899 quentibus
1053 3831 1226 3903 (quod
1285 3832 1610 3902 stupendum
1641 3846 1772 3887 sane
1803 3832 1843 3902 Ι)

247 3918 388 3986 apud
435 3919 635 3973 multos
681 3926 987 3988 peccatores
1027 3921 1272 3989 ejusdem
1331 3922 1488 3976 timor
1546 3922 1663 3977 est!
1710 3921 1846 3976 Vide

247 4013 446 4072 autem,
479 4004 607 4074 quid
636 4007 774 4075 apud
826 4007 1053 4062 miseros
1079 4006 1198 4062 illos
1242 4009 1618 4066 Cataneenses
1657 4009 1844 4066 mortis

247 4094 505 4150 duntaxat
528 4095 834 4164 temporalis
869 4109 1036 4150 metus
1078 4096 1344 4166 potuerit!
1385 4117 1408 4147 ι
1442 4097 1717 4154 Planctus
1748 4099 1843 4169 (ita

244 4183 390 4239 enim
420 4183 696 4238 historiam
744 4199 898 4239 suam
953 4183 1290 4255 prosequitur
1327 4184 1696 4257 Squillacius),
1730 4186 1843 4243 dis-

244 4275 480 4346 oiplina,
492 4275 796 4341 orationes,
809 4275 1816 4346 processiones,jejunia,abstinentia
1827 4317 1840 4341 ,

243 4367 619 4437 expositiones
663 4366 730 4420 40
761 4366 1052 4431 horarum,
1096 4364 1151 4418 in
1192 4364 1355 4418 nullis
1383 4364 1622 4419 ecclesiis
1649 4380 1835 4419 cessa-

244 4455 390 4526 bant,
443 4463 754 4525 tantumque
797 4453 1040 4510 dolorem
1090 4453 1438 4524 ingerebant,
1484 4461 1542 4508 ut
1590 4470 1716 4510 saxa
1761 4455 1836 4509 la-

241 4548 632 4608 crymarentur.
698 4559 720 4588 ι
770 4539 837 4593 Et
879 4539 992 4608 jam
1043 4537 1411 4594 iuduratorum
1481 4537 1835 4610 quorumdam

247 4637 586 4695 peccatorum
627 4627 912 4699 plusquam
960 4643 1117 4683 saxea
1160 4627 1323 4683 corda
1361 4634 1506 4694 sunt,
1538 4644 1656 4699 qua:
1685 4644 1836 4686 mor-

243 4713 311 4768 tis
338 4725 553 4772 aeternaa
586 4715 874 4772 formidine
904 4732 971 4772 ne
1008 4726 1413 4774 commoventur
1440 4717 1679 4790 quidem.

311 4803 416 4856 Sed
448 4819 572 4860 ecce
601 4821 790 4860 rursus
829 4805 976 4860 aliud
1023 4807 1422 4878 fumariolum,
1470 4815 1634 4881 amne
1675 4825 1741 4865 ex
1774 4822 1839 4863 eo

241 4905 529 4959 erumpens
573 4891 908 4960 incendium,
954 4894 1043 4950 cui
1082 4895 1467 4970 restinguendo
1514 4914 1582 4954 ne
1621 4897 1840 4969 quidem

241 4980 491 5037 Oceanus
520 4980 635 5052 ipse
666 4997 760 5053 par
791 4983 985 5040 fuerat.
1031 4985 1338 5042 Incredibili
1369 4986 1494 5041 hinc
1532 4986 1839 5056 Spectacula

240 5069 521 5125 maximam
557 5082 731 5128 tamen
759 5071 924 5127 ﬁdem
960 5072 1084 5129 facit
1115 5075 1172 5128 P.
1207 5075 1526 5131 Ricciardus
1559 5077 1614 5132 S.
1648 5078 1696 5131 J.
1733 5077 1831 5150 qui

241 5168 297 5214 ut
327 5159 617 5217 Kircherus
647 5162 684 5214 l.
718 5178 772 5215 Iv
805 5163 992 5218 Mund.
1042 5167 1278 5231 subter.,
1320 5164 1374 5218 in
1405 5165 1518 5221 haec
1555 5166 1717 5221 verba
1758 5175 1839 5222 te-

239 5257 411 5306 statur
437 5267 449 5306 :
490 5272 512 5300 ι
550 5250 800 5308 Praesens
828 5255 1015 5308 omnia
1042 5255 1216 5311 oculis
1264 5253 1377 5311 suis
1405 5254 1557 5320 vidit,
1589 5265 1642 5312 et
1670 5258 1841 5312 Roma

239 5338 402 5393 totius
432 5339 508 5394 rei
555 5348 810 5397 eventum
859 5342 990 5397 mihi
1037 5359 1133 5399 ore
1179 5351 1335 5400 tenus
1382 5345 1721 5415 postmodum
1752 5363 1839 5402 re-

241 5424 375 5492 tulit,
423 5431 478 5484 et
528 5427 734 5500 scripto
779 5431 1089 5489 testimonio
1139 5433 1436 5504 posteritati
1488 5443 1672 5490 notum
1721 5446 1840 5490 esse

236 5514 428 5570 voluit.
474 5536 497 5566 ιι
529 5517 606 5573 Ita
645 5536 776 5577 vero
821 5521 882 5578 Ρ.
931 5521 1219 5587 Ricciardi,
1261 5532 1320 5580 ut
1364 5539 1483 5580 eam
1529 5523 1837 5581 laudatissi-

1957 3209 2105 3283 globi
2136 3209 2372 3283 fumique
2404 3211 2708 3266 densissimi
2737 3211 3107 3285 emergebant,
3139 3221 3270 3280 etc.,
3301 3218 3402 3266 etc.
3434 3229 3459 3263 ι

2029 3298 2170 3369 Quid
2199 3316 2329 3358 vero
2347 3301 2375 3356 ε)
2405 3317 2470 3355 an
2499 3300 2943 3358 dissimulandum
2972 3310 3150 3374 putem
3177 3301 3552 3373 catastrophen

1956 3392 2198 3456 alteram,
2233 3390 2394 3460 priori
2422 3391 2673 3458 similem,
2720 3392 2828 3447 imo
2876 3393 3118 3447 omnium
3164 3394 3335 3447 multo
3372 3399 3554 3447 trucu-

1954 3480 2328 3546 lentissimam,
2378 3496 2538 3551 quam
2587 3479 2834 3536 Oceanus
2867 3481 3004 3551 ipse,
3044 3497 3151 3552 qua
3179 3481 3381 3536 insulas
3409 3480 3551 3538 Azo-

1953 3585 2042 3625 res
2089 3567 2364 3641 interﬂuit,
2410 3569 2579 3640 priori
2627 3571 2825 3626 saaculo
2872 3569 3213 3640 praebuerat?
3259 3569 3341 3624 En
3387 3569 3551 3641 igitur

1952 3673 2142 3712 rursus
2192 3657 2364 3730 ipsius
2416 3658 2664 3714 Kircheri
2703 3659 2742 3718 l.
2773 3660 2839 3713 II.
2873 3660 2945 3714 Μ.
2993 3660 3050 3714 S.
3100 3659 3230 3728 Cap.
3278 3657 3402 3724 XII,
3433 3656 3465 3730 ἕ
3493 3658 3548 3724 4,

1951 3746 2110 3802 verba
2147 3764 2161 3802 :
2219 3766 2240 3798 ι
2291 3748 2336 3801 Λ
2387 3746 2512 3803 Pico
2562 3747 2748 3820 (vulgo
2796 3747 2920 3804 Pico
2968 3747 3109 3803 delle
3158 3745 3464 3818 Camerine)
3517 3749 3549 3800 6

1954 3834 2273 3890 milliaribus
2303 3835 2525 3891 dissitus
2554 3847 2636 3891 est
2664 3836 2838 3904 locus,
2872 3836 3050 3892 dictus
3098 3837 3146 3892 la
3196 3835 3458 3901 Ferreria,
3493 3833 3551 3888 in

1950 3928 2107 3995 cujus
2159 3924 2358 3981 Oceani
2413 3925 2674 3982 destrictu
2745 3926 2832 3982 die
2903 3927 3119 3983 Sabbati
3175 3925 3373 3982 mensis
3423 3924 3552 3980 Julii

1951 4029 2093 4069 anno
2146 4017 2280 4070 1638
2331 4015 2473 4087 ignis
2517 4031 2643 4071 cum
2692 4023 2802 4071 tam
2853 4015 3209 4090 inexplicabili
3257 4013 3550 4082 violentia,

1950 4117 2059 4158 non
2088 4105 2336 4159 obstante
2378 4104 2507 4159 dicti
2555 4105 2656 4161 loci
2706 4105 2906 4162 Oceani
2940 4109 3040 4162 120
3074 4107 3230 4177 pedd.
3279 4111 3546 4178 geometr.

1951 4208 1984 4246 a
2021 4191 2376 4260 piscatoribus
2423 4193 2647 4248 antehac
2696 4193 2893 4263 saepius
2941 4194 3215 4263 explorata
3260 4191 3550 4263 profundi-

1949 4283 2080 4347 tate,
2113 4279 2310 4348 erupit,
2342 4288 2401 4333 ut
2429 4280 2493 4334 ad
2526 4287 2730 4335 tantum
2762 4281 3213 4354 exstinguendum
3242 4279 3548 4337 incendium

1949 4383 2016 4422 ne
2059 4367 2307 4424 Oceanus
2344 4368 2564 4439 quidem
2613 4369 2900 4425 sufficeret.
2937 4369 3203 4441 Spatium,
3235 4371 3380 4442 quod
3407 4371 3548 4444 ignis

1948 4455 2214 4512 ebulliens
2244 4457 2558 4527 occupabat,
2603 4466 2808 4512 tantum
2839 4468 2968 4525 erat,
3003 4469 3260 4530 quantum
3289 4463 3322 4514 2
3353 4459 3548 4517 modiis

1947 4544 2200 4601 frumenti
2249 4545 2664 4601 disseminandis
2711 4546 3028 4614 sufficiebat,
3068 4564 3193 4605 cum
3224 4549 3386 4604 'tanta
3431 4549 3544 4606 vio-

1945 4633 2110 4690 lentia
2136 4651 2451 4707 erumpens,
2482 4645 2561 4701 ut,
2593 4652 2708 4692 non
2756 4639 3002 4694 obstante
3027 4639 3165 4695 dicta
3192 4639 3392 4698 Oceani
3415 4655 3547 4712 pro-

1948 4724 2234 4793 funditate,
2285 4725 2518 4782 nubibus
2545 4742 2666 4782 sese
2694 4735 2949 4800 aequaret,
2991 4729 3044 4783 in
3090 4745 3378 4798 supernam
3407 4730 3548 4786 aeris

1948 4814 2224 4888 regionem
2273 4817 2482 4887 elatus,
2528 4826 2710 4872 evecta
2757 4833 2940 4872 secum
2984 4816 3100 4887 ipsa
3146 4834 3308 4889 aqua,
3361 4835 3542 4885 arena,

1950 4912 2111 4970 terra,
2158 4903 2323 4972 saxis,
2373 4903 2599 4976 aliisque
2641 4905 2948 4979 ingentibus
2976 4906 3232 4973 molibus,
3262 4922 3382 4978 quae
3411 4908 3545 4962 emi-

1948 5008 2050 5048 nus
2101 4993 2274 5062 (triste
2321 4993 2652 5049 intuentibus
2703 4995 3123 5067 spectaculum!)
3166 4997 3547 5068 comparebant

1948 5080 2236 5137 ﬂoccorum
2299 5083 2367 5136 ad
2430 5083 2595 5137 instar
2652 5084 3051 5156 gossipiorum;
3110 5085 3165 5141 in
3222 5103 3370 5143 mare
3419 5104 3546 5145 vero

1950 5183 2168 5225 reversa
2193 5170 2417 5226 materia
2446 5169 2728 5243 liquefacta
2759 5168 2930 5243 pult'B
2955 5188 3066 5244 prae
3095 5190 3155 5229 se
3179 5175 3383 5232 ferebat
3411 5191 3541 5247 spe-

1947 5257 2104 5314 ciem.
2170 5259 2412 5314 Subinde
2457 5261 2593 5316 adeo
2642 5259 2923 5317 immensae
2981 5263 3366 5336 magnitudinis
3418 5281 3544 5321 saxa

1947 5347 2002 5404 in
2059 5352 2090 5404 3
2146 5349 2455 5405 lancearum
2512 5350 2847 5408 altitudinem
2908 5353 3215 5423 projiciebat
3272 5351 3544 5408 saevientis

1946 5446 2154 5495 naturae
2183 5439 2286 5508 vis,
2335 5449 2394 5495 ut
2435 5457 2542 5495 non
2583 5456 2733 5510 saxa,
2765 5442 2862 5497 sed
2892 5451 3100 5498 montes
3127 5441 3370 5514 integros
3397 5443 3542 5511 ejec-

1948 5537 2031 5585 tos
2061 5529 2290 5586 diceres.
2338 5527 2649 5586 Accedebat
2695 5530 2764 5586 ad
2813 5532 3090 5587 horrorem
3119 5529 3196 5597 id,
3229 5530 3374 5602 quod
3404 5532 3540 5588 reci-

240 5618 363 5658 mus
416 5604 712 5664 Kircherus
770 5626 871 5668 suo
927 5610 1133 5668 calamo
1189 5613 1516 5684 posteritatis
1572 5615 1845 5674 memoria:
1940 5618 2149 5688 dentes,
2191 5618 2246 5676 in
2294 5619 2460 5677 altum
2490 5619 2716 5694 projecti
2760 5621 2908 5679 saxei
2955 5627 3189 5691 montes,
3228 5619 3286 5678 in
3322 5619 3481 5693 alios,
3507 5637 3540 5680 e
