4028 6180
492 345 629 405 1339

1556 341 1643 399 AD
1682 338 1973 399 GENUlNA
2013 333 2449 397 TERTULLlANI
2508 338 2722 398 OPERA

3652 341 3781 400 1340

495 473 793 528 visceribus
843 472 1007 527 maris
1058 471 1310 535 eviratos,
1352 470 1496 532 illisi,
1545 486 1667 525 cum
1715 465 1937 522 terribili
1983 464 2089 519 fra-
2126 460 2172 541 Α
2204 460 2412 529 fuisset,
2458 467 2569 534 jam
2609 483 2753 522 anno
2798 469 2956 532 1713,
3002 466 3243 535 adeoque
3292 475 3412 537 post
3464 466 3671 538 integra
3694 481 3782 523 xvx

497 578 627 634 gore
672 563 723 617 in
777 565 911 615 1000
958 570 1136 631 partes
1185 561 1497 627 dissilircnt,
1530 575 1650 630 quae
1683 566 1873 629 postea
1916 555 2081 610 mani-

497 651 597 704 bus
626 661 856 721 acceptze
886 650 938 703 in
970 665 1184 704 arenam
1216 650 1420 718 nigram
1448 648 1880 703 conterebantur.
1924 647 2087 699 Porro

493 755 557 792 ex
588 739 732 793 varia
776 739 1147 809 immensaque
1193 740 1697 806 rejectamentorum
1729 734 2084 797 multitudine,

494 845 851 899 saxorumque
924 829 1332 883 innumerorum
1406 826 1850 888 coacervatione,
1920 824 2090 878 insula

500 933 634 970 nova
663 917 714 970 in
749 917 945 983 medio,
969 932 1140 986 eoque
1173 915 1584 984 prol‘undissimo
1615 914 1848 981 Oceano,
1874 914 1924 966 in
1951 914 2089 982 prin-

495 1005 635 1074 cipio
666 1004 879 1075 quidem
914 1021 1093 1075 parva,
1130 1007 1160 1058 5
1185 1006 1454 1075 jugerum,
1505 1012 1556 1057 at
1601 1003 1653 1056 in
1700 1004 1813 1056 dies
1843 1018 2090 1073 augmen-

492 1099 601 1147 tata
653 1094 704 1145 in
757 1102 959 1147 tantum
1008 1093 1260 1159 excrevit,
1308 1102 1363 1147 ut
1414 1093 1609 1147 abhinc
1642 1094 1704 1145 14
1734 1092 1923 1145 diebus
1960 1108 2088 1160 spa-

494 1181 627 1234 tium
700 1181 1051 1254 longitudinis
1109 1185 1140 1235 5
1196 1181 1501 1235 milliarium
1573 1180 1862 1249 occuparit.
1923 1180 2088 1233 Tanta

495 1278 673 1323 autem
706 1270 807 1327 hoc
840 1272 1085 1325 incendio
1114 1271 1401 1325 multitudo
1439 1270 1665 1340 piscium
1700 1270 1879 1341 periit,
1914 1285 2086 1340 quan-

499 1366 605 1411 tam
652 1358 739 1412 vix
791 1363 820 1412 8
870 1375 1033 1415 naves
1086 1360 1345 1414 onerariae
1382 1360 1578 1413 Indicae
1608 1376 1798 1429 capere
1846 1366 2082 1429 possent,

497 1447 590 1517 qui
621 1447 780 1518 longe
811 1448 1018 1515 lateque
1051 1465 1146 1519 per
1170 1450 1398 1503 insulam
1430 1448 1691 1517 dispersi,
1722 1464 1790 1503 ne
1822 1448 2087 1517 putrefac-

497 1534 639 1589 tione
675 1536 1054 1608 contagionem
1103 1537 1331 1608 aliquam
1383 1546 1686 1605 causarent,
1721 1538 1790 1591 ab
1822 1536 2088 1603 indigenis

494 1622 549 1677 in
595 1624 1033 1694 profundissimis
1081 1626 1271 1694 foveis,
1303 1626 1371 1679 ad
1401 1630 1464 1679 18
1494 1625 1707 1679 milliar.
1743 1626 2087 1681 circumcirca

494 1712 724 1778 collecti,
774 1715 970 1785 sepulti
1017 1724 1157 1771 sunt.
1210 1715 1361 1771 Odor
1389 1724 1566 1769 autem
1597 1715 1866 1784 sulphuris
1913 1714 2087 1785 spatio

2201 554 2393 607 saecula
2439 555 2719 619 detectum,
2775 556 3043 629 ingentem
3106 556 3271 610 veteri
3325 556 3563 609 historia:
3615 557 3780 610 lucem

2200 643 2462 709 accendit,
2494 660 2557 699 ac
2584 645 3055 714 Neapolitanarum
3105 644 3477 715 antiquitatum
3517 646 3783 717 gazophy-

2198 730 2387 785 lacium
2455 734 2577 790 novi
2652 734 3146 805 inaestimabilisque
3204 734 3439 789 thesauri
3514 733 3784 788 ditissimis

2200 823 2596 885 accessionibus
2626 824 2992 894 locupletavit,
3033 825 3205 892 cujus,
3228 826 3338 891 jam
3367 824 3465 877 sub
3506 825 3655 892 prelo
3687 839 3782 878 su-

2198 910 2393 979 dantis,
2458 910 2818 980 plenissimam
2876 913 3419 966 communicationem
3478 920 3619 966 totus
3675 912 3785 966 lite-

2197 1000 2366 1053 rarius
2394 1000 2539 1053 orbis
2570 999 2878 1073 ingentibus
2907 1000 3189 1055 desideriis
3216 1008 3485 1071 expectat.

2267 1091 2341 1144 De
2371 1089 2473 1145 die.
2508 1089 2687 1144 Voluit
2730 1090 2914 1144 dicere
2964 1094 3021 1145 in
3055 1092 3188 1157 dies,
3232 1105 3329 1143 seu
3379 1090 3641 1160 quotidie,
3674 1096 3784 1157 aut,

2198 1186 2255 1231 ut
2283 1178 2415 1231 alias
2445 1179 2624 1234 dicere
2652 1179 2907 1243 solemus,
2942 1181 3007 1236 de
3038 1182 3123 1234 die
3170 1180 3233 1233 in
3278 1180 3426 1234 diem
3448 1199 3465 1233 :
3494 1194 3601 1248 quo
3628 1194 3787 1233 sensu

2200 1268 2357 1322 etiam
2411 1269 2606 1322 Noster
2662 1270 2713 1321 in
2771 1271 2951 1340 Apol.,
3002 1284 3121 1338 cap.
3174 1272 3261 1337 16,
3306 1268 3508 1339 inquit:
3555 1269 3692 1323 Nave
3721 1268 3788 1323 de

2199 1358 2287 1412 die
2316 1359 2523 1413 vivitis.
2558 1361 2733 1427 Atque
2766 1358 2843 1411 sic
2874 1358 3032 1412 etiam
3080 1358 3387 1426 Terentius,
3423 1357 3473 1409 in
3506 1355 3783 1424 Adelphis,

2199 1444 2496 1517 Apparare
2525 1446 2591 1501 de
2636 1446 2724 1501 die
2768 1446 3017 1517 (singulis
3056 1446 3310 1501 nimirum
3348 1446 3562 1513 diebus)
3604 1446 3788 1501 convi-

2198 1533 2359 1588 vium
2406 1533 2559 1588 dixit.

2272 1622 2631 1690 Sperent,seu
2649 1622 3050 1678 timeant.Nam
3065 1639 3290 1695 sperare
3302 1624 3381 1693 (ut
3393 1621 3523 1677 alias
3534 1639 3658 1694 spes
3674 1640 3791 1678 cum

2202 1710 2400 1765 timore
2466 1720 2654 1780 suapte
2711 1718 2901 1765 natura
2978 1712 3345 1781 conjungitur)
3415 1711 3469 1764 in
3532 1711 3793 1765 deteriori

495 1803 562 1857 24
611 1803 821 1857 milliar.
879 1805 1228 1859 sentiebatur.
1284 1826 1308 1855 »
1356 1806 1432 1859 Ita
1480 1806 1772 1860 Kircherus
1825 1822 1888 1859 ex
1941 1804 2086 1860 fideli
2130 1788 2413 1869 Bquoque
2452 1797 2555 1853 hoc
2601 1814 2761 1853 sensu
2810 1800 2953 1869 apud
2998 1808 3211 1855 veteres
3256 1798 3427 1870 accipi
3472 1800 3788 1855 consuevit:

493 1892 709 1946 Patrum
744 1892 799 1948 S.
831 1894 878 1947 J.
912 1902 1019 1946 κατ’
1050 1892 1286 1961 «Gratiani
1318 1894 1595 1951 relatione.

567 1984 693 2038 Jam
741 1984 925 2038 nulla:
970 1988 1214 2040 exstent.
1266 1984 1410 2039 Inter
1456 1986 1553 2039 has
1600 1984 1787 2056 utique
1833 1986 2088 2057 Pompeia

492 2078 630 2138 erat,
662 2078 720 2124 ut
748 2070 935 2137 fertur,
984 2073 1051 2126 ab
1098 2073 1321 2128 Hercule
1356 2074 1589 2138 condita,
1623 2074 1856 2145 olimque
1886 2076 2085 2131 Roma-

492 2176 683 2216 norum
713 2160 925 2216 colonia
955 2162 1021 2217 de
1050 2180 1151 2232 qua
1168 2162 1310 2217 idem
1332 2164 1525 2218 Noster
1546 2164 1599 2217 in
1632 2164 1666 2217 l.
1692 2165 1757 2220 de
1786 2166 1932 2219 Pall.
1957 2181 2007 2220 ρ.
2032 2170 2083 2230 2,

492 2251 563 2303 ait
586 2250 608 2301 ἰ
648 2271 670 2299 «
706 2250 783 2304 Ex
814 2250 1183 2317 hujuscemodi
1221 2251 1408 2305 nubilo
1457 2260 1509 2305 et
1555 2251 1785 2307 Thuscia
1814 2252 2086 2309 Volsinios

492 2338 751 2407 pristinos
777 2339 989 2404 deusta,
1037 2353 1143 2407 quo
1192 2340 1362 2410 magis
1391 2340 1456 2393 de
1488 2340 1755 2394 montibus
1787 2341 1897 2395 suis
1925 2342 2083 2396 Cam-

494 2424 654 2493 pania
694 2433 895 2493 speret,
938 2434 1116 2494 erepta
1139 2427 1444 2494 Pompeios.
1474 2445 1496 2478 ι
1531 2428 1662 2481 Item
1692 2427 1747 2480 in
1776 2429 1931 2500 Apol.
1956 2446 2082 2503 cap.

494 2512 584 2572 40,
632 2512 771 2565 ubi:
831 2534 851 2560 ιι
888 2513 990 2566 Sed
1039 2529 1139 2568 nec
1185 2515 1434 2583 Thuscia,
1478 2524 1638 2586 atque
1688 2516 1977 2587 Campania
2023 2519 2089 2574 de

491 2598 806 2654 Christianis
861 2603 1221 2672 querebatur,
1285 2618 1408 2659 cnm
1474 2604 1742 2659 Volsinios
1791 2606 1857 2660 de
1910 2607 2084 2677 coelo,

494 2690 780 2757 Pompeios
832 2690 898 2745 de
945 2706 1044 2746 suo
1092 2701 1273 2746 monte
1326 2692 1577 2762 perfudit.
1631 2713 1654 2743 »
1704 2695 1781 2749 De
1830 2695 1914 2749 his
1961 2695 2088 2752 item

493 2778 662 2833 Tacit.
700 2778 735 2832 1.
771 2794 853 2833 xv
884 2783 1090 2837 Annal.
1125 2798 1174 2837 c.
1207 2784 1294 2846 22,
1344 2781 1400 2835 in
1446 2783 1561 2835 haec
1601 2783 1769 2837 verba
1818 2790 2039 2840 testatur
2070 2800 2086 2843 :

496 2868 646 2923 Motu
676 2873 845 2924 terrae
891 2869 1103 2927 celebre
1151 2871 1476 2942 Campaniae
1504 2872 1788 2943 oppidum,
1822 2873 2084 2943 Pompeii,

493 2973 700 3026 magna
729 2973 802 3012 ea:
824 2964 993 3029 parte
1015 2962 1260 3031 proruit.
1281 2959 1386 3013 Sed
1408 2960 1498 3031 qui
1531 2962 1643 3014 hzec
1672 2961 1908 3016 exactius
1927 2977 2087 3017 nosse

493 3045 659 3115 cupit,
691 3047 833 3117 apud
862 3048 1089 3102 Dionem
1121 3048 1271 3103 Cass.
1308 3051 1443 3106 Hist.
1479 3054 1634 3107 Rom.
1664 3051 1700 3108 l.
1728 3067 1827 3106 xv:
1858 3054 1921 3107 in
1950 3054 2082 3116 Tito,

491 3133 743 3204 reperiet.
774 3133 917 3202 Quid
959 3136 1206 3205 prohibet
1248 3147 1444 3206 autem,
1479 3140 1733 3210 quoniam
1764 3142 1934 3196 semel
1962 3156 2087 3212 pro-

492 3220 630 3276 lixus
657 3237 779 3281 esse
806 3223 965 3294 ccepi,
1000 3236 1354 3298 notarumque
1401 3229 1677 3300 angustias
1700 3230 1811 3297 jam
1844 3231 2081 3301 perrupi,

494 3310 609 3364 htec
653 3326 715 3365 ex
763 3312 881 3382 ipso
928 3322 1145 3369 auctore
1190 3330 1499 3387 excerpere,
1530 3333 1648 3386 quae
1696 3324 1752 3372 et
1799 3319 2084 3388 supradic-

493 3400 558 3453 tis
586 3398 743 3454 fidem
774 3399 994 3467 faciunt,
1027 3417 1146 3456 cum
1178 3403 1430 3469 viderint,
1474 3406 1593 3459 haec
1638 3421 1745 3460 non
1775 3423 1913 3463 nova
1942 3424 2081 3478 esse,

493 3489 584 3542 sed
611 3489 720 3558 jam
755 3489 924 3544 ferme
953 3505 1073 3545 xvu
1105 3491 1228 3546 inde
1258 3493 1469 3548 saeculis
1516 3494 1816 3552 accidisse?
1846 3496 1924 3551 Ita
1952 3514 2084 3569 ergo

492 3592 556 3631 ex
586 3593 686 3632 suo
717 3581 890 3636 Dione
916 3579 1228 3649 Xiphilinus
1275 3583 1434 3637 habet
1469 3600 1481 3638 :
1520 3604 1543 3633 α
1578 3584 1710 3639 Dein
1743 3601 1891 3639 mare
1929 3586 2086 3640 simul

493 3663 743 3731 fremere,
777 3682 937 3721 omne
983 3670 1174 3723 caelum
1205 3686 1311 3725 una
1338 3687 1550 3736 sonare,
1584 3671 1885 3744 ingensque
1911 3681 1965 3729 et
1995 3693 2087 3730 re-

490 3753 745 3824 pentinus
800 3754 999 3826 fragor,
1050 3758 1203 3825 quasi
1251 3768 1460 3813 montes
1508 3759 1668 3815 simul
1716 3761 2084 3826 considerent,

492 3842 753 3896 exaudiri.
787 3843 922 3895 Tum
954 3843 1169 3900 exsilire
1198 3846 1429 3915 primum
1481 3848 1729 3902 immensi
1773 3848 2002 3921 lapides,
2034 3862 2087 3907 et

489 3928 554 3980 ad
586 3944 825 3983 summos
872 3930 1097 3985 vertices
1143 3934 1441 4002 pervenire,
1473 3936 1892 4008 deindemagna
1931 3939 2085 4010 copia

488 4015 630 4089 ignis
665 4014 890 4072 I242
920 4016 1177 4089 fumique,
1222 4020 1292 4074 ita
1336 4028 1395 4075 ut
1440 4038 1656 4077 omnem
1685 4040 1859 4080 aerem
1892 4027 2089 4083 obscu-

488 4112 649 4170 raret,
700 4104 1095 4179 occultaretque
1146 4108 1343 4179 solem,
1395 4127 1503 4167 non
1554 4113 1741 4180 aliter,
1796 4131 1856 4168 ac
1901 4117 1945 4171 si
1992 4117 2083 4173 de-

487 4193 730 4263 fecisset,
792 4205 892 4251 etc.
951 4196 1054 4251 Alii
1105 4198 1505 4269 existimabant,
1566 4210 1658 4258 aut
1712 4205 1967 4259 mundum
2027 4208 2082 4261 in

488 4285 651 4339 chaos
697 4285 894 4357 redigi,
945 4292 1039 4340 aut
1080 4285 1205 4357 igne
1233 4290 1513 4358 consumi,
1564 4299 1707 4358 etc.,
1755 4301 1861 4347 etc.
1914 4296 2083 4350 Tanta

487 4389 618 4428 vero
666 4381 781 4427 erat
825 4374 979 4443 copia
1022 4375 1237 4444 cineris,
1290 4387 1345 4432 ut
1394 4386 1589 4435 terram
1620 4397 1887 4452 mareque,
1920 4392 2083 4454 atque

2198 1894 2257 1941 ut
2284 1897 2365 1943 est
2394 1886 2525 1943 illud
2554 1889 2806 1955 Maronis,
2840 1890 2861 1942 Ι
2890 1890 3105 1944 /Eneid.
3130 1909 3149 1943 :

2323 1994 2379 2044 Si
2404 2008 2557 2058 genus
2614 1996 2905 2054 humanum,
2963 2004 3050 2044 aut
3084 1995 3316 2044 mortalia
3370 1996 3597 2045 temnitis
3627 2012 3790 2057 arma,

2325 2058 2387 2105 At
2408 2066 2601 2120 sperate
2630 2058 2770 2116 deos,
2804 2073 3048 2107 memores
3075 2058 3216 2107 fandi
3243 2066 3393 2121 atque
3422 2059 3647 2109 nefandi.

2200 2158 2436 2229 Itemque
2466 2156 2506 2208 l.
2541 2173 2599 2211 iv
2621 2172 2636 2210 :

2326 2255 2466 2303 Hunc
2487 2268 2575 2316 ego
2599 2253 2640 2302 si
2663 2252 2805 2316 potui
2835 2260 3023 2302 tantum
3057 2267 3259 2316 Sperare
3292 2254 3539 2304 dolorem.

2273 2337 2421 2407 Ignis
2441 2336 2790 2390 intrinsecus
2819 2335 3079 2405 fwta.An
3102 2340 3321 2391 montes
3350 2336 3450 2405 ipsi
3472 2345 3597 2392 sunt
3616 2343 3761 2410 Γαδία
3779 2343 3806 2395 .9

2200 2425 2269 2479 At
2299 2423 2419 2494 quis
2448 2432 2647 2478 tantum
2681 2423 3059 2493 grammatices
3088 2424 3294 2490 lapsum
3329 2424 3668 2483 Tertulliano
3703 2431 3806 2485 im-

2199 2513 2422 2585 pingere
2452 2511 2627 2566 ausit?
2645 2512 2730 2566 An
2754 2513 3059 2583 legendum,
3086 2514 3230 2586 ignis
3252 2515 3601 2573 intrinsecus
3626 2521 3759 2587 [αῖίὶ
3778 2523 3805 2575 .9

2198 2601 2270 2656 At
2306 2600 2384 2656 sic
2440 2616 2624 2655 rursus
2657 2600 2971 2672 ambiguum
3002 2601 3157 2665 foret,
3207 2618 3274 2656 an
3303 2605 3428 2673 freti
3458 2604 3524 2657 ad
3555 2616 3800 2675 montes,

2199 2689 2290 2761 qui
2328 2691 2495 2760 ignis,
2547 2696 2637 2741 aut
2682 2688 2859 2758 potius
2898 2692 3025 2760 igne
3065 2693 3191 2761 [ceti
3234 2702 3375 2757 sunt,
3432 2708 3495 2746 an
3547 2696 3609 2747 ad
3649 2700 3805 2769 ignis

2198 2778 2539 2834 referendum
2586 2786 2750 2842 esset,
2791 2779 2947 2849 quasi
3006 2779 3124 2848 ipse
3156 2782 3306 2851 ignis
3351 2782 3633 2853 sulphure,
3668 2794 3801 2858 etc.,

2198 2868 2371 2936 ﬂetus
2419 2877 2578 2921 esset.
2642 2866 2722 2919 An
2791 2882 2922 2922 vero
2958 2884 3079 2922 cum
3139 2868 3346 2923 Latinio
3402 2873 3574 2944 magis
3626 2874 3810 2942 placet

2198 2959 2367 3027 fwtu,
2400 2971 2497 3010 seu
2525 2959 2758 3026 faetura,
2802 2958 3023 3030 legere?
3046 2960 3198 3012 Enim
3226 2974 3355 3013 vero
3386 2960 3595 3031 sicipse
3641 2974 3801 3032 puto.

2272 3046 2430 3101 Nobis
2445 3046 2676 3117 judicii,
2700 3044 2735 3097 i.
2765 3060 2815 3098 e.
2845 3047 3132 3117 supplicii,
3166 3062 3261 3100 seu
3288 3062 3464 3116 poenae
3493 3047 3802 3105 infernalis.

2199 3134 2335 3189 Vide
2366 3149 2549 3203 supra,
2580 3150 2698 3204 cap.
2733 3137 2788 3200 3,
2818 3139 2936 3189 not.
2973 3134 3035 3189 In
3053 3135 3362 3206 judicium.

2270 3225 2570 3294 Nunquam
2603 3228 2796 3279 tamen
2824 3224 3134 3293 ﬁniuntur.
3160 3225 3373 3279 Nullum
3406 3227 3667 3284 saeculum
3698 3244 3806 3301 est,

2197 3313 2355 3380 cujus
2395 3312 2620 3366 historia
2657 3313 2793 3365 tales
2840 3312 3097 3365 montium
3140 3311 3347 3367 furores
3404 3331 3510 3369 non
3560 3330 3806 3383 enarret,

2197 3410 2258 3455 ut
2296 3401 2360 3453 de
2395 3399 2604 3455 Vesuvii
2653 3400 2870 3470 quidem
2915 3400 3162 3455 incendio
3193 3401 3489 3457 Kircherus
3519 3406 3803 3473 ejusmodi

2197 3485 2501 3541 Chronicon
2533 3485 2706 3549 habet,
2737 3484 2826 3539 ubi
2857 3501 2887 3538 a
2906 3485 3081 3555 primo
3111 3485 3360 3558 ingressu
3382 3489 3804 3558 Janigenarum

2196 3574 2250 3629 in
2305 3573 2538 3629 Siciliam
2604 3577 2668 3627 18
2735 3575 3105 3630 tumultuantis
3165 3576 3349 3632 zEtnce
3404 3579 3660 3648 exempla
3705 3597 3801 3636 re-

2195 3673 2399 3718 censet.
2433 3661 2542 3716 Alii
2572 3678 2696 3719 vero
2727 3664 2996 3732 ejusmodi
3042 3662 3209 3718 tristia
3263 3667 3476 3721 Vesuvii
3519 3669 3799 3738 exempla,

2195 3769 2224 3806 a
2269 3751 2466 3806 Christi
2517 3753 2850 3821 temporibus
2906 3769 3077 3823 usque
3123 3753 3191 3807 ad
3236 3762 3419 3808 nostra
3475 3756 3610 3819 haec,
3662 3759 3801 3813 ultra

2198 3844 2265 3895 20
2298 3849 2595 3897 recensent.
2642 3841 2709 3893 At
2758 3856 2885 3896 vero
2927 3841 3191 3899 immanes
3245 3844 3344 3897 hos
3387 3844 3631 3898 caminos
3670 3863 3802 3916 per-

2194 3938 2353 4000 petuo
2384 3929 2505 4000 igne
2534 3946 2818 3986 succensos
2845 3947 2984 3998 esse,
3031 3934 3183 4001 fumi
3214 3932 3467 3988 continua
3496 3934 3802 4005 densaque,

2196 4020 2354 4074 etiam
2395 4019 2450 4074 in
2493 4019 2674 4090 quiete
2725 4036 2841 4088 sua,
2891 4027 3129 4076 eructata
3173 4021 3450 4076 volumina
3479 4024 3631 4078 omni
3672 4025 3801 4082 luce

2191 4109 2388 4165 clarius
2417 4109 2779 4165 manifestant.

2265 4198 2528 4253 Caeterum
2595 4199 2776 4270 gravis
2830 4197 2921 4253 hic
2975 4198 3200 4268 quaestio
3252 4200 3365 4269 jam
3412 4199 3504 4254 diu
3548 4204 3805 4260 exercuit

2194 4287 2564 4358 philos0phos,
2617 4288 2759 4341 unde
2803 4287 3130 4356 sempiterna
3178 4288 3266 4341 illa
3314 4288 3581 4355 ejusmodi
3630 4308 3807 4347 mon-

2198 4376 2327 4430 tium
2381 4374 2649 4441 incendia,
2699 4384 2752 4430 et
2798 4376 3136 4439 inexhausta,
3186 4377 3341 4431 tantis
3382 4377 3655 4433 incendiis
3704 4398 3814 4451 per

487 4461 625 4516 adeo
654 4461 831 4531 ipsum
858 4478 1034 4517 aerem
1066 4467 1394 4536 compleret:
1428 4485 1547 4539 quae
1577 4486 1663 4524 res
1692 4434 1863 4525 multa
1892 4434 2084 4527 ᾱδῶηα
2123 4434 2167 4516 ﬂ
2196 4473 2276 4520 tot
2332 4464 2523 4518 smcula
2578 4464 2842 4533 fovendis,
2889 4464 3103 4535 pabula.
3168 4466 3345 4519 Videri
3402 4466 3545 4520 enim
3592 4480 3813 4536 posset,

487 4549 829 4619 imporlavit,
878 4568 986 4607 non
1034 4553 1206 4608 solum
1258 4555 1564 4611 hominibus
1611 4558 1971 4632 prtediisque,
2020 4577 2084 4617 ac

489 4638 814 4709 pecoribus,
884 4641 979 4693 sed
1037 4642 1192 4695 etiam
1253 4643 1427 4713 pisces
1483 4646 1834 4716 volucresque
1895 4664 2084 4704 omnes

487 4726 731 4799 peremit,
781 4727 1021 4799 duasque
1070 4729 1306 4803 integras
1354 4732 1544 4803 urbes,
1596 4736 1982 4793 Herculanum
2028 4743 2083 4795 et

490 4819 800 4890 Pompeios,
848 4818 1050 4889 pepulo
1099 4819 1318 4874 sedente
1367 4820 1419 4875 in
1466 4824 1670 4878 theatro
1721 4825 1850 4894 (non
1902 4827 2085 4899 utique

489 4907 777 4977 Spectaculi
807 4908 1106 4977 cujusdam,
1159 4909 1253 4965 sed
1304 4919 1528 4979 speratae
1574 4913 1872 4971 securitatis
1901 4932 2080 4982 causa,

490 4995 703 5065 locique
760 5000 959 5051 contra-
1018 4998 1201 5052 ruinas
1254 5000 1431 5072 magis
1485 5006 1800 5058 communiti
1856 5004 2086 5077 ﬁducia)

489 5084 703 5152 penitus
731 5084 924 5140 obruit.
963 5105 985 5135 ν
1140 5152 1145 5157 θ

562 5170 741 5243 Atque
771 5170 872 5226 hoc
902 5173 1076 5242 ipsum
1105 5177 1214 5245 jam
1262 5185 1345 5232 est
1392 5178 1539 5243 illud,
1573 5197 1669 5235 seu
1701 5183 2088 5239 Herculanum

491 5276 587 5317 seu
622 5264 1054 5325 Herculaneum,
1085 5267 1229 5338 quod
1273 5268 1341 5322 ab
1389 5268 1615 5327 Hercule
1647 5279 1767 5342 post
1795 5273 2091 5343 expeditio-

495 5367 615 5406 nem
664 5368 814 5407 suam
860 5353 1198 5424 Hispanicam
1245 5358 1519 5413 conditum
1570 5360 1859 5430 Dionysius
1911 5362 2085 5415 Halic.

498 5440 535 5491 ι.
569 5456 587 5493 ι
618 5442 808 5513 Antiq.
862 5446 1018 5499 Rom.
1068 5461 1191 5518 cap.
1242 5447 1311 5500 44
1356 5447 1538 5513 refert,
1573 5464 1633 5503 ac
1671 5464 1793 5504 cum
1825 5452 1891 5505 A.
1926 5450 1987 5505 C.
2020 5452 2087 5503 63

497 5529 596 5581 sub
624 5530 836 5586 Nerone
859 5534 1204 5589 vehementer
1228 5534 1567 5603 convulsum,
1602 5553 1794 5607 magna
1824 5536 1904 5590 sui
1941 5545 2089 5609 parte

500 5614 845 5681 concidisset,
895 5627 947 5673 et
992 5621 1139 5678 circa
1189 5623 1260 5678 A.
1309 5622 1369 5676 C.
1412 5625 1479 5677 80
1524 5624 1754 5693 penitus
1798 5625 2088 5697 absorptus

2198 4553 2380 4607 omnia
2428 4553 2807 4608 subterrestria
2860 4554 3260 4625 perphylacia,
3305 4554 3593 4625 ipsumque
3626 4557 3818 4613 infer-

2196 4659 2345 4713 num,
2414 4641 2752 4714 quantumvis
2806 4644 3160 4712 immensum,
3218 4659 3315 4713 per
3371 4643 3655 4717 ignivoma
3713 4647 3820 4701 illa

2194 4731 2460 4801 spiracula
2485 4733 2597 4800 jam
2628 4730 2832 4801 pridem
2882 4742 3232 4786 exoneratum
3260 4732 3448 4788 fuisse.
3490 4733 3627 4801 Nos,
3663 4753 3819 4805 quo-

2196 4821 2337 4875 niam
2388 4819 2599 4892 longior
2664 4820 2739 4874 rei
2805 4820 2970 4890 hujus
3026 4821 3267 4876 tractatio
3325 4828 3473 4876 extra
3556 4839 3823 4890 praesens

2196 4909 2492 4964 institutum
2540 4918 2645 4975 est,
2696 4920 2931 4964 mentem
2981 4918 3219 4964 nostram
3283 4910 3495 4965 nonnisi
3560 4912 3826 4969 breviter

2195 5000 2483 5066 aperimus.
2539 5000 2615 5055 Ac
2659 5002 2714 5053 1ο
2759 4999 2978 5070 quidem
3028 5006 3307 5069 notamus,
3354 5000 3645 5055 horrendis
3694 5002 3826 5057 illis

2196 5090 2366 5144 jEtnm
2423 5089 2867 5144 concussionibus
2922 5099 3161 5155 egestam
3223 5089 3496 5144 materiam
3564 5092 3828 5147 maxime

2195 5178 2250 5231 in
2280 5177 2557 5251 crepidine
2588 5178 2757 5247 ipsius
2780 5178 2999 5233 crateris
3042 5177 3389 5241 accumulari,
3422 5186 3473 5234 et
3503 5179 3830 5249 aliquando

2196 5270 2249 5323 in
2283 5278 2478 5324 tantam
2529 5268 2879 5332 altitudinem,
2912 5274 2970 5321 ut
3020 5283 3193 5321 novus
3243 5268 3564 5338 quandoque
3617 5284 3833 5337 mons,

2197 5369 2289 5415 aut
2346 5367 2491 5414 certe
2543 5358 2739 5413 montis
2794 5373 2899 5412 non
2956 5357 3351 5411 contemnenda
3408 5372 3553 5426 pars,
3625 5358 3835 5415 videri

2198 5449 2386 5520 possit.
2449 5453 2506 5503 2°
2564 5448 2659 5503 Hic
2694 5447 2938 5503 cinerum
2987 5446 3324 5519 aliorumque
3376 5448 3839 5516 rejectamento-

2197 5555 2313 5595 rum
2343 5539 2611 5604 cumulus,
2660 5540 2768 5607 jam
2799 5553 2899 5609 per
2946 5552 3063 5591 sese
3109 5536 3271 5592 variis
3301 5536 3501 5590 salibus
3530 5536 3836 5603 imbutus,

2197 5629 2355 5687 novis
2384 5643 2599 5699 quoque
2639 5643 2701 5684 ac
2729 5625 3095 5683 subterraneis
3142 5625 3544 5683 accessionibus
3573 5641 3677 5695 per
3710 5641 3839 5683 oc-
