4050 6168
297 351 426 411 1341

1117 351 1452 414 APPENDIX
1493 350 1555 409 V.
1597 383 1669 392 —
1699 349 1777 445 'D.
1823 346 2205 411 CORBINIANI
2243 351 2486 412 ΤΗΟΜΕ
2526 351 2766 414 ADNOT.

3455 356 3590 417 1342

282 479 477 545 cultos,
509 495 574 536 ex
603 481 734 535 mari
768 481 1056 551 praecipue,
1081 495 1177 535 nec
1205 496 1311 536 non
1343 497 1414 536 ex
1447 478 1698 536 resolutis
1725 475 1873 532 nivi-
1893 494 1939 580 Α
1977 473 2200 531 fulmina
2229 479 2534 535 missilium
2565 478 2784 534 nomine
2811 477 3005 533 Noster
3029 479 3084 534 in
3121 479 3159 533 l.
3185 479 3252 535 de
3281 479 3432 535 Pall.
3465 495 3589 551 cap-

284 568 389 623 bus
423 611 436 636 ,
513 569 710 639 quibus
763 571 990 626 vertices
1056 572 1246 624 horum
1315 567 1538 626 I243
1601 567 1866 623 montium

283 657 453 713 ferme
483 658 703 713 assiduo
732 659 984 722 candent,
1018 675 1082 713 ex
1117 659 1435 714 circumﬂuo
1474 675 1538 713 ac
1560 657 1870 712 halinitroso

282 762 425 815 aere,
459 755 586 815 etc.,
646 747 920 803 fecundari
965 749 1142 816 solet,
1197 764 1373 820 usque
1409 748 1583 803 donec
1632 743 1866 814 subjecti

280 835 428 905 ignis
450 845 583 891 testu
613 845 850 907 excocta,
883 836 1102 892 acvelut
1126 835 1178 889 in
1203 836 1404 907 pultem
1437 835 1721 907 liquefacta
1749 849 1869 887 ma-

285 924 434 987 teria,
468 941 564 994 per
594 925 950 979 subterranea
976 932 1258 981 ventorum
1287 924 1572 994 spiracula,
1596 932 1688 978 aut
1706 923 1869 978 etiam

279 1027 432 1082 aquae
461 1028 526 1068 ex
572 1013 1008 1085 hydrOphylaciis
1035 1013 1252 1082 illapsu,
1296 1013 1351 1068 in
1399 1028 1671 1068 summum
1712 1011 1866 1066 furo-

279 1116 392 1155 rem
423 1111 631 1172 agatur,
647 1109 748 1158 etc.
780 1103 1052 1172 Quantum
1082 1117 1210 1158 vero
1231 1101 1310 1156 vel
1341 1103 1498 1156 unica
1521 1117 1674 1173 aquae
1695 1109 1866 1173 gutta,

281 1191 496 1244 metallo
545 1192 598 1244 in
653 1191 965 1246 fornacibus
1022 1190 1243 1246 fusoriis
1307 1190 1478 1246 ﬂuido
1522 1206 1762 1261 aspersa,
1816 1198 1871 1243 et

277 1294 437 1350 quam
480 1279 855 1335 incredibilem
902 1279 1188 1337 tumultum
1241 1280 1496 1345 excitare,
1537 1295 1697 1351 quam
1737 1279 1868 1332 hor-

275 1369 496 1423 rendam
527 1369 765 1424 omnium
811 1385 988 1423 rerum
1030 1379 1267 1441 stragem
1315 1369 1475 1424 edere
1521 1368 1712 1431 valeat,
1755 1383 1862 1422 non

276 1455 469 1528 pauci,
519 1464 573 1510 et
616 1457 754 1510 haud
805 1457 1014 1512 modico
1052 1473 1152 1512 suo
1191 1456 1388 1511 damno
1413 1500 1426 1522 ,
1479 1471 1866 1527 nonnunquam

275 1545 482 1616 experti
513 1553 661 1601 sunt.

346 1653 637 1726 Supplicia
674 1656 913 1711 interim
949 1656 1252 1713 montium.
1300 1653 1574 1726 Supplicia
1605 1652 1865 1708 montium

271 1750 446 1805 vocat,
481 1741 674 1796 damna
711 1745 777 1798 ab
821 1743 954 1814 ipsis
985 1744 1068 1798 his
1113 1743 1389 1799 montibus
1429 1743 1593 1812 illata,
1625 1758 1864 1814 praeser-

275 1828 370 1882 tim
399 1831 465 1883 ad
493 1838 837 1900 peccatorum
875 1833 1298 1904 castigationem,
1330 1842 1437 1887 etc.

349 1935 468 1992 Non
478 1934 710 2006 judicii.
735 1937 882 1992 Haud
905 1939 1137 1994 obscure
1153 1937 1326 1993 innuit
1344 1937 1481 1994 illud
1509 1952 1764 1993 JUDlClUM
1783 1951 1869 1990 ex-

278 2030 529 2092 tremum,
572 2023 628 2078 in
657 2041 764 2095 quo
784 2025 1068 2082 universus
1111 2025 1278 2095 orbis,
1310 2035 1370 2082 ut
1416 2027 1471 2081 in
1518 2027 1554 2082 l.
1605 2028 1670 2082 de
1698 2027 1862 2099 Bapt.

275 2127 323 2166 c.
358 2117 389 2165 8
423 2113 547 2168 Not.
581 2114 706 2184 Igni
720 2113 1066 2178 destinatur,
1086 2114 1342 2184 diximus,
1374 2113 1743 2188 conflagrabit,
1769 2131 1868 2168 au-

277 2198 546 2270 diturique
573 2209 703 2256 sunt
732 2202 971 2257 damnati
1007 2204 1294 2260 terribilem
1324 2205 1464 2258 illam
1495 2204 1814 2260 sententiam
1850 2222 1864 2258 :

277 2289 576 2353 Discedite,
600 2291 913 2355 maledicti,
946 2293 1008 2346 in
1027 2308 1206 2348 nonan
1223 2308 1527 2358 mrsnuuu,
1553 2300 1681 2361 etc.,
1706 2309 1863 2362 quem

269 2375 385 2443 jam
415 2393 554 2432 nunc
584 2393 876 2435 separamus
895 2396 1067 2434 wnax
1088 2397 1180 2450 per
1207 2370 1689 2437 flammivomorum
1720 2396 1870 2436 mon-

277 2463 408 2517 tium
438 2464 688 2519 incendia
719 2468 1098 2522 comminatur.

280 2564 285 2567 ”
346 2572 667 2643 Deputabit.
699 2573 1021 2645 Simpliciter
1038 2589 1139 2645 pro
1151 2575 1379 2647 putabit
1403 2591 1532 2647 ,seu
1556 2575 1863 2632 aestimabit.

276 2661 352 2714 Ita
381 2663 575 2716 Noster
610 2677 828 2734 quoque
865 2663 920 2718 in
951 2665 1186 2721 Exhort.
1219 2666 1291 2720 ad
1334 2667 1531 2721 Castit.
1574 2682 1624 2723 c.
1657 2669 1711 2729 6,
1741 2668 1816 2720 ait
1849 2684 1861 2720 :

283 2770 306 2799 ι
346 2748 472 2803 Erat
498 2760 652 2806 vetus
680 2750 980 2820 dispositio,
1003 2768 1123 2820 quas
1139 2752 1195 2805 in
1214 2754 1507 2823 Evangelio
1522 2768 1662 2808 nova
1691 2756 1858 2824 depu-

280 2846 435 2902 tatur,
470 2858 492 2888 ι
530 2849 632 2895 etc.
665 2839 754 2895 Sic
784 2849 838 2894 et
865 2841 1087 2898 Plautus
1108 2842 1310 2896 dudum
1331 2853 1486 2897 antea
1507 2843 1559 2897 in
1579 2846 1860 2916 Amphitr.

275 2926 523 2982 dixerat:
570 2949 592 2978 α
625 2930 736 2984 Nec
767 2929 1060 3001 quidquam
1107 2930 1195 2998 sit,
1226 2931 1355 3003 quin
1396 2948 1480 2987 me
1509 2947 1698 2988 omnes
1743 2951 1865 2989 esse

277 3013 501 3086 dignum
533 3018 811 3086 deputent.
848 3039 870 3068 »
895 3016 1065 3084 Quam
1087 3027 1140 3074 et
1155 3019 1438 3076 Terentius
1459 3019 1511 3074 in
1539 3024 1752 3094 Hecyra
1771 3038 1863 3077 se-

275 3113 434 3160 cutus
462 3113 562 3169 est,
605 3106 696 3160 ubi
729 3122 742 3162 :

276 3245 505 3310 Edepol,
540 3262 618 3298 nae
664 3263 824 3299 meam
873 3251 1022 3301 herus
1056 3265 1258 3316 operam
1288 3252 1490 3316 deputat
1521 3253 1666 3317 parvi
1698 3253 1864 3317 pretii.

350 3364 662 3422 Scintillas.
701 3367 910 3424 Eodem
935 3370 1082 3438 jure,
1113 3384 1220 3442 quo
1237 3369 1530 3429 immensos
1551 3370 1678 3426 illos
1709 3387 1864 3427 mon-

287 3453 425 3506 tium
500 3455 896 3525 ignivomorum
968 3466 1204 3514 crateres
1257 3461 1575 3529 fumariola
1639 3460 1868 3530 dixerat,

282 3555 428 3596 nunc
467 3541 676 3598 illorum
724 3545 972 3600 incendia
1017 3548 1300 3603 scintillas
1340 3548 1591 3618 appellat.
1637 3549 1703 3603 Et
1747 3559 1874 3604 sunt

283 3646 434 3698 sane,
465 3631 510 3685 si
547 3647 666 3688 cum
696 3633 960 3690 immenso
1013 3635 1106 3692 illo
1146 3652 1375 3692 meum
1414 3637 1668 3694 incendio
1717 3654 1870 3694 com-

278 3727 466 3790 parata
488 3720 706 3778 fuerint.
736 3723 892 3779 Nunc
912 3739 1038 3780 vero
1053 3725 1327 3783 scintillae
1357 3735 1555 3782 nostrae
1585 3744 1704 3783 cum
1737 3727 1872 3783 forte

281 3809 519 3865 adurunt
564 3827 774 3877 manus,
823 3813 904 3868 has
948 3813 1034 3868 vel
1077 3815 1143 3868 ad
1189 3815 1420 3884 primum
1467 3825 1720 3872 attactum
1761 3834 1873 3887 prae

283 3898 463 3954 dolore
517 3901 862 3956 retrahuntur
917 3917 930 3957 :
972 3901 1212 3957 nondum
1262 3913 1480 3974 autem,
1534 3920 1639 3960 non
1699 3906 1875 3962 dicam

285 3985 502 4056 plumbo
549 3987 839 4060 liquefacto
891 3989 1072 4060 (quam
1118 3991 1238 4047 leve
1286 3991 1515 4046 enimid
1544 3996 1751 4064 esset!)
1783 3995 1878 4050 sed

285 4091 461 4146 neque
527 4076 635 4132 illis
689 4079 860 4132 Etnre
917 4087 1008 4133 aut
1065 4079 1279 4135 Vesuvii
1326 4081 1654 4136 torrentibus
1699 4083 1877 4152 igneis

286 4163 364 4232 (id
421 4173 502 4218 est
572 4168 866 4237 scintillis)
935 4183 1126 4222 manus
1185 4167 1496 4225 immersere
1550 4179 1883 4242 peccatores,

307 4269 342 4306 n
373 4253 462 4310 illo
492 4254 733 4311 infernali
774 4257 1049 4327 barathro,
1080 4267 1133 4313 et
1180 4259 1396 4329 prepria
1442 4259 1592 4331 ignei
1623 4261 1877 4316 elementi

285 4344 439 4414 sede,
472 4343 583 4400 fors
625 4353 891 4403 aeternum
925 4347 1208 4414 exurendi,
1240 4355 1294 4402 et
1333 4363 1607 4417 nunquam
1648 4349 1880 4405 combu-

291 4432 465 4491 rendi.

361 4538 779 4596 Inwsti‘mabilis
797 4541 928 4611 foci.
956 4541 1123 4610 Cujus
1152 4541 1359 4598 scilicet
1378 4542 1587 4598 ardoris
1619 4543 1883 4600 immensa

289 4624 372 4678 vis
399 4642 640 4695 omnem,
674 4645 780 4684 non
836 4630 956 4685 dico
993 4630 1406 4688 aestimationem
1464 4641 1727 4703 nostram,
1786 4640 1882 4690 sed

291 4731 483 4773 omnes
524 4719 925 4792 imaginationis
975 4722 1116 4776 vires
1162 4720 1482 4794 longissime
1530 4725 1880 4780 transcendit.

366 4825 618 4880 Missilia.
661 4827 894 4884 Missilia
923 4828 1051 4882 olim
1081 4829 1396 4886 dicebantur
1424 4847 1485 4887 ea
1530 4832 1646 4888 auri
1683 4849 1882 4904 argen-

291 4912 440 4984 tique
469 4915 664 4987 signati
711 4933 965 4987 munera,
999 4935 1121 4990 qum
1150 4934 1536 4994 nonnunquam
1590 4923 1656 4976 ab
1705 4923 1885 4994 impe-

293 5003 584 5073 ratoribus,
613 5015 765 5060 auta
814 5015 998 5062 senatu
1045 5015 1098 5061 et
1145 5010 1572 5080 magistratibus,
1617 5012 1670 5066 in
1717 5029 1888 5083 popu-

295 5093 428 5156 lum,
457 5092 521 5146 ad
543 5095 784 5163 ejusdem
825 5096 1044 5166 plausus
1077 5111 1140 5150 ac
1188 5097 1400 5152 favores
1436 5099 1537 5153 sibi
1577 5110 1888 5169 quaestuosa

292 5183 688 5248 conciliandos,
740 5200 822 5250 ac,
882 5194 940 5240 ut
978 5187 1206 5242 barbare
1251 5187 1446 5252 dicam,
1499 5191 1888 5261 collectandos,

296 5270 483 5343 spargi
512 5271 774 5327 solebant.
798 5271 938 5338 Quin
963 5289 1086 5328 vero
1117 5283 1168 5327 et
1190 5274 1419 5329 aliarum
1452 5293 1629 5332 rerum
1661 5281 1892 5336 subinde

298 5358 523 5414 missilia
553 5360 770 5426 fiebant,
800 5375 858 5416 ut
887 5363 1027 5433 apud
1055 5363 1278 5420 Sueton.
1311 5367 1373 5420 in
1407 5367 1583 5439 Calig.
1617 5370 1845 5426 habetur
1873 5389 1887 5426 :

304 5467 328 5498 α
374 5449 587 5519 Sparsit
615 5459 670 5507 et
698 5451 918 5507 missilia
947 5451 1208 5509 variarum
1251 5469 1448 5510 rerum.
1480 5479 1501 5506 ι
1538 5458 1733 5514 Postea
1761 5476 1891 5517 vero

298 5539 418 5593 haac
467 5555 570 5595 vox
618 5541 684 5596 ad
731 5541 970 5599 militiam
1023 5557 1236 5614 quoque
1289 5544 1517 5611 transiit,
1578 5556 1635 5603 ut
1682 5549 1788 5606 tela
1834 5553 1889 5608 in

299 5628 491 5684 hostes
527 5631 722 5700 missa,
772 5631 970 5698 pariter
1013 5633 1259 5690 missilia
1305 5643 1651 5693 vocarentur.
1694 5637 1801 5695 Sed
1841 5651 1894 5696 et

1979 567 2030 634 2,
2063 567 2335 636 appellare
2365 583 2470 622 non
2516 566 2804 622 dubitavit.

2048 657 2424 712 Exercitoria.
2475 658 2774 712 Exercitor
2822 654 3042 725 proprie
3087 662 3189 720 est,
3221 655 3313 727 qui
3364 656 3589 712 alterum

1976 745 2133 799 docet
2162 746 2492 816 exercendo,
2521 755 2580 800 ut
2627 761 2691 799 ex
2742 742 2928 799 Plauto
2978 744 3031 797 in
3089 747 3338 801 Trinum.
3379 747 3588 820 colligi-

1977 841 2106 890 tur:
2162 854 2186 885 «
2232 835 2328 889 His
2370 835 2618 906 quisquis
2650 842 2750 899 est,
2798 835 3073 898 Curculio,
3103 841 3184 890 est
3214 837 3506 904 exercitor;
3546 825 3620 893 is,

1976 925 2117 979 hunc
2145 926 2420 980 hominem
2469 940 2744 980 cursuram
2795 923 2968 979 docet.
3011 944 3031 972 ιι
3078 925 3233 979 Unde
3263 933 3316 978 et
3346 927 3450 980 tela
3478 926 3586 990 illa,

1978 1027 2100 1083 quae
2132 1012 2184 1065 in
2209 1012 2480 1068 exercitiis
2500 1011 2823 1066 militaribus
2844 1020 2896 1067 et
2918 1011 3232 1067 umbraticis
3260 1013 3585 1068 emitteban-

1981 1109 2083 1166 tur,
2115 1103 2474 1166 exercitoria,
2508 1109 2561 1154 et
2607 1101 2746 1168 apud
2799 1101 3060 1155 Senecam
3102 1100 3141 1154 l.
3181 1115 3241 1155 II.
3280 1103 3386 1169 QQ.
3424 1104 3582 1159 Natt-

1979 1190 2196 1246 lusoria
2227 1198 2501 1245 vocantur.

2047 1282 2411 1336 Intinctionis
2455 1281 2784 1336 dominicae.
2837 1280 2944 1333 Seu
2993 1279 3264 1349 baptismi,
3297 1295 3327 1332 a
3371 1277 3585 1333 Christo

1974 1368 2202 1425 Domino
2231 1369 2488 1425 instituti.

2047 1457 2407 1516 Monimenta.
2439 1457 2780 1514 Monimenta
2814 1456 3083 1522 dicuntur,
3111 1472 3232 1527 quae
3261 1455 3432 1527 posita
3459 1465 3584 1511 sunt

1977 1545 2043 1598 ad
2076 1548 2415 1603 monendum
2447 1555 2682 1600 nostram
2712 1554 2970 1610 mentem,
3003 1555 3061 1600 ut
3099 1546 3416 1599 memoriam
3444 1560 3583 1616 prae-

1978 1636 2254 1690 teritarum
2303 1651 2479 1690 rerum
2521 1645 2820 1690 conservet.
2861 1634 3057 1689 Junius
3086 1633 3174 1689 hic
3215 1636 3583 1690 munimenta

1977 1724 2127 1795 legit,
2155 1724 2303 1796 quod
2333 1725 2594 1778 adversus
2624 1724 2928 1794 gehennam
2972 1723 3344 1794 praemuniunt.

1891 1822 1941 1911 β
2050 1813 2304 1872 Secunda
2343 1811 2615 1870 subsidia.
2655 1813 2946 1884 Eleganter
2975 1811 3216 1881 dictum;
3249 1828 3371 1866 nam
3401 1813 3581 1868 subsi-

1976 1903 2070 1957 dia
2117 1902 2385 1958 veteribus
2431 1901 2649 1972 proprie
2696 1908 2850 1956 erant
2907 1904 3145 1957 tertium
3192 1900 3320 1955 illud
3365 1903 3419 1955 in
3474 1900 3590 1956 acie

1975 2006 2187 2062 agmen,
2219 2007 2284 2046 ex
2326 1992 2548 2046 triariis
2588 2005 2650 2045 ac
2687 1990 2966 2057 emeritis,
3012 1987 3430 2059 fortissimisque
3459 2003 3591 2044 con-

1976 2088 2146 2147 stans,
2178 2079 2270 2152 qui
2322 2081 2478 2150 proin
2527 2079 2580 2132 in
2635 2086 2875 2133 extremo
2923 2077 3193 2142 collocati,
3229 2078 3332 2132 sub
3379 2076 3595 2134 vexillis

1975 2173 2088 2226 suis
2131 2173 2186 2226 in
2233 2186 2411 2242 genua
2456 2169 2826 2232 subsidebant,
2861 2168 3124 2222 laboranti
3162 2167 3275 2223 fors
3316 2167 3576 2224 exercitui

1971 2260 2277 2322 subvenire,
2337 2258 2719 2327 labantemque
2775 2257 2944 2311 aciem
2995 2271 3138 2312 novo
3200 2257 3448 2311 subsidio
3511 2272 3592 2312 re-

1971 2356 2216 2403 staurare
2246 2347 2441 2419 parati.
2476 2346 2610 2402 Vide
2659 2346 2884 2400 Varron.
2921 2347 2988 2401 de
3036 2347 3195 2416 Ling.
3241 2347 3345 2401 lat.
3378 2345 3474 2398 lib.
3508 2361 3589 2400 ιν.

1978 2434 2190 2490 1244
2247 2437 2412 2490 Muta;-
2457 2435 2700 2506 quidem.
2737 2433 2922 2487 Mutas
2954 2432 3105 2498 dicit,
3135 2448 3258 2503 quae
3312 2431 3590 2487 articulata

1974 2540 2106 2582 voce
2135 2523 2529 2578 destituuntur.

2045 2613 2265 2668 Animre
2295 2612 2529 2666 Animas
2577 2610 2665 2664 hic
2709 2623 2806 2678 pro
2853 2608 3200 2664 animalibus
3236 2608 3405 2678 ponit,
3436 2608 3585 2664 velut

1975 2709 2178 2770 partem
2213 2716 2309 2770 pro
2348 2707 2478 2756 toto.

2051 2789 2388 2857 Agnoscunt.
2424 2787 2499 2840 lta
2526 2786 2669 2842 enim
2701 2785 2874 2857 ipsius
2901 2793 3107 2839 naturae
3145 2782 3421 2853 instinctu,
3449 2783 3586 2841 divi-

1979 2877 2123 2930 nitus
2151 2877 2254 2931 sxbi
2301 2875 2492 2942 indito,
2523 2877 2682 2932 noxia
2721 2874 2909 2940 vitant,
2941 2873 3178 2928 salubria
3221 2881 3488 2944 quaerunt,
3526 2881 3581 2927 et

1979 2981 2101 3021 cum
2157 2972 2422 3038 aegrotare
2479 2965 2798 3035 inceperim,
2849 2965 2952 3019 sibi
3010 2963 3162 3018 ocius
3213 2961 3279 3016 de
3334 2961 3588 3018 remediis

1980 3054 2445 3124 circumspiciunt.
2476 3053 2793 3110 lnstinctum
2837 3060 3016 3108 autem
3059 3051 3211 3104 illum
3262 3051 3461 3105 habere
3487 3049 3590 3103 ali-

1891 3147 1939 3231 θ
1977 3144 2104 3216 quid
2151 3145 2400 3198 humanm
2449 3143 2644 3197 rationi
2692 3142 3000 3212 analogum,
3049 3140 3268 3194 dubium
3323 3155 3432 3194 non
3480 3145 3586 3194 est.

2051 3235 2246 3292 Maras.
2278 3235 2425 3290 Mora
2453 3233 2595 3305 apud
2641 3232 2928 3303 chirurgos
2957 3231 3154 3286 dicitur
3201 3229 3404 3284 canalis
3460 3229 3586 3301 qui-

1977 3325 2122 3387 dam,
2181 3329 2296 3376 arte
2349 3332 2651 3386 excavatus,
2713 3321 2763 3374 in
2819 3336 2980 3390 quem
3038 3335 3165 3374 crus
3221 3319 3467 3382 fractum,
3525 3333 3590 3373 ac

1975 3415 2091 3482 jam
2151 3411 2334 3467 fasciis
2393 3409 2862 3484 circumligatum,
2919 3408 3214 3478 reponitur,
3275 3413 3334 3459 ut
3385 3405 3586 3460 ibidem

1977 3501 2262 3556 immotum
2310 3506 2646 3570 permaneat,
2689 3513 3016 3569 moramque
3055 3495 3249 3551 trahat.
3283 3493 3373 3548 Sic
3412 3499 3467 3548 et
3495 3508 3585 3547 sa-

1973 3590 2147 3663 gittae,
2175 3588 2282 3645 cuti
2312 3589 2470 3644 altius
2502 3586 2696 3653 inﬁxae,
2729 3601 2854 3640 suas
2890 3584 3091 3640 ibidem
3118 3599 3305 3640 moras
3335 3583 3578 3650 trahunt,

1981 3685 2034 3732 et
2080 3677 2366 3748 aliquando
2415 3675 2828 3744 irrevocabiles,
2879 3689 3001 3728 cum
3032 3672 3236 3728 scilicet
3264 3670 3425 3725 nimis
3453 3685 3584 3741 pro-

1977 3767 2143 3822 funde
2173 3766 2487 3832 insederint,
2519 3781 2680 3836 quam
2728 3772 2787 3818 ut
2831 3763 2900 3816 ab
2953 3761 3086 3833 ispis
3115 3761 3440 3816 animalibus
3464 3759 3589 3814 vul-

1979 3854 2180 3911 neratis
2208 3854 2418 3910 extrahi
2445 3864 2536 3910 aut
2567 3852 2761 3919 excuti,
2795 3853 2981 3923 sicque
3012 3866 3042 3906 e
3080 3850 3298 3905 vulnere
3335 3850 3588 3907 revocari

1983 3943 2214 4016 possint.

2056 4035 2372 4089 Dictamno.
2419 4032 2496 4086 Ita
2543 4030 2760 4100 quidem
2809 4029 2878 4085 de
2919 4029 3132 4100 capreis
3179 4027 3342 4084 Arist.
3391 4026 3491 4084 lib.
3529 4040 3593 4080 ix

1989 4122 2131 4177 Hist.
2162 4120 2403 4174 animal.
2434 4134 2482 4174 c.
2516 4121 2568 4182 6,
2609 4119 2663 4171 in
2692 4119 2807 4173 haec
2829 4119 2992 4171 verba
3011 4116 3278 4171 afﬁrmat:
3305 4136 3333 4165 α
3355 4115 3414 4168 In
3435 4116 3594 4170 Creta

1989 4206 2169 4261 insula
2197 4219 2416 4275 capreas
2452 4203 2739 4273 sylvestres
2788 4203 2989 4276 sagitta
3029 4201 3320 4256 transfixae
3362 4200 3592 4253 dictam-

1991 4311 2116 4349 num
2171 4293 2391 4347 herbam
2439 4307 2680 4361 quterere
2727 4290 2903 4356 aiunt;
2939 4291 3041 4346 hoc
3087 4290 3231 4344 enim
3277 4287 3483 4357 spicula
3528 4302 3595 4342 ex

1991 4396 2218 4452 corpore
2266 4379 2572 4450 ejiciuntur.
2624 4399 2648 4429 n
2700 4379 2871 4450 Atque
2919 4378 3060 4432 idem
3108 4377 3163 4431 in
3208 4375 3247 4430 l.
3279 4376 3346 4433 de
3375 4376 3589 4432 Admir.

1905 4471 1958 4554 υ
1992 4471 2177 4529 audit.
2211 4487 2267 4526 n.
2300 4471 2354 4534 4,
2385 4467 2682 4524 confirmat.
2715 4467 2867 4523 Unde
2894 4467 3048 4538 Virg.
3084 4467 3179 4521 lib.
3206 4480 3308 4531 xu,
3335 4463 3554 4521 Eneid.
3574 4483 3592 4520 :

2120 4577 2250 4626 Dum
2285 4575 2456 4625 Venus
2485 4573 2689 4637 indigno
2723 4573 2827 4623 nati
2870 4586 3118 4623 concussa.
3148 4572 3322 4637 dolore

2122 4641 2442 4690 Dictamnum
2470 4635 2682 4701 genitrix
2705 4637 2900 4701 Cretaea
2917 4637 3091 4701 _carpit
3123 4635 3188 4685 ab
3223 4635 3332 4694 lda,

2120 4702 2400 4752 Puberibus
2430 4697 2617 4750 caulem
2650 4699 2798 4758 foliis,
2828 4707 2877 4748 et
2908 4697 3037 4746 flore
3069 4707 3346 4747 comantem

2119 4767 2396 4830 Purpureo.
2426 4763 2536 4812 Non
2570 4763 2659 4810 illa
2693 4761 2812 4830 feris
2847 4761 3094 4830 incognita
3126 4760 3294 4830 capris.

2119 4825 2373 4887 Gramina,
2405 4839 2519 4874 cum
2550 4832 2686 4888 tergo
2722 4825 2951 4874 volucres
2982 4827 3167 4872 hasere
3193 4825 3405 4882 sagittas.

1997 4927 2061 4982 At
2091 4926 2316 4993 Plinius,
2350 4923 2441 4979 lib.
2468 4939 2566 4977 vm
2595 4923 2662 4976 Η.
2697 4925 2761 4980 Ν.
2786 4938 2834 4976 c.
2861 4923 3084 4991 27,haec
3109 4921 3174 4974 ad
3205 4935 3392 4975 cervos
3421 4923 3596 4972 trans-

1996 5018 2113 5072 fert.
2167 5017 2238 5070 At
2298 5030 2456 5085 quam
2505 5014 2672 5068 multa
2719 5012 2876 5068 subin
2925 5012 3239 5083 ﬁnguntur,
3293 5018 3385 5062 aut
3439 5006 3600 5061 nimis

1996 5105 2214 5162 credule
2268 5111 2571 5171 narrantur,
2632 5119 2752 5174 qua:
2820 5117 2927 5157 non
2991 5097 3374 5155 verificanturl
3441 5097 3599 5151 Certe

1999 5193 2276 5248 hodiernis
2303 5199 2510 5247 naturae
2553 5191 2943 5247 scrutatoribus
2990 5189 3092 5244 hac
3120 5189 3190 5244 de
3228 5203 3286 5242 re
3327 5185 3492 5240 altum
3520 5183 3597 5238 si-

1997 5283 2216 5338 lentium
2268 5293 2366 5350 est,
2410 5283 2590 5352 utique
2639 5298 2737 5337 nec
2785 5295 2849 5335 ex
2899 5297 3016 5347 sua,
3053 5295 3150 5335 nec
3180 5277 3407 5332 aliorum
3438 5272 3598 5327 sufﬁ-

1998 5373 2155 5427 cienti
2208 5371 2542 5443 experientia
2585 5370 2882 5442 quidquam
2928 5367 3273 5429 habentibus,
3316 5377 3424 5436 quo
3473 5360 3602 5416 huic

1997 5473 2233 5520 veterum
2264 5457 2600 5530 persuasioni
2630 5457 2790 5514 ﬁdem
2823 5458 2921 5513 rite
2951 5458 3124 5514 facere
3155 5454 3384 5526 possint.

2072 5553 2199 5609 Illos
2224 5552 2469 5616 oculare,
2499 5549 2534 5606 i.
2555 5564 2604 5604 e.
2635 5551 2817 5605 visum
2835 5547 2948 5602 illis
2977 5548 3132 5603 dare.
3167 5544 3255 5599 Sic
3283 5541 3427 5597 enim
3453 5540 3600 5597 idem

2002 5641 2200 5698 Noster
2230 5640 2284 5695 in
2315 5641 2495 5714 Apol,
2529 5655 2580 5696 c.
2619 5642 2708 5703 2t,
2755 5636 2964 5693 habet:
3001 5655 3028 5689 α
3075 5635 3192 5691 Jam
3231 5633 3517 5706 expolitos,
3543 5637 3600 5688 et
