4028 6180
474 320 614 381 1343

1542 308 1630 367 AD
1667 304 1961 366 GENUINA
2001 301 2441 364 TERTULLIANI
2480 300 2698 360 OPERA

3631 305 3783 366 1344

470 446 587 519 ipsa
637 444 939 502 urbanitate
992 443 1269 513 deceptos,
1326 439 1381 493 in
1434 433 1769 510 agnitionem
1825 428 2071 486 veritatis
2107 425 2154 507 η
2182 427 2358 485 dixit:
2392 428 2585 484 Nonne
2631 427 2747 482 haec
2795 431 2879 482 est
2933 440 3188 484 BABYLON
3216 443 3430 498 IlAGNA,
3455 448 3626 503 quam
3662 449 3788 491 nso

471 518 743 601 acularet;
793 554 817 584 υ
880 532 1024 604 quod
1073 530 1297 587 verbum
1345 523 1672 595 caeteroquin
1721 522 1788 575 ab
1836 518 2073 588 antiquis

471 624 558 679 vix
605 632 944 693 usurpatum,
991 620 1047 676 S.
1080 622 1241 692 Cypr.
1285 619 1340 673 in
1386 623 1539 671 tract.
1582 614 1647 669 de
1698 611 1836 667 ldol.
1886 609 2069 666 venit.

474 714 540 768 ad
569 712 660 767 ﬁn.
693 728 758 767 ex
788 710 1120 768 Tertulliano
1168 723 1269 763 suo
1311 712 1586 760 mutuatus
1615 699 1734 766 fuit,
1766 700 1834 753 de
1862 705 2077 768 aposto-

474 802 538 856 lis
566 802 811 874 loquens,
847 824 872 850 ι
923 800 1016 872 qui
1058 813 1233 855 caecos
1277 802 1331 850 et
1376 794 1596 867 ignaros
1643 790 1710 844 ad
1750 787 2076 861 agnitionem

479 892 725 949 veritatis
762 890 1063 948 ocularent.
1102 910 1123 938 ›.

548 986 624 1038 De
653 998 756 1038 sua
789 978 1127 1037 Chelidonta.
1153 975 1310 1044 Quod
1339 973 1677 1030 hirundines
1706 984 1881 1025 caecos
1909 968 2083 1037 pullos

478 1071 708 1143 pariant,
738 1068 1065 1125 Aristoteles
1093 1066 1130 1120 l.
1155 1081 1235 1131 ιν,
1261 1065 1326 1119 de
1360 1065 1493 1120 Gen.
1515 1064 1691 1119 anim.
1719 1076 1767 1116 c.
1791 1062 1846 1129 6,
1867 1057 2079 1122 asserit,

476 1171 729 1216 cteterum
778 1158 844 1212 de
897 1156 1213 1213 chelidonia
1258 1152 1419 1221 nihil;
1452 1157 1507 1207 at
1546 1165 1671 1206 vero
1716 1146 1943 1211 Plinius,
1974 1146 2080 1200 loc.

474 1250 565 1305 cit.
611 1249 665 1304 id
712 1246 963 1312 afﬁrmat,
999 1244 1398 1301 narrationibus
1435 1239 1625 1296 alienis
1651 1239 1973 1312 plerumque
2005 1234 2087 1289 ni-

476 1340 645 1394 mium
676 1338 866 1392 ﬁdens.
900 1334 1050 1390 Adeo
1099 1341 1280 1388 autem
1329 1330 1395 1385 ad
1436 1329 1636 1401 vulgus
1681 1325 1963 1399 persuasio
1997 1323 2089 1378 illa

478 1426 706 1494 transiit,
736 1432 952 1497 tamque
983 1422 1241 1480 tenaciter
1277 1418 1457 1489 haesit,
1490 1424 1548 1474 ut
1586 1416 1750 1472 etiam
1780 1415 1957 1485 ipsum
1990 1414 2083 1469 hi-

478 1517 792 1574 rundinum
840 1529 1039 1571 nomen
1085 1511 1317 1583 (Graecis
1362 1508 1508 1564 enim
1557 1508 1674 1563 ham
1718 1504 1834 1562 avis
1874 1503 2089 1571 χελιδὼν

476 1606 699 1677 dicitur)
722 1604 790 1660 ad
824 1604 1059 1673 plantam
1091 1603 1234 1657 illam
1269 1597 1560 1664 transierit,
1593 1610 1701 1650 non
1730 1593 1910 1648 minus
1939 1592 2082 1647 Ger-

481 1694 653 1749 manis
708 1691 909 1750 nostris
968 1688 1521 1750 Schwalben-Kraut,
1582 1692 1675 1738 aut
1731 1681 2084 1738 Schwalben-

2156 532 2167 533 ’
2184 519 2454 590 aediﬁcavi
2465 519 2526 573 in
2538 533 2734 574 DOMUI
2757 532 2940 587 seats,
2952 518 3015 573 in
3032 520 3221 576 robore
3242 521 3609 590 fortitudinis
3626 538 3794 593 ω,

2185 611 2241 664 et
2271 610 2335 664 in
2351 609 2534 679 gloria
2554 606 2766 664 decoris
2786 622 2887 662 stat
2902 604 2929 659 ‘I
2952 605 3091 674 Quid
3115 624 3246 680 ergo
3267 609 3295 663 ?
3321 610 3567 683 Cumque
3597 627 3794 669 sermo

2186 699 2369 755 adhuc
2400 702 2543 755 esset
2574 698 2634 751 in
2665 715 2758 754 ore
2778 698 2943 768 regis,
2976 714 3086 754 v0.1:
3114 699 3179 753 de
3208 700 3343 755 creto
3373 703 3539 757 ruit:
3568 718 3688 758 TIBI
3705 720 3798 760 Dl-

2187 804 2370 859 crrun,
2390 786 2891 843 Nabuchodonosor
2912 804 3037 843 rex:
3054 790 3306 858 Regnum
3332 794 3496 845 tuum
3512 793 3798 848 transibit

2188 896 2221 933 a
2245 880 2380 947 le,et
2402 893 2529 932 cum
2551 876 2742 932 bestiis
2764 879 2819 932 et
2838 878 2978 946 feris
3000 877 3400 934 erithabitatio
3421 884 3540 948 tua,
3563 883 3799 951 [mnum

2189 967 2353 1039 quasi
2382 965 2471 1022 bos
2502 965 2773 1028 comedas,
2806 969 2861 1021 et
2884 969 3095 1038 septem
3118 969 3374 1038 tempora
3402 968 3803 1027 mutabuntur

2188 1072 2358 1128 super
2388 1060 2440 1110 te
2470 1055 2641 1110 donec
2670 1055 2835 1122 scias,
2868 1055 3011 1126 quod
3053 1055 3381 1113 dominetur
3408 1073 3703 1115 exeamus
3731 1062 3801 1115 in

2192 1161 2359 1216 regno
2382 1144 2756 1209 hominum,et
2775 1145 3087 1216 cuicunque
3106 1146 3803 1219 voluerit,detillud.Quid

2192 1243 2370 1289 autem
2391 1249 2553 1305 porro
2569 1232 2597 1287 ἱ)
2617 1234 2822 1291 Eadem
2837 1233 2975 1290 hora
2985 1250 3165 1291 sermo
3181 1252 3338 1308 comp
3348 1237 3490 1293 letus
3510 1243 3597 1295 est
3618 1256 3809 1311 super

2197 1320 2716 1389 Nabuchodonosor,
2761 1328 2819 1379 et
2847 1341 2917 1380 ex
2965 1323 3283 1382 hominibus
3312 1327 3523 1397 ejectus
3569 1331 3659 1383 est
3685 1372 3703 1396 ,
3740 1333 3808 1383 et

2194 1416 2416 1486 [mnum
2445 1417 2512 1469 ut
2541 1412 2631 1469 bos
2660 1412 2919 1475 comedit,
2937 1418 2993 1471 et
3010 1430 3135 1472 rore
3161 1414 3287 1470 cceli
3312 1432 3515 1488 corpus
3545 1418 3674 1487 ejus
3712 1420 3810 1474 in-

2194 1506 2410 1574 fectum
2430 1500 2710 1567 est,donec
2730 1503 2928 1574 capilli
2943 1505 3061 1574 ejus
3082 1504 3145 1558 in
3162 1505 3607 1561 similitudinem
3626 1508 3811 1578 aqui-

2198 1593 2391 1649 larum
2421 1594 2756 1661 crescerent,
2777 1596 2833 1648 et
2861 1607 3080 1663 ungues
3106 1592 3226 1663 ejus
3241 1594 3403 1664 quasi
3422 1596 3641 1651 avium.
3664 1594 3810 1650 Cum

2196 1695 2327 1740 vero
2346 1680 2403 1735 in
2425 1678 2727 1735 miserrimo
2756 1680 2860 1737 hoc
2879 1688 3019 1734 statu
3037 1696 3135 1750 per
3149 1688 3358 1752 septem
3380 1682 3605 1739 omnino
3625 1700 3817 1740 annos

490 1786 683 1842 Wurtz.
711 1780 1058 1852 appellatam.
1091 1777 1202 1833 Sed
1229 1783 1284 1831 et
1311 1774 1401 1829 illa
1428 1788 1537 1827 non
1564 1769 1921 1827 hirundinum
1953 1769 2086 1823 dun-
2127 1753 2178 1837 Β
2198 1773 2333 1827 inter
2364 1769 2568 1825 bestias
2606 1770 2830 1842 egisset,
2864 1768 3101 1842 satisque
3135 1770 3250 1840 jam
3278 1770 3596 1828 humiliatus
3634 1782 3815 1841 esset,

479 1881 645 1936 taxat,
676 1868 772 1927 sed
815 1866 1056 1926 omnium
1104 1879 1275 1935 prepe
1319 1861 1619 1929 volucrum,
1652 1862 1698 1915 si
1741 1860 2083 1931 aquatilium

478 1959 693 2031 species
718 1956 1065 2027 excipiamus,
1098 1968 1290 2008 recens
1325 1949 1668 2007 exclusarum
1707 1947 1921 2005 caecitas
1958 1962 2085 2018 pro-

478 2047 596 2119 prie
625 2046 746 2103 talis
774 2061 883 2102 non
920 2052 1019 2110 est,
1054 2042 1149 2098 sed
1192 2056 1338 2097 mera
1383 2038 1763 2110 palpebrarum
1810 2036 2083 2106 obductio,

478 2151 601 2207 quae
632 2142 753 2207 post
780 2134 985 2205 aliquot
1012 2132 1133 2187 dies
1173 2129 1375 2187 sensim
1411 2127 1612 2197 diduci,
1653 2128 1874 2200 suisque
1902 2126 2091 2183 oculos

481 2223 837 2283 velaminibus
865 2222 1096 2278 liberare
1127 2219 1324 2277 solent.

554 2314 671 2372 Sibi
697 2314 1052 2377 institutam,
1082 2308 1121 2364 i.
1152 2325 1201 2364 e.
1232 2324 1329 2379 pro
1359 2323 1442 2377 se,
1474 2321 1664 2361 rursus
1691 2320 1788 2377 per
1818 2305 2089 2377 poeniten-

485 2405 610 2460 tiam
641 2404 694 2457 in
725 2402 953 2474 gratiam
983 2399 1085 2454 Dei
1114 2398 1467 2468 restituendo,
1499 2396 1818 2451 institutam.

562 2490 927 2561 Babylonium
966 2503 1169 2558 regem.
1199 2487 1296 2540 Est
1330 2486 1416 2541 hic
1451 2500 1561 2539 non
1600 2483 1690 2541 ille
1726 2483 2086 2542 Nabuchodo-

490 2594 656 2636 nosor
685 2578 839 2647 (alias
888 2575 1231 2633 Saosduchin
1268 2572 1585 2645 appellatus,
1616 2573 1710 2644 qui
1751 2575 1815 2630 A.
1850 2575 1918 2629 M.
1948 2576 2090 2629 3347

487 2667 543 2723 in
575 2680 764 2737 campo
815 2668 1008 2736 Ragau
1049 2664 1325 2721 Medorum
1371 2678 1561 2733 regem
1605 2663 1914 2735 Arphaxad
1959 2677 2090 2733 pro-

488 2755 720 2828 ﬂigavit;
772 2770 871 2809 nec
914 2753 1050 2808 alter
1093 2752 1615 2819 Nabuchodonosor,
1662 2751 1795 2806 alias
1841 2752 2088 2824 Nabapo-

491 2848 677 2903 lassar
718 2842 915 2910 dictus,
944 2842 1037 2915 qui
1086 2844 1150 2898 A.
1184 2842 1252 2899 Μ.
1284 2844 1424 2896 3378
1453 2856 1682 2913 regnum
1713 2840 2090 2896 Chaldaeorum

490 2932 799 2991 condidisse
845 2930 1084 2987 creditur
1131 2948 1147 2986 :
1197 2930 1292 2985 sed
1338 2930 1501 3000 hujus
1547 2928 1690 2985 ﬁlius
1735 2928 2093 2987 Nabuchodo-

489 3038 671 3089 nosor,
708 3030 1068 3095 cognomento
1097 3014 1351 3091 Magnus,
1382 3027 1438 3077 et
1464 3019 1519 3074 in
1554 3034 1726 3090 regno
1758 3020 1820 3074 A.
1850 3017 1917 3075 Μ.
1952 3022 2092 3075 3399

2194 1859 2325 1933 quid
2370 1874 2536 1932 porro
2582 1858 2872 1924 acciderit,
2923 1858 3149 1930 ipsemet
3202 1858 3459 1931 deinceps
3521 1879 3681 1920 vers.
3746 1866 3818 1918 33

2195 1956 2409 2004 enarrat
2438 1968 2450 2005 :
2486 1950 2550 2004 In
2588 1948 2707 2022 ipso
2731 1951 2980 2019 tempore
3008 1963 3204 2005 sensus
3231 1966 3389 2007 meus
3434 1967 3707 2008 reversus
3729 1958 3821 2009 est

2195 2040 2267 2094 ad
2286 2056 2375 2096 me
2396 2041 2451 2094 et
2468 2039 2539 2094 ad
2556 2038 2822 2095 honorem
2843 2039 3007 2110 regni
3019 2039 3388 2114 decoremque
3405 2041 3680 2114 perveni,
3708 2049 3818 2099 etc.

2196 2132 2250 2186 et
2271 2128 2643 2200 magistratus
2663 2128 2777 2184 mei
2793 2128 3184 2200 requisierunt
3205 2136 3371 2201 me,et
3392 2132 3452 2185 in
3472 2148 3655 2202 regno
3689 2149 3822 2188 meo

2197 2221 2501 2275 restitutus
2520 2234 2671 2288 sum,
2703 2222 2759 2275 et
2775 2218 3206 2289 magniﬁcentia
3235 2222 3477 2295 amplior
3494 2220 3714 2278 addita
3737 2229 3825 2280 est

2198 2307 2362 2363 mihi.

2276 2395 2555 2467 Unguium
2575 2395 2896 2468 aquilinum
2916 2399 2980 2453 in
2998 2414 3231 2455 morem.
3255 2397 3480 2473 Vulgata
3499 2407 3702 2457 nostra
3722 2419 3826 2458 un-

2198 2501 2333 2556 gues
2385 2486 2598 2550 avium,
2657 2485 2935 2555 rapacium
2993 2486 3265 2557 videlicet,
3321 2498 3612 2557 memorat,
3664 2491 3826 2550 inter

2198 2590 2332 2646 quas
2360 2574 2550 2645 utique
2579 2575 2792 2647 aquila:
2828 2574 3086 2632 eminent.

2272 2666 2568 2721 Horrorem
2588 2663 2896 2722 leoninum.
2918 2664 3020 2721 Ubi
3040 2664 3267 2739 Vulgata
3284 2676 3468 2724 nostra
3496 2670 3563 2723 in
3585 2670 3789 2727 simili
3794 2704 3829 2713 -

2203 2752 2459 2809 tudinem
2489 2765 2829 2817 AQUILARUH,
2852 2753 3027 2819 LXX,
3045 2754 3277 2821 λέοντων,
3301 2771 3551 2826 ιεοΝωι,
3576 2758 3823 2830 habent,

2201 2840 2435 2912 indeque
2480 2842 2722 2897 nonnulli
2771 2842 2902 2898 olim
2948 2842 3002 2897 in
3053 2860 3171 2898 eam
3218 2844 3530 2914 Opinionem
3564 2848 3827 2921 prolapsi

2202 2939 2373 2997 erant,
2406 2947 2591 3005 regem
2621 2933 2766 2987 hunc
2803 2931 2857 2986 in
2891 2933 3105 2989 leonem
3137 2940 3394 2990 mutatum
3425 2934 3616 2990 fuisse.

2274 3024 2637 3093 Praz/‘erente.
2668 3020 2832 3075 Multa
2861 3022 2915 3076 in
2948 3020 3200 3077 terribilis
3225 3021 3389 3093 hujus
3408 3028 3827 3097 metamorpho-

492 3069 636 3079 .-νυν
658 3069 671 3089 ,
710 3069 1063 3095 ποππηην
1100 3069 1351 3091 μηδ----η
1386 3069 1435 3077 --
1464 3069 1519 3074 -_
1554 3069 1721 3090 --οη
1851 3069 1917 3075 ---
1955 3069 2083 3075 ---ν
2274 3069 2292 3076 -
2321 3069 2467 3093 .νν,-.
2668 3069 2831 3075 -.-_--_
2948 3069 3198 3077 ---η-μ--
3227 3069 3299 3078 η-
3331 3069 3668 3080 πων--..ω
3728 3069 3802 3083 ..ν

491 3126 794 3176 successor,
828 3109 918 3182 qui
966 3110 1204 3175 Joakim,
1248 3124 1438 3183 regem
1479 3109 1643 3175 Iuda,
1672 3108 1726 3162 in
1775 3107 2094 3165 servitutem
2133 3069 2281 3163 esis
2311 3108 2538 3165 historia
2566 3115 2710 3174 sunt,
2758 3124 2882 3180 quae
2912 3108 3054 3164 inter
3092 3069 3412 3181 interpretes
3458 3121 3540 3168 sat
3568 3069 3823 3171 confan-

491 3200 701 3275 redegit
746 3200 840 3270 (IV
888 3203 1016 3271 Reg.
1062 3213 1230 3270 xxrv,
1262 3198 1338 3268 1),
1385 3197 1476 3269 qui
1515 3197 1742 3254 obsessa
1766 3198 2092 3266 Jerusalem,

486 3290 728 3350 Joachin
773 3294 970 3361 sponte
1024 3303 1147 3344 cum
1179 3286 1434 3342 omnibus
1462 3285 1576 3342 suis
1608 3301 1669 3341 se
1695 3286 2006 3351 dedentem,
2038 3287 2095 3342 in

489 3379 856 3450 captivitatem
896 3377 1123 3443 abduxit
1170 3376 1301 3446 (loc.
1350 3376 1445 3434 cit.
1493 3390 1636 3432 vers.
1667 3378 1732 3429 t2
1780 3384 1837 3431 et
1881 3378 2093 3448 seqq.);

488 3469 585 3543 qui
639 3469 904 3534 Sedecite,
951 3466 1127 3522 ultimi
1176 3466 1321 3538 regis
1370 3465 1551 3532 Judaz,
1583 3472 1891 3537 expugnata
1942 3464 2099 3521 Jeru-

489 3558 680 3627 salem,
710 3559 860 3629 ﬁlios
888 3557 1087 3615 occidit
1118 3573 1311 3616 coram
1340 3571 1422 3623 eo,
1455 3558 1513 3612 et
1557 3555 1745 3612 oculos
1786 3555 1912 3626 ejus
1951 3557 2099 3626 effo-

505 3648 611 3717 dit,
641 3649 944 3719 vinxitque
988 3662 1118 3704 eum
1147 3646 1363 3703 catenis
1410 3649 1467 3701 et
1495 3642 1741 3701 adduxit
1768 3644 1832 3699 in
1872 3643 2101 3714 Babylo-

493 3753 625 3795 nem
654 3737 755 3805 (IV
806 3738 931 3805 Reg.
978 3750 1026 3791 c.
1074 3732 1172 3790 ult.
1205 3749 1256 3788 v.
1298 3734 1377 3802 7),
1407 3731 1636 3803 denique
1682 3746 1777 3800 per
1813 3730 2104 3790 Nabuzar-

490 3825 644 3892 dam,
700 3822 999 3894 principem
1060 3821 1329 3877 exercitus
1375 3821 1485 3886 sui,
1533 3819 1819 3878 succendit
1874 3819 2105 3878 domum

493 3912 742 3981 Domini,
772 3917 824 3967 et
855 3910 1082 3966 domum
1130 3912 1295 3980 regis,
1328 3913 1387 3965 et
1423 3910 1612 3967 domos
1640 3908 1957 3967 Jerusalem
1984 3926 2111 3967 om-

496 4015 741 4071 nemque
786 4000 1015 4057 domum
1064 3997 1367 4055 combussit
1411 3998 1534 4070 igni
1579 3996 1676 4068 (ib.
1725 4013 1778 4054 v.
1813 3996 1888 4068 9),
1920 3996 2109 4071 sicque

492 4096 666 4148 totum
712 4104 936 4161 regnum
982 4087 1127 4146 Juda
1168 4087 1385 4159 penitus
1444 4087 1704 4145 exstinxit
1756 4086 2110 4164 funditusque

494 4178 712 4238 evertit.

572 4266 795 4326 I245
844 4269 921 4324 Ex
970 4268 1070 4324 bac
1097 4281 1254 4339 ergo,
1283 4275 1338 4323 et
1377 4266 1627 4338 plurimis
1669 4267 1792 4324 aliis
1848 4268 2106 4330 victoriis:

493 4375 631 4432 quas
657 4359 727 4415 de
768 4357 944 4432 Syris,
971 4356 1299 4427 Phwniciis,
1327 4358 1583 4429 Egypto,
1621 4364 1750 4426 etc.,
1782 4368 2103 4430 reportave-

497 4456 599 4519 rat,
628 4464 754 4504 eum
801 4446 973 4505 multo
1014 4447 1124 4516 jam
1166 4444 1379 4515 elatior,
1413 4445 1606 4518 suique
1652 4446 1879 4503 nimium
1926 4448 2103 4521 impo-

499 4547 618 4594 tens
662 4536 840 4593 factus
864 4541 1030 4602 esset,
1069 4534 1287 4591 demum
1337 4534 1407 4590 ad
1450 4534 1822 4606 castigandam
1870 4537 1991 4607 ejus
2021 4554 2104 4594 su-

498 4624 761 4697 perbiam,
796 4614 941 4679 nulla
966 4625 1076 4694 jam
1107 4622 1215 4680 alia
1245 4622 1453 4681 ratione
1488 4624 1927 4697 expugnabilem,
1961 4629 2107 4682 Deus

500 4715 605 4786 ipsi
632 4731 730 4787 per
756 4712 1027 4771 somnium
1072 4712 1280 4770 arboris
1322 4712 1738 4786 procerissimae,
1778 4721 1832 4769 et
1860 4714 2107 4785 pulcher-

500 4804 670 4875 rimae,
700 4802 799 4861 sed
845 4818 943 4874 per
985 4818 1205 4858 manum
1231 4800 1409 4874 angeli
1448 4800 1697 4871 succisae,
1733 4803 1883 4858 omni
1912 4812 2106 4860 ornatu

502 4909 606 4952 suo
631 4893 898 4963 spoliatae,
928 4891 1128 4948 radicis
1164 4892 1283 4962 ejus
1321 4890 1534 4948 vinculo
1563 4890 1741 4949 ferreo
1770 4900 1826 4948 et
1853 4909 1997 4951 aereo
2025 4893 2106 4949 al-

501 4982 703 5055 ligatas,
727 4989 854 5048 etc.,
900 4980 1110 5035 futuras
1150 4980 1417 5051 superbiae
1462 4997 1577 5037 suae
1622 4998 1810 5053 poenas
1855 4984 2106 5051 ostendit,

504 5070 776 5127 somnium
806 5070 910 5125 hoc
952 5076 1258 5139 exponente
1298 5070 1543 5137 Dauiele,
1575 5086 1863 5144 regemque
1891 5074 1958 5129 ad
1988 5090 2106 5144 pae-

504 5157 784 5217 nitentiam
814 5155 1102 5214 efﬁcaciter
1140 5158 1456 5217 adhortante
1497 5176 1511 5217 :
1547 5162 1788 5219 Peccatu
1827 5167 1928 5220 tua
1968 5166 2113 5222 elee-

508 5249 756 5322 mosynis
799 5246 1031 5315 redime,
1053 5252 1109 5305 et
1155 5249 1487 5323 iniquitates
1535 5253 1665 5308 tuas
1709 5254 2111 5310 misericordias

503 5353 821 5411 pauperum
850 5356 869 5395 :
896 5338 1148 5409 forsitan
1184 5339 1429 5410 ignoscet
1456 5336 1683 5395 delictis
1714 5342 1849 5399 tuis.
1881 5342 1951 5395 At
1979 5353 2113 5394 vero

507 5442 633 5483 cum
661 5426 880 5485 monitis
916 5434 1025 5485 tam
1061 5426 1387 5485 salutaribus
1424 5442 1517 5485 rex
1552 5427 1924 5499 obtemperare
1953 5427 2115 5483 nimis

510 5516 854 5586 pertinaciter
881 5514 1450 5589 recusasset,tandem,
1481 5516 1689 5573 indulto
1719 5517 1881 5572 etiam
1910 5515 2115 5573 duode-

512 5603 620 5661 cim
647 5605 916 5663 mensium
960 5606 1152 5677 spatio,
1184 5604 1241 5664 in
1283 5604 1406 5662 aula
1422 5604 1711 5678 Babylonis
1747 5604 2114 5677 deambulans,

2205 3197 2343 3255 tiose
2400 3198 2791 3271 disceptantur,
2842 3197 3143 3253 accuratius
3187 3201 3373 3271 utique
3429 3200 3821 3269 discutienda,

2205 3290 2251 3347 si
2280 3288 2450 3345 multo
2477 3288 2735 3343 arctiores
2763 3285 2994 3342 instituti
3024 3286 3192 3343 nostri
3212 3286 3408 3344 limites
3434 3289 3617 3346 denuo
3658 3296 3822 3361 (nam

2205 3378 2261 3436 id
2295 3380 2410 3451 jam
2438 3375 2564 3432 alibi
2611 3373 2743 3432 satis
2790 3374 3014 3447 factum)
3064 3376 3363 3448 transgredi
3401 3376 3605 3434 liceret.
3652 3380 3826 3450 Quo-

2205 3468 2347 3525 niam
2411 3479 2539 3525 vero
2592 3463 2956 3520 Tertullianus
3028 3471 3213 3520 noster
3273 3465 3641 3523 tristissimum
3715 3471 3824 3528 hoc

2208 3556 2514 3628 exemplum
2569 3569 2682 3625 prae
2736 3551 2947 3609 caeteris
3002 3552 3327 3625 proposuit,
3383 3556 3536 3625 cujus
3604 3565 3821 3615 terrore

2209 3655 2535 3719 peccatores,
2567 3643 2636 3698 de
2666 3658 2725 3698 se
2767 3642 2988 3697 nimium
3019 3643 3253 3714 superbe
3293 3655 3713 3715 praesumentes,
3744 3649 3822 3702 ad

2211 3736 2402 3793 seriam
2433 3731 2805 3805 pcenitentiam
2841 3730 3215 3802 compelleret,
3263 3747 3370 3788 non
3418 3732 3642 3789 omnino
3678 3736 3815 3791 abs-

2214 3827 2383 3882 tinere
2414 3836 2719 3895 possumus,
2751 3820 2881 3890 quin
2929 3819 3102 3876 eidem
3151 3821 3308 3893 paulo
3356 3820 3558 3895 aliquid
3600 3823 3818 3882 immo-

2216 3928 2414 3970 remur.
2448 3909 2614 3983 Igitur
2649 3916 2906 3981 tanquam
2943 3909 3164 3965 omnino
3194 3918 3400 3967 certum

2286 4002 2606 4075 Suppono!
2660 4007 2846 4055 contra
2889 3997 3205 4070 Origenem,
3250 4000 3500 4056 sensibus
3547 4000 3818 4076 allegori-

2216 4091 2292 4149 cis
2324 4090 2454 4147 alias
2480 4087 2640 4145 nimis
2652 4088 2804 4158 justo
2834 4085 3094 4152 deditum,
3130 4102 3194 4142 ac
3213 4102 3248 4143 a
3274 4086 3330 4144 S.
3368 4088 3589 4144 Hieron.
3620 4090 3685 4145 in
3718 4108 3824 4150 suo

2217 4182 2290 4239 ad
2318 4180 2538 4239 Daniel.
2574 4178 2884 4235 Comment.
2915 4176 3230 4248 caeterisque
3266 4177 3520 4251 deinceps
3552 4178 3826 4253 interpre-

2215 4271 2362 4328 tibus
2389 4267 2524 4323 male
2568 4275 2825 4333 notatum,
2877 4281 2985 4321 non
3032 4282 3233 4321 meram
3280 4267 3423 4323 hanc
3450 4269 3824 4340 allegoriam,

2148 4359 2318 4478 Dsed
2347 4373 2525 4413 veram
2562 4354 2784 4412 omnino
2835 4355 3133 4411 historiam
3175 4370 3333 4425 esse;
3365 4370 3679 4427 quanquam
3713 4371 3827 4411 non

2217 4450 2462 4478 :..mn.mm
2536 4461 2658 4478 num
2688 4445 2769 4478 ῐοα
2825 4459 2853 4478 η
2906 4458 3009 4478 τιιγ
3051 4460 3077 4478 η
3110 4461 3144 4478 υ
3220 4449 3248 4478 Ω
3288 4445 3355 4478 An
3386 4444 3805 4478 Nuknnhnrlnnn

2216 4450 2486 4522 ignorem,
2535 4461 2658 4517 quae
2686 4445 2794 4500 Isa.
2824 4459 2875 4500 c.
2906 4458 3009 4499 xtv
3051 4460 3082 4499 a
3110 4461 3166 4501 γ.
3217 4449 3249 4499 8
3287 4445 3355 4499 de
3384 4444 3832 4503 Nabuchodono-

2214 4552 2338 4595 sore
2383 4537 2466 4607 (ut
2504 4536 2728 4608 quidam
2775 4534 2979 4605 volunt)
3026 4533 3301 4603 dicuntur,
3362 4535 3613 4606 pleraque
3652 4536 3826 4591 etiam

2214 4627 2270 4683 in
2299 4625 2586 4699 allegorice
2625 4639 2811 4692 sensu,
2855 4638 2921 4677 ex
2962 4634 3143 4679 mente
3189 4622 3290 4679 SS.
3322 4624 3557 4690 Patrum,
3599 4624 3824 4693 ipsius-

2212 4730 2319 4789 que
2350 4714 2607 4771 Ecclesiae
2636 4712 2704 4767 de
2724 4712 3006 4779 LUCIFERI,
3039 4712 3131 4767 sed
3164 4726 3287 4766 mox
3316 4710 3555 4777 extincti,
3581 4719 3634 4766 et
3668 4728 3827 4768 nunc

2216 4802 2578 4858 tenebrarum
2606 4797 2770 4868 regis,
2794 4795 3099 4852 miserrimo
3129 4812 3159 4851 a
3184 4795 3338 4852 ccelis
3371 4796 3698 4854 exterminio
3737 4800 3829 4852 in-

2215 4887 2501 4961 telligenda
2532 4901 2675 4941 esse.
2710 4885 2915 4940 Rursus
2932 4892 3112 4940 autem

2286 4980 2547 5052 Suppono
2575 4980 2631 5031 2°
2659 4974 2789 5031 nihil
2818 4974 2875 5029 in
2902 4975 3005 5031 hac
3045 4991 3104 5031 re
3153 4979 3267 5030 tuto
3297 4974 3463 5031 asseri
3494 4989 3683 5045 posse,
3717 4979 3827 5034 nisi

2218 5070 2360 5141 quod
2408 5068 2527 5139 ipse
2565 5073 2721 5121 tenor
2769 5063 3062 5120 historicus
3108 5064 3248 5135 apud
3298 5064 3578 5119 Danielem
3621 5069 3827 5139 exigit,

2217 5157 2308 5231 qui
2336 5173 2451 5213 rem
2491 5157 2630 5211 hanc
2658 5154 2948 5209 secundum
2979 5152 3411 5208 circumstantias
3439 5151 3597 5207 etiam
3626 5155 3826 5231 mina-

2218 5230 2320 5314 tas,
2358 5262 2423 5301 ex
2458 5244 2640 5301 afﬂatu
2690 5242 2871 5314 utique
2916 5240 3148 5311 Spiritus
3196 5239 3387 5306 sancti,
3420 5241 3486 5294 ad
3534 5230 3826 5313 hospi-sp-

2219 5335 2453 5407 scripsit,
2486 5332 2816 5405 proindeque
2870 5331 3014 5387 Deus
3069 5330 3187 5402 ipse
3218 5331 3370 5400 plura
3396 5345 3428 5384 a
3481 5330 3638 5385 nobis
3669 5340 3831 5390 certo

2221 5424 2371 5483 nasci
2405 5439 2511 5481 non
2539 5422 2730 5480 voluit.

2290 5517 2355 5570 3°.
2374 5520 2553 5571 autem
2590 5512 2675 5568 aio
2709 5529 2724 5570 :
2756 5526 2939 5583 regem
2977 5509 3125 5565 illum
3172 5508 3522 5581 Babylonium
3561 5524 3677 5565 non
3736 5527 3830 5568 re-

2223 5619 2353 5661 vera
2371 5601 2427 5657 in
2446 5602 2655 5669 bovem,
2676 5600 2903 5660 aliamve
2922 5598 3164 5669 bestiam,
3188 5604 3575 5658 commutatum
3620 5597 3823 5670 fuisse;
