4050 6168
289 231 429 292 1345

283 372 461 430 neque
497 357 636 414 enim
679 359 794 431 ipsa
833 362 1077 419 hominis
1113 362 1293 419 anima
1328 363 1565 421 converti
1602 362 1777 437 potuit
1820 361 1874 418 in

284 445 514 502 animam
544 447 691 505 bovis
720 464 740 500 :
766 450 913 521 quod
944 452 1126 522 utique
1165 450 1351 508 fuisset
1392 452 1654 508 essentias
1692 468 1873 507 rerum

282 545 524 607 mutare;
555 553 732 609 neque
757 538 809 593 in
836 554 1034 612 corpus
1058 542 1194 610 ejus,
1228 540 1452 611 eXpulsa
1482 541 1659 596 anima
1690 540 1875 598 homi-

283 628 394 689 nis,
428 624 571 682 velut
632 642 729 696 per
766 628 1051 698 quamdam
1109 628 1501 703 μετεμψύχωσιν,
1561 630 1879 688 subintravit

283 714 459 768 anima
498 714 680 786 bovis;
724 714 950 773 I246
987 734 1091 774 non
1144 719 1285 774 enim
1326 720 1382 776 id
1418 718 1730 775 naturaliter
1764 718 1878 775 fieri

285 805 568 876 potuisset,
608 815 660 862 et
701 807 768 862 ad
806 807 1127 864 miraculum
1165 810 1477 885 confugere,
1519 812 1655 866 sacri
1704 812 1880 866 textus

287 904 439 950 tenor
466 894 769 951 nullatenus
797 896 1090 970 compellit,
1125 899 1440 973 significans
1472 909 1699 965 tantum,
1733 899 1879 971 quod

284 982 586 1038 comederit
613 984 831 1055 frenum
861 1001 931 1041 UT
951 1002 1069 1055 nos,
1095 1002 1200 1042 non
1224 987 1369 1057 quod
1390 987 1443 1042 in
1468 1004 1664 1045 verum
1693 988 1879 1044 bovem

285 1072 575 1127 transierit.
607 1075 689 1127 An
727 1075 873 1130 enim
910 1076 1085 1131 bobus
1117 1078 1318 1149 capilli
1349 1079 1410 1132 in
1439 1078 1881 1133 similitudinem

285 1163 633 1233 aquilarum,
664 1170 755 1217 aut
782 1180 1001 1236 ungues
1032 1166 1195 1237 quasi
1221 1168 1413 1222 avium
1454 1168 1624 1223 sunt?
1653 1166 1881 1223 Accedit

283 1250 502 1320 deinde,
534 1250 697 1324 quod,
720 1251 767 1306 si
797 1268 983 1307 veram
1010 1254 1157 1310 bovis
1187 1254 1417 1310 animam
1448 1254 1737 1327 induisset,
1761 1255 1881 1311 uul-

284 1339 388 1393 lam
430 1355 561 1395 sane
607 1356 823 1412 poenam
872 1342 999 1397 inde
1044 1343 1545 1400 Nabuchodonosor
1592 1344 1878 1414 sensisset,

283 1445 457 1499 neque
486 1444 554 1484 ex
583 1445 651 1485 ea
680 1430 747 1484 ad
777 1431 891 1487 veri
917 1431 1015 1487 Dei
1042 1431 1406 1504 cognitionem
1435 1432 1629 1490 adduci
1667 1433 1875 1504 potuis-

284 1529 389 1592 set,
416 1518 533 1576 solo
571 1519 825 1576 nimirum
865 1537 1111 1594 corpore,
1141 1522 1288 1579 nulla
1328 1523 1383 1580 vi
1420 1523 1757 1597 intelligendi
1785 1539 1877 1579 re-

284 1608 426 1680 licta,
458 1620 756 1681 superstes.
798 1609 909 1666 Aut
952 1612 1087 1667 forte
1140 1611 1371 1667 animam
1418 1612 1561 1668 bruti
1591 1614 1660 1668 ab
1701 1613 1879 1668 anima

1144 235 1479 299 APPENDIX
1500 237 1563 297 V.
1604 268 1674 281 —
1715 236 1778 296 D.
1813 232 2191 300 CORBINIANI
2229 232 2475 294 THOM/E
2518 233 2757 296 ADNOT.

3442 234 3579 295 1346

1904 368 1955 451 Α
1982 362 2158 435 verat)
2190 362 2587 436 paenitentiam
2608 360 2945 451 immolasse,
2969 365 3024 451 et
3052 361 3376 451 septennali
3417 378 3579 434 squa-

1985 453 2100 511 lore
2132 451 2543 524 exomologesin
2586 454 2882 522 apemtum
2921 449 3086 506 fuisse
3122 450 3211 507 ait.
3252 448 3357 506 Alii
3399 458 3579 505 autem

1983 543 2126 597 haud
2161 542 2315 612 pauci
2341 541 2527 596 saltem
2559 539 2843 596 intervalla
2872 540 3098 595 rationis
3129 540 3245 613 regi
3275 555 3384 595 non
3424 538 3581 593 infre-

1980 639 2206 704 quenter
2242 629 2484 685 illuxisse
2520 630 2771 694 credunt,
2802 636 2857 684 ut
2896 628 3222 685 conditionis
3252 645 3364 684 suae
3404 627 3578 684 mise-

1983 722 2119 776 riam
2150 718 2379 775 subinde
2410 726 2755 791 agnosceret.
2781 719 2966 790 Neque
2997 718 3162 786 enim,
3191 717 3360 784 aiunt,
3385 724 3583 772 statum

1984 808 2139 864 illum
2186 810 2464 881 poenalem
2518 808 2762 863 futurum
2822 806 3011 875 fuisse,
3063 807 3109 861 si
3165 806 3241 862 nil
3291 806 3588 879 quidquam

1986 897 2245 955 molestiae
2296 897 2422 953 inde
2470 896 2749 961 sensisset,
2787 912 2962 968 neque
3006 913 3130 951 eam
3179 912 3301 952 cum
3342 895 3587 967 pristinae

1982 987 2264 1060 dignitatis
2308 1003 2420 1042 suae
2467 985 2722 1042 felicitate
2768 1001 3087 1057 comparare
3135 984 3432 1055 potuisset,
3486 985 3582 1040 sed

1984 1079 2163 1148 potius
2203 1076 2257 1131 in
2290 1077 2581 1147 depravato
2622 1077 2724 1131 hoc
2763 1074 3009 1131 alienatm
3051 1073 3248 1129 mentis
3292 1080 3434 1129 statu
3487 1090 3584 1145 per

1985 1182 2209 1239 campos
2236 1172 2290 1222 et
2320 1166 2483 1224 silvas
2518 1165 2657 1219 inter
2696 1164 2809 1219 fera
2842 1164 3099 1220 animalia
3127 1163 3291 1219 etiam
3326 1179 3450 1221 cum
3477 1178 3582 1219 vo-

1985 1256 2190 1327 luptate
2220 1256 2678 1311 circumerrasset.

2056 1345 2280 1413 Verum,
2311 1344 2356 1400 si
2403 1353 2641 1399 mentem
2683 1356 2865 1398 meam
2914 1342 3149 1416 ingenue
3187 1340 3398 1414 profari
3437 1340 3579 1407 licet,

1986 1433 2043 1488 in
2073 1450 2192 1489 eam
2240 1433 2560 1507 prependeo
2606 1431 2932 1488 sententiam
2980 1448 2996 1487 :
3044 1446 3230 1504 regem
3272 1447 3370 1501 per
3409 1438 3583 1487 totum

1988 1522 2120 1580 illud
2146 1525 2179 1577 '7
2210 1538 2479 1578 annorum
2516 1529 2730 1593 tempus
2767 1538 2871 1577 usu
2910 1520 3131 1577 rationis
3162 1520 3321 1593 plane
3350 1518 3586 1577 destitu-

1987 1620 2102 1666 tum
2150 1610 2345 1677 fuisse;
2379 1627 2552 1679 neque
2598 1609 2741 1665 enim
2806 1609 2949 1664 aliud
3023 1625 3121 1665 nos
3195 1609 3393 1665 sentire
3437 1624 3586 1665 sacer

285 1698 423 1770 regis
451 1698 505 1752 in
534 1699 864 1755 consortium
900 1700 1150 1771 ejusdem
1187 1702 1430 1773 corporis
1471 1704 1634 1773 (novo
1674 1701 1880 1759 scilicet
1922 1686 2167 1771 Btextus
2211 1699 2483 1771 compellit
2530 1718 2543 1757 :
2593 1701 2794 1771 Igitur,
2839 1699 2934 1768 ait,
2972 1714 3108 1755 posr
3152 1713 3328 1756 FINEI
3374 1714 3584 1756 DIEBUM

284 1787 566 1859 miraculo)
614 1788 898 1844 admissam
940 1789 1107 1845 fuisse
1144 1790 1271 1862 quis
1305 1790 1551 1847 dixerit?
1579 1791 1687 1848 Aut
1722 1792 1877 1847 deni-

283 1892 387 1946 que
416 1876 647 1931 auimam
676 1877 931 1943 hominis,
964 1877 1172 1933 interea
1212 1877 1317 1933 alio
1347 1877 1652 1950 fugitivam,
1684 1886 1737 1936 et
1774 1879 1881 1935 ali-

285 1964 407 2018 cubi
454 1969 604 2018 extra
659 1978 818 2020 omne
872 1980 1072 2036 corpus
1119 1965 1377 2033 exsulem,
1428 1974 1520 2022 aut
1567 1967 1779 2039 penitus
1823 1967 1881 2023 in

286 2051 518 2107 nihilum
566 2052 855 2118 redactam,
884 2053 1075 2109 deinde
1115 2070 1241 2111 vero
1286 2062 1382 2111 aut
1419 2055 1751 2126 postliminio
1789 2073 1881 2112 re-

287 2154 522 2205 versam,
552 2146 642 2194 aut
671 2141 1071 2211 reproductam,
1095 2158 1190 2198 seu
1219 2143 1287 2197 de
1316 2158 1457 2203 novo
1484 2154 1740 2212 creatam,
1774 2146 1884 2216 pri-

287 2230 488 2284 stinum
525 2244 725 2302 corpus
762 2231 1016 2299 subiisse,
1046 2247 1113 2288 ac
1152 2248 1342 2306 regem
1388 2234 1705 2307 sibimetipsi
1755 2235 1880 2291 red-

286 2316 488 2372 didisse
513 2317 750 2373 dicemus
770 2320 799 2372 ‘?
828 2318 964 2387 Quis
990 2319 1258 2390 ejusmodi
1296 2331 1537 2380 monstra
1562 2323 1881 2395 opinionum

284 2405 624 2462 comminisci
651 2406 838 2461 ausit?
867 2407 1039 2479 Igitur
1070 2408 1300 2480 denique

358 2496 418 2547 4ο
444 2492 528 2548 aio
562 2510 576 2548 :
608 2492 1038 2549 immutationem
1079 2496 1220 2568 regis
1258 2512 1365 2552 non
1395 2496 1449 2551 in
1481 2497 1598 2552 sola
1637 2497 1881 2569 ejusdem

287 2581 590 2654 phantasia,
609 2596 713 2654 qua
741 2598 802 2639 se
828 2582 1018 2640 bovem
1044 2599 1163 2640 esse
1192 2584 1441 2656 credens,
1462 2586 1680 2657 faenum
1709 2605 1883 2647 come-

289 2671 455 2737 derit,
472 2671 569 2727 sed
586 2670 640 2725 in
659 2670 917 2727 exteriori
936 2671 1090 2743 plane
1116 2674 1361 2745 corporis
1389 2675 1577 2732 habitu
1607 2685 1661 2733 et
1681 2676 1877 2749 ﬁgura,

290 2760 523 2832 capillos
550 2761 715 2833 quasi
739 2760 1089 2833 aquilarum,
1114 2770 1167 2816 et
1184 2778 1397 2835 ungues
1416 2766 1630 2835 avium,
1653 2773 1780 2837 etc.,
1802 2766 1883 2823 in-

290 2848 510 2915 duente,
567 2847 765 2906 factam
822 2849 1011 2921 fuisse,
1065 2851 1223 2921 cujus
1276 2852 1357 2908 rei
1413 2854 1745 2925 hypothesin
1801 2854 1882 2911 sic

295 2938 497 2993 adorna
530 2954 544 2992 :
577 2941 636 2993 1ο
671 2937 1174 2996 Nabuchodonosor
1209 2956 1283 2997 ea:
1322 2939 1660 3013 hominibus,
1691 2941 1747 2998 id
1778 2950 1880 3011 est,

1990 1806 2082 1861 ego
2120 1788 2617 1847 Nabuchodonosor
2650 1788 2835 1845 oculos
2875 1804 3023 1844 meos
3062 1787 3135 1843 ad
3170 1789 3376 1845 caelum
3408 1788 3587 1846 levavi

1990 1881 2237 1948 (levasset
2267 1887 2446 1934 autem
2485 1876 2708 1950 saepius,
2738 1876 2783 1931 si
2813 1892 2913 1947 per
2951 1877 3203 1948 quaedam
3241 1876 3465 1933 rationis
3494 1877 3582 1933 in—

1991 1968 2211 2025 tervalla
2240 1974 2409 2024 status
2450 1968 2537 2022 sui
2563 1964 2930 2021 infelicitatem
2966 1964 3318 2038 agnovisset),
3353 1970 3410 2021 et
3445 1980 3583 2022 SEN-

1989 2072 2088 2113 sus
2109 2070 2257 2112 unus
2284 2055 2417 2127 (quo
2447 2056 2611 2111 verbo
2636 2054 2818 2126 utique
2838 2070 2974 2111 usus
2996 2056 3256 2124 rationis,
3280 2070 3374 2110 seu
3395 2071 3589 2111 sensus

1990 2162 2056 2203 ac
2083 2146 2361 2217 perceptio
2387 2144 2597 2211 mentis,
2622 2145 2931 2214 denotatur)
2964 2143 3219 2200 redditus
3239 2148 3325 2199 est
3348 2144 3511 2212 mihi,
3533 2150 3587 2200 et

1990 2236 2280 2290 Altissimo
2310 2233 2597 2299 benedixi,
2615 2241 2721 2289 etc.
2743 2231 2900 2301 Quod
2934 2231 3113 2303 ipsum
3140 2248 3240 2303 per
3269 2232 3588 2302 patheticam

1989 2323 2134 2377 illam
2166 2321 2487 2388 orationem,
2519 2337 2627 2392 qua
2666 2322 2769 2376 Dm
2802 2321 3020 2387 laudes,
3050 2320 3312 2393 gloriam,
3344 2327 3590 2395 potesta-

1988 2415 2102 2468 tem
2131 2417 2186 2467 et
2215 2425 2453 2482 regnum
2481 2410 2781 2476 celebrans,
2813 2409 2992 2481 pergit
3023 2427 3035 2464 :
3068 2412 3133 2467 IN
3162 2427 3289 2466 nmo
3326 2426 3589 2469 TEIPORE

1983 2516 2180 2557 sensus
2205 2514 2365 2556 meus
2396 2513 2651 2556 reversus
2679 2502 2763 2556 est
2790 2498 2862 2554 ad
2888 2513 2999 2565 me,
3032 2502 3091 2554 et
3119 2500 3305 2571 ﬁgura
3333 2516 3463 2558 mea
3493 2517 3590 2557 re-

1988 2606 2146 2647 versa
2191 2593 2275 2646 est
2320 2589 2393 2645 ad
2429 2605 2541 2659 me,
2572 2597 2679 2644 etc.
2710 2587 2885 2662 Igitur
2930 2594 3057 2671 tunc
3104 2586 3327 2645 I247
3373 2591 3593 2647 demum

1989 2677 2246 2751 cegnovit
2287 2678 2480 2748 Deum,
2529 2693 2656 2733 cum
2701 2683 2754 2732 et
2801 2670 3184 2742 intellectum,
3218 2684 3270 2733 et
3314 2679 3591 2749 pristinam
3660 2670 3669 2675 ﬁ

1991 2766 2225 2823 hominis
2250 2766 2495 2838 ﬁguram
2524 2765 2879 2836 recuperavit.

2062 2856 2212 2911 Hanc
2236 2870 2366 2912 vero
2396 2871 2512 2911 rem
2541 2854 2773 2911 ulterius
2811 2853 2889 2909 sic
2916 2852 3185 2925 explicare
3213 2854 3369 2924 juvat
3401 2871 3416 2911 :
3448 2856 3588 2928 Sep-

1994 2944 2175 3000 tennio
2194 2944 2290 3000 illo
2319 2944 2506 3014 elapso
2534 2958 2625 2999 rex
2656 2942 2823 3002 veluti
2846 2959 2913 3000 ex
2940 2944 3052 2998 alto
3072 2958 3275 3015 sopore
3300 2944 3590 3020 evigilans,

295 3026 608 3082 earumdem
636 3027 932 3095 consortio,
955 3028 1227 3101 abjectus,
1251 3045 1361 3086 non
1390 3003 1679 3103 propterea
1706 3003 1884 3088 tumea
1924 3003 1975 3089 0
1994 3033 2254 3091 discussis
2276 3003 2473 3107 (neque
2511 3040 2698 3090 autem
2734 3032 2856 3089 sine
2892 3003 3158 3090 miraculd
3186 3031 3242 3087 id
3272 3003 3595 3091 tam-subito

294 3116 455 3175 homo
482 3134 602 3175 esse
630 3117 809 3185 desiit,
832 3119 931 3174 sed
951 3120 1228 3191 repentina
1248 3121 1499 3192 phrenesi
1526 3128 1688 3194 atque
1703 3139 1887 3181 amen-

291 3206 370 3261 tia
397 3215 697 3279 correptus,
728 3207 995 3265 humana:
1031 3210 1275 3267 rationis
1311 3227 1483 3268 usum
1522 3211 1721 3280 amisit,
1752 3228 1886 3269 suo-

295 3311 413 3350 rum
444 3297 781 3367 praesentiam
812 3306 865 3354 et
891 3314 1107 3355 omnem
1148 3299 1451 3355 custodiam
1478 3299 1767 3372 effugiens,
1796 3310 1889 3363 aut

296 3401 671 3456 perrumpens,
702 3402 765 3443 ac
794 3386 850 3442 in
889 3403 1113 3460 campos
1150 3397 1204 3445 et
1242 3391 1419 3464 sylvas
1458 3407 1516 3447 se
1559 3390 1887 3463 proripiens,

298 3475 539 3531 vestibus
575 3475 691 3532 suis
719 3477 881 3549 paulo
920 3488 1042 3550 post
1074 3479 1383 3548 maceratis,
1415 3487 1531 3547 aut,
1562 3490 1621 3538 ut
1650 3490 1891 3538 amentes

298 3563 496 3635 solent,
534 3566 801 3635 rescissis,
843 3568 1180 3637 palabundus
1218 3569 1641 3638 circumerravit,
1681 3585 1747 3626 ac
1784 3572 1891 3627 bu-

297 3653 474 3710 manis
519 3654 636 3726 jam
678 3654 813 3711 cibis
860 3654 1253 3724 deﬁcientibus,
1295 3657 1449 3715 bovis
1507 3658 1892 3733 imaginatione

296 3751 440 3799 totus
472 3744 588 3813 jam
627 3744 759 3799 alias
801 3754 1102 3819 correptus,
1131 3747 1195 3801 ad
1233 3747 1396 3818 hujus
1444 3763 1660 3821 quoque
1698 3749 1894 3820 pabula

296 3849 357 3889 se
384 3832 671 3905 convertit,
697 3842 750 3890 et
786 3836 1008 3906 faenum
1037 3837 1274 3893 comedit
1306 3853 1375 3894 ur
1403 3853 1527 3894 nos.
1556 3843 1614 3893 2°
1643 3839 1727 3894 Ex
1756 3838 1892 3894 assi-

298 3922 407 3977 duo
447 3924 569 3994 hoc,
604 3929 657 3978 et
707 3922 915 3979 homini
954 3932 1063 3979 tam
1109 3923 1317 3981 exotico
1359 3925 1637 3992 alimento,
1668 3927 1893 4001 sangui-

300 4010 405 4077 nis,
446 4018 877 4085 caeterorumque
913 4014 1220 4083 humorum,
1259 4029 1322 4070 ac
1362 4014 1647 4085 spirituum
1685 4016 1891 4072 anima-

300 4099 455 4171 lium,
499 4100 759 4173 istiusque
802 4102 1212 4174 temperamenti
1258 4103 1650 4174 penitissimam
1695 4105 1894 4161 immu-

300 4188 560 4245 tationem
598 4190 743 4259 ﬁeri,
775 4192 1095 4264 tandemque
1132 4192 1295 4247 etiam
1333 4191 1496 4248 totius
1521 4193 1768 4265 corporis
1795 4209 1894 4250 ex-

304 4280 560 4337 teriorem
591 4280 831 4336 habitum
863 4281 1145 4353 depravari
1173 4297 1460 4338 necessum
1489 4281 1608 4353 fuit,
1637 4285 1692 4338 et
1716 4298 1783 4339 ex
1810 4282 1895 4337 fe-

1993 3124 2109 3180 ﬁeri
2148 3122 2383 3196 poterat)
2421 3124 2547 3179 atris
2584 3120 2688 3177 illis
2727 3121 3024 3194 spiritibus,
3055 3122 3318 3180 hactenus
3350 3125 3593 3181 animum

1993 3213 2236 3285 undique
2280 3212 2672 3281 obsidentibus,
2721 3220 3134 3284 recurrenteque
3199 3212 3456 3270 immanis
3508 3232 3597 3270 su-

1993 3302 2194 3376 perbiae
2241 3317 2354 3357 suae
2393 3317 2681 3373 rerumque
2720 3316 2784 3357 ex
2824 3301 3016 3357 eadem
3053 3301 3462 3358 sceleratissime
3500 3319 3595 3359 ac-

1997 3399 2175 3447 tarum
2213 3390 2496 3457 memoria,
2528 3398 2743 3462 totaque
2778 3391 2889 3445 tam
2926 3389 3199 3447 diuturna:
3241 3390 3477 3447 miserias
3516 3392 3600 3448 in-

1998 3480 2268 3549 felicitate,
2297 3478 2663 3550 omnibusque
2699 3480 2945 3549 ejusdem
2987 3479 3410 3535 circumstantiis
3445 3482 3595 3538 viva-

1997 3569 2128 3626 citer
2207 3568 2496 3626 intellectui
2534 3567 2821 3647 hobjectis,
2888 3567 3125 3625 edomita
3207 3568 3429 3647 tandem
3501 3569 3595 3624 illa

1997 3658 2250 3731 superbia
2276 3674 2394 3726 sua,
2425 3658 2495 3713 ad
2530 3634 2777 3715 beivveri
2806 3634 3166 3728 agnitionem,
3197 3664 3253 3713 et
3276 3644 3390 3713 tum
3414 3673 3594 3715 τηετι-

1996 3761 2129 3818 rut,
2166 3754 2283 3803 tum
2333 3761 2698 3816 annuam-us,
2748 3743 3144 3819 professionem
3200 3745 3445 3819 adactus,
3490 3747 3593 3805 de-

1999 3836 2162 3909 nique
2191 3851 2487 3894 conversus
2515 3836 2635 3905 fuit,
2667 3843 2772 3893 etc.

2066 3928 2215 3987 Proh
2257 3928 2425 3985 malas
2472 3926 2869 3984 tractationis!
2912 3926 3271 3984 Hellenismus
3316 3935 3430 3995 est;
3466 3943 3590 3985 nam

2002 4017 2181 4075 Graeci
2243 4016 2414 4089 signis
2476 4016 2881 4074 exclamationis
2937 4015 3251 4089 frequenter
3304 4017 3605 4090 genitivum

2000 4106 2235 4177 jungere
2276 4107 2472 4161 solent.

2079 4195 2221 4250 Deus
2262 4191 2581 4265 recipiebat.
2608 4193 2695 4247 An
2740 4208 2838 4248 rex
2878 4193 2969 4249 hic
3014 4191 3191 4264 egerit
3236 4191 3611 4264 pcenitentiam

2008 4296 2192 4339 veram
2251 4280 2522 4351 salutique
2592 4288 2811 4335 aeternae
2868 4278 3184 4350 proﬁcuam,
3231 4296 3341 4352 qua
3397 4281 3607 4339 scilicet

308 4330 560 4337 -------*
591 4330 831 4336 “wn-
867 4330 1145 4353 "rm---
1173 4330 1460 4338 "wn"---
1489 4330 1608 4353 -_-,
1639 4330 1690 4338 --
1720 4330 1783 4339 -.-
1810 4330 1861 4337 --
2022 4330 2192 4339 .--πη-
2251 4330 2520 4351 η---Ὶη
2594 4330 2806 4335 ﬁ---“
2868 4330 3184 4350 τωηητ,
3235 4330 3341 4352 Ἰ--
3398 4330 3606 4339 --η----

301 4369 422 4425 rino
460 4386 524 4426 ac
551 4378 661 4426 tam
688 4371 940 4428 diuturno
970 4372 1243 4441 alimento,
1276 4372 1328 4426 in
1357 4370 1639 4427 horridum
1667 4370 1895 4443 aliquid,
1938 4330 1989 4413 υ
2009 4377 2228 4443 peccata
2268 4369 2391 4439 ejus
2425 4368 2595 4424 deleta
2635 4366 2854 4436 fuerint,
2886 4383 2955 4422 an
2991 4368 3117 4423 dein
3160 4368 3217 4423 in
3251 4383 3319 4424 ea
3347 4383 3609 4440 perseve-

302 4458 517 4515 scilicet
544 4462 780 4533 capillos
810 4464 870 4519 in
890 4460 1332 4520 similitudinem
1351 4461 1701 4535 aquilarum,
1723 4468 1775 4516 ct
1794 4477 1902 4517 un-

305 4565 436 4620 gues
466 4552 633 4622 quasi
660 4553 872 4623 avium,
902 4553 1133 4619 efferari,
1166 4560 1223 4607 ut
1253 4551 1325 4606 ita
1353 4550 1585 4623 denique
1614 4551 1903 4608 Nabucho-

302 4639 543 4695 donosor
572 4656 681 4697 non
721 4642 871 4698 solos
907 4639 1176 4712 homines,
1208 4641 1303 4695 sed
1339 4640 1452 4712 ipsa
1488 4655 1703 4713 quoque
1738 4642 1903 4698 boum

306 4730 523 4801 agmina
597 4731 753 4803 quasi
825 4732 1227 4803 ἀνθρωπόταυρος
1300 4737 1573 4787 exterrere
1618 4729 1901 4800 potuisset.

306 4816 375 4873 Et
420 4820 497 4875 sic
526 4818 779 4892 denique
816 4819 1065 4876 satisﬁeri
1114 4836 1275 4892 posse
1318 4820 1528 4879 videtur
1569 4818 1801 4886 Danieli,
1846 4825 1908 4875 ut

310 4913 483 4981 caput
511 4908 635 4979 ejus
672 4913 943 4982 quartum
983 4917 1231 4966 accurate
1268 4908 1627 4983 perpendenti
1670 4906 1906 4963 manife-

312 5004 454 5052 stum
487 4998 611 5056 erit.
1782 5064 1788 5069 ,

384 5087 458 5144 At
483 5102 612 5144 vero
638 5087 768 5159 quid
815 5087 1038 5144 durante
1078 5086 1443 5144 funestissima
1488 5086 1592 5144 hoc
1639 5101 1739 5143 suo
1778 5101 1910 5157 sep-

314 5177 496 5235 tennio
525 5195 615 5234 rex
635 5183 664 5237 ἱ)
692 5194 759 5234 an
789 5177 995 5233 interea
1037 5179 1260 5235 rationis
1289 5194 1390 5234 usu
1436 5185 1642 5233 retento
1691 5176 1911 5233 calami-

315 5267 440 5323 tatis
491 5283 603 5323 suae
656 5267 1078 5342 magnitudinem
1125 5266 1310 5334 sensit,
1358 5266 1529 5322 ferme
1555 5272 1615 5321 ut
1648 5264 1913 5337 Apuleius

316 5359 370 5412 in
402 5357 647 5416 fabuloso
695 5374 797 5416 suo
837 5359 1007 5415 Asino
1034 5356 1101 5412 de
1140 5355 1317 5426 seipse
1364 5357 1639 5411 testatur?
1674 5357 1752 5411 Ita
1784 5354 1912 5428 qui-

316 5448 441 5503 dem
473 5447 711 5504 sensisse
754 5447 1116 5505 Tertullianus
1154 5452 1338 5501 noster
1383 5444 1620 5515 videtur,
1651 5446 1779 5502 dum
1816 5460 1912 5501 mu

320 5538 618 5610 (quamdiu
646 5536 899 5594 nimirum
932 5534 1234 5593 infelix.ille
1263 5543 1432 5592 status
1461 5535 1604 5609 regis
1644 5536 1910 5608 perdura-

2009 4474 2134 4515 rans
2173 4457 2403 4530 denique
2443 4457 2665 4513 salutem
2709 4457 2881 4529 ipsam
2927 4456 3071 4514 inter
3114 4472 3243 4514 vere
3279 4458 3613 4529 pmnitentes

2010 4554 2332 4606 consecutus
2377 4545 2559 4616 fuerit,
2592 4562 2679 4602 res
2725 4546 2953 4602 multum
2998 4545 3254 4619 ambigua
3304 4554 3410 4605 est.
3439 4547 3611 4620 Equi-

2012 4637 2132 4694 dem
2180 4638 2239 4694 S.
2281 4636 2506 4694 Hieron.
2558 4635 2615 4692 in
2659 4635 2817 4708 epist.
2880 4637 2938 4703 7,
2971 4635 3045 4693 ad
3087 4637 3327 4705 Laetam,
3364 4651 3466 4693 nec
3502 4651 3614 4694 non

2010 4731 2065 4786 S.
2106 4729 2252 4800 Aug.
2282 4727 2337 4781 in
2366 4727 2526 4799 epist.
2563 4730 2665 4782 122
2703 4725 2873 4798 (nunc
2912 4726 3059 4798 Ml),
3093 4727 3167 4783 ad
3206 4728 3610 4794 Victorianum,

2012 4817 2245 4873 maxime
2288 4831 2417 4874 vero
2461 4823 2650 4872 auctor
2689 4812 3023 4885 libri'(olim
3070 4815 3127 4871 S.
3158 4814 3471 4886 Augustino
3513 4816 3612 4871 ad-

2012 4906 2222 4977 scripti)
2269 4906 2338 4962 de
2386 4905 2655 4963 Prcedest.
2699 4909 2756 4960 et
2792 4908 2969 4976 grat.,
3002 4919 3053 4960 c.
3103 4907 3192 4971 15,
3225 4903 3403 4961 eidem
3434 4903 3616 4961 favere

2012 4996 2266 5055 videntur
2312 5014 2325 5052 :
2371 4995 2491 5052 aliis
2543 5003 2725 5051 autem
2775 4993 3093 5065 poenitentia
3135 4993 3225 5050 illa
3265 4995 3615 5054 vehementer

2014 5095 2267 5160 suspecta
2310 5093 2410 5154 est,
2454 5087 2699 5142 eamdem
2746 5100 2812 5140 ex
2874 5085 3203 5142 inconstanti
3253 5084 3398 5158 regis
3452 5085 3616 5154 hujus

2016 5176 2179 5250 genio
2209 5174 2637 5232 dimetientibus.

2087 5265 2228 5322 Sane
2256 5264 2473 5339 quidem
2500 5280 2620 5320 cum
2651 5261 2851 5320 somnii
2879 5263 2966 5321 sui
3005 5264 3073 5320 de
3100 5277 3314 5321 eurus
3341 5261 3453 5331 illa,
3485 5270 3553 5319 ex
3584 5264 3617 5319 6

2019 5354 2249 5411 metallis
2289 5354 2536 5421 conﬂata,
2563 5354 3066 5427 interpretationem
3114 5369 3147 5409 a
3190 5350 3414 5408 Daniele
3456 5364 3616 5409 acce-

2018 5448 2209 5518 pisset,
2232 5454 2379 5504 totus
2396 5444 2727 5518 stupefactus
2746 5444 2804 5499 in
2837 5444 2936 5501 has
2962 5457 3127 5502 voces
3157 5442 3403 5513 prorupit
3432 5458 3448 5497 :
3490 5443 3619 5501 Vere

2021 5537 2168 5594 Deus
2198 5540 2381 5596 vester
2408 5549 2552 5594 unus
2578 5550 2805 5595 uacant
2832 5535 2937 5601 est,
2969 5535 3026 5590 et
3054 5543 3303 5590 ponimus
3327 5544 3538 5600 unum,
3560 5536 3617 5587 et
