4066 6174
443 162 466 219 1
477 158 583 219 347

435 283 692 341 revelans
719 274 1013 351 mysteria,
1035 277 1138 326 etc.
1169 268 1308 323 Dan.
1339 283 1420 334 in,
1444 268 1532 325 47.
1558 269 1765 327 Verum
1791 279 1954 339 quam
1982 261 2034 316 in

436 388 538 428 sua
562 370 665 426 Dei
695 367 806 425 veri
847 360 1125 437 agnitione
1150 374 1339 433 parum
1382 357 1591 413 stabilis
1615 357 1797 425 fuerit,
1832 360 2035 428 quanto

436 466 618 515 autem
650 456 908 526 deinceps
936 464 1154 524 quoque
1191 447 1332 504 {satu
1370 447 1706 512 intumuerit,
1737 442 2036 500 succedens

437 549 657 609 alterum
698 544 831 601 illud
872 539 1086 597 arboris
1123 536 1519 609 pulcherrimae,
1552 536 1647 592 sed
1687 551 1816 591 mox
1862 529 2037 588 succi-

439 636 649 703 dendae,
691 641 791 690 etc.
827 632 993 701 (Dan.
1028 629 1132 697 tv),
1176 626 1449 680 somnium
1493 632 1609 681 tum
1659 637 1784 681 vero
1833 621 2038 679 vibrata

439 728 494 783 in
543 741 719 799 regem
766 719 1024 778 terribilis
1061 717 1152 772 illa
1191 714 1455 770 sententia
1491 713 1559 768 de
1603 709 1850 783 seplenni
1899 710 2038 799 inter

438 797 640 869 bestias
666 811 854 866 exsilio
890 811 1246 864 demonstrat.
1275 803 1411 858 Cum
1442 802 1582 857 enim
1622 802 1894 873 integrum
1934 797 2037 852 ad-

442 905 543 959 huc
570 917 767 957 annum
798 895 1109 952 indulsisset
1136 892 1301 957 Deus,
1330 891 1577 963 peccatis
1608 906 1702 962 per
1731 889 2038 958 eleemosy-

440 1006 535 1046 nas
591 988 802 1058 aliaque
866 985 1011 1040 bona
1065 995 1230 1050 opera
1286 978 1651 1046 redimendis,
1712 977 1784 1031 nil
1841 977 2038 1030 horum

439 1076 735 1149 quidquam
775 1071 989 1141 fecisse,
1020 1069 1152 1142 quin
1199 1067 1377 1139 potius
1425 1081 1565 1123 nova
1596 1064 1809 1120 inﬂatus
1849 1079 2038 1134 super-

439 1166 527 1220 bia
560 1165 631 1219 de
679 1163 846 1217 rebus
885 1177 916 1215 a
954 1175 1011 1215 se
1055 1157 1227 1231 gestis
1272 1164 1525 1227 proterve
1568 1154 1832 1228 gloriatus
1869 1150 2040 1207 fuisse

439 1254 657 1326 legitur.
689 1252 831 1322 Quid
868 1264 998 1307 vero
1036 1247 1299 1318 insuper?
1333 1246 1465 1300 Cum
1506 1245 1778 1318 integrum
1818 1250 2039 1311 septen-

441 1342 593 1396 nium
623 1341 762 1396 inter
812 1338 954 1394 feras
998 1337 1053 1391 in
1101 1333 1407 1391 miserrimo
1436 1332 1529 1389 illo
1570 1331 1817 1402 corporis
1854 1328 2038 1384 habitu

439 1430 726 1504 exegisset,
759 1436 1046 1501 postquam
1081 1424 1365 1498 pristinam
1399 1438 1511 1477 non
1545 1428 1749 1477 tantum
1788 1420 2036 1490 formam,

438 1522 534 1576 sed
563 1527 618 1575 et
645 1534 881 1592 regnum
911 1517 1111 1588 ipsum,
1147 1522 1200 1570 et
1228 1513 1448 1586 quidem
1477 1511 1750 1583 ampliori
1776 1508 2041 1581 magniﬁ-

1511 141 1600 202 AD
1650 137 1943 202 GENUINA
1981 130 2423 197 TERTULLIANI
2458 136 2669 200 OPERA

3598 140 3741 201 1348

2145 266 2201 319 et
2242 260 2381 321 forte
2423 264 2586 322 etiam
2634 260 3165 321 Nabuchodonosore
3210 262 3380 319 multo
3424 262 3742 322 sceleratior

2145 365 2261 422 rex,
2289 360 2523 410 attamen
2549 358 2847 427 postquam
2873 353 3281 422 coangustatus
3310 355 3419 421 est,
3437 356 3618 410 oravit
3644 357 3747 411 Do-

2141 442 2366 497 minum
2393 459 2583 514 suum,
2606 446 2665 501 et
2685 445 2793 515 egit
2811 441 3216 514 paenitentiam
3234 439 3399 496 valde
3420 457 3612 498 coram
3632 446 3745 501 Deo

2139 534 2376 601 patrum
2395 549 2648 598 suorum,
2662 530 3101 604 deprecatusque
3111 532 3195 585 est
3206 546 3356 596 eum,
3370 533 3429 585 et
3438 530 3748 589 obsecravit

2144 620 2432 676 intente...
2465 626 2519 677 et
2544 621 2787 677 abstulit
2815 621 2939 676 deos
2968 621 3182 675 alienos
3205 624 3258 676 et
3273 621 3655 678 simulacrum
3674 622 3747 680 de

2145 707 2304 766 domo
2327 709 2621 768 Domini...
2644 712 2813 767 Porro
2836 710 3192 766 instauravit
3211 710 3393 767 altare
3414 712 3659 775 Domini,
3683 715 3747 768 et

2142 799 2457 855 immolavit
2486 816 2656 872 super
2680 799 2827 856 illud
2846 800 3124 865 victimas,
3149 803 3205 854 et
3252 798 3514 871 paciﬁca,
3538 805 3595 855 et
3618 800 3747 855 lau-

2145 887 2271 944 dem
2292 907 2310 944 :
2336 891 2712 963 praecepitque
2739 889 3000 945 Judwut
3022 888 3260 944 serviret
3277 889 3513 945 Domino
3534 891 3638 946 Deo
3660 892 3747 945 Is-

2146 977 2288 1035 rael.
2315 977 2469 1048 Quae,
2481 979 2729 1045 obsecro,
2749 977 2943 1034 similia
2960 978 3029 1033 de
3044 976 3583 1033 Nabuchodonosore
3599 994 3748 1034 com-

2146 1073 2443 1122 memorata
2465 1067 2703 1139 legimus
2717 1066 2745 1121 ?
2761 1067 3026 1139 Equidem
3049 1066 3095 1120 is
3123 1067 3293 1120 Deum
3317 1065 3597 1132 laudavit,
3622 1086 3748 1123 ma-

2145 1156 2460 1226 gniﬁcavit,
2494 1161 2605 1213 etc.
2628 1158 2657 1226 ;’
2685 1173 2814 1211 num
2851 1170 2977 1213 vero
3018 1157 3220 1221 oravit,
3263 1154 3596 1227 deprecatus
3632 1162 3741 1221 est,

2147 1244 2454 1301 obsecravit
2484 1247 2729 1313 intente,
2759 1253 2863 1301 etc.
2876 1245 2905 1300 ?

2216 1333 2287 1388 Et
2314 1333 2444 1406 quid
2476 1334 2731 1405 denique,
2765 1334 2811 1390 si
2840 1348 2925 1406 ea,
2958 1350 3080 1407 quae
3112 1333 3262 1389 lsaiae
3288 1348 3408 1403 cap.
3442 1336 3510 1389 14
3538 1334 3746 1388 haben-

2146 1428 2232 1476 tur
2265 1440 2278 1475 :
2304 1424 2568 1493 Infernus
2589 1423 2785 1480 subter
2802 1428 2857 1479 te
2873 1422 3243 1480 conturbatus
3265 1427 3352 1480 est
3370 1423 3433 1478 in
3451 1438 3750 1478 occursum

2149 1509 2421 1567 adventus
2448 1513 2604 1568 tui...
2626 1515 2891 1570 Detracta
2910 1516 2995 1568 est
3011 1511 3083 1568 ad
3104 1514 3317 1583 inferos
3336 1510 3597 1584 superbia
3619 1516 3745 1577 tua,

439 1612 630 1667 centia
659 1616 897 1676 auctum,
921 1605 1233 1675 recepisset,
1264 1603 1395 1674 quid
1427 1601 1681 1657 tandem?
1708 1600 1923 1654 demum
1953 1612 2042 1653 ex-
2069 1597 2119 1680 Β
2148 1607 2275 1667 etc.,
2319 1608 2448 1663 etc.,
2495 1608 2815 1670 praestantes
2864 1601 3111 1657 nonnulli
3159 1600 3502 1671 interpretes,
3530 1615 3594 1655 ac
3632 1601 3752 1670 ipse

440 1701 699 1756 clamasse
728 1697 922 1771 legitur
956 1714 969 1750 :
1003 1695 1165 1751 Nunc
1196 1693 1373 1765 igitur
1411 1707 1504 1762 ego
1534 1688 2034 1746 Nabuchodonosor

442 1789 631 1854 laudo,
667 1792 721 1843 et
749 1784 1069 1857 magniﬁco,
1103 1786 1155 1839 et
1189 1781 1439 1852 gloriﬁco
1480 1793 1664 1849 regem
1703 1777 1826 1834 caeli
1857 1797 1873 1831 :
1905 1776 2041 1848 quia

440 1879 633 1934 omnia
660 1890 829 1947 opera
860 1873 981 1944 ejus
1009 1886 1173 1939 vera,
1200 1873 1255 1925 et
1284 1869 1391 1925 via:
1418 1884 1538 1939 ejus
1556 1866 1803 1938 judicia,
1836 1869 1892 1923 et
1910 1881 2041 1937 gra-

442 1966 659 2022 dientes
680 1965 742 2019 in
769 1959 1031 2033 superbia
1053 1961 1245 2031 potest
1273 1956 1603 2012 humiliore.
1624 1955 1703 2009 De
1735 1950 2045 2025 paenitentia

441 2068 589 2119 vero,
611 2053 678 2107 de
708 2051 894 2107 dolore
923 2047 1110 2119 animi,
1132 2048 1198 2102 de
1217 2053 1476 2102 anteactae
1497 2044 1622 2100 vitae
1650 2043 2043 2109 detestatione,

441 2141 509 2196 de
538 2155 696 2195 norm
722 2137 957 2193 melioris
982 2136 1291 2209 proposito,
1323 2141 1452 2201 etc.,
1485 2131 1615 2189 nihil
1652 2131 1908 2203 legimus.
1942 2129 2044 2184 At-

441 2229 533 2302 qui
569 2230 685 2284 hth
721 2236 865 2296 sunt,
894 2227 949 2281 in
988 2226 1182 2297 quibus
1225 2239 1366 2283 verae
1403 2221 1735 2293 sinceraeque
1772 2223 2044 2291 paeniten-

445 2319 532 2375 tiae
559 2317 700 2374 ratio
726 2315 994 2373 consistit.

513 2406 617 2461 Sed
677 2412 731 2461 et
766 2403 856 2457 illa
910 2401 1008 2457 Dei
1062 2400 1287 2475 agnitio,
1323 2401 1412 2454 illa
1468 2398 1748 2453 humilitas
1799 2396 2042 2468 quantilli

445 2493 707 2567 temporis
756 2493 894 2547 fuit?
924 2490 1062 2547 Ecce
1109 2490 1279 2544 multo
1318 2490 1429 2559 jam
1476 2488 1758 2557 majorem,
1795 2501 2045 2558 prorsus-

444 2601 567 2656 que,
599 2582 703 2638 nisi
756 2580 1021 2652 prOpheta
1065 2578 1122 2632 id
1167 2585 1473 2646 testaretur,
1507 2575 1877 2646 incredibilem
1914 2574 2038 2629 ani-

444 2672 516 2726 mi
567 2670 635 2726 de
689 2685 832 2725 novo
881 2667 1291 2723 intumescentis
1354 2664 1653 2722 vesaniam!
1708 2663 1808 2718 Vix
1868 2679 2042 2718 annus

443 2762 663 2831 elapsus
699 2766 812 2814 erat
848 2757 931 2829 (ut
960 2755 1283 2826 interpretes
1325 2753 1665 2824 computant)
1694 2769 1822 2809 cum
1853 2752 2041 2809 Nabu-

442 2850 779 2907 chodonosor
797 2862 902 2903 rex
919 2848 1054 2918 fecit
1073 2848 1329 2901 statuam
1350 2860 1606 2906 auream,
1627 2842 1934 2899 altitudine
1953 2859 2047 2899 cu-

2149 1687 2307 1742 etiam
2347 1687 2404 1746 S.
2455 1689 2671 1745 Hieron.
2721 1690 2789 1745 de
2827 1689 3364 1745 Nabuchodonosore
3401 1687 3751 1761 intelligenda

2149 1792 2270 1832 esse
2310 1777 2523 1833 velint?
2563 1779 2784 1835 Praestat
2821 1779 2968 1850 regis
3008 1778 3189 1848 hujus,
3230 1794 3328 1833 seu
3377 1776 3751 1849 pcenitentiam

2148 1874 2201 1920 et
2244 1866 2492 1937 salutem,
2549 1884 2640 1923 seu
2689 1868 3111 1936 damnationem,
3164 1869 3299 1922 inter
3347 1884 3410 1923 ea
3453 1866 3754 1937 relinquere

2148 1969 2269 2025 quae
2294 1955 2465 2023 Deus,
2495 1963 2555 2010 ut
2583 1957 2748 2012 multa
2776 1956 3046 2028 ejusmodi
3074 1956 3195 2022 alia,
3228 1956 3295 2010 ad
3322 1956 3609 2011 salutarem
3642 1972 3752 2011 me-

2147 2049 2258 2098 tum
2298 2051 2354 2100 et
2404 2044 2729 2115 paenitentiae
2766 2062 2831 2102 eo
2876 2049 3144 2119 majorem
3188 2045 3541 2103 constantiam
3592 2046 3756 2102 nobis

2147 2131 2335 2204 ignota
2361 2148 2482 2189 esse
2507 2134 2698 2191 voluit.

2219 2226 2509 2296 Egi/ptius
2524 2226 3080 2299 imperator.Pharao
3101 2225 3376 2293 nimirum,
3396 2242 3491 2281 rex
3507 2226 3752 2298 Egypti,

2147 2313 2242 2384 qui
2268 2313 2359 2370 hic
2386 2313 2561 2371 latiori
2592 2315 2991 2388 signiﬁcatione
3022 2319 3337 2390 imperator
3363 2315 3585 2381 dicitur.
3623 2323 3751 2369 tan-

2148 2417 2311 2474 quam
2340 2403 2511 2460 instar
2539 2405 2765 2461 aliorum
2795 2423 2985 2480 regum
3014 2405 3069 2463 in
3099 2421 3227 2463 suos
3253 2421 3543 2463 summum
3572 2406 3758 2477 impe-

2148 2506 2300 2546 rium
2329 2507 2609 2550 exercens.

2220 2583 2327 2637 Diu
2355 2583 2590 2641 Domino
2633 2599 2733 2640 suo
2762 2583 3119 2657 denegatum.
3150 2583 3345 2638 Jussus
3392 2581 3536 2638 enim
3579 2579 3759 2635 fuerat

2150 2681 2184 2721 a
2208 2668 2325 2723 Deo
2374 2671 2590 2741 Moyses
2638 2669 2908 2725 Pharaoni
2938 2670 2990 2724 in
3023 2670 3141 2725 haec
3179 2669 3343 2726 verba
3381 2666 3707 2724 denuntiare
3737 2688 3755 2721 :

2149 2759 2418 2814 Dominus
2446 2761 2592 2815 Deus
2622 2759 2981 2815 Hebraeorum
3018 2761 3177 2815 misit
3214 2774 3305 2815 me
3328 2758 3400 2813 ad
3432 2762 3485 2813 te
3511 2758 3711 2814 dicens
3741 2776 3761 2812 :

2150 2847 2385 2902 Dimitte
2404 2849 2682 2920 populum
2693 2865 2881 2904 meum
2895 2853 2959 2904 ut
2970 2850 3249 2918 sacriﬁcet
3262 2848 3407 2903 mihi
3418 2849 3479 2901 in
3492 2845 3725 2903 deserto
3740 2866 3761 2900 :

444 2941 691 2997 bitorum
726 2940 817 3003 60,
842 2941 900 2993 et
937 2936 1146 2991 statuit
1189 2936 1252 2989 in
1316 2949 1513 3004 campo
1551 2933 1707 2988 Dura
1742 2933 1906 3003 (Dan.
1958 2948 2039 2999 ιιι,
2072 2932 2116 3011 c
2149 2940 2205 2992 et
2236 2952 2409 3007 usque
2440 2934 2511 2991 ad
2534 2953 2787 3009 praesens
2819 2940 3040 3009 tempus
3066 2937 3265 2993 audire
3294 2937 3556 2993 noluisti.

445 3032 501 3098 1,
522 3025 673 3098 etc.),
705 3024 796 3083 vel
812 3023 1261 3097 Nabopolassari,
1295 3021 1460 3093 patris
1480 3020 1585 3087 sui,
1617 3020 1702 3079 vel
1729 3020 1870 3088 Beli,
1903 3021 2043 3091 apud

444 3114 778 3187 Babylonios
820 3123 945 3171 tunc
988 3113 1214 3169 deorum
1254 3110 1492 3181 maximi,
1520 3109 1602 3169 vel
1641 3108 1815 3181 ipsius
1851 3108 2043 3165 Nabu-

445 3203 857 3275 chodonosoris,
905 3200 1257 3258 simulacrum
1308 3199 1767 3272 praeseferentem,
1820 3213 2044 3269 eamque

442 3292 785 3351 severissimo
833 3291 1010 3347 edicto
1067 3289 1343 3362 proposito
1388 3287 1558 3345 voluit
1605 3286 1843 3356 adorari;
1877 3295 1931 3341 at
1960 3303 2045 3341 sa-

443 3383 706 3456 crilegum
733 3379 885 3438 nefas
912 3396 1037 3437 cum
1066 3388 1175 3436 tres
1201 3378 1279 3433 illi
1314 3377 1487 3450 pueri,
1522 3375 1779 3446 Sidrach,
1814 3376 2041 3444 Misach,

444 3476 498 3527 et
527 3471 839 3544 Abdenago,
868 3469 1154 3526 admittere
1183 3467 1508 3532 renuissent,
1535 3465 1695 3535 jussit
1724 3479 1820 3521 eos
1848 3464 1901 3520 in
1943 3465 2046 3521 for-

442 3575 629 3616 nacem
673 3561 893 3632 igneam
963 3555 1190 3626 conjici;
1244 3555 1386 3611 unde
1455 3570 1577 3610 cum
1633 3552 1766 3609 salvi
1815 3552 2045 3609 fuissent

443 3649 648 3715 educti,
689 3665 784 3704 rex
831 3660 973 3705 novo
1011 3646 1327 3719 ingentique
1365 3643 1623 3699 miraculo
1659 3642 1918 3697 attonitus
1946 3658 2041 3697 ex-

440 3737 721 3794 clamavit:
755 3734 1096 3793 Benedictus
1122 3748 1262 3789 osus
1291 3746 1547 3798 nnoauu,
1570 3732 1666 3805 qui
1692 3731 1856 3787 misit
1883 3746 2045 3803 ange-

444 3828 568 3884 lum
586 3843 777 3890 suum,
800 3832 903 3880 etc.
927 3822 1089 3892 (Ibid.
1115 3823 1228 3893 95).
1251 3820 1392 3890 Quin
1413 3828 1468 3876 et
1490 3818 1711 3890 publico
1731 3833 1793 3873 ac
1812 3818 2042 3874 severis-

442 3916 579 3971 simo
607 3915 824 3969 decreto
851 3911 1195 3981 blaSphemos
1224 3910 1281 3963 in
1309 3910 1481 3964 Deum
1501 3908 1661 3963 Israel
1691 3908 2040 3979 compescuit,

439 4000 655 4072 publice
698 4005 1033 4057 contestatus
1076 4013 1090 4051 :
1141 3996 1315 4068 Signa
1350 4000 1404 4052 et
1438 3994 1728 4051 mirabilia
1764 3995 1918 4068 apud
1952 4013 2044 4054 me

439 4092 581 4162 fecit
609 4104 753 4147 unus
788 4100 1095 4144 EXCELSUS.
1129 4086 1364 4142 Placuit
1392 4101 1519 4158 ergo
1560 4084 1705 4142 mihi
1733 4085 2043 4160 praedicare

439 4180 601 4252 signa
629 4181 775 4253 ejus,
802 4178 933 4250 quia
950 4189 1147 4233 nam
1168 4177 1327 4242 sunt,
1351 4177 1407 4232 et
1426 4189 1717 4231 MIBABILIA
1746 4176 1891 4246 ejus,
1911 4176 2042 4249 quia

439 4284 648 4326 roa'ru
680 4285 695 4323 :
736 4271 793 4326 et
830 4283 1070 4340 regnum
1109 4267 1230 4338 ejus
1268 4279 1498 4321 necnon
1534 4279 1953 4331 SEMPITEBNUM,
1987 4268 2042 4320 et
2066 4266 2115 4347 ῃ

440 4370 718 4412 peresus
766 4357 887 4427 ejus
942 4356 1007 4409 in
1052 4356 1471 4427 generationem
1509 4357 1568 4409 et
1618 4355 2041 4424 generationem

445 4442 670 4501 I248
710 4443 871 4515 (ibid.
905 4445 1016 4513 10).
1049 4444 1166 4499 Hoc
1191 4442 1371 4514 ipsum
1416 4458 1547 4519 vero
1576 4441 1632 4496 id
1667 4441 1904 4497 edictum
1934 4453 2035 4510 est,

404 4534 497 4588 'in
543 4548 654 4606 quo
689 4532 1196 4591 Nabuchodonosor
1241 4532 1500 4603 deinceps
1542 4541 1756 4587 enarrat
1803 4548 1886 4602 ea,
1918 4548 2040 4603 quae

437 4636 602 4692 supra
628 4620 698 4677 de
725 4636 827 4676 suo
859 4619 916 4675 in
942 4620 1104 4693 sylvis
1133 4631 1239 4677 tam
1260 4619 1400 4676 tristi
1429 4619 1709 4690 septennio
1732 4635 1796 4675 ex
1828 4620 1962 4674 Dan.
1985 4635 2043 4677 tv

437 4711 733 4782 attulimus,
768 4718 824 4765 ut
854 4709 987 4766 adeo
1016 4725 1233 4767 necesse
1281 4709 1370 4776 sit,
1401 4709 1862 4779 metamorphosin
1891 4709 2037 4764 illam

435 4799 580 4872 regis
606 4799 777 4873 (quod
814 4798 985 4870 probe
1016 4797 1343 4868 notandum)
1368 4807 1493 4853 ante
1519 4798 1659 4854 hanc
1692 4800 1873 4854 trium
1899 4815 2039 4870 pue-

437 4905 631 4945 rorum
659 4886 946 4944 historiam
975 4886 1286 4960 contigisse.

508 4976 643 5046 Quis
674 4976 807 5045 jam,
840 4991 960 5046 oro,
994 4976 1098 5031 sibi
1136 4979 1202 5031 de
1241 4991 1369 5048 rege
1409 4985 1521 5031 tam
1559 4976 1899 5035 inconstante
1929 4978 2042 5033 sin—

438 5081 615 5122 ceram
658 5065 1015 5137 stabilemque
1054 5064 1427 5136 poenitentiam
1472 5067 1715 5138 polliceri
1754 5076 1936 5141 queat,
1968 5069 2037 5124 de

436 5154 597 5225 cujus
640 5154 917 5227 Operibus,
946 5154 1237 5228 dignisque
1285 5156 1615 5227 paenitentiae
1664 5156 1949 5225 fructibus,
1982 5166 2038 5215 et

434 5243 666 5302 maxime
708 5245 827 5317 ipsa
892 5253 1064 5299 morte
1110 5243 1277 5316 felici,
1324 5253 1433 5301 tam
1471 5245 1631 5302 altum
1675 5262 1837 5316 porro
1891 5248 2033 5319 apud

433 5332 718 5391 Danielem
739 5333 1012 5390 silentium
1029 5334 1152 5390 est?
1173 5332 1349 5403 Quam
1374 5335 1476 5390 alia
1495 5342 1675 5389 autem
1698 5334 1801 5391 fuit
1822 5336 2037 5391 Manas-

428 5422 535 5500 εἰς,
576 5423 731 5499 regis
764 5423 856 5483 Ju,
887 5439 982 5494 om
1012 5422 1243 5479 nitentia
1273 5422 1287 5480 l
1320 5424 1607 5480 Enimvero
1633 5422 2028 5496 'impiissimns,

2222 3025 2464 3081 Discidio
2496 3027 2696 3081 maris.
2747 3025 2789 3083 Ι.
2832 3042 2881 3081 e.
2926 3042 2988 3080 ea
3033 3026 3324 3091 divisione,
3362 3040 3524 3098 quam
3570 3023 3761 3079 Graeci

2150 3107 2437 3185 διχοτομίαν
2491 3115 2789 3186 appellant.
2821 3114 3002 3187 Atque
3031 3115 3112 3172 sic
3137 3116 3298 3171 etiam
3329 3117 3381 3171 in
3410 3114 3445 3169 ι.
3480 3113 3550 3169 de
3576 3114 3757 3180 Pall.,

2148 3218 2198 3259 c.
2233 3206 2285 3269 2,
2316 3204 2383 3259 de
2410 3204 2576 3276 plaga
2604 3204 2844 3270 discidii,
2877 3212 2930 3261 et
2967 3204 3021 3260 in
3061 3204 3155 3259 lib.
3187 3205 3254 3261 de
3290 3206 3517 3261 Resurr.
3559 3217 3759 3273 carn.,

2149 3306 2201 3346 c.
2242 3295 2331 3360 19,
2362 3293 2430 3348 de
2466 3293 2701 3349 discidio
2750 3296 2940 3352 carnis
2978 3298 3035 3351 et
3072 3295 3284 3350 anima:
3332 3291 3589 3362 loquitur.
3641 3290 3756 3345 Bac

2155 3395 2289 3439 voce
2333 3380 2550 3461 Solinus
2595 3397 2834 3454 quoque,
2864 3399 2987 3454 cap.
3021 3385 3109 3450 36,
3140 3399 3273 3438 usus
3316 3389 3417 3447 est,
3446 3378 3709 3451 inquiens
3737 3396 3752 3430 :

2152 3489 2176 3521 α
2219 3468 2522 3527 Atlanticus
2551 3480 2717 3528 aestus
2748 3470 2806 3526 in
2830 3480 3076 3529 nostrum
3108 3488 3254 3528 mare
3296 3469 3585 3527 discidium
3625 3470 3750 3538 (seu

2146 3559 2542 3632 discissionem)
2571 3562 2720 3617 orbis
2747 3562 3004 3622 immittit.
3048 3584 3072 3614 ι

2219 3652 2485 3707 Pervium
2518 3651 2738 3709 licebat.
2774 3653 2953 3718 Liceo,
2986 3654 3266 3724 antiquum
3294 3653 3546 3718 verbum,
3574 3648 3751 3720 passi-

2149 3754 2269 3795 vam
2315 3738 2762 3812 significationem
2807 3742 2993 3810 habet,
3044 3742 3373 3813 preprieque
3415 3740 3610 3795 dieitur
3660 3755 3750 3794 res

2148 3828 2417 3901 quaepiam
2450 3830 2638 3896 licere,
2672 3846 2795 3886 cum
2824 3838 2975 3887 certo
3005 3832 3330 3889 aestimatur
3358 3828 3529 3900 pretio
3558 3844 3619 3884 ac
3649 3844 3749 3884 ve.

2149 3933 2277 3972 num
2309 3917 2599 3990 exponitur
2629 3937 2642 3974 :
2679 3921 2839 3976 liceri
2865 3929 3044 3977 autem
3071 3929 3154 3976 est
3182 3921 3488 3983 aestimare,
3519 3934 3585 3975 ac
3614 3935 3747 3989 pre-

2149 4006 2285 4064 tium
2330 4008 2379 4063 ei
2423 4007 2724 4080 imponere,
2763 4017 2825 4066 ut
2871 4018 3145 4082 emptores
3192 4007 3414 4067 faciunt.
3464 4007 3623 4064 Unde
3666 4016 3751 4062 est

2148 4096 2281 4152 illud
2313 4103 2486 4167 poetae
2519 4114 2533 4151 :

2290 4235 2400 4287 Non
2420 4236 2543 4287 licet
2573 4250 2689 4287 asse
2721 4235 2871 4298 mihi,
2896 4237 2988 4302 qui
3019 4251 3100 4288 me
3127 4251 3226 4287 non
3249 4250 3363 4286 asse
3391 4235 3597 4286 licetur.

2219 4354 2444 4411 Licebat
2472 4368 2602 4427 ergo
2632 4369 2797 4420 mare,
2828 4370 2953 4411 cum
2981 4353 3235 4410 Israelitis
3263 4369 3294 4408 a
3322 4354 3440 4426 Deo
3468 4351 3747 4409 offereba-

2148 4451 2250 4514 tur,
2303 4450 2555 4515 tanquam
2602 4442 2906 4499 transituris
2954 4443 3219 4516 pervium.
3267 4443 3405 4500 Alibi
3452 4444 3752 4500 Tertullia-

2144 4546 2247 4588 nus
2280 4534 2447 4591 licere
2473 4533 2635 4587 etiam
2666 4549 2760 4604 pro
2793 4535 3009 4606 liquere
3038 4549 3132 4589 seu
3151 4539 3351 4606 patere
3370 4534 3519 4601 dicit,
3545 4536 3682 4589 utin
3708 4536 3746 4590 l.

2143 4621 2269 4678 adv.
2320 4622 2576 4694 Hermog.
2609 4636 2661 4678 c.
2695 4624 2784 4688 36,
2817 4622 2913 4677 ubi
2946 4639 2958 4680 :
3012 4642 3037 4672 ι
3080 4622 3185 4677 Sed
3218 4623 3285 4677 de
3334 4629 3476 4678 motu
3521 4632 3579 4678 et
3616 4626 3748 4681 alibi

2142 4709 2345 4776 licebit,
2400 4730 2423 4761 ι
2456 4709 2496 4765 i.
2530 4726 2582 4765 e.
2638 4710 2894 4782 liquebit.
2947 4710 3037 4766 Sic
3084 4718 3137 4765 et
3182 4725 3365 4782 supra,
3396 4726 3516 4783 cap.
3551 4715 3609 4777 6,
3643 4730 3750 4784 pro

2144 4799 2473 4856 emendatos
2498 4799 2747 4871 liquebit,
2768 4800 2983 4872 quidam
3005 4800 3214 4857 codices
3236 4801 3423 4857 licebit
3443 4798 3747 4873 reponunt.

2214 4888 2496 4944 Revolutis
2524 4888 2809 4959 ﬂuctibus.
2842 4889 2922 4943 De
2955 4889 3178 4944 transitu
3203 4892 3382 4946 maris
3411 4891 3606 4959 Rubri,
3631 4900 3749 4947 tam

2141 4979 2284 5035 felici
2312 4996 2375 5035 ac
2405 4978 2717 5051 prodigioso
2748 4978 3049 5046 Israelitis,
3078 4994 3239 5050 quam
3280 4978 3428 5034 fatali
3458 4970 3747 5054 Egyptiis

2141 5084 2205 5125 ac
2233 5068 2521 5147 Pharaoni
2548 5083 2667 5134 suo,
2698 5068 2923 5123 historia
2959 5085 3026 5125 ex
3058 5067 3236 5122 Exodi
3272 5084 3391 5139 cap.
3433 5085 3534 5124 xxv
3573 5071 3744 5126 etiam

2141 5158 2195 5213 in
2224 5160 2422 5232 vulgus
2451 5158 2728 5214 notissima
2754 5165 2855 5214 est.

2214 5248 2603 5318 Exomologesi
2611 5246 3132 5304 restitutus.Dil’l‘ert
3142 5254 3325 5304 autem
3336 5249 3742 5322 exomologesis

2139 5351 2170 5389 a
2187 5337 2549 5405 paenitentia,
2568 5335 2706 5390 sicut
2726 5343 2880 5391 actus
2899 5340 3178 5394 externus
3194 5338 3264 5392 ab
3279 5339 3539 5406 interno,-
3554 5339 3740 5408 posui-

2137 5425 2300 5481 tentia
2325 5424 2470 5480 enim
2500 5424 2553 5478 in
2584 5426 2777 5482 animo
2798 5425 3061 5495 dolentis,
3083 5426 3484 5499 exomologesis
3501 5442 3630 5483 vero
3651 5428 3733 5483 in-
