4066 6174
321 183 463 249 i349

313 325 409 366 ore
453 309 801 378 conﬁtentis,
851 308 1080 380 aliisque
1127 310 1402 382 Operibus,
1446 308 1711 364 internum
1760 306 1905 360 illam

314 396 685 468 paenitentiam
710 397 873 454 etiam
918 407 1139 454 externe
1167 398 1552 455 exhibentibus
1577 412 1639 452 ac
1668 395 1902 451 demon-

314 486 632 556 strantibus,
662 486 918 544 collocata
943 497 1026 545 est
1057 508 1070 544 :
1105 488 1172 544 de
1201 489 1398 560 quibus
1426 488 1621 543 Noster
1647 486 1760 555 jam
1808 499 1906 539 su-

320 591 436 646 pra,
468 591 589 646 cap.
623 580 655 631 9
685 594 782 648 per
814 586 911 636 tot.

391 662 618 721 ηιξ)
648 666 816 734 Quasi
836 668 1060 723 Pharis.
1086 667 1295 724 Pharos
1317 667 1600 723 dicebatur
1626 665 1908 737 Egyptio-

314 769 433 808 rum
466 754 631 809 turris
689 753 781 809 illa
837 756 1113 823 altissima,
1164 772 1323 826 quam
1354 755 1493 811 inter
1523 764 1732 826 septem
1759 752 1906 810 orbis

274 870 279 875 ~
314 842 575 899 miracula
631 845 934 900 habendam
962 845 1017 898 in
1070 846 1242 899 Pharo
1294 844 1488 910 insula,
1523 861 1553 897 a
1586 852 1742 914 portu
1770 841 1901 896 Ale-

311 932 585 987 xandrinae
614 945 821 1003 septem
850 933 1044 988 stadiis
1074 934 1356 997 distantes,
1391 942 1444 988 et
1474 948 1569 987 seu
1592 940 1778 1002 ponte,
1806 947 1902 984 seu

309 1037 531 1094 aggere,
593 1022 888 1078 continenti
917 1025 1223 1093 conjuncta,
1262 1020 1585 1077 Ptolemaeus
1630 1019 1901 1075 Philadel-

308 1110 448 1182 phus
483 1110 591 1181 (vel
647 1112 881 1182 denique
908 1111 1317 1167 Ptolemaeorum
1377 1109 1593 1180 aliquis)
1650 1106 1900 1175 immani,

307 1216 369 1255 ac
426 1206 560 1256 teste
617 1199 784 1256 Plinio
844 1201 895 1272 (Ι.
946 1216 1133 1265 xxxru,
1184 1216 1233 1256 c.
1269 1198 1377 1271 12),
1421 1201 1523 1253 800
1575 1198 1901 1254 talentorum

307 1290 469 1359 (quae,
504 1288 549 1343 si
579 1288 682 1344 rite
701 1288 966 1345 calculum
994 1288 1244 1355 subduxi,
1281 1291 1332 1353 1,
1378 1290 1500 1354 200,
1535 1289 1638 1342 000
1672 1284 1905 1341 thaleros

307 1386 524 1432 nostros
575 1378 883 1450 adaequant)
938 1385 1158 1450 sumptu
1214 1375 1408 1442 erexit,
1444 1383 1502 1431 ut
1553 1394 1581 1426 τι
1638 1381 1901 1429 nocturno

308 1467 527 1522 navium
583 1482 745 1522 cursu
792 1465 951 1537 ignes
999 1465 1339 1532 ostenderet,
1388 1464 1458 1518 ad
1507 1461 1903 1533 pronuntianda

306 1555 462 1625 vada,
522 1562 817 1627 portusque
872 1554 1169 1612 introitum.
1202 1571 1231 1607 ›
1291 1555 1372 1608 Ex
1421 1553 1525 1607 hoc
1569 1551 1681 1621 jam
1711 1565 1901 1607 omnes

308 1650 496 1712 turres,
530 1651 591 1699 ut
622 1648 737 1700 erat
782 1642 876 1698 illa
927 1644 1148 1715 Capreis
1193 1642 1249 1698 in
1303 1639 1509 1709 Sicilia,
1562 1654 1682 1711 quae
1735 1638 1897 1709 paulo

1628 181 1843 247 INDEX
1879 181 2305 247 LATINITATIS.

3474 188 3611 269 1350

2016 304 2178 363 ﬁnem
2208 309 2507 380 imponere,
2547 307 2906 379 eumdemque
2947 306 3093 363 velut
3120 307 3345 365 invitum
3384 312 3609 368 abrum-

2016 411 2146 466 pere
2171 397 2458 470 signiﬁcat.

2087 485 2312 545 i250
2337 490 2605 561 Princeps
2624 486 2827 559 Adam,
2854 485 2891 541 i.
2909 502 2958 542 e.
2990 490 3213 558 auctor,
3255 489 3607 563 omniumque

2017 579 2264 648 primus.

2086 664 2154 718 In
2181 666 2534 737 paradisum.
2562 667 2621 720 In
2648 667 2805 737 Apol.
2840 682 2889 719 c.
2925 667 3014 732 47,
3047 668 3405 724 Tertullianus
3426 676 3608 725 noster

2014 757 2321 826 paradisum
2375 758 2619 813 nominat
2676 776 2703 805 ν«
2762 758 2939 811 locum
2993 755 3189 811 divinae
3244 758 3599 826 amoenitatis,

2013 846 2335 915 recipiendis
2364 854 2668 901 sanctorum
2699 844 2981 916 spiritibus
3012 845 3358 901 destinatum.
3407 868 3429 896 ι
3471 847 3604 903 Cre-

2008 933 2142 988 didit
2184 941 2364 991 autem
2412 921 2721 1004 paradisum
2768 932 3063 989 etiamnum
3113 941 3345 1000 exstare,
3395 951 3458 991 ac
3504 936 3605 991 sub

2010 1031 2284 1093 aequatore
2332 1023 2493 1078 situm
2521 1039 2677 1088 esse,
2710 1031 2763 1077 et
2804 1022 3060 1093 utrinque
3107 1037 3244 1077 zona
3291 1024 3491 1079 torrida
3542 1040 3607 1079 ac

2010 1114 2157 1169 velut
2184 1129 2340 1169 muro
2371 1114 2608 1186 quodam
2646 1112 2811 1183 igneo
2847 1111 3116 1178 cohiberi,
3158 1112 3347 1183 sicque
3392 1120 3604 1170 morta-

2010 1202 2154 1257 libus
2174 1202 2510 1258 iuaccessum
2541 1201 2715 1257 reddi.
2744 1201 2793 1257 A
2819 1218 2927 1272 qua
2956 1201 3213 1272 Opinione
3235 1216 3341 1256 non
3381 1201 3606 1257 multum

2010 1291 2303 1347 abhorrere
2332 1291 2543 1347 videtur
2567 1290 2829 1347 S.Thom.
2863 1293 2980 1355 2-2,
3010 1309 3065 1361 q.
3102 1291 3224 1361 164,
3250 1299 3352 1345 art.
3377 1295 3429 1357 2,
3456 1292 3525 1346 ad
3547 1295 3600 1348 ὅ.

2011 1379 2127 1435 Vox
2156 1387 2335 1434 autem
2364 1380 2483 1435 haec
2520 1395 2627 1435 non
2657 1379 2799 1435 inter
2845 1377 3069 1435 Graecos
3113 1395 3146 1434 a
3172 1378 3306 1450 παρὰ
3352 1386 3407 1435 et
3452 1374 3601 1452 δεύω,

2010 1469 2078 1524 ab
2107 1470 2419 1542 irrigando,
2450 1477 2509 1524 ut
2538 1461 2737 1525 Suidas
2764 1467 2895 1535 vult,
2928 1469 3051 1523 data
3082 1476 3187 1536 est,
3229 1468 3323 1524 sed
3344 1469 3600 1537 Persicae,

2010 1557 2120 1615 imo
2169 1558 2463 1624 Hebraicis,
2522 1557 2609 1614 vel
2666 1559 2843 1629 potius
2887 1556 3191 1614 Chaldaicaa
3239 1556 3485 1631 originis,
3536 1575 3603 1614 ex

2017 1658 2140 1714 ma
2171 1655 2225 1702 et
2257 1657 2384 1707 D'm
2414 1647 2469 1701 in
2502 1656 2664 1710 D'HD
2692 1647 2919 1719 pardes,
2966 1647 3112 1717 quod
3166 1648 3464 1703 secundum
3494 1646 3599 1703 vim

304 1741 431 1787 ante
475 1740 702 1789 mortem
751 1732 954 1789 Tiberii
1002 1733 1226 1799 Caesar.,
1259 1737 1419 1786 terrae
1463 1736 1617 1784 motu
1662 1726 1897 1783 concidit
1927 1716 1972 1794 Β
2000 1736 2384 1795 vocabulorum
2403 1734 2632 1792 hortum
2650 1716 3093 1807 ῃξῃνιοναῃιξνρι
3116 1734 3355 1806 denique
3385 1750 3601 1792 omnem

303 1821 549 1891 (Sueton.
583 1824 637 1877 in
675 1821 806 1891 Tib.,
838 1837 889 1878 ο.
933 1822 1048 1891 74),
1095 1819 1219 1886 alia,
1251 1836 1376 1890 quae
1423 1835 1455 1873 a
1484 1817 1711 1872 Claudio
1758 1815 1893 1887 imp.

304 1910 460 1982 (teste
487 1910 610 1965 eod.
644 1909 699 1963 in
729 1911 833 1967 Vit.
872 1909 1066 1966 Claud.
1100 1925 1151 1966 c.
1182 1907 1274 1979 21)
1298 1928 1324 1960 n
1356 1908 1415 1961 in
1442 1905 1755 1978 exemplum
1777 1903 1899 1959 Ale—

303 1999 581 2053 xandrinae
628 1998 789 2054 Phari
820 2018 843 2051 ι
884 1998 940 2053 in
971 2006 1132 2070 portu
1186 1996 1448 2066 Ostiensi,
1493 2012 1526 2050 a
1570 2010 1628 2050 se
1668 1992 1893 2059 effosso,

300 2088 554 2143 suscitata
571 2086 763 2157 fuerat,
787 2098 841 2143 et
866 2094 1133 2159 quotquot
1153 2087 1372 2142 demum
1412 2086 1466 2140 in
1514 2083 1799 2141 maritimis
1817 2083 1895 2138 ci-

299 2177 555 2235 vitatibus
598 2177 757 2234 hodie
801 2179 1012 2248 durant,
1065 2184 1118 2233 et
1170 2176 1450 2233 nocturnis
1497 2174 1740 2245 ignibus,
1787 2187 1892 2227 na-

299 2265 596 2337 vigantium
645 2283 854 2335 caussa,
903 2265 1209 2322 collustrari
1254 2264 1442 2330 solent,
1498 2261 1738 2335 generali
1783 2275 1890 2316 no-

297 2355 443 2406 mine
470 2355 649 2409 Phari
679 2353 1040 2425 appellantur,
1071 2353 1219 2424 quod
1260 2367 1453 2407 nomen
1501 2365 1612 2405 non
1641 2348 1855 2420 quidem
1874 2391 1888 2413 ,

297 2449 358 2495 ut
385 2441 591 2509 putavit
619 2441 860 2498 Isidorus
905 2442 965 2511 (ι.
1014 2457 1088 2496 xx
1137 2442 1205 2497 de
1247 2441 1418 2510 0rig.,
1448 2455 1497 2493 c.
1546 2438 1602 2509 2)
1650 2436 1891 2502 Graecae,

299 2530 397 2584 ἀπὸ
426 2536 518 2584 τοῦ
550 2530 714 2601 φωτὸς
748 2532 883 2602 ὀρᾷν,
916 2546 946 2584 a
974 2530 1215 2587 videnda
1243 2529 1351 2583 illic
1383 2530 1525 2594 luce,
1565 2526 1889 2592 derivatum,

296 2619 389 2678 sed
419 2620 768 2677 verisimilius
787 2622 1062 2693 Aigyptia:
1082 2617 1310 2691 originis
1333 2624 1436 2681 est,
1459 2617 1527 2671 ab
1546 2615 1666 2687 ipsa
1694 2614 1890 2679 insula,

293 2712 380 2767 cui
431 2712 543 2780 jam
588 2709 793 2766 dudum
836 2718 991 2763 antea
1039 2708 1216 2766 Phari
1272 2722 1471 2763 nomen
1522 2707 1783 2772 haeserat,
1833 2704 1890 2759 in

297 2801 483 2858 turrim
515 2800 665 2855 illam
694 2800 1032 2855 translatum.

370 2880 635 2948 Granium
656 2894 952 2947 notarum.
980 2891 1016 2955 l,
1036 2906 1085 2946 e.
1107 2891 1344 2964 pessime
1372 2890 1631 2953 notatus,
1663 2883 1887 2940 totidem

294 2978 497 3037 scilicet
535 2980 787 3050 peccatis,
818 2980 966 3036 velut
1016 2979 1182 3034 instar
1228 2978 1542 3051 stigmatum
1572 2974 1766 3029 animae
1794 2973 1885 3027 in-

290 3069 449 3124 ustis.
494 3068 629 3126 Vide
671 3069 817 3124 aliud
871 3066 1139 3137 ejusmodi
1195 3065 1512 3122 humilitatis
1559 3063 1875 3133 specimen,

288 3159 439 3230 quod
467 3157 534 3213 ad
583 3158 749 3216 linem
791 3173 910 3229 cap.
944 3157 1040 3215 ult.
1075 3157 1141 3216 de
1170 3158 1304 3228 Bap.
1338 3152 1698 3210 Tertullianus
1724 3152 1795 3207 de
1821 3168 1880 3208 se

289 3245 559 3308 ediderat.

362 3342 543 3414 Super
578 3340 685 3396 illa
729 3343 930 3398 tacere.
961 3337 1129 3409 Quasi
1179 3354 1325 3414 aegre
1364 3341 1488 3398 huic
1533 3340 1780 3398 tractatui
1823 3356 1884 3397 se

2004 1826 2181 1883 locum
2212 1824 2559 1899 singulariter
2589 1840 2860 1880 amoenum
2890 1822 3177 1897 signiﬁcat,
3208 1823 3513 1880 conﬂuens.

2074 1914 2178 1969 Sed
2206 1913 2482 1985 quomodo
2513 1913 2791 1969 restitutus
2826 1911 2998 1967 Adam
3049 1928 3143 1983 per
3186 1913 3589 1984 paznitentiam

2001 2002 2059 2058 in
2096 2000 2473 2075 paradisum?
2498 2002 2618 2058 Non
2671 2002 2863 2067 utique
2895 2009 3201 2057 terrestrem
3230 2000 3401 2069 illum,
3432 2018 3464 2057 e
3490 2018 3600 2075 quo

2000 2092 2204 2162 ejectus
2239 2091 2436 2162 fuerat,
2467 2100 2522 2147 et
2552 2092 2606 2146 in
2634 2107 2798 2163 quem
2826 2089 3002 2146 omnis
3042 2090 3341 2162 praeclusus
3372 2092 3592 2159 reditus,

1999 2190 2289 2255 postquam
2327 2182 2471 2240 Deus
2519 2182 2818 2240 collocavit
2846 2186 2982 2238 ante
3008 2180 3343 2253 paradisum
3390 2182 3595 2249 volup-

2002 2272 2141 2327 tatis
2187 2271 2504 2337 Cherubim,
2540 2274 2595 2328 et
2624 2271 2955 2339 ﬂammeum
2981 2270 3237 2342 gladium
3263 2275 3439 2343 atque
3466 2287 3590 2327 ver-

1996 2360 2247 2426 satilem,
2279 2360 2355 2415 ad
2390 2357 2828 2415 custodiendam
2867 2360 3019 2414 viam
3068 2359 3210 2429 ligni
3253 2360 3386 2415 vita:
3426 2359 3592 2429 (Gen.

1998 2464 2085 2516 ιιι,
2119 2451 2231 2519 24).
2262 2449 2456 2518 Itaque
2482 2449 2782 2518 paradisus
2812 2447 2905 2503 ille
2934 2446 3289 2517 spiritualiter
3333 2463 3395 2504 ac
3439 2464 3592 2517 mys-

1998 2537 2100 2593 tice
2129 2536 2539 2609 intelligendum
2569 2543 2623 2591 et
2651 2536 2719 2591 de
2739 2538 2896 2593 statu
2913 2536 3138 2608 gratiae,
3160 2536 3214 2591 in
3227 2551 3390 2606 quem
3413 2538 3590 2592 Adam

2000 2641 2097 2697 per
2126 2625 2495 2697 paenitentiam
2525 2623 2791 2695 repositus
2818 2623 2939 2679 fuit.

2070 2717 2193 2772 Non
2220 2717 2388 2771 tacet.
2433 2714 2696 2784 Exemplo
2735 2728 2835 2767 suo
2885 2712 3041 2769 nobis
3092 2712 3400 2770 adhucdum
3450 2730 3593 2784 pra:-

1996 2805 2202 2869 dicans,
2233 2803 2324 2875 qui
2362 2802 2419 2856 in
2462 2802 2772 2870 laboribus,
2816 2801 2958 2855 inter
3002 2804 3196 2873 spinas
3244 2808 3299 2856 et
3350 2802 3591 2860 tribulos

1994 2895 2057 2948 in
2078 2892 2283 2950 sudore
2311 2892 2501 2947 vultus
2532 2893 2647 2958 sui,
2680 2900 2930 2961 tanquam
2962 2900 3223 2960 perpetua
3262 2891 3589 2960 paenitentiae
3690 2888 3695 2892 ’

1992 2998 2177 3055 opera,
2211 2991 2408 3037 terram
2435 2980 2616 3046 coluit,
2649 2988 2704 3035 et
2730 2996 2797 3035 ex
2823 2995 2888 3035 ea
2916 2979 3160 3036 comedit
3189 2995 3382 3050 panem
3404 2996 3583 3048 suum,

1989 3078 2048 3127 ut
2076 3070 2281 3126 scilicet
2308 3068 2464 3124 nobis
2492 3068 2817 3124 documento
2846 3074 3007 3134 esset,
3037 3066 3249 3123 nonnisi
3296 3083 3397 3138 per
3427 3068 3586 3124 labo-

1988 3162 2144 3218 riosae
2189 3157 2520 3230 paenitentiae
2557 3173 2720 3227 opera
2752 3157 2818 3211 ad
2866 3170 3183 3214 ΡΑιιΑυιευιί
3246 3172 3583 3227 omnasrau,

1988 3249 2086 3307 sed
2134 3256 2392 3320 perpetuo
2420 3246 2675 3318 deinceps
2712 3245 3079 3313 incolendum,
3111 3246 3376 3316 perveniri
3405 3261 3587 3317 posse.

285 3487 3576 3523 Μ

1520 3686 2366 3871 INDICES

1705 4147 2175 4229 MONITUM

352 4317 644 4389 Cujusnam
673 4315 829 4389 pretii
847 4317 1158 4373 Tertulliani
1190 4316 1512 4389 Latinitatis,
1539 4332 1677 4374 nova
1713 4315 1859 4383 licet,
1890 4315 2103 4372 nemine
2149 4311 2427 4384 difﬁtente,
2484 4311 2808 4370 inconcinna
2854 4310 3177 4383 plerumque
3225 4316 3279 4367 et
3325 4311 3575 4385 horrida,

271 4407 465 4479 paucis
496 4409 606 4478 jam
636 4408 704 4463 ab
730 4406 852 4478 ipso
894 4406 1053 4479 hujus
1099 4406 1348 4463 editionis
1392 4406 1574 4462 limine
1619 4405 1894 4477 praefaudo
1943 4404 2188 4476 egimus;
2224 4404 2376 4473 plura
2422 4402 2580 4472 paulo
2626 4399 2765 4456 infra
2809 4400 2999 4455 habuit
3036 4401 3102 4455 D.
3134 4400 3397 4472 Lumper,
3444 4418 3571 4474 qum

272 4497 421 4563 vide,
451 4498 497 4553 si
525 4496 691 4562 lubet,
724 4503 762 4551 t.
794 4496 838 4563 Ι,
871 4493 976 4550 col.
1010 4498 1100 4568 93,
1132 4497 1222 4551 94.
1254 4496 1381 4551 Haec
1405 4504 1587 4550 autem
1612 4494 1811 4550 iterum
1841 4492 2118 4565 fusiusque
2156 4490 2359 4548 referre
2385 4504 2486 4547 nec
2529 4488 2687 4545 nobis
2723 4487 2935 4544 animus
2980 4496 3081 4557 est,
3131 4502 3231 4544 nec
3281 4487 3338 4545 in
3386 4498 3573 4546 extre-

272 4585 380 4639 mis
418 4586 599 4658 Operis
637 4584 801 4641 nostri
834 4582 1029 4640 ﬁnibus
1072 4600 1228 4641 novae
1278 4583 1645 4641 dissertationi
1688 4584 1873 4639 locum
1916 4588 2282 4653 opportunum
2342 4578 2462 4635 dari
2515 4579 2801 4651 quisquam
2852 4577 3180 4648 opinabitur.
3231 4577 3582 4638 Meminerint

270 4682 479 4729 tantum
504 4674 736 4730 lectores
762 4672 893 4729 illud
925 4675 1222 4745 praesertim
1250 4674 1318 4729 ad
1363 4688 1505 4730 nova.
1543 4671 1849 4728 Tertulliani
1878 4673 2206 4743 glossemata
2249 4668 2633 4725 attendendum
2680 4682 2819 4737 esse,
2869 4669 2922 4721 in
2970 4666 3037 4722 iis
3084 4667 3263 4723 enasci
3309 4683 3375 4725 ac
3428 4668 3579 4725 velut

272 4765 450 4835 primo
486 4763 728 4835 germine
772 4778 1059 4834 erumpere
1104 4780 1304 4819 novam
1341 4761 1600 4819 Ecclesiae
1644 4760 1843 4817 Latina:
1872 4761 2136 4832 linguam,
2166 4775 2269 4815 nec
2306 4760 2422 4828 jam
2464 4759 2598 4813 adeo
2641 4755 2985 4829 despicienda
3020 4771 3141 4811 esse
3189 4756 3365 4827 prima
3415 4757 3572 4812 rudi-

270 4863 453 4908 menta
480 4851 680 4923 eloquii
707 4868 804 4923 per
831 4860 908 4907 tot
938 4852 1217 4908 hominum
1246 4868 1313 4909 ac
1333 4851 1654 4909 seculorum
1681 4866 1796 4916 ora,
1828 4850 1884 4905 in
1925 4856 2036 4905 toto
2070 4849 2203 4905 orbe
2240 4847 2567 4913 Christiano,
2599 4848 2668 4902 ad
2712 4862 2883 4917 usque
2929 4860 3062 4901 usus
3107 4850 3327 4903 nostros
3373 4845 3573 4900 decur-

271 4944 463 5011 rentis,
501 4949 661 5013 atque
688 4942 830 4996 haud
859 4942 979 4997 sine
1007 4958 1203 5014 magna
1231 4942 1328 4996 Dei
1360 4942 1522 4998 laude
1556 4942 1967 5011 animarumque
2004 4938 2178 4995 salute
2218 4935 2605 5009 permanentia.
2637 4933 2979 4991 Meminerint
3016 4932 3235 5006 insuper
3283 4948 3351 4989 ex
3400 4933 3574 4991 tribus

268 5032 538 5101 praecipue
565 5033 740 5086 causis
767 5032 1063 5101 repetenda
1090 5046 1212 5086 esse
1250 5031 1461 5087 insolita
1489 5030 1875 5085 Tertullianeae
1911 5027 2206 5084 Latinitatis
2253 5026 2514 5084 vocabula
2546 5043 2560 5082 :
2594 5039 2791 5096 nempe
2830 5024 3005 5095 primo
3048 5039 3116 5079 ex
3157 5023 3326 5079 ardua
3370 5033 3424 5080 et
3467 5039 3574 5079 no-

269 5118 492 5177 vissima
549 5118 678 5175 ﬁdei
723 5119 1041 5175 Christiana:
1085 5119 1459 5190 expositione;
1507 5119 1704 5176 deinde
1761 5136 1827 5174 ex
1875 5118 2062 5174 audaci
2108 5117 2546 5173 hellenismorum
2592 5131 2692 5170 usu
2746 5114 2890 5187 apud
2947 5112 3272 5184 Septimium
3317 5112 3572 5169 libentius

268 5209 650 5282 gracizantem
669 5208 1053 5281 frequentiori;
1088 5209 1301 5264 demum
1331 5223 1397 5262 ex
1427 5206 1628 5265 forensi
1677 5209 1922 5276 ejusdem
1967 5207 2358 5263 consuetudine
2401 5220 2467 5260 ac
2512 5204 2635 5260 trita
2675 5210 2914 5260 veterum
2955 5201 3142 5274 legum
3198 5202 3570 5258 Romanorum

268 5299 483 5370 peritia,
513 5314 619 5371 qua
647 5314 791 5369 saepe
816 5297 1014 5368 saepius
1035 5297 1539 5366 jurisconsultorum
1567 5295 1729 5351 effata
1758 5311 2051 5369 usurpasse
2082 5293 2522 5367 deprehenditur.
2554 5292 2762 5361 Quibus
2799 5292 2996 5348 addere
3045 5300 3157 5356 est,
3192 5298 3252 5345 ut
3299 5290 3355 5344 in
3401 5298 3569 5345 crete-

268 5388 347 5443 ris
391 5387 524 5446 viris
568 5387 788 5461 egregie
831 5403 863 5441 a
910 5396 1099 5443 natura
1145 5385 1488 5454 comparatis,
1518 5386 1754 5441 innatam
1799 5386 2033 5441 indolem
2077 5382 2391 5441 Tertulliani
2430 5383 2570 5437 ultro
2615 5381 2685 5437 ad
2715 5380 2934 5436 insolita
2962 5376 3363 5453 pmpensioris,
3401 5376 3569 5432 nimia

266 5478 560 5536 multarum
608 5476 976 5534 doctrinarum
1013 5475 1166 5548 copia
1212 5473 1501 5531 difﬂuentia
1530 5483 1602 5543 et,
1653 5484 1709 5531 ut
1750 5490 1886 5543 pene
1927 5474 2133 5547 dicam,
2183 5472 2427 5531 satietate
2476 5471 2751 5539 ructantis,
2786 5470 3016 5543 quadam
3061 5467 3278 5523 demum
3326 5466 3571 5539 ingenita
