3970 6148
421 249 480 308 Η
1297 256 1354 312 S.
1396 256 1783 313 CLEMENTiS
1824 257 1838 310 1
1879 259 2042 314 ROM.
2080 259 2279 316 PONT.
2311 262 2539 318 OPERA
2580 264 2810 321 DUBIA.

416 371 504 426 sui
528 370 900 424 imitationem.
926 371 1095 426 Habet
1123 374 1264 428 enim
1287 374 1341 427 in
1366 391 1422 427 se
1443 373 1674 441 Patrem,
1693 384 1742 428 et
1763 375 1970 440 Filium,

2089 377 2219 431 κὸνα
2253 379 2490 447 γεγονὼς
2522 380 2657 434 Θεοῦ
2686 381 2780 436 καὶ
2807 380 2927 434 καθ’
2955 381 3212 452 ὁμοίωσιν
3237 425 3251 449 ,
3288 383 3441 456 φέρει
3470 385 3527 437 ἐν
3559 383 3656 440 ἑαυ

417 475 472 519 et
503 463 782 534 Spiritum.
815 463 878 520 Et
909 466 996 521 aio
1031 482 1141 536 quo
1165 467 1349 521 modo.
1381 465 1533 522 Mens
1560 467 1777 536 quidem
1802 468 1982 523 locum

415 557 592 614 Patris
636 559 878 624 obtinet;
929 560 1048 612 Filii
1094 576 1242 624 vero,
1285 559 1377 630 qui
1422 577 1487 615 ex
1538 570 1718 615 mente
1747 562 1984 631 gignitur

415 666 594 706 sermo
618 654 872 715 interior;
906 662 958 706 at
985 668 1106 722 qum
1128 655 1346 707 auditur
1368 668 1468 706 vox
1499 653 1841 722 prolationis,
1860 653 1984 724 Spi-

414 745 576 799 ritum
611 754 981 814 reprzesenlat.
1025 745 1090 798 Et
1121 746 1265 800 sicut
1305 761 1582 814 nunquam
1629 744 1815 798 existit
1859 754 1984 799 ante

412 852 720 892 sermonem
777 838 1050 892 internum
1111 853 1267 892 mens
1305 855 1425 908 quae
1470 839 1618 892 illum
1661 841 1867 910 gignit:
1910 841 1982 894 ita

412 947 511 986 nec
539 941 665 984 ante
694 929 863 984 Deum
913 929 1172 996 Verbum,
1227 931 1314 1000 qui
1394 933 1579 1002 genuit
1619 932 1773 998 illud,
1802 933 1979 988 Pater.

412 1022 476 1076 Et
522 1025 752 1086 iterum,
796 1022 935 1077 sicut
977 1039 1157 1077 sermo
1202 1024 1476 1078 sensubilis
1511 1041 1614 1078 non
1650 1025 1832 1078 existit
1859 1034 1982 1079 ante

409 1115 720 1170 sensibilem
743 1125 985 1168 nostrum
1012 1116 1285 1184 spiritum,
1316 1116 1386 1168 ita
1418 1132 1515 1169 nec
1547 1116 1686 1170 Deus
1719 1115 1979 1182 Verbum,

408 1215 533 1260 ante
562 1207 804 1260 divinum
831 1222 894 1261 ac
919 1206 1190 1262 vivilicum
1224 1209 1486 1277 Spiritum
1513 1228 1526 1268 ;
1555 1211 1695 1262 sicut
1733 1221 1784 1263 et
1814 1226 1979 1278 supe-

408 1299 521 1354 rius
544 1299 850 1368 exemplum
887 1301 1298 1356 demonstravit.
1326 1301 1622 1372 Paucisqtte
1657 1303 1978 1371 interfectis:

407 1391 465 1446 Si
492 1394 656 1459 enim,
687 1394 775 1446 lux
802 1393 1044 1463 quidem,
1075 1410 1198 1448 cum
1227 1395 1296 1448 sit
1321 1395 1449 1448 solis
1472 1396 1792 1464 progenies;
1821 1395 1977 1448 simi-

404 1485 634 1555 literque
674 1487 950 1556 splendor,
989 1489 1129 1541 oculi
1157 1504 1170 1551 ;
1217 1496 1310 1541 aut
1334 1486 1473 1551 fons,
1504 1489 1555 1541 id
1580 1489 1724 1556 quod
1754 1488 1975 1541 ﬂuvium

404 1579 670 1647 producit,
711 1596 990 1649 nunquam
1043 1589 1220 1633 tamen
1257 1580 1481 1645 exstitit,
1529 1595 1705 1648 neque
1742 1579 1822 1633 sol
1855 1589 1980 1634 ante

403 1672 602 1737 lucem,
646 1688 821 1742 neque
862 1675 1054 1728 oculus
1083 1683 1208 1728 ante
1238 1673 1609 1741 splendorem,
1646 1688 1822 1741 neque
1852 1684 1976 1726 ante

400 1767 627 1820 ﬂuvium
659 1765 810 1832 fons;
855 1767 1018 1820 simul
1060 1767 1203 1820 enim
1233 1783 1297 1820 ac
1329 1766 1661 1820 intellexeris
1683 1765 1873 1826 solem,
1899 1766 1972 1818 si-

400 1861 513 1915 mul
544 1870 596 1914 et
633 1877 754 1915 cum
787 1862 878 1916 illo
904 1861 1170 1932 intelliges
1198 1876 1261 1914 ex
1292 1875 1356 1913 eo
1386 1860 1718 1930 progenitam
1755 1860 1966 1926 lucem;

399 1962 454 2008 et
487 1954 648 2009 simul
687 1970 748 2009 ac
781 1955 1049 2026 intelliges
1079 1954 1321 2018 oculum,
1358 1953 1519 2007 simul
1552 1963 1605 2005 et
1637 1967 1759 2005 cum
1788 1967 1852 2005 eo
1885 1951 1971 2004 in-

399 2047 610 2117 telliges
646 2063 708 2102 ex
743 2047 861 2116 ipso
896 2045 1276 2116 procedentem
1304 2045 1678 2114 splendorem;
1711 2045 1973 2113 quemad-

401 2143 618 2194 modum
649 2151 702 2195 et
725 2139 946 2193 ﬂuvium
985 2155 1092 2192 una
1123 2154 1246 2192 cum
1273 2137 1416 2192 fonte
1444 2137 1798 2206 intelligimus
1831 2155 1844 2190 :
1878 2152 1971 2190 eo-

399 2233 520 2287 dem
546 2248 764 2303 quoque
801 2233 965 2287 modo
1017 2232 1362 2303 cogitandum
1388 2241 1470 2286 est
1505 2231 1570 2285 dc
1590 2229 1771 2297 Patre,
1807 2228 1964 2294 Filio,

396 2339 451 2380 e.
481 2326 683 2396 Spiritu
719 2334 928 2381 sancto.

2086 469 2163 540 τῷ
2207 471 2548 540 συμϐολικῶς
2594 473 2686 526 τοῦ
2735 476 3061 544 ποιήσαντος
3090 475 3191 544 τὴν
3227 476 3478 548 μίμησιν.
3519 479 3670 549 Ἔχει

2087 563 2196 633 γὰρ
2227 564 2283 616 ὲν
2325 565 2503 635 ἑαυτῴ
2538 567 2754 638 Πατέρα
2807 569 2899 619 καὶ
2948 567 3075 620 Υἱὸν
3136 569 3228 620 καὶ
3259 569 3503 640 Πνεῦμα.
3559 573 3672 624 Καὶ

2087 653 2230 721 λέγω
2261 672 2394 717 πως·
2439 656 2496 707 'U
2529 657 2625 726 μὲν
2655 657 2796 722 νοῦς,
2824 659 3036 730 Πατρός
3087 661 3251 712 τόπον
3311 660 3518 731 ἐπέχει·
3542 661 3670 715 Υἱοῦ

2085 744 2162 808 δὲ,
2191 748 2219 798 ὁ
2247 745 2306 810 ἐξ
2341 747 2504 799 αὑτοῦ
2537 750 2853 819 τικτόμενος
2885 750 3059 818 λόγος·
3105 753 3196 804 καὶ
3231 753 3262 822 ἡ
3298 752 3488 824 ἕνηχος
3519 755 3669 825 φωνὴ

2085 838 2184 908 τῆς
2219 841 2518 910 προφορᾶς,
2551 841 2611 893 τὺ
2645 842 2866 914 Πνεῦμα
2898 845 3215 916 παρίστησι.
3252 849 3361 901 Καὶ
3397 848 3587 922 ὥσπερ
3607 851 3668 904 οὐ

2086 933 2430 1004 προῦπάρχει
2460 934 2588 986 ποτὲ
2603 933 2694 986 τοῦ
2725 935 3026 989 ἐνδιαθέτου
3051 937 3208 1004 λόγου
3241 942 3268 992 ὀ
3289 943 3551 1012 γεννήσας
3566 944 3666 996 αὐ-

2083 1028 2174 1080 τὸν
2211 1029 2354 1091 νοῦς,
2380 1027 2551 1092 οὕτως
2579 1029 2699 1080 οὐδὲ
2734 1029 2826 1081 τοῦ
2861 1029 2995 1082 Θεοῦ
3024 1027 3196 1097 Λόγου
3229 1034 3256 1084 ὁ
3286 1034 3548 1104 γεννήσας
3578 1035 3668 1088 αὑ-

2082 1121 2173 1173 τὸν
2199 1122 2408 1192 Πατήρ.
2446 1123 2552 1174 Καὶ
2587 1121 2746 1174 πάλιν
2766 1121 2954 1193 ὥσπερ
2975 1122 3034 1174 οὐ
3068 1123 3410 1196 προῦπάρχει
3437 1125 3529 1178 τοῦ
3588 1129 3665 1179 αἰ-

2085 1214 2283 1285 σθητοῦ
2343 1215 2496 1284 ἡμῶν
2527 1213 2831 1283 πνεύματος
2884 1217 2912 1268 ὁ
2946 1215 3200 1285 αἰσθητὸς
3249 1217 3442 1285 λόγος,
3490 1217 3665 1283 οὕτως

2082 1307 2200 1359 οὐδὲ
2235 1306 2326 1359 τοῦ
2351 1307 2492 1360 θείου
2515 1308 2607 1360 καὶ
2631 1306 2892 1370 ζωοποιοῦ
2922 1308 3281 1378 Πνεῦματοςό
3303 1309 3436 1373 Θεὸς
3467 1310 3657 1378 Λόγος·

2083 1399 2264 1463 καθὼς
2313 1401 2405 1453 καὶ
2446 1399 2506 1452 τὸ
2546 1400 2805 1470 πρότερον
2845 1399 3090 1463 ἀπέδειξε
3133 1400 3500 1472 παράδειγμα.
3549 1403 3659 1456 Kal

2075 1493 2202 1562 μετ’
2236 1493 2427 1560 ὀλίγα·
2464 1492 2527 1544 Εἰ
2559 1491 2668 1562 γὰρ
2693 1492 2806 1561 φῶς
2833 1491 2932 1562 μὲν
2966 1491 3115 1561 ήλίου
3143 1494 3385 1563 γέννημα
3409 1533 3423 1556 ,
3459 1493 3660 1565 ὁμοίως

2082 1588 2173 1639 καὶ
2217 1585 2493 1656 ὀφθαλμοῦ
2534 1585 2705 1655 αὐγὴ,
2766 1585 2798 1655 ἢ
2849 1585 2998 1654 πηγὴ
3050 1584 3293 1654 ποταμοῦ
3347 1584 3655 1656 πρόϐλημα,

2081 1680 2141 1732 οὐ
2181 1679 2503 1750 προϋπῆρχε
2527 1677 2582 1728 δέ
2616 1693 2745 1728 ποτε
2767 1718 2780 1741 ,
2815 1675 2936 1728 οὔτε
2963 1676 3056 1728 τοῦ
3107 1677 3285 1744 φωτὸς
3315 1677 3483 1747 ἥλιος,
3530 1677 3652 1730 οὕτε

2075 1773 2174 1843 τῆς
2201 1772 2371 1841 αὐγῆς
2399 1769 2694 1839 ὀφθαλμὸς,
2727 1768 2849 1822 οὔτε
2877 1768 2969 1822 τοῦ
2995 1769 3237 1841 ποταμοῦ
3268 1773 3300 1840 ἡ
3336 1772 3506 1842 πηγή·
3541 1770 3656 1840 ἅμα

2075 1864 2183 1936 γὰρ
2216 1864 2514 1933 ἐπενόησας
2532 1861 2701 1931 ἣλιον,
2734 1863 2848 1932 ἅμα
2879 1864 3280 1932 συνεπινοήσεις
3309 1863 3456 1933 αὐτῷ
3483 1862 3654 1916 καὶτὸ

2073 1953 2133 2019 ἐξ
2161 1953 2323 2008 αὑτοῦ
2358 1955 2672 2024 τικτόμενον
2704 1954 2837 2023 φῶς·
2869 1955 2960 2006 καὶ
2994 1955 3108 2024 ἅμα
3135 1955 3440 2025 ἐπινοήσεις
3465 1955 3653 2023 ὀφθαλο

2077 2048 2213 2118 μὸν,
2278 2047 2393 2118 ἅμα
2460 2048 2865 2116 συνεπινοήσεις
2917 2046 3064 2116 αὐτῷ
3113 2047 3206 2100 καὶ
3253 2047 3350 2118 τὴν
3399 2045 3458 2113 ἐξ
3487 2047 3649 2100 αὑτοῦ

2075 2137 2368 2210 προϊοῦσαν
2398 2139 2591 2209 αὐγήν·
2628 2138 2704 2201 ὡς
2731 2139 2822 2190 καῖ⁸
2853 2141 2918 2209 τῇ
2952 2141 3101 2209 πηγῇ
3135 2138 3225 2191 τὸν
3255 2139 3493 2209 ποταμὸν
3537 2156 3652 2192 συν-

2073 2229 2412 2302 επινοοῦμεν·
2449 2229 2622 2292 οὕτως
2649 2230 2866 2300 νοητέον
2899 2231 2991 2283 καὶ
3020 2231 3112 2282 ἐπὶ
3143 2230 3358 2301 Πατρός
3391 2231 3484 2283 καὶ
3518 2230 3648 2283 Υῐοῦ

2072 2324 2164 2377 καὶ
2199 2324 2355 2390 ἁγίου
2380 2321 2714 2393 Πνεύματος.

395 2461 621 2534 Reliqua
663 2464 778 2517 vide
821 2463 875 2516 in
911 2460 1092 2516 Notis.
1118 2489 1186 2502 —-
1220 2461 1464 2516 (Iotelerii
1503 2459 1771 2530 judicium
1826 2459 1889 2512 de
1919 2457 2260 2541 Clementinis
2293 2459 2570 2526 praemittit
2618 2456 2936 2512 Gallandius
2988 2457 3370 2512 Dissertationi
3393 2473 3504 2510 sua:
3533 2471 3648 2528 quia

1897 2539 2158 2597 sequitur.

1380 2792 1559 2902 DE
1680 2787 2648 2900 CLEMENTINIS

816 3012 1465 3103 GALLANDH
1551 3004 2346 3097 DISSERTATIO
2420 3003 3237 3100 PllOlEMIALIS.

1054 3186 1186 3247 (Vel.
1214 3172 1418 3232 Patrum
1453 3176 1769 3238 Bibliotheca,
1795 3180 1832 3225 ι.
1862 3175 1927 3236 ll,
1950 3174 2195 3236 Venetiis,
2224 3173 2360 3235 1766,
2385 3173 2569 3236 in-fol.,
2589 3174 2818 3237 Proleg.,
2841 3189 2891 3237 p.
2917 3179 3018 3237 LV.)

466 3317 505 3372 1.
547 3317 1006 3372 Ctsusurtnonuu
1030 3331 1157 3384 opus
1184 3329 1284 3366 non
1310 3310 1562 3366 incelebre
1589 3325 1608 3364 :
1627 3309 1822 3381 quippe
1846 3306 2079 3376 antiquis
2113 3304 2366 3360 Ecclesia:
2395 3303 2744 3375 scriptoribus
2768 3319 3117 3360 memoratum
3137 3320 3294 3380 atque
3316 3324 3638 3384 excerptum.

402 3387 566 3445 Varia
593 3388 748 3458 hujus
778 3387 947 3458 operis
979 3385 1218 3454 partitio.

465 3459 528 3513 ll.
558 3445 700 3512 Licét
729 3445 993 3511 erroribus
1030 3462 1254 3516 scateat,
1287 3454 1465 3522 fructu
1495 3461 1667 3504 tamen
1699 3449 1842 3502 haud
1893 3455 2035 3500 caret
2084 3446 2196 3514 ejus
2250 3446 2425 3509 lectio,
2469 3445 2779 3516 multiplicis
2812 3447 2868 3500 in
2888 3449 3082 3570 primis
3111 3449 3372 3505 doctrinm
3429 3471 3591 3509 causa
3617 3497 3636 3522 ,

465 3545 549 3570 nm
572 3529 640 3570 nrl
667 3529 956 3570 ris-imarum
987 3526 1247 3570 hmreselm
1278 3524 1527 3570 doamata
1555 3521 1742 3570 melius
1769 3517 2146 3570 coanoscenda.
2180 3515 2241 3568 In
2279 3517 2460 3569 multis
2483 3517 2686 3570 similia
2715 3526 2839 3570 sunt
2936 3521 3351 3570 ecoanitionibus
3399 3525 3636 3570 Clemen—

393 3541 549 3601 atque
572 3529 640 3580 ad
666 3529 956 3601 primarum
987 3526 1247 3601 hazreseon
1278 3515 1527 3592 dogmata
1555 3521 1742 3573 melius
1769 3517 2154 3601 cognoscenda.
2180 3515 2460 3601 .lnmmu‘lt’is
2483 3515 2686 3570 similia
2715 3526 2839 3570 sunt

2936 3521 3351 3589 ecognitionibus
3399 3521 3639 3580 Clemené

395 3585 541 3662 trivia;
577 3585 694 3668 qua:
720 3595 1174 3668 interpolatiouem
1203 3585 1408 3668 quoque
1434 3608 1591 3668 passa
1618 3607 1727 3644 esse
1754 3585 2014 3668 pi‘d'entur.
2051 3587 2192 3653 Quid
2239 3585 2522 3666 Ὀμιλίαι.⁶

468 3657 554 3723 Ill.
588 3657 788 3722 luctor
826 3657 1255 3736 Iiecognitionum
1279 3657 1339 3736 el
1361 3657 1722 3736 Hgmiliarum
1747 3658 2217 3736 Clementinorum,
2250 3674 2384 3711 unus
2412 3669 2464 3709 et
2504 3657 2645 3710 idem
2685 3673 2797 3711 esse
2831 3657 3059 3712 videtur.
3095 3658 3224 3713 Erat
3251 3678 3315 3715 ea:
3340 3673 3481 3718 secta
3518 3664 3637 3719 Na-

393 3755 714 3798 zareorum.
749 3739 915 3806 Longe
945 3727 1097 3806 aliter
1121 3734 1278 3787 sentit
1309 3735 1372 3787 de
1403 3729 1547 3784 Filio
1587 3729 1685 3806 Dei
1716 3745 1776 3781 ac
1810 3727 2093 3781 Ebionitae.

463 3809 555 3864 IV.
580 3801 933 3877 Duplicem'in
965 3805 1176 3860 Christo
1201 3813 1449 3877 naturam
1471 3801 1730 3872 agnoscit.

467 3879 530 3934 ν.
562 3873 754 3934 Omnia
787 3894 877 3946 per
895 3892 1014 3930 eum
1041 3883 1214 3928 creata
1237 3890 1344 3927 esse
1375 3873 1544 3926 docet.

463 3949 553 4004 Vl.
586 3948 742 4002 Illius
769 3939 890 4002 cum
925 3946 1186 3999 Ebionitis
1209 3958 1502 4014 pugna,_ex
1537 3941 1775 4014 pluribus
1808 3939 1930 3993 aliis
1959 3939 2236 4014 principiis
2260 3941 2606 4014 perspicitur.

464 4016 575 4074 VlL
601 4019 677 4072 De
700 4028 926 4087 tempore
946 4033 1047 4087 quo
1073 4010 1331 4084 scriptum
1375 4010 1734 4066 Homiliarum
1759 4027 1887 4079 opus
1916 4010 2277 4064 existimatur.
2309 4011 2424 4077 Quo
2449 4025 2602 4082 pacto
2631 4013 2897 4067 adornata
2922 4012 3103 4067 isthazc
3130 4015 3310 4069 editio.

460 4242 503 4297 1.
536 4241 650 4297 Hoc
676 4249 760 4297 est
785 4242 850 4296 de
874 4240 1317 4297 Clementinorum
1349 4255 1511 4312 opere
1555 4238 1779 4294 JOANNIS
1831 4239 1966 4294 Bu-
1994 4244 2040 4307 ο
2073 4235 2413 4292 Antiocheno
2449 4237 2548 4306 ('5).
2585 4234 2820 4292 Maximo
2855 4236 2930 4310 (4)
2965 4247 3018 4294 et
3040 4237 3285 4295 Cedreno
3313 4240 3389 4312 (5)
3428 4244 3637 4315 colligi-

392 4350 568 4392 TIS'I‘E
585 4333 879 4389 COTELERII
895 4333 1163 4404 judicium
1181 4330 1394 4402 (Patres
1420 4331 1723 4400 apostolici,
1740 4331 1780 4394 l,
1799 4329 1957 4401 606):

467 4450 486 4482 ι
522 4431 665 4485 inter
697 4428 868 4482 multa
907 4426 1213 4497 apocrypha
1256 4440 1377 4496 qua:
1417 4423 1682 4479 Clementi
1711 4422 1960 4478 Romano

388 4535 597 4581 veteres
626 4522 952 4585 tribuerunt,
1003 4535 1348 4589 quorumque
1384 4533 1549 4574 causa
1581 4533 1706 4574 eum
1749 4517 1961 4572 videtur

388 4618 626 4688 primum
671 4615 1057 4670 historicorum
1099 4612 1594 4668 ecclesiasticorum
1627 4611 1961 4665 constituere"

391 4707 729 4765 Sozomenus
757 4708 857 4781 (l),
887 4723 991 4761 non
1014 4705 1286 4760 incelebre
1318 4704 1458 4758 istud
1485 4712 1569 4758 est
1602 4721 1616 4756 :
1649 4702 1960 4766 excerpitur

388 4801 532 4855 enim
561 4816 592 4855 a
613 4799 823 4855 Joanne
838 4799 1177 4854 Damasceno
1205 4816 1218 4863 ;
1252 4797 1574 4851 nominatim
1594 4812 1722 4849 vero
1748 4809 1959 4848 memo-

388 4892 618 4947 raturin
651 4891 878 4963 Synopsi
902 4889 1298 4955 Athanasiana,
1338 4887 1597 4943 Chronico
1636 4886 1959 4940 Alexandri-

390 5001 479 5048 no,
505 4982 748 5037 Historia
777 4984 1134 5038 ecclesiastica
1159 4981 1470 5050 Nicephori,
1503 4978 1778 5034 Anastasii
1836 4992 1960 5047 pre-

389 5076 593 5147 sbyteri
617 5075 702 5129 vel
729 5077 951 5130 alterius
976 5075 1403 5140 Collectaneis,et
1430 5071 1653 5128 Niconis
1684 5071 1958 5125 Pandecte

391 5168 622 5225 inferius
674 5169 886 5224 citanda
923 5170 990 5223 ad
1027 5167 1224 5225 Homil.
1262 5184 1359 5234 xn,
1398 5182 1521 5237 cap.
1567 5165 1658 5232 25.,
1708 5176 1872 5235 atque
1903 5163 1959 5218 in

389 5261 670 5334 Epitomen
734 5276 829 5330 per
877 5261 1293 5333 Metaphrastem
1343 5261 1626 5316 redactum
1671 5269 1773 5314 est.
1806 5257 1960 5313 Con-

388 5364 633 5426 spectum
677 5363 857 5411 autem
889 5353 1057 5411 fuisse
1096 5357 1165 5411 ab
1207 5355 1512 5427 Epiphanio
1539 5356 1640 5426 (2),
1667 5351 1958 5412 Anastasio

462 5492 543 5564 (t)
567 5492 818 5564 Somn»,
851 5491 1001 5564 Hist.
1029 5492 1123 5547 lib.
1164 5509 1202 5557 ι,
1230 5510 1350 5564 cap.
1391 5494 1440 5550 l.

465 5563 542 5633 (2)
565 5562 762 5633 Epiph.
791 5605 804 5630 ,
849 5562 998 5618 Hm.
1031 5580 1178 5629 xxvu,
1216 5581 1270 5620 ιι.
1301 5562 1393 5619 16.

460 5633 541 5707 ἐξ)
567 5633 844 5707 Amans»
879 5635 1082 5707 οιιφεεο
1133 5650 1224 5707 xx.
1258 5651 1378 5707 pas-
1405 5635 1532 5692 242-

459 5702 542 5772 (4)
569 5701 738 5773 Μαι,
771 5705 946 5761 Serm.
981 5705 1051 5760 55
1072 5715 1125 5761 et
1155 5705 1246 5761 55.

2066 4338 2192 4396 tur,
2248 4327 2294 4384 si
2340 4342 2464 4382 cum
2497 4326 2837 4385 Clementinis
2898 4331 3099 4386 nostris
3131 4331 3207 4402 (6)
3249 4334 3413 4388 citata
3443 4351 3633 4392 eorum

2067 4423 2186 4478 loca
2218 4419 2594 4477 conferuntur.
2632 4421 2774 4488 Quin
2807 4422 2972 4479 etiam
3011 4423 3339 4481 Clementina
3372 4426 3510 4483 forte
3537 4443 3636 4482 no-

2065 4513 2723 4584 minaveratNicephorus
2759 4514 2864 4569 CP.
2907 4517 2963 4570 in
3005 4514 3378 4571 Stichometria
3408 4533 3504 4574 seu
3533 4519 3638 4574 Ca-

2066 4623 2209 4663 none
2262 4607 2669 4678 Scripturarum
2713 4626 2726 4662 :
2773 4618 2825 4663 et
2874 4609 2965 4663 ubi
3013 4625 3160 4666 nunc
3215 4611 3439 4681 legitur,
3491 4612 3634 4682 apud

2068 4703 2404 4774 Scaligerum
2440 4709 2494 4756 et
2517 4700 2763 4768 Croium,
2796 4700 3146 4774 Κλήμεντος
3174 4706 3290 4769 .16",
3337 4705 3391 4758 in
3419 4705 3635 4760 Criticis

2062 4806 2245 4849 autem
2290 4795 2458 4847 sacris
2500 4801 2629 4847 tom.
2686 4791 2795 4846 Vlll
2831 4810 2844 4846 :
2875 4791 3170 4862 Κλήμεντ.
3227 4796 3338 4859 λϐθ,
3387 4797 3489 4852 hoc
3530 4806 3633 4861 est,

2061 4885 2353 4941 Anastasio
2430 4884 2854 4940 Bibliothecario
2931 4887 3262 4954 interprete,
3354 4887 3635 4943 Clementis

2067 4982 2290 5052 (χχχιι),
2329 4981 2401 5035 ibi
2432 4981 2687 5051 primitus
2731 4981 2994 5048 scriptum
3021 4988 3139 5033 erat
3162 4980 3502 5048 Κλημέντια
3521 4983 3632 5049 λεν,

2065 5082 2160 5127 aut
2189 5075 2527 5144 Κλημέντια
2552 5074 2656 5126 φιϐ’.
2694 5071 2906 5126 Etenim
2964 5070 3218 5142 Synopsis
3263 5073 3430 5141 dicta,
3469 5089 3635 5144 quam

2065 5164 2405 5236 Nicephorus
2450 5167 2718 5236 sequitur,
2763 5161 3102 5232 Κλημέντια
3137 5164 3318 5220 habet.
3357 5166 3414 5220 Si
3457 5174 3636 5220 autem

2065 5259 2305 5315 retineas
2352 5261 2463 5325 λε’,
2512 5258 2595 5313 vel
2631 5257 2779 5312 dices
2825 5255 3028 5309 variam
3071 5256 3199 5311 olim
3255 5256 3427 5312 fuisse
3475 5256 3640 5325 hujus

2067 5353 2268 5423 operis,
2310 5361 2368 5406 ut
2394 5350 2848 5420 Recognitionum,
2903 5348 3264 5416 divisionem;
3317 5347 3489 5404 fretus
3531 5363 3637 5402 au-

2140 5491 2218 5562 (5)
2257 5489 2509 5562 C_edren.,
2549 5486 2832 5562 Compend.
2866 5485 3016 5562 his_t._,
3048 5503 3203 5562 pagg.
3240 5484 3494 5562 i70:l_75.

2141 5556 2220 5631 (6)
2263 5557 2704 5631 Clemeut.,liom._
2733 5573 2905 5631 tv,_n.
2937 5556 3216 5631 i6;’lu_5i_i).
3249 5572 3310 5621 ιι,
3340 5557 3439 5622 52;
3480 5556 3630 5611 hom.

2071 5627 2158 5699 tv,
2187 5627 2220 5686 4'
2249 5648 2263 5698 ;
2306 5632 2454 5685 hom.
2487 5645 2564 5697 xu,
2594 5627 2647 5696 8,
2687 5628 2786 5696 ll;
2818 5629 2968 5684 hom.
2999 5643 3082 5694 tu,
3106 5628 3176 5682 58
3202 5635 3398 5699 etseq.

3611 270 3676 325 12

3913 3596 3919 3866 ι
