  <div class='ocr_page' id='page_1' title='image "/cluster/home/n/w/nwhite01/storage/ocr_20150623/2/mdp.39015005182426/016.png"; bbox 0 0 3970 6148; ppageno 0'>
   <div class='ocr_carea' id='block_1_1' title="bbox 311 291 1852 363">
    <p class='ocr_par' dir='ltr' id='par_1_1' title="bbox 311 291 1835 352">
     <span class='ocr_line' id='line_1_1' title="bbox 311 291 1835 352; baseline -0.003 -3"><span class='ocrx_word' id='word_1_1' title='bbox 311 294 374 352; x_wconf 74' lang='lat' dir='ltr'><strong>I3</strong></span> <span class='ocrx_word' id='word_1_2' title='bbox 1379 291 1835 347; x_wconf 77' lang='lat' dir='ltr'><strong>CLEMENTINA.</strong></span> 
     </span>
    </p>
   </div>
   <div class='ocr_carea' id='block_1_2' title="bbox 1961 291 3542 363">
    <p class='ocr_par' dir='ltr' id='par_1_2' title="bbox 1981 291 3542 363">
     <span class='ocr_line' id='line_1_2' title="bbox 1981 291 3542 363; baseline 0.01 -17"><span class='ocrx_word' id='word_1_3' title='bbox 1981 291 2339 349; x_wconf 60' lang='lat' dir='ltr'><strong>PROGIMIA.</strong></span> <span class='ocrx_word' id='word_1_4' title='bbox 3480 305 3542 363; x_wconf 76' lang='lat' dir='ltr'><strong>M</strong></span> 
     </span>
    </p>
   </div>
   <div class='ocr_carea' id='block_1_3' title="bbox 301 404 3541 477">
    <p class='ocr_par' dir='ltr' id='par_1_3' title="bbox 301 404 3541 477">
     <span class='ocr_line' id='line_1_3' title="bbox 301 404 3541 477; baseline 0.001 -10"><span class='ocrx_word' id='word_1_5' title='bbox 301 411 550 467; x_wconf 78' lang='lat' dir='ltr'><strong>ctorilate</strong></span> <span class='ocrx_word' id='word_1_6' title='bbox 577 406 1126 462; x_wconf 79' lang='lat' dir='ltr'><strong>Francisci&#39;l‘urriani</strong></span> <span class='ocrx_word' id='word_1_7' title='bbox 1167 407 1282 476; x_wconf 87' lang='lat' dir='ltr'><strong>(qui</strong></span> <span class='ocrx_word' id='word_1_8' title='bbox 1309 408 1438 463; x_wconf 91' lang='lat' dir='ltr'><strong>illud</strong></span> <span class='ocrx_word' id='word_1_9' title='bbox 1482 416 1675 463; x_wconf 87' lang='lat' dir='ltr'><strong>nactus</strong></span> <span class='ocrx_word' id='word_1_10' title='bbox 1701 423 1864 461; x_wconf 85' lang='lat' dir='ltr'><strong>manu</strong></span> <span class='ocrx_word' id='word_1_11' title='bbox 1897 411 1940 465; x_wconf 72' lang='grc' dir='ltr'><strong>Δ</strong></span> <span class='ocrx_word' id='word_1_12' title='bbox 1971 404 2140 459; x_wconf 85' lang='lat' dir='ltr'><strong>habes</strong></span> <span class='ocrx_word' id='word_1_13' title='bbox 2195 404 2334 460; x_wconf 83' lang='lat' dir='ltr'><strong>infra</strong></span> <span class='ocrx_word' id='word_1_14' title='bbox 2360 447 2376 472; x_wconf 93' lang='lat'><strong>,</strong></span> <span class='ocrx_word' id='word_1_15' title='bbox 2437 405 2491 460; x_wconf 91' lang='lat' dir='ltr'><strong>in</strong></span> <span class='ocrx_word' id='word_1_16' title='bbox 2552 406 2866 477; x_wconf 78' lang='lat' dir='ltr'><strong>Appendice</strong></span> <span class='ocrx_word' id='word_1_17' title='bbox 2930 421 3410 468; x_wconf 71' lang='lat' dir='ltr'><strong>monumentorum</strong></span> <span class='ocrx_word' id='word_1_18' title='bbox 3475 423 3541 474; x_wconf 85' lang='lat' dir='ltr'><strong>ad</strong></span> 
     </span>
    </p>
   </div>
   <div class='ocr_carea' id='block_1_4' title="bbox 301 498 1869 572">
    <p class='ocr_par' dir='ltr' id='par_1_4' title="bbox 301 498 1869 572">
     <span class='ocr_line' id='line_1_4' title="bbox 301 498 1869 572; baseline -0.005 -12"><span class='ocrx_word' id='word_1_19' title='bbox 301 503 586 572; x_wconf 86' lang='lat' dir='ltr'><strong>scriptum,</strong></span> <span class='ocrx_word' id='word_1_20' title='bbox 615 502 668 556; x_wconf 72' lang='lat' dir='ltr'><strong>In</strong></span> <span class='ocrx_word' id='word_1_21' title='bbox 711 500 941 569; x_wconf 88' lang='lat' dir='ltr'><strong>epistola</strong></span> <span class='ocrx_word' id='word_1_22' title='bbox 973 501 1039 553; x_wconf 88' lang='lat' dir='ltr'><strong>ad</strong></span> <span class='ocrx_word' id='word_1_23' title='bbox 1066 498 1292 554; x_wconf 87' lang='lat' dir='ltr'><strong>llosium</strong></span> <span class='ocrx_word' id='word_1_24' title='bbox 1321 501 1652 554; x_wconf 88' lang='lat' dir='ltr'><strong>cardinalem</strong></span> <span class='ocrx_word' id='word_1_25' title='bbox 1687 499 1869 568; x_wconf 72' lang='lat' dir='ltr'><strong>praeli-</strong></span> 
     </span>
    </p>
   </div>
   <div class='ocr_carea' id='block_1_5' title="bbox 303 589 1867 660">
    <p class='ocr_par' dir='ltr' id='par_1_5' title="bbox 303 589 1867 660">
     <span class='ocr_line' id='line_1_5' title="bbox 303 589 1867 660; baseline -0.004 -13"><span class='ocrx_word' id='word_1_26' title='bbox 303 592 499 648; x_wconf 83' lang='lat' dir='ltr'><strong>minati</strong></span> <span class='ocrx_word' id='word_1_27' title='bbox 541 591 872 660; x_wconf 78' lang='lat' dir='ltr'><strong>Defensi-mis</strong></span> <span class='ocrx_word' id='word_1_28' title='bbox 918 607 1014 658; x_wconf 85' lang='lat' dir='ltr'><strong>pro</strong></span> <span class='ocrx_word' id='word_1_29' title='bbox 1068 591 1354 643; x_wconf 85' lang='lat' dir='ltr'><strong>canonibus</strong></span> <span class='ocrx_word' id='word_1_30' title='bbox 1407 589 1768 658; x_wconf 78' lang='lat' dir='ltr'><strong>apostolorum</strong></span> <span class='ocrx_word' id='word_1_31' title='bbox 1820 600 1867 642; x_wconf 90' lang='lat' dir='ltr'><strong>et</strong></span> 
     </span>
    </p>
   </div>
   <div class='ocr_carea' id='block_1_6' title="bbox 299 682 1867 754">
    <p class='ocr_par' dir='ltr' id='par_1_6' title="bbox 299 682 1867 754">
     <span class='ocr_line' id='line_1_6' title="bbox 299 682 1867 754; baseline -0.002 -17"><span class='ocrx_word' id='word_1_32' title='bbox 299 684 534 754; x_wconf 65' lang='lat' dir='ltr'><strong>epistolis</strong></span> <span class='ocrx_word' id='word_1_33' title='bbox 571 682 882 750; x_wconf 82' lang='lat' dir='ltr'><strong>pontiﬁcum</strong></span> <span class='ocrx_word' id='word_1_34' title='bbox 901 722 916 746; x_wconf 91' lang='lat'><strong>,</strong></span> <span class='ocrx_word' id='word_1_35' title='bbox 960 682 1089 735; x_wconf 91' lang='lat' dir='ltr'><strong>citat</strong></span> <span class='ocrx_word' id='word_1_36' title='bbox 1119 697 1184 735; x_wconf 83' lang='lat' dir='ltr'><strong>ex</strong></span> <span class='ocrx_word' id='word_1_37' title='bbox 1213 682 1352 735; x_wconf 91' lang='lat' dir='ltr'><strong>libro</strong></span> <span class='ocrx_word' id='word_1_38' title='bbox 1382 698 1478 735; x_wconf 82' lang='lat' dir='ltr'><strong>vm</strong></span> <span class='ocrx_word' id='word_1_39' title='bbox 1498 682 1676 736; x_wconf 89' lang='lat' dir='ltr'><strong>locum</strong></span> <span class='ocrx_word' id='word_1_40' title='bbox 1705 697 1867 750; x_wconf 85' lang='lat' dir='ltr'><strong>quem</strong></span> 
     </span>
    </p>
   </div>
   <div class='ocr_carea' id='block_1_7' title="bbox 303 773 1866 844">
    <p class='ocr_par' dir='ltr' id='par_1_7' title="bbox 303 773 1866 844">
     <span class='ocr_line' id='line_1_7' title="bbox 303 773 1866 844; baseline -0.003 -16"><span class='ocrx_word' id='word_1_41' title='bbox 303 776 390 829; x_wconf 86' lang='lat' dir='ltr'><strong>hic</strong></span> <span class='ocrx_word' id='word_1_42' title='bbox 411 777 551 844; x_wconf 87' lang='lat' dir='ltr'><strong>leges</strong></span> <span class='ocrx_word' id='word_1_43' title='bbox 576 773 765 828; x_wconf 89' lang='lat' dir='ltr'><strong>homil.</strong></span> <span class='ocrx_word' id='word_1_44' title='bbox 797 788 940 837; x_wconf 79' lang='lat' dir='ltr'><strong>xvu,</strong></span> <span class='ocrx_word' id='word_1_45' title='bbox 973 773 1039 826; x_wconf 85' lang='grc'><strong>15</strong></span> <span class='ocrx_word' id='word_1_46' title='bbox 1059 815 1074 837; x_wconf 87' lang='grc'>,</span> <span class='ocrx_word' id='word_1_47' title='bbox 1106 782 1158 826; x_wconf 91' lang='lat' dir='ltr'><strong>et</strong></span> <span class='ocrx_word' id='word_1_48' title='bbox 1188 773 1521 841; x_wconf 77' lang='lat' dir='ltr'><strong>Defensionis</strong></span> <span class='ocrx_word' id='word_1_49' title='bbox 1546 773 1640 826; x_wconf 91' lang='lat' dir='ltr'><strong>lib.</strong></span> <span class='ocrx_word' id='word_1_50' title='bbox 1669 789 1721 837; x_wconf 86' lang='lat' dir='ltr'><strong>v,</strong></span> <span class='ocrx_word' id='word_1_51' title='bbox 1747 787 1866 841; x_wconf 87' lang='lat' dir='ltr'><strong>cap.</strong></span> 
     </span>
    </p>
   </div>
   <div class='ocr_carea' id='block_1_8' title="bbox 304 864 1864 934">
    <p class='ocr_par' dir='ltr' id='par_1_8' title="bbox 304 864 1864 934">
     <span class='ocr_line' id='line_1_8' title="bbox 304 864 1864 934; baseline -0.003 -12"><span class='ocrx_word' id='word_1_52' title='bbox 304 870 427 934; x_wconf 58' lang='grc' dir='ltr'><strong>υἷι,</strong></span> <span class='ocrx_word' id='word_1_53' title='bbox 455 885 484 922; x_wconf 94' lang='lat' dir='ltr'><strong>e</strong></span> <span class='ocrx_word' id='word_1_54' title='bbox 509 867 639 922; x_wconf 90' lang='lat' dir='ltr'><strong>libb.</strong></span> <span class='ocrx_word' id='word_1_55' title='bbox 673 883 726 920; x_wconf 83' lang='lat' dir='ltr'><strong>vl</strong></span> <span class='ocrx_word' id='word_1_56' title='bbox 764 876 818 920; x_wconf 88' lang='lat' dir='ltr'><strong>et</strong></span> <span class='ocrx_word' id='word_1_57' title='bbox 859 881 952 918; x_wconf 77' lang='lat' dir='ltr'><strong>vm</strong></span> <span class='ocrx_word' id='word_1_58' title='bbox 998 866 1116 918; x_wconf 88' lang='lat' dir='ltr'><strong>loca</strong></span> <span class='ocrx_word' id='word_1_59' title='bbox 1161 864 1349 918; x_wconf 89' lang='lat' dir='ltr'><strong>homil.</strong></span> <span class='ocrx_word' id='word_1_60' title='bbox 1385 879 1470 926; x_wconf 64' lang='grc' dir='ltr'>χι,</span> <span class='ocrx_word' id='word_1_61' title='bbox 1505 864 1596 930; x_wconf 69' lang='lat'><strong>22,</strong></span> <span class='ocrx_word' id='word_1_62' title='bbox 1633 872 1686 919; x_wconf 88' lang='lat' dir='ltr'><strong>et</strong></span> <span class='ocrx_word' id='word_1_63' title='bbox 1718 865 1864 917; x_wconf 87' lang='lat' dir='ltr'><strong>hom.</strong></span> 
     </span>
    </p>
   </div>
   <div class='ocr_carea' id='block_1_9' title="bbox 300 958 1864 1032">
    <p class='ocr_par' dir='ltr' id='par_1_9' title="bbox 300 958 1864 1032">
     <span class='ocr_line' id='line_1_9' title="bbox 300 958 1864 1032; baseline -0.004 -14"><span class='ocrx_word' id='word_1_64' title='bbox 300 981 406 1030; x_wconf 76' lang='lat' dir='ltr'><strong>xvr,</strong></span> <span class='ocrx_word' id='word_1_65' title='bbox 432 963 528 1030; x_wconf 69' lang='lat'><strong>12;</strong></span> <span class='ocrx_word' id='word_1_66' title='bbox 563 963 615 1016; x_wconf 92' lang='lat' dir='ltr'><strong>in</strong></span> <span class='ocrx_word' id='word_1_67' title='bbox 644 960 1133 1032; x_wconf 74' lang='lat' dir='ltr'><strong>Explanationibus</strong></span> <span class='ocrx_word' id='word_1_68' title='bbox 1157 974 1285 1013; x_wconf 83' lang='lat' dir='ltr'><strong>vero</strong></span> <span class='ocrx_word' id='word_1_69' title='bbox 1313 959 1379 1013; x_wconf 90' lang='lat' dir='ltr'><strong>ad</strong></span> <span class='ocrx_word' id='word_1_70' title='bbox 1411 958 1636 1012; x_wconf 80' lang='lat' dir='ltr'><strong>Consttt.</strong></span> <span class='ocrx_word' id='word_1_71' title='bbox 1670 968 1864 1024; x_wconf 86' lang='lat' dir='ltr'><strong>apost.,</strong></span> 
     </span>
    </p>
   </div>
   <div class='ocr_carea' id='block_1_10' title="bbox 297 1052 1866 1126">
    <p class='ocr_par' dir='ltr' id='par_1_10' title="bbox 297 1052 1866 1126">
     <span class='ocr_line' id='line_1_10' title="bbox 297 1052 1866 1126; baseline -0.004 -16"><span class='ocrx_word' id='word_1_72' title='bbox 297 1056 387 1112; x_wconf 87' lang='lat' dir='ltr'><strong>lib.</strong></span> <span class='ocrx_word' id='word_1_73' title='bbox 417 1072 477 1121; x_wconf 86' lang='lat' dir='ltr'><strong>ll,</strong></span> <span class='ocrx_word' id='word_1_74' title='bbox 509 1073 630 1126; x_wconf 87' lang='lat' dir='ltr'><strong>cap.</strong></span> <span class='ocrx_word' id='word_1_75' title='bbox 668 1057 736 1108; x_wconf 80' lang='lat'><strong>56</strong></span> <span class='ocrx_word' id='word_1_76' title='bbox 763 1097 776 1121; x_wconf 93' lang='lat'><strong>,</strong></span> <span class='ocrx_word' id='word_1_77' title='bbox 811 1054 1046 1107; x_wconf 92' lang='lat' dir='ltr'><strong>laudate</strong></span> <span class='ocrx_word' id='word_1_78' title='bbox 1071 1053 1164 1106; x_wconf 91' lang='lat' dir='ltr'><strong>lib.</strong></span> <span class='ocrx_word' id='word_1_79' title='bbox 1195 1069 1268 1107; x_wconf 85' lang='lat' dir='ltr'><strong>vn</strong></span> <span class='ocrx_word' id='word_1_80' title='bbox 1307 1052 1488 1106; x_wconf 88' lang='lat' dir='ltr'><strong>locum</strong></span> <span class='ocrx_word' id='word_1_81' title='bbox 1519 1053 1669 1106; x_wconf 91' lang='lat' dir='ltr'><strong>hom.</strong></span> <span class='ocrx_word' id='word_1_82' title='bbox 1711 1066 1866 1117; x_wconf 75' lang='lat' dir='ltr'><strong>XVIII,</strong></span> 
     </span>
    </p>
   </div>
   <div class='ocr_carea' id='block_1_11' title="bbox 295 1143 1864 1217">
    <p class='ocr_par' dir='ltr' id='par_1_11' title="bbox 295 1143 1864 1217">
     <span class='ocr_line' id='line_1_11' title="bbox 295 1143 1864 1217; baseline -0.003 -15"><span class='ocrx_word' id='word_1_83' title='bbox 295 1149 370 1217; x_wconf 73' lang='grc'><strong>4),</strong></span> <span class='ocrx_word' id='word_1_84' title='bbox 430 1149 516 1201; x_wconf 90' lang='lat' dir='ltr'><strong>vel</strong></span> <span class='ocrx_word' id='word_1_85' title='bbox 557 1147 744 1211; x_wconf 84' lang='lat' dir='ltr'><strong>dices,</strong></span> <span class='ocrx_word' id='word_1_86' title='bbox 797 1162 920 1201; x_wconf 90' lang='lat' dir='ltr'><strong>eum</strong></span> <span class='ocrx_word' id='word_1_87' title='bbox 973 1146 1145 1198; x_wconf 88' lang='lat' dir='ltr'><strong>hocce</strong></span> <span class='ocrx_word' id='word_1_88' title='bbox 1197 1144 1475 1198; x_wconf 82' lang='lat' dir='ltr'><strong>volumine</strong></span> <span class='ocrx_word' id='word_1_89' title='bbox 1516 1143 1864 1212; x_wconf 90' lang='lat' dir='ltr'><strong>conjunctum</strong></span> 
     </span>
    </p>
   </div>
   <div class='ocr_carea' id='block_1_12' title="bbox 292 1236 1864 1309">
    <p class='ocr_par' dir='ltr' id='par_1_12' title="bbox 292 1236 1864 1309">
     <span class='ocr_line' id='line_1_12' title="bbox 292 1236 1864 1309; baseline -0.003 -15"><span class='ocrx_word' id='word_1_90' title='bbox 292 1240 462 1296; x_wconf 83' lang='lat' dir='ltr'><strong>fuisse</strong></span> <span class='ocrx_word' id='word_1_91' title='bbox 502 1242 669 1295; x_wconf 91' lang='lat' dir='ltr'><strong>alium</strong></span> <span class='ocrx_word' id='word_1_92' title='bbox 716 1240 958 1309; x_wconf 83' lang='lat' dir='ltr'><strong>ejusdem</strong></span> <span class='ocrx_word' id='word_1_93' title='bbox 989 1238 1178 1292; x_wconf 65' lang='lat' dir='ltr'><strong>farinae</strong></span> <span class='ocrx_word' id='word_1_94' title='bbox 1217 1238 1439 1301; x_wconf 90' lang='lat' dir='ltr'><strong>librum,</strong></span> <span class='ocrx_word' id='word_1_95' title='bbox 1497 1236 1644 1292; x_wconf 88' lang='lat' dir='ltr'><strong>verbi</strong></span> <span class='ocrx_word' id='word_1_96' title='bbox 1696 1237 1864 1306; x_wconf 89' lang='lat' dir='ltr'><strong>gratia</strong></span> 
     </span>
    </p>
   </div>
   <div class='ocr_carea' id='block_1_13' title="bbox 292 1328 1865 1403">
    <p class='ocr_par' dir='ltr' id='par_1_13' title="bbox 292 1328 1865 1403">
     <span class='ocr_line' id='line_1_13' title="bbox 292 1328 1865 1403; baseline -0.003 -17"><span class='ocrx_word' id='word_1_97' title='bbox 292 1333 443 1388; x_wconf 90' lang='lat' dir='ltr'><strong>illum</strong></span> <span class='ocrx_word' id='word_1_98' title='bbox 474 1333 567 1403; x_wconf 88' lang='lat' dir='ltr'><strong>qui</strong></span> <span class='ocrx_word' id='word_1_99' title='bbox 589 1332 736 1387; x_wconf 90' lang='lat' dir='ltr'><strong>Petri</strong></span> <span class='ocrx_word' id='word_1_100' title='bbox 770 1341 823 1386; x_wconf 89' lang='lat' dir='ltr'><strong>et</strong></span> <span class='ocrx_word' id='word_1_101' title='bbox 854 1329 1080 1401; x_wconf 82' lang='lat' dir='ltr'><strong>Apionis</strong></span> <span class='ocrx_word' id='word_1_102' title='bbox 1105 1329 1505 1399; x_wconf 72' lang='lat' dir='ltr'><strong>disputationes</strong></span> <span class='ocrx_word' id='word_1_103' title='bbox 1533 1328 1865 1397; x_wconf 89' lang='lat' dir='ltr'><strong>complecte-</strong></span> 
     </span>
    </p>
   </div>
   <div class='ocr_carea' id='block_1_14' title="bbox 291 1427 473 1482">
    <p class='ocr_par' dir='ltr' id='par_1_14' title="bbox 291 1427 473 1482">
     <span class='ocr_line' id='line_1_14' title="bbox 291 1427 473 1482; baseline 0.011 -2"><span class='ocrx_word' id='word_1_104' title='bbox 291 1427 473 1482; x_wconf 84' lang='lat' dir='ltr'><strong>batur.</strong></span> 
     </span>
    </p>
   </div>
   <div class='ocr_carea' id='block_1_15' title="bbox 367 1512 1865 1586">
    <p class='ocr_par' dir='ltr' id='par_1_15' title="bbox 367 1512 1865 1586">
     <span class='ocr_line' id='line_1_15' title="bbox 367 1512 1865 1586; baseline -0.003 -15"><span class='ocrx_word' id='word_1_105' title='bbox 367 1537 387 1571; x_wconf 70' lang='grc' dir='ltr'>ί</span> <span class='ocrx_word' id='word_1_106' title='bbox 425 1518 581 1585; x_wconf 84' lang='lat' dir='ltr'><strong>Quod</strong></span> <span class='ocrx_word' id='word_1_107' title='bbox 615 1519 660 1573; x_wconf 89' lang='lat' dir='ltr'><strong>si</strong></span> <span class='ocrx_word' id='word_1_108' title='bbox 697 1518 857 1572; x_wconf 88' lang='lat' dir='ltr'><strong>malis</strong></span> <span class='ocrx_word' id='word_1_109' title='bbox 889 1516 1161 1586; x_wconf 83' lang='lat' dir='ltr'><strong>corrigere</strong></span> <span class='ocrx_word' id='word_1_110' title='bbox 1190 1516 1299 1581; x_wconf 73' lang='grc' dir='ltr'><strong>κδ’,</strong></span> <span class='ocrx_word' id='word_1_111' title='bbox 1343 1512 1642 1582; x_wconf 89' lang='lat' dir='ltr'><strong>intelligere</strong></span> <span class='ocrx_word' id='word_1_112' title='bbox 1664 1513 1865 1581; x_wconf 85' lang='lat' dir='ltr'><strong>poteris</strong></span> 
     </span>
    </p>
   </div>
   <div class='ocr_carea' id='block_1_16' title="bbox 287 1603 1862 1680">
    <p class='ocr_par' dir='ltr' id='par_1_16' title="bbox 287 1603 1862 1680">
     <span class='ocr_line' id='line_1_16' title="bbox 287 1603 1862 1680; baseline -0.006 -16"><span class='ocrx_word' id='word_1_113' title='bbox 287 1611 481 1680; x_wconf 85' lang='lat' dir='ltr'><strong>viginti</strong></span> <span class='ocrx_word' id='word_1_114' title='bbox 514 1611 788 1676; x_wconf 88' lang='lat' dir='ltr'><strong>homilias,</strong></span> <span class='ocrx_word' id='word_1_115' title='bbox 826 1609 1112 1678; x_wconf 87' lang='lat' dir='ltr'><strong>epistolam</strong></span> <span class='ocrx_word' id='word_1_116' title='bbox 1163 1606 1304 1661; x_wconf 85' lang='lat' dir='ltr'><strong>Petri</strong></span> <span class='ocrx_word' id='word_1_117' title='bbox 1339 1605 1407 1659; x_wconf 91' lang='lat' dir='ltr'><strong>ad</strong></span> <span class='ocrx_word' id='word_1_118' title='bbox 1433 1603 1699 1659; x_wconf 88' lang='lat' dir='ltr'><strong>Jacobum</strong></span> <span class='ocrx_word' id='word_1_119' title='bbox 1739 1619 1862 1658; x_wconf 91' lang='lat' dir='ltr'><strong>cum</strong></span> 
     </span>
    </p>
   </div>
   <div class='ocr_carea' id='block_1_17' title="bbox 287 1695 1900 1770">
    <p class='ocr_par' dir='ltr' id='par_1_17' title="bbox 287 1695 1900 1770">
     <span class='ocr_line' id='line_1_17' title="bbox 287 1695 1900 1770; baseline -0.005 -14"><span class='ocrx_word' id='word_1_120' title='bbox 287 1703 704 1766; x_wconf 88' lang='lat' dir='ltr'><strong>contestatione,</strong></span> <span class='ocrx_word' id='word_1_121' title='bbox 755 1717 819 1757; x_wconf 90' lang='lat' dir='ltr'><strong>ac</strong></span> <span class='ocrx_word' id='word_1_122' title='bbox 868 1701 1152 1770; x_wconf 86' lang='lat' dir='ltr'><strong>epistolam</strong></span> <span class='ocrx_word' id='word_1_123' title='bbox 1181 1698 1478 1752; x_wconf 85' lang='lat' dir='ltr'><strong>Clementis</strong></span> <span class='ocrx_word' id='word_1_124' title='bbox 1513 1696 1579 1750; x_wconf 89' lang='lat' dir='ltr'><strong>ad</strong></span> <span class='ocrx_word' id='word_1_125' title='bbox 1609 1703 1861 1750; x_wconf 86' lang='lat' dir='ltr'><strong>eumdem</strong></span> 
     </span>
    </p>
   </div>
   <div class='ocr_carea' id='block_1_18' title="bbox 284 1790 1862 1861">
    <p class='ocr_par' dir='ltr' id='par_1_18' title="bbox 284 1790 1862 1861">
     <span class='ocr_line' id='line_1_18' title="bbox 284 1790 1862 1861; baseline 0 -16"><span class='ocrx_word' id='word_1_126' title='bbox 284 1791 572 1847; x_wconf 86' lang='lat' dir='ltr'><strong>Jacobum.</strong></span> <span class='ocrx_word' id='word_1_127' title='bbox 612 1792 822 1847; x_wconf 82' lang='lat' dir='ltr'><strong>Poteris</strong></span> <span class='ocrx_word' id='word_1_128' title='bbox 851 1794 1010 1847; x_wconf 90' lang='lat' dir='ltr'><strong>etiam</strong></span> <span class='ocrx_word' id='word_1_129' title='bbox 1051 1792 1334 1861; x_wconf 81' lang='lat' dir='ltr'><strong>epistolam</strong></span> <span class='ocrx_word' id='word_1_130' title='bbox 1373 1790 1515 1845; x_wconf 88' lang='lat' dir='ltr'><strong>Petri</strong></span> <span class='ocrx_word' id='word_1_131' title='bbox 1558 1792 1862 1860; x_wconf 86' lang='lat' dir='ltr'><strong>separando</strong></span> 
     </span>
    </p>
   </div>
   <div class='ocr_carea' id='block_1_19' title="bbox 286 1883 1858 1952">
    <p class='ocr_par' dir='ltr' id='par_1_19' title="bbox 286 1883 1858 1952">
     <span class='ocr_line' id='line_1_19' title="bbox 286 1883 1858 1952; baseline -0.001 -16"><span class='ocrx_word' id='word_1_132' title='bbox 286 1899 317 1936; x_wconf 89' lang='lat' dir='ltr'><strong>a</strong></span> <span class='ocrx_word' id='word_1_133' title='bbox 343 1884 736 1939; x_wconf 88' lang='lat' dir='ltr'><strong>contestatione</strong></span> <span class='ocrx_word' id='word_1_134' title='bbox 763 1926 777 1948; x_wconf 90' lang='lat'><strong>,</strong></span> <span class='ocrx_word' id='word_1_135' title='bbox 819 1886 1039 1939; x_wconf 90' lang='lat' dir='ltr'><strong>credere</strong></span> <span class='ocrx_word' id='word_1_136' title='bbox 1065 1885 1325 1938; x_wconf 89' lang='lat' dir='ltr'><strong>omissam</strong></span> <span class='ocrx_word' id='word_1_137' title='bbox 1358 1883 1528 1937; x_wconf 85' lang='lat' dir='ltr'><strong>fuisse</strong></span> <span class='ocrx_word' id='word_1_138' title='bbox 1572 1883 1858 1952; x_wconf 83' lang='lat' dir='ltr'><strong>epistolam</strong></span> 
     </span>
    </p>
   </div>
   <div class='ocr_carea' id='block_1_20' title="bbox 283 1973 1858 2046">
    <p class='ocr_par' dir='ltr' id='par_1_20' title="bbox 283 1973 1858 2046">
     <span class='ocr_line' id='line_1_20' title="bbox 283 1973 1858 2046; baseline -0.002 -17"><span class='ocrx_word' id='word_1_139' title='bbox 283 1975 602 2032; x_wconf 85' lang='lat' dir='ltr'><strong>Clementis.</strong></span> <span class='ocrx_word' id='word_1_140' title='bbox 653 1977 810 2031; x_wconf 85' lang='lat' dir='ltr'><strong>Certe</strong></span> <span class='ocrx_word' id='word_1_141' title='bbox 853 1992 919 2031; x_wconf 81' lang='lat' dir='ltr'><strong>ex</strong></span> <span class='ocrx_word' id='word_1_142' title='bbox 969 1976 1272 2046; x_wconf 83' lang='lat' dir='ltr'><strong>Epiphanio</strong></span> <span class='ocrx_word' id='word_1_143' title='bbox 1321 1974 1444 2044; x_wconf 86' lang='lat'><strong>(7),</strong></span> <span class='ocrx_word' id='word_1_144' title='bbox 1504 1973 1702 2026; x_wconf 78' lang='lat' dir='ltr'><strong>Rufino</strong></span> <span class='ocrx_word' id='word_1_145' title='bbox 1758 1974 1858 2042; x_wconf 88' lang='lat'><strong>(8),</strong></span> 
     </span>
    </p>
   </div>
   <div class='ocr_carea' id='block_1_21' title="bbox 284 2063 1860 2141">
    <p class='ocr_par' dir='ltr' id='par_1_21' title="bbox 284 2063 1860 2141">
     <span class='ocr_line' id='line_1_21' title="bbox 284 2063 1860 2141; baseline -0.001 -21"><span class='ocrx_word' id='word_1_146' title='bbox 284 2066 484 2122; x_wconf 82' lang='lat' dir='ltr'><strong>Photio</strong></span> <span class='ocrx_word' id='word_1_147' title='bbox 511 2068 584 2137; x_wconf 84' lang='lat'><strong>(9)</strong></span> <span class='ocrx_word' id='word_1_148' title='bbox 625 2078 678 2123; x_wconf 90' lang='lat' dir='ltr'><strong>et</strong></span> <span class='ocrx_word' id='word_1_149' title='bbox 717 2068 931 2141; x_wconf 83' lang='lat' dir='ltr'><strong>Sylloge</strong></span> <span class='ocrx_word' id='word_1_150' title='bbox 968 2069 1071 2122; x_wconf 85' lang='lat' dir='ltr'><strong>hac</strong></span> <span class='ocrx_word' id='word_1_151' title='bbox 1103 2076 1292 2122; x_wconf 87' lang='lat' dir='ltr'><strong>nostra</strong></span> <span class='ocrx_word' id='word_1_152' title='bbox 1323 2074 1562 2130; x_wconf 90' lang='lat' dir='ltr'><strong>constat,</strong></span> <span class='ocrx_word' id='word_1_153' title='bbox 1592 2063 1860 2120; x_wconf 87' lang='lat' dir='ltr'><strong>Clementi</strong></span> 
     </span>
    </p>
   </div>
   <div class='ocr_carea' id='block_1_22' title="bbox 281 2159 1856 2233">
    <p class='ocr_par' dir='ltr' id='par_1_22' title="bbox 281 2159 1856 2233">
     <span class='ocr_line' id='line_1_22' title="bbox 281 2159 1856 2233; baseline -0.003 -19"><span class='ocrx_word' id='word_1_154' title='bbox 281 2161 522 2230; x_wconf 83' lang='lat' dir='ltr'><strong>ascripta</strong></span> <span class='ocrx_word' id='word_1_155' title='bbox 551 2163 861 2233; x_wconf 76' lang='lat' dir='ltr'><strong>apocrypha</strong></span> <span class='ocrx_word' id='word_1_156' title='bbox 891 2161 958 2216; x_wconf 89' lang='lat' dir='ltr'><strong>de</strong></span> <span class='ocrx_word' id='word_1_157' title='bbox 989 2159 1523 2231; x_wconf 81' lang='lat' dir='ltr'><strong>peregrinationibus</strong></span> <span class='ocrx_word' id='word_1_158' title='bbox 1544 2201 1557 2222; x_wconf 90' lang='lat'><strong>,</strong></span> <span class='ocrx_word' id='word_1_159' title='bbox 1591 2159 1856 2212; x_wconf 78' lang='lat' dir='ltr'><strong>sermoni-</strong></span> 
     </span>
    </p>
   </div>
   <div class='ocr_carea' id='block_1_23' title="bbox 282 2251 1858 2325">
    <p class='ocr_par' dir='ltr' id='par_1_23' title="bbox 282 2251 1858 2325">
     <span class='ocr_line' id='line_1_23' title="bbox 282 2251 1858 2325; baseline -0.004 -16"><span class='ocrx_word' id='word_1_160' title='bbox 282 2251 413 2320; x_wconf 86' lang='lat' dir='ltr'><strong>bus,</strong></span> <span class='ocrx_word' id='word_1_161' title='bbox 456 2257 667 2310; x_wconf 89' lang='lat' dir='ltr'><strong>actibus</strong></span> <span class='ocrx_word' id='word_1_162' title='bbox 697 2265 750 2310; x_wconf 90' lang='lat' dir='ltr'><strong>et</strong></span> <span class='ocrx_word' id='word_1_163' title='bbox 776 2255 1238 2325; x_wconf 84' lang='lat' dir='ltr'><strong>disputationibus</strong></span> <span class='ocrx_word' id='word_1_164' title='bbox 1268 2253 1411 2306; x_wconf 84' lang='lat' dir='ltr'><strong>Petri</strong></span> <span class='ocrx_word' id='word_1_165' title='bbox 1441 2269 1454 2317; x_wconf 93' lang='lat'>;</span> <span class='ocrx_word' id='word_1_166' title='bbox 1496 2253 1670 2319; x_wconf 87' lang='lat' dir='ltr'><strong>deque</strong></span> <span class='ocrx_word' id='word_1_167' title='bbox 1701 2266 1858 2304; x_wconf 86' lang='lat' dir='ltr'><strong>reco-</strong></span> 
     </span>
    </p>
   </div>
   <div class='ocr_carea' id='block_1_24' title="bbox 280 2341 1856 2415">
    <p class='ocr_par' dir='ltr' id='par_1_24' title="bbox 280 2341 1856 2415">
     <span class='ocr_line' id='line_1_24' title="bbox 280 2341 1856 2415; baseline -0.004 -16"><span class='ocrx_word' id='word_1_168' title='bbox 280 2345 528 2414; x_wconf 86' lang='lat' dir='ltr'><strong>gnitione</strong></span> <span class='ocrx_word' id='word_1_169' title='bbox 571 2347 869 2401; x_wconf 89' lang='lat' dir='ltr'><strong>Clementis</strong></span> <span class='ocrx_word' id='word_1_170' title='bbox 892 2346 1123 2415; x_wconf 82' lang='lat' dir='ltr'><strong>ejusque</strong></span> <span class='ocrx_word' id='word_1_171' title='bbox 1165 2352 1452 2414; x_wconf 91' lang='lat' dir='ltr'><strong>parentum</strong></span> <span class='ocrx_word' id='word_1_172' title='bbox 1497 2358 1560 2396; x_wconf 92' lang='lat' dir='ltr'><strong>ac</strong></span> <span class='ocrx_word' id='word_1_173' title='bbox 1604 2341 1856 2407; x_wconf 81' lang='lat' dir='ltr'><strong>fratrum,</strong></span> 
     </span>
    </p>
   </div>
   <div class='ocr_carea' id='block_1_25' title="bbox 278 2437 1859 2508">
    <p class='ocr_par' dir='ltr' id='par_1_25' title="bbox 278 2437 1859 2508">
     <span class='ocr_line' id='line_1_25' title="bbox 278 2437 1859 2508; baseline -0.003 -17"><span class='ocrx_word' id='word_1_174' title='bbox 278 2439 435 2494; x_wconf 82' lang='lat' dir='ltr'><strong>varie</strong></span> <span class='ocrx_word' id='word_1_175' title='bbox 465 2439 769 2508; x_wconf 84' lang='lat' dir='ltr'><strong>conscripta</strong></span> <span class='ocrx_word' id='word_1_176' title='bbox 800 2439 989 2503; x_wconf 85' lang='lat' dir='ltr'><strong>fuisse,</strong></span> <span class='ocrx_word' id='word_1_177' title='bbox 1017 2437 1338 2505; x_wconf 86' lang='lat' dir='ltr'><strong>interpolata</strong></span> <span class='ocrx_word' id='word_1_178' title='bbox 1360 2477 1374 2495; x_wconf 91' lang='lat'><strong>,</strong></span> <span class='ocrx_word' id='word_1_179' title='bbox 1410 2443 1662 2502; x_wconf 89' lang='lat' dir='ltr'><strong>corrupta</strong></span> <span class='ocrx_word' id='word_1_180' title='bbox 1697 2444 1859 2502; x_wconf 87' lang='lat' dir='ltr'><strong>atque</strong></span> 
     </span>
    </p>
   </div>
   <div class='ocr_carea' id='block_1_26' title="bbox 279 2526 1855 2600">
    <p class='ocr_par' dir='ltr' id='par_1_26' title="bbox 279 2526 1855 2600">
     <span class='ocr_line' id='line_1_26' title="bbox 279 2526 1855 2600; baseline -0.004 -16"><span class='ocrx_word' id='word_1_181' title='bbox 279 2529 578 2600; x_wconf 86' lang='lat' dir='ltr'><strong>permista;</strong></span> <span class='ocrx_word' id='word_1_182' title='bbox 611 2539 664 2584; x_wconf 89' lang='lat' dir='ltr'><strong>et</strong></span> <span class='ocrx_word' id='word_1_183' title='bbox 693 2530 1019 2599; x_wconf 89' lang='lat' dir='ltr'><strong>quibusdam</strong></span> <span class='ocrx_word' id='word_1_184' title='bbox 1047 2528 1202 2582; x_wconf 90' lang='lat' dir='ltr'><strong>libris</strong></span> <span class='ocrx_word' id='word_1_185' title='bbox 1231 2527 1432 2597; x_wconf 66' lang='lat' dir='ltr'><strong>prmﬁgi</strong></span> <span class='ocrx_word' id='word_1_186' title='bbox 1478 2527 1693 2580; x_wconf 85' lang='lat' dir='ltr'><strong>solitam</strong></span> <span class='ocrx_word' id='word_1_187' title='bbox 1738 2526 1855 2594; x_wconf 79' lang='lat' dir='ltr'><strong>epi-</strong></span> 
     </span>
    </p>
   </div>
   <div class='ocr_carea' id='block_1_27' title="bbox 279 2617 1828 2687">
    <p class='ocr_par' dir='ltr' id='par_1_27' title="bbox 279 2617 1828 2687">
     <span class='ocr_line' id='line_1_27' title="bbox 279 2617 1828 2687; baseline -0.005 -11"><span class='ocrx_word' id='word_1_188' title='bbox 279 2623 480 2677; x_wconf 84' lang='lat' dir='ltr'><strong>stolam</strong></span> <span class='ocrx_word' id='word_1_189' title='bbox 496 2621 638 2676; x_wconf 84' lang='lat' dir='ltr'><strong>Petri</strong></span> <span class='ocrx_word' id='word_1_190' title='bbox 657 2622 722 2675; x_wconf 90' lang='lat' dir='ltr'><strong>ad</strong></span> <span class='ocrx_word' id='word_1_191' title='bbox 740 2621 1024 2687; x_wconf 84' lang='lat' dir='ltr'><strong>Jacobum,</strong></span> <span class='ocrx_word' id='word_1_192' title='bbox 1045 2620 1164 2674; x_wconf 90' lang='lat' dir='ltr'><strong>aliis</strong></span> <span class='ocrx_word' id='word_1_193' title='bbox 1187 2618 1480 2674; x_wconf 88' lang='lat' dir='ltr'><strong>Clementis</strong></span> <span class='ocrx_word' id='word_1_194' title='bbox 1494 2619 1559 2671; x_wconf 89' lang='lat' dir='ltr'><strong>ad</strong></span> <span class='ocrx_word' id='word_1_195' title='bbox 1578 2617 1828 2671; x_wconf 84' lang='lat' dir='ltr'><strong>eumdem</strong></span> 
     </span>
    </p>
   </div>
   <div class='ocr_carea' id='block_1_28' title="bbox 278 2710 1851 2780">
    <p class='ocr_par' dir='ltr' id='par_1_28' title="bbox 278 2710 1851 2780">
     <span class='ocr_line' id='line_1_28' title="bbox 278 2710 1851 2780; baseline -0.004 -13"><span class='ocrx_word' id='word_1_196' title='bbox 278 2714 406 2768; x_wconf 90' lang='lat' dir='ltr'><strong>aliis</strong></span> <span class='ocrx_word' id='word_1_197' title='bbox 439 2723 760 2780; x_wconf 89' lang='lat' dir='ltr'><strong>utramque;</strong></span> <span class='ocrx_word' id='word_1_198' title='bbox 791 2728 915 2767; x_wconf 90' lang='lat' dir='ltr'><strong>cum</strong></span> <span class='ocrx_word' id='word_1_199' title='bbox 952 2721 1131 2766; x_wconf 89' lang='lat' dir='ltr'><strong>tamen</strong></span> <span class='ocrx_word' id='word_1_200' title='bbox 1171 2710 1311 2764; x_wconf 89' lang='lat' dir='ltr'><strong>idem</strong></span> <span class='ocrx_word' id='word_1_201' title='bbox 1348 2725 1486 2778; x_wconf 88' lang='lat' dir='ltr'><strong>opus</strong></span> <span class='ocrx_word' id='word_1_202' title='bbox 1514 2717 1851 2777; x_wconf 88' lang='lat' dir='ltr'><strong>sequeretur,</strong></span> 
     </span>
    </p>
   </div>
   <div class='ocr_carea' id='block_1_29' title="bbox 278 2803 1854 2874">
    <p class='ocr_par' dir='ltr' id='par_1_29' title="bbox 278 2803 1854 2874">
     <span class='ocr_line' id='line_1_29' title="bbox 278 2803 1854 2874; baseline 0 -17"><span class='ocrx_word' id='word_1_203' title='bbox 278 2804 573 2874; x_wconf 87' lang='lat' dir='ltr'><strong>incipiens,</strong></span> <span class='ocrx_word' id='word_1_204' title='bbox 617 2803 764 2874; x_wconf 80' lang='grc' dir='ltr'><strong>Ἐγὼ</strong></span> <span class='ocrx_word' id='word_1_205' title='bbox 791 2803 1059 2874; x_wconf 76' lang='grc' dir='ltr'><strong>Κλήμης.</strong></span> <span class='ocrx_word' id='word_1_206' title='bbox 1093 2803 1213 2870; x_wconf 86' lang='lat' dir='ltr'><strong>Quo</strong></span> <span class='ocrx_word' id='word_1_207' title='bbox 1238 2804 1401 2858; x_wconf 89' lang='lat' dir='ltr'><strong>etiam</strong></span> <span class='ocrx_word' id='word_1_208' title='bbox 1431 2806 1518 2869; x_wconf 83' lang='lat' dir='ltr'><strong>lit,</strong></span> <span class='ocrx_word' id='word_1_209' title='bbox 1551 2812 1608 2856; x_wconf 93' lang='lat' dir='ltr'><strong>ut</strong></span> <span class='ocrx_word' id='word_1_210' title='bbox 1632 2804 1854 2872; x_wconf 75' lang='lat' dir='ltr'><strong>triginta</strong></span> 
     </span>
    </p>
   </div>
   <div class='ocr_carea' id='block_1_30' title="bbox 276 2893 1853 2967">
    <p class='ocr_par' dir='ltr' id='par_1_30' title="bbox 276 2893 1853 2967">
     <span class='ocr_line' id='line_1_30' title="bbox 276 2893 1853 2967; baseline -0.004 -15"><span class='ocrx_word' id='word_1_211' title='bbox 276 2896 387 2952; x_wconf 91' lang='lat' dir='ltr'><strong>duo</strong></span> <span class='ocrx_word' id='word_1_212' title='bbox 428 2895 816 2967; x_wconf 83' lang='lat' dir='ltr'><strong>Nicephoriani</strong></span> <span class='ocrx_word' id='word_1_213' title='bbox 857 2897 980 2950; x_wconf 88' lang='lat' dir='ltr'><strong>libri</strong></span> <span class='ocrx_word' id='word_1_214' title='bbox 1013 2895 1280 2965; x_wconf 76' lang='lat' dir='ltr'><strong>complexi</strong></span> <span class='ocrx_word' id='word_1_215' title='bbox 1323 2894 1503 2950; x_wconf 81' lang='lat' dir='ltr'><strong>forsan</strong></span> <span class='ocrx_word' id='word_1_216' title='bbox 1545 2893 1746 2948; x_wconf 79' lang='lat' dir='ltr'><strong>fuerint</strong></span> <span class='ocrx_word' id='word_1_217' title='bbox 1787 2893 1853 2946; x_wconf 89' lang='lat' dir='ltr'><strong>li-</strong></span> 
     </span>
    </p>
   </div>
   <div class='ocr_carea' id='block_1_31' title="bbox 278 2989 1102 3060">
    <p class='ocr_par' dir='ltr' id='par_1_31' title="bbox 278 2989 1102 3060">
     <span class='ocr_line' id='line_1_31' title="bbox 278 2989 1102 3060; baseline -0.002 -16"><span class='ocrx_word' id='word_1_218' title='bbox 278 2989 405 3046; x_wconf 84' lang='lat' dir='ltr'><strong>bros</strong></span> <span class='ocrx_word' id='word_1_219' title='bbox 432 2990 618 3045; x_wconf 87' lang='lat' dir='ltr'><strong>decem</strong></span> <span class='ocrx_word' id='word_1_220' title='bbox 649 2989 1102 3060; x_wconf 80' lang='lat' dir='ltr'><strong>Recognitionum.</strong></span> 
     </span>
    </p>
   </div>
   <div class='ocr_carea' id='block_1_32' title="bbox 1973 495 3541 577">
    <p class='ocr_par' dir='ltr' id='par_1_32' title="bbox 1973 495 3541 577">
     <span class='ocr_line' id='line_1_32' title="bbox 1973 495 3541 577; baseline 0.011 -28"><span class='ocrx_word' id='word_1_221' title='bbox 1973 495 2367 566; x_wconf 84' lang='lat' dir='ltr'><strong>Recognitiones</strong></span> <span class='ocrx_word' id='word_1_222' title='bbox 2389 498 2710 568; x_wconf 88' lang='lat' dir='ltr'><strong>Clementis,</strong></span> <span class='ocrx_word' id='word_1_223' title='bbox 2756 517 2909 556; x_wconf 89' lang='lat' dir='ltr'><strong>num.</strong></span> <span class='ocrx_word' id='word_1_224' title='bbox 2942 503 2967 557; x_wconf 89' lang='grc'><strong>1</strong></span> <span class='ocrx_word' id='word_1_225' title='bbox 2993 522 3008 571; x_wconf 89' lang='lat'><strong>;</strong></span> <span class='ocrx_word' id='word_1_226' title='bbox 3043 504 3096 560; x_wconf 83' lang='lat'><strong>5.</strong></span> <span class='ocrx_word' id='word_1_227' title='bbox 3121 505 3358 577; x_wconf 86' lang='lat' dir='ltr'><strong>denique</strong></span> <span class='ocrx_word' id='word_1_228' title='bbox 3385 507 3541 566; x_wconf 80' lang='lat' dir='ltr'><strong>Nice-</strong></span> 
     </span>
    </p>
   </div>
   <div class='ocr_carea' id='block_1_33' title="bbox 1970 588 3544 670">
    <p class='ocr_par' dir='ltr' id='par_1_33' title="bbox 1970 588 3544 670">
     <span class='ocr_line' id='line_1_33' title="bbox 1970 588 3544 670; baseline 0.01 -29"><span class='ocrx_word' id='word_1_229' title='bbox 1970 588 2176 657; x_wconf 91' lang='lat' dir='ltr'><strong>phorus</strong></span> <span class='ocrx_word' id='word_1_230' title='bbox 2227 591 2360 645; x_wconf 89' lang='lat' dir='ltr'><strong>dicit</strong></span> <span class='ocrx_word' id='word_1_231' title='bbox 2400 592 2536 661; x_wconf 85' lang='grc'><strong>(10),</strong></span> <span class='ocrx_word' id='word_1_232' title='bbox 2582 592 2924 661; x_wconf 77' lang='grc' dir='ltr'><strong>Κλημέντια</strong></span> <span class='ocrx_word' id='word_1_233' title='bbox 2972 610 3093 651; x_wconf 91' lang='lat' dir='ltr'><strong>esse</strong></span> <span class='ocrx_word' id='word_1_234' title='bbox 3128 597 3206 666; x_wconf 78' lang='grc' dir='ltr'><strong>τῇ</strong></span> <span class='ocrx_word' id='word_1_235' title='bbox 3247 599 3544 670; x_wconf 77' lang='grc' dir='ltr'><strong>ἐκκλησίᾳ</strong></span> 
     </span>
    </p>
   </div>
   <div class='ocr_carea' id='block_1_34' title="bbox 1969 681 3543 759">
    <p class='ocr_par' dir='ltr' id='par_1_34' title="bbox 1969 681 3543 759">
     <span class='ocr_line' id='line_1_34' title="bbox 1969 681 3543 759; baseline 0.011 -26"><span class='ocrx_word' id='word_1_236' title='bbox 1969 681 2380 748; x_wconf 80' lang='grc' dir='ltr'><strong>εὐπαράδεκτα</strong></span> <span class='ocrx_word' id='word_1_237' title='bbox 2415 702 2426 714; x_wconf 92' lang='grc'><strong>·</strong></span> <span class='ocrx_word' id='word_1_238' title='bbox 2456 685 2507 738; x_wconf 93' lang='lat' dir='ltr'><strong>id</strong></span> <span class='ocrx_word' id='word_1_239' title='bbox 2539 700 2669 740; x_wconf 88' lang='lat' dir='ltr'><strong>vero</strong></span> <span class='ocrx_word' id='word_1_240' title='bbox 2693 684 2870 742; x_wconf 87' lang='lat' dir='ltr'><strong>laudis</strong></span> <span class='ocrx_word' id='word_1_241' title='bbox 2897 703 3242 759; x_wconf 86' lang='lat' dir='ltr'><strong>nequaquam</strong></span> <span class='ocrx_word' id='word_1_242' title='bbox 3267 693 3543 750; x_wconf 86' lang='lat' dir='ltr'><strong>tribuisset</strong></span> 
     </span>
    </p>
   </div>
   <div class='ocr_carea' id='block_1_35' title="bbox 1971 775 3540 854">
    <p class='ocr_par' dir='ltr' id='par_1_35' title="bbox 1971 775 3540 854">
     <span class='ocr_line' id='line_1_35' title="bbox 1971 775 3540 854; baseline 0.011 -30"><span class='ocrx_word' id='word_1_243' title='bbox 1971 775 2378 841; x_wconf 76' lang='grc' dir='ltr'><strong>Κλημεντίοις,</strong></span> <span class='ocrx_word' id='word_1_244' title='bbox 2413 777 2518 830; x_wconf 88' lang='lat' dir='ltr'><strong>nisi</strong></span> <span class='ocrx_word' id='word_1_245' title='bbox 2553 778 2839 832; x_wconf 89' lang='lat' dir='ltr'><strong>incidisset</strong></span> <span class='ocrx_word' id='word_1_246' title='bbox 2868 779 2920 833; x_wconf 88' lang='lat' dir='ltr'><strong>in</strong></span> <span class='ocrx_word' id='word_1_247' title='bbox 2953 796 3015 834; x_wconf 89' lang='lat' dir='ltr'><strong>ea</strong></span> <span class='ocrx_word' id='word_1_248' title='bbox 3049 793 3361 854; x_wconf 88' lang='lat' dir='ltr'><strong>repurgata.</strong></span> <span class='ocrx_word' id='word_1_249' title='bbox 3396 785 3540 842; x_wconf 88' lang='lat' dir='ltr'><strong>Idem</strong></span> 
     </span>
    </p>
   </div>
   <div class='ocr_carea' id='block_1_36' title="bbox 1964 864 3544 941">
    <p class='ocr_par' dir='ltr' id='par_1_36' title="bbox 1964 864 3544 941">
     <span class='ocr_line' id='line_1_36' title="bbox 1964 864 3544 941; baseline 0.011 -26"><span class='ocrx_word' id='word_1_250' title='bbox 1964 864 2232 932; x_wconf 86' lang='lat' dir='ltr'><strong>judicium</strong></span> <span class='ocrx_word' id='word_1_251' title='bbox 2264 865 2380 920; x_wconf 87' lang='lat' dir='ltr'><strong>fero</strong></span> <span class='ocrx_word' id='word_1_252' title='bbox 2409 867 2475 921; x_wconf 92' lang='lat' dir='ltr'><strong>de</strong></span> <span class='ocrx_word' id='word_1_253' title='bbox 2501 868 2795 924; x_wconf 90' lang='lat' dir='ltr'><strong>scholiaste</strong></span> <span class='ocrx_word' id='word_1_254' title='bbox 2827 880 3032 937; x_wconf 83' lang='lat' dir='ltr'><strong>vetere,</strong></span> <span class='ocrx_word' id='word_1_255' title='bbox 3059 873 3217 941; x_wconf 90' lang='lat' dir='ltr'><strong>cujus</strong></span> <span class='ocrx_word' id='word_1_256' title='bbox 3243 877 3448 932; x_wconf 91' lang='lat' dir='ltr'><strong>mentio</strong></span> <span class='ocrx_word' id='word_1_257' title='bbox 3483 879 3544 934; x_wconf 79' lang='lat' dir='ltr'><strong>fit</strong></span> 
     </span>
    </p>
   </div>
   <div class='ocr_carea' id='block_1_37' title="bbox 1970 953 3539 1029">
    <p class='ocr_par' dir='ltr' id='par_1_37' title="bbox 1970 953 3539 1029">
     <span class='ocr_line' id='line_1_37' title="bbox 1970 953 3539 1029; baseline 0.014 -23"><span class='ocrx_word' id='word_1_258' title='bbox 1970 953 2022 1006; x_wconf 91' lang='lat' dir='ltr'><strong>in</strong></span> <span class='ocrx_word' id='word_1_259' title='bbox 2050 956 2495 1015; x_wconf 89' lang='lat' dir='ltr'><strong>adnotationibus</strong></span> <span class='ocrx_word' id='word_1_260' title='bbox 2523 959 2586 1015; x_wconf 86' lang='lat' dir='ltr'><strong>V.</strong></span> <span class='ocrx_word' id='word_1_261' title='bbox 2619 960 2683 1014; x_wconf 90' lang='lat' dir='ltr'><strong>C.</strong></span> <span class='ocrx_word' id='word_1_262' title='bbox 2729 960 2949 1017; x_wconf 83' lang='lat' dir='ltr'><strong>llenrici</strong></span> <span class='ocrx_word' id='word_1_263' title='bbox 2999 963 3195 1020; x_wconf 84' lang='lat' dir='ltr'><strong>Valesii</strong></span> <span class='ocrx_word' id='word_1_264' title='bbox 3227 968 3294 1022; x_wconf 91' lang='lat' dir='ltr'><strong>ad</strong></span> <span class='ocrx_word' id='word_1_265' title='bbox 3335 968 3539 1029; x_wconf 86' lang='lat' dir='ltr'><strong>Euseb.</strong></span> 
     </span>
    </p>
   </div>
   <div class='ocr_carea' id='block_1_38' title="bbox 1972 1045 3544 1129">
    <p class='ocr_par' dir='ltr' id='par_1_38' title="bbox 1972 1045 3544 1129">
     <span class='ocr_line' id='line_1_38' title="bbox 1972 1045 3544 1129; baseline 0.012 -31"><span class='ocrx_word' id='word_1_266' title='bbox 1972 1045 2116 1102; x_wconf 82' lang='lat' dir='ltr'><strong>Hist.</strong></span> <span class='ocrx_word' id='word_1_267' title='bbox 2161 1048 2254 1104; x_wconf 89' lang='lat' dir='ltr'><strong>lib.</strong></span> <span class='ocrx_word' id='word_1_268' title='bbox 2295 1065 2380 1116; x_wconf 86' lang='grc' dir='ltr'>ιιι,</span> <span class='ocrx_word' id='word_1_269' title='bbox 2412 1067 2533 1121; x_wconf 89' lang='lat' dir='ltr'><strong>cap.</strong></span> <span class='ocrx_word' id='word_1_270' title='bbox 2568 1052 2658 1108; x_wconf 82' lang='grc'><strong>58.</strong></span> <span class='ocrx_word' id='word_1_271' title='bbox 2689 1053 2795 1108; x_wconf 88' lang='lat' dir='ltr'><strong>Sed</strong></span> <span class='ocrx_word' id='word_1_272' title='bbox 2832 1053 3086 1111; x_wconf 80' lang='lat' dir='ltr'><strong>fortassis</strong></span> <span class='ocrx_word' id='word_1_273' title='bbox 3120 1056 3456 1129; x_wconf 85' lang='lat' dir='ltr'><strong>Nicephorus</strong></span> <span class='ocrx_word' id='word_1_274' title='bbox 3487 1072 3544 1117; x_wconf 88' lang='lat' dir='ltr'><strong>et</strong></span> 
     </span>
    </p>
   </div>
   <div class='ocr_carea' id='block_1_39' title="bbox 1969 1140 3540 1208">
    <p class='ocr_par' dir='ltr' id='par_1_39' title="bbox 1969 1140 3540 1208">
     <span class='ocr_line' id='line_1_39' title="bbox 1969 1140 3540 1208; baseline 0.009 -14"><span class='ocrx_word' id='word_1_275' title='bbox 1969 1140 2288 1196; x_wconf 86' lang='lat' dir='ltr'><strong>seholiastes</strong></span> <span class='ocrx_word' id='word_1_276' title='bbox 2331 1143 2420 1198; x_wconf 92' lang='lat' dir='ltr'><strong>ille</strong></span> <span class='ocrx_word' id='word_1_277' title='bbox 2477 1145 2726 1200; x_wconf 85' lang='lat' dir='ltr'><strong>viderant</strong></span> <span class='ocrx_word' id='word_1_278' title='bbox 2788 1155 2999 1202; x_wconf 91' lang='lat' dir='ltr'><strong>tantum</strong></span> <span class='ocrx_word' id='word_1_279' title='bbox 3048 1149 3323 1206; x_wconf 88' lang='lat' dir='ltr'><strong>Simeonis</strong></span> <span class='ocrx_word' id='word_1_280' title='bbox 3373 1153 3540 1208; x_wconf 81' lang='lat' dir='ltr'><strong>Meta-</strong></span> 
     </span>
    </p>
   </div>
   <div class='ocr_carea' id='block_1_40' title="bbox 1969 1231 3537 1303">
    <p class='ocr_par' dir='ltr' id='par_1_40' title="bbox 1969 1231 3537 1303">
     <span class='ocr_line' id='line_1_40' title="bbox 1969 1231 3537 1303; baseline 0.011 -19"><span class='ocrx_word' id='word_1_281' title='bbox 1969 1231 2203 1299; x_wconf 71' lang='lat' dir='ltr'><strong>phrastaa</strong></span> <span class='ocrx_word' id='word_1_282' title='bbox 2232 1233 2528 1300; x_wconf 84' lang='lat' dir='ltr'><strong>Epitomen,</strong></span> <span class='ocrx_word' id='word_1_283' title='bbox 2575 1246 2669 1292; x_wconf 91' lang='lat' dir='ltr'><strong>aut</strong></span> <span class='ocrx_word' id='word_1_284' title='bbox 2706 1239 2868 1294; x_wconf 88' lang='lat' dir='ltr'><strong>aliam</strong></span> <span class='ocrx_word' id='word_1_285' title='bbox 2899 1241 2950 1295; x_wconf 91' lang='lat' dir='ltr'><strong>ei</strong></span> <span class='ocrx_word' id='word_1_286' title='bbox 2980 1242 3236 1300; x_wconf 87' lang='lat' dir='ltr'><strong>similem.</strong></span> <span class='ocrx_word' id='word_1_287' title='bbox 3269 1245 3537 1303; x_wconf 67' lang='lat' dir='ltr'><strong>Caeterum</strong></span> 
     </span>
    </p>
   </div>
   <div class='ocr_carea' id='block_1_41' title="bbox 1966 1325 3544 1397">
    <p class='ocr_par' dir='ltr' id='par_1_41' title="bbox 1966 1325 3544 1397">
     <span class='ocr_line' id='line_1_41' title="bbox 1966 1325 3544 1397; baseline 0.012 -21"><span class='ocrx_word' id='word_1_288' title='bbox 1966 1325 2109 1393; x_wconf 87' lang='lat' dir='ltr'><strong>quod</strong></span> <span class='ocrx_word' id='word_1_289' title='bbox 2157 1326 2210 1380; x_wconf 90' lang='lat' dir='ltr'><strong>in</strong></span> <span class='ocrx_word' id='word_1_290' title='bbox 2251 1326 2480 1397; x_wconf 81' lang='lat' dir='ltr'><strong>Synopsi</strong></span> <span class='ocrx_word' id='word_1_291' title='bbox 2521 1330 2819 1397; x_wconf 82' lang='lat' dir='ltr'><strong>Athanasii,</strong></span> <span class='ocrx_word' id='word_1_292' title='bbox 2859 1331 3188 1389; x_wconf 84' lang='lat' dir='ltr'><strong>Clementina</strong></span> <span class='ocrx_word' id='word_1_293' title='bbox 3228 1337 3544 1395; x_wconf 83' lang='lat' dir='ltr'><strong>referantur</strong></span> 
     </span>
    </p>
   </div>
   <div class='ocr_carea' id='block_1_42' title="bbox 1967 1418 3537 1500">
    <p class='ocr_par' dir='ltr' id='par_1_42' title="bbox 1967 1418 3537 1500">
     <span class='ocr_line' id='line_1_42' title="bbox 1967 1418 3537 1500; baseline 0.011 -31"><span class='ocrx_word' id='word_1_294' title='bbox 1967 1431 2090 1470; x_wconf 91' lang='lat' dir='ltr'><strong>cum</strong></span> <span class='ocrx_word' id='word_1_295' title='bbox 2129 1418 2282 1474; x_wconf 92' lang='lat' dir='ltr'><strong>libris</strong></span> <span class='ocrx_word' id='word_1_296' title='bbox 2326 1419 2461 1474; x_wconf 82' lang='lat' dir='ltr'><strong>Novi</strong></span> <span class='ocrx_word' id='word_1_297' title='bbox 2511 1420 2846 1478; x_wconf 87' lang='lat' dir='ltr'><strong>Testamenti</strong></span> <span class='ocrx_word' id='word_1_298' title='bbox 2891 1426 3088 1495; x_wconf 90' lang='lat' dir='ltr'><strong>quibus</strong></span> <span class='ocrx_word' id='word_1_299' title='bbox 3124 1431 3537 1500; x_wconf 89' lang='lat' dir='ltr'><strong>contradicitur,</strong></span> 
     </span>
    </p>
   </div>
   <div class='ocr_carea' id='block_1_43' title="bbox 1967 1508 3540 1590">
    <p class='ocr_par' dir='ltr' id='par_1_43' title="bbox 1967 1508 3540 1590">
     <span class='ocr_line' id='line_1_43' title="bbox 1967 1508 3540 1590; baseline 0.011 -29"><span class='ocrx_word' id='word_1_300' title='bbox 1967 1510 2108 1577; x_wconf 87' lang='lat' dir='ltr'><strong>apud</strong></span> <span class='ocrx_word' id='word_1_301' title='bbox 2142 1508 2509 1580; x_wconf 89' lang='lat' dir='ltr'><strong>Nicephorum</strong></span> <span class='ocrx_word' id='word_1_302' title='bbox 2542 1529 2672 1568; x_wconf 87' lang='lat' dir='ltr'><strong>vero</strong></span> <span class='ocrx_word' id='word_1_303' title='bbox 2701 1513 2806 1569; x_wconf 71' lang='grc' dir='ltr'><strong>(ΞΡ.</strong></span> <span class='ocrx_word' id='word_1_304' title='bbox 2841 1531 2965 1571; x_wconf 91' lang='lat' dir='ltr'><strong>eum</strong></span> <span class='ocrx_word' id='word_1_305' title='bbox 2997 1521 3320 1590; x_wconf 84' lang='lat' dir='ltr'><strong>apocryphis</strong></span> <span class='ocrx_word' id='word_1_306' title='bbox 3346 1565 3360 1588; x_wconf 91' lang='lat'><strong>,</strong></span> <span class='ocrx_word' id='word_1_307' title='bbox 3395 1526 3540 1578; x_wconf 86' lang='lat' dir='ltr'><strong>ratio</strong></span> 
     </span>
    </p>
   </div>
   <div class='ocr_carea' id='block_1_44' title="bbox 1964 1601 3535 1671">
    <p class='ocr_par' dir='ltr' id='par_1_44' title="bbox 1964 1601 3535 1671">
     <span class='ocr_line' id='line_1_44' title="bbox 1964 1601 3535 1671; baseline 0.011 -17"><span class='ocrx_word' id='word_1_308' title='bbox 1964 1609 2048 1655; x_wconf 90' lang='lat' dir='ltr'><strong>est</strong></span> <span class='ocrx_word' id='word_1_309' title='bbox 2082 1601 2278 1657; x_wconf 88' lang='lat' dir='ltr'><strong>lacuna</strong></span> <span class='ocrx_word' id='word_1_310' title='bbox 2324 1605 2609 1659; x_wconf 89' lang='lat' dir='ltr'><strong>manifesta</strong></span> <span class='ocrx_word' id='word_1_311' title='bbox 2655 1607 3015 1664; x_wconf 82' lang='lat' dir='ltr'><strong>Athanasiani</strong></span> <span class='ocrx_word' id='word_1_312' title='bbox 3055 1611 3282 1668; x_wconf 89' lang='lat' dir='ltr'><strong>codicis.</strong></span> <span class='ocrx_word' id='word_1_313' title='bbox 3318 1614 3450 1669; x_wconf 83' lang='lat' dir='ltr'><strong>Eam</strong></span> <span class='ocrx_word' id='word_1_314' title='bbox 3477 1626 3535 1671; x_wconf 91' lang='lat' dir='ltr'><strong>tu</strong></span> 
     </span>
    </p>
   </div>
   <div class='ocr_carea' id='block_1_45' title="bbox 1965 1697 3536 1774">
    <p class='ocr_par' dir='ltr' id='par_1_45' title="bbox 1965 1697 3536 1774">
     <span class='ocr_line' id='line_1_45' title="bbox 1965 1697 3536 1774; baseline 0.011 -27"><span class='ocrx_word' id='word_1_315' title='bbox 1965 1701 2018 1747; x_wconf 89' lang='lat' dir='ltr'><strong>et</strong></span> <span class='ocrx_word' id='word_1_316' title='bbox 2043 1709 2107 1748; x_wconf 83' lang='lat' dir='ltr'><strong>ex</strong></span> <span class='ocrx_word' id='word_1_317' title='bbox 2137 1705 2393 1750; x_wconf 79' lang='lat' dir='ltr'><strong>contextu</strong></span> <span class='ocrx_word' id='word_1_318' title='bbox 2429 1697 2588 1752; x_wconf 91' lang='lat' dir='ltr'><strong>facile</strong></span> <span class='ocrx_word' id='word_1_319' title='bbox 2627 1714 2913 1768; x_wconf 82' lang='lat' dir='ltr'><strong>agnosces,</strong></span> <span class='ocrx_word' id='word_1_320' title='bbox 2946 1713 2999 1756; x_wconf 84' lang='lat' dir='ltr'><strong>et</strong></span> <span class='ocrx_word' id='word_1_321' title='bbox 3033 1719 3128 1772; x_wconf 87' lang='lat' dir='ltr'><strong>per</strong></span> <span class='ocrx_word' id='word_1_322' title='bbox 3164 1704 3536 1774; x_wconf 74' lang='lat' dir='ltr'><strong>Iiicephorum</strong></span> 
     </span>
    </p>
   </div>
   <div class='ocr_carea' id='block_1_46' title="bbox 1965 1786 2756 1859">
    <p class='ocr_par' dir='ltr' id='par_1_46' title="bbox 1965 1786 2756 1859">
     <span class='ocr_line' id='line_1_46' title="bbox 1965 1786 2756 1859; baseline 0.006 -20"><span class='ocrx_word' id='word_1_323' title='bbox 1965 1801 2029 1841; x_wconf 88' lang='lat' dir='ltr'><strong>ac</strong></span> <span class='ocrx_word' id='word_1_324' title='bbox 2050 1786 2402 1843; x_wconf 88' lang='lat' dir='ltr'><strong>Anastasium</strong></span> <span class='ocrx_word' id='word_1_325' title='bbox 2433 1805 2553 1843; x_wconf 88' lang='lat' dir='ltr'><strong>com</strong></span> <span class='ocrx_word' id='word_1_326' title='bbox 2562 1790 2756 1859; x_wconf 82' lang='lat' dir='ltr'><strong>plebis.</strong></span> 
     </span>
    </p>
   </div>
   <div class='ocr_carea' id='block_1_47' title="bbox 2037 1881 3534 1957">
    <p class='ocr_par' dir='ltr' id='par_1_47' title="bbox 2037 1881 3534 1957">
     <span class='ocr_line' id='line_1_47' title="bbox 2037 1881 3534 1957; baseline 0.011 -27"><span class='ocrx_word' id='word_1_327' title='bbox 2037 1899 2055 1929; x_wconf 76' lang='grc' dir='ltr'><strong>ι</strong></span> <span class='ocrx_word' id='word_1_328' title='bbox 2116 1881 2368 1949; x_wconf 74' lang='grc' dir='ltr'><strong>Ὀμιλίαι</strong></span> <span class='ocrx_word' id='word_1_329' title='bbox 2401 1883 2542 1938; x_wconf 90' lang='lat' dir='ltr'><strong>idem</strong></span> <span class='ocrx_word' id='word_1_330' title='bbox 2574 1893 2702 1941; x_wconf 91' lang='lat' dir='ltr'><strong>sunt</strong></span> <span class='ocrx_word' id='word_1_331' title='bbox 2735 1897 2899 1954; x_wconf 90' lang='lat' dir='ltr'><strong>atque</strong></span> <span class='ocrx_word' id='word_1_332' title='bbox 2933 1888 3280 1957; x_wconf 79' lang='grc' dir='ltr'><strong>κηρύγματα</strong></span> <span class='ocrx_word' id='word_1_333' title='bbox 3323 1899 3378 1945; x_wconf 88' lang='lat' dir='ltr'><strong>et</strong></span> <span class='ocrx_word' id='word_1_334' title='bbox 3406 1892 3534 1946; x_wconf 82' lang='grc' dir='ltr'><strong>δια-</strong></span> 
     </span>
    </p>
   </div>
   <div class='ocr_carea' id='block_1_48' title="bbox 1958 1971 3536 2048">
    <p class='ocr_par' dir='ltr' id='par_1_48' title="bbox 1958 1971 3536 2048">
     <span class='ocr_line' id='line_1_48' title="bbox 1958 1971 3536 2048; baseline 0.01 -26"><span class='ocrx_word' id='word_1_335' title='bbox 1958 1971 2189 2036; x_wconf 77' lang='grc' dir='ltr'><strong>λέξεις,</strong></span> <span class='ocrx_word' id='word_1_336' title='bbox 2222 1974 2484 2044; x_wconf 85' lang='lat' dir='ltr'><strong>colloquiu</strong></span> <span class='ocrx_word' id='word_1_337' title='bbox 2508 2020 2521 2041; x_wconf 90' lang='lat'><strong>,</strong></span> <span class='ocrx_word' id='word_1_338' title='bbox 2556 1994 2839 2042; x_wconf 84' lang='lat' dir='ltr'><strong>sermones,</strong></span> <span class='ocrx_word' id='word_1_339' title='bbox 2872 1981 3299 2048; x_wconf 66' lang='lat' dir='ltr'><strong>pradicationes,</strong></span> <span class='ocrx_word' id='word_1_340' title='bbox 3336 1983 3536 2038; x_wconf 77' lang='lat' dir='ltr'><strong>disser-</strong></span> 
     </span>
    </p>
   </div>
   <div class='ocr_carea' id='block_1_49' title="bbox 1961 2065 3530 2142">
    <p class='ocr_par' dir='ltr' id='par_1_49' title="bbox 1961 2065 3530 2142">
     <span class='ocr_line' id='line_1_49' title="bbox 1961 2065 3530 2142; baseline 0.011 -28"><span class='ocrx_word' id='word_1_341' title='bbox 1961 2065 2207 2129; x_wconf 84' lang='lat' dir='ltr'><strong>tationes,</strong></span> <span class='ocrx_word' id='word_1_342' title='bbox 2228 2065 2398 2134; x_wconf 85' lang='lat' dir='ltr'><strong>Epist.</strong></span> <span class='ocrx_word' id='word_1_343' title='bbox 2426 2070 2490 2122; x_wconf 86' lang='lat' dir='ltr'><strong>ad</strong></span> <span class='ocrx_word' id='word_1_344' title='bbox 2513 2067 2803 2134; x_wconf 67' lang='lat' dir='ltr'><strong>Iacobum,</strong></span> <span class='ocrx_word' id='word_1_345' title='bbox 2830 2087 2948 2140; x_wconf 79' lang='lat' dir='ltr'><strong>cap.</strong></span> <span class='ocrx_word' id='word_1_346' title='bbox 2978 2071 3046 2138; x_wconf 72' lang='lat'><strong>2;</strong></span> <span class='ocrx_word' id='word_1_347' title='bbox 3081 2070 3340 2142; x_wconf 80' lang='lat' dir='ltr'><strong>Epitom.,</strong></span> <span class='ocrx_word' id='word_1_348' title='bbox 3377 2092 3530 2133; x_wconf 91' lang='lat' dir='ltr'><strong>num.</strong></span> 
     </span>
    </p>
   </div>
   <div class='ocr_carea' id='block_1_50' title="bbox 1962 2153 3530 2234">
    <p class='ocr_par' dir='ltr' id='par_1_50' title="bbox 1962 2153 3530 2234">
     <span class='ocr_line' id='line_1_50' title="bbox 1962 2153 3530 2234; baseline 0.012 -28"><span class='ocrx_word' id='word_1_349' title='bbox 1962 2153 2091 2220; x_wconf 68' lang='lat'><strong>145;</strong></span> <span class='ocrx_word' id='word_1_350' title='bbox 2142 2155 2587 2213; x_wconf 84' lang='lat' dir='ltr'><strong>Clementinorum</strong></span> <span class='ocrx_word' id='word_1_351' title='bbox 2632 2163 2799 2234; x_wconf 60' lang='grc'><strong>1,,20.</strong></span> <span class='ocrx_word' id='word_1_352' title='bbox 2832 2182 2851 2214; x_wconf 82' lang='grc' dir='ltr'><strong>ι</strong></span> <span class='ocrx_word' id='word_1_353' title='bbox 2890 2163 3164 2221; x_wconf 84' lang='lat' dir='ltr'><strong>Hactenus</strong></span> <span class='ocrx_word' id='word_1_354' title='bbox 3207 2167 3530 2226; x_wconf 85' lang='lat' dir='ltr'><strong>Cotelcrius.</strong></span> 
     </span>
    </p>
   </div>
   <div class='ocr_carea' id='block_1_51' title="bbox 2030 2245 3533 2324">
    <p class='ocr_par' dir='ltr' id='par_1_51' title="bbox 2030 2245 3533 2324">
     <span class='ocr_line' id='line_1_51' title="bbox 2030 2245 3533 2324; baseline 0.012 -27"><span class='ocrx_word' id='word_1_355' title='bbox 2030 2245 2119 2305; x_wconf 89' lang='lat' dir='ltr'><strong>Ill.</strong></span> <span class='ocrx_word' id='word_1_356' title='bbox 2152 2246 2351 2301; x_wconf 76' lang='lat' dir='ltr'><strong>Verum</strong></span> <span class='ocrx_word' id='word_1_357' title='bbox 2397 2267 2505 2319; x_wconf 90' lang='lat' dir='ltr'><strong>quo</strong></span> <span class='ocrx_word' id='word_1_358' title='bbox 2544 2253 2756 2320; x_wconf 91' lang='lat' dir='ltr'><strong>plenius</strong></span> <span class='ocrx_word' id='word_1_359' title='bbox 2793 2255 3150 2324; x_wconf 87' lang='lat' dir='ltr'><strong>dignoscatur</strong></span> <span class='ocrx_word' id='word_1_360' title='bbox 3178 2258 3533 2315; x_wconf 82' lang='lat' dir='ltr'><strong>Clementino—</strong></span> 
     </span>
    </p>
   </div>
   <div class='ocr_carea' id='block_1_52' title="bbox 1959 2342 3558 2418">
    <p class='ocr_par' dir='ltr' id='par_1_52' title="bbox 1959 2342 3558 2418">
     <span class='ocr_line' id='line_1_52' title="bbox 1959 2342 3558 2418; baseline 0.011 -30"><span class='ocrx_word' id='word_1_361' title='bbox 1959 2353 2076 2388; x_wconf 79' lang='lat' dir='ltr'><strong>mm</strong></span> <span class='ocrx_word' id='word_1_362' title='bbox 2106 2348 2315 2403; x_wconf 88' lang='lat' dir='ltr'><strong>auctor,</strong></span> <span class='ocrx_word' id='word_1_363' title='bbox 2343 2342 2616 2411; x_wconf 84' lang='lat' dir='ltr'><strong>Simulque</strong></span> <span class='ocrx_word' id='word_1_364' title='bbox 2647 2344 2702 2397; x_wconf 91' lang='lat' dir='ltr'><strong>in</strong></span> <span class='ocrx_word' id='word_1_365' title='bbox 2727 2344 2918 2414; x_wconf 89' lang='lat' dir='ltr'><strong>primis</strong></span> <span class='ocrx_word' id='word_1_366' title='bbox 2948 2348 3198 2418; x_wconf 88' lang='lat' dir='ltr'><strong>abimpia</strong></span> <span class='ocrx_word' id='word_1_367' title='bbox 3226 2349 3531 2408; x_wconf 85' lang='lat' dir='ltr'><strong>Ebionisml</strong></span> <span class='ocrx_word' id='word_1_368' title='bbox 3556 2402 3558 2405; x_wconf 89' lang='lat'><strong>.</strong></span> 
     </span>
    </p>
   </div>
   <div class='ocr_carea' id='block_1_53' title="bbox 1957 2429 3529 2514">
    <p class='ocr_par' dir='ltr' id='par_1_53' title="bbox 1957 2429 3529 2514">
     <span class='ocr_line' id='line_1_53' title="bbox 1957 2429 3529 2514; baseline 0.01 -32"><span class='ocrx_word' id='word_1_369' title='bbox 1957 2429 2080 2483; x_wconf 91' lang='lat' dir='ltr'><strong>labe</strong></span> <span class='ocrx_word' id='word_1_370' title='bbox 2129 2441 2414 2500; x_wconf 84' lang='lat' dir='ltr'><strong>purgetur,</strong></span> <span class='ocrx_word' id='word_1_371' title='bbox 2447 2449 2556 2502; x_wconf 86' lang='lat' dir='ltr'><strong>qua</strong></span> <span class='ocrx_word' id='word_1_372' title='bbox 2595 2435 2772 2504; x_wconf 85' lang='lat' dir='ltr'><strong>ipsum</strong></span> <span class='ocrx_word' id='word_1_373' title='bbox 2821 2437 2997 2492; x_wconf 83' lang='lat' dir='ltr'><strong>fuisse</strong></span> <span class='ocrx_word' id='word_1_374' title='bbox 3026 2439 3370 2509; x_wconf 90' lang='lat' dir='ltr'><strong>inquinatum</strong></span> <span class='ocrx_word' id='word_1_375' title='bbox 3403 2460 3529 2514; x_wconf 83' lang='lat' dir='ltr'><strong>per-</strong></span> 
     </span>
    </p>
   </div>
   <div class='ocr_carea' id='block_1_54' title="bbox 1957 2522 3527 2603">
    <p class='ocr_par' dir='ltr' id='par_1_54' title="bbox 1957 2522 3527 2603">
     <span class='ocr_line' id='line_1_54' title="bbox 1957 2522 3527 2603; baseline 0.01 -28"><span class='ocrx_word' id='word_1_376' title='bbox 1957 2522 2142 2577; x_wconf 89' lang='lat' dir='ltr'><strong>hibent</strong></span> <span class='ocrx_word' id='word_1_377' title='bbox 2189 2525 2435 2586; x_wconf 83' lang='lat' dir='ltr'><strong>nonnulli</strong></span> <span class='ocrx_word' id='word_1_378' title='bbox 2487 2541 2611 2581; x_wconf 89' lang='lat' dir='ltr'><strong>cum</strong></span> <span class='ocrx_word' id='word_1_379' title='bbox 2664 2537 2904 2583; x_wconf 77' lang='lat' dir='ltr'><strong>veterum</strong></span> <span class='ocrx_word' id='word_1_380' title='bbox 2972 2539 3083 2585; x_wconf 92' lang='lat' dir='ltr'><strong>tum</strong></span> <span class='ocrx_word' id='word_1_381' title='bbox 3141 2535 3527 2603; x_wconf 86' lang='lat' dir='ltr'><strong>recentiorum,</strong></span> 
     </span>
    </p>
   </div>
   <div class='ocr_carea' id='block_1_55' title="bbox 1956 2617 3527 2690">
    <p class='ocr_par' dir='ltr' id='par_1_55' title="bbox 1956 2617 3527 2690">
     <span class='ocr_line' id='line_1_55' title="bbox 1956 2617 3527 2690; baseline 0.011 -22"><span class='ocrx_word' id='word_1_382' title='bbox 1956 2629 2136 2683; x_wconf 80' lang='lat' dir='ltr'><strong>Operae</strong></span> <span class='ocrx_word' id='word_1_383' title='bbox 2183 2617 2419 2686; x_wconf 86' lang='lat' dir='ltr'><strong>pretium</strong></span> <span class='ocrx_word' id='word_1_384' title='bbox 2474 2618 2638 2674; x_wconf 86' lang='lat' dir='ltr'><strong>fuerit</strong></span> <span class='ocrx_word' id='word_1_385' title='bbox 2684 2619 3100 2690; x_wconf 86' lang='lat' dir='ltr'><strong>disquisitiones</strong></span> <span class='ocrx_word' id='word_1_386' title='bbox 3149 2625 3252 2680; x_wconf 84' lang='lat' dir='ltr'><strong>hac</strong></span> <span class='ocrx_word' id='word_1_387' title='bbox 3289 2628 3357 2682; x_wconf 89' lang='lat' dir='ltr'><strong>de</strong></span> <span class='ocrx_word' id='word_1_388' title='bbox 3395 2643 3454 2683; x_wconf 90' lang='lat' dir='ltr'><strong>re</strong></span> <span class='ocrx_word' id='word_1_389' title='bbox 3496 2647 3527 2685; x_wconf 90' lang='lat' dir='ltr'><strong>a</strong></span> 
     </span>
    </p>
   </div>
   <div class='ocr_carea' id='block_1_56' title="bbox 1959 2708 3525 2789">
    <p class='ocr_par' dir='ltr' id='par_1_56' title="bbox 1959 2708 3525 2789">
     <span class='ocr_line' id='line_1_56' title="bbox 1959 2708 3525 2789; baseline 0.008 -27"><span class='ocrx_word' id='word_1_390' title='bbox 1959 2708 2071 2762; x_wconf 81' lang='lat' dir='ltr'><strong>viro</strong></span> <span class='ocrx_word' id='word_1_391' title='bbox 2118 2709 2280 2763; x_wconf 90' lang='lat' dir='ltr'><strong>docto</strong></span> <span class='ocrx_word' id='word_1_392' title='bbox 2326 2712 2657 2781; x_wconf 85' lang='lat' dir='ltr'><strong>perscriptas</strong></span> <span class='ocrx_word' id='word_1_393' title='bbox 2715 2713 2806 2767; x_wconf 88' lang='lat' dir='ltr'><strong>hic</strong></span> <span class='ocrx_word' id='word_1_394' title='bbox 2856 2715 2910 2768; x_wconf 93' lang='lat' dir='ltr'><strong>in</strong></span> <span class='ocrx_word' id='word_1_395' title='bbox 2955 2717 3191 2771; x_wconf 88' lang='lat' dir='ltr'><strong>medium</strong></span> <span class='ocrx_word' id='word_1_396' title='bbox 3233 2719 3525 2789; x_wconf 86' lang='lat' dir='ltr'><strong>adducere,</strong></span> 
     </span>
    </p>
   </div>
   <div class='ocr_carea' id='block_1_57' title="bbox 1953 2800 3521 2879">
    <p class='ocr_par' dir='ltr' id='par_1_57' title="bbox 1953 2800 3521 2879">
     <span class='ocr_line' id='line_1_57' title="bbox 1953 2800 3521 2879; baseline 0.011 -27"><span class='ocrx_word' id='word_1_397' title='bbox 1953 2814 2090 2869; x_wconf 90' lang='lat' dir='ltr'><strong>quas</strong></span> <span class='ocrx_word' id='word_1_398' title='bbox 2113 2800 2418 2870; x_wconf 71' lang='lat' dir='ltr'><strong>inspexisse</strong></span> <span class='ocrx_word' id='word_1_399' title='bbox 2445 2803 2750 2859; x_wconf 92' lang='lat' dir='ltr'><strong>studiosum</strong></span> <span class='ocrx_word' id='word_1_400' title='bbox 2771 2806 3027 2861; x_wconf 90' lang='lat' dir='ltr'><strong>lectorem</strong></span> <span class='ocrx_word' id='word_1_401' title='bbox 3053 2808 3195 2863; x_wconf 89' lang='lat' dir='ltr'><strong>haud</strong></span> <span class='ocrx_word' id='word_1_402' title='bbox 3219 2812 3521 2879; x_wconf 72' lang='lat' dir='ltr'><strong>paenitebit.</strong></span> 
     </span>
    </p>
   </div>
   <div class='ocr_carea' id='block_1_58' title="bbox 1953 2890 3524 2973">
    <p class='ocr_par' dir='ltr' id='par_1_58' title="bbox 1953 2890 3524 2973">
     <span class='ocr_line' id='line_1_58' title="bbox 1953 2890 3524 2973; baseline 0.008 -28"><span class='ocrx_word' id='word_1_403' title='bbox 1953 2890 2046 2947; x_wconf 91' lang='lat' dir='ltr'><strong>Sic</strong></span> <span class='ocrx_word' id='word_1_404' title='bbox 2071 2893 2235 2962; x_wconf 79' lang='lat' dir='ltr'><strong>igitur</strong></span> <span class='ocrx_word' id='word_1_405' title='bbox 2263 2897 2701 2962; x_wconf 58' lang='lat' dir='ltr'><strong>praestantissimi</strong></span> <span class='ocrx_word' id='word_1_406' title='bbox 2735 2899 2918 2968; x_wconf 89' lang='lat' dir='ltr'><strong>operis</strong></span> <span class='ocrx_word' id='word_1_407' title='bbox 2945 2913 3137 2955; x_wconf 88' lang='lat' dir='ltr'><strong>auctor</strong></span> <span class='ocrx_word' id='word_1_408' title='bbox 3175 2903 3287 2973; x_wconf 86' lang='grc'><strong>(11)</strong></span> <span class='ocrx_word' id='word_1_409' title='bbox 3318 2922 3331 2957; x_wconf 91' lang='lat'>:</span> <span class='ocrx_word' id='word_1_410' title='bbox 3363 2923 3381 2954; x_wconf 74' lang='grc' dir='ltr'><strong>ε</strong></span> <span class='ocrx_word' id='word_1_411' title='bbox 3419 2903 3524 2958; x_wconf 80' lang='lat' dir='ltr'><strong>llo-</strong></span> 
     </span>
    </p>
   </div>
   <div class='ocr_carea' id='block_1_59' title="bbox 1952 2985 3525 3065">
    <p class='ocr_par' dir='ltr' id='par_1_59' title="bbox 1952 2985 3525 3065">
     <span class='ocr_line' id='line_1_59' title="bbox 1952 2985 3525 3065; baseline 0.01 -28"><span class='ocrx_word' id='word_1_412' title='bbox 1952 2985 2225 3039; x_wconf 89' lang='lat' dir='ltr'><strong>miliarum</strong></span> <span class='ocrx_word' id='word_1_413' title='bbox 2281 2996 2334 3040; x_wconf 86' lang='lat' dir='ltr'><strong>et</strong></span> <span class='ocrx_word' id='word_1_414' title='bbox 2389 2986 2819 3058; x_wconf 75' lang='lat' dir='ltr'><strong>Recognitionum</strong></span> <span class='ocrx_word' id='word_1_415' title='bbox 2860 2991 3323 3065; x_wconf 82' lang='lat' dir='ltr'><strong>Clementinarum</strong></span> <span class='ocrx_word' id='word_1_416' title='bbox 3373 3005 3525 3055; x_wconf 79' lang='lat' dir='ltr'><strong>tanta</strong></span> 
     </span>
    </p>
   </div>
   <div class='ocr_carea' id='block_1_60' title="bbox 346 3077 3524 3154">
    <p class='ocr_par' dir='ltr' id='par_1_60' title="bbox 346 3077 3524 3154">
     <span class='ocr_line' id='line_1_60' title="bbox 346 3077 3524 3154; baseline 0.003 -18"><span class='ocrx_word' id='word_1_417' title='bbox 346 3081 411 3139; x_wconf 92' lang='lat' dir='ltr'><strong>ll.</strong></span> <span class='ocrx_word' id='word_1_418' title='bbox 445 3101 464 3134; x_wconf 71' lang='grc' dir='ltr'><strong>ι</strong></span> <span class='ocrx_word' id='word_1_419' title='bbox 509 3081 574 3137; x_wconf 88' lang='lat' dir='ltr'><strong>Et</strong></span> <span class='ocrx_word' id='word_1_420' title='bbox 595 3097 724 3138; x_wconf 89' lang='lat' dir='ltr'><strong>vero</strong></span> <span class='ocrx_word' id='word_1_421' title='bbox 755 3098 876 3151; x_wconf 66' lang='lat' dir='ltr'><strong>qua:</strong></span> <span class='ocrx_word' id='word_1_422' title='bbox 907 3082 1100 3136; x_wconf 89' lang='lat' dir='ltr'><strong>damus</strong></span> <span class='ocrx_word' id='word_1_423' title='bbox 1131 3081 1492 3145; x_wconf 89' lang='lat' dir='ltr'><strong>Clementina,</strong></span> <span class='ocrx_word' id='word_1_424' title='bbox 1517 3081 1643 3133; x_wconf 90' lang='lat' dir='ltr'><strong>licet</strong></span> <span class='ocrx_word' id='word_1_425' title='bbox 1666 3079 1845 3149; x_wconf 85' lang='lat' dir='ltr'><strong>nugis,</strong></span> <span class='ocrx_word' id='word_1_426' title='bbox 1875 3093 1921 3154; x_wconf 63' lang='grc' dir='ltr'><strong>(ι</strong></span> <span class='ocrx_word' id='word_1_427' title='bbox 1951 3086 2034 3131; x_wconf 87' lang='lat' dir='ltr'><strong>est</strong></span> <span class='ocrx_word' id='word_1_428' title='bbox 2094 3077 2412 3144; x_wconf 88' lang='lat' dir='ltr'><strong>similitudo,</strong></span> <span class='ocrx_word' id='word_1_429' title='bbox 2462 3089 2523 3134; x_wconf 91' lang='lat' dir='ltr'><strong>ut</strong></span> <span class='ocrx_word' id='word_1_430' title='bbox 2569 3083 2852 3138; x_wconf 85' lang='lat' dir='ltr'><strong>nonnullis</strong></span> <span class='ocrx_word' id='word_1_431' title='bbox 2904 3100 3072 3140; x_wconf 89' lang='lat' dir='ltr'><strong>unum</strong></span> <span class='ocrx_word' id='word_1_432' title='bbox 3121 3094 3177 3140; x_wconf 93' lang='lat' dir='ltr'><strong>et</strong></span> <span class='ocrx_word' id='word_1_433' title='bbox 3225 3087 3366 3142; x_wconf 89' lang='lat' dir='ltr'><strong>idem</strong></span> <span class='ocrx_word' id='word_1_434' title='bbox 3402 3105 3524 3145; x_wconf 86' lang='lat' dir='ltr'><strong>esse</strong></span> 
     </span>
    </p>
   </div>
   <div class='ocr_carea' id='block_1_61' title="bbox 274 3171 3522 3244">
    <p class='ocr_par' dir='ltr' id='par_1_61' title="bbox 274 3171 3522 3244">
     <span class='ocr_line' id='line_1_61' title="bbox 274 3171 3522 3244; baseline 0.003 -16"><span class='ocrx_word' id='word_1_435' title='bbox 274 3173 404 3228; x_wconf 84' lang='lat' dir='ltr'><strong>licet</strong></span> <span class='ocrx_word' id='word_1_436' title='bbox 443 3175 730 3229; x_wconf 89' lang='lat' dir='ltr'><strong>erroribus</strong></span> <span class='ocrx_word' id='word_1_437' title='bbox 761 3183 1026 3240; x_wconf 87' lang='lat' dir='ltr'><strong>scateant,</strong></span> <span class='ocrx_word' id='word_1_438' title='bbox 1071 3189 1102 3228; x_wconf 90' lang='lat' dir='ltr'><strong>a</strong></span> <span class='ocrx_word' id='word_1_439' title='bbox 1130 3175 1569 3230; x_wconf 88' lang='lat' dir='ltr'><strong>semichristiana</strong></span> <span class='ocrx_word' id='word_1_440' title='bbox 1607 3175 1850 3244; x_wconf 89' lang='lat' dir='ltr'><strong>philoso-</strong></span> <span class='ocrx_word' id='word_1_441' title='bbox 1951 3183 2110 3239; x_wconf 89' lang='lat' dir='ltr'><strong>opus,</strong></span> <span class='ocrx_word' id='word_1_442' title='bbox 2151 3171 2244 3225; x_wconf 87' lang='lat' dir='ltr'><strong>sed</strong></span> <span class='ocrx_word' id='word_1_443' title='bbox 2285 3186 2393 3226; x_wconf 92' lang='lat' dir='ltr'><strong>non</strong></span> <span class='ocrx_word' id='word_1_444' title='bbox 2427 3174 2595 3228; x_wconf 88' lang='lat' dir='ltr'><strong>semel</strong></span> <span class='ocrx_word' id='word_1_445' title='bbox 2630 3174 2837 3230; x_wconf 87' lang='lat' dir='ltr'><strong>editum</strong></span> <span class='ocrx_word' id='word_1_446' title='bbox 2872 3176 3138 3232; x_wconf 89' lang='lat' dir='ltr'><strong>videatur.</strong></span> <span class='ocrx_word' id='word_1_447' title='bbox 3186 3177 3346 3236; x_wconf 79' lang='lat' dir='ltr'><strong>Huiic</strong></span> <span class='ocrx_word' id='word_1_448' title='bbox 3379 3183 3522 3237; x_wconf 40' lang='lat' dir='ltr'><strong>seris</strong></span> 
     </span>
    </p>
   </div>
   <div class='ocr_carea' id='block_1_62' title="bbox 272 3264 3521 3344">
    <p class='ocr_par' dir='ltr' id='par_1_62' title="bbox 272 3264 3521 3344">
     <span class='ocr_line' id='line_1_62' title="bbox 272 3264 3521 3344; baseline 0.004 -27"><span class='ocrx_word' id='word_1_449' title='bbox 272 3266 424 3333; x_wconf 87' lang='lat' dir='ltr'><strong>phia,</strong></span> <span class='ocrx_word' id='word_1_450' title='bbox 483 3275 536 3320; x_wconf 89' lang='lat' dir='ltr'><strong>et</strong></span> <span class='ocrx_word' id='word_1_451' title='bbox 585 3267 799 3331; x_wconf 66' lang='lat' dir='ltr'><strong>haeresi,</strong></span> <span class='ocrx_word' id='word_1_452' title='bbox 852 3266 1122 3336; x_wconf 79' lang='lat' dir='ltr'><strong>praecipue</strong></span> <span class='ocrx_word' id='word_1_453' title='bbox 1160 3265 1464 3320; x_wconf 88' lang='lat' dir='ltr'><strong>Ebionitica</strong></span> <span class='ocrx_word' id='word_1_454' title='bbox 1494 3307 1508 3330; x_wconf 90' lang='lat'><strong>,</strong></span> <span class='ocrx_word' id='word_1_455' title='bbox 1551 3264 1846 3334; x_wconf 87' lang='lat' dir='ltr'><strong>profectis;</strong></span> <span class='ocrx_word' id='word_1_456' title='bbox 1950 3271 2158 3331; x_wconf 88' lang='lat' dir='ltr'><strong>ptorem</strong></span> <span class='ocrx_word' id='word_1_457' title='bbox 2187 3265 2571 3320; x_wconf 90' lang='lat' dir='ltr'><strong>circumcisum</strong></span> <span class='ocrx_word' id='word_1_458' title='bbox 2599 3265 2789 3329; x_wconf 86' lang='lat' dir='ltr'><strong>fuisse,</strong></span> <span class='ocrx_word' id='word_1_459' title='bbox 2822 3277 2875 3322; x_wconf 90' lang='lat' dir='ltr'><strong>et</strong></span> <span class='ocrx_word' id='word_1_460' title='bbox 2894 3267 3142 3326; x_wconf 65' lang='lat' dir='ltr'><strong>Mosaica:</strong></span> <span class='ocrx_word' id='word_1_461' title='bbox 3165 3271 3299 3342; x_wconf 84' lang='lat' dir='ltr'><strong>legis</strong></span> <span class='ocrx_word' id='word_1_462' title='bbox 3322 3273 3376 3327; x_wconf 89' lang='lat' dir='ltr'><strong>in</strong></span> <span class='ocrx_word' id='word_1_463' title='bbox 3406 3275 3521 3344; x_wconf 90' lang='lat' dir='ltr'><strong>ipsa</strong></span> 
     </span>
    </p>
   </div>
   <div class='ocr_carea' id='block_1_63' title="bbox 274 3351 3518 3428">
    <p class='ocr_par' dir='ltr' id='par_1_63' title="bbox 274 3351 3518 3428">
     <span class='ocr_line' id='line_1_63' title="bbox 274 3351 3518 3428; baseline 0.002 -16"><span class='ocrx_word' id='word_1_464' title='bbox 274 3373 379 3412; x_wconf 89' lang='lat' dir='ltr'><strong>non</strong></span> <span class='ocrx_word' id='word_1_465' title='bbox 409 3360 532 3413; x_wconf 90' lang='lat' dir='ltr'><strong>sine</strong></span> <span class='ocrx_word' id='word_1_466' title='bbox 573 3359 750 3414; x_wconf 83' lang='lat' dir='ltr'><strong>fructu</strong></span> <span class='ocrx_word' id='word_1_467' title='bbox 782 3366 962 3412; x_wconf 89' lang='lat' dir='ltr'><strong>tamen</strong></span> <span class='ocrx_word' id='word_1_468' title='bbox 1012 3358 1282 3428; x_wconf 88' lang='lat' dir='ltr'><strong>legentur,</strong></span> <span class='ocrx_word' id='word_1_469' title='bbox 1316 3367 1429 3411; x_wconf 91' lang='lat' dir='ltr'><strong>tum</strong></span> <span class='ocrx_word' id='word_1_470' title='bbox 1483 3351 1701 3426; x_wconf 85' lang='lat' dir='ltr'><strong>propter</strong></span> <span class='ocrx_word' id='word_1_471' title='bbox 1740 3357 1845 3410; x_wconf 85' lang='lat' dir='ltr'><strong>ele—</strong></span> <span class='ocrx_word' id='word_1_472' title='bbox 1950 3353 2214 3425; x_wconf 80' lang='lat' dir='ltr'><strong>religione</strong></span> <span class='ocrx_word' id='word_1_473' title='bbox 2245 3355 2556 3412; x_wconf 88' lang='lat' dir='ltr'><strong>Christiana</strong></span> <span class='ocrx_word' id='word_1_474' title='bbox 2599 3359 2999 3424; x_wconf 80' lang='lat' dir='ltr'><strong>observantem,</strong></span> <span class='ocrx_word' id='word_1_475' title='bbox 3045 3362 3247 3416; x_wconf 88' lang='lat' dir='ltr'><strong>nemini</strong></span> <span class='ocrx_word' id='word_1_476' title='bbox 3291 3364 3518 3420; x_wconf 88' lang='lat' dir='ltr'><strong>dubium</strong></span> 
     </span>
    </p>
   </div>
   <div class='ocr_carea' id='block_1_64' title="bbox 272 3447 3518 3520">
    <p class='ocr_par' dir='ltr' id='par_1_64' title="bbox 272 3447 3518 3520">
     <span class='ocr_line' id='line_1_64' title="bbox 272 3447 3518 3520; baseline 0.001 -15"><span class='ocrx_word' id='word_1_477' title='bbox 272 3452 516 3520; x_wconf 82' lang='lat' dir='ltr'><strong>gantiam</strong></span> <span class='ocrx_word' id='word_1_478' title='bbox 547 3451 848 3515; x_wconf 89' lang='lat' dir='ltr'><strong>sermonis,</strong></span> <span class='ocrx_word' id='word_1_479' title='bbox 882 3458 995 3503; x_wconf 92' lang='lat' dir='ltr'><strong>tum</strong></span> <span class='ocrx_word' id='word_1_480' title='bbox 1026 3449 1340 3518; x_wconf 91' lang='lat' dir='ltr'><strong>multiplicis</strong></span> <span class='ocrx_word' id='word_1_481' title='bbox 1370 3449 1633 3502; x_wconf 67' lang='lat' dir='ltr'><strong>doctrinm</strong></span> <span class='ocrx_word' id='word_1_482' title='bbox 1660 3464 1846 3513; x_wconf 90' lang='lat' dir='ltr'><strong>causa,</strong></span> <span class='ocrx_word' id='word_1_483' title='bbox 1949 3461 2070 3500; x_wconf 87' lang='lat' dir='ltr'><strong>esse</strong></span> <span class='ocrx_word' id='word_1_484' title='bbox 2108 3447 2363 3502; x_wconf 87' lang='lat' dir='ltr'><strong>arbitror.</strong></span> <span class='ocrx_word' id='word_1_485' title='bbox 2419 3447 2553 3502; x_wconf 90' lang='lat' dir='ltr'><strong>Nam</strong></span> <span class='ocrx_word' id='word_1_486' title='bbox 2585 3464 2707 3504; x_wconf 93' lang='lat' dir='ltr'><strong>cum</strong></span> <span class='ocrx_word' id='word_1_487' title='bbox 2739 3451 2795 3504; x_wconf 90' lang='lat' dir='ltr'><strong>in</strong></span> <span class='ocrx_word' id='word_1_488' title='bbox 2823 3449 3278 3520; x_wconf 76' lang='lat' dir='ltr'><strong>Recognitionibus</strong></span> <span class='ocrx_word' id='word_1_489' title='bbox 3315 3462 3427 3508; x_wconf 92' lang='lat' dir='ltr'><strong>tum</strong></span> <span class='ocrx_word' id='word_1_490' title='bbox 3465 3458 3518 3510; x_wconf 88' lang='lat' dir='ltr'><strong>in</strong></span> 
     </span>
    </p>
   </div>
   <div class='ocr_carea' id='block_1_65' title="bbox 272 3538 3518 3616">
    <p class='ocr_par' dir='ltr' id='par_1_65' title="bbox 272 3538 3518 3616">
     <span class='ocr_line' id='line_1_65' title="bbox 272 3538 3518 3616; baseline 0.001 -18"><span class='ocrx_word' id='word_1_491' title='bbox 272 3552 387 3598; x_wconf 89' lang='lat' dir='ltr'><strong>tum</strong></span> <span class='ocrx_word' id='word_1_492' title='bbox 452 3543 692 3616; x_wconf 75' lang='lat' dir='ltr'><strong>denique,</strong></span> <span class='ocrx_word' id='word_1_493' title='bbox 747 3541 813 3595; x_wconf 90' lang='lat' dir='ltr'><strong>ad</strong></span> <span class='ocrx_word' id='word_1_494' title='bbox 863 3542 1059 3594; x_wconf 90' lang='lat' dir='ltr'><strong>melius</strong></span> <span class='ocrx_word' id='word_1_495' title='bbox 1113 3540 1488 3610; x_wconf 86' lang='lat' dir='ltr'><strong>cognoscenda</strong></span> <span class='ocrx_word' id='word_1_496' title='bbox 1547 3539 1846 3609; x_wconf 89' lang='lat' dir='ltr'><strong>primarum</strong></span> <span class='ocrx_word' id='word_1_497' title='bbox 1944 3538 2194 3594; x_wconf 83' lang='lat' dir='ltr'><strong>Homiliis</strong></span> <span class='ocrx_word' id='word_1_498' title='bbox 2219 3539 2414 3596; x_wconf 89' lang='lat' dir='ltr'><strong>Petrus</strong></span> <span class='ocrx_word' id='word_1_499' title='bbox 2448 3541 2701 3610; x_wconf 86' lang='lat' dir='ltr'><strong>plurimis</strong></span> <span class='ocrx_word' id='word_1_500' title='bbox 2739 3543 2792 3595; x_wconf 92' lang='lat' dir='ltr'><strong>in</strong></span> <span class='ocrx_word' id='word_1_501' title='bbox 2835 3543 2969 3597; x_wconf 88' lang='lat' dir='ltr'><strong>locis</strong></span> <span class='ocrx_word' id='word_1_502' title='bbox 2998 3543 3274 3598; x_wconf 83' lang='lat' dir='ltr'><strong>inducitur</strong></span> <span class='ocrx_word' id='word_1_503' title='bbox 3316 3546 3518 3600; x_wconf 79' lang='lat' dir='ltr'><strong>lustra-</strong></span> 
     </span>
    </p>
   </div>
   <div class='ocr_carea' id='block_1_66' title="bbox 273 3619 3593 3707">
    <p class='ocr_par' dir='ltr' id='par_1_66' title="bbox 273 3619 3593 3707">
     <span class='ocr_line' id='line_1_66' title="bbox 273 3619 3593 3707; baseline 0.001 -19"><span class='ocrx_word' id='word_1_504' title='bbox 273 3634 558 3689; x_wconf 68' lang='lat' dir='ltr'><strong>haereseon</strong></span> <span class='ocrx_word' id='word_1_505' title='bbox 608 3619 882 3703; x_wconf 81' lang='lat' dir='ltr'><strong>dogmata.</strong></span> <span class='ocrx_word' id='word_1_506' title='bbox 928 3632 985 3686; x_wconf 83' lang='lat' dir='ltr'><strong>In</strong></span> <span class='ocrx_word' id='word_1_507' title='bbox 1030 3633 1216 3687; x_wconf 84' lang='lat' dir='ltr'><strong>multis</strong></span> <span class='ocrx_word' id='word_1_508' title='bbox 1258 3642 1438 3687; x_wconf 89' lang='lat' dir='ltr'><strong>autem</strong></span> <span class='ocrx_word' id='word_1_509' title='bbox 1488 3631 1686 3706; x_wconf 75' lang='lat' dir='ltr'><strong>similia</strong></span> <span class='ocrx_word' id='word_1_510' title='bbox 1723 3640 1850 3685; x_wconf 90' lang='lat' dir='ltr'><strong>sunt</strong></span> <span class='ocrx_word' id='word_1_511' title='bbox 1949 3629 2123 3686; x_wconf 89' lang='lat' dir='ltr'><strong>tiones</strong></span> <span class='ocrx_word' id='word_1_512' title='bbox 2157 3630 2412 3689; x_wconf 85' lang='lat' dir='ltr'><strong>Judaicas</strong></span> <span class='ocrx_word' id='word_1_513' title='bbox 2442 3643 2538 3688; x_wconf 90' lang='lat' dir='ltr'><strong>aut</strong></span> <span class='ocrx_word' id='word_1_514' title='bbox 2571 3635 2685 3702; x_wconf 90' lang='lat' dir='ltr'><strong>ipse</strong></span> <span class='ocrx_word' id='word_1_515' title='bbox 2717 3650 3020 3704; x_wconf 85' lang='lat' dir='ltr'><strong>usurpans,</strong></span> <span class='ocrx_word' id='word_1_516' title='bbox 3065 3645 3159 3690; x_wconf 88' lang='lat' dir='ltr'><strong>aut</strong></span> <span class='ocrx_word' id='word_1_517' title='bbox 3182 3637 3304 3692; x_wconf 85' lang='lat' dir='ltr'><strong>aliis</strong></span> <span class='ocrx_word' id='word_1_518' title='bbox 3329 3639 3519 3707; x_wconf 50' lang='lat' dir='ltr'><strong>prisci.</strong></span> <span class='ocrx_word' id='word_1_519' title='bbox 3591 3679 3593 3684; x_wconf 88' lang='lat'><strong>.</strong></span> 
     </span>
    </p>
   </div>
   <div class='ocr_carea' id='block_1_67' title="bbox 272 3723 1847 3794">
    <p class='ocr_par' dir='ltr' id='par_1_67' title="bbox 272 3723 1847 3794">
     <span class='ocr_line' id='line_1_67' title="bbox 272 3723 1847 3794; baseline -0.003 -14"><span class='ocrx_word' id='word_1_520' title='bbox 272 3723 604 3780; x_wconf 83' lang='lat' dir='ltr'><strong>Clementina</strong></span> <span class='ocrx_word' id='word_1_521' title='bbox 661 3725 1146 3794; x_wconf 80' lang='lat' dir='ltr'><strong>Recognitionibus</strong></span> <span class='ocrx_word' id='word_1_522' title='bbox 1203 3744 1216 3779; x_wconf 87' lang='lat'>:</span> <span class='ocrx_word' id='word_1_523' title='bbox 1281 3725 1423 3779; x_wconf 89' lang='lat' dir='ltr'><strong>unde</strong></span> <span class='ocrx_word' id='word_1_524' title='bbox 1493 3723 1847 3793; x_wconf 86' lang='lat' dir='ltr'><strong>probabiliter</strong></span> 
     </span>
    </p>
   </div>
   <div class='ocr_carea' id='block_1_68' title="bbox 269 3815 1845 3880">
    <p class='ocr_par' dir='ltr' id='par_1_68' title="bbox 269 3815 1845 3880">
     <span class='ocr_line' id='line_1_68' title="bbox 269 3815 1845 3880; baseline -0.003 -8"><span class='ocrx_word' id='word_1_525' title='bbox 269 3820 648 3875; x_wconf 78' lang='lat' dir='ltr'><strong>existimatum</strong></span> <span class='ocrx_word' id='word_1_526' title='bbox 702 3817 994 3880; x_wconf 90' lang='lat' dir='ltr'><strong>Turriano,</strong></span> <span class='ocrx_word' id='word_1_527' title='bbox 1045 3833 1108 3871; x_wconf 90' lang='lat' dir='ltr'><strong>ea</strong></span> <span class='ocrx_word' id='word_1_528' title='bbox 1168 3833 1290 3871; x_wconf 84' lang='lat' dir='ltr'><strong>esse</strong></span> <span class='ocrx_word' id='word_1_529' title='bbox 1337 3817 1498 3871; x_wconf 88' lang='lat' dir='ltr'><strong>aliam</strong></span> <span class='ocrx_word' id='word_1_530' title='bbox 1553 3815 1845 3870; x_wconf 86' lang='lat' dir='ltr'><strong>editionem</strong></span> 
     </span>
    </p>
   </div>
   <div class='ocr_carea' id='block_1_69' title="bbox 279 3907 1846 3980">
    <p class='ocr_par' dir='ltr' id='par_1_69' title="bbox 279 3907 1846 3980">
     <span class='ocr_line' id='line_1_69' title="bbox 279 3907 1846 3980; baseline -0.002 -18"><span class='ocrx_word' id='word_1_531' title='bbox 279 3911 743 3980; x_wconf 82' lang='grc' dir='ltr'><strong>Ἀναγνωρίσεων,</strong></span> <span class='ocrx_word' id='word_1_532' title='bbox 770 3909 836 3962; x_wconf 91' lang='lat' dir='ltr'><strong>de</strong></span> <span class='ocrx_word' id='word_1_533' title='bbox 893 3925 999 3979; x_wconf 86' lang='lat' dir='ltr'><strong>qua</strong></span> <span class='ocrx_word' id='word_1_534' title='bbox 1051 3908 1283 3963; x_wconf 82' lang='lat' dir='ltr'><strong>Rulinus</strong></span> <span class='ocrx_word' id='word_1_535' title='bbox 1337 3909 1390 3962; x_wconf 92' lang='lat' dir='ltr'><strong>in</strong></span> <span class='ocrx_word' id='word_1_536' title='bbox 1452 3907 1770 3978; x_wconf 60' lang='lat' dir='ltr'><strong>praefatione</strong></span> <span class='ocrx_word' id='word_1_537' title='bbox 1830 3927 1846 3977; x_wconf 91' lang='lat'><strong>;</strong></span> 
     </span>
    </p>
   </div>
   <div class='ocr_carea' id='block_1_70' title="bbox 272 3998 1847 4070">
    <p class='ocr_par' dir='ltr' id='par_1_70' title="bbox 272 3998 1847 4070">
     <span class='ocr_line' id='line_1_70' title="bbox 272 3998 1847 4070; baseline 0.001 -17"><span class='ocrx_word' id='word_1_538' title='bbox 272 4014 587 4069; x_wconf 86' lang='lat' dir='ltr'><strong>quanquam</strong></span> <span class='ocrx_word' id='word_1_539' title='bbox 633 4007 822 4054; x_wconf 88' lang='lat' dir='ltr'><strong>auctor</strong></span> <span class='ocrx_word' id='word_1_540' title='bbox 858 3999 1168 4070; x_wconf 85' lang='lat' dir='ltr'><strong>Synopseos</strong></span> <span class='ocrx_word' id='word_1_541' title='bbox 1219 3999 1472 4053; x_wconf 82' lang='lat' dir='ltr'><strong>Periodos</strong></span> <span class='ocrx_word' id='word_1_542' title='bbox 1497 3998 1641 4054; x_wconf 83' lang='lat' dir='ltr'><strong>Petri</strong></span> <span class='ocrx_word' id='word_1_543' title='bbox 1673 4015 1702 4053; x_wconf 89' lang='lat' dir='ltr'><strong>a</strong></span> <span class='ocrx_word' id='word_1_544' title='bbox 1726 3998 1847 4054; x_wconf 83' lang='lat' dir='ltr'><strong>Cle—</strong></span> 
     </span>
    </p>
   </div>
   <div class='ocr_carea' id='block_1_71' title="bbox 271 4090 1842 4160">
    <p class='ocr_par' dir='ltr' id='par_1_71' title="bbox 271 4090 1842 4160">
     <span class='ocr_line' id='line_1_71' title="bbox 271 4090 1842 4160; baseline 0.001 -17"><span class='ocrx_word' id='word_1_545' title='bbox 271 4092 525 4144; x_wconf 85' lang='lat' dir='ltr'><strong>mentinis</strong></span> <span class='ocrx_word' id='word_1_546' title='bbox 551 4091 859 4160; x_wconf 86' lang='lat' dir='ltr'><strong>distinguit.</strong></span> <span class='ocrx_word' id='word_1_547' title='bbox 903 4090 1004 4144; x_wconf 89' lang='lat' dir='ltr'><strong>Sed</strong></span> <span class='ocrx_word' id='word_1_548' title='bbox 1047 4100 1100 4144; x_wconf 91' lang='lat' dir='ltr'><strong>et</strong></span> <span class='ocrx_word' id='word_1_549' title='bbox 1141 4092 1612 4160; x_wconf 87' lang='lat' dir='ltr'><strong>interpolationem</strong></span> <span class='ocrx_word' id='word_1_550' title='bbox 1645 4091 1842 4146; x_wconf 81' lang='lat' dir='ltr'><strong>factam</strong></span> 
     </span>
    </p>
   </div>
   <div class='ocr_carea' id='block_1_72' title="bbox 268 4183 1841 4255">
    <p class='ocr_par' dir='ltr' id='par_1_72' title="bbox 268 4183 1841 4255">
     <span class='ocr_line' id='line_1_72' title="bbox 268 4183 1841 4255; baseline 0.001 -17"><span class='ocrx_word' id='word_1_551' title='bbox 268 4197 393 4239; x_wconf 85' lang='lat' dir='ltr'><strong>esse</strong></span> <span class='ocrx_word' id='word_1_552' title='bbox 421 4186 476 4237; x_wconf 91' lang='lat' dir='ltr'><strong>in</strong></span> <span class='ocrx_word' id='word_1_553' title='bbox 505 4184 747 4240; x_wconf 88' lang='lat' dir='ltr'><strong>homiliis</strong></span> <span class='ocrx_word' id='word_1_554' title='bbox 779 4183 920 4248; x_wconf 87' lang='lat' dir='ltr'><strong>istis,</strong></span> <span class='ocrx_word' id='word_1_555' title='bbox 950 4183 1112 4252; x_wconf 89' lang='lat' dir='ltr'><strong>idque</strong></span> <span class='ocrx_word' id='word_1_556' title='bbox 1141 4199 1245 4238; x_wconf 91' lang='lat' dir='ltr'><strong>non</strong></span> <span class='ocrx_word' id='word_1_557' title='bbox 1279 4185 1478 4250; x_wconf 87' lang='lat' dir='ltr'><strong>semel,</strong></span> <span class='ocrx_word' id='word_1_558' title='bbox 1512 4186 1748 4255; x_wconf 89' lang='lat' dir='ltr'><strong>conjicio</strong></span> <span class='ocrx_word' id='word_1_559' title='bbox 1776 4203 1841 4242; x_wconf 81' lang='lat' dir='ltr'><strong>ex</strong></span> 
     </span>
    </p>
   </div>
   <div class='ocr_carea' id='block_1_73' title="bbox 273 4274 1838 4347">
    <p class='ocr_par' dir='ltr' id='par_1_73' title="bbox 273 4274 1838 4347">
     <span class='ocr_line' id='line_1_73' title="bbox 273 4274 1838 4347; baseline 0.003 -19"><span class='ocrx_word' id='word_1_560' title='bbox 273 4274 392 4330; x_wconf 88' lang='lat' dir='ltr'><strong>his:</strong></span> <span class='ocrx_word' id='word_1_561' title='bbox 429 4275 480 4328; x_wconf 93' lang='grc'><strong>1.</strong></span> <span class='ocrx_word' id='word_1_562' title='bbox 515 4290 545 4329; x_wconf 92' lang='lat' dir='ltr'><strong>e</strong></span> <span class='ocrx_word' id='word_1_563' title='bbox 582 4274 748 4328; x_wconf 86' lang='lat' dir='ltr'><strong>simili</strong></span> <span class='ocrx_word' id='word_1_564' title='bbox 792 4284 939 4329; x_wconf 90' lang='lat' dir='ltr'><strong>sorte</strong></span> <span class='ocrx_word' id='word_1_565' title='bbox 968 4291 1330 4346; x_wconf 88' lang='lat' dir='ltr'><strong>congenerum</strong></span> <span class='ocrx_word' id='word_1_566' title='bbox 1364 4278 1838 4347; x_wconf 81' lang='lat' dir='ltr'><strong>apocryphorum;</strong></span> 
     </span>
    </p>
   </div>
   <div class='ocr_carea' id='block_1_74' title="bbox 268 4367 1842 4437">
    <p class='ocr_par' dir='ltr' id='par_1_74' title="bbox 268 4367 1842 4437">
     <span class='ocr_line' id='line_1_74' title="bbox 268 4367 1842 4437; baseline 0.004 -17"><span class='ocrx_word' id='word_1_567' title='bbox 268 4367 478 4437; x_wconf 74' lang='lat' dir='ltr'><strong>2.quod</strong></span> <span class='ocrx_word' id='word_1_568' title='bbox 501 4383 563 4421; x_wconf 80' lang='lat' dir='ltr'><strong>ea</strong></span> <span class='ocrx_word' id='word_1_569' title='bbox 595 4383 716 4437; x_wconf 68' lang='lat' dir='ltr'><strong>qua:</strong></span> <span class='ocrx_word' id='word_1_570' title='bbox 744 4368 796 4421; x_wconf 88' lang='lat' dir='ltr'><strong>in</strong></span> <span class='ocrx_word' id='word_1_571' title='bbox 828 4367 1090 4422; x_wconf 85' lang='lat' dir='ltr'><strong>Chronico</strong></span> <span class='ocrx_word' id='word_1_572' title='bbox 1109 4369 1468 4422; x_wconf 72' lang='lat' dir='ltr'><strong>Alexandrino</strong></span> <span class='ocrx_word' id='word_1_573' title='bbox 1484 4379 1578 4424; x_wconf 90' lang='lat' dir='ltr'><strong>eta</strong></span> <span class='ocrx_word' id='word_1_574' title='bbox 1605 4369 1842 4428; x_wconf 82' lang='lat' dir='ltr'><strong>Maximo</strong></span> 
     </span>
    </p>
   </div>
   <div class='ocr_carea' id='block_1_75' title="bbox 268 4459 1841 4533">
    <p class='ocr_par' dir='ltr' id='par_1_75' title="bbox 268 4459 1841 4533">
     <span class='ocr_line' id='line_1_75' title="bbox 268 4459 1841 4533; baseline 0.004 -21"><span class='ocrx_word' id='word_1_575' title='bbox 268 4459 648 4528; x_wconf 89' lang='lat' dir='ltr'><strong>proferuntur,</strong></span> <span class='ocrx_word' id='word_1_576' title='bbox 681 4474 789 4512; x_wconf 91' lang='lat' dir='ltr'><strong>non</strong></span> <span class='ocrx_word' id='word_1_577' title='bbox 832 4475 1021 4528; x_wconf 88' lang='lat' dir='ltr'><strong>parum</strong></span> <span class='ocrx_word' id='word_1_578' title='bbox 1051 4460 1264 4514; x_wconf 88' lang='lat' dir='ltr'><strong>diversa</strong></span> <span class='ocrx_word' id='word_1_579' title='bbox 1296 4461 1425 4525; x_wconf 90' lang='lat' dir='ltr'><strong>sint,</strong></span> <span class='ocrx_word' id='word_1_580' title='bbox 1459 4477 1560 4516; x_wconf 90' lang='lat' dir='ltr'><strong>nec</strong></span> <span class='ocrx_word' id='word_1_581' title='bbox 1589 4479 1694 4517; x_wconf 92' lang='lat' dir='ltr'><strong>non</strong></span> <span class='ocrx_word' id='word_1_582' title='bbox 1719 4481 1841 4533; x_wconf 67' lang='lat' dir='ltr'><strong>qua:</strong></span> 
     </span>
    </p>
   </div>
   <div class='ocr_carea' id='block_1_76' title="bbox 267 4549 1838 4618">
    <p class='ocr_par' dir='ltr' id='par_1_76' title="bbox 267 4549 1838 4618">
     <span class='ocr_line' id='line_1_76' title="bbox 267 4549 1838 4618; baseline 0.003 -15"><span class='ocrx_word' id='word_1_583' title='bbox 267 4565 298 4603; x_wconf 89' lang='lat' dir='ltr'><strong>a</strong></span> <span class='ocrx_word' id='word_1_584' title='bbox 337 4549 678 4605; x_wconf 72' lang='lat' dir='ltr'><strong>Damascwo</strong></span> <span class='ocrx_word' id='word_1_585' title='bbox 708 4551 1012 4618; x_wconf 89' lang='lat' dir='ltr'><strong>interdum;</strong></span> <span class='ocrx_word' id='word_1_586' title='bbox 1052 4550 1104 4604; x_wconf 81' lang='lat'><strong>5.</strong></span> <span class='ocrx_word' id='word_1_587' title='bbox 1139 4567 1204 4604; x_wconf 76' lang='lat' dir='ltr'><strong>ex</strong></span> <span class='ocrx_word' id='word_1_588' title='bbox 1237 4551 1337 4605; x_wconf 89' lang='lat' dir='ltr'><strong>hac</strong></span> <span class='ocrx_word' id='word_1_589' title='bbox 1376 4552 1838 4609; x_wconf 88' lang='lat' dir='ltr'><strong>Eunomianornm</strong></span> 
     </span>
    </p>
   </div>
   <div class='ocr_carea' id='block_1_77' title="bbox 264 4641 1843 4713">
    <p class='ocr_par' dir='ltr' id='par_1_77' title="bbox 264 4641 1843 4713">
     <span class='ocr_line' id='line_1_77' title="bbox 264 4641 1843 4713; baseline 0.003 -18"><span class='ocrx_word' id='word_1_590' title='bbox 264 4644 576 4711; x_wconf 87' lang='lat' dir='ltr'><strong>corruptela</strong></span> <span class='ocrx_word' id='word_1_591' title='bbox 612 4661 624 4695; x_wconf 90' lang='lat'>:</span> <span class='ocrx_word' id='word_1_592' title='bbox 669 4642 771 4696; x_wconf 83' lang='grc' dir='ltr'><strong>Ἑν</strong></span> <span class='ocrx_word' id='word_1_593' title='bbox 796 4641 955 4710; x_wconf 76' lang='grc' dir='ltr'><strong>ἀρχῇ</strong></span> <span class='ocrx_word' id='word_1_594' title='bbox 985 4642 1198 4708; x_wconf 80' lang='grc' dir='ltr'><em>κτίσας</em></span> <span class='ocrx_word' id='word_1_595' title='bbox 1227 4647 1259 4697; x_wconf 85' lang='grc' dir='ltr'><strong><em>ό</em></strong></span> <span class='ocrx_word' id='word_1_596' title='bbox 1279 4643 1421 4709; x_wconf 84' lang='grc' dir='ltr'><strong>Θεὸς</strong></span> <span class='ocrx_word' id='word_1_597' title='bbox 1447 4644 1555 4698; x_wconf 81' lang='grc' dir='ltr'><strong>τὸν</strong></span> <span class='ocrx_word' id='word_1_598' title='bbox 1584 4647 1843 4713; x_wconf 69' lang='grc' dir='ltr'><em>οὐρανὸν</em></span> 
     </span>
    </p>
   </div>
   <div class='ocr_carea' id='block_1_78' title="bbox 264 4732 1840 4804">
    <p class='ocr_par' dir='ltr' id='par_1_78' title="bbox 264 4732 1840 4804">
     <span class='ocr_line' id='line_1_78' title="bbox 264 4732 1840 4804; baseline 0.004 -19"><span class='ocrx_word' id='word_1_599' title='bbox 264 4733 366 4786; x_wconf 77' lang='grc' dir='ltr'><strong>καὶ</strong></span> <span class='ocrx_word' id='word_1_600' title='bbox 400 4733 516 4800; x_wconf 80' lang='grc' dir='ltr'><strong>τὴν</strong></span> <span class='ocrx_word' id='word_1_601' title='bbox 544 4733 680 4804; x_wconf 73' lang='grc' dir='ltr'><strong>γῆν,</strong></span> <span class='ocrx_word' id='word_1_602' title='bbox 710 4734 912 4786; x_wconf 75' lang='grc' dir='ltr'><strong>ἔκτισε</strong></span> <span class='ocrx_word' id='word_1_603' title='bbox 935 4732 1030 4785; x_wconf 76' lang='grc' dir='ltr'><strong>καὶ</strong></span> <span class='ocrx_word' id='word_1_604' title='bbox 1063 4733 1169 4786; x_wconf 74' lang='grc' dir='ltr'><em>τὸν</em></span> <span class='ocrx_word' id='word_1_605' title='bbox 1198 4736 1332 4788; x_wconf 72' lang='grc' dir='ltr'><strong>υἱόν</strong></span> <span class='ocrx_word' id='word_1_606' title='bbox 1351 4754 1363 4766; x_wconf 76' lang='grc' dir='ltr'><strong>ο</strong></span> <span class='ocrx_word' id='word_1_607' title='bbox 1390 4752 1511 4804; x_wconf 73' lang='lat' dir='ltr'><strong>quae</strong></span> <span class='ocrx_word' id='word_1_608' title='bbox 1539 4735 1840 4792; x_wconf 86' lang='lat' dir='ltr'><strong>Turrianus</strong></span> 
     </span>
    </p>
   </div>
   <div class='ocr_carea' id='block_1_79' title="bbox 264 4825 1838 4900">
    <p class='ocr_par' dir='ltr' id='par_1_79' title="bbox 264 4825 1838 4900">
     <span class='ocr_line' id='line_1_79' title="bbox 264 4825 1838 4900; baseline 0.004 -21"><span class='ocrx_word' id='word_1_609' title='bbox 264 4826 320 4879; x_wconf 88' lang='lat' dir='ltr'><strong>in</strong></span> <span class='ocrx_word' id='word_1_610' title='bbox 356 4825 676 4894; x_wconf 73' lang='lat' dir='ltr'><strong>praefatione</strong></span> <span class='ocrx_word' id='word_1_611' title='bbox 705 4825 894 4882; x_wconf 63' lang='lat' dir='ltr'><strong>Graeca</strong></span> <span class='ocrx_word' id='word_1_612' title='bbox 939 4828 1006 4881; x_wconf 90' lang='lat' dir='ltr'><strong>ad</strong></span> <span class='ocrx_word' id='word_1_613' title='bbox 1066 4826 1474 4886; x_wconf 84' lang='lat' dir='ltr'><strong>Constitutiones</strong></span> <span class='ocrx_word' id='word_1_614' title='bbox 1527 4834 1838 4900; x_wconf 77' lang='lat' dir='ltr'><strong>apostolicos</strong></span> 
     </span>
    </p>
   </div>
   <div class='ocr_carea' id='block_1_80' title="bbox 261 4917 1839 4988">
    <p class='ocr_par' dir='ltr' id='par_1_80' title="bbox 261 4917 1839 4988">
     <span class='ocr_line' id='line_1_80' title="bbox 261 4917 1839 4988; baseline 0.001 -14"><span class='ocrx_word' id='word_1_615' title='bbox 261 4921 491 4975; x_wconf 86' lang='lat' dir='ltr'><strong>adducit</strong></span> <span class='ocrx_word' id='word_1_616' title='bbox 521 4935 588 4974; x_wconf 80' lang='lat' dir='ltr'><strong>ex</strong></span> <span class='ocrx_word' id='word_1_617' title='bbox 614 4920 937 4987; x_wconf 83' lang='lat' dir='ltr'><strong>Ammonio;</strong></span> <span class='ocrx_word' id='word_1_618' title='bbox 972 4920 1024 4973; x_wconf 66' lang='grc'><strong>4.</strong></span> <span class='ocrx_word' id='word_1_619' title='bbox 1065 4917 1191 4988; x_wconf 89' lang='lat' dir='ltr'><strong>quia</strong></span> <span class='ocrx_word' id='word_1_620' title='bbox 1219 4919 1373 4973; x_wconf 92' lang='lat' dir='ltr'><strong>locus</strong></span> <span class='ocrx_word' id='word_1_621' title='bbox 1412 4934 1442 4973; x_wconf 93' lang='lat' dir='ltr'><strong>e</strong></span> <span class='ocrx_word' id='word_1_622' title='bbox 1487 4936 1592 4976; x_wconf 90' lang='lat' dir='ltr'><strong>ms.</strong></span> <span class='ocrx_word' id='word_1_623' title='bbox 1639 4921 1839 4976; x_wconf 83' lang='lat' dir='ltr'><strong>biblio—</strong></span> 
     </span>
    </p>
   </div>
   <div class='ocr_carea' id='block_1_81' title="bbox 262 5011 1839 5069">
    <p class='ocr_par' dir='ltr' id='par_1_81' title="bbox 262 5011 1839 5069">
     <span class='ocr_line' id='line_1_81' title="bbox 262 5011 1839 5069; baseline 0.003 -4"><span class='ocrx_word' id='word_1_624' title='bbox 262 5013 441 5067; x_wconf 70' lang='lat' dir='ltr'><strong>theca:</strong></span> <span class='ocrx_word' id='word_1_625' title='bbox 467 5011 906 5068; x_wconf 80' lang='lat' dir='ltr'><strong>Claromontanze</strong></span> <span class='ocrx_word' id='word_1_626' title='bbox 933 5012 1136 5066; x_wconf 88' lang='lat' dir='ltr'><strong>relatus</strong></span> <span class='ocrx_word' id='word_1_627' title='bbox 1166 5011 1310 5066; x_wconf 89' lang='lat' dir='ltr'><strong>inter</strong></span> <span class='ocrx_word' id='word_1_628' title='bbox 1348 5012 1660 5066; x_wconf 83' lang='lat' dir='ltr'><strong>testimonia</strong></span> <span class='ocrx_word' id='word_1_629' title='bbox 1693 5025 1839 5069; x_wconf 91' lang='lat' dir='ltr'><strong>vete—</strong></span> 
     </span>
    </p>
   </div>
   <div class='ocr_carea' id='block_1_82' title="bbox 264 5103 1834 5175">
    <p class='ocr_par' dir='ltr' id='par_1_82' title="bbox 264 5103 1834 5175">
     <span class='ocr_line' id='line_1_82' title="bbox 264 5103 1834 5175; baseline 0.002 -18"><span class='ocrx_word' id='word_1_630' title='bbox 264 5103 586 5163; x_wconf 85' lang='lat' dir='ltr'><strong>rum,alium</strong></span> <span class='ocrx_word' id='word_1_631' title='bbox 610 5120 638 5161; x_wconf 87' lang='lat' dir='ltr'><strong>a</strong></span> <span class='ocrx_word' id='word_1_632' title='bbox 662 5113 851 5160; x_wconf 90' lang='lat' dir='ltr'><strong>nostro</strong></span> <span class='ocrx_word' id='word_1_633' title='bbox 871 5105 1189 5172; x_wconf 89' lang='lat' dir='ltr'><strong>scriptorem</strong></span> <span class='ocrx_word' id='word_1_634' title='bbox 1206 5104 1485 5172; x_wconf 85' lang='lat' dir='ltr'><strong>magisque</strong></span> <span class='ocrx_word' id='word_1_635' title='bbox 1497 5105 1642 5172; x_wconf 89' lang='lat' dir='ltr'><strong>pium</strong></span> <span class='ocrx_word' id='word_1_636' title='bbox 1661 5108 1834 5175; x_wconf 89' lang='lat' dir='ltr'><strong>sapit;</strong></span> 
     </span>
    </p>
   </div>
   <div class='ocr_carea' id='block_1_83' title="bbox 263 5193 1836 5266">
    <p class='ocr_par' dir='ltr' id='par_1_83' title="bbox 263 5193 1836 5266">
     <span class='ocr_line' id='line_1_83' title="bbox 263 5193 1836 5266; baseline 0.002 -16"><span class='ocrx_word' id='word_1_637' title='bbox 263 5211 392 5250; x_wconf 88' lang='lat' dir='ltr'><strong>eum</strong></span> <span class='ocrx_word' id='word_1_638' title='bbox 463 5195 602 5250; x_wconf 82' lang='lat' dir='ltr'><strong>forte</strong></span> <span class='ocrx_word' id='word_1_639' title='bbox 653 5197 812 5265; x_wconf 85' lang='lat' dir='ltr'><strong>cujus</strong></span> <span class='ocrx_word' id='word_1_640' title='bbox 863 5195 1226 5266; x_wconf 83' lang='lat' dir='ltr'><strong>fragmentum</strong></span> <span class='ocrx_word' id='word_1_641' title='bbox 1289 5193 1364 5248; x_wconf 81' lang='lat' dir='ltr'><strong>De</strong></span> <span class='ocrx_word' id='word_1_642' title='bbox 1412 5193 1612 5264; x_wconf 79' lang='lat' dir='ltr'><strong>Spiritu</strong></span> <span class='ocrx_word' id='word_1_643' title='bbox 1656 5211 1836 5253; x_wconf 81' lang='lat' dir='ltr'><strong>sanrto</strong></span> 
     </span>
    </p>
   </div>
   <div class='ocr_carea' id='block_1_84' title="bbox 361 5349 1212 5432">
    <p class='ocr_par' dir='ltr' id='par_1_84' title="bbox 361 5349 1212 5432">
     <span class='ocr_line' id='line_1_84' title="bbox 361 5349 1212 5432; baseline 0 0"><span class='ocrx_word' id='word_1_644' title='bbox 361 5352 417 5432; x_wconf 74' lang='grc' dir='ltr'><em>Ζ)</em></span> <span class='ocrx_word' id='word_1_645' title='bbox 443 5351 663 5432; x_wconf 62' lang='grc' dir='ltr'>ξρίιξιιιο</span> <span class='ocrx_word' id='word_1_646' title='bbox 693 5351 842 5432; x_wconf 59' lang='lat' dir='ltr'><strong>&quot;er..-</strong></span> <span class='ocrx_word' id='word_1_647' title='bbox 873 5367 1007 5432; x_wconf 67' lang='grc' dir='ltr'><strong>ως</strong></span> <span class='ocrx_word' id='word_1_648' title='bbox 1040 5367 1097 5432; x_wconf 64' lang='lat'><strong>9-.</strong></span> <span class='ocrx_word' id='word_1_649' title='bbox 1121 5349 1212 5432; x_wconf 66' lang='lat'><strong>.45-</strong></span> 
     </span>
    </p>
   </div>
   <div class='ocr_carea' id='block_1_85' title="bbox 361 5417 1835 5490">
    <p class='ocr_par' dir='ltr' id='par_1_85' title="bbox 361 5417 1835 5490">
     <span class='ocr_line' id='line_1_85' title="bbox 361 5417 1835 5490; baseline 0.002 -15"><span class='ocrx_word' id='word_1_650' title='bbox 361 5417 417 5490; x_wconf 76' lang='grc'><strong>8)</strong></span> <span class='ocrx_word' id='word_1_651' title='bbox 461 5417 666 5487; x_wconf 60' lang='grc' dir='ltr'>Ιξυὶἰιιη</span> <span class='ocrx_word' id='word_1_652' title='bbox 699 5421 905 5490; x_wconf 66' lang='grc' dir='ltr'><strong>[ιι-«εἷλε.</strong></span> <span class='ocrx_word' id='word_1_653' title='bbox 934 5423 1004 5476; x_wconf 86' lang='lat' dir='ltr'><strong>ad</strong></span> <span class='ocrx_word' id='word_1_654' title='bbox 1042 5421 1175 5475; x_wconf 86' lang='lat' dir='ltr'><strong>libb.</strong></span> <span class='ocrx_word' id='word_1_655' title='bbox 1220 5417 1485 5488; x_wconf 74' lang='lat' dir='ltr'><strong>Iiecognit.</strong></span> <span class='ocrx_word' id='word_1_656' title='bbox 1523 5427 1576 5472; x_wconf 89' lang='lat' dir='ltr'><strong>et</strong></span> <span class='ocrx_word' id='word_1_657' title='bbox 1616 5420 1710 5474; x_wconf 83' lang='grc' dir='ltr'>Ιιιι.</span> <span class='ocrx_word' id='word_1_658' title='bbox 1761 5423 1835 5478; x_wconf 84' lang='grc' dir='ltr'><strong>Ῐ)ε</strong></span> 
     </span>
    </p>
   </div>
   <div class='ocr_carea' id='block_1_86' title="bbox 263 5491 914 5564">
    <p class='ocr_par' dir='ltr' id='par_1_86' title="bbox 263 5491 914 5564">
     <span class='ocr_line' id='line_1_86' title="bbox 263 5491 914 5564; baseline -0.002 -20"><span class='ocrx_word' id='word_1_659' title='bbox 263 5491 500 5564; x_wconf 66' lang='lat' dir='ltr'><strong>adulter.</strong></span> <span class='ocrx_word' id='word_1_660' title='bbox 529 5492 656 5548; x_wconf 87' lang='lat' dir='ltr'><strong>libb.</strong></span> <span class='ocrx_word' id='word_1_661' title='bbox 702 5491 914 5564; x_wconf 76' lang='lat' dir='ltr'><strong>0_r_igen.</strong></span> 
     </span>
    </p>
   </div>
   <div class='ocr_carea' id='block_1_87' title="bbox 340 5560 1151 5651">
    <p class='ocr_par' dir='ltr' id='par_1_87' title="bbox 340 5560 1151 5651">
     <span class='ocr_line' id='line_1_87' title="bbox 340 5560 1151 5651; baseline 0 0"><span class='ocrx_word' id='word_1_662' title='bbox 340 5560 833 5651; x_wconf 62' lang='lat' dir='ltr'><strong>l?2..&quot;29_‘:&#39;_f°d‘3..</strong></span> <span class='ocrx_word' id='word_1_663' title='bbox 845 5577 1151 5651; x_wconf 55' lang='grc' dir='ltr'><strong>ῗ³ί¹¹λ⁴ἕῖί¹¹3ς</strong></span> 
     </span>
    </p>
   </div>
   <div class='ocr_carea' id='block_1_88' title="bbox 337 5628 1588 5702">
    <p class='ocr_par' dir='ltr' id='par_1_88' title="bbox 337 5628 1588 5702">
     <span class='ocr_line' id='line_1_88' title="bbox 337 5628 1588 5702; baseline -0.003 -17"><span class='ocrx_word' id='word_1_664' title='bbox 337 5628 454 5702; x_wconf 67' lang='grc'><strong>(10)</strong></span> <span class='ocrx_word' id='word_1_665' title='bbox 482 5629 731 5702; x_wconf 56' lang='grc' dir='ltr'><strong>ῌὶεεριιη</strong></span> <span class='ocrx_word' id='word_1_666' title='bbox 759 5630 919 5702; x_wconf 65' lang='lat' dir='ltr'><strong>Hist.</strong></span> <span class='ocrx_word' id='word_1_667' title='bbox 942 5631 1068 5702; x_wconf 64' lang='lat' dir='ltr'><strong>eaet.</strong></span> <span class='ocrx_word' id='word_1_668' title='bbox 1095 5631 1219 5702; x_wconf 90' lang='lat' dir='ltr'><strong>_l_ib._</strong></span> <span class='ocrx_word' id='word_1_669' title='bbox 1239 5646 1318 5702; x_wconf 77' lang='lat' dir='ltr'><strong>tu,</strong></span> <span class='ocrx_word' id='word_1_670' title='bbox 1350 5644 1467 5702; x_wconf 71' lang='lat' dir='ltr'><strong>cap.</strong></span> <span class='ocrx_word' id='word_1_671' title='bbox 1505 5628 1588 5682; x_wconf 88' lang='grc'><strong>18.</strong></span> 
     </span>
    </p>
   </div>
   <div class='ocr_carea' id='block_1_89' title="bbox 336 5698 1827 5772">
    <p class='ocr_par' dir='ltr' id='par_1_89' title="bbox 336 5698 1827 5772">
     <span class='ocr_line' id='line_1_89' title="bbox 336 5698 1827 5772; baseline -0.004 -17"><span class='ocrx_word' id='word_1_672' title='bbox 336 5698 454 5771; x_wconf 85' lang='grc'><strong>(11)</strong></span> <span class='ocrx_word' id='word_1_673' title='bbox 485 5698 964 5772; x_wconf 60' lang='grc' dir='ltr'><strong>Ιαῑᾶηηύἱιεὶηἱι.</strong></span> <span class='ocrx_word' id='word_1_674' title='bbox 985 5701 1054 5757; x_wconf 86' lang='lat' dir='ltr'><strong>D.</strong></span> <span class='ocrx_word' id='word_1_675' title='bbox 1082 5698 1155 5756; x_wconf 85' lang='grc' dir='ltr'><strong>Ν.</strong></span> <span class='ocrx_word' id='word_1_676' title='bbox 1187 5698 1243 5755; x_wconf 84' lang='lat' dir='ltr'><strong>J.</strong></span> <span class='ocrx_word' id='word_1_677' title='bbox 1271 5699 1330 5754; x_wconf 84' lang='lat' dir='ltr'><strong>C.</strong></span> <span class='ocrx_word' id='word_1_678' title='bbox 1359 5741 1373 5765; x_wconf 94' lang='lat'><strong>,</strong></span> <span class='ocrx_word' id='word_1_679' title='bbox 1415 5699 1506 5754; x_wconf 86' lang='lat' dir='ltr'><strong>lib.</strong></span> <span class='ocrx_word' id='word_1_680' title='bbox 1536 5715 1591 5756; x_wconf 92' lang='grc' dir='ltr'>ιι.</span> <span class='ocrx_word' id='word_1_681' title='bbox 1619 5715 1737 5769; x_wconf 88' lang='lat' dir='ltr'><strong>cap.</strong></span> <span class='ocrx_word' id='word_1_682' title='bbox 1776 5698 1827 5762; x_wconf 85' lang='lat'><strong>7,</strong></span> 
     </span>
    </p>
   </div>
   <div class='ocr_carea' id='block_1_90' title="bbox 1946 3722 3518 3796">
    <p class='ocr_par' dir='ltr' id='par_1_90' title="bbox 1946 3722 3518 3796">
     <span class='ocr_line' id='line_1_90' title="bbox 1946 3722 3518 3796; baseline 0.006 -20"><span class='ocrx_word' id='word_1_683' title='bbox 1946 3722 2122 3793; x_wconf 85' lang='lat' dir='ltr'><strong>piens,</strong></span> <span class='ocrx_word' id='word_1_684' title='bbox 2160 3741 2260 3779; x_wconf 90' lang='lat' dir='ltr'><strong>nec</strong></span> <span class='ocrx_word' id='word_1_685' title='bbox 2297 3741 2420 3779; x_wconf 88' lang='lat' dir='ltr'><strong>cum</strong></span> <span class='ocrx_word' id='word_1_686' title='bbox 2459 3726 2694 3780; x_wconf 89' lang='lat' dir='ltr'><strong>ethnicis</strong></span> <span class='ocrx_word' id='word_1_687' title='bbox 2735 3726 3006 3796; x_wconf 83' lang='lat' dir='ltr'><strong>baptismo</strong></span> <span class='ocrx_word' id='word_1_688' title='bbox 3029 3728 3266 3782; x_wconf 86' lang='lat' dir='ltr'><strong>nondum</strong></span> <span class='ocrx_word' id='word_1_689' title='bbox 3289 3729 3518 3786; x_wconf 75' lang='lat' dir='ltr'><strong>initiatis</strong></span> 
     </span>
    </p>
   </div>
   <div class='ocr_carea' id='block_1_91' title="bbox 1946 3815 3514 3886">
    <p class='ocr_par' dir='ltr' id='par_1_91' title="bbox 1946 3815 3514 3886">
     <span class='ocr_line' id='line_1_91' title="bbox 1946 3815 3514 3886; baseline 0.004 -17"><span class='ocrx_word' id='word_1_690' title='bbox 1946 3816 2256 3872; x_wconf 88' lang='lat' dir='ltr'><strong>comedens.</strong></span> <span class='ocrx_word' id='word_1_691' title='bbox 2283 3815 2412 3871; x_wconf 92' lang='lat' dir='ltr'><strong>Post</strong></span> <span class='ocrx_word' id='word_1_692' title='bbox 2441 3817 2725 3886; x_wconf 87' lang='lat' dir='ltr'><strong>epistolam</strong></span> <span class='ocrx_word' id='word_1_693' title='bbox 2766 3816 2911 3871; x_wconf 87' lang='lat' dir='ltr'><strong>Petri</strong></span> <span class='ocrx_word' id='word_1_694' title='bbox 2949 3818 3014 3871; x_wconf 89' lang='lat' dir='ltr'><strong>ad</strong></span> <span class='ocrx_word' id='word_1_695' title='bbox 3046 3816 3328 3885; x_wconf 71' lang='lat' dir='ltr'><strong>Iacobum,</strong></span> <span class='ocrx_word' id='word_1_696' title='bbox 3354 3821 3514 3876; x_wconf 82' lang='lat' dir='ltr'><strong>indu-</strong></span> 
     </span>
    </p>
   </div>
   <div class='ocr_carea' id='block_1_92' title="bbox 1944 3905 3519 3979">
    <p class='ocr_par' dir='ltr' id='par_1_92' title="bbox 1944 3905 3519 3979">
     <span class='ocr_line' id='line_1_92' title="bbox 1944 3905 3519 3979; baseline 0.003 -17"><span class='ocrx_word' id='word_1_697' title='bbox 1944 3906 2086 3962; x_wconf 90' lang='lat' dir='ltr'><strong>citur</strong></span> <span class='ocrx_word' id='word_1_698' title='bbox 2110 3905 2346 3962; x_wconf 75' lang='lat' dir='ltr'><strong>Iacobus</strong></span> <span class='ocrx_word' id='word_1_699' title='bbox 2373 3909 2608 3979; x_wconf 89' lang='lat' dir='ltr'><strong>graviter</strong></span> <span class='ocrx_word' id='word_1_700' title='bbox 2634 3908 2908 3974; x_wconf 88' lang='lat' dir='ltr'><strong>sanciens,</strong></span> <span class='ocrx_word' id='word_1_701' title='bbox 2941 3917 3001 3962; x_wconf 91' lang='lat' dir='ltr'><strong>ut</strong></span> <span class='ocrx_word' id='word_1_702' title='bbox 3026 3909 3148 3962; x_wconf 87' lang='lat' dir='ltr'><strong>libri</strong></span> <span class='ocrx_word' id='word_1_703' title='bbox 3175 3911 3519 3966; x_wconf 70' lang='lat' dir='ltr'><strong>Praedicatio-</strong></span> 
     </span>
    </p>
   </div>
   <div class='ocr_carea' id='block_1_93' title="bbox 1945 3999 3516 4068">
    <p class='ocr_par' dir='ltr' id='par_1_93' title="bbox 1945 3999 3516 4068">
     <span class='ocr_line' id='line_1_93' title="bbox 1945 3999 3516 4068; baseline 0.004 -16"><span class='ocrx_word' id='word_1_704' title='bbox 1945 4014 2070 4054; x_wconf 82' lang='lat' dir='ltr'><strong>num</strong></span> <span class='ocrx_word' id='word_1_705' title='bbox 2113 3999 2273 4066; x_wconf 84' lang='lat' dir='ltr'><strong>Petri,</strong></span> <span class='ocrx_word' id='word_1_706' title='bbox 2305 4001 2409 4056; x_wconf 91' lang='lat' dir='ltr'><strong>nisi</strong></span> <span class='ocrx_word' id='word_1_707' title='bbox 2454 4001 2595 4056; x_wconf 80' lang='lat' dir='ltr'><strong>fideli</strong></span> <span class='ocrx_word' id='word_1_708' title='bbox 2628 4001 2976 4068; x_wconf 86' lang='lat' dir='ltr'><strong>circumciso,</strong></span> <span class='ocrx_word' id='word_1_709' title='bbox 3026 4001 3233 4056; x_wconf 89' lang='lat' dir='ltr'><strong>nemini</strong></span> <span class='ocrx_word' id='word_1_710' title='bbox 3271 4005 3516 4058; x_wconf 79' lang='lat' dir='ltr'><strong>commit-</strong></span> 
     </span>
    </p>
   </div>
   <div class='ocr_carea' id='block_1_94' title="bbox 1943 4089 3511 4164">
    <p class='ocr_par' dir='ltr' id='par_1_94' title="bbox 1943 4089 3511 4164">
     <span class='ocr_line' id='line_1_94' title="bbox 1943 4089 3511 4164; baseline 0.003 -20"><span class='ocrx_word' id='word_1_711' title='bbox 1943 4099 2148 4144; x_wconf 90' lang='lat' dir='ltr'><strong>tantur.</strong></span> <span class='ocrx_word' id='word_1_712' title='bbox 2196 4089 2332 4144; x_wconf 82' lang='lat' dir='ltr'><strong>Vide</strong></span> <span class='ocrx_word' id='word_1_713' title='bbox 2372 4090 2638 4160; x_wconf 81' lang='lat' dir='ltr'><strong>Recognit.</strong></span> <span class='ocrx_word' id='word_1_714' title='bbox 2679 4092 2772 4146; x_wconf 91' lang='lat' dir='ltr'><strong>lib.</strong></span> <span class='ocrx_word' id='word_1_715' title='bbox 2808 4107 2881 4156; x_wconf 81' lang='lat' dir='ltr'><strong>tv,</strong></span> <span class='ocrx_word' id='word_1_716' title='bbox 2916 4107 3037 4160; x_wconf 89' lang='lat' dir='ltr'><strong>cap.</strong></span> <span class='ocrx_word' id='word_1_717' title='bbox 3069 4092 3138 4157; x_wconf 79' lang='lat'><strong>5;</strong></span> <span class='ocrx_word' id='word_1_718' title='bbox 3178 4092 3274 4146; x_wconf 86' lang='lat' dir='ltr'><strong>lib.</strong></span> <span class='ocrx_word' id='word_1_719' title='bbox 3299 4110 3354 4158; x_wconf 87' lang='lat' dir='ltr'><strong>v,</strong></span> <span class='ocrx_word' id='word_1_720' title='bbox 3390 4109 3511 4164; x_wconf 83' lang='lat' dir='ltr'><strong>cap.</strong></span> 
     </span>
    </p>
   </div>
   <div class='ocr_carea' id='block_1_95' title="bbox 1942 4182 3508 4253">
    <p class='ocr_par' dir='ltr' id='par_1_95' title="bbox 1942 4182 3508 4253">
     <span class='ocr_line' id='line_1_95' title="bbox 1942 4182 3508 4253; baseline 0.003 -18"><span class='ocrx_word' id='word_1_721' title='bbox 1942 4182 2030 4248; x_wconf 76' lang='lat'><strong>56,</strong></span> <span class='ocrx_word' id='word_1_722' title='bbox 2075 4195 2129 4238; x_wconf 91' lang='lat' dir='ltr'><strong>et</strong></span> <span class='ocrx_word' id='word_1_723' title='bbox 2160 4183 2254 4237; x_wconf 92' lang='lat' dir='ltr'><strong>lib.</strong></span> <span class='ocrx_word' id='word_1_724' title='bbox 2299 4199 2419 4245; x_wconf 82' lang='lat' dir='ltr'><strong>vni,</strong></span> <span class='ocrx_word' id='word_1_725' title='bbox 2469 4200 2590 4252; x_wconf 90' lang='lat' dir='ltr'><strong>cap.</strong></span> <span class='ocrx_word' id='word_1_726' title='bbox 2635 4185 2686 4250; x_wconf 92' lang='grc'><strong>1,</strong></span> <span class='ocrx_word' id='word_1_727' title='bbox 2735 4194 2789 4239; x_wconf 92' lang='lat' dir='ltr'><strong>et</strong></span> <span class='ocrx_word' id='word_1_728' title='bbox 2819 4185 3009 4238; x_wconf 90' lang='lat' dir='ltr'><strong>homil.</strong></span> <span class='ocrx_word' id='word_1_729' title='bbox 3067 4200 3106 4247; x_wconf 90' lang='grc' dir='ltr'>ι,</span> <span class='ocrx_word' id='word_1_730' title='bbox 3151 4200 3272 4253; x_wconf 87' lang='lat' dir='ltr'><strong>cap.</strong></span> <span class='ocrx_word' id='word_1_731' title='bbox 3318 4187 3418 4250; x_wconf 78' lang='lat' dir='ltr'><strong>l9;</strong></span> <span class='ocrx_word' id='word_1_732' title='bbox 3455 4205 3508 4252; x_wconf 69' lang='grc' dir='ltr'>ι,</span> 
     </span>
    </p>
   </div>
   <div class='ocr_carea' id='block_1_96' title="bbox 1941 4274 3510 4346">
    <p class='ocr_par' dir='ltr' id='par_1_96' title="bbox 1941 4274 3510 4346">
     <span class='ocr_line' id='line_1_96' title="bbox 1941 4274 3510 4346; baseline 0.001 -17"><span class='ocrx_word' id='word_1_733' title='bbox 1941 4291 2096 4344; x_wconf 77' lang='lat' dir='ltr'><strong>capp.</strong></span> <span class='ocrx_word' id='word_1_734' title='bbox 2163 4275 2187 4328; x_wconf 88' lang='grc'><strong>1</strong></span> <span class='ocrx_word' id='word_1_735' title='bbox 2235 4284 2289 4328; x_wconf 85' lang='lat' dir='ltr'><strong>et</strong></span> <span class='ocrx_word' id='word_1_736' title='bbox 2327 4274 2431 4342; x_wconf 75' lang='lat'><strong>26;</strong></span> <span class='ocrx_word' id='word_1_737' title='bbox 2476 4289 2553 4340; x_wconf 72' lang='grc' dir='ltr'>χι,</span> <span class='ocrx_word' id='word_1_738' title='bbox 2595 4290 2751 4345; x_wconf 89' lang='lat' dir='ltr'><strong>capp.</strong></span> <span class='ocrx_word' id='word_1_739' title='bbox 2782 4275 2890 4342; x_wconf 72' lang='lat'><strong>28,</strong></span> <span class='ocrx_word' id='word_1_740' title='bbox 2941 4276 3030 4342; x_wconf 75' lang='lat'><strong>29,</strong></span> <span class='ocrx_word' id='word_1_741' title='bbox 3089 4275 3178 4342; x_wconf 79' lang='lat'><strong>50,</strong></span> <span class='ocrx_word' id='word_1_742' title='bbox 3227 4277 3329 4341; x_wconf 72' lang='lat'><strong>51;</strong></span> <span class='ocrx_word' id='word_1_743' title='bbox 3388 4295 3510 4346; x_wconf 79' lang='lat' dir='ltr'><strong>xui,</strong></span> 
     </span>
    </p>
   </div>
   <div class='ocr_carea' id='block_1_97' title="bbox 1943 4368 2317 4438">
    <p class='ocr_par' dir='ltr' id='par_1_97' title="bbox 1943 4368 2317 4438">
     <span class='ocr_line' id='line_1_97' title="bbox 1943 4368 2317 4438; baseline 0.003 -17"><span class='ocrx_word' id='word_1_744' title='bbox 1943 4383 2098 4438; x_wconf 90' lang='lat' dir='ltr'><strong>capp.</strong></span> <span class='ocrx_word' id='word_1_745' title='bbox 2127 4369 2161 4421; x_wconf 77' lang='grc'><strong>4</strong></span> <span class='ocrx_word' id='word_1_746' title='bbox 2181 4377 2234 4422; x_wconf 88' lang='lat' dir='ltr'><strong>et</strong></span> <span class='ocrx_word' id='word_1_747' title='bbox 2265 4368 2317 4422; x_wconf 90' lang='lat'><strong>9.</strong></span> 
     </span>
    </p>
   </div>
   <div class='ocr_carea' id='block_1_98' title="bbox 2021 4457 3508 4532">
    <p class='ocr_par' dir='ltr' id='par_1_98' title="bbox 2021 4457 3508 4532">
     <span class='ocr_line' id='line_1_98' title="bbox 2021 4457 3508 4532; baseline 0.003 -21"><span class='ocrx_word' id='word_1_748' title='bbox 2021 4479 2041 4511; x_wconf 70' lang='lat' dir='ltr'><strong>c</strong></span> <span class='ocrx_word' id='word_1_749' title='bbox 2075 4459 2274 4514; x_wconf 86' lang='lat' dir='ltr'><strong>Citavit</strong></span> <span class='ocrx_word' id='word_1_750' title='bbox 2312 4459 2413 4515; x_wconf 86' lang='lat' dir='ltr'><strong>hos</strong></span> <span class='ocrx_word' id='word_1_751' title='bbox 2442 4458 2611 4513; x_wconf 90' lang='lat' dir='ltr'><strong>libros</strong></span> <span class='ocrx_word' id='word_1_752' title='bbox 2635 4457 2896 4528; x_wconf 86' lang='lat' dir='ltr'><strong>Origenes</strong></span> <span class='ocrx_word' id='word_1_753' title='bbox 2929 4459 3042 4529; x_wconf 73' lang='lat'><strong>(12)</strong></span> <span class='ocrx_word' id='word_1_754' title='bbox 3070 4479 3083 4514; x_wconf 90' lang='lat'><strong>:</strong></span> <span class='ocrx_word' id='word_1_755' title='bbox 3115 4461 3260 4530; x_wconf 87' lang='lat' dir='ltr'><strong>quod</strong></span> <span class='ocrx_word' id='word_1_756' title='bbox 3293 4461 3508 4532; x_wconf 87' lang='lat' dir='ltr'><strong>quidem</strong></span> 
     </span>
    </p>
   </div>
   <div class='ocr_carea' id='block_1_99' title="bbox 1942 4550 3511 4622">
    <p class='ocr_par' dir='ltr' id='par_1_99' title="bbox 1942 4550 3511 4622">
     <span class='ocr_line' id='line_1_99' title="bbox 1942 4550 3511 4622; baseline -0.001 -15"><span class='ocrx_word' id='word_1_757' title='bbox 1942 4568 2129 4608; x_wconf 88' lang='lat' dir='ltr'><strong>eorum</strong></span> <span class='ocrx_word' id='word_1_758' title='bbox 2174 4551 2549 4620; x_wconf 86' lang='lat' dir='ltr'><strong>antiquitatem</strong></span> <span class='ocrx_word' id='word_1_759' title='bbox 2588 4550 2942 4606; x_wconf 87' lang='lat' dir='ltr'><strong>demonstrat.</strong></span> <span class='ocrx_word' id='word_1_760' title='bbox 2985 4551 3402 4622; x_wconf 64' lang='lat' dir='ltr'><strong>Scriptismculo</strong></span> <span class='ocrx_word' id='word_1_761' title='bbox 3427 4569 3511 4607; x_wconf 46' lang='lat' dir='ltr'><strong>se.</strong></span> 
     </span>
    </p>
   </div>
   <div class='ocr_carea' id='block_1_100' title="bbox 1943 4644 3512 4716">
    <p class='ocr_par' dir='ltr' id='par_1_100' title="bbox 1943 4644 3512 4716">
     <span class='ocr_line' id='line_1_100' title="bbox 1943 4644 3512 4716; baseline 0.001 -18"><span class='ocrx_word' id='word_1_762' title='bbox 1943 4644 2122 4698; x_wconf 88' lang='lat' dir='ltr'><strong>eundo</strong></span> <span class='ocrx_word' id='word_1_763' title='bbox 2159 4655 2410 4708; x_wconf 79' lang='lat' dir='ltr'><strong>exeunte,</strong></span> <span class='ocrx_word' id='word_1_764' title='bbox 2453 4658 2515 4697; x_wconf 89' lang='lat' dir='ltr'><strong>ac</strong></span> <span class='ocrx_word' id='word_1_765' title='bbox 2555 4652 2677 4711; x_wconf 91' lang='lat' dir='ltr'><strong>post</strong></span> <span class='ocrx_word' id='word_1_766' title='bbox 2712 4660 2916 4698; x_wconf 89' lang='lat' dir='ltr'><strong>annum</strong></span> <span class='ocrx_word' id='word_1_767' title='bbox 2956 4646 3082 4712; x_wconf 84' lang='grc'><strong>170,</strong></span> <span class='ocrx_word' id='word_1_768' title='bbox 3109 4648 3155 4700; x_wconf 91' lang='lat' dir='ltr'><strong>si</strong></span> <span class='ocrx_word' id='word_1_769' title='bbox 3186 4663 3377 4701; x_wconf 92' lang='lat' dir='ltr'><strong>eorum</strong></span> <span class='ocrx_word' id='word_1_770' title='bbox 3415 4663 3512 4716; x_wconf 85' lang='lat' dir='ltr'><strong>pa-</strong></span> 
     </span>
    </p>
   </div>
   <div class='ocr_carea' id='block_1_101' title="bbox 1941 4733 3509 4805">
    <p class='ocr_par' dir='ltr' id='par_1_101' title="bbox 1941 4733 3509 4805">
     <span class='ocr_line' id='line_1_101' title="bbox 1941 4733 3509 4805; baseline 0.002 -16"><span class='ocrx_word' id='word_1_771' title='bbox 1941 4751 2068 4791; x_wconf 88' lang='lat' dir='ltr'><strong>rens</strong></span> <span class='ocrx_word' id='word_1_772' title='bbox 2115 4750 2179 4788; x_wconf 81' lang='lat' dir='ltr'><strong>ex</strong></span> <span class='ocrx_word' id='word_1_773' title='bbox 2233 4733 2539 4788; x_wconf 88' lang='lat' dir='ltr'><strong>Bardesane</strong></span> <span class='ocrx_word' id='word_1_774' title='bbox 2579 4743 2859 4790; x_wconf 90' lang='lat' dir='ltr'><strong>mutuatus</strong></span> <span class='ocrx_word' id='word_1_775' title='bbox 2909 4746 3010 4802; x_wconf 91' lang='lat' dir='ltr'><strong>est,</strong></span> <span class='ocrx_word' id='word_1_776' title='bbox 3061 4753 3182 4805; x_wconf 83' lang='lat' dir='ltr'><strong>que</strong></span> <span class='ocrx_word' id='word_1_777' title='bbox 3219 4737 3290 4791; x_wconf 89' lang='lat' dir='ltr'><strong>ab</strong></span> <span class='ocrx_word' id='word_1_778' title='bbox 3340 4737 3509 4792; x_wconf 68' lang='lat' dir='ltr'><strong>Euse~</strong></span> 
     </span>
    </p>
   </div>
   <div class='ocr_carea' id='block_1_102' title="bbox 1940 4823 3508 4896">
    <p class='ocr_par' dir='ltr' id='par_1_102' title="bbox 1940 4823 3508 4896">
     <span class='ocr_line' id='line_1_102' title="bbox 1940 4823 3508 4896; baseline 0.001 -14"><span class='ocrx_word' id='word_1_779' title='bbox 1940 4827 2030 4882; x_wconf 91' lang='lat' dir='ltr'><strong>bio</strong></span> <span class='ocrx_word' id='word_1_780' title='bbox 2065 4826 2176 4896; x_wconf 77' lang='grc'><strong>(15)</strong></span> <span class='ocrx_word' id='word_1_781' title='bbox 2215 4841 2278 4880; x_wconf 81' lang='lat' dir='ltr'><strong>ex</strong></span> <span class='ocrx_word' id='word_1_782' title='bbox 2327 4826 2466 4880; x_wconf 92' lang='lat' dir='ltr'><strong>libro</strong></span> <span class='ocrx_word' id='word_1_783' title='bbox 2513 4823 2838 4882; x_wconf 86' lang='lat' dir='ltr'><strong>Bardesanis</strong></span> <span class='ocrx_word' id='word_1_784' title='bbox 2887 4828 3242 4896; x_wconf 85' lang='lat' dir='ltr'><strong>deprompta,</strong></span> <span class='ocrx_word' id='word_1_785' title='bbox 3286 4830 3508 4884; x_wconf 80' lang='lat' dir='ltr'><strong>totidem</strong></span> 
     </span>
    </p>
   </div>
   <div class='ocr_carea' id='block_1_103' title="bbox 1939 4917 3192 4988">
    <p class='ocr_par' dir='ltr' id='par_1_103' title="bbox 1939 4917 3192 4988">
     <span class='ocr_line' id='line_1_103' title="bbox 1939 4917 3192 4988; baseline 0 -14"><span class='ocrx_word' id='word_1_786' title='bbox 1939 4918 2118 4974; x_wconf 91' lang='lat' dir='ltr'><strong>verbis</strong></span> <span class='ocrx_word' id='word_1_787' title='bbox 2144 4918 2397 4988; x_wconf 86' lang='lat' dir='ltr'><strong>leguntur</strong></span> <span class='ocrx_word' id='word_1_788' title='bbox 2419 4917 2512 4972; x_wconf 92' lang='lat' dir='ltr'><strong>lib.</strong></span> <span class='ocrx_word' id='word_1_789' title='bbox 2550 4934 2603 4972; x_wconf 81' lang='lat' dir='ltr'><strong>Ix</strong></span> <span class='ocrx_word' id='word_1_790' title='bbox 2636 4918 2929 4988; x_wconf 81' lang='lat' dir='ltr'><strong>Recognit.,</strong></span> <span class='ocrx_word' id='word_1_791' title='bbox 2955 4933 3076 4988; x_wconf 80' lang='lat' dir='ltr'><strong>cap.</strong></span> <span class='ocrx_word' id='word_1_792' title='bbox 3104 4919 3192 4974; x_wconf 92' lang='grc'><strong>19.</strong></span> 
     </span>
    </p>
   </div>
   <div class='ocr_carea' id='block_1_104' title="bbox 2023 5008 3509 5080">
    <p class='ocr_par' dir='ltr' id='par_1_104' title="bbox 2023 5008 3509 5080">
     <span class='ocr_line' id='line_1_104' title="bbox 2023 5008 3509 5080; baseline 0.004 -18"><span class='ocrx_word' id='word_1_793' title='bbox 2023 5029 2042 5062; x_wconf 78' lang='grc' dir='ltr'><strong>ι</strong></span> <span class='ocrx_word' id='word_1_794' title='bbox 2079 5008 2437 5080; x_wconf 85' lang='lat' dir='ltr'><strong>Epiphanius,</strong></span> <span class='ocrx_word' id='word_1_795' title='bbox 2481 5010 2577 5078; x_wconf 88' lang='lat' dir='ltr'><strong>qui</strong></span> <span class='ocrx_word' id='word_1_796' title='bbox 2630 5011 2730 5064; x_wconf 91' lang='lat' dir='ltr'><strong>hos</strong></span> <span class='ocrx_word' id='word_1_797' title='bbox 2773 5010 2942 5064; x_wconf 88' lang='lat' dir='ltr'><strong>libros</strong></span> <span class='ocrx_word' id='word_1_798' title='bbox 2990 5010 3251 5068; x_wconf 77' lang='lat' dir='ltr'><strong>Clementi</strong></span> <span class='ocrx_word' id='word_1_799' title='bbox 3281 5014 3509 5069; x_wconf 88' lang='lat' dir='ltr'><strong>omnino</strong></span> 
     </span>
    </p>
   </div>
   <div class='ocr_carea' id='block_1_105' title="bbox 1939 5100 3508 5174">
    <p class='ocr_par' dir='ltr' id='par_1_105' title="bbox 1939 5100 3508 5174">
     <span class='ocr_line' id='line_1_105' title="bbox 1939 5100 3508 5174; baseline 0.001 -16"><span class='ocrx_word' id='word_1_800' title='bbox 1939 5102 2246 5171; x_wconf 82' lang='lat' dir='ltr'><strong>suppositos</strong></span> <span class='ocrx_word' id='word_1_801' title='bbox 2298 5118 2405 5155; x_wconf 90' lang='lat' dir='ltr'><strong>non</strong></span> <span class='ocrx_word' id='word_1_802' title='bbox 2455 5101 2718 5166; x_wconf 85' lang='lat' dir='ltr'><strong>videbat,</strong></span> <span class='ocrx_word' id='word_1_803' title='bbox 2786 5101 2854 5155; x_wconf 90' lang='lat' dir='ltr'><strong>ab</strong></span> <span class='ocrx_word' id='word_1_804' title='bbox 2901 5100 3171 5157; x_wconf 84' lang='lat' dir='ltr'><strong>Ehionitts</strong></span> <span class='ocrx_word' id='word_1_805' title='bbox 3219 5115 3508 5174; x_wconf 76' lang='lat' dir='ltr'><strong>corruptos</strong></span> 
     </span>
    </p>
   </div>
   <div class='ocr_carea' id='block_1_106' title="bbox 1937 5193 3509 5264">
    <p class='ocr_par' dir='ltr' id='par_1_106' title="bbox 1937 5193 3509 5264">
     <span class='ocr_line' id='line_1_106' title="bbox 1937 5193 3509 5264; baseline 0.002 -14"><span class='ocrx_word' id='word_1_806' title='bbox 1937 5194 2268 5250; x_wconf 74' lang='lat' dir='ltr'><strong>existimavit</strong></span> <span class='ocrx_word' id='word_1_807' title='bbox 2288 5193 2432 5264; x_wconf 78' lang='lat' dir='ltr'><strong>(M);</strong></span> <span class='ocrx_word' id='word_1_808' title='bbox 2467 5207 2769 5263; x_wconf 88' lang='lat' dir='ltr'><strong>eorumque</strong></span> <span class='ocrx_word' id='word_1_809' title='bbox 2795 5193 3016 5262; x_wconf 84' lang='lat' dir='ltr'><strong>perfidis</strong></span> <span class='ocrx_word' id='word_1_810' title='bbox 3038 5196 3291 5254; x_wconf 85' lang='lat' dir='ltr'><strong>manibus</strong></span> <span class='ocrx_word' id='word_1_811' title='bbox 3318 5196 3509 5258; x_wconf 86' lang='lat' dir='ltr'><strong>tribuit</strong></span> 
     </span>
    </p>
   </div>
   <div class='ocr_carea' id='block_1_107' title="bbox 1941 5350 2531 5423">
    <p class='ocr_par' dir='ltr' id='par_1_107' title="bbox 1941 5350 2531 5423">
     <span class='ocr_line' id='line_1_107' title="bbox 1941 5350 2531 5423; baseline -0.003 -17"><span class='ocrx_word' id='word_1_812' title='bbox 1941 5351 1969 5423; x_wconf 63' lang='grc' dir='ltr'>ἓ</span> <span class='ocrx_word' id='word_1_813' title='bbox 2001 5352 2055 5416; x_wconf 73' lang='grc'><strong>4,</strong></span> <span class='ocrx_word' id='word_1_814' title='bbox 2081 5367 2239 5423; x_wconf 84' lang='lat' dir='ltr'><strong>pagg.</strong></span> <span class='ocrx_word' id='word_1_815' title='bbox 2271 5350 2531 5406; x_wconf 64' lang='grc'><strong>250-254.</strong></span> 
     </span>
    </p>
   </div>
   <div class='ocr_carea' id='block_1_108' title="bbox 2009 5393 3504 5500">
    <p class='ocr_par' dir='ltr' id='par_1_108' title="bbox 2009 5393 3504 5500">
     <span class='ocr_line' id='line_1_108' title="bbox 2009 5393 3504 5500; baseline 0.007 -26"><span class='ocrx_word' id='word_1_816' title='bbox 2009 5393 2559 5500; x_wconf 45' lang='grc' dir='ltr'><strong>ἲῖιῖιίλ</strong></span> <span class='ocrx_word' id='word_1_817' title='bbox 2586 5420 2681 5489; x_wconf 84' lang='grc' dir='ltr'><strong>ΙΙΙ,</strong></span> <span class='ocrx_word' id='word_1_818' title='bbox 2719 5423 2770 5478; x_wconf 82' lang='lat' dir='ltr'><strong>in</strong></span> <span class='ocrx_word' id='word_1_819' title='bbox 2797 5421 2929 5477; x_wconf 82' lang='lat' dir='ltr'><strong>Gen.</strong></span> <span class='ocrx_word' id='word_1_820' title='bbox 2962 5422 3224 5479; x_wconf 79' lang='lat' dir='ltr'><strong>Pliilocal.</strong></span> <span class='ocrx_word' id='word_1_821' title='bbox 3257 5441 3376 5499; x_wconf 87' lang='lat' dir='ltr'><strong>cap.</strong></span> <span class='ocrx_word' id='word_1_822' title='bbox 3411 5426 3504 5500; x_wconf 67' lang='grc'><strong>9-2,</strong></span> 
     </span>
    </p>
   </div>
   <div class='ocr_carea' id='block_1_109' title="bbox 1934 5491 2580 5551">
    <p class='ocr_par' dir='ltr' id='par_1_109' title="bbox 1934 5491 2580 5551">
     <span class='ocr_line' id='line_1_109' title="bbox 1934 5491 2580 5551; baseline -0.005 -4"><span class='ocrx_word' id='word_1_823' title='bbox 1934 5503 1987 5547; x_wconf 86' lang='lat' dir='ltr'><strong>et</strong></span> <span class='ocrx_word' id='word_1_824' title='bbox 2042 5491 2109 5545; x_wconf 29' lang='lat' dir='ltr'><strong>in‘</strong></span> <span class='ocrx_word' id='word_1_825' title='bbox 2136 5491 2323 5546; x_wconf 80' lang='lat' dir='ltr'><strong>Matth.</strong></span> <span class='ocrx_word' id='word_1_826' title='bbox 2355 5507 2499 5551; x_wconf 70' lang='lat' dir='ltr'><strong>tum.</strong></span> <span class='ocrx_word' id='word_1_827' title='bbox 2528 5493 2580 5544; x_wconf 89' lang='lat'><strong>6.</strong></span> 
     </span>
    </p>
   </div>
   <div class='ocr_carea' id='block_1_110' title="bbox 2005 5561 3302 5636">
    <p class='ocr_par' dir='ltr' id='par_1_110' title="bbox 2005 5561 3302 5636">
     <span class='ocr_line' id='line_1_110' title="bbox 2005 5561 3302 5636; baseline 0.007 -21"><span class='ocrx_word' id='word_1_828' title='bbox 2005 5563 2118 5636; x_wconf 51' lang='lat' dir='ltr'><strong>(to)</strong></span> <span class='ocrx_word' id='word_1_829' title='bbox 2149 5561 2372 5636; x_wconf 55' lang='lat' dir='ltr'><strong>Euseb,</strong></span> <span class='ocrx_word' id='word_1_830' title='bbox 2413 5561 2592 5636; x_wconf 77' lang='lat' dir='ltr'><strong>I_’_ra:p.</strong></span> <span class='ocrx_word' id='word_1_831' title='bbox 2624 5579 2831 5636; x_wconf 72' lang='lat' dir='ltr'><strong>evaug.,</strong></span> <span class='ocrx_word' id='word_1_832' title='bbox 2857 5565 2950 5636; x_wconf 89' lang='lat' dir='ltr'><strong>lib.</strong></span> <span class='ocrx_word' id='word_1_833' title='bbox 2975 5581 3048 5632; x_wconf 76' lang='lat' dir='ltr'><strong>Vl,</strong></span> <span class='ocrx_word' id='word_1_834' title='bbox 3082 5581 3204 5636; x_wconf 86' lang='lat' dir='ltr'><strong>cap.</strong></span> <span class='ocrx_word' id='word_1_835' title='bbox 3231 5567 3302 5625; x_wconf 68' lang='lat'><strong>9,0</strong></span> 
     </span>
    </p>
   </div>
   <div class='ocr_carea' id='block_1_111' title="bbox 2007 5631 2907 5706">
    <p class='ocr_par' dir='ltr' id='par_1_111' title="bbox 2007 5631 2907 5706">
     <span class='ocr_line' id='line_1_111' title="bbox 2007 5631 2907 5706; baseline 0.003 -20"><span class='ocrx_word' id='word_1_836' title='bbox 2007 5631 2118 5704; x_wconf 75' lang='grc'><strong>(14)</strong></span> <span class='ocrx_word' id='word_1_837' title='bbox 2151 5631 2366 5702; x_wconf 88' lang='lat' dir='ltr'><strong>Epiph.,</strong></span> <span class='ocrx_word' id='word_1_838' title='bbox 2418 5632 2567 5687; x_wconf 75' lang='lat' dir='ltr'><strong>liter.</strong></span> <span class='ocrx_word' id='word_1_839' title='bbox 2600 5651 2727 5699; x_wconf 75' lang='lat' dir='ltr'><strong>xxx,</strong></span> <span class='ocrx_word' id='word_1_840' title='bbox 2762 5632 2789 5706; x_wconf 67' lang='grc' dir='ltr'>δ</span> <span class='ocrx_word' id='word_1_841' title='bbox 2822 5635 2907 5689; x_wconf 77' lang='grc'><strong>15.</strong></span> 
     </span>
    </p>
   </div>
  </div>
