  <div class='ocr_page' id='page_1' title='image "/cluster/home/n/w/nwhite01/storage/ocr_20150623/2/mdp.39015005182426/017.png"; bbox 0 0 3986 6164; ppageno 0'>
   <div class='ocr_carea' id='block_1_1' title="bbox 431 250 1978 316">
    <p class='ocr_par' dir='ltr' id='par_1_1' title="bbox 431 255 1978 316">
     <span class='ocr_line' id='line_1_1' title="bbox 431 255 1978 316; baseline 0.005 -6"><span class='ocrx_word' id='word_1_1' title='bbox 431 257 497 310; x_wconf 70' lang='grc'><strong>13</strong></span> <span class='ocrx_word' id='word_1_2' title='bbox 1273 255 1331 312; x_wconf 88' lang='lat' dir='ltr'><strong>S.</strong></span> <span class='ocrx_word' id='word_1_3' title='bbox 1368 258 1752 315; x_wconf 71' lang='lat' dir='ltr'><strong>CLEMENTIS</strong></span> <span class='ocrx_word' id='word_1_4' title='bbox 1796 262 1815 316; x_wconf 85' lang='grc'><strong>1</strong></span> <span class='ocrx_word' id='word_1_5' title='bbox 1855 260 1978 316; x_wconf 67' lang='lat' dir='ltr'><strong>ROB</strong></span> 
     </span>
    </p>
   </div>
   <div class='ocr_carea' id='block_1_2' title="bbox 2079 250 3656 316">
    <p class='ocr_par' dir='ltr' id='par_1_2' title="bbox 2079 250 3656 313">
     <span class='ocr_line' id='line_1_2' title="bbox 2079 250 3656 313; baseline -0.004 0"><span class='ocrx_word' id='word_1_6' title='bbox 2079 257 2264 313; x_wconf 76' lang='grc' dir='ltr'><strong>ΡΟΝΓ.</strong></span> <span class='ocrx_word' id='word_1_7' title='bbox 2306 256 2533 312; x_wconf 81' lang='lat' dir='ltr'><strong>OPERA</strong></span> <span class='ocrx_word' id='word_1_8' title='bbox 2563 253 2790 313; x_wconf 79' lang='lat' dir='ltr'><strong>DUBIA.</strong></span> <span class='ocrx_word' id='word_1_9' title='bbox 3569 250 3571 252; x_wconf 59' lang='grc'><em>’</em></span> <span class='ocrx_word' id='word_1_10' title='bbox 3595 253 3656 308; x_wconf 80' lang='grc'><strong>16</strong></span> 
     </span>
    </p>
   </div>
   <div class='ocr_carea' id='block_1_3' title="bbox 425 367 3652 443">
    <p class='ocr_par' dir='ltr' id='par_1_3' title="bbox 425 367 3652 443">
     <span class='ocr_line' id='line_1_3' title="bbox 425 367 3652 443; baseline -0.001 -19"><span class='ocrx_word' id='word_1_11' title='bbox 425 385 762 440; x_wconf 73' lang='lat' dir='ltr'><strong>quazcuuque</strong></span> <span class='ocrx_word' id='word_1_12' title='bbox 803 386 996 440; x_wconf 87' lang='lat' dir='ltr'><strong>parum</strong></span> <span class='ocrx_word' id='word_1_13' title='bbox 1040 387 1340 442; x_wconf 88' lang='lat' dir='ltr'><strong>congruere</strong></span> <span class='ocrx_word' id='word_1_14' title='bbox 1381 389 1506 428; x_wconf 87' lang='lat' dir='ltr'><strong>cum</strong></span> <span class='ocrx_word' id='word_1_15' title='bbox 1559 375 1860 433; x_wconf 76' lang='lat' dir='ltr'><strong>Clementis</strong></span> <span class='ocrx_word' id='word_1_16' title='bbox 1895 379 1989 433; x_wconf 88' lang='lat' dir='ltr'><strong>do-</strong></span> <span class='ocrx_word' id='word_1_17' title='bbox 2017 382 2063 438; x_wconf 81' lang='grc' dir='ltr'><strong>Α</strong></span> <span class='ocrx_word' id='word_1_18' title='bbox 2091 376 2175 430; x_wconf 86' lang='lat' dir='ltr'><strong>nis</strong></span> <span class='ocrx_word' id='word_1_19' title='bbox 2221 372 2357 443; x_wconf 78' lang='lat' dir='ltr'><strong>Magi</strong></span> <span class='ocrx_word' id='word_1_20' title='bbox 2403 372 2773 436; x_wconf 73' lang='lat' dir='ltr'><strong>ratiocinatio,</strong></span> <span class='ocrx_word' id='word_1_21' title='bbox 2817 387 2849 424; x_wconf 91' lang='lat' dir='ltr'><strong>e</strong></span> <span class='ocrx_word' id='word_1_22' title='bbox 2895 367 3330 427; x_wconf 85' lang='lat' dir='ltr'><strong>Christianorum</strong></span> <span class='ocrx_word' id='word_1_23' title='bbox 3374 367 3652 435; x_wconf 82' lang='lat' dir='ltr'><strong>principiis</strong></span> 
     </span>
    </p>
   </div>
   <div class='ocr_carea' id='block_1_4' title="bbox 423 461 3649 536">
    <p class='ocr_par' dir='ltr' id='par_1_4' title="bbox 423 461 3649 536">
     <span class='ocr_line' id='line_1_4' title="bbox 423 461 3649 536; baseline -0.001 -22"><span class='ocrx_word' id='word_1_24' title='bbox 423 464 596 517; x_wconf 89' lang='lat' dir='ltr'><strong>ctrina</strong></span> <span class='ocrx_word' id='word_1_25' title='bbox 631 463 1294 520; x_wconf 80' lang='lat' dir='ltr'><strong>videbantur.Cotelerius</strong></span> <span class='ocrx_word' id='word_1_26' title='bbox 1333 466 1587 522; x_wconf 90' lang='lat' dir='ltr'><strong>homilias</strong></span> <span class='ocrx_word' id='word_1_27' title='bbox 1616 469 1990 526; x_wconf 83' lang='lat' dir='ltr'><strong>Clementinas</strong></span> <span class='ocrx_word' id='word_1_28' title='bbox 2090 467 2278 536; x_wconf 88' lang='lat' dir='ltr'><strong>petita,</strong></span> <span class='ocrx_word' id='word_1_29' title='bbox 2311 474 2632 535; x_wconf 84' lang='lat' dir='ltr'><strong>argumento</strong></span> <span class='ocrx_word' id='word_1_30' title='bbox 2653 474 2735 518; x_wconf 90' lang='lat' dir='ltr'><strong>est</strong></span> <span class='ocrx_word' id='word_1_31' title='bbox 2765 462 3041 516; x_wconf 93' lang='lat' dir='ltr'><strong>Christum</strong></span> <span class='ocrx_word' id='word_1_32' title='bbox 3074 461 3142 514; x_wconf 90' lang='lat' dir='ltr'><strong>ab</strong></span> <span class='ocrx_word' id='word_1_33' title='bbox 3163 461 3263 525; x_wconf 91' lang='lat' dir='ltr'><strong>eis,</strong></span> <span class='ocrx_word' id='word_1_34' title='bbox 3305 467 3495 513; x_wconf 87' lang='lat' dir='ltr'><strong>nonut</strong></span> <span class='ocrx_word' id='word_1_35' title='bbox 3522 475 3649 513; x_wconf 79' lang='lat' dir='ltr'><strong>smi-</strong></span> 
     </span>
    </p>
   </div>
   <div class='ocr_carea' id='block_1_5' title="bbox 421 554 2674 628">
    <p class='ocr_par' dir='ltr' id='par_1_5' title="bbox 421 554 2674 628">
     <span class='ocr_line' id='line_1_5' title="bbox 421 554 2674 628; baseline 0 -20"><span class='ocrx_word' id='word_1_36' title='bbox 421 555 642 609; x_wconf 61' lang='lat' dir='ltr'><strong>haeresis</strong></span> <span class='ocrx_word' id='word_1_37' title='bbox 681 554 998 609; x_wconf 67' lang='lat' dir='ltr'><strong>Ebioniticaa</strong></span> <span class='ocrx_word' id='word_1_38' title='bbox 1026 559 1171 609; x_wconf 87' lang='lat' dir='ltr'><strong>notis</strong></span> <span class='ocrx_word' id='word_1_39' title='bbox 1200 558 1440 626; x_wconf 83' lang='lat' dir='ltr'><strong>signatas</strong></span> <span class='ocrx_word' id='word_1_40' title='bbox 1481 561 1777 614; x_wconf 79' lang='lat' dir='ltr'><strong>existimat.</strong></span> <span class='ocrx_word' id='word_1_41' title='bbox 1826 561 1989 617; x_wconf 81' lang='lat' dir='ltr'><strong>Tille-</strong></span> <span class='ocrx_word' id='word_1_42' title='bbox 2096 559 2297 628; x_wconf 89' lang='lat' dir='ltr'><strong>plicem</strong></span> <span class='ocrx_word' id='word_1_43' title='bbox 2350 557 2622 610; x_wconf 81' lang='lat' dir='ltr'><strong>hominem</strong></span> <span class='ocrx_word' id='word_1_44' title='bbox 2660 598 2674 621; x_wconf 93' lang='lat'><strong>,</strong></span> 
     </span>
    </p>
   </div>
   <div class='ocr_carea' id='block_1_6' title="bbox 419 648 1985 720">
    <p class='ocr_par' dir='ltr' id='par_1_6' title="bbox 419 648 1985 720">
     <span class='ocr_line' id='line_1_6' title="bbox 419 648 1985 720; baseline 0.006 -20"><span class='ocrx_word' id='word_1_45' title='bbox 419 648 658 702; x_wconf 87' lang='lat' dir='ltr'><strong>moutius</strong></span> <span class='ocrx_word' id='word_1_46' title='bbox 688 649 890 702; x_wconf 89' lang='lat' dir='ltr'><strong>nullam</strong></span> <span class='ocrx_word' id='word_1_47' title='bbox 937 649 1002 701; x_wconf 90' lang='lat' dir='ltr'><strong>ad</strong></span> <span class='ocrx_word' id='word_1_48' title='bbox 1044 664 1158 702; x_wconf 87' lang='lat' dir='ltr'><strong>rem</strong></span> <span class='ocrx_word' id='word_1_49' title='bbox 1193 651 1356 704; x_wconf 86' lang='lat' dir='ltr'><strong>utiles</strong></span> <span class='ocrx_word' id='word_1_50' title='bbox 1396 660 1569 720; x_wconf 88' lang='lat' dir='ltr'><strong>putat,</strong></span> <span class='ocrx_word' id='word_1_51' title='bbox 1602 653 1705 706; x_wconf 87' lang='lat' dir='ltr'><strong>nisi</strong></span> <span class='ocrx_word' id='word_1_52' title='bbox 1750 652 1890 709; x_wconf 83' lang='lat' dir='ltr'><strong>forte</strong></span> <span class='ocrx_word' id='word_1_53' title='bbox 1917 655 1985 709; x_wconf 89' lang='lat' dir='ltr'><strong>ad</strong></span> 
     </span>
    </p>
   </div>
   <div class='ocr_carea' id='block_1_7' title="bbox 419 738 1985 810">
    <p class='ocr_par' dir='ltr' id='par_1_7' title="bbox 419 738 1985 810">
     <span class='ocr_line' id='line_1_7' title="bbox 419 738 1985 810; baseline 0.006 -17"><span class='ocrx_word' id='word_1_54' title='bbox 419 739 779 810; x_wconf 78' lang='lat' dir='ltr'><strong>cognitionem</strong></span> <span class='ocrx_word' id='word_1_55' title='bbox 811 738 1184 794; x_wconf 86' lang='lat' dir='ltr'><strong>Ebionitarum</strong></span> <span class='ocrx_word' id='word_1_56' title='bbox 1217 741 1496 798; x_wconf 62' lang='lat' dir='ltr'><strong>doctrinae.</strong></span> <span class='ocrx_word' id='word_1_57' title='bbox 1529 743 1758 800; x_wconf 82' lang='lat' dir='ltr'><strong>Videtur</strong></span> <span class='ocrx_word' id='word_1_58' title='bbox 1791 762 1985 802; x_wconf 93' lang='lat' dir='ltr'><strong>eorum</strong></span> 
     </span>
    </p>
   </div>
   <div class='ocr_carea' id='block_1_8' title="bbox 417 830 1983 907">
    <p class='ocr_par' dir='ltr' id='par_1_8' title="bbox 417 830 1983 907">
     <span class='ocr_line' id='line_1_8' title="bbox 417 830 1983 907; baseline 0.005 -22"><span class='ocrx_word' id='word_1_59' title='bbox 417 831 660 900; x_wconf 87' lang='lat' dir='ltr'><strong>opinioni</strong></span> <span class='ocrx_word' id='word_1_60' title='bbox 705 830 907 898; x_wconf 81' lang='lat' dir='ltr'><strong>favere,</strong></span> <span class='ocrx_word' id='word_1_61' title='bbox 955 833 1101 902; x_wconf 91' lang='lat' dir='ltr'><strong>quod</strong></span> <span class='ocrx_word' id='word_1_62' title='bbox 1154 848 1296 902; x_wconf 65' lang='lat' dir='ltr'><strong>saepe</strong></span> <span class='ocrx_word' id='word_1_63' title='bbox 1355 845 1548 889; x_wconf 81' lang='lat' dir='ltr'><strong>auctor</strong></span> <span class='ocrx_word' id='word_1_64' title='bbox 1600 835 1983 907; x_wconf 84' lang='lat' dir='ltr'><strong>Homiliarum,</strong></span> 
     </span>
    </p>
   </div>
   <div class='ocr_carea' id='block_1_9' title="bbox 417 923 1987 1001">
    <p class='ocr_par' dir='ltr' id='par_1_9' title="bbox 417 923 1987 1001">
     <span class='ocr_line' id='line_1_9' title="bbox 417 923 1987 1001; baseline 0.008 -26"><span class='ocrx_word' id='word_1_65' title='bbox 417 923 718 991; x_wconf 70' lang='lat' dir='ltr'><strong>praesertim</strong></span> <span class='ocrx_word' id='word_1_66' title='bbox 769 938 898 978; x_wconf 88' lang='lat' dir='ltr'><strong>vero</strong></span> <span class='ocrx_word' id='word_1_67' title='bbox 940 925 1127 979; x_wconf 91' lang='lat' dir='ltr'><strong>homil.</strong></span> <span class='ocrx_word' id='word_1_68' title='bbox 1162 941 1224 990; x_wconf 89' lang='grc' dir='ltr'><strong><em>ιι,</em></strong></span> <span class='ocrx_word' id='word_1_69' title='bbox 1257 942 1376 996; x_wconf 88' lang='lat' dir='ltr'><strong>cap.</strong></span> <span class='ocrx_word' id='word_1_70' title='bbox 1406 927 1495 994; x_wconf 77' lang='lat'><strong>&#39;58,</strong></span> <span class='ocrx_word' id='word_1_71' title='bbox 1531 928 1667 983; x_wconf 82' lang='lat' dir='ltr'><strong>falsa</strong></span> <span class='ocrx_word' id='word_1_72' title='bbox 1696 931 1840 986; x_wconf 87' lang='lat' dir='ltr'><strong>veris</strong></span> <span class='ocrx_word' id='word_1_73' title='bbox 1863 947 1987 1001; x_wconf 91' lang='lat' dir='ltr'><strong>per-</strong></span> 
     </span>
    </p>
   </div>
   <div class='ocr_carea' id='block_1_10' title="bbox 418 1012 1984 1092">
    <p class='ocr_par' dir='ltr' id='par_1_10' title="bbox 418 1012 1984 1092">
     <span class='ocr_line' id='line_1_10' title="bbox 418 1012 1984 1092; baseline 0.007 -25"><span class='ocrx_word' id='word_1_74' title='bbox 418 1013 578 1067; x_wconf 85' lang='lat' dir='ltr'><strong>mista</strong></span> <span class='ocrx_word' id='word_1_75' title='bbox 613 1012 782 1068; x_wconf 79' lang='lat' dir='ltr'><strong>fuisse</strong></span> <span class='ocrx_word' id='word_1_76' title='bbox 813 1013 865 1068; x_wconf 91' lang='lat' dir='ltr'><strong>in</strong></span> <span class='ocrx_word' id='word_1_77' title='bbox 899 1016 1073 1071; x_wconf 85' lang='lat' dir='ltr'><strong>sacris</strong></span> <span class='ocrx_word' id='word_1_78' title='bbox 1105 1016 1404 1086; x_wconf 90' lang='lat' dir='ltr'><strong>Scripturis</strong></span> <span class='ocrx_word' id='word_1_79' title='bbox 1434 1021 1751 1089; x_wconf 90' lang='lat' dir='ltr'><strong>pronuntiat</strong></span> <span class='ocrx_word' id='word_1_80' title='bbox 1783 1040 1797 1076; x_wconf 70' lang='grc' dir='ltr'>ε</span> <span class='ocrx_word' id='word_1_81' title='bbox 1837 1023 1984 1092; x_wconf 90' lang='lat' dir='ltr'><strong>quod</strong></span> 
     </span>
    </p>
   </div>
   <div class='ocr_carea' id='block_1_11' title="bbox 413 1105 1982 1179">
    <p class='ocr_par' dir='ltr' id='par_1_11' title="bbox 413 1105 1982 1179">
     <span class='ocr_line' id='line_1_11' title="bbox 413 1105 1982 1179; baseline 0.009 -22"><span class='ocrx_word' id='word_1_82' title='bbox 413 1105 631 1174; x_wconf 84' lang='lat' dir='ltr'><strong>quidem</strong></span> <span class='ocrx_word' id='word_1_83' title='bbox 671 1105 739 1161; x_wconf 89' lang='lat' dir='ltr'><strong>de</strong></span> <span class='ocrx_word' id='word_1_84' title='bbox 769 1105 1070 1177; x_wconf 91' lang='lat' dir='ltr'><strong>Scripturis</strong></span> <span class='ocrx_word' id='word_1_85' title='bbox 1097 1110 1366 1179; x_wconf 85' lang='lat' dir='ltr'><strong>judicium</strong></span> <span class='ocrx_word' id='word_1_86' title='bbox 1413 1110 1684 1168; x_wconf 91' lang='lat' dir='ltr'><strong>Ebionitis</strong></span> <span class='ocrx_word' id='word_1_87' title='bbox 1723 1115 1982 1171; x_wconf 90' lang='lat' dir='ltr'><strong>usitatum</strong></span> 
     </span>
    </p>
   </div>
   <div class='ocr_carea' id='block_1_12' title="bbox 413 1198 1983 1266">
    <p class='ocr_par' dir='ltr' id='par_1_12' title="bbox 413 1198 1983 1266">
     <span class='ocr_line' id='line_1_12' title="bbox 413 1198 1983 1266; baseline 0.008 -13"><span class='ocrx_word' id='word_1_88' title='bbox 413 1206 467 1253; x_wconf 89' lang='lat' dir='ltr'><strong>et</strong></span> <span class='ocrx_word' id='word_1_89' title='bbox 501 1198 748 1254; x_wconf 84' lang='lat' dir='ltr'><strong>solemne</strong></span> <span class='ocrx_word' id='word_1_90' title='bbox 779 1200 901 1266; x_wconf 83' lang='lat' dir='ltr'><strong>fuit,</strong></span> <span class='ocrx_word' id='word_1_91' title='bbox 939 1211 998 1256; x_wconf 92' lang='lat' dir='ltr'><strong>ut</strong></span> <span class='ocrx_word' id='word_1_92' title='bbox 1042 1212 1186 1258; x_wconf 87' lang='lat' dir='ltr'><strong>recte</strong></span> <span class='ocrx_word' id='word_1_93' title='bbox 1223 1204 1476 1260; x_wconf 85' lang='lat' dir='ltr'><strong>observat</strong></span> <span class='ocrx_word' id='word_1_94' title='bbox 1513 1205 1838 1264; x_wconf 89' lang='lat' dir='ltr'><strong>Cotelerius.</strong></span> <span class='ocrx_word' id='word_1_95' title='bbox 1877 1209 1983 1265; x_wconf 91' lang='lat' dir='ltr'><strong>Sed</strong></span> 
     </span>
    </p>
   </div>
   <div class='ocr_carea' id='block_1_13' title="bbox 414 1289 1982 1360">
    <p class='ocr_par' dir='ltr' id='par_1_13' title="bbox 414 1289 1982 1360">
     <span class='ocr_line' id='line_1_13' title="bbox 414 1289 1982 1360; baseline 0.008 -17"><span class='ocrx_word' id='word_1_96' title='bbox 414 1304 537 1344; x_wconf 88' lang='lat' dir='ltr'><strong>cum</strong></span> <span class='ocrx_word' id='word_1_97' title='bbox 569 1291 683 1360; x_wconf 91' lang='lat' dir='ltr'><strong>ipse</strong></span> <span class='ocrx_word' id='word_1_98' title='bbox 722 1289 881 1346; x_wconf 89' lang='lat' dir='ltr'><strong>Philo</strong></span> <span class='ocrx_word' id='word_1_99' title='bbox 905 1293 971 1347; x_wconf 90' lang='lat' dir='ltr'><strong>de</strong></span> <span class='ocrx_word' id='word_1_100' title='bbox 997 1292 1326 1350; x_wconf 80' lang='lat' dir='ltr'><strong>formatione</strong></span> <span class='ocrx_word' id='word_1_101' title='bbox 1355 1296 1478 1351; x_wconf 72' lang='lat' dir='ltr'><strong>Evae</strong></span> <span class='ocrx_word' id='word_1_102' title='bbox 1507 1315 1570 1353; x_wconf 82' lang='lat' dir='ltr'><strong>ex</strong></span> <span class='ocrx_word' id='word_1_103' title='bbox 1604 1299 1798 1354; x_wconf 86' lang='lat' dir='ltr'><strong>Adami</strong></span> <span class='ocrx_word' id='word_1_104' title='bbox 1832 1312 1982 1356; x_wconf 89' lang='lat' dir='ltr'><strong>costa</strong></span> 
     </span>
    </p>
   </div>
   <div class='ocr_carea' id='block_1_14' title="bbox 413 1383 1982 1457">
    <p class='ocr_par' dir='ltr' id='par_1_14' title="bbox 413 1383 1982 1457">
     <span class='ocr_line' id='line_1_14' title="bbox 413 1383 1982 1457; baseline 0.007 -23"><span class='ocrx_word' id='word_1_105' title='bbox 413 1383 776 1450; x_wconf 85' lang='lat' dir='ltr'><strong>pronuntiare</strong></span> <span class='ocrx_word' id='word_1_106' title='bbox 807 1399 914 1438; x_wconf 86' lang='lat' dir='ltr'><strong>non</strong></span> <span class='ocrx_word' id='word_1_107' title='bbox 943 1384 1153 1440; x_wconf 88' lang='lat' dir='ltr'><strong>dubitet</strong></span> <span class='ocrx_word' id='word_1_108' title='bbox 1179 1387 1313 1457; x_wconf 83' lang='lat' dir='ltr'><strong>(l5),</strong></span> <span class='ocrx_word' id='word_1_109' title='bbox 1345 1390 1497 1453; x_wconf 79' lang='lat' dir='ltr'><strong>Quod</strong></span> <span class='ocrx_word' id='word_1_110' title='bbox 1529 1407 1590 1444; x_wconf 87' lang='lat' dir='ltr'><strong>ea</strong></span> <span class='ocrx_word' id='word_1_111' title='bbox 1618 1390 1681 1442; x_wconf 87' lang='lat' dir='ltr'><strong>de</strong></span> <span class='ocrx_word' id='word_1_112' title='bbox 1701 1408 1754 1444; x_wconf 88' lang='lat' dir='ltr'><strong>re</strong></span> <span class='ocrx_word' id='word_1_113' title='bbox 1782 1392 1982 1446; x_wconf 89' lang='lat' dir='ltr'><strong>dictum</strong></span> 
     </span>
    </p>
   </div>
   <div class='ocr_carea' id='block_1_15' title="bbox 411 1474 1980 1548">
    <p class='ocr_par' dir='ltr' id='par_1_15' title="bbox 411 1474 1980 1548">
     <span class='ocr_line' id='line_1_15' title="bbox 411 1474 1980 1548; baseline 0.009 -22"><span class='ocrx_word' id='word_1_114' title='bbox 411 1484 511 1538; x_wconf 86' lang='lat' dir='ltr'><strong>est,</strong></span> <span class='ocrx_word' id='word_1_115' title='bbox 556 1474 857 1544; x_wconf 77' lang='lat' dir='ltr'><strong>fabulosum</strong></span> <span class='ocrx_word' id='word_1_116' title='bbox 888 1493 1034 1541; x_wconf 84' lang='lat' dir='ltr'><strong>esse;</strong></span> <span class='ocrx_word' id='word_1_117' title='bbox 1063 1479 1229 1548; x_wconf 86' lang='lat' dir='ltr'><strong>liquet</strong></span> <span class='ocrx_word' id='word_1_118' title='bbox 1253 1481 1392 1536; x_wconf 90' lang='lat' dir='ltr'><strong>hanc</strong></span> <span class='ocrx_word' id='word_1_119' title='bbox 1425 1483 1782 1538; x_wconf 87' lang='lat' dir='ltr'><strong>temeritatem</strong></span> <span class='ocrx_word' id='word_1_120' title='bbox 1816 1483 1980 1540; x_wconf 86' lang='lat' dir='ltr'><strong>Ebio-</strong></span> 
     </span>
    </p>
   </div>
   <div class='ocr_carea' id='block_1_16' title="bbox 412 1568 1982 1640">
    <p class='ocr_par' dir='ltr' id='par_1_16' title="bbox 412 1568 1982 1640">
     <span class='ocr_line' id='line_1_16' title="bbox 412 1568 1982 1640; baseline 0.007 -20"><span class='ocrx_word' id='word_1_121' title='bbox 412 1568 646 1623; x_wconf 86' lang='lat' dir='ltr'><strong>uitarum</strong></span> <span class='ocrx_word' id='word_1_122' title='bbox 685 1571 954 1638; x_wconf 84' lang='lat' dir='ltr'><strong>prepriam</strong></span> <span class='ocrx_word' id='word_1_123' title='bbox 1003 1587 1109 1624; x_wconf 92' lang='lat' dir='ltr'><strong>nou</strong></span> <span class='ocrx_word' id='word_1_124' title='bbox 1143 1571 1333 1640; x_wconf 82' lang='lat' dir='ltr'><strong>fuisse,</strong></span> <span class='ocrx_word' id='word_1_125' title='bbox 1365 1575 1456 1629; x_wconf 91' lang='lat' dir='ltr'><strong>sed</strong></span> <span class='ocrx_word' id='word_1_126' title='bbox 1495 1576 1700 1629; x_wconf 90' lang='lat' dir='ltr'><strong>dudum</strong></span> <span class='ocrx_word' id='word_1_127' title='bbox 1726 1592 1757 1630; x_wconf 91' lang='lat' dir='ltr'><strong>a</strong></span> <span class='ocrx_word' id='word_1_128' title='bbox 1780 1574 1982 1632; x_wconf 64' lang='lat' dir='ltr'><strong>Judaais</strong></span> 
     </span>
    </p>
   </div>
   <div class='ocr_carea' id='block_1_17' title="bbox 411 1659 1977 1736">
    <p class='ocr_par' dir='ltr' id='par_1_17' title="bbox 411 1659 1977 1736">
     <span class='ocr_line' id='line_1_17' title="bbox 411 1659 1977 1736; baseline 0.005 -22"><span class='ocrx_word' id='word_1_129' title='bbox 411 1659 792 1729; x_wconf 79' lang='lat' dir='ltr'><strong>excogitatam,</strong></span> <span class='ocrx_word' id='word_1_130' title='bbox 842 1676 952 1728; x_wconf 91' lang='lat' dir='ltr'><strong>quo</strong></span> <span class='ocrx_word' id='word_1_131' title='bbox 992 1660 1204 1717; x_wconf 76' lang='lat' dir='ltr'><strong>facilius</strong></span> <span class='ocrx_word' id='word_1_132' title='bbox 1235 1662 1530 1732; x_wconf 70' lang='lat' dir='ltr'><strong>Scriptum</strong></span> <span class='ocrx_word' id='word_1_133' title='bbox 1580 1665 1696 1720; x_wconf 88' lang='lat' dir='ltr'><strong>loca</strong></span> <span class='ocrx_word' id='word_1_134' title='bbox 1745 1681 1977 1736; x_wconf 88' lang='lat' dir='ltr'><strong>quorum</strong></span> 
     </span>
    </p>
   </div>
   <div class='ocr_carea' id='block_1_18' title="bbox 413 1751 1980 1826">
    <p class='ocr_par' dir='ltr' id='par_1_18' title="bbox 413 1751 1980 1826">
     <span class='ocr_line' id='line_1_18' title="bbox 413 1751 1980 1826; baseline 0.007 -22"><span class='ocrx_word' id='word_1_135' title='bbox 413 1751 748 1805; x_wconf 86' lang='lat' dir='ltr'><strong>subabsurda</strong></span> <span class='ocrx_word' id='word_1_136' title='bbox 793 1755 1002 1821; x_wconf 89' lang='lat' dir='ltr'><strong>species</strong></span> <span class='ocrx_word' id='word_1_137' title='bbox 1057 1755 1360 1818; x_wconf 84' lang='lat' dir='ltr'><strong>videbatur,</strong></span> <span class='ocrx_word' id='word_1_138' title='bbox 1408 1758 1740 1826; x_wconf 84' lang='lat' dir='ltr'><strong>expedirent.</strong></span> <span class='ocrx_word' id='word_1_139' title='bbox 1790 1758 1980 1826; x_wconf 85' lang='lat' dir='ltr'><strong>Quan-</strong></span> 
     </span>
    </p>
   </div>
   <div class='ocr_carea' id='block_1_19' title="bbox 411 1843 1978 1924">
    <p class='ocr_par' dir='ltr' id='par_1_19' title="bbox 411 1843 1978 1924">
     <span class='ocr_line' id='line_1_19' title="bbox 411 1843 1978 1924; baseline 0.008 -28"><span class='ocrx_word' id='word_1_140' title='bbox 411 1857 574 1912; x_wconf 89' lang='lat' dir='ltr'><strong>quam</strong></span> <span class='ocrx_word' id='word_1_141' title='bbox 601 1843 875 1900; x_wconf 84' lang='lat' dir='ltr'><strong>latendum</strong></span> <span class='ocrx_word' id='word_1_142' title='bbox 905 1855 988 1902; x_wconf 91' lang='lat' dir='ltr'><strong>cst</strong></span> <span class='ocrx_word' id='word_1_143' title='bbox 1013 1848 1183 1902; x_wconf 88' lang='lat' dir='ltr'><strong>multo</strong></span> <span class='ocrx_word' id='word_1_144' title='bbox 1212 1849 1474 1905; x_wconf 89' lang='lat' dir='ltr'><strong>audacius</strong></span> <span class='ocrx_word' id='word_1_145' title='bbox 1499 1860 1551 1905; x_wconf 91' lang='lat' dir='ltr'><strong>et</strong></span> <span class='ocrx_word' id='word_1_146' title='bbox 1576 1852 1812 1921; x_wconf 88' lang='lat' dir='ltr'><strong>ineptius</strong></span> <span class='ocrx_word' id='word_1_147' title='bbox 1832 1854 1978 1924; x_wconf 90' lang='lat' dir='ltr'><strong>loqui</strong></span> 
     </span>
    </p>
   </div>
   <div class='ocr_carea' id='block_1_20' title="bbox 410 1934 1979 2015">
    <p class='ocr_par' dir='ltr' id='par_1_20' title="bbox 410 1934 1979 2015">
     <span class='ocr_line' id='line_1_20' title="bbox 410 1934 1979 2015; baseline 0.008 -27"><span class='ocrx_word' id='word_1_148' title='bbox 410 1943 688 1990; x_wconf 88' lang='lat' dir='ltr'><strong>auctorem</strong></span> <span class='ocrx_word' id='word_1_149' title='bbox 729 1934 1110 2005; x_wconf 82' lang='lat' dir='ltr'><strong>Homiliarum,</strong></span> <span class='ocrx_word' id='word_1_150' title='bbox 1151 1956 1312 2010; x_wconf 88' lang='lat' dir='ltr'><strong>quam</strong></span> <span class='ocrx_word' id='word_1_151' title='bbox 1356 1940 1657 1997; x_wconf 83' lang='lat' dir='ltr'><strong>Philonem.</strong></span> <span class='ocrx_word' id='word_1_152' title='bbox 1695 1942 1798 1999; x_wconf 88' lang='lat' dir='ltr'><strong>Sed</strong></span> <span class='ocrx_word' id='word_1_153' title='bbox 1835 1946 1979 2015; x_wconf 88' lang='lat' dir='ltr'><strong>quod</strong></span> 
     </span>
    </p>
   </div>
   <div class='ocr_carea' id='block_1_21' title="bbox 410 2026 1982 2102">
    <p class='ocr_par' dir='ltr' id='par_1_21' title="bbox 410 2026 1982 2102">
     <span class='ocr_line' id='line_1_21' title="bbox 410 2026 1982 2102; baseline 0.008 -19"><span class='ocrx_word' id='word_1_154' title='bbox 410 2026 686 2086; x_wconf 83' lang='lat' dir='ltr'><strong>evidenter</strong></span> <span class='ocrx_word' id='word_1_155' title='bbox 715 2029 908 2102; x_wconf 82' lang='lat' dir='ltr'><strong>probat</strong></span> <span class='ocrx_word' id='word_1_156' title='bbox 936 2030 1082 2086; x_wconf 90' lang='lat' dir='ltr'><strong>hunc</strong></span> <span class='ocrx_word' id='word_1_157' title='bbox 1113 2033 1457 2102; x_wconf 84' lang='lat' dir='ltr'><strong>scriptorem,</strong></span> <span class='ocrx_word' id='word_1_158' title='bbox 1487 2037 1590 2091; x_wconf 90' lang='lat' dir='ltr'><strong>etsi</strong></span> <span class='ocrx_word' id='word_1_159' title='bbox 1623 2037 1982 2096; x_wconf 89' lang='lat' dir='ltr'><strong>circumcisus</strong></span> 
     </span>
    </p>
   </div>
   <div class='ocr_carea' id='block_1_22' title="bbox 410 2118 1979 2189">
    <p class='ocr_par' dir='ltr' id='par_1_22' title="bbox 410 2118 1979 2189">
     <span class='ocr_line' id='line_1_22' title="bbox 410 2118 1979 2189; baseline 0.008 -16"><span class='ocrx_word' id='word_1_160' title='bbox 410 2126 465 2173; x_wconf 92' lang='lat' dir='ltr'><strong>et</strong></span> <span class='ocrx_word' id='word_1_161' title='bbox 513 2118 646 2188; x_wconf 87' lang='lat' dir='ltr'><strong>legis</strong></span> <span class='ocrx_word' id='word_1_162' title='bbox 705 2122 999 2176; x_wconf 72' lang='lat' dir='ltr'><strong>retinenda:</strong></span> <span class='ocrx_word' id='word_1_163' title='bbox 1045 2124 1326 2180; x_wconf 86' lang='lat' dir='ltr'><strong>studiosus</strong></span> <span class='ocrx_word' id='word_1_164' title='bbox 1374 2125 1500 2189; x_wconf 83' lang='lat' dir='ltr'><strong>fuit,</strong></span> <span class='ocrx_word' id='word_1_165' title='bbox 1541 2128 1764 2183; x_wconf 90' lang='lat' dir='ltr'><strong>minime</strong></span> <span class='ocrx_word' id='word_1_166' title='bbox 1797 2137 1979 2185; x_wconf 89' lang='lat' dir='ltr'><strong>tamen</strong></span> 
     </span>
    </p>
   </div>
   <div class='ocr_carea' id='block_1_23' title="bbox 411 2207 1979 2280">
    <p class='ocr_par' dir='ltr' id='par_1_23' title="bbox 411 2207 1979 2280">
     <span class='ocr_line' id='line_1_23' title="bbox 411 2207 1979 2280; baseline 0.01 -18"><span class='ocrx_word' id='word_1_167' title='bbox 411 2207 720 2265; x_wconf 85' lang='lat' dir='ltr'><strong>Ehionitam</strong></span> <span class='ocrx_word' id='word_1_168' title='bbox 752 2210 952 2280; x_wconf 80' lang='lat' dir='ltr'><strong>fuisse;</strong></span> <span class='ocrx_word' id='word_1_169' title='bbox 993 2230 1056 2270; x_wconf 88' lang='lat' dir='ltr'><strong>ea</strong></span> <span class='ocrx_word' id='word_1_170' title='bbox 1082 2216 1150 2270; x_wconf 91' lang='lat' dir='ltr'><strong>de</strong></span> <span class='ocrx_word' id='word_1_171' title='bbox 1173 2215 1313 2273; x_wconf 88' lang='lat' dir='ltr'><strong>Filio</strong></span> <span class='ocrx_word' id='word_1_172' title='bbox 1342 2217 1436 2274; x_wconf 91' lang='lat' dir='ltr'><strong>Dei</strong></span> <span class='ocrx_word' id='word_1_173' title='bbox 1479 2219 1531 2273; x_wconf 93' lang='lat' dir='ltr'><strong>in</strong></span> <span class='ocrx_word' id='word_1_174' title='bbox 1565 2219 1812 2276; x_wconf 87' lang='lat' dir='ltr'><strong>Homiliis</strong></span> <span class='ocrx_word' id='word_1_175' title='bbox 1848 2224 1979 2278; x_wconf 91' lang='lat' dir='ltr'><strong>etin</strong></span> 
     </span>
    </p>
   </div>
   <div class='ocr_carea' id='block_1_24' title="bbox 413 2302 1979 2380">
    <p class='ocr_par' dir='ltr' id='par_1_24' title="bbox 413 2302 1979 2380">
     <span class='ocr_line' id='line_1_24' title="bbox 413 2302 1979 2380; baseline 0.011 -25"><span class='ocrx_word' id='word_1_176' title='bbox 413 2302 866 2373; x_wconf 81' lang='lat' dir='ltr'><strong>Recognitionibus</strong></span> <span class='ocrx_word' id='word_1_177' title='bbox 913 2308 1126 2373; x_wconf 85' lang='lat' dir='ltr'><strong>statuit,</strong></span> <span class='ocrx_word' id='word_1_178' title='bbox 1178 2325 1301 2380; x_wconf 64' lang='lat' dir='ltr'><strong>qua:</strong></span> <span class='ocrx_word' id='word_1_179' title='bbox 1339 2313 1409 2366; x_wconf 87' lang='lat' dir='ltr'><strong>ab</strong></span> <span class='ocrx_word' id='word_1_180' title='bbox 1448 2311 1829 2370; x_wconf 86' lang='lat' dir='ltr'><strong>Ebiouitarum</strong></span> <span class='ocrx_word' id='word_1_181' title='bbox 1868 2317 1979 2371; x_wconf 67' lang='lat' dir='ltr'><strong>ha:-</strong></span> 
     </span>
    </p>
   </div>
   <div class='ocr_carea' id='block_1_25' title="bbox 409 2396 1136 2464">
    <p class='ocr_par' dir='ltr' id='par_1_25' title="bbox 409 2396 1136 2464">
     <span class='ocr_line' id='line_1_25' title="bbox 409 2396 1136 2464; baseline 0.011 -16"><span class='ocrx_word' id='word_1_182' title='bbox 409 2396 515 2450; x_wconf 88' lang='lat' dir='ltr'><strong>rcsi</strong></span> <span class='ocrx_word' id='word_1_183' title='bbox 544 2411 770 2464; x_wconf 88' lang='lat' dir='ltr'><strong>prorsus</strong></span> <span class='ocrx_word' id='word_1_184' title='bbox 791 2398 1136 2456; x_wconf 85' lang='lat' dir='ltr'><strong>abhorreant.</strong></span> 
     </span>
    </p>
   </div>
   <div class='ocr_carea' id='block_1_26' title="bbox 485 2484 1978 2567">
    <p class='ocr_par' dir='ltr' id='par_1_26' title="bbox 485 2484 1978 2567">
     <span class='ocr_line' id='line_1_26' title="bbox 485 2484 1978 2567; baseline 0.01 -28"><span class='ocrx_word' id='word_1_185' title='bbox 485 2504 504 2537; x_wconf 72' lang='grc' dir='ltr'><strong>ι</strong></span> <span class='ocrx_word' id='word_1_186' title='bbox 551 2484 720 2543; x_wconf 86' lang='lat' dir='ltr'><strong>Nemo</strong></span> <span class='ocrx_word' id='word_1_187' title='bbox 761 2497 841 2543; x_wconf 89' lang='lat' dir='ltr'><strong>est</strong></span> <span class='ocrx_word' id='word_1_188' title='bbox 875 2492 968 2560; x_wconf 88' lang='lat' dir='ltr'><strong>qui</strong></span> <span class='ocrx_word' id='word_1_189' title='bbox 1015 2508 1124 2546; x_wconf 93' lang='lat' dir='ltr'><strong>non</strong></span> <span class='ocrx_word' id='word_1_190' title='bbox 1157 2495 1452 2564; x_wconf 87' lang='lat' dir='ltr'><strong>perspiciat</strong></span> <span class='ocrx_word' id='word_1_191' title='bbox 1489 2496 1780 2556; x_wconf 86' lang='lat' dir='ltr'><strong>immanem</strong></span> <span class='ocrx_word' id='word_1_192' title='bbox 1816 2498 1978 2567; x_wconf 87' lang='lat' dir='ltr'><strong>hujus</strong></span> 
     </span>
    </p>
   </div>
   <div class='ocr_carea' id='block_1_27' title="bbox 410 2577 1979 2658">
    <p class='ocr_par' dir='ltr' id='par_1_27' title="bbox 410 2577 1979 2658">
     <span class='ocr_line' id='line_1_27' title="bbox 410 2577 1979 2658; baseline 0.008 -27"><span class='ocrx_word' id='word_1_193' title='bbox 410 2577 694 2646; x_wconf 82' lang='lat' dir='ltr'><strong>scriptoris</strong></span> <span class='ocrx_word' id='word_1_194' title='bbox 721 2579 790 2634; x_wconf 85' lang='lat' dir='ltr'><strong>ab</strong></span> <span class='ocrx_word' id='word_1_195' title='bbox 829 2579 1100 2638; x_wconf 90' lang='lat' dir='ltr'><strong>Ebionitis</strong></span> <span class='ocrx_word' id='word_1_196' title='bbox 1129 2585 1572 2654; x_wconf 86' lang='lat' dir='ltr'><strong>discrepantiam,</strong></span> <span class='ocrx_word' id='word_1_197' title='bbox 1613 2588 1657 2642; x_wconf 91' lang='lat' dir='ltr'><strong>si</strong></span> <span class='ocrx_word' id='word_1_198' title='bbox 1691 2589 1834 2658; x_wconf 77' lang='lat' dir='ltr'><strong>legat</strong></span> <span class='ocrx_word' id='word_1_199' title='bbox 1857 2605 1979 2658; x_wconf 80' lang='lat' dir='ltr'><strong>quae</strong></span> 
     </span>
    </p>
   </div>
   <div class='ocr_carea' id='block_1_28' title="bbox 410 2669 1977 2748">
    <p class='ocr_par' dir='ltr' id='par_1_28' title="bbox 410 2669 1977 2748">
     <span class='ocr_line' id='line_1_28' title="bbox 410 2669 1977 2748; baseline 0.01 -26"><span class='ocrx_word' id='word_1_200' title='bbox 410 2669 598 2726; x_wconf 87' lang='lat' dir='ltr'><strong>homil.</strong></span> <span class='ocrx_word' id='word_1_201' title='bbox 626 2687 662 2736; x_wconf 90' lang='lat' dir='ltr'><strong>I,</strong></span> <span class='ocrx_word' id='word_1_202' title='bbox 694 2686 813 2742; x_wconf 90' lang='lat' dir='ltr'><strong>cap.</strong></span> <span class='ocrx_word' id='word_1_203' title='bbox 839 2673 889 2738; x_wconf 88' lang='lat'><strong>7,</strong></span> <span class='ocrx_word' id='word_1_204' title='bbox 933 2690 963 2728; x_wconf 93' lang='lat' dir='ltr'><strong>a</strong></span> <span class='ocrx_word' id='word_1_205' title='bbox 1004 2676 1510 2747; x_wconf 85' lang='lat' dir='ltr'><strong>pseudo-Clemente</strong></span> <span class='ocrx_word' id='word_1_206' title='bbox 1541 2691 1853 2748; x_wconf 88' lang='lat' dir='ltr'><strong>narrantur,</strong></span> <span class='ocrx_word' id='word_1_207' title='bbox 1877 2698 1977 2736; x_wconf 61' lang='lat' dir='ltr'><strong>auo</strong></span> 
     </span>
    </p>
   </div>
   <div class='ocr_carea' id='block_1_29' title="bbox 409 2759 1979 2843">
    <p class='ocr_par' dir='ltr' id='par_1_29' title="bbox 409 2759 1979 2843">
     <span class='ocr_line' id='line_1_29' title="bbox 409 2759 1979 2843; baseline 0.011 -29"><span class='ocrx_word' id='word_1_208' title='bbox 409 2759 557 2817; x_wconf 85' lang='lat' dir='ltr'><strong>disse</strong></span> <span class='ocrx_word' id='word_1_209' title='bbox 601 2779 660 2818; x_wconf 87' lang='lat' dir='ltr'><strong>se</strong></span> <span class='ocrx_word' id='word_1_210' title='bbox 708 2763 894 2820; x_wconf 73' lang='lat' dir='ltr'><strong>Roma:</strong></span> <span class='ocrx_word' id='word_1_211' title='bbox 916 2767 1018 2822; x_wconf 87' lang='lat' dir='ltr'><strong>sub</strong></span> <span class='ocrx_word' id='word_1_212' title='bbox 1057 2766 1293 2836; x_wconf 89' lang='lat' dir='ltr'><strong>Tiberio,</strong></span> <span class='ocrx_word' id='word_1_213' title='bbox 1344 2786 1467 2824; x_wconf 90' lang='lat' dir='ltr'><strong>cum</strong></span> <span class='ocrx_word' id='word_1_214' title='bbox 1506 2773 1726 2841; x_wconf 87' lang='lat' dir='ltr'><strong>quidam</strong></span> <span class='ocrx_word' id='word_1_215' title='bbox 1765 2775 1979 2843; x_wconf 89' lang='lat' dir='ltr'><strong>publice</strong></span> 
     </span>
    </p>
   </div>
   <div class='ocr_carea' id='block_1_30' title="bbox 409 2854 1978 2928">
    <p class='ocr_par' dir='ltr' id='par_1_30' title="bbox 409 2854 1978 2928">
     <span class='ocr_line' id='line_1_30' title="bbox 409 2854 1978 2928; baseline 0.008 -20"><span class='ocrx_word' id='word_1_216' title='bbox 409 2854 671 2910; x_wconf 83' lang='lat' dir='ltr'><strong>clamaret</strong></span> <span class='ocrx_word' id='word_1_217' title='bbox 710 2876 722 2911; x_wconf 89' lang='lat'><strong>:</strong></span> <span class='ocrx_word' id='word_1_218' title='bbox 783 2856 893 2913; x_wconf 78' lang='lat' dir='ltr'><strong>Viri</strong></span> <span class='ocrx_word' id='word_1_219' title='bbox 923 2858 1170 2928; x_wconf 82' lang='lat' dir='ltr'><strong>Romani,</strong></span> <span class='ocrx_word' id='word_1_220' title='bbox 1213 2863 1438 2915; x_wconf 79' lang='lat' dir='ltr'><strong>audite:</strong></span> <span class='ocrx_word' id='word_1_221' title='bbox 1472 2862 1648 2918; x_wconf 88' lang='lat' dir='ltr'><strong>Filius</strong></span> <span class='ocrx_word' id='word_1_222' title='bbox 1699 2864 1792 2919; x_wconf 88' lang='lat' dir='ltr'><strong>Dei</strong></span> <span class='ocrx_word' id='word_1_223' title='bbox 1829 2866 1978 2920; x_wconf 83' lang='lat' dir='ltr'><strong>adest</strong></span> 
     </span>
    </p>
   </div>
   <div class='ocr_carea' id='block_1_31' title="bbox 409 2946 1976 3012">
    <p class='ocr_par' dir='ltr' id='par_1_31' title="bbox 409 2946 1976 3012">
     <span class='ocr_line' id='line_1_31' title="bbox 409 2946 1976 3012; baseline 0.008 -12"><span class='ocrx_word' id='word_1_224' title='bbox 409 2948 464 3000; x_wconf 91' lang='lat' dir='ltr'><strong>in</strong></span> <span class='ocrx_word' id='word_1_225' title='bbox 483 2946 699 3003; x_wconf 73' lang='lat' dir='ltr'><strong>Judwa.</strong></span> <span class='ocrx_word' id='word_1_226' title='bbox 747 2947 910 3004; x_wconf 86' lang='lat' dir='ltr'><strong>Addit</strong></span> <span class='ocrx_word' id='word_1_227' title='bbox 951 2965 1010 3006; x_wconf 88' lang='lat' dir='ltr'><strong>se</strong></span> <span class='ocrx_word' id='word_1_228' title='bbox 1058 2952 1145 3008; x_wconf 91' lang='lat' dir='ltr'><strong>his</strong></span> <span class='ocrx_word' id='word_1_229' title='bbox 1169 2953 1370 3008; x_wconf 89' lang='lat' dir='ltr'><strong>auditis</strong></span> <span class='ocrx_word' id='word_1_230' title='bbox 1396 2955 1622 3010; x_wconf 82' lang='lat' dir='ltr'><strong>moleste</strong></span> <span class='ocrx_word' id='word_1_231' title='bbox 1649 2956 1840 3011; x_wconf 89' lang='lat' dir='ltr'><strong>tulisse</strong></span> <span class='ocrx_word' id='word_1_232' title='bbox 1877 2973 1976 3012; x_wconf 89' lang='lat' dir='ltr'><strong>ne-</strong></span> 
     </span>
    </p>
   </div>
   <div class='ocr_carea' id='block_1_32' title="bbox 2734 550 3652 624">
    <p class='ocr_par' dir='ltr' id='par_1_32' title="bbox 2734 550 3652 624">
     <span class='ocr_line' id='line_1_32' title="bbox 2734 550 3652 624; baseline -0.004 -16"><span class='ocrx_word' id='word_1_233' title='bbox 2734 555 2825 624; x_wconf 90' lang='lat' dir='ltr'><strong>qui</strong></span> <span class='ocrx_word' id='word_1_234' title='bbox 2892 553 3062 609; x_wconf 90' lang='lat' dir='ltr'><strong>Filius</strong></span> <span class='ocrx_word' id='word_1_235' title='bbox 3120 550 3215 606; x_wconf 88' lang='lat' dir='ltr'><strong>Dei</strong></span> <span class='ocrx_word' id='word_1_236' title='bbox 3275 551 3652 606; x_wconf 89' lang='lat' dir='ltr'><strong>nomineteuus</strong></span> 
     </span>
    </p>
   </div>
   <div class='ocr_carea' id='block_1_33' title="bbox 2090 643 3631 717">
    <p class='ocr_par' dir='ltr' id='par_1_33' title="bbox 2090 643 3631 717">
     <span class='ocr_line' id='line_1_33' title="bbox 2090 643 3631 717; baseline -0.005 -14"><span class='ocrx_word' id='word_1_237' title='bbox 2090 649 2326 714; x_wconf 89' lang='lat' dir='ltr'><strong>dicatur,</strong></span> <span class='ocrx_word' id='word_1_238' title='bbox 2349 648 2442 705; x_wconf 78' lang='lat' dir='ltr'><strong>sed</strong></span> <span class='ocrx_word' id='word_1_239' title='bbox 2476 660 2533 703; x_wconf 91' lang='lat' dir='ltr'><strong>ut</strong></span> <span class='ocrx_word' id='word_1_240' title='bbox 2557 648 2733 717; x_wconf 82' lang='lat' dir='ltr'><strong>ipsum</strong></span> <span class='ocrx_word' id='word_1_241' title='bbox 2764 645 2854 701; x_wconf 88' lang='lat' dir='ltr'><strong>Dei</strong></span> <span class='ocrx_word' id='word_1_242' title='bbox 2884 644 3106 710; x_wconf 83' lang='lat' dir='ltr'><strong>Filium,</strong></span> <span class='ocrx_word' id='word_1_243' title='bbox 3137 644 3232 714; x_wconf 90' lang='lat' dir='ltr'><strong>qui</strong></span> <span class='ocrx_word' id='word_1_244' title='bbox 3253 644 3308 698; x_wconf 91' lang='lat' dir='ltr'><strong>in</strong></span> <span class='ocrx_word' id='word_1_245' title='bbox 3330 643 3475 700; x_wconf 85' lang='lat' dir='ltr'><strong>hunc</strong></span> <span class='ocrx_word' id='word_1_246' title='bbox 3499 658 3631 698; x_wconf 86' lang='lat' dir='ltr'><strong>mun</strong></span> 
     </span>
    </p>
   </div>
   <div class='ocr_carea' id='block_1_34' title="bbox 2087 736 3208 807">
    <p class='ocr_par' dir='ltr' id='par_1_34' title="bbox 2087 736 3208 807">
     <span class='ocr_line' id='line_1_34' title="bbox 2087 736 3208 807; baseline -0.004 -11"><span class='ocrx_word' id='word_1_247' title='bbox 2087 742 2216 796; x_wconf 88' lang='lat' dir='ltr'><strong>dum</strong></span> <span class='ocrx_word' id='word_1_248' title='bbox 2235 757 2265 796; x_wconf 93' lang='lat' dir='ltr'><strong>e</strong></span> <span class='ocrx_word' id='word_1_249' title='bbox 2281 740 2419 798; x_wconf 77' lang='lat' dir='ltr'><strong>ctelo</strong></span> <span class='ocrx_word' id='word_1_250' title='bbox 2446 741 2677 807; x_wconf 88' lang='lat' dir='ltr'><strong>venerit,</strong></span> <span class='ocrx_word' id='word_1_251' title='bbox 2708 738 2990 794; x_wconf 87' lang='lat' dir='ltr'><strong>adoratum</strong></span> <span class='ocrx_word' id='word_1_252' title='bbox 3015 736 3208 792; x_wconf 81' lang='lat' dir='ltr'><strong>fuisse.</strong></span> 
     </span>
    </p>
   </div>
   <div class='ocr_carea' id='block_1_35' title="bbox 2156 849 3649 925">
    <p class='ocr_par' dir='ltr' id='par_1_35' title="bbox 2156 849 3649 925">
     <span class='ocr_line' id='line_1_35' title="bbox 2156 849 3649 925; baseline -0.003 -16"><span class='ocrx_word' id='word_1_253' title='bbox 2156 853 2246 909; x_wconf 83' lang='lat' dir='ltr'><strong>iV.</strong></span> <span class='ocrx_word' id='word_1_254' title='bbox 2304 874 2326 907; x_wconf 79' lang='grc' dir='ltr'><strong>ι</strong></span> <span class='ocrx_word' id='word_1_255' title='bbox 2369 854 2647 925; x_wconf 88' lang='lat' dir='ltr'><strong>Duplieem</strong></span> <span class='ocrx_word' id='word_1_256' title='bbox 2699 852 2900 908; x_wconf 88' lang='lat' dir='ltr'><strong>Christi</strong></span> <span class='ocrx_word' id='word_1_257' title='bbox 2956 862 3208 906; x_wconf 87' lang='lat' dir='ltr'><strong>naturam</strong></span> <span class='ocrx_word' id='word_1_258' title='bbox 3264 849 3649 906; x_wconf 88' lang='lat' dir='ltr'><strong>demonstrant</strong></span> 
     </span>
    </p>
   </div>
   <div class='ocr_carea' id='block_1_36' title="bbox 2085 943 3636 1017">
    <p class='ocr_par' dir='ltr' id='par_1_36' title="bbox 2085 943 3636 1017">
     <span class='ocr_line' id='line_1_36' title="bbox 2085 943 3636 1017; baseline -0.003 -16"><span class='ocrx_word' id='word_1_259' title='bbox 2085 964 2205 1017; x_wconf 68' lang='lat' dir='ltr'><strong>qua:</strong></span> <span class='ocrx_word' id='word_1_260' title='bbox 2243 947 2436 1003; x_wconf 87' lang='lat' dir='ltr'><strong>Petrus</strong></span> <span class='ocrx_word' id='word_1_261' title='bbox 2487 948 2616 1002; x_wconf 88' lang='lat' dir='ltr'><strong>huic</strong></span> <span class='ocrx_word' id='word_1_262' title='bbox 2671 946 2910 1000; x_wconf 90' lang='lat' dir='ltr'><strong>Simonis</strong></span> <span class='ocrx_word' id='word_1_263' title='bbox 2968 955 3292 1014; x_wconf 88' lang='lat' dir='ltr'><strong>argumento</strong></span> <span class='ocrx_word' id='word_1_264' title='bbox 3347 943 3636 1012; x_wconf 84' lang='lat' dir='ltr'><strong>respondet</strong></span> 
     </span>
    </p>
   </div>
   <div class='ocr_carea' id='block_1_37' title="bbox 2086 1033 3647 1107">
    <p class='ocr_par' dir='ltr' id='par_1_37' title="bbox 2086 1033 3647 1107">
     <span class='ocr_line' id='line_1_37' title="bbox 2086 1033 3647 1107; baseline -0.005 -16"><span class='ocrx_word' id='word_1_265' title='bbox 2086 1038 2274 1092; x_wconf 89' lang='lat' dir='ltr'><strong>homil.</strong></span> <span class='ocrx_word' id='word_1_266' title='bbox 2308 1054 2462 1102; x_wconf 81' lang='lat' dir='ltr'><strong>xvm,</strong></span> <span class='ocrx_word' id='word_1_267' title='bbox 2487 1053 2610 1107; x_wconf 89' lang='lat' dir='ltr'><strong>cap.</strong></span> <span class='ocrx_word' id='word_1_268' title='bbox 2645 1037 2712 1090; x_wconf 78' lang='grc'><strong>15</strong></span> <span class='ocrx_word' id='word_1_269' title='bbox 2745 1054 2759 1090; x_wconf 92' lang='lat'><strong>:</strong></span> <span class='ocrx_word' id='word_1_270' title='bbox 2791 1034 3032 1102; x_wconf 84' lang='grc' dir='ltr'><em>Πρῶτον</em></span> <span class='ocrx_word' id='word_1_271' title='bbox 3053 1033 3170 1103; x_wconf 86' lang='grc' dir='ltr'><em>μὲν</em></span> <span class='ocrx_word' id='word_1_272' title='bbox 3200 1034 3310 1102; x_wconf 78' lang='grc' dir='ltr'><strong>γὰρ</strong></span> <span class='ocrx_word' id='word_1_273' title='bbox 3331 1033 3582 1087; x_wconf 84' lang='grc' dir='ltr'><em>δύναται</em></span> <span class='ocrx_word' id='word_1_274' title='bbox 3615 1033 3647 1084; x_wconf 87' lang='grc' dir='ltr'><em>ὁ</em></span> 
     </span>
    </p>
   </div>
   <div class='ocr_carea' id='block_1_38' title="bbox 2082 1121 3649 1204">
    <p class='ocr_par' dir='ltr' id='par_1_38' title="bbox 2082 1121 3649 1204">
     <span class='ocr_line' id='line_1_38' title="bbox 2082 1121 3649 1204; baseline -0.004 -22"><span class='ocrx_word' id='word_1_275' title='bbox 2082 1131 2263 1198; x_wconf 75' lang='grc' dir='ltr'><em>λόγος</em></span> <span class='ocrx_word' id='word_1_276' title='bbox 2294 1127 2570 1204; x_wconf 55' lang='grc' dir='ltr'><em>ειρ-ῆσθαί</em></span> <span class='ocrx_word' id='word_1_277' title='bbox 2611 1126 2760 1194; x_wconf 76' lang='grc' dir='ltr'><em>πρὸς</em></span> <span class='ocrx_word' id='word_1_278' title='bbox 2813 1124 3040 1190; x_wconf 79' lang='grc' dir='ltr'><strong>πάντας</strong></span> <span class='ocrx_word' id='word_1_279' title='bbox 3085 1123 3448 1189; x_wconf 77' lang='grc' dir='ltr'><strong>Ἰουδαίους,</strong></span> <span class='ocrx_word' id='word_1_280' title='bbox 3507 1121 3649 1188; x_wconf 84' lang='grc' dir='ltr'><em>τοὺς</em></span> 
     </span>
    </p>
   </div>
   <div class='ocr_carea' id='block_1_39' title="bbox 2083 1212 3644 1288">
    <p class='ocr_par' dir='ltr' id='par_1_39' title="bbox 2083 1212 3644 1288">
     <span class='ocr_line' id='line_1_39' title="bbox 2083 1212 3644 1288; baseline -0.005 -16"><span class='ocrx_word' id='word_1_281' title='bbox 2083 1220 2306 1288; x_wconf 82' lang='grc' dir='ltr'><strong>πατέρα</strong></span> <span class='ocrx_word' id='word_1_282' title='bbox 2334 1219 2677 1288; x_wconf 76' lang='grc' dir='ltr'><em>νομίζοντας</em></span> <span class='ocrx_word' id='word_1_283' title='bbox 2703 1218 2854 1271; x_wconf 80' lang='grc' dir='ltr'><em>εἶναι</em></span> <span class='ocrx_word' id='word_1_284' title='bbox 2883 1215 2988 1270; x_wconf 86' lang='grc' dir='ltr'><em>τοῦ</em></span> <span class='ocrx_word' id='word_1_285' title='bbox 3026 1214 3282 1282; x_wconf 81' lang='grc' dir='ltr'><strong>Χριστοῦ</strong></span> <span class='ocrx_word' id='word_1_286' title='bbox 3316 1214 3424 1268; x_wconf 84' lang='grc' dir='ltr'><em>τὸν</em></span> <span class='ocrx_word' id='word_1_287' title='bbox 3449 1212 3644 1266; x_wconf 76' lang='grc' dir='ltr'><strong>Δαϐίδο</strong></span> 
     </span>
    </p>
   </div>
   <div class='ocr_carea' id='block_1_40' title="bbox 2083 1300 3647 1376">
    <p class='ocr_par' dir='ltr' id='par_1_40' title="bbox 2083 1300 3647 1376">
     <span class='ocr_line' id='line_1_40' title="bbox 2083 1300 3647 1376; baseline -0.012 -12"><span class='ocrx_word' id='word_1_288' title='bbox 2083 1310 2181 1364; x_wconf 82' lang='grc' dir='ltr'><em>καὶ</em></span> <span class='ocrx_word' id='word_1_289' title='bbox 2211 1310 2395 1364; x_wconf 74' lang='grc' dir='ltr'><em>αὐτὸν</em></span> <span class='ocrx_word' id='word_1_290' title='bbox 2424 1309 2492 1361; x_wconf 82' lang='grc' dir='ltr'><strong>δὲ</strong></span> <span class='ocrx_word' id='word_1_291' title='bbox 2534 1308 2638 1361; x_wconf 86' lang='grc' dir='ltr'><em>τὸν</em></span> <span class='ocrx_word' id='word_1_292' title='bbox 2680 1305 2938 1376; x_wconf 82' lang='grc' dir='ltr'><em>Χριστὸν</em></span> <span class='ocrx_word' id='word_1_293' title='bbox 2974 1306 3107 1359; x_wconf 64' lang='lat' dir='ltr'><strong>reor</strong></span> <span class='ocrx_word' id='word_1_294' title='bbox 3153 1304 3296 1358; x_wconf 81' lang='grc' dir='ltr'><em>ὄντα</em></span> <span class='ocrx_word' id='word_1_295' title='bbox 3318 1344 3334 1369; x_wconf 88' lang='grc'><strong>,</strong></span> <span class='ocrx_word' id='word_1_296' title='bbox 3380 1300 3479 1356; x_wconf 78' lang='grc' dir='ltr'><em>καὶ</em></span> <span class='ocrx_word' id='word_1_297' title='bbox 3513 1302 3647 1355; x_wconf 59' lang='lat' dir='ltr'><strong>nar</strong></span> 
     </span>
    </p>
   </div>
   <div class='ocr_carea' id='block_1_41' title="bbox 2085 1393 3645 1469">
    <p class='ocr_par' dir='ltr' id='par_1_41' title="bbox 2085 1393 3645 1469">
     <span class='ocr_line' id='line_1_41' title="bbox 2085 1393 3645 1469; baseline -0.006 -14"><span class='ocrx_word' id='word_1_298' title='bbox 2085 1401 2230 1455; x_wconf 84' lang='grc' dir='ltr'><strong>Θεοῦ</strong></span> <span class='ocrx_word' id='word_1_299' title='bbox 2253 1400 2339 1469; x_wconf 82' lang='grc' dir='ltr'><em>μὴ</em></span> <span class='ocrx_word' id='word_1_300' title='bbox 2367 1399 2700 1469; x_wconf 77' lang='grc' dir='ltr'><strong>ἐγνωκέναι.</strong></span> <span class='ocrx_word' id='word_1_301' title='bbox 2732 1398 2826 1451; x_wconf 88' lang='grc' dir='ltr'><strong>Διὸ</strong></span> <span class='ocrx_word' id='word_1_302' title='bbox 2859 1396 2957 1450; x_wconf 75' lang='grc' dir='ltr'><strong>καὶ</strong></span> <span class='ocrx_word' id='word_1_303' title='bbox 2992 1396 3220 1460; x_wconf 76' lang='grc' dir='ltr'><em>οἰκείως</em></span> <span class='ocrx_word' id='word_1_304' title='bbox 3239 1394 3464 1463; x_wconf 74' lang='grc' dir='ltr'><em>εἴρηται</em></span> <span class='ocrx_word' id='word_1_305' title='bbox 3485 1410 3496 1421; x_wconf 92' lang='grc'><strong>·</strong></span> <span class='ocrx_word' id='word_1_306' title='bbox 3537 1393 3645 1446; x_wconf 86' lang='grc' dir='ltr'><strong>Οὐ-</strong></span> 
     </span>
    </p>
   </div>
   <div class='ocr_carea' id='block_1_42' title="bbox 2080 1482 3642 1561">
    <p class='ocr_par' dir='ltr' id='par_1_42' title="bbox 2080 1482 3642 1561">
     <span class='ocr_line' id='line_1_42' title="bbox 2080 1482 3642 1561; baseline -0.006 -17"><span class='ocrx_word' id='word_1_307' title='bbox 2080 1492 2204 1558; x_wconf 78' lang='grc' dir='ltr'><em>δεὶς</em></span> <span class='ocrx_word' id='word_1_308' title='bbox 2233 1492 2383 1561; x_wconf 71' lang='grc' dir='ltr'><em>ἔγνω</em></span> <span class='ocrx_word' id='word_1_309' title='bbox 2405 1491 2511 1544; x_wconf 84' lang='grc' dir='ltr'><em>τὸν</em></span> <span class='ocrx_word' id='word_1_310' title='bbox 2531 1489 2792 1558; x_wconf 83' lang='grc' dir='ltr'><strong>Πατέρα·</strong></span> <span class='ocrx_word' id='word_1_311' title='bbox 2835 1487 2967 1541; x_wconf 80' lang='grc' dir='ltr'><em>ἐπεὶ</em></span> <span class='ocrx_word' id='word_1_312' title='bbox 3013 1485 3147 1541; x_wconf 79' lang='grc' dir='ltr'><em>ἀντὶ</em></span> <span class='ocrx_word' id='word_1_313' title='bbox 3178 1484 3282 1538; x_wconf 86' lang='grc' dir='ltr'><em>τοῦ</em></span> <span class='ocrx_word' id='word_1_314' title='bbox 3311 1483 3458 1538; x_wconf 82' lang='grc' dir='ltr'><em>Θεοῦ</em></span> <span class='ocrx_word' id='word_1_315' title='bbox 3481 1521 3497 1546; x_wconf 88' lang='grc'><strong>,</strong></span> <span class='ocrx_word' id='word_1_316' title='bbox 3538 1482 3642 1535; x_wconf 79' lang='grc' dir='ltr'><em>τὸν</em></span> 
     </span>
    </p>
   </div>
   <div class='ocr_carea' id='block_1_43' title="bbox 2081 1571 3644 1650">
    <p class='ocr_par' dir='ltr' id='par_1_43' title="bbox 2081 1571 3644 1650">
     <span class='ocr_line' id='line_1_43' title="bbox 2081 1571 3644 1650; baseline -0.007 -13"><span class='ocrx_word' id='word_1_317' title='bbox 2081 1582 2255 1637; x_wconf 76' lang='grc' dir='ltr'><strong>Δαϐὶδ</strong></span> <span class='ocrx_word' id='word_1_318' title='bbox 2285 1581 2504 1647; x_wconf 81' lang='grc' dir='ltr'><em>πάντες</em></span> <span class='ocrx_word' id='word_1_319' title='bbox 2533 1582 2762 1650; x_wconf 75' lang='grc' dir='ltr'><em>ἔλεγον.</em></span> <span class='ocrx_word' id='word_1_320' title='bbox 2802 1581 2870 1632; x_wconf 87' lang='grc' dir='ltr'><strong>Τὸ</strong></span> <span class='ocrx_word' id='word_1_321' title='bbox 2903 1577 2970 1631; x_wconf 84' lang='grc' dir='ltr'><strong>δὲ</strong></span> <span class='ocrx_word' id='word_1_322' title='bbox 2997 1576 3300 1640; x_wconf 78' lang='grc' dir='ltr'><em>ἐπάξαντα</em></span> <span class='ocrx_word' id='word_1_323' title='bbox 3320 1573 3534 1628; x_wconf 77' lang='grc' dir='ltr'><em>εἰπεῖν’</em></span> <span class='ocrx_word' id='word_1_324' title='bbox 3554 1571 3644 1636; x_wconf 88' lang='grc' dir='ltr'><em>Ὡς</em></span> 
     </span>
    </p>
   </div>
   <div class='ocr_carea' id='block_1_44' title="bbox 2083 1662 3642 1734">
    <p class='ocr_par' dir='ltr' id='par_1_44' title="bbox 2083 1662 3642 1734">
     <span class='ocr_line' id='line_1_44' title="bbox 2083 1662 3642 1734; baseline -0.011 -6"><span class='ocrx_word' id='word_1_325' title='bbox 2083 1671 2224 1728; x_wconf 82' lang='grc' dir='ltr'><strong>οὐδὲ</strong></span> <span class='ocrx_word' id='word_1_326' title='bbox 2268 1672 2371 1726; x_wconf 80' lang='grc' dir='ltr'><strong>τὸν</strong></span> <span class='ocrx_word' id='word_1_327' title='bbox 2402 1672 2536 1726; x_wconf 80' lang='grc' dir='ltr'><em>Υἱόν</em></span> <span class='ocrx_word' id='word_1_328' title='bbox 2579 1687 2667 1734; x_wconf 86' lang='grc' dir='ltr'><em>τις</em></span> <span class='ocrx_word' id='word_1_329' title='bbox 2712 1668 2890 1722; x_wconf 75' lang='grc' dir='ltr'><em>οἶδεν·-</em></span> <span class='ocrx_word' id='word_1_330' title='bbox 2943 1665 3071 1720; x_wconf 80' lang='grc' dir='ltr'><em>ἐπεὶ</em></span> <span class='ocrx_word' id='word_1_331' title='bbox 3115 1663 3300 1719; x_wconf 80' lang='grc' dir='ltr'><em>αὐτὸν</em></span> <span class='ocrx_word' id='word_1_332' title='bbox 3349 1663 3482 1719; x_wconf 74' lang='grc' dir='ltr'><em>Υίὸν</em></span> <span class='ocrx_word' id='word_1_333' title='bbox 3532 1662 3642 1712; x_wconf 75' lang='grc' dir='ltr'><strong>οὐκ</strong></span> 
     </span>
    </p>
   </div>
   <div class='ocr_carea' id='block_1_45' title="bbox 2014 1723 3642 1829">
    <p class='ocr_par' dir='ltr' id='par_1_45' title="bbox 2014 1723 3642 1829">
     <span class='ocr_line' id='line_1_45' title="bbox 2014 1723 3642 1829; baseline -0.009 -12"><span class='ocrx_word' id='word_1_334' title='bbox 2014 1723 2053 1779; x_wconf 63' lang='grc' dir='ltr'><strong>Β</strong></span> <span class='ocrx_word' id='word_1_335' title='bbox 2532 1723 2596 1812; x_wconf 76' lang='grc' dir='ltr'><em>τὸ</em></span> <span class='ocrx_word' id='word_1_336' title='bbox 2629 1723 2835 1812; x_wconf 71' lang='grc' dir='ltr'><em>έὶπεῖνο</em></span> <span class='ocrx_word' id='word_1_337' title='bbox 2875 1749 2973 1823; x_wconf 78' lang='grc' dir='ltr'><strong>Οἷς</strong></span> <span class='ocrx_word' id='word_1_338' title='bbox 3018 1755 3093 1810; x_wconf 88' lang='grc' dir='ltr'><em>ἂν</em></span> <span class='ocrx_word' id='word_1_339' title='bbox 3116 1756 3411 1821; x_wconf 82' lang='grc' dir='ltr'><em>,βούληται</em></span> <span class='ocrx_word' id='word_1_340' title='bbox 3455 1754 3488 1806; x_wconf 81' lang='grc' dir='ltr'><em>ὁ</em></span> <span class='ocrx_word' id='word_1_341' title='bbox 3511 1750 3642 1817; x_wconf 74' lang='grc' dir='ltr'><strong>Υἱὸς</strong></span> 
     </span>
    </p>
   </div>
   <div class='ocr_carea' id='block_1_46' title="bbox 2081 1842 3643 1922">
    <p class='ocr_par' dir='ltr' id='par_1_46' title="bbox 2081 1842 3643 1922">
     <span class='ocr_line' id='line_1_46' title="bbox 2081 1842 3643 1922; baseline -0.008 -12"><span class='ocrx_word' id='word_1_342' title='bbox 2081 1855 2488 1922; x_wconf 71' lang='grc' dir='ltr'><em>ἀποκαλύψαι·</em></span> <span class='ocrx_word' id='word_1_343' title='bbox 2521 1849 2706 1920; x_wconf 85' lang='grc' dir='ltr'><em>ὀρθῶς</em></span> <span class='ocrx_word' id='word_1_344' title='bbox 2750 1849 2993 1918; x_wconf 70' lang='grc' dir='ltr'><em>εὶρηται.</em></span> <span class='ocrx_word' id='word_1_345' title='bbox 3039 1849 3100 1901; x_wconf 86' lang='lat'><strong>&#39;0</strong></span> <span class='ocrx_word' id='word_1_346' title='bbox 3141 1847 3252 1916; x_wconf 77' lang='grc' dir='ltr'><strong>γὰρ</strong></span> <span class='ocrx_word' id='word_1_347' title='bbox 3303 1846 3400 1901; x_wconf 82' lang='grc' dir='ltr'><strong>ἀπ’</strong></span> <span class='ocrx_word' id='word_1_348' title='bbox 3451 1842 3643 1912; x_wconf 83' lang='grc' dir='ltr'><em>ἀρχῆς</em></span> 
     </span>
    </p>
   </div>
   <div class='ocr_carea' id='block_1_47' title="bbox 2079 1936 3642 2013">
    <p class='ocr_par' dir='ltr' id='par_1_47' title="bbox 2079 1936 3642 2013">
     <span class='ocr_line' id='line_1_47' title="bbox 2079 1936 3642 2013; baseline -0.007 -15"><span class='ocrx_word' id='word_1_349' title='bbox 2079 1945 2164 1998; x_wconf 83' lang='grc' dir='ltr'><em>ὢν</em></span> <span class='ocrx_word' id='word_1_350' title='bbox 2203 1945 2358 2010; x_wconf 72' lang='grc' dir='ltr'><em>Υἱὸς,</em></span> <span class='ocrx_word' id='word_1_351' title='bbox 2397 1943 2584 2013; x_wconf 80' lang='grc' dir='ltr'><em>μόνος</em></span> <span class='ocrx_word' id='word_1_352' title='bbox 2621 1941 2873 2009; x_wconf 82' lang='grc' dir='ltr'><strong>ὡρίσθη,</strong></span> <span class='ocrx_word' id='word_1_353' title='bbox 2916 1940 3016 1992; x_wconf 81' lang='grc' dir='ltr'><em>ἵνα</em></span> <span class='ocrx_word' id='word_1_354' title='bbox 3057 1938 3146 2003; x_wconf 80' lang='grc' dir='ltr'><em>οἷς</em></span> <span class='ocrx_word' id='word_1_355' title='bbox 3171 1937 3468 2005; x_wconf 81' lang='grc' dir='ltr'><em>,βούληται</em></span> <span class='ocrx_word' id='word_1_356' title='bbox 3494 1936 3642 1989; x_wconf 80' lang='grc' dir='ltr'><em>ἁπο-</em></span> 
     </span>
    </p>
   </div>
   <div class='ocr_carea' id='block_1_48' title="bbox 2082 2031 3644 2110">
    <p class='ocr_par' dir='ltr' id='par_1_48' title="bbox 2082 2031 3644 2110">
     <span class='ocr_line' id='line_1_48' title="bbox 2082 2031 3644 2110; baseline -0.01 -13"><span class='ocrx_word' id='word_1_357' title='bbox 2082 2044 2351 2110; x_wconf 72' lang='grc' dir='ltr'><em>καλύψιῃ.</em></span> <span class='ocrx_word' id='word_1_358' title='bbox 2429 2039 2704 2093; x_wconf 84' lang='lat' dir='ltr'><strong>Enimvero</strong></span> <span class='ocrx_word' id='word_1_359' title='bbox 2759 2037 2986 2105; x_wconf 89' lang='lat' dir='ltr'><strong>primum</strong></span> <span class='ocrx_word' id='word_1_360' title='bbox 3053 2042 3218 2101; x_wconf 79' lang='lat' dir='ltr'><strong>potest</strong></span> <span class='ocrx_word' id='word_1_361' title='bbox 3283 2031 3644 2086; x_wconf 88' lang='lat' dir='ltr'><strong>testimonium</strong></span> 
     </span>
    </p>
   </div>
   <div class='ocr_carea' id='block_1_49' title="bbox 2080 2125 3643 2196">
    <p class='ocr_par' dir='ltr' id='par_1_49' title="bbox 2080 2125 3643 2196">
     <span class='ocr_line' id='line_1_49' title="bbox 2080 2125 3643 2196; baseline -0.009 -7"><span class='ocrx_word' id='word_1_362' title='bbox 2080 2152 2189 2189; x_wconf 87' lang='lat' dir='ltr'><strong>esse</strong></span> <span class='ocrx_word' id='word_1_363' title='bbox 2211 2136 2410 2189; x_wconf 86' lang='lat' dir='ltr'><strong>dictum</strong></span> <span class='ocrx_word' id='word_1_364' title='bbox 2448 2133 2516 2187; x_wconf 90' lang='lat' dir='ltr'><strong>ad</strong></span> <span class='ocrx_word' id='word_1_365' title='bbox 2551 2147 2727 2184; x_wconf 86' lang='lat' dir='ltr'><strong>omnes</strong></span> <span class='ocrx_word' id='word_1_366' title='bbox 2751 2129 2991 2193; x_wconf 70' lang='lat' dir='ltr'><strong>Judaeos,</strong></span> <span class='ocrx_word' id='word_1_367' title='bbox 3023 2127 3112 2196; x_wconf 87' lang='lat' dir='ltr'><strong>qui</strong></span> <span class='ocrx_word' id='word_1_368' title='bbox 3151 2125 3405 2194; x_wconf 80' lang='lat' dir='ltr'><strong>putabant</strong></span> <span class='ocrx_word' id='word_1_369' title='bbox 3438 2135 3643 2194; x_wconf 84' lang='lat' dir='ltr'><strong>patrem</strong></span> 
     </span>
    </p>
   </div>
   <div class='ocr_carea' id='block_1_50' title="bbox 2081 2217 3643 2289">
    <p class='ocr_par' dir='ltr' id='par_1_50' title="bbox 2081 2217 3643 2289">
     <span class='ocr_line' id='line_1_50' title="bbox 2081 2217 3643 2289; baseline -0.008 -8"><span class='ocrx_word' id='word_1_370' title='bbox 2081 2227 2278 2281; x_wconf 77' lang='lat' dir='ltr'><strong>Christi</strong></span> <span class='ocrx_word' id='word_1_371' title='bbox 2319 2243 2430 2280; x_wconf 86' lang='lat' dir='ltr'><strong>esse</strong></span> <span class='ocrx_word' id='word_1_372' title='bbox 2461 2225 2732 2289; x_wconf 85' lang='lat' dir='ltr'><strong>Davidem,</strong></span> <span class='ocrx_word' id='word_1_373' title='bbox 2771 2238 2858 2275; x_wconf 86' lang='lat' dir='ltr'><strong>eos</strong></span> <span class='ocrx_word' id='word_1_374' title='bbox 2894 2236 2998 2274; x_wconf 87' lang='lat' dir='ltr'><strong>non</strong></span> <span class='ocrx_word' id='word_1_375' title='bbox 3034 2219 3329 2288; x_wconf 73' lang='lat' dir='ltr'><strong>cognovisse</strong></span> <span class='ocrx_word' id='word_1_376' title='bbox 3371 2217 3643 2272; x_wconf 80' lang='lat' dir='ltr'><strong>Christum</strong></span> 
     </span>
    </p>
   </div>
   <div class='ocr_carea' id='block_1_51' title="bbox 2082 2307 3644 2384">
    <p class='ocr_par' dir='ltr' id='par_1_51' title="bbox 2082 2307 3644 2384">
     <span class='ocr_line' id='line_1_51' title="bbox 2082 2307 3644 2384; baseline -0.006 -16"><span class='ocrx_word' id='word_1_377' title='bbox 2082 2314 2283 2368; x_wconf 85' lang='lat' dir='ltr'><strong>Filium</strong></span> <span class='ocrx_word' id='word_1_378' title='bbox 2313 2313 2581 2384; x_wconf 82' lang='lat' dir='ltr'><strong>(hominis)</strong></span> <span class='ocrx_word' id='word_1_379' title='bbox 2610 2323 2658 2366; x_wconf 92' lang='lat' dir='ltr'><strong>et</strong></span> <span class='ocrx_word' id='word_1_380' title='bbox 2694 2310 2897 2364; x_wconf 86' lang='lat' dir='ltr'><strong>Filium</strong></span> <span class='ocrx_word' id='word_1_381' title='bbox 2931 2309 3045 2363; x_wconf 91' lang='lat' dir='ltr'><strong>Dei.</strong></span> <span class='ocrx_word' id='word_1_382' title='bbox 3086 2309 3260 2373; x_wconf 80' lang='lat' dir='ltr'><strong>Quare</strong></span> <span class='ocrx_word' id='word_1_383' title='bbox 3296 2316 3412 2372; x_wconf 84' lang='lat' dir='ltr'><strong>apte</strong></span> <span class='ocrx_word' id='word_1_384' title='bbox 3439 2307 3644 2359; x_wconf 88' lang='lat' dir='ltr'><strong>dictum</strong></span> 
     </span>
    </p>
   </div>
   <div class='ocr_carea' id='block_1_52' title="bbox 2082 2396 3643 2472">
    <p class='ocr_par' dir='ltr' id='par_1_52' title="bbox 2082 2396 3643 2472">
     <span class='ocr_line' id='line_1_52' title="bbox 2082 2396 3643 2472; baseline -0.006 -12"><span class='ocrx_word' id='word_1_385' title='bbox 2082 2418 2180 2472; x_wconf 85' lang='lat' dir='ltr'><strong>est,</strong></span> <span class='ocrx_word' id='word_1_386' title='bbox 2208 2405 2373 2458; x_wconf 83' lang='lat' dir='ltr'><strong>Nemo</strong></span> <span class='ocrx_word' id='word_1_387' title='bbox 2402 2405 2541 2457; x_wconf 91' lang='lat' dir='ltr'><strong>novit</strong></span> <span class='ocrx_word' id='word_1_388' title='bbox 2567 2401 2807 2466; x_wconf 83' lang='lat' dir='ltr'><strong>Patrem,</strong></span> <span class='ocrx_word' id='word_1_389' title='bbox 2837 2401 2962 2471; x_wconf 86' lang='lat' dir='ltr'><strong>quia</strong></span> <span class='ocrx_word' id='word_1_390' title='bbox 2993 2416 3087 2468; x_wconf 79' lang='lat' dir='ltr'><strong>pro</strong></span> <span class='ocrx_word' id='word_1_391' title='bbox 3122 2399 3230 2452; x_wconf 81' lang='lat' dir='ltr'><strong>Deo</strong></span> <span class='ocrx_word' id='word_1_392' title='bbox 3265 2414 3440 2451; x_wconf 88' lang='lat' dir='ltr'><strong>omnes</strong></span> <span class='ocrx_word' id='word_1_393' title='bbox 3472 2396 3643 2450; x_wconf 89' lang='lat' dir='ltr'><strong>Davi-</strong></span> 
     </span>
    </p>
   </div>
   <div class='ocr_carea' id='block_1_53' title="bbox 2079 2491 3643 2566">
    <p class='ocr_par' dir='ltr' id='par_1_53' title="bbox 2079 2491 3643 2566">
     <span class='ocr_line' id='line_1_53' title="bbox 2079 2491 3643 2566; baseline -0.005 -13"><span class='ocrx_word' id='word_1_394' title='bbox 2079 2501 2194 2553; x_wconf 86' lang='lat' dir='ltr'><strong>dem</strong></span> <span class='ocrx_word' id='word_1_395' title='bbox 2247 2500 2511 2553; x_wconf 79' lang='lat' dir='ltr'><strong>dicebant.</strong></span> <span class='ocrx_word' id='word_1_396' title='bbox 2554 2497 2620 2551; x_wconf 88' lang='lat' dir='ltr'><strong>Et</strong></span> <span class='ocrx_word' id='word_1_397' title='bbox 2653 2497 2790 2566; x_wconf 90' lang='lat' dir='ltr'><strong>quod</strong></span> <span class='ocrx_word' id='word_1_398' title='bbox 2833 2494 3127 2564; x_wconf 88' lang='lat' dir='ltr'><strong>subjungit,</strong></span> <span class='ocrx_word' id='word_1_399' title='bbox 3165 2491 3275 2546; x_wconf 88' lang='lat' dir='ltr'><strong>Nec</strong></span> <span class='ocrx_word' id='word_1_400' title='bbox 3323 2492 3497 2561; x_wconf 85' lang='lat' dir='ltr'><strong>ﬁlium</strong></span> <span class='ocrx_word' id='word_1_401' title='bbox 3522 2491 3643 2558; x_wconf 86' lang='lat' dir='ltr'><strong>quis</strong></span> 
     </span>
    </p>
   </div>
   <div class='ocr_carea' id='block_1_54' title="bbox 2077 2583 3643 2661">
    <p class='ocr_par' dir='ltr' id='par_1_54' title="bbox 2077 2583 3643 2661">
     <span class='ocr_line' id='line_1_54' title="bbox 2077 2583 3643 2661; baseline -0.006 -16"><span class='ocrx_word' id='word_1_402' title='bbox 2077 2594 2241 2654; x_wconf 82' lang='lat' dir='ltr'><strong>novit,</strong></span> <span class='ocrx_word' id='word_1_403' title='bbox 2275 2593 2398 2661; x_wconf 86' lang='lat' dir='ltr'><strong>quia</strong></span> <span class='ocrx_word' id='word_1_404' title='bbox 2441 2606 2557 2642; x_wconf 87' lang='lat' dir='ltr'><strong>eum</strong></span> <span class='ocrx_word' id='word_1_405' title='bbox 2609 2588 2656 2641; x_wconf 86' lang='lat' dir='ltr'><em>F</em></span> <span class='ocrx_word' id='word_1_406' title='bbox 2662 2589 2813 2641; x_wconf 89' lang='lat' dir='ltr'><strong>ilium</strong></span> <span class='ocrx_word' id='word_1_407' title='bbox 2843 2604 2954 2641; x_wconf 88' lang='lat' dir='ltr'><strong>esse</strong></span> <span class='ocrx_word' id='word_1_408' title='bbox 2993 2587 3337 2640; x_wconf 88' lang='lat' dir='ltr'><strong>nesciverunt.</strong></span> <span class='ocrx_word' id='word_1_409' title='bbox 3404 2583 3470 2637; x_wconf 80' lang='lat' dir='ltr'><strong>Et</strong></span> <span class='ocrx_word' id='word_1_410' title='bbox 3501 2587 3643 2654; x_wconf 88' lang='lat' dir='ltr'><strong>quod</strong></span> 
     </span>
    </p>
   </div>
   <div class='ocr_carea' id='block_1_55' title="bbox 2078 2675 3662 2748">
    <p class='ocr_par' dir='ltr' id='par_1_55' title="bbox 2078 2675 3662 2748">
     <span class='ocr_line' id='line_1_55' title="bbox 2078 2675 3662 2748; baseline -0.006 -10"><span class='ocrx_word' id='word_1_411' title='bbox 2078 2685 2178 2747; x_wconf 88' lang='lat' dir='ltr'><strong>ait,</strong></span> <span class='ocrx_word' id='word_1_412' title='bbox 2219 2682 2420 2748; x_wconf 84' lang='lat' dir='ltr'><strong>Quibus</strong></span> <span class='ocrx_word' id='word_1_413' title='bbox 2448 2681 2665 2734; x_wconf 88' lang='lat' dir='ltr'><strong>voluerit</strong></span> <span class='ocrx_word' id='word_1_414' title='bbox 2691 2678 2865 2732; x_wconf 88' lang='lat' dir='ltr'><strong>Filius</strong></span> <span class='ocrx_word' id='word_1_415' title='bbox 2891 2677 3140 2740; x_wconf 86' lang='lat' dir='ltr'><strong>revelare,</strong></span> <span class='ocrx_word' id='word_1_416' title='bbox 3170 2686 3304 2730; x_wconf 89' lang='lat' dir='ltr'><strong>recte</strong></span> <span class='ocrx_word' id='word_1_417' title='bbox 3335 2675 3508 2733; x_wconf 86' lang='lat' dir='ltr'><strong>habet.</strong></span> <span class='ocrx_word' id='word_1_418' title='bbox 3533 2675 3662 2740; x_wconf 53' lang='lat' dir='ltr'><strong>Qui.</strong></span> 
     </span>
    </p>
   </div>
   <div class='ocr_carea' id='block_1_56' title="bbox 2077 2768 3645 2834">
    <p class='ocr_par' dir='ltr' id='par_1_56' title="bbox 2077 2768 3645 2834">
     <span class='ocr_line' id='line_1_56' title="bbox 2077 2768 3645 2834; baseline -0.004 -5"><span class='ocrx_word' id='word_1_419' title='bbox 2077 2776 2216 2830; x_wconf 89' lang='lat' dir='ltr'><strong>enim</strong></span> <span class='ocrx_word' id='word_1_420' title='bbox 2247 2773 2312 2826; x_wconf 88' lang='lat' dir='ltr'><strong>ab</strong></span> <span class='ocrx_word' id='word_1_421' title='bbox 2355 2773 2508 2825; x_wconf 89' lang='lat' dir='ltr'><strong>initio</strong></span> <span class='ocrx_word' id='word_1_422' title='bbox 2547 2769 2724 2824; x_wconf 84' lang='lat' dir='ltr'><strong>Filius</strong></span> <span class='ocrx_word' id='word_1_423' title='bbox 2766 2779 2865 2834; x_wconf 88' lang='lat' dir='ltr'><strong>est,</strong></span> <span class='ocrx_word' id='word_1_424' title='bbox 2913 2768 3057 2822; x_wconf 88' lang='lat' dir='ltr'><strong>solus</strong></span> <span class='ocrx_word' id='word_1_425' title='bbox 3105 2769 3396 2823; x_wconf 88' lang='lat' dir='ltr'><strong>destinatus</strong></span> <span class='ocrx_word' id='word_1_426' title='bbox 3445 2777 3542 2833; x_wconf 82' lang='lat' dir='ltr'><strong>est,</strong></span> <span class='ocrx_word' id='word_1_427' title='bbox 3583 2778 3645 2823; x_wconf 84' lang='lat' dir='ltr'><strong>ut</strong></span> 
     </span>
    </p>
   </div>
   <div class='ocr_carea' id='block_1_57' title="bbox 2077 2859 3648 2940">
    <p class='ocr_par' dir='ltr' id='par_1_57' title="bbox 2077 2859 3648 2940">
     <span class='ocr_line' id='line_1_57' title="bbox 2077 2859 3648 2940; baseline -0.006 -18"><span class='ocrx_word' id='word_1_428' title='bbox 2077 2867 2267 2940; x_wconf 86' lang='lat' dir='ltr'><strong>quibus</strong></span> <span class='ocrx_word' id='word_1_429' title='bbox 2297 2867 2438 2935; x_wconf 88' lang='lat' dir='ltr'><strong>cupit</strong></span> <span class='ocrx_word' id='word_1_430' title='bbox 2471 2863 2676 2919; x_wconf 85' lang='lat' dir='ltr'><strong>revelet.</strong></span> <span class='ocrx_word' id='word_1_431' title='bbox 2740 2863 3006 2918; x_wconf 86' lang='lat' dir='ltr'><strong>Accurata</strong></span> <span class='ocrx_word' id='word_1_432' title='bbox 3059 2876 3189 2918; x_wconf 88' lang='lat' dir='ltr'><strong>sane</strong></span> <span class='ocrx_word' id='word_1_433' title='bbox 3219 2861 3286 2916; x_wconf 89' lang='lat' dir='ltr'><strong>de</strong></span> <span class='ocrx_word' id='word_1_434' title='bbox 3316 2859 3435 2913; x_wconf 86' lang='lat' dir='ltr'><strong>Filii</strong></span> <span class='ocrx_word' id='word_1_435' title='bbox 3484 2868 3648 2914; x_wconf 62' lang='lat' dir='ltr'><strong>aiter-</strong></span> 
     </span>
    </p>
   </div>
   <div class='ocr_carea' id='block_1_58' title="bbox 2079 2948 3646 3025">
    <p class='ocr_par' dir='ltr' id='par_1_58' title="bbox 2079 2948 3646 3025">
     <span class='ocr_line' id='line_1_58' title="bbox 2079 2948 3646 3025; baseline -0.006 -12"><span class='ocrx_word' id='word_1_436' title='bbox 2079 2960 2268 3024; x_wconf 88' lang='lat' dir='ltr'><strong>nitate,</strong></span> <span class='ocrx_word' id='word_1_437' title='bbox 2301 2957 2528 3025; x_wconf 82' lang='lat' dir='ltr'><strong>ejusque</strong></span> <span class='ocrx_word' id='word_1_438' title='bbox 2549 2970 2614 3010; x_wconf 81' lang='lat' dir='ltr'><strong>ex</strong></span> <span class='ocrx_word' id='word_1_439' title='bbox 2643 2952 2804 3006; x_wconf 89' lang='lat' dir='ltr'><strong>Patre</strong></span> <span class='ocrx_word' id='word_1_440' title='bbox 2829 2953 3178 3022; x_wconf 78' lang='lat' dir='ltr'><strong>generatione</strong></span> <span class='ocrx_word' id='word_1_441' title='bbox 3206 2951 3524 3019; x_wconf 87' lang='lat' dir='ltr'><strong>disputatio.</strong></span> <span class='ocrx_word' id='word_1_442' title='bbox 3545 2948 3646 3004; x_wconf 91' lang='lat' dir='ltr'><strong>Dei</strong></span> 
     </span>
    </p>
   </div>
   <div class='ocr_carea' id='block_1_59' title="bbox 411 3039 3646 3120">
    <p class='ocr_par' dir='ltr' id='par_1_59' title="bbox 411 3039 3646 3120">
     <span class='ocr_line' id='line_1_59' title="bbox 411 3039 3646 3120; baseline 0.002 -28"><span class='ocrx_word' id='word_1_443' title='bbox 411 3039 610 3094; x_wconf 88' lang='lat' dir='ltr'><strong>minem</strong></span> <span class='ocrx_word' id='word_1_444' title='bbox 641 3055 708 3095; x_wconf 77' lang='lat' dir='ltr'><strong>ex</strong></span> <span class='ocrx_word' id='word_1_445' title='bbox 740 3050 889 3098; x_wconf 85' lang='lat' dir='ltr'><strong>tanta</strong></span> <span class='ocrx_word' id='word_1_446' title='bbox 923 3042 1203 3099; x_wconf 87' lang='lat' dir='ltr'><strong>hominum</strong></span> <span class='ocrx_word' id='word_1_447' title='bbox 1245 3046 1609 3113; x_wconf 89' lang='lat' dir='ltr'><strong>multitudine,</strong></span> <span class='ocrx_word' id='word_1_448' title='bbox 1644 3057 1752 3103; x_wconf 89' lang='lat' dir='ltr'><strong>tam</strong></span> <span class='ocrx_word' id='word_1_449' title='bbox 1779 3065 1976 3120; x_wconf 88' lang='lat' dir='ltr'><strong>magno</strong></span> <span class='ocrx_word' id='word_1_450' title='bbox 2003 3055 2044 3112; x_wconf 87' lang='lat' dir='ltr'><strong>C</strong></span> <span class='ocrx_word' id='word_1_451' title='bbox 2079 3061 2133 3106; x_wconf 91' lang='lat' dir='ltr'><strong>et</strong></span> <span class='ocrx_word' id='word_1_452' title='bbox 2166 3051 2404 3105; x_wconf 89' lang='lat' dir='ltr'><strong>hominis</strong></span> <span class='ocrx_word' id='word_1_453' title='bbox 2436 3047 2628 3113; x_wconf 87' lang='lat' dir='ltr'><strong>Filius,</strong></span> <span class='ocrx_word' id='word_1_454' title='bbox 2671 3048 2740 3103; x_wconf 86' lang='lat' dir='ltr'><strong>ab</strong></span> <span class='ocrx_word' id='word_1_455' title='bbox 2793 3046 2948 3102; x_wconf 91' lang='lat' dir='ltr'><strong>initio</strong></span> <span class='ocrx_word' id='word_1_456' title='bbox 3001 3043 3170 3099; x_wconf 81' lang='lat' dir='ltr'><strong>Filius.</strong></span> <span class='ocrx_word' id='word_1_457' title='bbox 3205 3044 3445 3100; x_wconf 89' lang='lat' dir='ltr'><strong>dicitur:</strong></span> <span class='ocrx_word' id='word_1_458' title='bbox 3496 3052 3552 3096; x_wconf 90' lang='lat' dir='ltr'><strong>et</strong></span> <span class='ocrx_word' id='word_1_459' title='bbox 3584 3051 3646 3098; x_wconf 90' lang='lat' dir='ltr'><strong>ut</strong></span> 
     </span>
    </p>
   </div>
   <div class='ocr_carea' id='block_1_60' title="bbox 410 3133 1980 3210">
    <p class='ocr_par' dir='ltr' id='par_1_60' title="bbox 410 3133 1980 3210">
     <span class='ocr_line' id='line_1_60' title="bbox 410 3133 1980 3210; baseline 0.008 -25"><span class='ocrx_word' id='word_1_460' title='bbox 410 3140 632 3201; x_wconf 85' lang='lat' dir='ltr'><strong>accepto</strong></span> <span class='ocrx_word' id='word_1_461' title='bbox 661 3133 853 3188; x_wconf 92' lang='lat' dir='ltr'><strong>nuntio</strong></span> <span class='ocrx_word' id='word_1_462' title='bbox 882 3133 1086 3190; x_wconf 80' lang='lat' dir='ltr'><strong>dixisse</strong></span> <span class='ocrx_word' id='word_1_463' title='bbox 1118 3153 1132 3189; x_wconf 87' lang='lat'><strong>:</strong></span> <span class='ocrx_word' id='word_1_464' title='bbox 1173 3138 1231 3192; x_wconf 89' lang='lat' dir='ltr'><strong>lu</strong></span> <span class='ocrx_word' id='word_1_465' title='bbox 1270 3137 1510 3194; x_wconf 80' lang='lat' dir='ltr'><strong>Judaeam</strong></span> <span class='ocrx_word' id='word_1_466' title='bbox 1557 3141 1892 3210; x_wconf 74' lang='lat' dir='ltr'><strong>proﬁciscar,</strong></span> <span class='ocrx_word' id='word_1_467' title='bbox 1921 3152 1980 3198; x_wconf 90' lang='lat' dir='ltr'><strong>ut</strong></span> 
     </span>
    </p>
   </div>
   <div class='ocr_carea' id='block_1_61' title="bbox 410 3229 1976 3303">
    <p class='ocr_par' dir='ltr' id='par_1_61' title="bbox 410 3229 1976 3303">
     <span class='ocr_line' id='line_1_61' title="bbox 410 3229 1976 3303; baseline 0.006 -24"><span class='ocrx_word' id='word_1_468' title='bbox 410 3239 757 3294; x_wconf 90' lang='lat' dir='ltr'><strong>cognoscam,</strong></span> <span class='ocrx_word' id='word_1_469' title='bbox 773 3235 954 3281; x_wconf 91' lang='lat' dir='ltr'><strong>utrum</strong></span> <span class='ocrx_word' id='word_1_470' title='bbox 975 3229 1078 3283; x_wconf 91' lang='lat' dir='ltr'><strong>iste</strong></span> <span class='ocrx_word' id='word_1_471' title='bbox 1103 3230 1217 3284; x_wconf 71' lang='lat' dir='ltr'><strong>[nec</strong></span> <span class='ocrx_word' id='word_1_472' title='bbox 1240 3230 1522 3299; x_wconf 81' lang='lat' dir='ltr'><strong>proferens</strong></span> <span class='ocrx_word' id='word_1_473' title='bbox 1544 3247 1666 3287; x_wconf 85' lang='lat' dir='ltr'><strong>vera</strong></span> <span class='ocrx_word' id='word_1_474' title='bbox 1691 3233 1976 3303; x_wconf 87' lang='lat' dir='ltr'><strong>loquatur;</strong></span> 
     </span>
    </p>
   </div>
   <div class='ocr_carea' id='block_1_62' title="bbox 412 3316 1979 3394">
    <p class='ocr_par' dir='ltr' id='par_1_62' title="bbox 412 3316 1979 3394">
     <span class='ocr_line' id='line_1_62' title="bbox 412 3316 1979 3394; baseline 0.008 -25"><span class='ocrx_word' id='word_1_475' title='bbox 412 3332 606 3386; x_wconf 89' lang='lat' dir='ltr'><strong>nempe</strong></span> <span class='ocrx_word' id='word_1_476' title='bbox 649 3316 739 3370; x_wconf 83' lang='grc' dir='ltr'><strong>ὅτι</strong></span> <span class='ocrx_word' id='word_1_477' title='bbox 785 3318 913 3384; x_wconf 79' lang='grc' dir='ltr'><em>Υἱὸς</em></span> <span class='ocrx_word' id='word_1_478' title='bbox 946 3319 1093 3374; x_wconf 84' lang='grc' dir='ltr'><strong>Θεοῦ</strong></span> <span class='ocrx_word' id='word_1_479' title='bbox 1121 3321 1554 3392; x_wconf 81' lang='grc' dir='ltr'><strong>ἐπιδεδήμηκεν</strong></span> <span class='ocrx_word' id='word_1_480' title='bbox 1585 3325 1661 3394; x_wconf 77' lang='grc' dir='ltr'><em>τῇ</em></span> <span class='ocrx_word' id='word_1_481' title='bbox 1702 3327 1979 3394; x_wconf 80' lang='grc' dir='ltr'><em>Ἰουδαίᾳ,</em></span> 
     </span>
    </p>
   </div>
   <div class='ocr_carea' id='block_1_63' title="bbox 417 3406 1978 3474">
    <p class='ocr_par' dir='ltr' id='par_1_63' title="bbox 417 3406 1978 3474">
     <span class='ocr_line' id='line_1_63' title="bbox 417 3406 1978 3474; baseline 0.009 -14"><span class='ocrx_word' id='word_1_482' title='bbox 417 3425 436 3460; x_wconf 74' lang='grc' dir='ltr'><strong>ι</strong></span> <span class='ocrx_word' id='word_1_483' title='bbox 474 3406 522 3460; x_wconf 90' lang='lat' dir='ltr'><em>F</em></span> <span class='ocrx_word' id='word_1_484' title='bbox 526 3408 678 3462; x_wconf 86' lang='lat' dir='ltr'><strong>ilium</strong></span> <span class='ocrx_word' id='word_1_485' title='bbox 723 3409 818 3464; x_wconf 88' lang='lat' dir='ltr'><strong>Dei</strong></span> <span class='ocrx_word' id='word_1_486' title='bbox 845 3410 903 3464; x_wconf 86' lang='lat' dir='ltr'><strong>in</strong></span> <span class='ocrx_word' id='word_1_487' title='bbox 927 3409 1174 3467; x_wconf 69' lang='lat' dir='ltr'><strong>Judleam</strong></span> <span class='ocrx_word' id='word_1_488' title='bbox 1201 3416 1490 3471; x_wconf 81' lang='lat' dir='ltr'><strong>advenisse.</strong></span> <span class='ocrx_word' id='word_1_489' title='bbox 1541 3436 1553 3468; x_wconf 81' lang='grc' dir='ltr'><strong>ι</strong></span> <span class='ocrx_word' id='word_1_490' title='bbox 1597 3416 1768 3473; x_wconf 87' lang='lat' dir='ltr'><strong>Tanta</strong></span> <span class='ocrx_word' id='word_1_491' title='bbox 1799 3418 1978 3474; x_wconf 88' lang='lat' dir='ltr'><strong>admi-</strong></span> 
     </span>
    </p>
   </div>
   <div class='ocr_carea' id='block_1_64' title="bbox 410 3500 1975 3579">
    <p class='ocr_par' dir='ltr' id='par_1_64' title="bbox 410 3500 1975 3579">
     <span class='ocr_line' id='line_1_64' title="bbox 410 3500 1975 3579; baseline 0.009 -26"><span class='ocrx_word' id='word_1_492' title='bbox 410 3500 550 3555; x_wconf 87' lang='lat' dir='ltr'><strong>ratio</strong></span> <span class='ocrx_word' id='word_1_493' title='bbox 578 3501 648 3556; x_wconf 90' lang='lat' dir='ltr'><strong>ob</strong></span> <span class='ocrx_word' id='word_1_494' title='bbox 683 3501 988 3558; x_wconf 90' lang='lat' dir='ltr'><strong>nuntiatum</strong></span> <span class='ocrx_word' id='word_1_495' title='bbox 1035 3505 1154 3560; x_wconf 85' lang='lat' dir='ltr'><strong>Filii</strong></span> <span class='ocrx_word' id='word_1_496' title='bbox 1189 3505 1282 3562; x_wconf 90' lang='lat' dir='ltr'><strong>Dei</strong></span> <span class='ocrx_word' id='word_1_497' title='bbox 1315 3508 1368 3563; x_wconf 90' lang='lat' dir='ltr'><strong>in</strong></span> <span class='ocrx_word' id='word_1_498' title='bbox 1395 3507 1636 3564; x_wconf 65' lang='lat' dir='ltr'><strong>Iudaeam</strong></span> <span class='ocrx_word' id='word_1_499' title='bbox 1659 3512 1975 3579; x_wconf 71' lang='lat' dir='ltr'><strong>adventurm,</strong></span> 
     </span>
    </p>
   </div>
   <div class='ocr_carea' id='block_1_65' title="bbox 410 3593 1975 3670">
    <p class='ocr_par' dir='ltr' id='par_1_65' title="bbox 410 3593 1975 3670">
     <span class='ocr_line' id='line_1_65' title="bbox 410 3593 1975 3670; baseline 0.008 -23"><span class='ocrx_word' id='word_1_500' title='bbox 410 3606 537 3647; x_wconf 90' lang='lat' dir='ltr'><strong>cum</strong></span> <span class='ocrx_word' id='word_1_501' title='bbox 566 3593 687 3662; x_wconf 89' lang='lat' dir='ltr'><strong>ejus</strong></span> <span class='ocrx_word' id='word_1_502' title='bbox 731 3595 1184 3662; x_wconf 76' lang='lat' dir='ltr'><strong>prasexistentiam</strong></span> <span class='ocrx_word' id='word_1_503' title='bbox 1221 3600 1484 3668; x_wconf 71' lang='lat' dir='ltr'><strong>praeclare</strong></span> <span class='ocrx_word' id='word_1_504' title='bbox 1509 3601 1765 3670; x_wconf 79' lang='lat' dir='ltr'><strong>exprimit</strong></span> <span class='ocrx_word' id='word_1_505' title='bbox 1791 3603 1975 3666; x_wconf 80' lang='lat' dir='ltr'><strong>(nemo</strong></span> 
     </span>
    </p>
   </div>
   <div class='ocr_carea' id='block_1_66' title="bbox 409 3684 1977 3759">
    <p class='ocr_par' dir='ltr' id='par_1_66' title="bbox 409 3684 1977 3759">
     <span class='ocr_line' id='line_1_66' title="bbox 409 3684 1977 3759; baseline 0.008 -21"><span class='ocrx_word' id='word_1_506' title='bbox 409 3684 557 3739; x_wconf 84' lang='lat' dir='ltr'><strong>enim</strong></span> <span class='ocrx_word' id='word_1_507' title='bbox 605 3684 806 3740; x_wconf 84' lang='lat' dir='ltr'><strong>dixerit</strong></span> <span class='ocrx_word' id='word_1_508' title='bbox 847 3685 1038 3742; x_wconf 89' lang='lat' dir='ltr'><strong>Isaiam</strong></span> <span class='ocrx_word' id='word_1_509' title='bbox 1095 3692 1414 3759; x_wconf 84' lang='lat' dir='ltr'><strong>prophetam</strong></span> <span class='ocrx_word' id='word_1_510' title='bbox 1463 3692 1748 3750; x_wconf 89' lang='lat' dir='ltr'><strong>advenisse</strong></span> <span class='ocrx_word' id='word_1_511' title='bbox 1787 3695 1840 3750; x_wconf 92' lang='lat' dir='ltr'><strong>in</strong></span> <span class='ocrx_word' id='word_1_512' title='bbox 1879 3697 1977 3752; x_wconf 82' lang='lat' dir='ltr'><strong>Ju-</strong></span> 
     </span>
    </p>
   </div>
   <div class='ocr_carea' id='block_1_67' title="bbox 409 3775 1976 3857">
    <p class='ocr_par' dir='ltr' id='par_1_67' title="bbox 409 3775 1976 3857">
     <span class='ocr_line' id='line_1_67' title="bbox 409 3775 1976 3857; baseline 0.01 -27"><span class='ocrx_word' id='word_1_513' title='bbox 409 3775 626 3846; x_wconf 67' lang='lat' dir='ltr'><strong>daaaut),</strong></span> <span class='ocrx_word' id='word_1_514' title='bbox 683 3786 796 3832; x_wconf 90' lang='lat' dir='ltr'><strong>tum</strong></span> <span class='ocrx_word' id='word_1_515' title='bbox 849 3794 1103 3850; x_wconf 87' lang='lat' dir='ltr'><strong>magnum</strong></span> <span class='ocrx_word' id='word_1_516' title='bbox 1157 3783 1376 3852; x_wconf 87' lang='lat' dir='ltr'><strong>aliquod</strong></span> <span class='ocrx_word' id='word_1_517' title='bbox 1424 3787 1740 3857; x_wconf 86' lang='lat' dir='ltr'><strong>mysterium</strong></span> <span class='ocrx_word' id='word_1_518' title='bbox 1791 3790 1976 3846; x_wconf 88' lang='lat' dir='ltr'><strong>animo</strong></span> 
     </span>
    </p>
   </div>
   <div class='ocr_carea' id='block_1_68' title="bbox 410 3871 1974 3950">
    <p class='ocr_par' dir='ltr' id='par_1_68' title="bbox 410 3871 1974 3950">
     <span class='ocr_line' id='line_1_68' title="bbox 410 3871 1974 3950; baseline 0.007 -24"><span class='ocrx_word' id='word_1_519' title='bbox 410 3871 690 3926; x_wconf 82' lang='lat' dir='ltr'><strong>observari</strong></span> <span class='ocrx_word' id='word_1_520' title='bbox 719 3872 1078 3936; x_wconf 86' lang='lat' dir='ltr'><strong>demonstrat,</strong></span> <span class='ocrx_word' id='word_1_521' title='bbox 1097 3876 1241 3944; x_wconf 91' lang='lat' dir='ltr'><strong>quod</strong></span> <span class='ocrx_word' id='word_1_522' title='bbox 1273 3892 1303 3950; x_wconf 58' lang='grc' dir='ltr'>β</span> <span class='ocrx_word' id='word_1_523' title='bbox 1334 3875 1644 3934; x_wconf 86' lang='lat' dir='ltr'><strong>Socinianis</strong></span> <span class='ocrx_word' id='word_1_524' title='bbox 1671 3886 1726 3935; x_wconf 93' lang='lat' dir='ltr'><strong>et</strong></span> <span class='ocrx_word' id='word_1_525' title='bbox 1753 3880 1974 3938; x_wconf 80' lang='lat' dir='ltr'><strong>Arianis</strong></span> 
     </span>
    </p>
   </div>
   <div class='ocr_carea' id='block_1_69' title="bbox 410 3965 1231 4036">
    <p class='ocr_par' dir='ltr' id='par_1_69' title="bbox 410 3965 1231 4036">
     <span class='ocr_line' id='line_1_69' title="bbox 410 3965 1231 4036; baseline -0.001 -15"><span class='ocrx_word' id='word_1_526' title='bbox 410 3966 735 4021; x_wconf 86' lang='lat' dir='ltr'><strong>commentis</strong></span> <span class='ocrx_word' id='word_1_527' title='bbox 765 3965 922 4036; x_wconf 87' lang='lat' dir='ltr'><strong>longe</strong></span> <span class='ocrx_word' id='word_1_528' title='bbox 944 3965 1231 4035; x_wconf 87' lang='lat' dir='ltr'><strong>discrepet.</strong></span> 
     </span>
    </p>
   </div>
   <div class='ocr_carea' id='block_1_70' title="bbox 485 4056 1976 4134">
    <p class='ocr_par' dir='ltr' id='par_1_70' title="bbox 485 4056 1976 4134">
     <span class='ocr_line' id='line_1_70' title="bbox 485 4056 1976 4134; baseline 0.007 -26"><span class='ocrx_word' id='word_1_529' title='bbox 485 4076 505 4108; x_wconf 74' lang='grc' dir='ltr'><strong>ι</strong></span> <span class='ocrx_word' id='word_1_530' title='bbox 550 4056 686 4112; x_wconf 90' lang='lat' dir='ltr'><strong>Cum</strong></span> <span class='ocrx_word' id='word_1_531' title='bbox 729 4061 831 4112; x_wconf 89' lang='lat' dir='ltr'><strong>hac</strong></span> <span class='ocrx_word' id='word_1_532' title='bbox 879 4057 997 4111; x_wconf 86' lang='lat' dir='ltr'><strong>Filii</strong></span> <span class='ocrx_word' id='word_1_533' title='bbox 1054 4057 1146 4112; x_wconf 86' lang='lat' dir='ltr'><strong>Dei</strong></span> <span class='ocrx_word' id='word_1_534' title='bbox 1197 4059 1417 4114; x_wconf 91' lang='lat' dir='ltr'><strong>notione</strong></span> <span class='ocrx_word' id='word_1_535' title='bbox 1471 4062 1698 4118; x_wconf 77' lang='lat' dir='ltr'><strong>miriﬁce</strong></span> <span class='ocrx_word' id='word_1_536' title='bbox 1743 4063 1976 4134; x_wconf 88' lang='lat' dir='ltr'><strong>quadrat</strong></span> 
     </span>
    </p>
   </div>
   <div class='ocr_carea' id='block_1_71' title="bbox 411 4149 1975 4219">
    <p class='ocr_par' dir='ltr' id='par_1_71' title="bbox 411 4149 1975 4219">
     <span class='ocr_line' id='line_1_71' title="bbox 411 4149 1975 4219; baseline 0.006 -18"><span class='ocrx_word' id='word_1_537' title='bbox 411 4149 552 4219; x_wconf 89' lang='lat' dir='ltr'><strong>quod</strong></span> <span class='ocrx_word' id='word_1_538' title='bbox 600 4164 760 4203; x_wconf 84' lang='lat' dir='ltr'><strong>verus</strong></span> <span class='ocrx_word' id='word_1_539' title='bbox 789 4149 1058 4218; x_wconf 85' lang='lat' dir='ltr'><strong>PrOpheta</strong></span> <span class='ocrx_word' id='word_1_540' title='bbox 1097 4151 1228 4219; x_wconf 78' lang='lat' dir='ltr'><strong>(quo</strong></span> <span class='ocrx_word' id='word_1_541' title='bbox 1270 4152 1488 4206; x_wconf 88' lang='lat' dir='ltr'><strong>nomine</strong></span> <span class='ocrx_word' id='word_1_542' title='bbox 1524 4151 1802 4208; x_wconf 88' lang='lat' dir='ltr'><strong>Christum</strong></span> <span class='ocrx_word' id='word_1_543' title='bbox 1832 4155 1975 4210; x_wconf 90' lang='lat' dir='ltr'><strong>desi-</strong></span> 
     </span>
    </p>
   </div>
   <div class='ocr_carea' id='block_1_72' title="bbox 412 4241 1969 4317">
    <p class='ocr_par' dir='ltr' id='par_1_72' title="bbox 412 4241 1969 4317">
     <span class='ocr_line' id='line_1_72' title="bbox 412 4241 1969 4317; baseline 0.006 -24"><span class='ocrx_word' id='word_1_544' title='bbox 412 4241 562 4311; x_wconf 83' lang='lat' dir='ltr'><strong>gnat)</strong></span> <span class='ocrx_word' id='word_1_545' title='bbox 589 4241 738 4295; x_wconf 62' lang='lat' dir='ltr'><strong>visus</strong></span> <span class='ocrx_word' id='word_1_546' title='bbox 761 4256 883 4296; x_wconf 84' lang='lat' dir='ltr'><strong>esse</strong></span> <span class='ocrx_word' id='word_1_547' title='bbox 907 4241 1139 4296; x_wconf 70' lang='lat' dir='ltr'><strong>Abrahae</strong></span> <span class='ocrx_word' id='word_1_548' title='bbox 1165 4242 1364 4297; x_wconf 88' lang='lat' dir='ltr'><strong>dicitur</strong></span> <span class='ocrx_word' id='word_1_549' title='bbox 1398 4244 1491 4298; x_wconf 88' lang='lat' dir='ltr'><strong>lib.</strong></span> <span class='ocrx_word' id='word_1_550' title='bbox 1525 4261 1540 4298; x_wconf 89' lang='grc' dir='ltr'><strong>ι</strong></span> <span class='ocrx_word' id='word_1_551' title='bbox 1569 4243 1819 4317; x_wconf 85' lang='lat' dir='ltr'><strong>Recogn.,</strong></span> <span class='ocrx_word' id='word_1_552' title='bbox 1849 4262 1969 4317; x_wconf 88' lang='lat' dir='ltr'><strong>cap.</strong></span> 
     </span>
    </p>
   </div>
   <div class='ocr_carea' id='block_1_73' title="bbox 410 4333 1968 4408">
    <p class='ocr_par' dir='ltr' id='par_1_73' title="bbox 410 4333 1968 4408">
     <span class='ocr_line' id='line_1_73' title="bbox 410 4333 1968 4408; baseline 0.004 -20"><span class='ocrx_word' id='word_1_553' title='bbox 410 4335 499 4388; x_wconf 76' lang='lat'><strong>53.</strong></span> <span class='ocrx_word' id='word_1_554' title='bbox 557 4334 818 4388; x_wconf 88' lang='lat' dir='ltr'><strong>Similiter</strong></span> <span class='ocrx_word' id='word_1_555' title='bbox 873 4333 1004 4388; x_wconf 83' lang='lat' dir='ltr'><strong>Mosi</strong></span> <span class='ocrx_word' id='word_1_556' title='bbox 1060 4337 1380 4404; x_wconf 85' lang='lat' dir='ltr'><strong>apparuisse</strong></span> <span class='ocrx_word' id='word_1_557' title='bbox 1431 4347 1683 4392; x_wconf 87' lang='lat' dir='ltr'><strong>narratur</strong></span> <span class='ocrx_word' id='word_1_558' title='bbox 1716 4353 1834 4408; x_wconf 90' lang='lat' dir='ltr'><strong>cap.</strong></span> <span class='ocrx_word' id='word_1_559' title='bbox 1879 4339 1968 4394; x_wconf 72' lang='grc'><strong>54.</strong></span> 
     </span>
    </p>
   </div>
   <div class='ocr_carea' id='block_1_74' title="bbox 409 4403 2047 4497">
    <p class='ocr_par' dir='ltr' id='par_1_74' title="bbox 409 4403 2047 4497">
     <span class='ocr_line' id='line_1_74' title="bbox 409 4403 2047 4497; baseline 0.005 -17"><span class='ocrx_word' id='word_1_560' title='bbox 409 4427 732 4496; x_wconf 84' lang='lat' dir='ltr'><strong>Quicunque</strong></span> <span class='ocrx_word' id='word_1_561' title='bbox 782 4443 969 4482; x_wconf 91' lang='lat' dir='ltr'><strong>verum</strong></span> <span class='ocrx_word' id='word_1_562' title='bbox 1001 4429 1069 4483; x_wconf 88' lang='lat' dir='ltr'><strong>ab</strong></span> <span class='ocrx_word' id='word_1_563' title='bbox 1095 4403 1160 4483; x_wconf 89' lang='lat' dir='ltr'><strong>eo</strong></span> <span class='ocrx_word' id='word_1_564' title='bbox 1201 4444 1306 4483; x_wconf 92' lang='lat' dir='ltr'><strong>non</strong></span> <span class='ocrx_word' id='word_1_565' title='bbox 1344 4429 1696 4497; x_wconf 89' lang='lat' dir='ltr'><strong>didicerunt,</strong></span> <span class='ocrx_word' id='word_1_566' title='bbox 1738 4403 1798 4485; x_wconf 83' lang='lat' dir='ltr'><strong>hi</strong></span> <span class='ocrx_word' id='word_1_567' title='bbox 1839 4432 1972 4488; x_wconf 90' lang='lat' dir='ltr'><strong>illud</strong></span> <span class='ocrx_word' id='word_1_568' title='bbox 2002 4403 2047 4458; x_wconf 67' lang='grc' dir='ltr'><strong>θ</strong></span> 
     </span>
    </p>
   </div>
   <div class='ocr_carea' id='block_1_75' title="bbox 408 4520 1969 4589">
    <p class='ocr_par' dir='ltr' id='par_1_75' title="bbox 408 4520 1969 4589">
     <span class='ocr_line' id='line_1_75' title="bbox 408 4520 1969 4589; baseline 0.003 -16"><span class='ocrx_word' id='word_1_569' title='bbox 408 4535 517 4574; x_wconf 91' lang='lat' dir='ltr'><strong>non</strong></span> <span class='ocrx_word' id='word_1_570' title='bbox 542 4520 816 4574; x_wconf 80' lang='lat' dir='ltr'><strong>invenisse</strong></span> <span class='ocrx_word' id='word_1_571' title='bbox 842 4528 1218 4589; x_wconf 68' lang='lat' dir='ltr'><strong>etquaarentes</strong></span> <span class='ocrx_word' id='word_1_572' title='bbox 1245 4520 1450 4575; x_wconf 84' lang='lat' dir='ltr'><strong>obiisse</strong></span> <span class='ocrx_word' id='word_1_573' title='bbox 1471 4521 1752 4589; x_wconf 91' lang='lat' dir='ltr'><strong>dicuntur,</strong></span> <span class='ocrx_word' id='word_1_574' title='bbox 1779 4523 1969 4578; x_wconf 91' lang='lat' dir='ltr'><strong>homil.</strong></span> 
     </span>
    </p>
   </div>
   <div class='ocr_carea' id='block_1_76' title="bbox 409 4610 1976 4681">
    <p class='ocr_par' dir='ltr' id='par_1_76' title="bbox 409 4610 1976 4681">
     <span class='ocr_line' id='line_1_76' title="bbox 409 4610 1976 4681; baseline 0.004 -18"><span class='ocrx_word' id='word_1_575' title='bbox 409 4625 467 4674; x_wconf 88' lang='grc' dir='ltr'><strong><em>ιι,</em></strong></span> <span class='ocrx_word' id='word_1_576' title='bbox 512 4627 630 4681; x_wconf 89' lang='lat' dir='ltr'><strong>cap.</strong></span> <span class='ocrx_word' id='word_1_577' title='bbox 661 4611 694 4664; x_wconf 89' lang='lat'><strong>6</strong></span> <span class='ocrx_word' id='word_1_578' title='bbox 741 4629 755 4666; x_wconf 86' lang='lat'><strong>:</strong></span> <span class='ocrx_word' id='word_1_579' title='bbox 798 4611 968 4664; x_wconf 86' lang='grc' dir='ltr'><em>’Ὀσοι</em></span> <span class='ocrx_word' id='word_1_580' title='bbox 1017 4611 1162 4664; x_wconf 79' lang='grc' dir='ltr'><em>ποτὲ</em></span> <span class='ocrx_word' id='word_1_581' title='bbox 1191 4610 1477 4677; x_wconf 73' lang='grc' dir='ltr'><em>ἀλήθειαν</em></span> <span class='ocrx_word' id='word_1_582' title='bbox 1506 4612 1724 4681; x_wconf 76' lang='grc' dir='ltr'><em>γνῶναι</em></span> <span class='ocrx_word' id='word_1_583' title='bbox 1767 4615 1976 4669; x_wconf 84' lang='grc' dir='ltr'><em>ἐπεθύ-</em></span> 
     </span>
    </p>
   </div>
   <div class='ocr_carea' id='block_1_77' title="bbox 401 4701 1972 4774">
    <p class='ocr_par' dir='ltr' id='par_1_77' title="bbox 401 4701 1972 4774">
     <span class='ocr_line' id='line_1_77' title="bbox 401 4701 1972 4774; baseline 0.001 -17"><span class='ocrx_word' id='word_1_584' title='bbox 401 4720 628 4772; x_wconf 80' lang='grc' dir='ltr'><em>μησαν,</em></span> <span class='ocrx_word' id='word_1_585' title='bbox 659 4703 816 4772; x_wconf 78' lang='grc' dir='ltr'><em>παρὰ</em></span> <span class='ocrx_word' id='word_1_586' title='bbox 829 4701 896 4756; x_wconf 80' lang='grc' dir='ltr'><strong>δὲ</strong></span> <span class='ocrx_word' id='word_1_587' title='bbox 919 4704 1131 4756; x_wconf 88' lang='grc' dir='ltr'><em>τούτου</em></span> <span class='ocrx_word' id='word_1_588' title='bbox 1143 4701 1354 4772; x_wconf 81' lang='grc' dir='ltr'><em>μαθεῖν</em></span> <span class='ocrx_word' id='word_1_589' title='bbox 1372 4703 1565 4772; x_wconf 82' lang='grc' dir='ltr'><em>αὐτὴν</em></span> <span class='ocrx_word' id='word_1_590' title='bbox 1582 4706 1693 4758; x_wconf 80' lang='grc' dir='ltr'><em>οὐκ</em></span> <span class='ocrx_word' id='word_1_591' title='bbox 1721 4707 1972 4774; x_wconf 83' lang='grc' dir='ltr'><em>εὐτύχη-</em></span> 
     </span>
    </p>
   </div>
   <div class='ocr_carea' id='block_1_78' title="bbox 405 4793 1774 4866">
    <p class='ocr_par' dir='ltr' id='par_1_78' title="bbox 405 4793 1774 4866">
     <span class='ocr_line' id='line_1_78' title="bbox 405 4793 1774 4866; baseline 0.003 -18"><span class='ocrx_word' id='word_1_592' title='bbox 405 4810 547 4862; x_wconf 85' lang='grc' dir='ltr'><em>σαν,</em></span> <span class='ocrx_word' id='word_1_593' title='bbox 576 4796 661 4866; x_wconf 75' lang='grc' dir='ltr'><em>μὴ</em></span> <span class='ocrx_word' id='word_1_594' title='bbox 693 4796 988 4864; x_wconf 84' lang='grc' dir='ltr'><em>εὑρόντες,</em></span> <span class='ocrx_word' id='word_1_595' title='bbox 1019 4793 1329 4860; x_wconf 70' lang='grc' dir='ltr'><em>ζητοῦντες</em></span> <span class='ocrx_word' id='word_1_596' title='bbox 1357 4794 1774 4866; x_wconf 78' lang='grc' dir='ltr'><strong>ἐτελεύτησαν.</strong></span> 
     </span>
    </p>
   </div>
   <div class='ocr_carea' id='block_1_79' title="bbox 484 4885 1970 4958">
    <p class='ocr_par' dir='ltr' id='par_1_79' title="bbox 484 4885 1970 4958">
     <span class='ocr_line' id='line_1_79' title="bbox 484 4885 1970 4958; baseline 0.004 -20"><span class='ocrx_word' id='word_1_597' title='bbox 484 4906 503 4938; x_wconf 71' lang='grc' dir='ltr'><strong>ι</strong></span> <span class='ocrx_word' id='word_1_598' title='bbox 553 4888 742 4943; x_wconf 85' lang='lat' dir='ltr'><strong>Simon</strong></span> <span class='ocrx_word' id='word_1_599' title='bbox 796 4887 986 4958; x_wconf 80' lang='lat' dir='ltr'><strong>Magus</strong></span> <span class='ocrx_word' id='word_1_600' title='bbox 1036 4885 1224 4938; x_wconf 90' lang='lat' dir='ltr'><strong>homil.</strong></span> <span class='ocrx_word' id='word_1_601' title='bbox 1275 4902 1404 4952; x_wconf 81' lang='lat' dir='ltr'><strong>xvu,</strong></span> <span class='ocrx_word' id='word_1_602' title='bbox 1449 4903 1568 4957; x_wconf 90' lang='lat' dir='ltr'><strong>cap.</strong></span> <span class='ocrx_word' id='word_1_603' title='bbox 1611 4889 1665 4951; x_wconf 64' lang='grc' dir='ltr'><em>Δ,</em></span> <span class='ocrx_word' id='word_1_604' title='bbox 1698 4896 1759 4943; x_wconf 80' lang='grc' dir='ltr'><strong>ιιι</strong></span> <span class='ocrx_word' id='word_1_605' title='bbox 1783 4888 1970 4956; x_wconf 83' lang='lat' dir='ltr'><strong>probet</strong></span> 
     </span>
    </p>
   </div>
   <div class='ocr_carea' id='block_1_80' title="bbox 408 4975 1969 5045">
    <p class='ocr_par' dir='ltr' id='par_1_80' title="bbox 408 4975 1969 5045">
     <span class='ocr_line' id='line_1_80' title="bbox 408 4975 1969 5045; baseline 0.001 -12"><span class='ocrx_word' id='word_1_606' title='bbox 408 4975 579 5034; x_wconf 85' lang='lat' dir='ltr'><strong>Deum</strong></span> <span class='ocrx_word' id='word_1_607' title='bbox 624 4990 751 5035; x_wconf 89' lang='lat' dir='ltr'><strong>ante</strong></span> <span class='ocrx_word' id='word_1_608' title='bbox 801 4981 1138 5045; x_wconf 79' lang='lat' dir='ltr'><strong>incognitum</strong></span> <span class='ocrx_word' id='word_1_609' title='bbox 1176 4996 1206 5033; x_wconf 89' lang='lat' dir='ltr'><strong>a</strong></span> <span class='ocrx_word' id='word_1_610' title='bbox 1235 4979 1456 5034; x_wconf 90' lang='lat' dir='ltr'><strong>Christo</strong></span> <span class='ocrx_word' id='word_1_611' title='bbox 1502 4980 1834 5045; x_wconf 88' lang='lat' dir='ltr'><strong>nuntiatum,</strong></span> <span class='ocrx_word' id='word_1_612' title='bbox 1883 4980 1969 5035; x_wconf 90' lang='lat' dir='ltr'><strong>his</strong></span> 
     </span>
    </p>
   </div>
   <div class='ocr_carea' id='block_1_81' title="bbox 407 5070 1972 5136">
    <p class='ocr_par' dir='ltr' id='par_1_81' title="bbox 407 5070 1972 5136">
     <span class='ocr_line' id='line_1_81' title="bbox 407 5070 1972 5136; baseline -0.001 -11"><span class='ocrx_word' id='word_1_613' title='bbox 407 5072 588 5126; x_wconf 78' lang='lat' dir='ltr'><strong>verbis</strong></span> <span class='ocrx_word' id='word_1_614' title='bbox 628 5072 798 5125; x_wconf 90' lang='lat' dir='ltr'><strong>utitur</strong></span> <span class='ocrx_word' id='word_1_615' title='bbox 836 5091 849 5126; x_wconf 93' lang='lat'>:</span> <span class='ocrx_word' id='word_1_616' title='bbox 885 5072 1052 5125; x_wconf 83' lang='lat' dir='ltr'><strong>Nemo</strong></span> <span class='ocrx_word' id='word_1_617' title='bbox 1095 5072 1234 5124; x_wconf 81' lang='lat' dir='ltr'><strong>norit</strong></span> <span class='ocrx_word' id='word_1_618' title='bbox 1292 5071 1503 5124; x_wconf 72' lang='lat' dir='ltr'><strong>Patrem</strong></span> <span class='ocrx_word' id='word_1_619' title='bbox 1527 5111 1542 5136; x_wconf 95' lang='lat'><strong>,</strong></span> <span class='ocrx_word' id='word_1_620' title='bbox 1594 5071 1697 5124; x_wconf 85' lang='lat' dir='ltr'><strong>nisi</strong></span> <span class='ocrx_word' id='word_1_621' title='bbox 1753 5070 1972 5133; x_wconf 78' lang='lat' dir='ltr'><strong>Filius;</strong></span> 
     </span>
    </p>
   </div>
   <div class='ocr_carea' id='block_1_82' title="bbox 404 5163 1968 5233">
    <p class='ocr_par' dir='ltr' id='par_1_82' title="bbox 404 5163 1968 5233">
     <span class='ocr_line' id='line_1_82' title="bbox 404 5163 1968 5233; baseline 0.001 -15"><span class='ocrx_word' id='word_1_622' title='bbox 404 5175 519 5219; x_wconf 85' lang='lat' dir='ltr'><strong>tum</strong></span> <span class='ocrx_word' id='word_1_623' title='bbox 541 5165 688 5219; x_wconf 86' lang='lat' dir='ltr'><strong>addit</strong></span> <span class='ocrx_word' id='word_1_624' title='bbox 711 5183 723 5218; x_wconf 89' lang='lat'>:</span> <span class='ocrx_word' id='word_1_625' title='bbox 747 5167 817 5218; x_wconf 84' lang='lat' dir='ltr'><strong>El</strong></span> <span class='ocrx_word' id='word_1_626' title='bbox 847 5165 1151 5231; x_wconf 79' lang='grc' dir='ltr'><em>οὖναύτὸς</em></span> <span class='ocrx_word' id='word_1_627' title='bbox 1163 5165 1292 5230; x_wconf 75' lang='grc' dir='ltr'><em>Υἱὸς</em></span> <span class='ocrx_word' id='word_1_628' title='bbox 1310 5163 1389 5233; x_wconf 83' lang='grc' dir='ltr'><em>ἦν</em></span> <span class='ocrx_word' id='word_1_629' title='bbox 1407 5168 1438 5218; x_wconf 86' lang='grc' dir='ltr'><strong><em>ό</em></strong></span> <span class='ocrx_word' id='word_1_630' title='bbox 1470 5163 1691 5232; x_wconf 83' lang='grc' dir='ltr'><em>παρὼν,</em></span> <span class='ocrx_word' id='word_1_631' title='bbox 1704 5164 1822 5218; x_wconf 75' lang='grc' dir='ltr'><strong>ἀπὸ</strong></span> <span class='ocrx_word' id='word_1_632' title='bbox 1857 5165 1968 5233; x_wconf 82' lang='grc' dir='ltr'><em>τῆς</em></span> 
     </span>
    </p>
   </div>
   <div class='ocr_carea' id='block_1_83' title="bbox 403 5255 1968 5327">
    <p class='ocr_par' dir='ltr' id='par_1_83' title="bbox 403 5255 1968 5327">
     <span class='ocr_line' id='line_1_83' title="bbox 403 5255 1968 5327; baseline 0.001 -17"><span class='ocrx_word' id='word_1_633' title='bbox 403 5257 588 5311; x_wconf 84' lang='grc' dir='ltr'><em>αὑτοῦ</em></span> <span class='ocrx_word' id='word_1_634' title='bbox 615 5259 966 5325; x_wconf 85' lang='grc' dir='ltr'><em>παρουσίας,</em></span> <span class='ocrx_word' id='word_1_635' title='bbox 1000 5258 1086 5323; x_wconf 80' lang='grc' dir='ltr'><em>οἷς</em></span> <span class='ocrx_word' id='word_1_636' title='bbox 1113 5259 1390 5312; x_wconf 81' lang='grc' dir='ltr'><em>ἐϐούλετο</em></span> <span class='ocrx_word' id='word_1_637' title='bbox 1425 5258 1532 5311; x_wconf 84' lang='grc' dir='ltr'><em>τὸν</em></span> <span class='ocrx_word' id='word_1_638' title='bbox 1569 5255 1754 5312; x_wconf 78' lang='grc' dir='ltr'><em>πᾶσιν</em></span> <span class='ocrx_word' id='word_1_639' title='bbox 1779 5258 1968 5327; x_wconf 64' lang='lat' dir='ltr'><strong>drum-</strong></span> 
     </span>
    </p>
   </div>
   <div class='ocr_carea' id='block_1_84' title="bbox 403 5347 1968 5420">
    <p class='ocr_par' dir='ltr' id='par_1_84' title="bbox 403 5347 1968 5420">
     <span class='ocr_line' id='line_1_84' title="bbox 403 5347 1968 5420; baseline 0 -18"><span class='ocrx_word' id='word_1_640' title='bbox 403 5367 556 5404; x_wconf 86' lang='grc' dir='ltr'><em>στον</em></span> <span class='ocrx_word' id='word_1_641' title='bbox 587 5349 1027 5404; x_wconf 79' lang='grc' dir='ltr'><em>ἀπεκάλυπτεν.</em></span> <span class='ocrx_word' id='word_1_642' title='bbox 1065 5347 1153 5404; x_wconf 78' lang='grc' dir='ltr'><strong>ιδί</strong></span> <span class='ocrx_word' id='word_1_643' title='bbox 1181 5366 1302 5420; x_wconf 86' lang='lat' dir='ltr'><strong>ergo</strong></span> <span class='ocrx_word' id='word_1_644' title='bbox 1334 5351 1424 5418; x_wconf 88' lang='lat' dir='ltr'><strong>qui</strong></span> <span class='ocrx_word' id='word_1_645' title='bbox 1453 5349 1660 5402; x_wconf 86' lang='lat' dir='ltr'><strong>advenit</strong></span> <span class='ocrx_word' id='word_1_646' title='bbox 1686 5390 1701 5415; x_wconf 95' lang='lat'><strong>,</strong></span> <span class='ocrx_word' id='word_1_647' title='bbox 1735 5350 1843 5420; x_wconf 86' lang='lat' dir='ltr'><strong>ipse</strong></span> <span class='ocrx_word' id='word_1_648' title='bbox 1866 5348 1968 5403; x_wconf 81' lang='lat' dir='ltr'><strong>Fi-</strong></span> 
     </span>
    </p>
   </div>
   <div class='ocr_carea' id='block_1_85' title="bbox 405 5438 1967 5509">
    <p class='ocr_par' dir='ltr' id='par_1_85' title="bbox 405 5438 1967 5509">
     <span class='ocr_line' id='line_1_85' title="bbox 405 5438 1967 5509; baseline 0 -16"><span class='ocrx_word' id='word_1_649' title='bbox 405 5442 508 5494; x_wconf 85' lang='lat' dir='ltr'><strong>lius</strong></span> <span class='ocrx_word' id='word_1_650' title='bbox 551 5452 687 5506; x_wconf 83' lang='lat' dir='ltr'><strong>erat,</strong></span> <span class='ocrx_word' id='word_1_651' title='bbox 738 5451 852 5509; x_wconf 86' lang='lat' dir='ltr'><strong>post</strong></span> <span class='ocrx_word' id='word_1_652' title='bbox 895 5457 1047 5494; x_wconf 89' lang='lat' dir='ltr'><strong>suum</strong></span> <span class='ocrx_word' id='word_1_653' title='bbox 1089 5441 1389 5505; x_wconf 85' lang='lat' dir='ltr'><strong>adventum,</strong></span> <span class='ocrx_word' id='word_1_654' title='bbox 1418 5441 1605 5509; x_wconf 86' lang='lat' dir='ltr'><strong>quibus</strong></span> <span class='ocrx_word' id='word_1_655' title='bbox 1635 5438 1818 5505; x_wconf 81' lang='lat' dir='ltr'><strong>voluit,</strong></span> <span class='ocrx_word' id='word_1_656' title='bbox 1847 5456 1967 5493; x_wconf 88' lang='lat' dir='ltr'><strong>eum</strong></span> 
     </span>
    </p>
   </div>
   <div class='ocr_carea' id='block_1_86' title="bbox 400 5529 1963 5603">
    <p class='ocr_par' dir='ltr' id='par_1_86' title="bbox 400 5529 1963 5603">
     <span class='ocr_line' id='line_1_86' title="bbox 400 5529 1963 5603; baseline -0.002 -17"><span class='ocrx_word' id='word_1_657' title='bbox 400 5535 491 5600; x_wconf 77' lang='lat' dir='ltr'><strong>qui</strong></span> <span class='ocrx_word' id='word_1_658' title='bbox 538 5533 737 5586; x_wconf 66' lang='lat' dir='ltr'><strong>eruistis</strong></span> <span class='ocrx_word' id='word_1_659' title='bbox 765 5534 1063 5603; x_wconf 84' lang='lat' dir='ltr'><strong>incognitus</strong></span> <span class='ocrx_word' id='word_1_660' title='bbox 1107 5543 1240 5599; x_wconf 79' lang='lat' dir='ltr'><strong>erat,</strong></span> <span class='ocrx_word' id='word_1_661' title='bbox 1272 5533 1533 5589; x_wconf 88' lang='lat' dir='ltr'><strong>revelavit.</strong></span> <span class='ocrx_word' id='word_1_662' title='bbox 1577 5551 1596 5583; x_wconf 80' lang='grc' dir='ltr'><strong>ι</strong></span> <span class='ocrx_word' id='word_1_663' title='bbox 1631 5529 1756 5585; x_wconf 61' lang='lat' dir='ltr'><strong>Haec</strong></span> <span class='ocrx_word' id='word_1_664' title='bbox 1782 5531 1963 5585; x_wconf 85' lang='lat' dir='ltr'><strong>Simo-</strong></span> 
     </span>
    </p>
   </div>
   <div class='ocr_carea' id='block_1_87' title="bbox 2078 3135 3649 3215">
    <p class='ocr_par' dir='ltr' id='par_1_87' title="bbox 2078 3135 3649 3215">
     <span class='ocr_line' id='line_1_87' title="bbox 2078 3135 3649 3215; baseline -0.005 -16"><span class='ocrx_word' id='word_1_665' title='bbox 2078 3155 2261 3215; x_wconf 87' lang='lat' dir='ltr'><strong>pateat</strong></span> <span class='ocrx_word' id='word_1_666' title='bbox 2302 3150 2568 3212; x_wconf 90' lang='lat' dir='ltr'><strong>quantum</strong></span> <span class='ocrx_word' id='word_1_667' title='bbox 2605 3140 2746 3196; x_wconf 87' lang='lat' dir='ltr'><strong>inter</strong></span> <span class='ocrx_word' id='word_1_668' title='bbox 2791 3139 3008 3194; x_wconf 87' lang='lat' dir='ltr'><strong>Patrem</strong></span> <span class='ocrx_word' id='word_1_669' title='bbox 3045 3146 3099 3194; x_wconf 89' lang='lat' dir='ltr'><strong>et</strong></span> <span class='ocrx_word' id='word_1_670' title='bbox 3126 3147 3455 3202; x_wconf 88' lang='lat' dir='ltr'><strong>creatorem,</strong></span> <span class='ocrx_word' id='word_1_671' title='bbox 3500 3135 3649 3191; x_wconf 84' lang='lat' dir='ltr'><strong>inter</strong></span> 
     </span>
    </p>
   </div>
   <div class='ocr_carea' id='block_1_88' title="bbox 2078 3227 3651 3298">
    <p class='ocr_par' dir='ltr' id='par_1_88' title="bbox 2078 3227 3651 3298">
     <span class='ocr_line' id='line_1_88' title="bbox 2078 3227 3651 3298; baseline -0.005 -9"><span class='ocrx_word' id='word_1_672' title='bbox 2078 3234 2278 3290; x_wconf 87' lang='lat' dir='ltr'><strong>Filium</strong></span> <span class='ocrx_word' id='word_1_673' title='bbox 2301 3243 2354 3289; x_wconf 88' lang='lat' dir='ltr'><strong>et</strong></span> <span class='ocrx_word' id='word_1_674' title='bbox 2393 3249 2504 3289; x_wconf 83' lang='lat' dir='ltr'><strong>rem</strong></span> <span class='ocrx_word' id='word_1_675' title='bbox 2542 3241 2782 3288; x_wconf 88' lang='lat' dir='ltr'><strong>creatam</strong></span> <span class='ocrx_word' id='word_1_676' title='bbox 2817 3231 3052 3294; x_wconf 89' lang='lat' dir='ltr'><strong>intersit,</strong></span> <span class='ocrx_word' id='word_1_677' title='bbox 3092 3229 3259 3285; x_wconf 92' lang='lat' dir='ltr'><strong>Deum</strong></span> <span class='ocrx_word' id='word_1_678' title='bbox 3295 3227 3467 3284; x_wconf 56' lang='lat' dir='ltr'><strong>Judaei</strong></span> <span class='ocrx_word' id='word_1_679' title='bbox 3497 3243 3651 3298; x_wconf 86' lang='lat' dir='ltr'><strong>qua-</strong></span> 
     </span>
    </p>
   </div>
   <div class='ocr_carea' id='block_1_89' title="bbox 2079 3320 3652 3395">
    <p class='ocr_par' dir='ltr' id='par_1_89' title="bbox 2079 3320 3652 3395">
     <span class='ocr_line' id='line_1_89' title="bbox 2079 3320 3652 3395; baseline -0.004 -14"><span class='ocrx_word' id='word_1_680' title='bbox 2079 3339 2234 3381; x_wconf 90' lang='lat' dir='ltr'><strong>tenus</strong></span> <span class='ocrx_word' id='word_1_681' title='bbox 2275 3325 2485 3378; x_wconf 87' lang='lat' dir='ltr'><strong>Patrem</strong></span> <span class='ocrx_word' id='word_1_682' title='bbox 2511 3324 2738 3383; x_wconf 84' lang='lat' dir='ltr'><strong>Christi.</strong></span> <span class='ocrx_word' id='word_1_683' title='bbox 2765 3323 3047 3395; x_wconf 82' lang='lat' dir='ltr'><strong>ignorasse</strong></span> <span class='ocrx_word' id='word_1_684' title='bbox 3074 3321 3356 3383; x_wconf 86' lang='lat' dir='ltr'><strong>dicuntur,</strong></span> <span class='ocrx_word' id='word_1_685' title='bbox 3387 3320 3652 3388; x_wconf 88' lang='lat' dir='ltr'><strong>quamvis</strong></span> 
     </span>
    </p>
   </div>
   <div class='ocr_carea' id='block_1_90' title="bbox 2075 3411 3430 3485">
    <p class='ocr_par' dir='ltr' id='par_1_90' title="bbox 2075 3411 3430 3485">
     <span class='ocr_line' id='line_1_90' title="bbox 2075 3411 3430 3485; baseline -0.003 -13"><span class='ocrx_word' id='word_1_686' title='bbox 2075 3427 2198 3473; x_wconf 87' lang='lat' dir='ltr'><strong>eum</strong></span> <span class='ocrx_word' id='word_1_687' title='bbox 2231 3427 2287 3472; x_wconf 89' lang='lat' dir='ltr'><strong>ut</strong></span> <span class='ocrx_word' id='word_1_688' title='bbox 2327 3429 2628 3473; x_wconf 79' lang='lat' dir='ltr'><strong>creatorem</strong></span> <span class='ocrx_word' id='word_1_689' title='bbox 2660 3415 2905 3470; x_wconf 90' lang='lat' dir='ltr'><strong>omnium</strong></span> <span class='ocrx_word' id='word_1_690' title='bbox 2928 3413 3097 3485; x_wconf 91' lang='lat' dir='ltr'><strong>probe</strong></span> <span class='ocrx_word' id='word_1_691' title='bbox 3128 3411 3430 3468; x_wconf 89' lang='lat' dir='ltr'><strong>novissent.</strong></span> 
     </span>
    </p>
   </div>
   <div class='ocr_carea' id='block_1_91' title="bbox 2152 3501 3655 3573">
    <p class='ocr_par' dir='ltr' id='par_1_91' title="bbox 2152 3501 3655 3573">
     <span class='ocr_line' id='line_1_91' title="bbox 2152 3501 3655 3573; baseline -0.003 -10"><span class='ocrx_word' id='word_1_692' title='bbox 2152 3529 2171 3563; x_wconf 83' lang='grc'><strong>‹</strong></span> <span class='ocrx_word' id='word_1_693' title='bbox 2219 3509 2383 3564; x_wconf 85' lang='lat' dir='ltr'><strong>Multa</strong></span> <span class='ocrx_word' id='word_1_694' title='bbox 2423 3511 2476 3564; x_wconf 92' lang='lat' dir='ltr'><strong>in</strong></span> <span class='ocrx_word' id='word_1_695' title='bbox 2537 3509 2783 3563; x_wconf 86' lang='lat' dir='ltr'><strong>eamdem</strong></span> <span class='ocrx_word' id='word_1_696' title='bbox 2834 3507 3157 3561; x_wconf 88' lang='lat' dir='ltr'><strong>sententiam</strong></span> <span class='ocrx_word' id='word_1_697' title='bbox 3204 3504 3327 3558; x_wconf 91' lang='lat' dir='ltr'><strong>libri</strong></span> <span class='ocrx_word' id='word_1_698' title='bbox 3381 3501 3655 3573; x_wconf 60' lang='lat' dir='ltr'><strong>Recogni«</strong></span> 
     </span>
    </p>
   </div>
   <div class='ocr_carea' id='block_1_92' title="bbox 2077 3594 3650 3670">
    <p class='ocr_par' dir='ltr' id='par_1_92' title="bbox 2077 3594 3650 3670">
     <span class='ocr_line' id='line_1_92' title="bbox 2077 3594 3650 3670; baseline -0.003 -15"><span class='ocrx_word' id='word_1_699' title='bbox 2077 3607 2275 3655; x_wconf 83' lang='lat' dir='ltr'><strong>tionum</strong></span> <span class='ocrx_word' id='word_1_700' title='bbox 2302 3599 2673 3670; x_wconf 85' lang='lat' dir='ltr'><strong>suppeditant.</strong></span> <span class='ocrx_word' id='word_1_701' title='bbox 2699 3598 2822 3653; x_wconf 89' lang='lat' dir='ltr'><strong>Lib.</strong></span> <span class='ocrx_word' id='word_1_702' title='bbox 2852 3613 2889 3663; x_wconf 87' lang='lat' dir='ltr'><strong>I,</strong></span> <span class='ocrx_word' id='word_1_703' title='bbox 2928 3613 3051 3666; x_wconf 90' lang='lat' dir='ltr'><strong>cap.</strong></span> <span class='ocrx_word' id='word_1_704' title='bbox 3077 3596 3167 3663; x_wconf 74' lang='grc'><strong>45,</strong></span> <span class='ocrx_word' id='word_1_705' title='bbox 3198 3595 3314 3650; x_wconf 70' lang='grc' dir='ltr'><strong>Ιιωρ</strong></span> <span class='ocrx_word' id='word_1_706' title='bbox 3343 3594 3650 3665; x_wconf 86' lang='lat' dir='ltr'><strong>leguntur:</strong></span> 
     </span>
    </p>
   </div>
   <div class='ocr_carea' id='block_1_93' title="bbox 2075 3681 3650 3755">
    <p class='ocr_par' dir='ltr' id='par_1_93' title="bbox 2075 3681 3650 3755">
     <span class='ocr_line' id='line_1_93' title="bbox 2075 3681 3650 3755; baseline -0.005 -6"><span class='ocrx_word' id='word_1_707' title='bbox 2075 3694 2208 3750; x_wconf 83' lang='lat' dir='ltr'><strong>Cum</strong></span> <span class='ocrx_word' id='word_1_708' title='bbox 2229 3681 2363 3748; x_wconf 80' lang='lat' dir='ltr'><strong>esset</strong></span> <span class='ocrx_word' id='word_1_709' title='bbox 2403 3693 2580 3746; x_wconf 81' lang='lat' dir='ltr'><strong>Filius</strong></span> <span class='ocrx_word' id='word_1_710' title='bbox 2605 3691 2702 3745; x_wconf 90' lang='lat' dir='ltr'><strong>Dei</strong></span> <span class='ocrx_word' id='word_1_711' title='bbox 2747 3701 2795 3744; x_wconf 88' lang='lat' dir='ltr'><strong>et</strong></span> <span class='ocrx_word' id='word_1_712' title='bbox 2825 3690 3034 3743; x_wconf 89' lang='lat' dir='ltr'><strong>initium</strong></span> <span class='ocrx_word' id='word_1_713' title='bbox 3081 3688 3336 3751; x_wconf 78' lang='lat' dir='ltr'><strong>omnium,</strong></span> <span class='ocrx_word' id='word_1_714' title='bbox 3362 3686 3536 3755; x_wconf 79' lang='lat' dir='ltr'><strong>[actus</strong></span> <span class='ocrx_word' id='word_1_715' title='bbox 3563 3697 3650 3741; x_wconf 87' lang='lat' dir='ltr'><strong>est</strong></span> 
     </span>
    </p>
   </div>
   <div class='ocr_carea' id='block_1_94' title="bbox 2073 3779 3654 3856">
    <p class='ocr_par' dir='ltr' id='par_1_94' title="bbox 2073 3779 3654 3856">
     <span class='ocr_line' id='line_1_94' title="bbox 2073 3779 3654 3856; baseline -0.006 -14"><span class='ocrx_word' id='word_1_716' title='bbox 2073 3789 2248 3843; x_wconf 89' lang='lat' dir='ltr'><strong>homo.</strong></span> <span class='ocrx_word' id='word_1_717' title='bbox 2275 3785 2341 3840; x_wconf 86' lang='lat' dir='ltr'><strong>Et</strong></span> <span class='ocrx_word' id='word_1_718' title='bbox 2369 3800 2489 3855; x_wconf 90' lang='lat' dir='ltr'><strong>cap.</strong></span> <span class='ocrx_word' id='word_1_719' title='bbox 2520 3783 2589 3839; x_wconf 84' lang='lat'><strong>69</strong></span> <span class='ocrx_word' id='word_1_720' title='bbox 2617 3803 2631 3838; x_wconf 87' lang='lat'>:</span> <span class='ocrx_word' id='word_1_721' title='bbox 2660 3782 2841 3836; x_wconf 89' lang='lat' dir='ltr'><strong>Nolite</strong></span> <span class='ocrx_word' id='word_1_722' title='bbox 2869 3791 3056 3850; x_wconf 85' lang='lat' dir='ltr'><strong>putare</strong></span> <span class='ocrx_word' id='word_1_723' title='bbox 3078 3795 3172 3834; x_wconf 90' lang='lat' dir='ltr'><strong>nos</strong></span> <span class='ocrx_word' id='word_1_724' title='bbox 3202 3779 3335 3856; x_wconf 84' lang='lat' dir='ltr'><strong>duos</strong></span> <span class='ocrx_word' id='word_1_725' title='bbox 3372 3779 3654 3849; x_wconf 82' lang='lat' dir='ltr'><strong>ingenitas</strong></span> 
     </span>
    </p>
   </div>
   <div class='ocr_carea' id='block_1_95' title="bbox 2073 3869 3652 3943">
    <p class='ocr_par' dir='ltr' id='par_1_95' title="bbox 2073 3869 3652 3943">
     <span class='ocr_line' id='line_1_95' title="bbox 2073 3869 3652 3943; baseline -0.007 -10"><span class='ocrx_word' id='word_1_726' title='bbox 2073 3880 2247 3933; x_wconf 86' lang='lat' dir='ltr'><strong>dicere</strong></span> <span class='ocrx_word' id='word_1_727' title='bbox 2273 3877 2432 3943; x_wconf 83' lang='lat' dir='ltr'><strong>Deos,</strong></span> <span class='ocrx_word' id='word_1_728' title='bbox 2479 3885 2572 3929; x_wconf 91' lang='lat' dir='ltr'><strong>aut</strong></span> <span class='ocrx_word' id='word_1_729' title='bbox 2604 3889 2766 3928; x_wconf 90' lang='lat' dir='ltr'><strong>unum</strong></span> <span class='ocrx_word' id='word_1_730' title='bbox 2803 3873 3029 3926; x_wconf 89' lang='lat' dir='ltr'><strong>divisum</strong></span> <span class='ocrx_word' id='word_1_731' title='bbox 3079 3887 3190 3925; x_wconf 87' lang='lat' dir='ltr'><strong>esse</strong></span> <span class='ocrx_word' id='word_1_732' title='bbox 3229 3870 3284 3922; x_wconf 90' lang='lat' dir='ltr'><strong>in</strong></span> <span class='ocrx_word' id='word_1_733' title='bbox 3334 3869 3491 3934; x_wconf 89' lang='lat' dir='ltr'><strong>duos,</strong></span> <span class='ocrx_word' id='word_1_734' title='bbox 3537 3869 3652 3936; x_wconf 84' lang='lat' dir='ltr'><strong>vel,</strong></span> 
     </span>
    </p>
   </div>
   <div class='ocr_carea' id='block_1_96' title="bbox 2080 3959 3654 4038">
    <p class='ocr_par' dir='ltr' id='par_1_96' title="bbox 2080 3959 3654 4038">
     <span class='ocr_line' id='line_1_96' title="bbox 2080 3959 3654 4038; baseline -0.008 -12"><span class='ocrx_word' id='word_1_735' title='bbox 2080 3973 2217 4026; x_wconf 84' lang='lat' dir='ltr'><strong>sicut</strong></span> <span class='ocrx_word' id='word_1_736' title='bbox 2251 3969 2402 4038; x_wconf 88' lang='lat' dir='ltr'><strong>impii</strong></span> <span class='ocrx_word' id='word_1_737' title='bbox 2446 3967 2654 4032; x_wconf 86' lang='lat' dir='ltr'><strong>dicunt,</strong></span> <span class='ocrx_word' id='word_1_738' title='bbox 2690 3969 2925 4018; x_wconf 88' lang='lat' dir='ltr'><strong>eumdem</strong></span> <span class='ocrx_word' id='word_1_739' title='bbox 2967 3961 3262 4015; x_wconf 86' lang='lat' dir='ltr'><strong>masculum</strong></span> <span class='ocrx_word' id='word_1_740' title='bbox 3305 3968 3354 4014; x_wconf 89' lang='lat' dir='ltr'><strong>et</strong></span> <span class='ocrx_word' id='word_1_741' title='bbox 3384 3959 3654 4029; x_wconf 78' lang='lat' dir='ltr'><strong>feminam</strong></span> 
     </span>
    </p>
   </div>
   <div class='ocr_carea' id='block_1_97' title="bbox 2073 4054 3652 4132">
    <p class='ocr_par' dir='ltr' id='par_1_97' title="bbox 2073 4054 3652 4132">
     <span class='ocr_line' id='line_1_97' title="bbox 2073 4054 3652 4132; baseline -0.006 -12"><span class='ocrx_word' id='word_1_742' title='bbox 2073 4065 2156 4120; x_wconf 89' lang='lat' dir='ltr'><strong>sui</strong></span> <span class='ocrx_word' id='word_1_743' title='bbox 2194 4063 2436 4132; x_wconf 69' lang='lat' dir='ltr'><strong>eﬂ‘ectum</strong></span> <span class='ocrx_word' id='word_1_744' title='bbox 2465 4075 2482 4112; x_wconf 89' lang='lat'><strong><em>:</em></strong></span> <span class='ocrx_word' id='word_1_745' title='bbox 2513 4059 2603 4113; x_wconf 80' lang='lat' dir='ltr'><strong>sed</strong></span> <span class='ocrx_word' id='word_1_746' title='bbox 2651 4056 2856 4110; x_wconf 83' lang='lat' dir='ltr'><strong>Filium</strong></span> <span class='ocrx_word' id='word_1_747' title='bbox 2898 4055 2992 4108; x_wconf 87' lang='lat' dir='ltr'><strong>Dei</strong></span> <span class='ocrx_word' id='word_1_748' title='bbox 3025 4055 3355 4125; x_wconf 88' lang='lat' dir='ltr'><strong>unigenitum</strong></span> <span class='ocrx_word' id='word_1_749' title='bbox 3382 4054 3652 4123; x_wconf 84' lang='lat' dir='ltr'><strong>dicimus,</strong></span> 
     </span>
    </p>
   </div>
   <div class='ocr_carea' id='block_1_98' title="bbox 2072 4145 3650 4216">
    <p class='ocr_par' dir='ltr' id='par_1_98' title="bbox 2072 4145 3650 4216">
     <span class='ocr_line' id='line_1_98' title="bbox 2072 4145 3650 4216; baseline -0.007 -6"><span class='ocrx_word' id='word_1_750' title='bbox 2072 4173 2176 4210; x_wconf 88' lang='lat' dir='ltr'><strong>non</strong></span> <span class='ocrx_word' id='word_1_751' title='bbox 2199 4170 2263 4209; x_wconf 75' lang='lat' dir='ltr'><strong>ea:</strong></span> <span class='ocrx_word' id='word_1_752' title='bbox 2290 4153 2398 4206; x_wconf 87' lang='lat' dir='ltr'><strong>alio</strong></span> <span class='ocrx_word' id='word_1_753' title='bbox 2427 4151 2602 4216; x_wconf 89' lang='lat' dir='ltr'><strong>initio,</strong></span> <span class='ocrx_word' id='word_1_754' title='bbox 2647 4149 2736 4203; x_wconf 88' lang='lat' dir='ltr'><strong>sed</strong></span> <span class='ocrx_word' id='word_1_755' title='bbox 2774 4163 2838 4202; x_wconf 72' lang='lat' dir='ltr'><strong>ex</strong></span> <span class='ocrx_word' id='word_1_756' title='bbox 2876 4148 2989 4216; x_wconf 88' lang='lat' dir='ltr'><strong>ipso</strong></span> <span class='ocrx_word' id='word_1_757' title='bbox 3034 4145 3379 4214; x_wconf 74' lang='lat' dir='ltr'><strong>inc/)‘abiliter</strong></span> <span class='ocrx_word' id='word_1_758' title='bbox 3423 4154 3650 4203; x_wconf 76' lang='lat' dir='ltr'><strong>natum.</strong></span> 
     </span>
    </p>
   </div>
   <div class='ocr_carea' id='block_1_99' title="bbox 2073 4236 3654 4308">
    <p class='ocr_par' dir='ltr' id='par_1_99' title="bbox 2073 4236 3654 4308">
     <span class='ocr_line' id='line_1_99' title="bbox 2073 4236 3654 4308; baseline -0.008 -4"><span class='ocrx_word' id='word_1_759' title='bbox 2073 4247 2332 4305; x_wconf 82' lang='lat' dir='ltr'><strong>Similiter</strong></span> <span class='ocrx_word' id='word_1_760' title='bbox 2359 4247 2519 4300; x_wconf 88' lang='lat' dir='ltr'><strong>etiam</strong></span> <span class='ocrx_word' id='word_1_761' title='bbox 2566 4242 2629 4296; x_wconf 89' lang='lat' dir='ltr'><strong>de</strong></span> <span class='ocrx_word' id='word_1_762' title='bbox 2678 4240 2958 4295; x_wconf 89' lang='lat' dir='ltr'><strong>Paracleta</strong></span> <span class='ocrx_word' id='word_1_763' title='bbox 2995 4240 3243 4292; x_wconf 81' lang='lat' dir='ltr'><strong>dicimus.</strong></span> <span class='ocrx_word' id='word_1_764' title='bbox 3274 4236 3341 4290; x_wconf 84' lang='lat' dir='ltr'><strong>Et</strong></span> <span class='ocrx_word' id='word_1_765' title='bbox 3413 4236 3512 4292; x_wconf 88' lang='lat' dir='ltr'><strong>lib.</strong></span> <span class='ocrx_word' id='word_1_766' title='bbox 3555 4255 3654 4308; x_wconf 85' lang='grc' dir='ltr'><strong><em>ιιι,</em></strong></span> 
     </span>
    </p>
   </div>
   <div class='ocr_carea' id='block_1_100' title="bbox 2073 4328 3656 4410">
    <p class='ocr_par' dir='ltr' id='par_1_100' title="bbox 2073 4328 3656 4410">
     <span class='ocr_line' id='line_1_100' title="bbox 2073 4328 3656 4410; baseline -0.006 -14"><span class='ocrx_word' id='word_1_767' title='bbox 2073 4355 2193 4410; x_wconf 84' lang='lat' dir='ltr'><strong>cap.</strong></span> <span class='ocrx_word' id='word_1_768' title='bbox 2225 4338 2293 4396; x_wconf 71' lang='grc'><strong>48</strong></span> <span class='ocrx_word' id='word_1_769' title='bbox 2320 4358 2332 4393; x_wconf 91' lang='lat'>:</span> <span class='ocrx_word' id='word_1_770' title='bbox 2364 4337 2558 4392; x_wconf 85' lang='lat' dir='ltr'><strong>Noster</strong></span> <span class='ocrx_word' id='word_1_771' title='bbox 2579 4345 2752 4388; x_wconf 84' lang='lat' dir='ltr'><strong>autent</strong></span> <span class='ocrx_word' id='word_1_772' title='bbox 2792 4333 3066 4402; x_wconf 84' lang='lat' dir='ltr'><strong>Magister,</strong></span> <span class='ocrx_word' id='word_1_773' title='bbox 3090 4330 3180 4400; x_wconf 90' lang='lat' dir='ltr'><strong>qui</strong></span> <span class='ocrx_word' id='word_1_774' title='bbox 3209 4339 3285 4383; x_wconf 87' lang='lat' dir='ltr'><strong>est</strong></span> <span class='ocrx_word' id='word_1_775' title='bbox 3319 4328 3499 4383; x_wconf 83' lang='lat' dir='ltr'><strong>Filius</strong></span> <span class='ocrx_word' id='word_1_776' title='bbox 3547 4330 3656 4386; x_wconf 82' lang='lat' dir='ltr'><strong>Dei</strong></span> 
     </span>
    </p>
   </div>
   <div class='ocr_carea' id='block_1_101' title="bbox 2073 4421 3660 4496">
    <p class='ocr_par' dir='ltr' id='par_1_101' title="bbox 2073 4421 3660 4496">
     <span class='ocr_line' id='line_1_101' title="bbox 2073 4421 3660 4496; baseline -0.005 -10"><span class='ocrx_word' id='word_1_777' title='bbox 2073 4443 2122 4486; x_wconf 88' lang='lat' dir='ltr'><strong>et</strong></span> <span class='ocrx_word' id='word_1_778' title='bbox 2147 4431 2393 4495; x_wconf 85' lang='lat' dir='ltr'><strong>hominis,</strong></span> <span class='ocrx_word' id='word_1_779' title='bbox 2427 4428 2704 4496; x_wconf 81' lang='lat' dir='ltr'><strong>manifeste</strong></span> <span class='ocrx_word' id='word_1_780' title='bbox 2755 4426 2916 4479; x_wconf 87' lang='lat' dir='ltr'><strong>bonus</strong></span> <span class='ocrx_word' id='word_1_781' title='bbox 2961 4433 3038 4478; x_wconf 89' lang='lat' dir='ltr'><strong>est</strong></span> <span class='ocrx_word' id='word_1_782' title='bbox 3067 4437 3084 4476; x_wconf 84' lang='lat'><strong>.&#39;</strong></span> <span class='ocrx_word' id='word_1_783' title='bbox 3116 4421 3253 4492; x_wconf 87' lang='lat' dir='ltr'><strong>quod</strong></span> <span class='ocrx_word' id='word_1_784' title='bbox 3295 4430 3470 4474; x_wconf 89' lang='lat' dir='ltr'><strong>autem</strong></span> <span class='ocrx_word' id='word_1_785' title='bbox 3523 4439 3660 4478; x_wconf 86' lang='lat' dir='ltr'><strong>vere</strong></span> 
     </span>
    </p>
   </div>
   <div class='ocr_carea' id='block_1_102' title="bbox 2075 4512 3661 4590">
    <p class='ocr_par' dir='ltr' id='par_1_102' title="bbox 2075 4512 3661 4590">
     <span class='ocr_line' id='line_1_102' title="bbox 2075 4512 3661 4590; baseline -0.003 -14"><span class='ocrx_word' id='word_1_786' title='bbox 2075 4523 2142 4576; x_wconf 89' lang='lat' dir='ltr'><strong>sit</strong></span> <span class='ocrx_word' id='word_1_787' title='bbox 2168 4520 2366 4585; x_wconf 85' lang='lat' dir='ltr'><strong>Filius,</strong></span> <span class='ocrx_word' id='word_1_788' title='bbox 2385 4520 2570 4590; x_wconf 82' lang='lat' dir='ltr'><strong>quibus</strong></span> <span class='ocrx_word' id='word_1_789' title='bbox 2596 4517 2823 4586; x_wconf 87' lang='lat' dir='ltr'><strong>oportuit</strong></span> <span class='ocrx_word' id='word_1_790' title='bbox 2847 4515 3048 4568; x_wconf 91' lang='lat' dir='ltr'><strong>dictum</strong></span> <span class='ocrx_word' id='word_1_791' title='bbox 3067 4523 3144 4569; x_wconf 87' lang='lat' dir='ltr'><strong>est</strong></span> <span class='ocrx_word' id='word_1_792' title='bbox 3169 4523 3217 4568; x_wconf 87' lang='lat' dir='ltr'><strong>et</strong></span> <span class='ocrx_word' id='word_1_793' title='bbox 3244 4513 3463 4566; x_wconf 88' lang='lat' dir='ltr'><strong>dicetur.</strong></span> <span class='ocrx_word' id='word_1_794' title='bbox 3494 4512 3661 4571; x_wconf 81' lang='lat' dir='ltr'><strong>Hinc</strong></span> 
     </span>
    </p>
   </div>
   <div class='ocr_carea' id='block_1_103' title="bbox 2075 4603 3658 4683">
    <p class='ocr_par' dir='ltr' id='par_1_103' title="bbox 2075 4603 3658 4683">
     <span class='ocr_line' id='line_1_103' title="bbox 2075 4603 3658 4683; baseline -0.006 -11"><span class='ocrx_word' id='word_1_795' title='bbox 2075 4629 2195 4683; x_wconf 90' lang='lat' dir='ltr'><strong>cap.</strong></span> <span class='ocrx_word' id='word_1_796' title='bbox 2223 4615 2259 4666; x_wconf 76' lang='grc'>2</span> <span class='ocrx_word' id='word_1_797' title='bbox 2283 4612 2526 4682; x_wconf 79' lang='lat' dir='ltr'><strong>ejusdem</strong></span> <span class='ocrx_word' id='word_1_798' title='bbox 2557 4610 2679 4665; x_wconf 91' lang='lat' dir='ltr'><strong>libri</strong></span> <span class='ocrx_word' id='word_1_799' title='bbox 2713 4609 3026 4679; x_wconf 83' lang='lat' dir='ltr'><strong>indignatur</strong></span> <span class='ocrx_word' id='word_1_800' title='bbox 3057 4605 3268 4670; x_wconf 89' lang='lat' dir='ltr'><strong>Simon,</strong></span> <span class='ocrx_word' id='word_1_801' title='bbox 3293 4603 3402 4661; x_wconf 87' lang='lat' dir='ltr'><strong>Deo</strong></span> <span class='ocrx_word' id='word_1_802' title='bbox 3431 4603 3658 4662; x_wconf 86' lang='lat' dir='ltr'><strong>Filium</strong></span> 
     </span>
    </p>
   </div>
   <div class='ocr_carea' id='block_1_104' title="bbox 2075 4700 2861 4772">
    <p class='ocr_par' dir='ltr' id='par_1_104' title="bbox 2075 4700 2861 4772">
     <span class='ocr_line' id='line_1_104' title="bbox 2075 4700 2861 4772; baseline -0.013 -10"><span class='ocrx_word' id='word_1_803' title='bbox 2075 4703 2298 4762; x_wconf 87' lang='lat' dir='ltr'><strong>attribui</strong></span> <span class='ocrx_word' id='word_1_804' title='bbox 2327 4714 2585 4772; x_wconf 84' lang='lat' dir='ltr'><strong>tanquam</strong></span> <span class='ocrx_word' id='word_1_805' title='bbox 2619 4700 2861 4754; x_wconf 86' lang='lat' dir='ltr'><strong>animali.</strong></span> 
     </span>
    </p>
   </div>
   <div class='ocr_carea' id='block_1_105' title="bbox 2146 4784 3662 4854">
    <p class='ocr_par' dir='ltr' id='par_1_105' title="bbox 2146 4784 3662 4854">
     <span class='ocr_line' id='line_1_105' title="bbox 2146 4784 3662 4854; baseline -0.005 -6"><span class='ocrx_word' id='word_1_806' title='bbox 2146 4794 2210 4850; x_wconf 78' lang='grc' dir='ltr'><em>ν.</em></span> <span class='ocrx_word' id='word_1_807' title='bbox 2251 4791 2444 4848; x_wconf 88' lang='lat' dir='ltr'><strong>Omnia</strong></span> <span class='ocrx_word' id='word_1_808' title='bbox 2475 4806 2506 4845; x_wconf 90' lang='lat' dir='ltr'><strong>a</strong></span> <span class='ocrx_word' id='word_1_809' title='bbox 2536 4789 2672 4844; x_wconf 87' lang='lat' dir='ltr'><strong>Filio</strong></span> <span class='ocrx_word' id='word_1_810' title='bbox 2706 4797 2888 4844; x_wconf 87' lang='lat' dir='ltr'><strong>creata</strong></span> <span class='ocrx_word' id='word_1_811' title='bbox 2916 4801 3058 4854; x_wconf 90' lang='lat' dir='ltr'><strong>esse,</strong></span> <span class='ocrx_word' id='word_1_812' title='bbox 3106 4785 3292 4840; x_wconf 91' lang='lat' dir='ltr'><strong>multis</strong></span> <span class='ocrx_word' id='word_1_813' title='bbox 3320 4784 3458 4842; x_wconf 80' lang='lat' dir='ltr'><strong>locis</strong></span> <span class='ocrx_word' id='word_1_814' title='bbox 3499 4801 3662 4842; x_wconf 87' lang='lat' dir='ltr'><strong>con-</strong></span> 
     </span>
    </p>
   </div>
   <div class='ocr_carea' id='block_1_106' title="bbox 2075 4875 3664 4947">
    <p class='ocr_par' dir='ltr' id='par_1_106' title="bbox 2075 4875 3664 4947">
     <span class='ocr_line' id='line_1_106' title="bbox 2075 4875 3664 4947; baseline -0.01 -4"><span class='ocrx_word' id='word_1_815' title='bbox 2075 4890 2319 4943; x_wconf 77' lang='lat' dir='ltr'><strong>ﬁrmatur</strong></span> <span class='ocrx_word' id='word_1_816' title='bbox 2353 4903 2366 4938; x_wconf 93' lang='lat'>:</span> <span class='ocrx_word' id='word_1_817' title='bbox 2405 4883 2540 4937; x_wconf 80' lang='grc' dir='ltr'><strong>Υἱοῦ</strong></span> <span class='ocrx_word' id='word_1_818' title='bbox 2581 4881 2751 4934; x_wconf 80' lang='grc' dir='ltr'><em>ἐστιν</em></span> <span class='ocrx_word' id='word_1_819' title='bbox 2798 4879 2902 4935; x_wconf 83' lang='grc' dir='ltr'><em>τοῦ</em></span> <span class='ocrx_word' id='word_1_820' title='bbox 2936 4877 3194 4947; x_wconf 69' lang='grc' dir='ltr'><em>οίφανόν</em></span> <span class='ocrx_word' id='word_1_821' title='bbox 3225 4875 3324 4930; x_wconf 75' lang='grc' dir='ltr'><strong>καὶ</strong></span> <span class='ocrx_word' id='word_1_822' title='bbox 3353 4876 3472 4946; x_wconf 75' lang='grc' dir='ltr'><strong>γῆν</strong></span> <span class='ocrx_word' id='word_1_823' title='bbox 3512 4877 3664 4933; x_wconf 81' lang='grc' dir='ltr'><strong>δια-</strong></span> 
     </span>
    </p>
   </div>
   <div class='ocr_carea' id='block_1_107' title="bbox 2076 4970 3663 5047">
    <p class='ocr_par' dir='ltr' id='par_1_107' title="bbox 2076 4970 3663 5047">
     <span class='ocr_line' id='line_1_107' title="bbox 2076 4970 3663 5047; baseline -0.006 -14"><span class='ocrx_word' id='word_1_824' title='bbox 2076 4975 2526 5047; x_wconf 80' lang='grc' dir='ltr'><em>κοσμήσαντος,</em></span> <span class='ocrx_word' id='word_1_825' title='bbox 2560 4974 2637 5028; x_wconf 84' lang='lat' dir='ltr'><strong>ait</strong></span> <span class='ocrx_word' id='word_1_826' title='bbox 2679 4970 2896 5033; x_wconf 89' lang='lat' dir='ltr'><strong>Petrus,</strong></span> <span class='ocrx_word' id='word_1_827' title='bbox 2947 4970 3138 5024; x_wconf 89' lang='lat' dir='ltr'><strong>homil.</strong></span> <span class='ocrx_word' id='word_1_828' title='bbox 3191 4984 3347 5036; x_wconf 66' lang='grc' dir='ltr'><strong><em>λνιιι,</em></strong></span> <span class='ocrx_word' id='word_1_829' title='bbox 3401 4985 3533 5039; x_wconf 87' lang='lat' dir='ltr'><strong>cap.</strong></span> <span class='ocrx_word' id='word_1_830' title='bbox 3595 4975 3663 5040; x_wconf 85' lang='lat'><strong>6,</strong></span> 
     </span>
    </p>
   </div>
   <div class='ocr_carea' id='block_1_108' title="bbox 2077 5059 3668 5134">
    <p class='ocr_par' dir='ltr' id='par_1_108' title="bbox 2077 5059 3668 5134">
     <span class='ocr_line' id='line_1_108' title="bbox 2077 5059 3668 5134; baseline -0.003 -11"><span class='ocrx_word' id='word_1_831' title='bbox 2077 5069 2141 5123; x_wconf 85' lang='grc' dir='ltr'><em>τὸ</em></span> <span class='ocrx_word' id='word_1_832' title='bbox 2170 5067 2217 5134; x_wconf 86' lang='grc' dir='ltr'><strong>ᾧ</strong></span> <span class='ocrx_word' id='word_1_833' title='bbox 2253 5068 2543 5131; x_wconf 79' lang='grc' dir='ltr'><em>,βούλεται</em></span> <span class='ocrx_word' id='word_1_834' title='bbox 2597 5063 2984 5130; x_wconf 65' lang='grc' dir='ltr'><em>ἀποκαλύψαι</em></span> <span class='ocrx_word' id='word_1_835' title='bbox 3008 5059 3119 5113; x_wconf 84' lang='grc' dir='ltr'><em>τὸν</em></span> <span class='ocrx_word' id='word_1_836' title='bbox 3163 5059 3234 5113; x_wconf 84' lang='grc' dir='ltr'><em>ἐν</em></span> <span class='ocrx_word' id='word_1_837' title='bbox 3275 5061 3668 5132; x_wconf 78' lang='grc' dir='ltr'><em>ἀπορρήτοις</em></span> 
     </span>
    </p>
   </div>
   <div class='ocr_carea' id='block_1_109' title="bbox 2073 5153 3668 5228">
    <p class='ocr_par' dir='ltr' id='par_1_109' title="bbox 2073 5153 3668 5228">
     <span class='ocr_line' id='line_1_109' title="bbox 2073 5153 3668 5228; baseline -0.001 -14"><span class='ocrx_word' id='word_1_838' title='bbox 2073 5159 2316 5228; x_wconf 85' lang='grc' dir='ltr'><em>Πατέρα.</em></span> <span class='ocrx_word' id='word_1_839' title='bbox 2367 5157 2449 5212; x_wconf 82' lang='lat' dir='ltr'><strong>Ad</strong></span> <span class='ocrx_word' id='word_1_840' title='bbox 2493 5155 2695 5210; x_wconf 82' lang='lat' dir='ltr'><strong>Filium</strong></span> <span class='ocrx_word' id='word_1_841' title='bbox 2737 5153 2853 5208; x_wconf 72' lang='lat' dir='ltr'><strong>caeli</strong></span> <span class='ocrx_word' id='word_1_842' title='bbox 2911 5161 2960 5206; x_wconf 92' lang='lat' dir='ltr'><strong>et</strong></span> <span class='ocrx_word' id='word_1_843' title='bbox 3005 5162 3158 5205; x_wconf 63' lang='lat' dir='ltr'><strong>terra!</strong></span> <span class='ocrx_word' id='word_1_844' title='bbox 3225 5155 3668 5212; x_wconf 87' lang='lat' dir='ltr'><strong>constitutorem</strong></span> 
     </span>
    </p>
   </div>
   <div class='ocr_carea' id='block_1_110' title="bbox 2071 5241 3668 5321">
    <p class='ocr_par' dir='ltr' id='par_1_110' title="bbox 2071 5241 3668 5321">
     <span class='ocr_line' id='line_1_110' title="bbox 2071 5241 3668 5321; baseline -0.003 -15"><span class='ocrx_word' id='word_1_845' title='bbox 2071 5259 2269 5321; x_wconf 82' lang='lat' dir='ltr'><strong>spectat</strong></span> <span class='ocrx_word' id='word_1_846' title='bbox 2301 5247 2526 5303; x_wconf 85' lang='lat' dir='ltr'><strong>revelare</strong></span> <span class='ocrx_word' id='word_1_847' title='bbox 2574 5246 2658 5300; x_wconf 87' lang='lat' dir='ltr'><strong>cui</strong></span> <span class='ocrx_word' id='word_1_848' title='bbox 2706 5244 2812 5300; x_wconf 89' lang='lat' dir='ltr'><strong>vult</strong></span> <span class='ocrx_word' id='word_1_849' title='bbox 2844 5243 3012 5312; x_wconf 87' lang='lat' dir='ltr'><strong>ipsius</strong></span> <span class='ocrx_word' id='word_1_850' title='bbox 3059 5241 3277 5298; x_wconf 86' lang='lat' dir='ltr'><strong>Patrem</strong></span> <span class='ocrx_word' id='word_1_851' title='bbox 3318 5244 3374 5296; x_wconf 88' lang='lat' dir='ltr'><strong>in</strong></span> <span class='ocrx_word' id='word_1_852' title='bbox 3405 5243 3668 5301; x_wconf 85' lang='lat' dir='ltr'><strong>abscon-</strong></span> 
     </span>
    </p>
   </div>
   <div class='ocr_carea' id='block_1_111' title="bbox 2072 5334 3670 5413">
    <p class='ocr_par' dir='ltr' id='par_1_111' title="bbox 2072 5334 3670 5413">
     <span class='ocr_line' id='line_1_111' title="bbox 2072 5334 3670 5413; baseline -0.01 -15"><span class='ocrx_word' id='word_1_853' title='bbox 2072 5345 2200 5399; x_wconf 82' lang='lat' dir='ltr'><strong>ditis</strong></span> <span class='ocrx_word' id='word_1_854' title='bbox 2245 5343 2492 5413; x_wconf 83' lang='lat' dir='ltr'><strong>positum.</strong></span> <span class='ocrx_word' id='word_1_855' title='bbox 2554 5337 2620 5391; x_wconf 85' lang='lat' dir='ltr'><strong>Et</strong></span> <span class='ocrx_word' id='word_1_856' title='bbox 2678 5337 2866 5391; x_wconf 88' lang='lat' dir='ltr'><strong>homil.</strong></span> <span class='ocrx_word' id='word_1_857' title='bbox 2911 5350 3023 5399; x_wconf 79' lang='lat' dir='ltr'><strong>xvi,</strong></span> <span class='ocrx_word' id='word_1_858' title='bbox 3056 5350 3177 5404; x_wconf 86' lang='lat' dir='ltr'><strong>cap.</strong></span> <span class='ocrx_word' id='word_1_859' title='bbox 3212 5335 3274 5390; x_wconf 80' lang='lat' dir='ltr'><strong>lt</strong></span> <span class='ocrx_word' id='word_1_860' title='bbox 3316 5345 3369 5390; x_wconf 89' lang='lat' dir='ltr'><strong>et</strong></span> <span class='ocrx_word' id='word_1_861' title='bbox 3408 5334 3501 5399; x_wconf 71' lang='grc' dir='ltr'><em>η,</em></span> <span class='ocrx_word' id='word_1_862' title='bbox 3541 5338 3670 5394; x_wconf 83' lang='lat' dir='ltr'><strong>ob-</strong></span> 
     </span>
    </p>
   </div>
   <div class='ocr_carea' id='block_1_112' title="bbox 2069 5425 3672 5508">
    <p class='ocr_par' dir='ltr' id='par_1_112' title="bbox 2069 5425 3672 5508">
     <span class='ocr_line' id='line_1_112' title="bbox 2069 5425 3672 5508; baseline -0.002 -19"><span class='ocrx_word' id='word_1_863' title='bbox 2069 5437 2279 5508; x_wconf 87' lang='lat' dir='ltr'><strong>jicicuti</strong></span> <span class='ocrx_word' id='word_1_864' title='bbox 2310 5431 2518 5488; x_wconf 87' lang='lat' dir='ltr'><strong>Simoni</strong></span> <span class='ocrx_word' id='word_1_865' title='bbox 2557 5431 2697 5485; x_wconf 90' lang='lat' dir='ltr'><strong>duos</strong></span> <span class='ocrx_word' id='word_1_866' title='bbox 2727 5445 2847 5485; x_wconf 91' lang='lat' dir='ltr'><strong>esse</strong></span> <span class='ocrx_word' id='word_1_867' title='bbox 2885 5440 3180 5494; x_wconf 77' lang='lat' dir='ltr'><strong>creatures,</strong></span> <span class='ocrx_word' id='word_1_868' title='bbox 3212 5441 3280 5483; x_wconf 90' lang='lat' dir='ltr'><strong>eo</strong></span> <span class='ocrx_word' id='word_1_869' title='bbox 3299 5426 3444 5496; x_wconf 88' lang='lat' dir='ltr'><strong>quod</strong></span> <span class='ocrx_word' id='word_1_870' title='bbox 3470 5425 3672 5485; x_wconf 81' lang='lat' dir='ltr'><strong>dixe-</strong></span> 
     </span>
    </p>
   </div>
   <div class='ocr_carea' id='block_1_113' title="bbox 2074 5518 3680 5596">
    <p class='ocr_par' dir='ltr' id='par_1_113' title="bbox 2074 5518 3680 5596">
     <span class='ocr_line' id='line_1_113' title="bbox 2074 5518 3680 5596; baseline -0.006 -14"><span class='ocrx_word' id='word_1_871' title='bbox 2074 5529 2138 5584; x_wconf 90' lang='lat' dir='ltr'><strong>rit</strong></span> <span class='ocrx_word' id='word_1_872' title='bbox 2191 5527 2355 5591; x_wconf 82' lang='lat' dir='ltr'><strong>Deus,</strong></span> <span class='ocrx_word' id='word_1_873' title='bbox 2417 5522 2730 5590; x_wconf 86' lang='lat' dir='ltr'><strong>Faciamus,</strong></span> <span class='ocrx_word' id='word_1_874' title='bbox 2785 5521 2864 5578; x_wconf 91' lang='lat' dir='ltr'><strong>sic</strong></span> <span class='ocrx_word' id='word_1_875' title='bbox 2907 5521 3199 5594; x_wconf 88' lang='lat' dir='ltr'><strong>respondet</strong></span> <span class='ocrx_word' id='word_1_876' title='bbox 3250 5518 3444 5574; x_wconf 89' lang='lat' dir='ltr'><strong>Petrus</strong></span> <span class='ocrx_word' id='word_1_877' title='bbox 3481 5535 3500 5573; x_wconf 88' lang='lat'><strong>:</strong></span> <span class='ocrx_word' id='word_1_878' title='bbox 3541 5523 3680 5596; x_wconf 76' lang='grc' dir='ltr'><strong>Εῐς</strong></span> 
     </span>
    </p>
   </div>
   <div class='ocr_carea' id='block_1_114' title="bbox 474 5657 1978 5740">
    <p class='ocr_par' dir='ltr' id='par_1_114' title="bbox 474 5662 1950 5740">
     <span class='ocr_line' id='line_1_114' title="bbox 474 5662 1950 5740; baseline -0.003 -18"><span class='ocrx_word' id='word_1_879' title='bbox 474 5669 585 5740; x_wconf 75' lang='grc'><strong>(13)</strong></span> <span class='ocrx_word' id='word_1_880' title='bbox 614 5666 790 5733; x_wconf 77' lang='lat' dir='ltr'><strong>Philo,</strong></span> <span class='ocrx_word' id='word_1_881' title='bbox 827 5668 922 5725; x_wconf 87' lang='lat' dir='ltr'><strong>lib.</strong></span> <span class='ocrx_word' id='word_1_882' title='bbox 949 5685 984 5722; x_wconf 88' lang='grc' dir='ltr'><strong>ιι</strong></span> <span class='ocrx_word' id='word_1_883' title='bbox 1026 5666 1147 5737; x_wconf 64' lang='grc' dir='ltr'><strong>ιω.</strong></span> <span class='ocrx_word' id='word_1_884' title='bbox 1181 5667 1432 5737; x_wconf 66' lang='grc' dir='ltr'><em>Αίίρςοιπ,</em></span> <span class='ocrx_word' id='word_1_885' title='bbox 1480 5676 1610 5721; x_wconf 86' lang='lat' dir='ltr'><strong>tom.</strong></span> <span class='ocrx_word' id='word_1_886' title='bbox 1640 5662 1678 5732; x_wconf 91' lang='grc'><em>1,</em></span> <span class='ocrx_word' id='word_1_887' title='bbox 1707 5680 1828 5735; x_wconf 86' lang='lat' dir='ltr'><strong>pag.</strong></span> <span class='ocrx_word' id='word_1_888' title='bbox 1859 5663 1950 5731; x_wconf 86' lang='lat'><strong>70,</strong></span> 
     </span>
    </p>
   </div>
   <div class='ocr_carea' id='block_1_115' title="bbox 2079 5657 2568 5740">
    <p class='ocr_par' dir='ltr' id='par_1_115' title="bbox 2079 5657 2568 5719">
     <span class='ocr_line' id='line_1_115' title="bbox 2079 5657 2568 5719; baseline -0.014 -2"><span class='ocrx_word' id='word_1_889' title='bbox 2079 5674 2111 5719; x_wconf 85' lang='grc' dir='ltr'><strong><em>ι.</em></strong></span> <span class='ocrx_word' id='word_1_890' title='bbox 2147 5660 2378 5716; x_wconf 85' lang='lat' dir='ltr'><strong>Loudin.</strong></span> <span class='ocrx_word' id='word_1_891' title='bbox 2409 5657 2568 5713; x_wconf 71' lang='grc'><strong>1742.</strong></span> 
     </span>
    </p>
   </div>
  </div>
