3970 6148
344 318 402 372 ιτ
1445 275 1900 370 (ςιΕΜΕΝΤιΝΑ.

2036 315 2394 371 ΡΙὶΟΟΕΜΙΑ.
3510 318 3572 371 18

337 438 510 490 ἐστιν
542 439 572 490 ὁ
603 435 673 504 τῇ
721 437 904 490 αὐτοῦ
955 437 1138 505 σοφίᾳ
1169 435 1368 490 εἰπών·
1422 437 1770 506 Ποιήσωμεν
1801 437 1906 490 ἅν-

2015 437 2204 502 iustus.
2238 436 2416 491 Unum
2449 444 2502 491 et
2530 436 2780 490 eumdem
2823 435 3026 490 cultum
3061 436 3422 492 sanctissima:
3445 437 3570 491 Tri-

338 533 592 598 θρωπον.
627 522 707 600 ’ῌ
724 527 793 581 δὲ
809 529 1015 597 σοφίᾳ,
1033 528 1235 597 ὥσπερ
1254 529 1379 594 ἰδίῳ
1407 529 1898 598 .τι·εὐματι,αὺτός

336 621 431 676 ἀεὶ
464 619 834 688 συνέχαιρεν.
892 621 1145 674 "limata:
1175 620 1288 690 μὲν
1329 621 1409 688 ὡς
1441 621 1609 689 ψυχὴ
1643 620 1722 686 τῷ
1760 619 1899 684 Θεῷ·

337 712 656 766 ἐκτείνεται
691 711 758 764 δὲ
791 711 891 765 ἀπ’
939 712 1124 766 αὐτοῦ
1145 751 1158 775 ,
1189 713 1269 778 ὡς
1300 712 1428 780 χεὶρ
1464 711 1906 781 δημιουργοῦσα

338 800 406 854 τὸ
458 800 594 856 πᾶν.
660 801 804 856 Unus
837 813 913 856 est
937 806 1027 874 qui
1052 803 1341 872 Sapientia:
1365 822 1472 859 sua:
1493 806 1628 858 dixit
1658 820 1674 856 :
1704 803 1905 856 Facia-

341 907 456 944 mus
485 891 766 948 hominem.
812 893 955 949 IIuic
995 913 1110 948 vero
1155 895 1442 965 Sapientia:
1491 907 1741 965 tanquam
1784 911 1905 963 pro-

340 982 454 1049 prio
478 983 694 1051 spiritui
725 1001 925 1054 semper
955 987 1064 1054 ipse
1094 987 1474 1057 congaudebat.
1507 985 1670 1040 Unita
1698 986 1904 1056 quidem

339 1081 414 1124 est
440 1070 568 1138 Deo,
599 1083 658 1126 ut
682 1075 863 1128 anima
891 1093 908 1129 :
947 1077 1011 1129 ab
1040 1094 1098 1130 eo
1141 1089 1318 1131 autent
1359 1078 1663 1131 extenditur
1696 1087 1752 1130 ut
1793 1093 1907 1128 ma-

341 1178 461 1227 nus,
509 1165 907 1219 universitatem
952 1168 1263 1236 producens.
1325 1167 1463 1223 llinc
1503 1169 1557 1222 in
1607 1168 1692 1222 his
1725 1167 1906 1220 verbis

340 1249 529 1306 homil.
574 1269 649 1316 χι,
697 1271 816 1324 cap.
854 1255 964 1310 2‘2:
998 1257 1064 1310 Td
1111 1258 1346 1327 πνεῦμα
1393 1258 1509 1312 ἀπὸ
1543 1257 1648 1310 τοῦ
1681 1257 1752 1310 τὰ
1795 1255 1908 1309 ὅλα

340 1344 729 1410 πεποιηκότος
783 1346 930 1399 Θεοῦ
978 1346 1092 1414 τὴν
1153 1348 1352 1415 ἀρχὴν
1409 1347 1521 1414 τῆς
1566 1345 1908 1412 ἐκστάσεως

339 1432 502 1500 ἕχει.
565 1435 849 1504 legendum
914 1447 1043 1507 puto
1093 1439 1391 1506 ἐκτάσεως
1467 1439 1696 1510 Spiritus
1734 1457 1765 1491 a
1799 1437 1906 1491 Deo

340 1527 426 1594 qui
459 1527 636 1579 onmia
664 1527 808 1596 fecit,
834 1530 1041 1582 initium
1070 1531 1222 1585 habet
1255 1533 1594 1585 extensionis.
1623 1532 1778 1600 Aqua
1813 1546 1907 1600 per

343 1609 694 1683 Unigenitum
743 1617 884 1673 facta
908 1619 1109 1675 dicitur
1141 1622 1234 1675 lib.
1260 1639 1333 1676 vn
1417 1623 1664 1692 Recogn.,
1695 1638 1814 1691 cap.
1848 1623 1902 1675 8.

345 1702 478 1759 Vide
529 1724 649 1776 cap.
707 1709 738 1761 7
790 1711 1032 1779 ejusdem
1085 1714 1231 1781 libri,
1277 1723 1332 1769 et
1389 1730 1546 1784 capp.
1596 1715 1665 1768 3-1
1715 1724 1768 1768 et
1811 1713 1904 1778 40,

2007 530 2160 584 nitati
2210 530 2455 585 adhiberi
2515 531 2731 593 docent,
2787 545 2909 600 qua:
2958 529 3215 598 leguntur
3259 531 3447 586 homil.
3486 546 3572 595 ιιι,

2007 640 2126 692 cap.
2159 622 2226 675 72
2258 641 2269 675 :
2301 621 2418 675 Σοῦ
2466 618 2578 688 γάρ
2619 620 2790 674 ἐστιν
2836 620 2986 684 δόξα
3032 618 3297 686 αὶὼνιος,
3352 620 3573 686 ὕμνος.

2007 713 2188 781 Πιιτρὶ
2225 711 2322 765 καὶ
2361 711 2468 776 Υὶῷ
2497 710 2597 764 καὶ
2629 711 2774 779 ἁγίῳ
2808 711 3227 778 Πνεύματι,εὶς
3257 709 3395 776 τοὺς
3419 712 3575 780 σύμ..

2007 820 2235 868 παντως
2264 803 2500 868 αἰῶνας.
2564 801 2766 872 Ἀμήν.
2793 802 2872 854 Ad
2901 812 2948 855 te
2972 803 3111 854 enim
3138 803 3357 864 pertinet
3381 812 3576 855 aeterna

2007 896 2197 967 gloria,
2237 895 2376 959 laus,
2424 893 2574 946 Patri
2619 902 2666 946 et
2721 892 2862 944 Filio
2907 903 2954 946 et
2987 889 3214 961 Spiritui
3264 901 3466 952 sancto,
3521 892 3571 944 in

2007 987 2182 1040 oumia
2209 984 2424 1040 scecula.
2451 985 2637 1036 Amen.
2674 981 2812 1037 Hinc
2844 983 3033 1036 ltumil.
3069 998 3144 1046 Ix,
3169 999 3290 1051 cap.
3327 982 3419 1046 25,
3447 983 3575 1052 bap-

2008 1082 2202 1135 tismus
2247 1075 2618 1131 administrari
2652 1074 2856 1129 dicitur
2887 1093 2898 1127 :
2941 1072 3340 1141 Τρισμοικιιρίᾳ
3368 1072 3572 1124 erraro-

1999 1169 2221 1239 μασίᾳ,
2253 1186 2271 1218 ι
2313 1166 2412 1219 Ter
2461 1165 2614 1218 beata
2665 1165 3033 1217 invocatione:
3073 1181 3090 1213 ι
3125 1162 3268 1230 quod
3304 1162 3369 1214 de
3404 1162 3576 1214 tribus

2007 1259 2261 1314 Personis
2309 1256 2711 1320 intelligendum
2760 1265 2904 1325 patet
2947 1271 3011 1308 ex
3057 1255 3142 1308 his
3186 1253 3367 1307 verbis
3427 1253 3519 1305 lib.
3559 1267 3572 1304 ι

2008 1349 2302 1420 Recognit.,
2335 1365 2455 1418 cap.
2483 1349 2552 1401 65
2584 1367 2596 1402 :
2633 1347 2714 1400 Ad
2758 1347 3006 1400 ultimum
3032 1355 3226 1409 autem,
3269 1343 3442 1412 inquit
3469 1342 3574 1398 Pe—

2010 1452 2148 1503 trus,
2174 1440 2423 1493 admonui
2464 1455 2572 1505 eos,
2607 1452 2661 1490 ut
2700 1439 3009 1507 priusquam
3050 1436 3478 1505 progrederemur
3503 1433 3570 1487 ad

2009 1544 2180 1604 gentes
2213 1532 2502 1602 prazdicare
2528 1534 2600 1586 eis
2626 1530 2946 1599 agnitionem
2989 1528 3082 1580 Dei
3117 1526 3320 1590 Patris,
3362 1525 3464 1594 ipsi
3497 1541 3575 1577 ree

2009 1625 2418 1680 conciliareutur
2448 1623 2577 1690 Deo,
2608 1623 2947 1691 suscipientes
2991 1618 3190 1672 Filium
3237 1618 3371 1687 ejus.
3409 1617 3576 1670 Aliter

2011 1719 2147 1770 enim
2175 1715 2322 1769 nullo
2373 1715 2525 1768 modo
2553 1732 2639 1769 eos
2672 1713 2874 1767 ostendi
2917 1727 3066 1781 posse
3093 1710 3314 1772 salvari,
3356 1709 3460 1760 nisi
3486 1724 3576 1776 per

342 1796 438 1852 lib.
501 1815 620 1853 vm.
676 1799 750 1856 Ex
830 1805 1029 1872 quibus
1097 1816 1242 1876 patet
1316 1806 1904 1880 pseudo-Clementem,
1940 1783 1978 1836 Β
2013 1805 2243 1877 Spiritus
2269 1807 2440 1860 sancti
2471 1805 2704 1874 gratiam
2730 1805 2883 1857 triuw
2914 1800 3258 1856 iuvocatiouis
3285 1799 3420 1852 dilui
3445 1798 3577 1866 bap-

341 1887 594 1954 quamvis
661 1891 844 1946 multis
921 1892 1183 1949 Judaismi
1275 1896 1519 1965 reliquiis
1599 1897 1908 1965 implicatus

338 1986 507 2041 esset,
569 1979 707 2034 idem
753 1991 931 2038 tamen
980 2001 1044 2041 ac
1099 1995 1326 2042 caeteros
1377 1989 1670 2057 scriptores
1729 1989 1909 2042 eccle-

341 2071 602 2130 siasticos
634 2071 698 2126 de
720 2071 923 2128 mundi
956 2091 1049 2144 per
1085 2076 1280 2129 Filium
1314 2079 1593 2131 creatione
1632 2078 1903 2140 sensisse;

340 2178 528 2226 contra
553 2187 714 2241 quam
743 2172 918 2241 placet
940 2170 1270 2235 Socinianis,
1293 2171 1389 2240 qui
1421 2171 1560 2225 hanc
1580 2171 1908 2234 doctrinam,

339 2265 666 2321 Christianis
709 2264 1053 2319 circumcisis
1095 2263 1312 2332 penitus
1358 2264 1621 2333 ignotam,
1656 2279 1686 2316 a
1727 2263 1906 2332 philo-

341 2357 528 2424 sophis
587 2355 900 2425 religionem
959 2351 1412 2421 amplectentibus
1467 2350 1740 2404 inductam
1800 2348 1911 2402 lin-

377 2461 492 2500 lllll.

339 2461 372 2515 Β
419 2553 438 2585 ι
486 2533 668 2588 Multis
710 2531 832 2586 aliis
873 2531 1037 2584 rebus
1068 2529 1382 2583 declaratur
1417 2529 1580 2598 hujus
1622 2529 1910 2598 scriptoris

339 2643 466 2682 cum
496 2624 790 2681 Catholicis
834 2623 1122 2677 verborum
1164 2629 1218 2675 et
1262 2621 1662 2675 sententiarum
1709 2619 1904 2675 simili-

340 2720 492 2774 tudo.
532 2716 726 2772 Omnia
774 2728 937 2769 nosse
987 2713 1186 2767 dicitur
1235 2712 1490 2766 Christus
1541 2712 1731 2766 homil.
1782 2727 1904 2778 vm,

339 2826 462 2880 cap.
493 2809 584 2862 ‘Zl.
619 2807 783 2861 Solus
815 2805 1032 2858 animas
1075 2803 1388 2856 illuminare
1415 2817 1595 2871 posse,
1630 2801 1781 2856 solus
1816 2818 1908 2857 ve-

343 2905 558 2957 ritatem
593 2907 852 2968 relegere,
906 2895 1092 2949 homil.
1135 2909 1193 2959 ιι,
1223 2910 1345 2962 cap.
1377 2894 1430 2947 4.
1477 2892 1640 2948 Solus
1688 2893 1904 2948 Patrem

342 2993 752 3050 immutabiliter
792 2991 992 3052 videre,
1032 2988 1178 3041 hom.
1231 3002 1365 3050 xvu,
1406 3003 1532 3055 cap.
1564 2989 1647 3040 16.
1696 2987 1765 3040 Τὸ
1794 2988 1907 3056 γὰρ

2012 1902 2220 1954 tismate
2251 1907 2609 1968 properarent.

2088 1991 2177 2047 Vl.
2224 2011 2243 2042 ι
2289 1989 2490 2045 lbidem
2545 1989 2704 2044 Jesus
2760 1998 2985 2042 vocatur
3030 1985 3274 2039 Christus
3327 1993 3573 2037 internus.

2011 2083 2166 2149 Quod
2197 2091 2254 2136 ut
2279 2080 2633 2151 intelligatur,
2662 2096 2826 2148 quam
2892 2079 2998 2129 vim
3036 2084 3089 2130 et
3119 2075 3444 2129 sententiam
3477 2072 3579 2124 ha-

2013 2177 2156 2238 beat,
2189 2172 2589 2227 observandum
2626 2183 2710 2224 est
2746 2173 2818 2223 ita
2851 2169 3034 2224 Jesnm
3073 2169 3282 2230 vocari,
3312 2176 3372 2220 ut
3409 2180 3572 2233 oppo-

2012 2275 2172 2320 natur
2215 2263 2424 2316 Simoni
2458 2262 2550 2330 qui
2579 2276 2637 2314 se
2669 2260 2947 2314 Christum
3001 2270 3052 2312 et
3088 2260 3331 2311 Stantem
3361 2256 3580 2308 dictita-

2010 2359 2122 2412 bat.
2168 2353 2328 2409 Ἀντὶ
2359 2352 2463 2407 τοῦ
2495 2351 2680 2416 ὅντως
2714 2350 2966 2417 Χριστοῦ
2994 2349 3160 2417 ἡμῶν
3190 2347 3406 2416 ἑαυτὸν
3437 2346 3580 2399 ἀνα-

2009 2448 2254 2519 γορεύει.
2297 2464 2316 2496 ι
2358 2443 2464 2498 Pro
2494 2459 2611 2496 vero
2661 2441 2870 2497 Christo
2921 2449 3097 2493 nostra
3134 2456 3188 2492 se
3230 2441 3400 2508 ipsum
3439 2452 3578 2506 prat-

2009 2541 2182 2604 dicat,
2217 2556 2238 2589 ι
2274 2535 2449 2606 inquit
2479 2533 2674 2603 Aquila
2723 2532 2913 2586 homil.
2947 2548 3006 2595 ιι,
3034 2547 3153 2600 cap.
3190 2530 3280 2582 ‘2'“2.
3314 2528 3484 2581 Porro
3515 2544 3580 2580 eo

2010 2635 2232 2689 nomine
2264 2631 2525 2700 majorem
2550 2645 2608 2684 se
2633 2628 2823 2682 mundi
2859 2635 3126 2689 creatore,
3163 2626 3364 2680 ibidem
3401 2623 3580 2678 decla-

2009 2735 2113 2781 rat.
2139 2725 2273 2794 Cap.
2321 2724 2414 2789 24,
2453 2723 2534 2777 sic
2570 2721 2834 2790 quaerenti
2859 2720 3123 2774 Dositheo
3155 2738 3168 2772 :
3197 2718 3291 2771 Dic
3341 2717 3491 2780 mihi,
3535 2719 3584 2771 si

2011 2826 2067 2869 tu
2089 2831 2142 2870 es
2177 2814 2356 2878 Stans,
2390 2823 2444 2866 ut
2483 2813 2692 2866 adorem
2743 2821 2824 2875 te;
2866 2810 3155 2880 respondet
3197 2807 3383 2863 Simon
3422 2828 3434 2861 :
3468 2807 3579 2876 Ego

2011 2925 2161 2971 sum;
2191 2917 2244 2962 et
2275 2907 2459 2960 statim
2487 2904 2782 2960 Dositheus
2816 2903 3035 2968 cecidit,
3072 2914 3124 2956 et
3149 2901 3392 2955 adoravit
3429 2916 3594 2955 eum-

2009 3000 2227 3056 Nicetas
2257 3015 2376 3068 cap.
2396 2997 2486 3062 28,
2519 2998 2598 3051 sic
2625 2997 2877 3051 eumdem
2928 2995 3206 3048 Simonem
3240 2991 3536 3060 alloquitur
3562 3008 3597 3045 :_

340 3083 640 3151 ἀτρέπτως
658 3079 885 3146 Πατέρα
902 3077 1047 3130 ιδεῖν
1076 3075 1210 3129 Υἱοῦ
1239 3075 1398 3144 μόνου
1431 3075 1620 3128 ἐστίν.
1645 3073 1785 3128 Nam
1799 3073 1908 3126 Pa-

2017 3093 2152 3148 Deus
2190 3108 2300 3145 esse
2339 3106 2441 3142 non
2486 3097 2629 3158 potes
2655 3103 2672 3140 :
2698 3089 2822 3140 time
2861 3102 3001 3148 eum,
3031 3086 3121 3155 qui
3157 3100 3268 3137 vere
3315 3081 3451 3136 Deus
3479 3091 3582 3136 est-.i

344 3168 474 3228 trem
525 3171 930 3226 imnmtabiliter
977 3170 1169 3229 videre,
1226 3168 1401 3220 solius
1455 3165 1586 3219 Filii
1626 3175 1726 3220 est.
1796 3165 1906 3220 Ea-

342 3268 464 3322 dem
492 3265 693 3318 habent
721 3262 843 3316 libri
874 3259 1331 3328 Recognitionum,
1371 3259 1671 3327 pricsertim
1720 3255 1816 3312 lib.
1851 3274 1904 3321 v,

344 3374 466 3426 cap.
496 3356 580 3421 10,
617 3355 706 3408 ubi
747 3355 862 3407 haec
891 3352 1119 3422 legimus
1147 3368 1160 3404 :
1206 3349 1305 3402 llic
1326 3365 1447 3415 ergo
1475 3332 1565 3402 est
1591 3365 1740 3402 verus
1775 3346 1909 3400 Pro-

344 3451 518 3520 pheta,
556 3448 647 3517 qui
691 3447 747 3499 in
789 3443 982 3496 Judtca
1027 3441 1174 3495 nobis
1213 3441 1479 3510 apparuit,
1529 3449 1585 3492 ut
1636 3439 1864 3493 audistis
1889 3454 1908 3493 :

345 3544 435 3616 qui
470 3552 616 3595 stans
641 3539 847 3608 publice
870 3537 982 3589 sola
996 3536 1239 3604 jussione
1267 3533 1491 3603 faciebat
1515 3549 1677 3586 arcos
1715 3532 1908 3598 videre,

345 3634 533 3690 surdos
576 3631 799 3694 audire;
839 3627 1056 3698 fugabat
1103 3626 1386 3688 dazmones,
1425 3626 1578 3695 regris
1627 3626 1910 3679 sanitatem

347 3725 616 3790 reddebat,
663 3732 714 3778 et
769 3722 991 3774 mortuis
1021 3723 1204 3774 vitam.
1251 3718 1480 3789 Cumque
1517 3717 1651 3770 nihil
1695 3719 1744 3771 ei
1777 3726 1910 3771 esset

343 3813 686 3885 impossibile,
706 3813 867 3866 etiam
897 3811 1239 3880 cogitationes
1271 3808 1540 3862 hominum
1565 3807 1866 3878 pervidebat
1891 3823 1911 3862 :

346 3908 485 3980 quod
513 3907 646 3960 nulli
673 3915 748 3959 est
777 3903 1045 3974 possibile,
1079 3903 1182 3956 nisi
1207 3903 1308 3956 soli
1335 3903 1463 3958 Deo.

425 4017 444 4049 ι
492 3995 676 4066 Neque
696 3996 858 4050 etiam
883 3995 1012 4048 illud
1040 3993 1364 4063 principium
1391 3993 1910 4062 praetermittendum

345 4097 452 4152 est,
479 4087 624 4156 quod
676 4085 804 4139 huic
828 4085 1080 4153 scriptori
1113 4099 1242 4137 cum
1290 4084 1505 4139 caeteris
1550 4083 1913 4154 scriptoribus

344 4179 731 4235 ecclesiasticis
761 4191 1054 4230 commune
1099 4187 1185 4229 est
1213 4193 1226 4228 :
1257 4175 1389 4230 deos
1433 4175 1539 4230 coli
1576 4191 1684 4230 non
1727 4176 1910 4242 licere,

345 4268 564 4325 etiamsi
597 4269 794 4323 summi
829 4277 881 4321 et
909 4266 1299 4334 ontnipotentis
1332 4265 1422 4320 Dei
1462 4267 1694 4321 ministri
1718 4266 1911 4321 dican-

350 4379 472 4428 cur;
504 4361 598 4416 sed
625 4361 724 4415 soli
752 4359 922 4425 Patri,
950 4367 1004 4414 et
1032 4358 1170 4412 Filio
1199 4368 1254 4414 et
1291 4358 1517 4428 Spiritui
1554 4367 1743 4413 sancto
1769 4359 1915 4412 hunc

2017 3184 2280 3240 Similiter
2311 3184 2569 3236 aduratur
2593 3178 2904 3244 Simon,lib.
2941 3193 2974 3229 ιι
3003 3176 3298 3245 Recoguit.,
3329 3190 3450 3242 cap.
3486 3174 3574 3227 11.

2019 3276 2075 3330 1η
2099 3275 2287 3329 eodem
2320 3274 2478 3338 libro,
2505 3288 2624 3331 cap.
2658 3272 2746 3334 M,
2789 3285 2883 3338 per
2926 3267 3217 3321 ridiculum
3247 3276 3473 3319 vocatur
3498 3265 3598 3316 iit--

2010 3364 2375 3435 corruptibilis
2408 3364 2568 3416 Deus.
2603 3361 2721 3416 Non
2757 3360 2985 3415 dubium
3015 3373 3146 3427 ergo
3177 3357 3306 3426 quin
3351 3355 3581 3424 pseudo-

2015 3459 2290 3524 Clcmens,
2324 3472 2448 3512 cum
2473 3453 2658 3509 Jesum
2696 3437 2904 3508 verum.
2923 3459 2978 3504 et
3015 3459 3276 3503 aeternum
3299 3446 3579 3500 Christum

2011 3566 2134 3607 esse
2163 3549 2462 3614 contendit,
2496 3547 2678 3602 omnia
2725 3546 2772 3599 ei
2827 3543 3031 3597 tribuat
3074 3557 3194 3611 qua:
3249 3538 3350 3593 sibi
3391 3537 3580 3591 Simon

2014 3659 2109 3713 per
2140 3655 2416 3696 summum
2455 3637 2606 3693 nefas
2630 3637 2942 3708 arrogabat.

2088 3754 2107 3786 ι
2144 3731 2263 3787 Non
2287 3731 2748 3788 dissimulandum
2785 3737 2868 3783 est
2901 3724 3168 3781 nonnulla
3215 3722 3297 3777 his
3339 3721 3393 3774 in
3426 3718 3587 3772 libris-

2013 3843 2305 3882 occurrere
2340 3841 2461 3895 qua).
2502 3825 2569 3879 de
2598 3823 2817 3878 Christo
2855 3821 2996 3875 dicta
3041 3819 3224 3870 minus
3262 3813 3582 3877 commode,

2013 3929 2067 3975 et
2098 3919 2295 3974 Ruﬁno
2329 3919 2440 3974 visa
2484 3925 2616 3972 sunt
2644 3914 2894 3969 Eunomii
2928 3910 3252 3967 commentis
3279 3906 3591 3966 simillima.-

2014 4022 2068 4066 et
2100 4011 2460 4080 Epiphaniam
2487 4009 2855 4069 adduxerunt,
2908 4013 2968 4058 ut
3013 4001 3279 4056 Ebionitis
3314 4014 3343 4052 a
3381 3998 3582 4066 quibus

2016 4102 2117 4157 hos
2145 4102 2316 4154 libros
2356 4098 2710 4167 interpolatos
2739 4097 2984 4166 putabat,
3012 4091 3340 4148 sententiam
3366 4089 3583 4142 Arianae

2019 4193 2302 4264 gemellam
2337 4190 2617 4259 aliingeret
2638 4197 2826 4244 contra
2858 4189 3026 4240 totius
3049 4183 3392 4252 antiquitatis
3416 4182 3573 4233 testi—

2019 4283 2290 4345 monium,
2324 4281 2435 4334 imo
2469 4288 2659 4334 contra
2713 4293 2872 4333 suum
2928 4276 3120 4346 ipsius,
3165 4275 3256 4342 qui
3300 4272 3579 4325 Christum

2020 4369 2088 4423 ab
2123 4368 2391 4424 Ebionitis
2435 4369 2736 4436 simplicem
2777 4366 3053 4420 hominem
3103 4364 3288 4416 haberi
3319 4361 3578 4414 declarat.

353 4455 617 4508 honorem
642 4451 994 4507 deferendum
1027 4469 1039 4504 :
1073 4451 1124 4504 in
1151 4467 1260 4520 quo
1286 4449 1504 4520 quidem
1541 4449 1769 4502 insania:
1810 4466 1912 4503 no-
1948 4447 1990 4500 D
2023 4455 2128 4511 sed
2169 4472 2292 4511 cum
2343 4457 2455 4511 hac
2492 4455 2686 4508 imitari
2733 4454 2840 4508 sim
2871 4452 3154 4523 Origenes,
3192 4451 3500 4505 Μειιιοάίιιε
3530 4457 3584 4503 ει

351 4553 458 4597 tam
507 4543 745 4615 ell'ugere
788 4557 896 4596 non
943 4551 1139 4610 potest,
1197 4542 1241 4596 si
1300 4541 1496 4595 Filium
1546 4550 1602 4594 ει
1652 4538 1914 4608 Spiritum

351 4643 598 4692 Sanctum
628 4634 681 4686 in
712 4633 875 4687 rebus
897 4631 1092 4685 creatis
1116 4632 1455 4686 numerabat.
1488 4629 1731 4684 Primum
1759 4629 1916 4683 docet

354 4726 544 4782 homil.
573 4743 626 4792 x,
653 4740 774 4794 cap.
809 4725 876 4779 15
904 4732 957 4777 et
985 4723 1073 4789 l6,
1109 4733 1164 4777 et
1207 4722 1429 4793 Recogn.
1461 4723 1553 4777 lib.
1589 4739 1640 4786 v,
1674 4738 1794 4790 cap.
1825 4721 1912 4774 l9.

353 4821 599 4873 Alterura
649 4817 834 4872 multis
882 4817 1015 4871 locis
1062 4825 1313 4871 testatur.
1351 4816 1424 4871 De
1455 4817 1604 4870 cultu
1648 4813 1825 4868 Patris
1864 4821 1919 4867 et

351 4907 476 4962 Filii
509 4907 588 4962 sic
622 4907 862 4977 loquitur
900 4907 1094 4961 Petrus
1127 4907 1218 4961 lib.
1269 4924 1302 4960 χ
1345 4907 1613 4976 Recognit.
1658 4921 1778 4974 cap.
1807 4903 1914 4958 47:

349 4998 497 5066 Quid
526 5000 662 5053 enim
685 5009 761 5053 est
796 4999 850 5051 in
885 5015 985 5068 quo
1012 4998 1285 5050 adversari
1312 4997 1679 5065 prwdicationi
1722 5006 1918 5052 nostra

346 5097 467 5166 quis
491 5095 674 5148 debeat
693 5095 718 5147 ἓ)
737 5105 826 5147 aut
856 5094 910 5147 in
947 5109 1050 5162 quo
1076 5102 1262 5145 contra
1294 5093 1399 5145 veri
1423 5091 1728 5161 honestique
1759 5091 1916 5160 ﬁdem

350 5203 518 5243 sermo
546 5184 941 5255 praedicationis
974 5195 1170 5237 nostra:
1197 5183 1643 5252 deprehenditur?
1662 5183 1751 5252 qui
1783 5183 1914 5235 dicit

350 5277 716 5332 honorandum
748 5292 858 5331 esse
884 5275 1048 5332 Deum
1083 5288 1132 5330 et
1171 5274 1387 5329 Patrem
1420 5275 1651 5328 omnium
1679 5274 1917 5327 condito-

353 5389 482 5438 rem,
505 5371 721 5441 ejusque
752 5367 795 5421 F
799 5370 947 5422 ilium
972 5375 1061 5440 qui
1084 5368 1228 5422 solus
1253 5385 1372 5421 eum
1390 5378 1439 5420 et
1466 5368 1785 5422 voluntatem
1801 5369 1915 5438 ejus

354 5463 514 5527 novit,
552 5463 739 5531 cuique
774 5458 875 5512 soli
925 5461 988 5511 de
1032 5458 1272 5512 omnibus
1315 5458 1627 5511 credendum
1678 5467 1753 5512 est
1799 5474 1916 5528 quae

358 5555 595 5623 Irwcepit
626 5568 642 5605 :
675 5550 817 5606 solus
864 5552 1001 5603 enim
1043 5560 1119 5604 est
1165 5551 1249 5604 lex
1277 5559 1326 5603 et
1355 5549 1628 5619 legislator
1673 5559 1720 5604 et
1747 5549 1914 5619 judea:

429 5690 541 5755 (16)
570 5687 794 5749 Justin.',
830 5685 973 5739 Dial.
999 5701 1118 5755 cup.
1153 5687 1237 5740 47.

429 5701 519 5755 (to
570 5701 794 5749 susum,
830 5701 973 5739 mat.
999 5703 1060 5738 ra
1105 5727 1118 5739 .
1153 5701 1237 5740 4'1.

429 5701 542 5829 (17)
583 5757 825 5823 llieron.,
865 5756 1034 5826 Epist.
1062 5701 1151 5824 £0,
1181 5758 1245 5811 ad
1271 5757 1500 5828 August.

2020 4549 2357 4612 Lactantius,
2384 4548 2488 4602 erit
2516 4556 2726 4616 tempus
2753 4546 2819 4599 de
2851 4546 2935 4598 his
2966 4545 3155 4612 agendi
3194 4543 3364 4608 magis
3391 4556 3585 4609 oppor-

2021 4655 2236 4709 tunum,
2271 4657 2395 4697 cum
2442 4640 2720 4694 solvendis
2766 4647 3082 4693 sanctorum
3130 4635 3350 4691 Patrum
3393 4634 3584 4690 difﬁci-

2018 4737 2245 4792 lioribus
2275 4735 2409 4789 locis
2435 4749 2654 4802 operata
2686 4731 2956 4786 dabimus.

2094 4844 2120 4877 ι
2162 4823 2244 4877 Ex
2272 4825 2356 4878 his
2383 4833 2565 4876 autent
2589 4837 2711 4891 quae
2733 4821 3038 4883 attulimus,
3077 4816 3233 4872 facile
3259 4817 3586 4887 perspicitur

2019 4915 2167 4970 hunc
2197 4917 2520 4985 scriptorem
2549 4929 2654 4966 non
2681 4913 2843 4965 modo
2875 4911 3008 4964 nihil
3036 4911 3236 4963 habere
3262 4910 3404 4978 quod
3431 4908 3586 4964 Ebio-

2019 5011 2259 5064 nitarum
2290 5022 2531 5062 errorem
2564 5005 2825 5069 redoleat,
2861 5003 2952 5058 sed
2978 5002 3142 5055 etiam
3175 5003 3242 5056 de
3276 4999 3393 5055 Filii
3421 5013 3583 5056 :eter-

2018 5103 2207 5167 nitate,
2239 5101 2634 5169 omnipotentia
2673 5111 2726 5154 et
2749 5115 2872 5152 vera
2918 5112 2982 5150 ex
3038 5094 3196 5150 Patre
3235 5096 3585 5164 generatione

2018 5202 2162 5249 recte
2185 5192 2406 5248 sentire.
2433 5191 2614 5258 Quare
2640 5207 2761 5261 quae
2783 5191 2849 5244 de
2876 5186 3147 5242 Nazaraeis
3172 5186 3420 5242 Justinus
3445 5186 3579 5253 (16),

2019 5284 2382 5355 Hieronymus
2413 5284 2526 5352 (l7)
2558 5293 2612 5338 et
2643 5281 2981 5352 Augustinus
3006 5280 3124 5348 (18)
3163 5287 3452 5340 testantur,
3486 5291 3582 5331 eos

2017 5375 2278 5428 nimirum
2310 5373 2434 5427 Filii
2481 5375 2819 5428 divinitatem
2867 5373 3186 5441 agnovisse;
3241 5385 3307 5423 ea
3351 5368 3476 5438 quis
3527 5369 3580 5422 in

2016 5465 2243 5520 dubium
2269 5475 2500 5528 revocet,
2533 5481 2656 5519 eum
2691 5473 2744 5516 et
2767 5464 2932 5517 tantis
2958 5461 3280 5517 auctoribus
3310 5459 3578 5524 nitantur,

2017 5566 2072 5612 et
2125 5557 2180 5611 in
2234 5557 2502 5627 scriptore
2539 5557 2672 5624 legis
2710 5554 3148 5608 observationem
3196 5552 3453 5606 audacter
3483 5553 3576 5607 do-

2094 5691 2204 5764 (18)
2246 5691 2502 5763 August.,
2535 5688 2628 5744 lib.
2665 5687 2738 5742 De
2765 5689 2948 5744 hazres.
