3970 6148
488 263 554 324 l9
1332 272 1390 329 S.
1431 266 1821 330 CLEMENTIS
1857 269 1875 327 Ι
1913 269 2076 328 ROM.
2114 272 2313 330 PONT.
2354 274 2582 332 OPEBA
2616 272 2843 335 DUBlA.
3648 276 3718 334 20

484 389 643 438 cepte
689 390 742 439 et
785 381 1137 453 praedicante,
1186 389 1469 459 conceptis
1526 389 1712 445 verbis
1758 391 2052 460 legantur?
2079 393 2122 449 Α
2218 391 2491 448 Caeterum
2522 390 2783 447 Cotelerii
2816 391 3109 447 editionem
3151 390 3294 463 typis
3344 392 3715 449 excedendum

486 466 686 528 Praeter
712 472 847 543 legis
889 474 1327 534 observationem
1376 488 1430 533 et
1478 479 1638 534 tidem
1669 478 1722 533 in
1766 480 2050 536 Christum

488 562 678 629 Deum,
723 562 856 618 illud
915 566 1081 622 etiam
1126 567 1253 624 huic
1305 571 1560 642 scriptori
1610 585 1734 627 cum
1778 566 2051 629 Nazaraeis

486 668 776 713 commune
827 665 934 723 est,
984 659 1131 728 quod
1181 660 1492 718 Pharisaeos
1536 664 1736 719 acriter
1777 664 2049 720 interdum

481 746 802 817 insectatur,
826 760 886 805 ut
907 752 1096 809 homil.
1129 769 1206 819 xl,
1243 769 1402 825 capp.
1421 756 1494 811 28
1517 765 1571 811 et
1608 758 1678 813 29
1704 768 1757 812 et
1778 757 2047 829 Recognit.

480 837 578 893 llb.
608 854 648 907 ι,
674 855 794 910 cap.
838 842 931 899 54.
972 864 992 898 ι
1028 843 1147 901 Huc
1179 861 1352 916 usque
1381 847 1738 907 doctissimus
1770 849 2047 908 Maranus.

552 929 666 987 Vll.
710 930 891 990 Unum
929 944 1110 993 tamen
1142 948 1248 1006 est,
1284 940 1431 1010 quod
1459 939 1549 997 hic
1580 954 1924 1002 maneamus.
1957 943 2053 1000 Ni-

479 1021 708 1088 mirum,
765 1026 869 1080 sub
915 1026 1107 1083 harum
1154 1028 1605 1099 disquisitionum
1653 1032 1869 1088 initium
1932 1034 2052 1104 opi-

484 1122 642 1168 natus
665 1124 747 1170 est
775 1114 841 1173 V.
869 1117 931 1173 C.
967 1118 1396 1191 Recognitionum
1418 1132 1471 1178 et
1500 1118 1854 1181 iiomiliarum
1882 1140 2049 1181 unum

480 1215 535 1261 et
566 1205 705 1262 idem
745 1225 882 1280 opus
908 1228 1052 1277 esse,
1101 1215 1196 1269 sed
1245 1231 1350 1271 non
1395 1217 1564 1273 semel
1622 1216 1852 1286 editum,
1904 1220 2051 1290 quod

484 1298 692 1363 pridem
728 1300 1099 1361 insinuaverat
1126 1305 1434 1363 Cotelerius
1474 1324 1538 1364 ac
1566 1319 1690 1379 post
1714 1327 1916 1367 annum
1947 1311 2050 1366 170

484 1388 680 1446 litteris
711 1395 992 1452 traditum.
1041 1395 1235 1453 Verum
1273 1405 1568 1470 antequam
1615 1403 1729 1459 haec
1771 1404 2048 1460 describe-

479 1496 686 1549 remus,
718 1487 783 1541 de
834 1487 1292 1560 Recognitionibus
1340 1493 1452 1564 jam
1510 1492 1689 1550 fuerat
1739 1496 1901 1551 nobis
1955 1497 2051 1552 de—

486 1584 873 1646 monstratum,
903 1581 1023 1636 illas
1061 1582 1282 1639 demum
1330 1586 1535 1655 scripto
1574 1604 1680 1641 non
1716 1586 1885 1643 fuisse
1914 1604 2048 1643 con-

483 1665 725 1736 signatas
769 1676 894 1725 ante
941 1680 1144 1728 annum
1190 1672 1318 1731 216.
1362 1672 1813 1731 Clementinorum
1866 1686 2047 1733 autem

481 1766 761 1813 auctorem
808 1762 954 1818 circa
1002 1779 1205 1820 anitum
1251 1765 1457 1822 Christi
1479 1762 1586 1822 250
1613 1765 1887 1836 ﬂoruisse,
1918 1784 2043 1825 cum

482 1847 694 1905 Joanne
742 1851 913 1907 Millio
964 1856 1439 1925 existimabamus,
1476 1860 1570 1929 qui
1616 1858 1736 1930 ejus
1782 1857 2048 1918 Homilias

480 1942 656 1997 editas
687 1941 854 2000 fuisse
879 1949 1194 2018 censet(l9)
1216 1950 1320 2005 sub
1344 1950 1488 2004 idem
1518 1960 1731 2022 tempus
1751 1967 1862 2021 quo
1889 1970 2045 2009 suam

486 2030 836 2089 ﬂamonium
862 2039 1232 2107 perscribebat
1262 2042 1587 2098 Ammonius
1624 2040 2043 2101 Alexandrinus.

710 2169 870 2254 llill.,
897 2170 1197 2244 Prolegom.
1232 2176 1299 2231 ad
1329 2174 1393 2230 N.
1421 2174 1637 2261 T..Gr.,
1682 2178 1839 2250 5670

579 2276 609 2291 ..
648 2246 665 2306 )
702 2242 987 2306 (.outant.,
1022 2246 1269 2306 Append.
1303 2248 1369 2300 ad
1402 2246 1599 2306 Epistt.
1634 2247 1786 2303 Rom.
1828 2269 1839 2306 ι

2152 486 2490 542 curavimus.
2538 482 2693 541 Notis
2719 484 3088 541 Cotelerianis
3124 498 3187 537 ea
3233 483 3437 553 passim
3485 484 3716 540 intexui-

2150 591 2276 632 mus
2300 591 2421 647 quae
2445 574 2833 632 animadvertit
2852 575 3101 631 eruditus
3115 573 3390 641 Davisius,
3412 572 3479 630 ad
3513 583 3715 630 textum

2152 669 2497 739 potissimum
2565 668 2971 723 emendandum
3045 676 3360 737 comparata
3414 684 3429 721 :
3483 664 3716 737 paucula

2150 762 2315 816 etiam
2355 776 2421 815 ex
2449 754 2660 816 Joanne
2698 752 2912 816 Clerico
2948 759 3252 830 adiecimus
3282 777 3294 812 :
3330 767 3563 830 utraque
3592 775 3717 815 vero

2150 867 2217 908 ex
2271 853 2463 908 iterata
2506 851 2728 907 Patrum
2763 852 3197 923 Apostolicorum
3231 849 3470 906 editione
3498 850 3719 905 Anisue-

2151 946 2453 1002 lodamensi
2500 946 2925 1016 desumpsimus.
2969 942 3228 1014 Epistolas
3274 942 3378 998 sub
3421 939 3717 998 Clementis

2151 1039 2375 1095 nomine
2414 1037 2620 1095 Jacobo
2653 1037 2929 1107 inscriptte
2963 1037 3214 1092 Graacum
3253 1036 3534 1106 exemplar
3578 1031 3721 1090 stiti-

2153 1146 2277 1186 mus
2326 1128 2470 1185 inter
2526 1129 2801 1198 duplicem
2855 1127 3189 1190 versionem,
3237 1126 3464 1180 alteram
3513 1119 3716 1188 Ruﬁni,

2152 1216 2379 1271 alteram
2459 1215 2714 1272 Cotelerii
2772 1231 2785 1271 :
2842 1215 3002 1284 eique
3073 1223 3341 1285 praeterea
3426 1213 3718 1267 nonnullas

2151 1310 2458 1366 doctissimi
2491 1309 2776 1366 Coutantii
2813 1308 3196 1363 adnotationes
3219 1322 3285 1360 ex
3314 1306 3436 1377 ejus
3465 1304 3714 1375 Epistolis

2150 1397 2511 1455 Romanorum
2573 1402 2881 1471 pontiﬁcum
2932 1397 3315 1473 sulijccimus‘:
3360 1399 3540 1469 quiet
3588 1398 3720 1453 illud

2150 1494 2405 1549 observat
2434 1492 2573 1563 (20),
2596 1492 2845 1549 eamdem
2879 1488 3205 1563 Epistolam,
3234 1500 3522 1561 postquam
3553 1505 3583 1543 a
3612 1487 3720 1543 Ru-

2152 1587 2262 1641 tino
2292 1581 2587 1641 Latinitate
2609 1586 2811 1640 donata
2847 1593 2952 1651 est,
2980 1582 3310 1654 quibusdam
3354 1581 3596 1650 antiquis
3618 1579 3719 1636 Ca-

2153 1690 2357 1734 nonum
2391 1672 2806 1733 collectionibus
2856 1676 3116 1731 insertam
3164 1673 3351 1729 fuisse.
3390 1671 3529 1727 Hinc
3575 1670 3717 1727 haud

2158 1772 2408 1838 miratur,
2458 1769 2606 1825 illam
2669 1785 2815 1824 anno
2871 1766 2966 1822 441
3024 1784 3053 1822 a
3096 1767 3332 1823 concilio
3397 1762 3629 1820 Vasensi
3678 1781 3716 1829 t,

2155 1880 2275 1919 can.
2313 1861 2400 1928 16,
2430 1877 2494 1917 ac
2525 1861 2757 1931 subinde
2781 1876 2808 1914 a
2839 1857 3063 1914 Nicolao
3098 1858 3139 1925 l,
3166 1857 3376 1914 Joanne
3408 1856 3545 1925 Vlll,
3573 1855 3721 1910 aliis-

2150 1971 2259 2025 que
2279 1954 2577 2010 Clementis
2618 1954 2839 2007 nomine
2872 1951 3042 2007 luisse
3086 1952 3362 2006 laudatam
3395 1966 3541 2022 :qua
3594 1945 3721 2019 qui-

2151 2048 2273 2103 dem
2298 2048 2353 2101 in
2378 2061 2437 2101 re
2467 2046 2774 2101 adnotanda
2804 2045 3089 2115 praeiverat
3113 2043 3441 2101 Cotelerius.

575 2240 665 2309 :20)
702 2241 987 2308 (ioutant.,
1022 2240 1269 2314 A'ppend.
1303 2248 1369 2300 ad
1402 2246 1599 2318 Epistt.
1625 2240 1786 2303 nam.
1826 2250 2045 2323 pontif.,
2074 2266 2128 2320 p.
2158 2250 2210 2317 5,
2246 2249 2274 2320 ς
2310 2248 2362 2304 6.

1099 2411 2200 2693 “CLEMENTIS
2329 2415 3072 2689 ΒΟΜΑΞΙῙ

1776 2808 1958 2893 ρυέε
2018 2809 2450 2873 FERUNTUR

878 2961 2121 3134 HOMILLZE
2289 2960 3347 3131 VIGINTI

1324 3257 1647 3349 NUNC
1719 3255 2197 3347 PRIMUM
2273 3253 2881 3348 INTEGRIE.

491 3429 867 3513 Textum‘ad
903 3426 1187 3513 codicem
1217 3430 1726 3513 Ottobonianum
1755 3429 2114 3500 constituit,
2151 3424 2519 3492 versionem
2571 3425 2873 3513 Cotclerii
2899 3422 3157 3513 passim
3181 3420 3493 3513 correxit,
3545 3440 3725 3513 eam-

567 3526 693 3647 Et)?
738 3508 1338 3648 absolvilt,|sellt;ctas
1373 3509 1658 3572 virorum
1694 3511 2026 3570 doctorum
2069 3518 2251 3569 notas
2283 3526 2568 3587 suasque
2604 3500 2939 3586 subjunxit
2971 3501 3277 3564 Alberlus
3328 3500 3492 3563 Rud.
3554 3503 3725 3565 Max.

668 3598 891 3655 essm,
939 3605 1040 3665 νη
1080 3634 1093 3648 .
1211 3599 1251 3647 τ.

875 3628 891 3655 ς
941 3628 1093 3655 111111,
1154 3628 1205 3648 u
1238 3635 1251 3647 ο

505 2384 3719 2427 αξξ-μ--ῠ-ᾙ--οΐ-Μ*

1089 3793 1513 3865 (ΟΟΤΤΙΝΟΑΕ,
1543 3812 1837 3853 sunrrmts
1870 3814 2132 3853 LIBRARIJE
2176 3812 2628 3853 DlETt-ZBICIIIANE.
2664 3810 2956 3861 nocccuu,
3006 3794 3061 3849 in
3078 3792 3200 3862 -8‘.)

1734 4034 2323 4129 LECTURIS
2391 4035 2485 4126 S.

563 4196 683 4258 Duo
720 4206 997 4273 priestanti
1023 4206 1267 4262 doctrina
1288 4208 1410 4274 viri,
1433 4207 1490 4263 J.
1525 4208 1586 4262 Β.
1616 4210 1909 4266 Cotelerius
1929 4220 1979 4266 et
2009 4210 2069 4266 I.
2109 4204 2367 4279 Clericus,
2397 4212 2455 4265 in
2499 4206 2770 4277 llomiliis,
2798 4221 2917 4281 qua:
2946 4205 3228 4264 Clementis
3260 4204 3487 4262 Romani
3522 4209 3738 4263 nomine

489 4295 953 4365 circumferuntur,
982 4300 1219 4366 edendis,
1251 4301 1542 4371 complures
1565 4304 1621 4355 in
1650 4303 1838 4357 iisdem
1866 4301 2204 4358 emendandis
2236 4315 2391 4375 atque
2420 4304 2830 4375 interpretandis
2857 4312 3007 4356 tanta
3035 4318 3152 4355 cum
3179 4298 3458 4372 diligentia
3486 4318 3548 4354 ac
3577 4300 3738 4355 laude

492 4389 686 4445 versati
716 4402 861 4455 sunt,
895 4402 951 4445 ut
982 4392 1269 4446 multorum
1292 4394 1498 4463 judicio
1522 4397 1665 4457 aliis,
1711 4397 1849 4466 quod
1889 4407 2123 4468 agerent,
2162 4398 2439 4469 reliquisse
2483 4398 2785 4454 viderentur
2814 4407 2906 4450 aut
2931 4412 3157 4465 paucum
3196 4404 3290 4448 aut
3320 4394 3471 4449 nihil.
3517 4393 3739 4448 Verum-

488 4484 771 4549 enimvero,
801 4486 892 4556 qui
930 4488 1007 4540 ita
1056 4498 1375 4554 statuerunt,
1407 4491 1549 4545 haud
1585 4492 1917 4545 mediocriter
1943 4503 2144 4548 errant.
2187 4493 2323 4547 Nam
2348 4495 2643 4564 quicunque
2684 4491 2899 4545 illorum
2941 4488 3103 4543 libros
3135 4489 3363 4543 excussit
3403 4488 3735 4551 accuratius,

489 4585 746 4645 quantum
778 4578 845 4631 iis
888 4578 958 4631 ad
988 4580 1376 4649 perfectionem,
1414 4598 1571 4652 quam
1601 4583 1653 4635 iu
1683 4582 1778 4636 hoc
1807 4599 1988 4652 genere
2028 4586 2343 4655 expetimus.
2386 4584 2540 4647 desit,
2583 4583 2741 4652 facile
2764 4580 3174 4635 animadvertat.
3208 4578 3291 4632 Ea:
3329 4595 3460 4633 nova
3508 4594 3735 4651 quoque.

489 4683 607 4737 qute
636 4669 958 4722 vehementer
986 4668 1405 4735 desiderabatur,
1443 4670 1757 4742 Sclm'egleri
1778 4673 2010 4726 editione
2040 4674 2096 4727 id
2138 4676 2270 4729 satis
2296 4688 2549 4743 superque
2576 4671 2791 4742 probari
2812 4680 2976 4740 patet.
3012 4670 3200 4723 Adhuc
3228 4670 3337 4723 hwc
3360 4680 3531 4723 erant.
3556 4671 3633 4724 Ac
3655 4668 3743 4725 ills

488 4762 719 4830 quidem,
747 4762 875 4833 quid
904 4763 1060 4816 unius
1105 4772 1312 4817 tantum
1351 4765 1547 4819 codicis
1591 4764 1913 4835 supellectile
1953 4774 2003 4818 et
2046 4768 2367 4820 auctoritate
2412 4765 2679 4835 ingenium
2724 4779 2913 4833 arsque
2952 4763 3139 4817 Critica
3178 4762 3370 4831 edicere
3409 4772 3603 4830 posset.
3634 4778 3739 4816 non

490 4858 685 4929 absque
711 4866 951 4913 successit
984 4859 1341 4913 ostenderunt.
1374 4858 1562 4931 Itaque
1592 4877 1709 4913 cum
1744 4860 1822 4913 vel
1842 4872 1956 4929 post
1991 4870 2066 4915 tot
2091 4870 2367 4930 tantasque
2395 4861 2629 4913 virorum
2656 4859 2930 4914 doctorum
2958 4855 3376 4911 elucubrationes
3412 4865 3568 4924 atque
3591 4867 3739 4908 com-

490 4949 837 5005 mentationes
864 4951 1137 5021 scriptoris
1166 4954 1334 5006 nostri
1370 4955 1508 5007 ratio
1536 4954 1691 5007 etiam
1726 4963 1848 5005 tunc
1876 4970 1938 5006 ea
1961 4961 2115 5019 esset,
2143 4961 2201 5005 ut
2239 4953 2294 5005 in
2324 4952 2507 5021 primis
2534 4951 2647 5020 ejus
2676 4962 2850 5006 textus
2882 4950 3216 5004 restitutione
3249 4946 3305 5001 in
3336 4949 3596 5019 integrum
3621 4964 3737 5017 ege-

490 5047 590 5108 ret,
619 5038 668 5098 si
693 5059 720 5096 e
743 5044 885 5112 fonte
905 5044 1119 5098 haurire
1146 5042 1390 5097 vellemus
1412 5044 1703 5115 limpidiori
1724 5045 2051 5115 puriorique,
2077 5045 2278 5114 factum
2308 5052 2383 5098 est
2409 5051 2467 5097 ut
2503 5043 2766 5097 auxilium
2796 5040 3114 5097 inveniretur
3132 5052 3181 5096 et
3207 5058 3287 5108 eo,
3313 5059 3415 5113 quo
3445 5040 3741 5097 Cotelerius

489 5152 616 5192 usus
641 5145 741 5202 est,
770 5136 1023 5202 validius,
1055 5143 1107 5191 et
1124 5136 1353 5205 cujusvis
1392 5135 1590 5205 judicii
1620 5136 1795 5190 critici
1835 5138 2077 5191 acumine
2113 5136 2374 5206 superius.
2426 5134 2567 5189 Nam
2612 5134 2820 5189 ercos
2854 5130 3128 5188 Vaticana:
3167 5132 3493 5187 bibliothecae
3534 5133 3741 5187 codices

489 5227 839 5301 perlustranti
880 5228 1009 5280 mihi
1042 5228 1287 5297 contigit,
1313 5236 1368 5279 ut
1399 5227 1694 5296 quindecim
1724 5227 1912 5281 abhinc
1942 5230 2094 5282 annis
2136 5227 2190 5281 in
2222 5245 2321 5284 ms.
2352 5228 2635 5282 inciderem
2678 5244 2780 5281 non
2812 5226 2983 5279 solum
3024 5224 3273 5279 Parisino
3310 5224 3466 5287 libro,
3491 5224 3596 5289 cui,
3621 5241 3743 5294 quas

490 5324 739 5377 hactenus
773 5316 1133 5374 Homiliarum
1178 5322 1537 5386 innatuerunt,
1578 5320 1841 5378 debemus.
1874 5320 2022 5391 longe
2059 5322 2425 5390 prwstantius,
2475 5337 2649 5375 verum
2677 5320 2838 5373 etiam
2866 5319 3144 5389 integrius,
3174 5319 3363 5389 quippe
3388 5317 3526 5389 quod
3562 5326 3611 5371 et
3649 5331 3744 5373 ea-

491 5422 612 5469 rum
638 5421 841 5482 partem
875 5419 984 5465 tam
1011 5412 1106 5466 diu
1136 5410 1338 5482 frustra
1380 5413 1687 5483 requisitam
1721 5413 1993 5482 prteberet.
2032 5414 2107 5468 Ac
2145 5413 2245 5483 fuit
2283 5414 2515 5484 quidem,
2549 5428 2666 5465 cum
2703 5410 2831 5465 mihi
2867 5422 3069 5482 quoque
3103 5421 3322 5481 tempus,
3358 5426 3477 5481 qua
3517 5409 3746 5480 feliciter

494 5508 820 5571 inveneram,
848 5502 1005 5575 digne
1042 5502 1352 5558 elaborandi
1380 5504 1641 5575 propitius
1666 5521 1966 5561 concessum
1994 5506 2107 5575 fore
2130 5504 2446 5570 arbitrarer,
2494 5506 2541 5558 si
2571 5503 2811 5572 iit/initus
2833 5502 2984 5558 labor
3019 5504 3234 5559 criticus
3269 5502 3478 5572 scriptis
3519 5501 3746 5557 Patruus

502 5598 919 5668 apostolicorum
944 5599 1285 5653 emendandis
1311 5616 1343 5653 a
1365 5616 1445 5655 me
1471 5609 1739 5670 susceptus
1766 5600 2117 5670 requiescendi
2157 5598 2365 5653 initium
2408 5598 2763 5651 concessisset.
2810 5595 2982 5662 Quam
3022 5615 3163 5665 spem
3193 5612 3347 5669 grave.
3389 5595 3743 5663 infortunium

491 5687 700 5755 fefellit.
735 5687 875 5744 Nam
907 5690 1096 5745 medici
1136 5689 1414 5754 cuiusdam
1448 5689 1778 5746 Monacensis
1822 5689 2026 5743 incuria
2069 5698 2223 5761 atque
2271 5689 2483 5743 inscitia
2527 5688 2695 5744 altero
2747 5689 2898 5744 oculo
2948 5700 3155 5761 captus,
3188 5687 3355 5742 altera
3398 5685 3738 5750 debilitatus,

3880 5538 3896 5919 i

3892 3315 3912 3668 ἰ

3901 4064 3906 4364 Ἀ

3895 4364 3904 4695 i
