3970 6148
335 275 400 332 st
1461 241 1914 336 CLEMEN'l‘lNA.
1956 313 2023 324 -
2056 281 2415 337 PROOEMIA.

337 401 591 462 quantum
622 392 933 445 valetudinis
965 394 1253 463 viriumque
1281 404 1576 464 supererat,
1609 396 1679 448 ad
1717 413 1776 450 ea
1809 393 2028 458 contuli,
2068 411 2184 465 qua:
2223 395 2440 463 majoris
2483 399 2730 451 momenti
2752 400 2877 452 mihi
2901 410 3051 454 erant
3088 400 3400 456 absolvenda
3429 413 3585 474 atque

335 490 672 561 perﬁcienaa.
711 487 826 553 Quo
857 489 997 557 facto
1027 488 1096 542 ad
1126 487 1444 544 Clementem
1472 491 1766 545 Romanum
1797 507 2028 545 reversus
2049 492 2167 562 jam
2183 492 2235 543 in
2255 491 2436 544 limine
2454 493 2690 562 cognovi,
2722 492 2783 545 ob
2815 497 3157 550 recentiorum
3189 497 3464 560 librorum,
3494 500 3586 569 qui

337 587 393 639 in
432 587 695 642 auxilium
725 586 944 639 vocandi
965 595 1156 652 essent,
1189 585 1372 641 Romae
1399 589 1698 658 penuriam,
1721 588 1890 658 justis
1916 588 2189 642 hominum
2221 589 2674 658 transalpinorum
2696 590 2973 646 desideriis
2995 608 3202 647 menon
3235 595 3313 647 ita
3363 595 3588 665 satisfa-

339 693 548 738 cturum
572 700 700 751 esse,
728 695 784 738 ut
818 685 874 736 in
901 699 1109 738 summa
1137 683 1370 752 faciendi
1409 675 1675 740 voluntate
1703 693 1816 739 erat
1848 694 1899 738 et
1929 684 2132 754 alioqui
2150 685 2268 754 ﬁeri
2309 686 2584 753 potuisset.
2622 684 2753 739 Haec
2781 686 3082 758 similiaque
3119 704 3233 740 cum
3267 699 3584 757 reputarem,

343 785 527 836 timens
551 799 612 836 ne
634 783 762 852 quid
791 783 1064 852 indignum
1082 785 1179 839 hac
1199 793 1354 839 (etate
1377 783 1506 836 mihi
1529 781 1812 846 excideret,
1828 798 1887 834 eo
1909 781 2015 850 fere
2037 791 2243 835 ventum
2266 791 2363 846 est,
2382 790 2438 834 ut
2461 798 2492 834 a
2517 780 2777 836 Clemente
2794 781 3031 836 Romano
3045 787 3335 854 euulgando
3365 787 3586 842 desiste-

343 893 468 932 rem.
492 877 739 932 Attamen
757 880 966 940 amicis.
982 897 1042 934 ne
1070 883 1275 935 inuenta
1293 879 1422 933 mihi
1444 877 1700 932 oblivione
1721 878 1890 930 denuo
1911 876 2275 945 sepelirentur,
2294 878 2486 930 iterum
2506 879 2798 947 iterumque
2819 878 3226 936 adhortantibus
3250 885 3458 937 tandem
3476 901 3588 938 cen-

343 975 427 1029 sui
439 990 550 1028 esse
577 975 1021 1030 cedendumJam
1046 978 1184 1030 enim
1201 991 1511 1046 persuasum
1530 974 1660 1027 mihi
1678 983 1776 1035 est,
1801 989 1916 1042 qua:
1941 971 2190 1026 Homiliis
2208 974 2396 1027 critica
2421 973 2753 1026 adminicula
2776 984 2888 1026 tum
2915 991 2942 1027 e
2961 975 3138 1029 codice
3155 989 3377 1046 reperto,
3394 990 3503 1031 tum
3525 996 3594 1033 eo;

342 1073 568 1126 editione
596 1072 835 1142 principe
859 1071 1040 1136 attuli,
1081 1074 1129 1126 si
1165 1085 1369 1142 partem
1399 1071 1652 1124 hactenus
1681 1069 1935 1122 ineditam
1960 1069 2151 1132 addas,
2191 1087 2366 1122 coram
2408 1070 2496 1134 iis,
2527 1085 2678 1138 penes
2718 1085 2847 1138 quos
2883 1071 3039 1140 lmjus
3059 1074 3156 1137 ,rci
3189 1073 3455 1142 judicium
3488 1087 3588 1139 est,

341 1164 673 1232 aequiparare
696 1180 756 1216 ea
794 1180 946 1233 posse
971 1166 1182 1234 quantis
1209 1164 1405 1218 notulis
1431 1163 1818 1233 cxplanotoriis
1847 1162 2021 1216 adhuc
2048 1163 2280 1231 indigere
2311 1163 2608 1216 videantur.
2647 1163 2721 1217 Ac
2763 1165 3023 1218 mentione
3053 1166 3302 1219 editionis
3337 1167 3592 1236 principis

343 1259 490 1326 facta
518 1276 623 1312 non
662 1259 795 1312 satis
826 1260 1014 1312 mirari
1039 1276 1276 1328 possum,
1302 1259 1562 1329 quomodo
1595 1257 1908 1328 Schwegleri
1932 1256 2263 1326 diligentiam
2302 1265 2352 1309 et
2389 1258 2736 1326 sagacitatem
2765 1275 2970 1311 summa
3008 1261 3294 1313 necessitas
3325 1261 3590 1330 effugerit,

342 1370 457 1407 eam
483 1355 562 1408 vel
598 1356 998 1410 accuratissime
1033 1359 1311 1420 revisendi,
1352 1374 1452 1427 quo
1484 1356 1786 1411 vulneribus
1819 1357 1872 1410 in
1900 1355 2070 1409 tribus
2099 1354 2156 1409 J.
2195 1355 2389 1408 Clerici
2416 1357 2537 1411 edd.
2582 1373 2670 1409 an.
2720 1355 2878 1422 1698,
2910 1356 3067 1423 1700,
3100 1358 3238 1412 1724
3278 1361 3446 1413 textui
3479 1360 3594 1430 ejus

343 1449 563 1520 inﬂictis
598 1453 799 1506 medela
824 1453 1128 1521 a/ferretur.
1164 1452 1300 1508 Istic
1338 1452 1831 1507 nimirum—sileo
1863 1451 2072 1505 levioris
2114 1452 2363 1504 momenti
2416 1452 2604 1503 menda
2636 1479 2693 1490 η
2723 1450 2904 1503 multa:
2951 1467 3093 1506 voces
3136 1455 3379 1521 omissae,
3419 1455 3594 1524 plures

344 1548 743 1604 contra'Paris.
773 1549 896 1604 libri
927 1553 1300 1605 auctoritatem
1339 1553 1450 1605 sine
1488 1549 1602 1604 ulla
1647 1567 1811 1603 causa
1842 1549 2002 1602 tacite
2049 1558 2287 1612 mutatas,
2317 1547 2562 1617 plurima:
2601 1562 2868 1616 perperam
2899 1557 3180 1618 corruptor.
3215 1547 3348 1614 Quae
3384 1552 3593 1621 quidem

343 1646 528 1713 paucis
555 1647 785 1716 exceptis
811 1665 912 1702 non
935 1648 1103 1703 solum
1128 1665 1160 1702 a
1186 1649 1470 1702 novissimo
1499 1649 1700 1701 editore
1734 1647 1974 1716 repetita,
1999 1645 2090 1698 sed
2121 1661 2252 1698 nova
2289 1659 2530 1699 errorum
2573 1645 2810 1713 congerie
2843 1653 2999 1697 aucta
3030 1654 3175 1698 sunt.
3211 1643 3267 1699 1s
3304 1648 3444 1700 enim
3470 1644 3592 1710 Cle-

346 1741 446 1793 rici
485 1743 835 1796 recensionem
860 1754 1056 1797 textum
1083 1741 1330 1796 editionis
1368 1759 1449 1808 pr.
1483 1742 1768 1812 genuinum
1797 1752 2017 1809 putans,
2041 1741 2232 1793 centies
2258 1739 2517 1794 (.‘otelerio
2555 1740 2688 1794 hanc
2718 1739 2926 1794 illamve
2952 1741 3228 1795 lectionem
3273 1758 3362 1794 seu
3405 1741 3593 1794 bonam

342 1853 437 1891 seu
465 1853 685 1906 pravam
711 1840 934 1908 aﬁinxit,
968 1841 1031 1894 de
1055 1857 1160 1910 qua
1190 1839 1280 1893 ille
1309 1856 1371 1893 ne
1400 1839 1666 1892 somniare
1694 1838 1901 1908 quidem
1935 1853 2096 1890 ausus
2123 1845 2220 1893 est.
2268 1836 2433 1891 Taceo
2480 1838 2704 1908 reliqua,
2735 1855 2852 1908 qum
2899 1837 2963 1891 ob
3005 1838 3130 1891 aliis
3167 1836 3392 1906 intelligi
3429 1835 3592 1894 malo.

343 1948 503 1998 quam
530 1950 563 1987 a
602 1951 682 1988 me
713 1936 840 1991 dici.
875 1935 958 1990 Ne
989 1935 1161 1989 multa
1185 1951 1204 1989 .'
1234 1952 1297 1988 en
1348 1935 1444 1988 tibi
1500 1934 1852 1988 recensionem
1902 1930 2264 1985 llomiliarum
2307 1933 2571 2001 prioribus
2607 1934 2990 1986 accuratiorem
3033 1941 3103 1997 et,
3157 1933 3204 1986 si
3242 1933 3596 2000 integritatem

342 2034 553 2094 spectas
585 2026 846 2090 ,omnibus
889 2029 1121 2082 numeris
1149 2027 1470 2081 absolutam.
1505 2026 1686 2096 Neque
1711 2041 1827 2078 vero
1848 2023 1968 2090 illa,
1999 2041 2118 2090 quae
2163 2041 2308 2079 novae
2336 2027 2457 2078 huic
2493 2027 2716 2080 editioni
2755 2037 3062 2081 ornamento
3089 2035 3186 2091 est,
3220 2025 3420 2096 glorior
3458 2028 3597 2080 inte-

344 2119 541 2190 gritate
561 2134 580 2173 :
614 2121 754 2174 alius
782 2138 981 2193 quoque
1011 2124 1242 2176 invenire
1277 2123 1554 2192 potuisset,
1579 2137 1696 2191 quae
1725 2120 1853 2173 mihi
1885 2120 2114 2173 invenire
2159 2121 2398 2190 contigit,
2428 2123 2666 2190 quamris
2691 2123 2758 2176 ad
2786 2140 2948 2176 unum
2975 2139 3148 2176 onmes
3179 2138 3240 2174 ea
3266 2121 3440 2178 adhuc
3462 2139 3600 2191 pra:-

341 2217 603 2272 terierint.
629 2217 792 2287 Atqui
833 2236 895 2273 ea
923 2219 1169 2273 humana:
1200 2223 1321 2273 vita:
1350 2218 1582 2272 conditio
1607 2226 1708 2280 est,
1738 2224 1794 2269 ut
1833 2217 2030 2282 pturies
2075 2224 2311 2284 negetur,
2351 2216 2478 2285 quin
2510 2232 2569 2269 eo
2607 2216 2801 2287 aliquis
2842 2218 3118 2286 qucesitum
3158 2224 3244 2268 eat
3277 2231 3379 2284 quo
3416 2215 3599 2270 luben—

342 2313 545 2368 tissime
575 2314 718 2382 velit,
743 2317 1032 2370 secundum
1062 2315 1306 2370 Crwcum
1336 2314 1472 2368 illud
1497 2329 1514 2366 :

922 2469 924 2476 ι
1087 2412 1169 2463 Οὐ
1201 2409 1426 2474 παντὸς
1462 2407 1680 2476 ἀνδρὸς
1708 2408 1774 2475 ἐς
1801 2409 2094 2475 Κορινθον
2123 2405 2248 2459 ἐσθ’
2277 2409 2309 2460 ό
2338 2406 2549 2473 πλοῦς.

415 2503 618 2576 Scripsi
646 2505 827 2561 Roma:
851 2505 978 2560 Kal.
1017 2506 1132 2560 Jul.
1168 2505 1327 2560 1852.

938 2663 1392 2728 CLEMENTIS
1437 2662 1757 2724 ROMANI
1817 2661 2344 2724 HOMILIARUM
2407 2660 2750 2723 CODlCES
2803 2663 2976 2725 MSS.

412 2787 466 2842 1.
509 2785 565 2840 In
604 2785 910 2856 Defensione
936 2803 1030 2857 pro
1061 2785 1364 2841 Curionibus
1397 2788 1758 2855 apostolorum
1801 2797 1850 2840 et
1905 2787 2162 2856 Epistolis
2198 2787 2508 2856 pontiﬁcum
2552 2783 2879 2840 Franciscus
2911 2785 3214 2840 Turrianus
3252 2801 3282 2839 e
3323 2801 3426 2839 ms.
3457 2801 3597 2855 quo-

340 2877 474 2933 dam
521 2877 708 2932 Grazca
746 2879 900 2942 citat,
939 2894 1062 2948 quae
1095 2878 1149 2932 in
1175 2877 1471 2933 Clementis
1498 2877 1564 2933 R.
1598 2878 1850 2934 llomiliis
1883 2879 2251 2948 reperiuntur.
2295 2878 2414 2931 Alia
2466 2875 2867 2946 Metaphrasten
2919 2878 3083 2938 olent.
3127 2881 3229 2935 alia
3276 2881 3341 2935 ad
3372 2879 3598 2936 0ttobo~

339 2973 496 3028 niani
526 2973 814 3028 lectionem
847 2981 943 3027 aut
975 2989 1142 3044 prope
1171 2974 1459 3042 accedunt,
1493 2983 1589 3030 aut
1616 2975 1751 3029 nihil
1778 2975 1847 3029 ab
1874 2990 1938 3030 ea
1967 2973 2248 3031 dillerunt.
2286 2973 2656 3029 Nihilosecius
2681 2990 2908 3044 prorsus
2954 2976 3099 3030 aliud
3131 2987 3213 3033 est
3244 2995 3307 3032 ac
3347 2987 3600 3034 nostrum

335 3079 394 3124 et
422 3066 763 3122 Parisinum.
802 3066 860 3120 Id
885 3070 1019 3126 satis
1047 3088 1189 3128 unus
1217 3073 1306 3126 ille
1337 3075 1495 3127 locus
1525 3071 1723 3142 probat
1759 3072 1813 3126 in
1862 3072 2089 3142 epistola
2126 3070 2384 3126 'I'urriani
2430 3073 2498 3126 ad
2539 3071 2765 3128 Hosium
2798 3072 3133 3127 cardinalem
3180 3074 3402 3134 allatus.
3435 3089 3598 3144 quem

338 3161 421 3218 hic
457 3161 626 3216 habes
655 3161 708 3215 in
735 3160 895 3218 Hom.
930 3179 1067 3230 xv",
1106 3166 1195 3221 l5.
3553 3213 3576 3244 ν

409 3255 468 3310 2.
517 3272 537 3306 ι
574 3254 880 3312 Cotelerius
931 3260 1208 3330 exemplar
1248 3276 1409 3316 suum
1442 3272 1717 3327 accurate,
1748 3259 1858 3315 imo
1898 3261 2172 3331 religiose,
2222 3277 2293 3316 ne
2348 3262 2587 3317 litterula
2619 3263 2836 3332 quidem
2862 3271 3091 3330 mutata,
3115 3265 3404 3334 descripsit
3433 3282 3502 3320 ex
3527 3282 3596 3321 eo

334 3353 534 3408 codice
562 3351 947 3420 llomiliarum,
979 3357 1071 3423 qui
1101 3369 1264 3421 unus,
1297 3363 1566 3424 quantum
1596 3357 1788 3420 sciam,
1829 3356 2090 3426 temporis
2129 3357 2361 3427 injurias
2404 3357 2648 3427 pertulit,
2698 3357 2997 3413 Parisiensi
3033 3358 3202 3429 Regio
3247 3360 3386 3416 1648
3420 3362 3590 3432 (iturae

337 3447 507 3513 1196,
537 3447 583 3502 si
609 3458 756 3501 recte
785 3463 1024 3517 auguror
1053 3463 1119 3502 ex
1147 3447 1320 3504 Catal.
1349 3451 1470 3505 cod.
1506 3467 1638 3506 mss.
1675 3451 1812 3506 Bibl.
1853 3451 1986 3522 Reg.
2028 3452 2152 3508 Par.
2212 3454 2372 3522 1740,
2408 3463 2539 3509 tom.
2579 3452 2645 3519 ll,
2693 3454 2748 3508 in
2792 3470 2954 3525 quem
3005 3456 3217 3510 numeri
3261 3457 3587 3513 Coteleriani

333 3557 456 3597 non
489 3540 867 3611 conveniunt).
898 3539 954 3595 ln
995 3541 1301 3597 subsidium
1330 3543 1579 3598 adhibuit
1610 3544 2003 3600 Clementinam
2055 3545 2364 3615 Epitomen,
2412 3562 2574 3614 quam
2625 3556 2678 3601 et
2715 3548 2888 3617 ipsam
2923 3563 2954 3602 e
3016 3548 3134 3605 cod.
3164 3547 3293 3618 Reg.
3336 3548 3599 3604 'l-descri-

334 3643 495 3706 ptam
523 3632 577 3686 in
603 3647 768 3702 opere
798 3647 922 3698 suo,
952 3634 1164 3702 primus
1190 3642 1315 3704 post
1343 3633 1682 3701 Turnebum,
1715 3635 1916 3705 publici
1941 3635 2083 3704 juris
2113 3635 2260 3690 fecit.
2298 3634 2590 3692 Praeterera
2626 3638 2867 3693 excussit
2891 3639 3049 3694 codd.
3083 3640 3212 3711 Reg.
3251 3640 3353 3694 HS
3381 3651 3435 3695 et
3456 3641 3584 3709 801,

333 3724 438 3794 qui
476 3723 757 3777 continent
795 3723 1039 3776 eamdem
1069 3723 1375 3793 Epitomen,
1406 3726 1498 3781 sed
1543 3726 1705 3795 paulo
1735 3727 2034 3781 auctiorem
2067 3743 2131 3782 ex
2165 3726 2524 3783 llomiliarum
2562 3728 2888 3801 fragmentis
2923 3730 3016 3800 (cf.
3051 3749 3172 3802 quae
3213 3734 3598 3790 adnotavimus

335 3819 407 3874 ad
440 3819 532 3880 11,
552 3819 586 3873 5
608 3817 796 3891 [infra,
823 3821 928 3878 col.
953 3820 1044 3892 53]
1069 3831 1116 3876 et
1145 3822 1502 3895 555,18lcol.
1525 3823 1679 3895 295].
1725 3821 1795 3879 lis
1819 3825 2080 3880 subsidiis
2105 3825 2411 3882 Cotelerius
2440 3827 2512 3881 ita
2532 3844 2666 3883 usus
2691 3837 2794 3894 est,
2823 3837 2881 3883 ut
2906 3829 3047 3884 haud
3071 3844 3240 3900 pauca
3263 3829 3467 3884 codicis
3495 3831 3586 3884 sui

335 3919 544 3974 menda
575 3918 629 3972 in
660 3917 906 3986 margine
932 3913 1190 3969 editionis
1221 3930 1333 3969 suae
1368 3924 1551 3985 posset
1581 3917 1894 3971 emendare.
1940 3935 1960 3968 ι
1995 3915 2072 3971 lta
2118 3918 2496 3990 Schweglerus
2534 3921 2586 3973 in
2629 3919 2972 3976 Prtefatione.
3011 3921 3123 3992 Ego
3153 3922 3370 3991 quidem
3400 3922 3591 3977 dubito

340 4030 480 4070 num
525 4011 828 4067 Cotelerius
856 4010 910 4063 in
943 4010 1302 4065 describendo
1334 4011 1522 4066 codice
1546 4009 1720 4066 Paris.
1753 4012 1931 4067 ubivis
1965 4013 2055 4066 illa
2087 4013 2191 4066 ﬁde
2223 4022 2387 4082 atque
2427 4014 2688 4084 religione
2717 4031 2850 4069 usus
2886 4015 3067 4081 fuerit,
3113 4033 3220 4086 qua
3258 4017 3312 4070 in
3359 4018 3461 4071 hoc
3491 4033 3589 4086 ge-

336 4125 478 4165 nere
513 4124 654 4179 opus
682 4117 766 4162 est
795 4126 807 4159 :
843 4108 896 4162 id
927 4107 1072 4176 quod
1101 4121 1166 4160 ex
1211 4107 1398 4162 multis
1425 4107 1562 4162 locis
1601 4122 1726 4161 cum
1765 4116 1953 4162 nostro
1981 4107 2227 4177 ejusdem
2257 4105 2477 4180 familia:
2518 4108 2893 4178 manuscripto
2921 4119 3173 4163 accurate
3217 4109 3430 4164 collatis
3478 4111 3601 4166 luce

335 4211 550 4268 clarius
568 4218 812 4278 apparet.
835 4208 1017 4263 Codex
1045 4209 1218 4262 Paris.
1255 4224 1571 4279 quanquam
1596 4209 1650 4263 in
1681 4207 1859 4262 fronte
1879 4225 1903 4263 e

2030 4217 2100 4263 tet
2129 4226 2141 4260 :
2168 4209 2385 4271 Βίϐλος
2400 4207 2631 4274 ἔχουσα
2655 4208 2892 4275 ὁμιλίας
2921 4207 3243 4276 διαφόρους
3265 4207 3380 4260 ἀπὸ
3395 4204 3598 4276 φωνῆς

336 4307 452 4362 τοῦ
487 4307 661 4374 ἁγίου
690 4304 916 4373 Πέτρου
948 4305 1053 4359 τοῦ
1094 4305 1460 4368 ἀποστόλου,
1494 4303 1906 4373 συπηραερεῖσα
1931 4304 2048 4359 ὑπὸ
2081 4303 2186 4357 τοῦ
2216 4303 2387 4373 ἁγίου
2415 4301 2780 4372 Κλήμεντος,
2821 4306 2859 4370 ἠ
2911 4303 3202 4373 λεγομένη
3251 4303 3592 4373 Κλημὲντια,

338 4397 662 4451 τουτέστιν
689 4396 1006 4467 Κλήμεντος
1043 4397 1468 4466 συγγράμματα.
1503 4395 1766 4464 Περιέχει
1785 4395 1852 4449 δὲ
1871 4397 1908 4464 ἡ
1927 4395 2079 4463 αὐτὴ
2095 4396 2312 4462 βίϐλος
2350 4393 2488 4447 τάδε
2511 4411 2523 4423 ·
2564 4395 2898 4464 προλόγους
2933 4395 3107 4463 τρεῖς,
3131 4395 3364 4463 ὁμιλίας
3381 4395 3592 4457 εἴκοσι,

338 4494 580 4548 mutilus
621 4501 800 4546 tamen
832 4492 1035 4548 desinit
1069 4494 1120 4546 in
1151 4492 1312 4547 Hom.
1343 4510 1455 4558 XIX,
1495 4493 1581 4547 14.

412 4591 472 4645 3.
513 4589 700 4644 Codex
733 4606 837 4644 ms.
868 4590 962 4659 qui
994 4589 1061 4642 ad
1111 4603 1306 4643 novam
1357 4587 1717 4642 llomiliarum
1764 4589 2056 4643 editionem
2090 4588 2486 4642 conﬁciendam
2534 4588 2785 4642 criticum
2835 4604 3033 4657 penum
3085 4587 3216 4642 mihi
3265 4588 3476 4657 aperuit
3510 4590 3596 4642 vel

340 4687 713 4753 uberrimum,
745 4699 1049 4753 earumque
1113 4683 1273 4738 linem
1310 4684 1595 4754 hucusque
1627 4685 1995 4738 desideratum
2030 4685 2226 4740 unicus
2257 4685 2506 4754 largitur,
2538 4685 2605 4738 ad
2654 4700 2774 4738 eam
2811 4686 3044 4754 pertinet
3075 4683 3350 4738 Vaticana:
3395 4684 3593 4738 biblio-

336 4785 524 4838 thecae
555 4792 788 4852 partem,
818 4797 942 4853 qua:
972 4779 1338 4835 Ottoboniaua
1372 4781 1709 4835 nominatur.
1762 4781 2102 4837 Chal-tacens
2132 4791 2232 4847 est,
2283 4781 2472 4836 formae
2505 4792 2732 4851 quartae,
2765 4761 3165 4852 insigniturqite
3196 4795 3423 4834 numero
3466 4781 3591 4837 445.

335 4878 624 4934 Exaratus
651 4894 773 4934 esse
799 4877 1018 4933 videtur
1057 4876 1278 4930 ineunte
1324 4892 1449 4931 saec.
1501 4893 1611 4942 xw,
1665 4876 1836 4930 nitida
1887 4877 2103 4946 quidem
2151 4876 2337 4931 Graeca
2383 4893 2568 4938 rnanu,
2598 4876 2693 4931 sed
2743 4877 2813 4931 ob
2844 4876 3130 4932 inusitatas
3175 4877 3364 4946 siglas,
3394 4877 3594 4948 quibus

334 4974 548 5038 utitur,
580 4974 783 5044 passim
809 4975 1062 5044 ambigua
1094 4984 1150 5029 et
1178 4973 1540 5040 subobscura,
1572 4989 1672 5028 nec
1718 4974 1921 5044 ubique
1968 4972 2113 5026 facili
2159 4973 2323 5027 lectu.
2355 4971 2664 5039 Quamlibet
2711 4974 2987 5043 paginam,
3021 4973 3066 5026 si
3113 4974 3253 5028 tituli
3298 4984 3598 5029 occurrunt

335 5067 510 5134 nulli,
530 5084 724 5126 versus
747 5069 934 5140 viginti
961 5077 1166 5138 septem
1185 5068 1421 5137 explent.
1441 5066 1498 5121 In
1519 5069 1697 5138 primo
1713 5066 1934 5122 Codieis
1958 5067 2088 5121 folio
2109 5067 2232 5120 albo
2262 5067 2541 5136 appositus
2566 5065 2761 5136 legitur
2781 5081 3043 5120 numerus
3065 5065 3201 5134 M5;
3239 5065 3291 5119 in
3312 5064 3593 5136 sequenti:

773 5167 1026 5222 Clemens
1058 5165 1340 5220 Romanus
1365 5166 1431 5219 de
1460 5164 2000 5237 Percgrinationihus
2033 5164 2091 5220 S.
2122 5164 2268 5219 Petri
2302 5163 2396 5218 fol.
2431 5163 2486 5217 Ξ.

774 5255 1030 5324 Ejusdem
1063 5256 1361 5310 Clementis
1391 5255 1899 5325 Peregrinationum
1929 5255 2177 5328 Epitome
2202 5255 2294 5309 fol.
2324 5253 2446 5309 161.

773 5351 1016 5422 Gregorii
1049 5351 1275 5424 Nysseui
1302 5353 1479 5408 oratio
1511 5353 1564 5406 in
1594 5353 1725 5407 illud
1758 5353 1911 5408 Pauli
1939 5373 1952 5409 :
1988 5356 2125 5409 Cum
2156 5352 2403 5423 subjecta
2437 5351 2662 5407 fuerint»

778 5447 856 5502 illi
887 5449 1092 5516 omnia,
1129 5459 1259 5506 tunc
1288 5458 1342 5506 et
1373 5449 1488 5520 ipse
1516 5450 1682 5518 titius,
1717 5449 1951 5514 etc.,l‘ol.
1988 5450 2117 5503 255.

1885 5543 2006 5599 .I'.

1949 5647 2009 5706 X

1941 5741 2024 5794 19.
