3970 6148
407 226 480 282 23
1103 287 1107 291 ,
1330 223 1389 277 S.
1433 220 1821 279 CLEMENTIS
1857 221 1877 277 l
1906 221 2072 279 ROM.
2113 221 2314 280 PONT.
2356 223 2585 281 OI’ERA
2622 224 2845 283 DUBIA.
3586 223 3654 279 24

411 317 468 372 In
504 325 736 388 utraque
771 315 968 387 pagina
1004 313 1389 386 subsequentis
1435 315 1551 371 lolii
1598 332 1886 372 numerum
1927 316 1946 370 l
1983 316 2036 370 in
2084 315 2267 373 fronte
2317 315 2548 373 ferentis
2597 328 2777 373 exstat
2800 318 3163 388 fragmentum
3191 317 3653 374 Clementinorum

411 409 688 480 procemii,
721 409 864 479 quod
898 407 1135 478 incipit:
1167 407 1374 471 Αὐτοὺς
1406 408 1812 482 φρονιμώτερον
1845 412 1979 482 ὲπιχι

2085 412 2210 467 ιῦσιν
2243 411 2553 482 desinitque
2595 413 2652 467 in
2696 412 2824 469 vbh.
2855 412 2997 484 ἄλλῳ
3024 412 3341 484 οἱῳδήπατε.
3385 410 3500 468 Hoc
3543 410 3653 465 ira-

409 509 690 572 glnentum
720 500 824 555 alia
855 515 1046 568 manu,
1075 515 1248 570 eaque
1271 515 1396 556 saec.
1433 515 1500 555 xv
1548 513 1832 558 exaratum
1864 514 1916 560 et
1966 505 2184 560 aliunde
2228 505 2474 560 excisum
2522 514 2678 575 puto.
2707 503 2826 559 Jam
2865 505 3140 561 invenitur
3182 504 3416 558 alterum
3465 501 3653 556 folium

407 596 592 650 album
619 610 850 649 numero
877 609 1091 650 carens.
1123 593 1178 647 In
1205 593 1359 658 folio,
1390 596 1536 666 quod
1576 597 1825 665 sequitur
1853 612 2084 652 numero
2105 597 2140 651 2
2158 597 2434 664 distincto,
2452 612 2576 652 cum
2597 597 2795 668 praevia
2823 595 3378 667 inscriptioneinctpit
3415 591 3654 663 Epistola

410 692 547 747 Petri
575 691 642 747 ad
671 690 933 748 Jacobum
955 691 1102 757 data,
1129 690 1215 744 cui
1234 691 1440 762 reliqua
1465 691 1801 746 Clementina
1829 700 2222 747 annectuntur.
2249 691 2380 758 Quae
2409 701 2707 748 occurrunt
2736 691 3120 762 inscriptiones
3141 691 3441 763 itidemque
3462 691 3655 746 litteras

412 788 644 844 initiaies
701 787 1058 843 Homiliarum
1115 785 1275 840 sicuti
1322 785 1687 856 quorumdam
1746 795 2082 842 commatum
2111 787 2282 842 minio
2311 788 2480 842 rubro
2506 786 2664 858 pictae
2704 796 2852 842 sunt.
2891 785 3242 858 Singularum
3292 786 3653 842 Homiliarum

404 895 668 937 numerus
717 879 922 936 Graecis
969 877 1164 933 litteris
1216 876 1560 947 exprimitur,
1615 875 1775 932 tertia
1836 891 1968 932 exce

2119 885 2174 932 et
2201 877 2434 947 decima,
2474 878 2571 934 ubi
2617 887 2703 934 est
2730 878 2916 950 ὁμιλία
2945 878 3102 951 τρίτη
3134 888 3189 934 et
3217 879 3403 952 ὁμιλία
3430 879 3653 950 δεκάτη.

407 973 546 1046 (Cfr.
603 973 882 1044 specimen
937 971 1226 1042 scriptura;
1273 970 1422 1043 ligno
1472 969 1704 1024 incisum
1761 969 1816 1023 in
1871 971 2060 1025 tabula
2101 969 2244 1026 infra
2311 972 2573 1043 annexa.)
2628 972 2710 1027 Ad
2765 987 2919 1027 oram
2979 974 3186 1030 codicis
3236 974 3656 1044 quamplurima:

405 1070 599 1141 glossae
621 1068 799 1140 prima
823 1083 989 1123 manu
1019 1067 1344 1137 conscriptae
1389 1074 1672 1136 apparent,
1719 1066 1926 1123 nullius
1974 1067 2196 1137 quidem
2244 1068 2530 1134 momenti,
2564 1069 2609 1124 si
2659 1082 2864 1139 paucas
2903 1067 3166 1139 excipias.
3209 1070 3478 1126 Adnotavi
3533 1085 3659 1140 qua:

405 1163 564 1218 utiles
613 1176 738 1218 esse
788 1170 1107 1232 potuerunt.
1151 1159 1332 1216 Pluris
1369 1159 1632 1216 facienda:
1675 1168 1805 1216 sunt
1850 1160 2184 1232 conjectura:
2225 1175 2391 1216 manu
2433 1159 2724 1217 recentiori
2755 1161 2988 1232 margini
3038 1162 3296 1218 distincto
3338 1163 3656 1218 charactere

403 1254 686 1325 appositae.
719 1252 900 1312 Habes
929 1269 1148 1326 quoque
1178 1255 1245 1310 ad
1275 1268 1432 1308 oram
1472 1255 1690 1311 notulas
1718 1254 1913 1309 rubras
1947 1271 1963 1311 :
2019 1251 2209 1307 κανά⁹
2255 1265 2431 1322 usque
2481 1251 2549 1308 ad
2595 1249 2820 1322 xav'tf,
2875 1266 3080 1323 easque
3109 1245 3284 1323 prima
3328 1267 3494 1308 manu
3541 1261 3654 1309 tam

402 1348 721 1404 indistincte
755 1357 975 1419 tamque
1019 1348 1198 1418 inepte
1243 1347 1603 1417 conscriptas,
1635 1357 1695 1402 ut
1726 1346 1921 1402 nullibi
1970 1361 2097 1401 cum
2135 1351 2286 1399 textu
2335 1343 2627 1415 quadrent.
2678 1341 2864 1399 Prima
2891 1342 3168 1399 invenitur
3209 1343 3368 1398 initio
3397 1343 3656 1414 Epistolae

401 1439 698 1498 Clementis
727 1439 795 1496 ad
825 1438 1091 1495 Jacobum
1136 1454 1205 1496 ex
1247 1439 1500 1504 adverso,
1536 1439 1729 1494 ultima
1776 1439 1830 1494 in
1878 1437 2122 1508 margine
2154 1437 2305 1491 hom.
2339 1435 2383 1500 Ι,
2413 1435 2468 1501 6,
2505 1435 2609 1492 sub
2646 1436 2834 1491 linem.
2871 1434 3044 1492 Nullae
3083 1436 3324 1507 capitum
3358 1437 3651 1494 sectiones.

402 1537 805 1608 Orthographia
839 1537 983 1592 haud
1013 1551 1138 1592 raro
1170 1537 1403 1593 solmca:
1432 1536 1970 1606 κριττονα,κυ6ερνι

2081 1553 2125 1599 ς,
2140 1533 2619 1604 τυμνιτεύοντες,
2649 1531 2908 1603 θεώτητι,
2931 1533 3253 1602 γνομόνως,
3278 1533 3649 1598 πείσθεσθαι,

403 1629 738 1698 ἐπίστηται,
785 1628 1066 1700 ὑποργεῖν
1111 1645 1165 1700 p.
1219 1627 1561 1697 ὑπουργεῖν,
1621 1626 1804 1697 αἱρῶν
1837 1642 1891 1696 p.
1922 1625 2094 1694 ἐρῶν,
2123 1625 2335 1678 καινόν
2363 1626 2624 1694 μκενόν,
2656 1624 2872 1695 ὐφέξιν
2900 1640 2954 1696 p.
2985 1622 3252 1692 ὑφέξειν,
3297 1624 3555 1680 λοιποῦν
3593 1639 3648 1696 p.

403 1723 666 1787 λυποῦν,
698 1724 1123 1792 ηὐχαρίσθησα
1149 1739 1204 1792 p.
1235 1723 1678 1792 ηὐχαρίστησα,
1712 1721 1971 1790 saeropr

2089 1733 2142 1788 p.
2176 1719 2516 1788 φρενωθείς,
2563 1717 2689 1773 ἅδεα
2731 1733 2785 1787 p.
2813 1716 2948 1788 ᾄδῃ.
2978 1716 3200 1786 Multas,
3231 1733 3355 1789 qua:
3384 1717 3546 1773 etiam
3595 1718 3651 1774 in

407 1813 511 1873 hoc
541 1816 732 1874 codice
767 1815 1132 1886 reperiuntur,
1164 1818 1390 1873 lacunas
1421 1816 1580 1873 uncis
1607 1815 1816 1872 criticis
1847 1811 2047 1870 inclusi
2086 1812 2551 1885 conjectandoque
2577 1811 2809 1884 explevi.

1690 1953 1980 2006 LITTERE
2004 1949 2392 2006 EIPLICATE.

651 2077 714 2138 Ο,
745 2075 850 2127 Ott.
873 2102 936 2138 -τ-
956 2076 1122 2128 Codex
1156 2077 1519 2129 Ottobonianus
1557 2078 1666 2130 445.

646 2137 704 2212 ρ,
736 2138 791 2189 Ci
809 2162 872 2212 ῖ-
889 2137 1187 2212 Cptelerins,
1209 2140 1448 2192 Cotelerli
1475 2139 1588 2206 (Ed.
1613 2141 1729 2194 Lnt.
1759 2139 1916 2194 Paris.
1947 2141 2109 2198 1672.)

652 2201 699 2253 D
727 2227 793 2238 —-
813 2199 1060 2250 Davisius.
1173 2199 1181 2201 “
1482 2199 1492 2206 ’

651 2259 708 2330 91
736 2288 802 2330 :_-
823 2262 1041 2330 ειεῐίςυε
1067 2261 1177 2330 (Ed-
1199 2260 1566 2330 Amateledami
1588 2262 1750 2330 17.24,.)

650 2321 710 2386 8,
733 2322 788 2374 Si
818 2349 880 2362 —-
905 2321 1258 2387 Schweglerus
1300 2327 1610 2392 Schwegleri
1629 2321 1744 2392 (Ed.
1763 2325 2072 2394 Stuttgartia:
2092 2325 2211 2376 biit"
2241 2325 2257 2368 δ
