3970 6148
283 240 352 299 Ib
1129 242 1585 300 CLEMENTINA.
1623 275 1694 286 —
1729 244 2066 303 EPISTOLA
2103 246 2310 304 PETRI
2345 248 2439 303 AD
2474 247 2806 307 JACOBUM.
3441 251 3514 308 26

285 393 3479 431 __————_____..____..__________..___________________________

977 519 1993 638 CLEMENTIS
2069 525 2807 641 ROMANI

1682 749 1798 798 om:
1838 751 2122 794 rsnuurun

1219 905 1862 1023 HOMILUE
1945 912 2552 1032 VIGINTI.

339 1228 417 1299 ι-
443 1226 494 1298 3
523 1227 868 1283 ΕΠΙΣΤΟΛΗ
899 1227 1174 1284 ΠΕΤΡΟΥ
1204 1229 1382 1283 ΠΡΟΣ
1412 1231 1711 1289 ΙΑΚΩΒοΝ
1731 1234 1770 1290 ί.
1866 1232 1916 1282 Α

334 1345 605 1398 ΠΕΤΡΟΣ
642 1341 894 1416 ΙΑΚΩΒῼ
917 1383 932 1407 ,
978 1344 1057 1416 τῷ
1098 1346 1272 1417 κυρίῳ
1304 1348 1398 1400 καὶ
1431 1349 1711 1422 ὲπισκόπῳ
1741 1353 1842 1423 τῆς

265 1436 422 1505 άγίας
467 1435 813 1508 Ἐκκλησίας,
849 1437 953 1514 ὑπὸ
985 1437 1081 1490 τοῦ
1133 1437 1243 1492 τῶν
1285 1437 1420 1492 ὅλων
1453 1441 1702 1512 Πατρὺς,
1753 1443 1840 1498 διὰ

276 1527 452 1600 Ἰησοῦ
486 1527 748 1600 Χριστοῦ,
781 1528 972 1600 εἰρήνη
1007 1529 1090 1600 εἴη
1128 1529 1358 1583 πάντοτε
1380 1532 1421 1584 ³.

329 1621 372 1673 1.
408 1617 581 1682 Εἰδὼς
614 1635 696 1684 σε,
727 1619 925 1689 ἀδελφέ
957 1637 1082 1689 μου,
1116 1622 1198 1684 είς
1227 1621 1288 1674 τὸ
1318 1625 1472 1694 κοινῇ
1509 1624 1672 1676 πᾶσιν
1707 1625 1838 1695 ἡμῖν

261 1707 542 1780 συμφέρον
572 1707 868 1761 σπεύδοντα
899 1709 1211 1780 προθύμως,
1233 1709 1368 1777 άξιῶ
1392 1713 1484 1765 καὶ
1501 1713 1712 1784 δέομαι,
1731 1714 1838 1768 τῶν

257 1797 410 1868 ἐμῶν
437 1799 810 1870 κηρυγμάτων
841 1798 907 1864 ἃς
938 1800 1158 1872 ἔπεμψά
1180 1819 1260 1855 σοι
1285 1803 1498 1872 βίϐλους
1521 1805 1707 1877 μηδενὶ
1731 1808 1837 1862 τῶν

258 1886 370 1941 ἀπὸ
382 1888 491 1942 τῶν
523 1888 693 1943 ὲθνῶν
712 1891 1036 1960 μεταδοῦναι
1059 1893 1196 1965 μήτε
1227 1894 1482 1966 ὁμοφύλῳ
1497 1897 1602 1970 πρὸ
1621 1897 1835 1970 πείρας,

256 1979 372 2033 ἀλλ’
405 1981 594 2044 ὲάντις
617 1981 963 2053 δοκιμασθεὶς
982 1981 1128 2048 ἄξιος
1155 1985 1496 2058 εὑρεθῇ,τότε
1525 1987 1674 2060 αὐτῷ
1697 1991 1838 2045 κατὰ

255 2072 355 2143 τὴν
374 2072 597 2144 ἀγωγὴν
620 2073 1097 2146 παραδοῦναι,καθ’
1122 2077 1188 2147 ἢν
1201 2078 1421 2143 καὶτοῖς
1436 2079 1837 2153 Ἐϐδομήκοντα

255 2165 284 2217 ὁ
307 2165 549 2236 Μωῡσῆς
572 2165 855 2237 παρέδωκε
887 2170 1000 2231 τοῖς
1027 2167 1125 2240 τὴν
1144 2169 1408 2241 καθέδραν
1441 2169 1606 2223 αὐτοῦ
1640 2190 1834 2244 παρει-

254 2252 502 2326 ληφόσιν.
529 2255 628 2310 Διὰ
658 2255 815 2311 τοῦτο
847 2259 940 2312 καὶ
971 2261 1001 2311 6
1029 2259 1240 2331 καρπὸς
1282 2261 1383 2330 τῆς
1410 2260 1704 2330 ἀσφαλείας
1739 2264 1836 2334 μὲ-

255 2363 346 2418 χρι
376 2347 473 2401 τοῦ
510 2334 696 2420 δεῦρο
720 2350 988 2419 φαίνεται.
1033 2350 1140 2405 Τὸν
1176 2350 1285 2424 γὰρ
1314 2352 1476 2408 αὑτὸν
1506 2354 1558 2407 oi.
1589 2358 1834 2429 πανταχῆ

252 2437 534 2507 ὁμοεθνεῖς
552 2441 574 2475 ³
599 2439 700 2509 τῆς
737 2441 1035 2513 μοναρχίας
1064 2442 1157 2496 καὶ
1201 2442 1474 2508 πολιτείας
1505 2446 1835 2516 φυλάσσουσι

254 2530 489 2596 κανόνα,
531 2530 672 2585 κατὰ
705 2532 909 2603 μηδένα
945 2533 1146 2606 τρόπον
1191 2535 1367 2600 ἄλλως
1398 2541 1613 2608 φρονεῖν
1650 2539 1682 2613 ἢ
1725 2542 1834 2597 τῶν
1865 2561 1907 2616 Β

254 2620 371 2683 εἰς’
399 2619 457 2692 ι
489 2619 660 2674 πολλὰ
686 2622 954 2679 νευουσῶν
974 2624 1203 2696 Γραφῶν
1223 2625 1564 2700 ὲξοδευθῆναι
1580 2629 1834 2702 δυνηθέν-

251 2723 362 2774 τες.
407 2711 565 2765 Κατὰ
600 2712 710 2785 γὰρ
745 2713 837 2767 τὸν
886 2715 1261 2787 παραδοθέντα
1303 2718 1487 2783 αὐτοῖς
1533 2721 1732 2776 κανόνα
1762 2722 1832 2777 τὰ

251 2803 359 2856 τῶν
387 2803 623 2876 Γραφῶν
653 2805 994 2878 ἀσύμφωνα⁸
1025 2808 1318 2880 πειρῶνται
1349 2813 1826 2884 μεταρρυθμίζειν,

251 2897 299 2948 εί
326 2895 392 2968 δή
424 2913 513 2960 τις
531 2897 692 2968 τυχὸν
715 2898 789 2970 μὴ
811 2898 966 2964 εἰδὼς
981 2899 1082 2965 τὰς
1100 2902 1428 2974 παραδόσεις
1454 2905 1632 2976 ναρκᾷ
1662 2905 1831 2978 πρὸς·

249 2988 346 3052 τὰς
374 2987 490 3042 τῶν
531 2991 825 3063 προφητῶν
845 2992 1191 3065 πολυσήμους
1222 2996 1423 3065 φωνάς’
1445 2988 1506 3050 οὗ
1537 2995 1721 3053 ἕνεκεν
1740 2999 1828 3052 οὐ·

249 3079 358 3133 δενὶ
383 3079 663 3135 διδάσκειν
695 3083 1099 3156 ἐπιτρέπουσιν,
1132 3085 1228 3141 ἐὰν
1264 3088 1338 3159 μὴ
1363 3087 1625 3161 πρότερον
1649 3089 1826 3162 μάθῃτ

252 3170 366 3236 πῶς
397 3172 618 3238 δεῖταῖς
665 3174 908 3247 Γραφαῖς
952 3177 1206 3248 χρῆσθαι·
1255 3178 1343 3232 διὰ
1376 3177 1536 3233 τοῦτο
1567 3181 1696 3252 παρ’
1730 3181 1828 3235 αὑ-

248 3265 360 3328 τοῖς
386 3260 474 3329 εἷς
505 3264 660 3329 Θεὸς,
693 3261 773 3330 εἷς
803 3267 989 3339 νόμος,
1026 3269 1124 3340 μία
1157 3269 1328 3334 ἐλπίς.

318 3449 383 3504 II.
421 3448 546 3502 Ἵνα
578 3447 752 3518 γοῦν⁸
793 3449 855 3503 τδ
901 3450 1086 3520 ὅμοιον
1131 3450 1222 3503 καὶ
1263 3453 1392 3522 παρ’
1425 3452 1555 3522 ἡμῖν
1613 3451 1826 3523 γένηται

249 3539 360 3604 τοῖς
394 3538 822 3612 Ἑϐδομήκοντα,
857 3540 1016 3612 ἡμῶν
1043 3541 1294 3610 ἀδελφοῖς
1327 3541 1429 3606 τὰς
1466 3541 1681 3612 βίϐλους
1723 3558 1826 3613 μου

248 3630 356 3684 τῶν
388 3631 765 3704 κηρυγμάτων
796 3631 886 3696 δὺς
929 3632 1068 3704 μετὰ
1108 3632 1204 3686 τοῦ
1237 3632 1420 3704 ὁμοίου
1459 3633 1560 3706 τῆς
1605 3632 1828 3704 ἀγωγῆς

2121 1220 2456 1278 EPISTOLA.
2493 1220 2696 1278 PETRI
2734 1224 2826 1278 AD
2848 1224 3162 1283 JACOBUM
3197 1227 3330 1300 (21).

2010 1333 2286 1389 PETRUS
2329 1333 2584 1390 JACOBO
2609 1377 2624 1401 ,
2665 1337 2888 1393 domino
2923 1347 2978 1393 et
3018 1350 3220 1396 sanctae
3250 1339 3509 1398 Ecclesiae

1939 1427 2218 1497 episcopo,
2241 1428 2310 1482 ab
2331 1430 2574 1483 omnium
2607 1445 2788 1484 rerum
2816 1429 2996 1500 Patre,
3018 1448 3114 1502 per
3141 1432 3326 1489 .lesum
3347 1433 3509 1491 Chri-

1941 1527 2109 1581 stum,
2142 1533 2247 1588 pax
2273 1517 2345 1572 sit
2374 1530 2658 1588 perpetuo.

2009 1606 2048 1662 I.
2083 1606 2222 1662 Cum
2252 1609 2421 1664 sciam
2455 1618 2525 1675 te,
2559 1609 2725 1666 frater
2747 1612 2846 1676 mi,
2891 1612 2957 1666 ad
2991 1613 3044 1667 id
3075 1613 3221 1684 quod
3255 1630 3506 1670 commu-

1939 1700 2080 1756 niter
2103 1701 2360 1757 omnibus
2398 1702 2558 1757 nobis
2595 1705 2885 1772 conducit,
2919 1706 3175 1761 alacriter
3215 1705 3504 1775 festinare,

1939 1807 2074 1864 rogo
2094 1803 2370 1865 etprecor,
2397 1805 2457 1850 ut
2474 1811 2718 1852 mearum
2739 1797 3185 1866 praedicationum
3206 1814 3346 1868 quos
3367 1799 3434 1854 ad
3459 1809 3509 1853 te

1938 1886 2064 1941 misi
2094 1885 2262 1943 libros
2290 1888 2427 1942 nulli
2457 1904 2522 1943 ex
2547 1889 2840 1960 gentilibus
2871 1890 3075 1957 tradas,
3113 1906 3291 1962 neque
3341 1891 3505 1946 etiam

1939 1980 2148 2048 tribuli,
2175 1989 2301 2037 ante
2319 1982 2786 2051 experimentum:
2816 1985 2910 2040 sed
2948 1985 2993 2040 si
3018 1985 3144 2055 quis
3165 1986 3428 2056 probatus
3455 1994 3510 2038 ct

1937 2073 2136 2143 dignus
2167 2081 2416 2143 repertus
2438 2071 2627 2140 fuerit,
2658 2081 2789 2129 tunc
2813 2074 2917 2144 ipsi
2945 2076 3168 2144 tradas;
3203 2076 3505 2131 secundum

1936 2179 2062 2219 eum
2087 2163 2330 2228 modum,
2361 2164 2520 2234 juxta
2541 2179 2705 2235 quem
2743 2166 2955 2236 Moyses
2998 2165 3349 2243 Septuaginta
3375 2168 3508 2224 viris

1936 2254 2210 2309 cathedrae
2242 2270 2356 2309 sua:
2389 2256 2803 2312 successoribus
2843 2258 3081 2313 tradidit.
3111 2257 3320 2313 Idcirco
3361 2259 3505 2312 enim

1935 2345 2209 2402 cautionis
2257 2345 2467 2401 fructus
2523 2346 2580 2401 in
2627 2348 2776 2403 hunc
2820 2365 2995 2420 usque
3050 2350 3194 2404 diem
3259 2359 3503 2419 apparet.

1935 2437 2193 2492 Eamdem
2223 2437 2425 2508 quippe
2461 2437 2530 2492 de
2567 2439 2777 2493 unitate
2812 2438 2903 2493 Dei
2937 2448 2988 2493 et
3017 2440 3084 2494 de
3130 2440 3255 2494 vitae
3285 2438 3504 2494 institu-

1935 2528 2084 2583 tione
2104 2542 2351 2582 normam
2381 2528 2674 2584 observant
2702 2544 2893 2584 omnes
2914 2529 3225 2601 ubicunque
3254 2531 3363 2586 sint
3388 2530 3506 2600 ejus

1935 2618 2174 2674 nationis
2221 2619 2502 2685 homines;
2550 2635 2651 2675 nec
2699 2621 2812 2675 ullo
2857 2620 3024 2676 modo
3069 2630 3302 2692 possunt
3349 2622 3508 2677 aliter

1933 2709 2160 2775 sentire,
2189 2715 2285 2763 aut
2316 2709 2493 2779 abripi
2529 2719 2686 2766 extra
2714 2711 2859 2766 viam
2905 2711 3339 2781 Scripturarum,
3379 2728 3503 2782 quae

1932 2801 2104 2858 multa
2134 2800 2392 2856 innuunt.
2418 2799 2553 2855 Nam
2579 2803 2879 2858 secundum
2910 2804 3162 2860 traditam
3189 2805 3321 2875 ipsis
3345 2820 3505 2875 regu-

1931 2893 2040 2948 lam
2087 2891 2496 2963 Scripturarum
2528 2893 2754 2949 dissona
2793 2896 3046 2951 nituntur
3085 2895 3408 2962 reformare,
3457 2897 3504 2951 si

1933 2985 2058 3054 quis
2079 2983 2218 3040 forte
2243 2987 2467 3056 ignarus
2495 2986 2856 3042 traditionum
2882 2989 2951 3043 ad
2989 2989 3377 3058 pr0phetarum
3407 3004 3505 3043 va-

1932 3077 2014 3130 ria
2035 3076 2406 3147 signiﬁcantes
2430 3092 2592 3133 voces
2614 3077 2965 3148 obtorpescit.
2987 3077 3216 3149 Propter
3241 3079 3387 3149 quod
3409 3097 3506 3135 ne.

1932 3167 2066 3221 mini
2097 3168 2294 3224 docere
2325 3169 2670 3238 permittunt,
2714 3170 2819 3225 nisi
2849 3171 3004 3240 prius
3031 3185 3140 3240 quo
3170 3180 3330 3240 pacto
3354 3170 3503 3230 Scri-

1930 3260 2104 3329 pturis
2129 3261 2201 3315 sit
2219 3261 2482 3316 utendum
2502 3261 2772 3317 didicerit.
2798 3260 2924 3316 Ideo
2943 3261 3085 3332 apud
3107 3262 3231 3318 illos
3254 3270 3338 3317 est
3359 3278 3503 3319 unus

1931 3353 2096 3420 Deus,
2121 3371 2228 3410 una
2254 3356 2362 3423 lex,
2396 3372 2522 3426 spes
2549 3373 2680 3412 una.

2003 3445 2068 3502 II.
2102 3445 2224 3513 Quo
2260 3446 2428 3516 igitur
2455 3446 2620 3502 simili
2664 3445 2828 3501 modo
2858 3445 3002 3516 apud
3049 3461 3151 3503 nos
3179 3447 3274 3501 ﬁat
3300 3463 3364 3503 ac
3394 3448 3502 3505 illis

1935 3535 2310 3607 Septuaginta,
2341 3537 2546 3592 nostris
2568 3535 2829 3592 fratribus
2852 3536 3023 3592 libros
3051 3538 3498 3607 praedicationum

1932 3644 2177 3684 mearum
2215 3629 2334 3699 pari
2373 3643 2502 3684 cum
2545 3629 2759 3684 ratione
2797 3629 3041 3699 mysterii
3088 3631 3279 3698 trade,
3315 3641 3377 3685 ut
3417 3631 3502 3685 in-

253 3723 577 3796 μυστηρίου,
612 3723 734 3778 ἴνα⁹
779 3725 874 3778 καὶ
911 3725 1039 3789 τοὺς
1083 3724 1438 3798 βουλομένους
1466 3725 1530 3779 τδ
1559 3725 1662 3796 τῆς
1689 3724 1830 3780 διδα-

1943 3729 2146 3776 struant
2183 3736 2280 3777 eos
2319 3721 2412 3792 qui
2451 3722 2730 3790 suscipere
2759 3737 2959 3777 munus
2988 3722 3249 3778 doctrinae
3287 3723 3498 3778 volunt.

253 3815 480 3882 σκαλίας
523 3815 874 3885 ἀναδέξασθαι
911 3817 1076 3890 μέρος
1099 3818 1453 3889 ἑφοδιάζωσιν
1473 3819 1546 3853 ¹⁶’
1579 3817 1701 3873 ἐπεὶ
1730 3816 1826 3873 ἐὰν

1943 3813 2386 3884 Quandoquidem
2417 3813 2464 3870 si
2492 3812 2566 3868 ita
2594 3829 2700 3870 non
2726 3814 2806 3882 lit,
2836 3817 3082 3872 veritatis
3107 3831 3289 3871 sermo
3313 3825 3500 3872 noster

1549 3948 1786 4006 VARIIE
1825 3947 2225 4008 LEGTIONES.

321 4067 339 4099 ¹
367 4065 426 4122 1η
439 4065 806 4136 Homiliarum
821 4065 1011 4122 codice
1025 4066 1374 4123 Biblimhecae
1386 4065 1770 4122 Ottoboniana!
1781 4080 1949 4136 aeque
1965 4073 2129 4136 atque
2160 4063 2627 4136 incod.‘Cotelerii
2659 4067 2806 4136 prior
2821 4066 3069 4136 prooemii
3086 4081 3214 4136 pars
3239 4066 3495 4123 inscribi-

250 4135 628 4209 turzﬂep}roﬁ
643 4137 717 4208 μὴ
730 4137 1072 4209 ὲκδιδόναιτὰ
1099 4137 1451 4209 συντάγματα
1483 4136 1648 4209 αὑτοῦ
1681 4153 1786 4189 τινι
1807 4135 1915 4209 τῶν
1928 4134 2036 4188 ἀπὸ
2050 4135 2158 4209 τῶν
2185 4134 2411 4209 ἐθνικῶν
2442 4136 2528 4209 διὰ
2555 4134 2684 4209 τοὺς
2717 4134 3185 4209 παρατηροῦντας,
3198 4137 3496 4209 _nisiiquod

254 4207 307 4262 in
339 4204 525 4263 θοᾶξο
544 4204 1006 4276 παραποιοῦντας.
1073 4209 1102 4290 ξ
1133 4204 1322 4278 εἰρήνη
1357 4206 1450 4330 εῐιό
1473 4207 1596 4292 dedi
1625 4207 2124 4289 ex.conjectura,év
2155 4204 2496 4278 εἰρήνῃο,ὲν
2519 4208 2705 4287 εἰρήνη
2721 4204 2842 4276 (sic)
2858 4204 2952 4277 εἴη’
2967 4206 3032 4260 0.
3056 4204 3493 4293 Cfr:‘Ep..Clem.

254 4277 323 4330 ab
352 4274 621 4330 Iacobum
649 4276 815 4330 salut.
891 4277 912 4308 ³
939 4274 1252 4330 Lectmnem
1287 4279 1418 4330 όιιοε
1455 4293 1564 4330 vet:
1596 4291 1711 4330 erui
1738 4283 1966 4330 accentu
2000 4277 2138 4330 duce
2163 4291 2229 4330 ex
2261 4275 2326 4329 0.
2360 4274 2549 4330 Exstat
2585 4285 2638 4330 et
2670 4292 2721 4329 ιη
2755 4292 2875 4330 var.
2899 4277 3024 4330 lect.
3057 4291 3146 4330 an.
3166 4277 3187 4328 l
3210 4292 3493 4330 urrianum

254 4277 323 4333 ab
352 4274 815 4332 Iacobum—salut.
891 4277 912 4308 ³
939 4274 1252 4332 [Actionem

256 4347 365 4402 Pro
387 4344 644 4417 Epistolis
671 4345 991 4417 pontiﬁcum
1011 4361 1088 4410 tv,
1117 4344 1239 4412 LV,

1455 4278 1564 4346 ve};
1596 4277 1711 4331 erui
1738 4274 1966 4346 acoentu
2000 4277 2138 4331 duce
2163 4274 2229 4331 ei
2261 4274 2549 4330 Ol‘Exstat
2573 4274 2638 4330 ἐί
2670 4274 2875 4334 ἰιινοιι.
2899 4274 3024 4332 lect.
3057 4274 3493 4346 ap.'l‘urrianum

1347 4387 1361 4416 ._
1391 4344 1466 4416 De
1490 4342 1747 4416 Turriani
1779 4345 1968 4400 codice
2004 4346 2126 4400 vide
2148 4389 2164 4413 ,
2205 4361 2328 4412 quae
2361 4345 2669 4416 Cotelerjus
2710 4347 2925 4401 notavit
2956 4348 3012 4400 in
3039 4342 3250 4416 judicio
3279 4347 3346 4400 de
3375 4348 3496 4402 Cle-

253 4413 610 4470 mentiriorum
633 4413 1084 4540 ορῖοτεζόμὸεθνοι
1111 4417 1276 4471 idem.
1350 4414 1373 4448 ⁵
1398 4413 1431 4485 ἢ
1459 4413 1569 4468 τῶν
1588 4416 1666 4479 εἰς
1692 4415 2008 4484 conjectura
2043 4416 2319 4470 librariiin
2353 4431 2526 4486 marg.
2554 4414 2618 4481 0,
2649 4415 2755 4470 ὑπὸ
2777 4416 2884 4470 τῶν
2913 4417 2987 4470 id.
3017 4413 3070 4470 in
3104 4427 3252 4472 textu
3279 4433 3401 4471 cum
3427 4417 3490 4472 Ο.

253 4484 276 4517 ⁸
313 4485 646 4540 ’Δσύμφωνα
715 4523 732 4540 .
763 4501 828 4540 ex
845 4485 1103 4540 coniect..
1133 4486 1398 4540 σύμφωνα
1427 4485 1501 4538 id.
1535 4486 1588 4539 in
1618 4495 1790 4540 textu.
1816 4494 1877 4539 ut
1906 4483 1970 4539 0.
2116 4486 2137 4517 °
2167 4485 2272 4540 ποό
2295 4484 2358 4540 0.
2434 4487 2453 4518 ⁷
2491 4486 2648 4540 μάθοι
2676 4486 2740 4540 C.
2771 4487 2953 4540 minus
2987 4497 3151 4540 recte.
3181 4487 3282 4540 Oui
3314 4486 3490 4540 medio

253 4484 276 4517 '
313 4485 646 4557 Ἀσύμφφνα

763 4501 828 4558 ex
845 4483 1103 4554 conject.,
1133 4486 1398 4558 σύμφωνα
1422 4483 1501 4538 id.
1535 4486 1588 4539 in
1617 4495 1790 4558 textu,
1816 4494 1877 4539 ut
1906 4483 1970 4539 0.

2116 4486 2137 4517 °
2167 4485 2272 4556 πρό
2295 4484 2358 4557 0.
2434 4487 2453 4518 ⁷
2483 4484 2648 4557 μάθοι
2676 4486 2740 4548 C,
2771 4487 2953 4543 minus
2987 4497 3151 4542 recte.
3181 4487 3282 4553 Qui
3314 4486 3496 4557 medio

253 4571 367 4610 aevo
419 4555 579 4627 codd.
622 4555 1051 4627 descripserunt,
1084 4557 1151 4611 ad
1186 4555 1352 4627 unum
1388 4570 1580 4627 omnes
1615 4555 1962 4627 iotacismum
2001 4555 2295 4626 sequentes
2333 4555 2563 4625 ideoque
2586 4573 2636 4608 οι
2659 4557 3055 4627 diphthongum
3099 4558 3290 4612 eodem
3333 4556 3494 4627 modo

249 4625 678 4694 pronuntiantes
707 4639 774 4698 ac
804 4625 1048 4698 vocalem
1073 4644 1128 4698 η,
1149 4626 1500 4698 οοηῇρηοιὶξο
1523 4639 1655 4698 cum_
1669 4625 1914 4698 optatitjo
1951 4639 2237 4698 perperam
2262 4627 2427 4698 misto
2461 4628 2612 4682 locos
2649 4641 2880 4682 numero
2911 4625 3024 4682 fere
3064 4626 3493 4681 innumerabiles

250 4691 645 4778 corruperunt;
714 4694 736 4725 ⁸
754 4691 894 4778 ,γοῦν
923 4691 1156 4778 accessit
1179 4691 1318 4778 ego
1349 4704 1405 4750 et
1426 4691 1896 4778 '_l‘urr.nDei—nde.0
1925 4691 2230 4778 ρρειήμῶν
2256 4696 2503 4778 ἀδελφοῖς
2516 4698 2959 4778 ,ςοῐιιῐηαροηίῑλ
2982 4706 3270 4778 totumque
3312 4698 3491 4778 locum

251 4762 326 4837 ita
356 4762 517 4837 vertit
547 4781 561 4817 :
603 4764 719 4830 Quo
747 4762 912 4835 igitur
935 4764 1100 4837 si_mil_i
1121 4765 1274 4819 modo
1306 4765 1448 4837 apud
1469 4781 1562 4821 nos
1595 4766 1691 4834 ﬁat
1725 4762 2211 4833 nostris’fratribus
2233 4806 2248 4830 ,
2277 4784 2340 4820 ac
2371 4762 2480 4820 illis
2509 4762 2895 4837 Septuagiiua.
2926 4766 2965 4820 S
2995 4767 3158 4837 verba
3181 4762 3292 4837 "illa
3327 4769 3494 4837 traxit

251 4835 317 4888 ad
351 4835 659 4888 membrum
690 4850 749 4891 se
772 4833 948 4890 'uens.
975 4834 1032 4888 In
1061 4833 1105 4890 0
1138 4845 1257 4904 post
1287 4834 1537 4904 ἀδελφοῖς
1565 4833 1838 4890 cOmmate
1865 4850 1973 4888 non
2009 4837 2386 4905 distinguitur,
2421 4833 2597 4906 neque
2625 4833 2751 4891 ante
2782 4836 2958 4908 ἡμῶν.
3037 4836 3058 4868 ⁸
3084 4837 3171 4889 ἵνα
3190 4835 3235 4892 0
3254 4852 3304 4890 c.
3325 4835 3487 4892 Turr.

251 4913 304 4957 et
334 4917 452 4956 var.
491 4903 611 4958 lect.
641 4919 728 4959 ao.
855 4904 910 4958 in
933 4903 1044 4959 cui.
1076 4914 1226 4959 textu
1245 4905 1419 4959 deest.
1496 4900 1540 4936 ⁸⁸
1572 4904 1897 4959 ἐφοδιάζειν.
1935 4905 2260 4959 ὲιοοδιάζωσι
2291 4907 2332 4959 C
2368 4905 2433 4959 Ο.
2468 4906 2842 4959 Importunum
2885 4907 3016 4959 illud
3058 4907 3365 4959 ἐφοδιάζειν
3410 4908 3487 4959 vi-

810 4947 824 4969 ’

249 4913 304 4974 et
334 4917 452 4974 var.
491 4903 611 4958 lect.
641 4919 728 4974 ap.

855 4904 910 4958 in
933 4903 1044 4968 cui.
1076 4900 1226 4960 teitu
1245 4900 1442 4976 deest:
1472 4900 1540 4976 7“
1572 4904 1897 4976 ἐφοδιάζειν,
1935 4900 2260 4976 ὲφοδιάζῶσι
2291 4907 2332 4961 C
2368 4905 2433 4961 0.
2468 4900 2842 4976 Importunum
2885 4907 3016 4961 illud
3058 4907 3365 4976 ἐφοδιάζειν
3410 4908 3492 4961 vi-

249 4972 483 5048 deturin
505 4972 1016 5048 teaturigjrrepsisse
1043 4989 1074 5030 e
1098 4976 1362 5045 margine.
1391 4974 1483 5029 ubi
1508 4972 1753 5031 notatum
1785 4972 2011 5032 fuerata
2036 4992 2146 5032 non
2174 4977 2453 5033 incurioso
2475 4972 2699 5043 lectore,
2723 4986 2984 5048 tanquam
3006 4972 3217 5048 insigne
3243 4979 3488 5035 verbum.

251 5041 364 5099 Cl'r.
394 5043 547 5098 hom.
581 5043 642 5108 ll,
676 5044 745 5099 38
766 5043 829 5099 (Ξ.

1552 5156 1861 5216 VARIORU
1870 5157 1918 5213 Μ
1959 5155 2186 5214 NOTAE.

322 5269 438 5339 (2i)
460 5267 632 5339 Epist.
655 5268 801 5339 Petri
825 5271 892 5324 ad
910 5269 1190 5325 Iacobum.
1215 5268 1380 5324 Recte
1397 5268 1653 5325 observat
1677 5270 1822 5325 Pho-

1927 5267 2168 5336 scriptis,
2200 5275 2255 5320 et
2268 5266 2334 5322 ad
2351 5265 2613 5323 Jacobum
2629 5267 2988 5337 postulantem
3005 5270 3209 5327 missis:
3225 5271 3340 5326 haec
3359 5288 3488 5329 vero

254 5337 364 5395 tius
386 5337 688 5408 Epistolam
703 5338 844 5394 Petri
863 5342 928 5394 ad
945 5339 1208 5396 Iacobum
1235 5339 1508 5409 pertinere
1532 5356 1638 5393 non
1663 5355 1823 5409 posse
1926 5338 2206 5409 superiore
2250 5338 2519 5409 posterior
2549 5349 2651 5404 est,
2685 5353 2785 5392 nec
2819 5337 2886 5409 de
2924 5340 3487 5408 postulationeJ‘acobi

254 5411 320 5480 ad
354 5410 511 5480 Opus
533 5410 695 5479 cujus
721 5409 938 5480 initium
973 5411 1066 5475 sit,
1084 5409 1216 5478 Ἐγὼ
1238 5409 1496 5480 Κλήμης,
1530 5410 1645 5463 sive
1673 5411 1820 5478 quod

257 5479 548 5534 Clementis
564 5494 764 5534 nomen
792 5479 1066 5548 praeferat.
1089 5481 1202 5548 Ego
1230 5479 1359 5534 vero
1389 5479 1648 5534 existimo
1681 5495 1819 5540 prav-

261 5557 464 5604 ze-ttem
493 5549 779 5619 epistolam
832 5550 995 5604 aliam
1023 5565 1145 5604 esse
1170 5551 1238 5604 ab
1267 5550 1356 5619 illa
1385 5548 1583 5619 Photio
1609 5564 1816 5602 memo-

260 5617 665 5690 rata,quoniam
691 5620 781 5675 illa
797 5627 916 5675 erat
941 5619 1005 5676 de
1036 5620 1245 5678 actibus
1270 5618 1436 5685 Petri,
1459 5635 1485 5674 a
1512 5617 1672 5675 Petro
1705 5620 1821 5687 ipso

1926 5408 2258 5479 mentionem
2285 5407 2436 5479 facit,
2460 5409 2553 5479 sed
2583 5423 2676 5479 per
2708 5423 2828 5462 eam
2853 5407 3090 5466 Jacobus
3119 5420 3393 5479 monetur,
3426 5424 3490 5469 ut

1927 5476 2336 5544 praedicationes
2385 5477 2528 5531 Petri
2560 5492 2591 5530 a
2639 5477 2800 5532 Petro
2833 5479 3061 5544 missas,
3095 5490 3253 5535 caute
3284 5476 3483 5540 tradat.

1933 5543 2122 5621 Varias
2137 5545 2397 5621 lectiones
2442 5549 2670 5621 apposui
2697 5564 2764 5621 ex
2791 5543 3062 5621 Turriano
3095 5548 3201 5604 Pro
3227 5551 3482 5621 Epistolis

1923 5617 2230 5686 pontiﬁcum
2263 5617 2356 5672 lib.
2389 5633 2462 5683 tv,
2495 5619 2637 5684 init.,
2668 5628 2720 5676 et
2745 5620 2840 5676 lib.
2860 5636 2909 5686 ν,
2939 5636 3058 5695 cap.
3086 5622 3173 5678 23.
3199 5617 3334 5678 εστ.
