3970 6148
316 244 384 299 i9
993 236 1453 296 CLEMENTINA.
1493 269 1562 280 --
1601 237 1938 295 EPISTOLA
1977 239 2181 296 PETRI
2221 240 2312 295 AD
2343 237 2680 298 JACOBUM.

3504 239 3580 294 30

311 358 422 414 τῶν
449 356 615 412 αὐτοῦ
645 355 1015 429 κηρυγμάτων
1047 357 1478 429 διαπεμφθείσας
1521 359 1652 429 ἡμῖν
1684 357 1884 428 βίϐλους

1997 366 2053 413 et
2099 357 2389 428 religioso,
2428 356 2632 426 quique
2675 355 2872 409 docere
2902 353 3159 420 voluerit,
3199 369 3265 408 ac
3292 352 3366 407 sit
3395 355 3571 411 ﬁdelis

317 451 507 523 μηδενὶ
556 447 953 521 μεταδώσωμεν
986 450 1062 514 ὡς
1091 450 1310 520 ἔτυχεν,
1357 450 1391 522 ἢ
1429 449 1618 521 ἀγαθῷ
1654 467 1760 504 τινι
1803 451 1898 504 καὶ

314 542 557 607 εὐλαϐεἴ,
591 542 666 613 τῷ
697 541 792 595 καὶ¹
818 541 1092 596 διδάσκειν
1113 543 1422 615 αἱρουμένῳ
1455 542 1808 614 ἐμπεριτόμῳ
1839 560 1896 596 τε

312 637 424 690 ὄντι
457 636 628 706 πιστῷ
650 633 784 705 (24),
812 637 905 687 καὶ
926 636 971 666 ¹⁰
999 634 1171 688 ταῦτα
1195 635 1268 706 μὴ
1292 635 1468 690 πάντα
1495 634 1652 705 ὁμοῦ,
1678 635 1783 698 ἵνα,
1801 633 1896 688 ἐὰν

314 730 371 781 ὲν
417 731 529 792 τοῖς
569 726 809 800 πρώτοις
854 727 1125 800 ἀγνώμων
1161 729 1411 800 φωραθῇ,
1443 729 1512 782 τὰ
1543 728 1770 800 δεύτερα
1819 728 1892 799 μὴ

314 820 594 892 πιστευθῇ.
627 819 718 872 Διδ
748 821 822 891 μὴ
853 820 1071 873 ἔλαττον
1091 820 1266 874 ἔτεσιν
1297 820 1356 886 ἓξ
1383 820 1779 891 δοκιμαζέσθω·
1803 821 1894 874 καὶ

314 909 410 966 εἷθ’
427 911 623 977 οὕτως,
654 913 797 967 κατά
825 913 925 984 τὴν
947 914 1223 977 Μωῦσέως
1241 915 1483 984 ἀγωγὴν,
1513 914 1787 982 ἀγαγόντα
1806 915 1895 965 αὑ-

311 1005 398 1058 τὸν
429 1006 522 1058 ἐπί
550 1006 794 1077 ποταμὸν
823 1007 856 1078 ἢ
891 1007 1073 1078 πηγὴν
1105 1007 1240 1077 (25),
1273 1008 1411 1078 ὅπερ
1437 1007 1552 1060 ἐστὶ
1583 1006 1690 1071 ζῶν
1724 1005 1889 1077 ὕδωρ,

309 1097 438 1151 ἔνθα
469 1099 502 1168 ἠ
539 1098 650 1151 τῶν
668 1100 712 1129 ²¹
749 1099 974 1152 δικαίων
997 1099 1204 1167 γίνεται
1230 1099 1605 1170 ἁναγέννησις,
1645 1097 1718 1168 μὴ
1743 1098 1893 1170 ὁρκί-

311 1208 422 1256 σαι,
455 1193 577 1245 ἐπεὶ
623 1193 697 1264 μὴ
731 1191 965 1258 ἔξεστιν,
1009 1191 1144 1245 ἀλλά
1187 1192 1379 1261 στῆναι
1434 1191 1583 1261 αὐτῷ
1634 1189 1890 1243 κελεῦσαι

309 1284 447 1355 πρὸς
492 1285 570 1356 τῷ
605 1284 758 1338 ὕδατι
808 1286 902 1337 καὶ
939 1283 1442 1356 ἐπιμαρτύρασθαι,
1484 1284 1559 1345 ὡς
1606 1283 1698 1335 καὶ
1736 1282 1890 1334 αὐτοὶ

305 1375 740 1449 ἀναγεννώμενοι
762 1377 1146 1440 κελευσθέντες
1167 1377 1500 1447 ἐποιήσαμεν
1518 1374 1611 1427 τοῦ
1628 1374 1701 1446 μὴ
1720 1375 1892 1445 ἀμαρ-

304 1473 418 1522 τεῖν
442 1469 623 1542 χάριν⁴

379 1563 442 1615 ll.
499 1563 721 1631 Λεγέτω
754 1562 831 1614 δέ·
884 1563 1184 1634 Μάρτυρας
1234 1561 1412 1632 ἔχοιμι
1454 1560 1721 1631 οὐρανὸν,
1759 1560 1884 1629 γῆν,

304 1651 470 1726 ὕδωρ,
508 1655 566 1706 ἐν
593 1651 674 1717 οἷς
702 1653 770 1706 τὰ
799 1653 977 1706 πάντα
1010 1653 1344 1726 περιέχεται,
1388 1653 1522 1725 πρὸς
1534 1655 1578 1683 ’³
1605 1653 1813 1716 τούτοις
1843 1653 1886 1705 δ’

2001 452 2362 507 circumcisus
2388 468 2402 516 ;
2432 463 2637 518 eosque
2662 463 2771 502 non
2798 455 3026 502 cunctos
3055 447 3219 503 simul
3243 464 3254 498 :
3274 462 3407 518 quo,
3436 449 3483 503 si
3513 450 3570 503 in

1998 543 2271 613 prioribus
2313 541 2598 611 improbus
2631 539 2884 594 inventus
2922 539 3104 607 fuerit,
3140 541 3472 610 posteriores
3513 540 3571 594 in

1998 635 2157 688 tidem
2185 649 2340 688 suam
2368 649 2474 686 non
2494 632 2747 701 accipiat.
2767 630 2945 697 Quare
2966 648 3074 684 non
3097 633 3279 688 minus
3298 633 3456 688 annis
3476 649 3565 689 se;

1996 726 2383 795 comprobetur
2411 741 2423 775 :
2459 723 2651 794 sicque
2681 733 2888 792 postea,
2921 723 3219 777 secundum
3253 723 3454 794 Moysis
3481 723 3569 777 in-

1995 818 2332 873 stitutionem
2357 857 2372 884 ,
2405 817 2496 886 qui
2531 817 2700 870 libros
2731 816 3032 870 traditurus
3062 824 3144 869 est
3171 815 3405 869 adducat
3443 830 3569 870 eum

1995 910 2062 964 ad
2083 910 2283 964 flumen
2315 919 2409 963 aut
2445 908 2672 972 fontem,
2708 909 2799 977 qui
2827 917 2911 962 cst
2938 923 3079 976 aqua
3097 907 3240 971 viva,
3271 908 3362 960 ubi
3387 908 3569 977 justo-

1995 1019 2114 1057 rum
2140 1001 2198 1056 [it
2222 1001 2594 1071 regeneratio;
2620 1011 2675 1055 et
2708 1016 2815 1053 non
2846 999 3065 1069 quidem
3089 999 3155 1053 ad
3181 999 3568 1069 jusjurandum

1995 1096 2196 1166 adigat,
2228 1094 2488 1163 quoniam
2518 1110 2626 1147 non
2662 1094 2821 1155 licet,
2851 1093 2946 1148 sed
2969 1093 3158 1163 jubeat
3182 1093 3360 1162 ipsum
3391 1101 3571 1148 astare

1987 1188 2142 1258 juxta
2177 1203 2399 1256 aquam,
2427 1198 2480 1241 et
2503 1189 2821 1251 contestari,
2847 1188 2988 1241 sicut
3016 1195 3071 1241 et
3097 1203 3221 1242 eum
3254 1202 3573 1242 renascere-v

1993 1295 2135 1344 mur,
2163 1279 2304 1349 jussi
2335 1278 2588 1343 fecimus,
2630 1295 2729 1334 nos
2756 1295 2862 1333 non
2904 1288 3243 1348 peccaturos.

2060 1565 2124 1621 ll.
2153 1566 2307 1622 Dicat
2329 1575 2509 1621 autem
2543 1581 2556 1617 :
2589 1563 2780 1620 Testes
2812 1565 3040 1619 habeam
3069 1566 3293 1638 coelum,
3334 1575 3563 1633 terram,

1989 1676 2186 1730 aquam
2215 1701 2229 1726 ,
2262 1660 2465 1729 quibus
2494 1659 2677 1712 omnia
2717 1658 3090 1723 continentur,
3131 1667 3294 1726 atque
3339 1659 3565 1728 insuper

301 1744 480 1799 ἅπασι
505 1747 600 1800 καὶ
631 1746 721 1799 τὸν
749 1746 837 1799 διὰ
869 1748 1088 1800 πάντων
1119 1746 1374 1816 διήκοντα
1403 1745 1542 1816 ἀέρα
1577 1746 1626 1816 7
1660 1738 1721 1798 οὗ
1754 1747 1883 1800 ἄνευ

1992 1752 2077 1806 his
2104 1751 2361 1806 omnibus
2393 1765 2572 1804 aerem
2607 1764 2853 1820 quoque,
2905 1749 2996 1818 qui
3041 1749 3292 1803 universa
3317 1750 3567 1818 pervadit

300 1839 404 1892 οὐκ
431 1840 707 1903 ἀναπνέω,
741 1840 818 1904 ὡς
847 1841 934 1894 ἀεὶ
960 1841 1199 1909 ὑπήκοος
1220 1839 1413 1910 ἔσομαι
1445 1839 1522 1909 τῷ
1543 1839 1640 1903 τὰς
1674 1839 1888 1910 βίϐλους

303 1950 396 2004 μοι
418 1933 464 1964 ’³
493 1933 604 1987 τῶν
617 1951 684 2004 κη
695 1933 984 2005 ρυγμάτων
1004 1933 1216 1993 διδόντι,
1234 1933 1328 1985 καὶ
1355 1931 1524 1994 αὑτάς
1538 1931 1636 1994 τὰς
1651 1930 1884 2000 βίϐλους,

297 2024 368 2089 ἃς
398 2025 462 2080 ἄν
492 2043 580 2096 μοι
603 2025 699 2097 δῷ,
728 2027 790 2079 οὐ
823 2027 896 2097 μὴ
923 2026 1133 2097 μεταδῶ
1159 2043 1266 2079 τινι
1294 2027 1416 2079 κατ’
1444 2025 1639 2078 οὐδένα
1660 2024 1883 2097 τρόπον,

297 2119 361 2170 οὺ
387 2119 622 2190 γράψας,
647 2120 708 2172 οὐ
733 2120 1115 2191 γεγραμμένον
1152 2120 1296 2182 δοὺς,
1319 2121 1381 2172 οὐ
1402 2117 1725 2189 γράφοντιυ
1751 2117 1885 2170 ἀνα-

297 2210 598 2274 διδοὺς,οὑκ
620 2212 877 2274 αὐτὸς,οὑ
891 2212 958 2264 δι’
983 2211 1164 2274 ἄλλου,
1191 2212 1254 2264 οὐ
1281 2210 1351 2264 δι’
1377 2209 1543 2280 ἄλλης
1563 2208 1707 2271 τινὸς
1741 2208 1886 2275 ἀγω-

297 2304 402 2374 γῆς
425 2303 458 2374 ἦ
490 2305 639 2358 δόλου
667 2305 700 2374 ἢ
735 2305 1004 2376 μηχανῆς,
1029 2305 1061 2374 ἦ
1097 2303 1313 2374 ἀμελῶς
1335 2303 1382 2333 ⁸⁵
1421 2301 1710 2370 φυλάσσων
1739 2301 1772 2369 ἢ
1803 2317 1886 2352 τι-

297 2397 409 2452 θῶν
430 2398 463 2468 ἢ
484 2396 653 2451 νεύων
676 2397 709 2468 ἣ
728 2396 870 2467 ἄλλῳ
893 2396 1192 2466 οίῳδήποτε
1216 2393 1401 2466 τρόπῳ
1423 2392 1685 2465 ῆὲπινοίᾳ
1713 2392 1884 2464 ἑτέρῳ

296 2489 443 2542 αὐτά
482 2488 817 2560 μεταδιδούς.
854 2489 1002 2559 Πλὴν
1038 2487 1195 2540 ἐάν²⁶
1229 2487 1510 2558 δοκιμασω
1543 2486 1665 2540 τινὰ
1711 2485 1880 2552 ἄξιον,

293 2579 373 2643 ὼς
402 2579 565 2642 αὐτὸς
595 2579 842 2651 ἐκρίθην,
871 2580 903 2649 ἢ
935 2580 1028 2632 καὶ
1061 2579 1244 2632 πλεῖον
1268 2578 1590 2649 δοκιμάσας,
1623 2577 1760 2649 πλὴν
1783 2578 1883 2631 οὐκ

294 2675 518 2728 ἔλαττον
545 2673 723 2727 ἔτεσιν
761 2674 840 2739 ἐξ·
867 2672 944 2744 τῷ
970 2689 1028 2725 τε
1053 2671 1096 2702 ’⁷
1125 2670 1343 2724 εὐλαϐεἰ
1382 2669 1474 2724 καὶ⁸
1503 2667 1712 2740 ἀγαθῷ,
1737 2668 1881 2724 διδά-

295 2785 450 2821 σκειν
476 2765 945 2838 ἐπαναιρουμὲνῳ,
972 2765 1048 2828 ὼς
1077 2763 1403 2836 παρέλαϐον,
1435 2760 1759 2834 παραδώσω,
1786 2761 1881 2815 καὶ

293 2859 470 2913 ταῦτα
493 2860 584 2912 ἐπὶ
607 2862 674 2930 τῇ
702 2859 795 2911 τοῦ
829 2857 1128 2911 ἐπισκόπου
1160 2875 1260 2927 μου
1276 2856 1320 2888 ⁸⁸
1344 2855 1536 2927 γνώμῃ
1576 2853 1882 2926 ποιησάμε-

293 2969 403 3015 νος.

360 3129 453 3186 Ill.
491 3129 697 3194 Ἄλλως
726 3129 782 3183 δέ
813 3126 920 3182 οὐδ’
959 3125 1024 3182 ἂν
1063 3128 1250 3182 τέκνον
1281 3126 1314 3198 ἦ
1345 3127 1569 3197 ἀδελφὸς
1585 3128 1629 3157 ¹⁴³
1664 3128 1695 3196 ἢ
1729 3127 1879 3196 φίλος

289 3221 322 3293 ἢ
353 3222 532 3286 ἄλλως
567 3222 683 3284 πώς
712 3235 842 3275 ποτε
880 3221 1068 3289 γένους
1123 3225 1211 3292 μοι
1244 3221 1481 3291 ἀνήκων,
1517 3219 1718 3290 ἐάνπερ
1750 3220 1882 3272 ἀνά-

289 3316 406 3384 ξιος
447 3311 504 3389 ᾗ,
545 3314 699 3368 τοῦδε
751 3313 825 3385 μὴ
875 3311 1191 3384 μεταδοῦναι
1240 3313 1422 3384 χάριν,
1462 3311 1538 3374 ὡς
1578 3313 1638 3364 οὐ
1677 3312 1881 3382 προσῆ-

292 3426 385 3462 κεν
401 3407 466 3459 ³ο.
496 3404 633 3459 Uine
661 3404 955 3476 ἐπιϐουλὴν
989 3403 1472 3476 φοϐηθήσομαι,οὐ
1504 3401 1696 3474 δώροις
1728 3403 1880 3456 κολα-

292 3499 655 3569 κευθήσομαι⁹
686 3495 800 3550 ἀλλ’
831 3496 880 3549 εἰ
912 3497 1007 3549 καὶ
1036 3495 1205 3562 δόξειέ
1241 3496 1330 3567 μοί
1373 3512 1503 3549 ποτε
1531 3496 1599 3547 τά
1626 3493 1877 3565 διδόμενά

295 3605 384 3662 μοι
420 3589 529 3645 τῶν
556 3588 925 3662 κηρυγμάτων
959 3588 1137 3660 βιϐλία
1175 3589 1248 3663 μὴ
1272 3588 1445 3658 ἀληθῆ
1478 3584 1636 3653 εἶναι,
1659 3585 1763 3640 οὐδ’
1781 3586 1874 3640 οὖ-

291 3704 401 3750 τως
454 3682 766 3756 μεταδώσω,
803 3683 917 3738 ἀλλ’
964 3681 1249 3736 ἀποδώσω.
1307 3679 1625 3752 Ἀποδημῶν
1669 3679 1727 3732 δὲ
1778 3681 1875 3733 σὺν

292 3776 419 3848 ἐμοὶ
451 3776 589 3830 αὐτὰ
621 3773 855 3846 κομίσω,
889 3776 1031 3846 ἆπερ
1069 3775 1135 3828 ἂν
1169 3773 1317 3844 τύχω
1358 3772 1711 3843 κεκτημένος.
1738 3772 1798 3824 Εἰ
1820 3771 1874 3824 δὲ

296 3869 370 3942 μὴ
407 3867 652 3940 βουληθῶ
701 3868 816 3940 μετ’
871 3866 1111 3938 ἐμαυτοῦ
1131 3867 1172 3897 ³⁸
1209 3865 1347 3918 αὐτὰ
1399 3864 1732 3936 περιφέρειν,
1783 3863 1875 3915 ἐπὶ

289 3963 392 4034 τῆς
424 3961 602 4025 οἰκίας
625 3978 725 4032 μου
760 3957 896 4013 εἶναι
926 3958 1064 4012 αὺτά
1096 3960 1196 4012 οὐκ
1228 3958 1393 4021 ἐάσω,
1419 3956 1553 4010 ἀλλά
1585 3955 1660 4026 τῷ
1692 3956 1875 4024 sem-

292 4055 481 4123 σκόπῳ
511 4071 612 4125 μου
645 4053 722 4123 τῷ
751 4052 846 4124 τὴν
877 4051 1045 4122 αὐτὴν
1081 4051 1254 4120 ἔχοντι
1300 4049 1479 4101 πίστιν
1513 4048 1606 4101 καὶ
1637 4047 1743 4100 ἀπὸ
1774 4047 1884 4099 τῶν

1990 1859 2054 1898 ac
2082 1844 2201 1897 sine
2230 1859 2342 1912 quo
2370 1858 2478 1896 non
2509 1841 2736 1910 respiro,
2782 1841 2927 1910 quod
2955 1856 3172 1909 semper
3191 1841 3452 1898 obediens
3467 1857 3565 1898 ero

1989 1935 2102 2001 illi,
2143 1936 2236 2005 qui
2271 1936 2372 1989 hos
2414 1935 2548 1988 mihi
2594 1933 3040 2002 praedicationum
3082 1933 3253 1987 libros
3312 1933 3562 2004 largitur,

1988 2027 2243 2096 quodque
2275 2027 2376 2079 hos
2404 2025 2598 2092 libros,
2631 2040 2770 2093 quos
2797 2024 2930 2077 mihi
2963 2023 3193 2088 dederit,
3218 2025 3422 2078 nemini
3452 2025 3563 2079 ullo

1987 2128 2147 2190 pacto
2188 2120 2434 2184 tradam,
2477 2135 2586 2173 non
2632 2117 2868 2173 scribam
2896 2160 2910 2183 ,
2954 2134 3062 2172 non
3101 2119 3335 2187 scriptos
3381 2118 3561 2184 dabo,

1986 2224 2095 2262 non
2119 2209 2392 2277 scripturo
2422 2207 2654 2274 dedam;
2682 2224 2786 2261 non
2819 2210 2954 2277 ipse,
2980 2225 3088 2263 non
3120 2225 3217 2276 per
3240 2210 3431 2270 alium,
3463 2225 3564 2265 nec

1976 2314 2082 2368 .per
2107 2297 2267 2352 aliam
2305 2297 2597 2366 quamdam
2627 2298 2919 2361 rationem,
2952 2301 3034 2352 vel
3063 2298 3307 2353 fraudem
3332 2301 3418 2353 vel
3447 2316 3563 2353 ma-

1987 2389 2205 2444 chinam
2231 2407 2246 2456 ;
2276 2400 2370 2443 aut
2399 2389 2744 2459 indiligenter
2771 2391 3099 2455 custodiam,
3132 2391 3214 2444 vel
3251 2392 3408 2446 alteri
3457 2393 3564 2446 sis-

1988 2489 2106 2536 tens
2128 2481 2212 2535 vel
2243 2481 2586 2550 permittens,
2621 2489 2716 2536 aut
2745 2482 2854 2536 alio
2893 2497 3226 2552 quocunque
3271 2484 3435 2538 modo
3470 2484 3557 2538 vel

1985 2571 2214 2627 consilio
2241 2588 2303 2626 ea
2329 2574 2532 2642 scripta
2556 2574 2713 2628 alteri
2749 2576 3076 2630 concedens.
3102 2574 3217 2629 Nisi
3242 2576 3288 2631 si
3318 2577 3560 2646 aliquem

1983 2663 2287 2734 probavero
2317 2664 2541 2732 dignum
2563 2706 2577 2730 ,
2630 2666 3092 2733 quemadmodum
3135 2668 3250 2736 ipse
3280 2669 3560 2736 judicatus

1983 2771 2127 2820 sum,
2155 2755 2238 2808 vel
2262 2755 2440 2809 adhuc
2471 2756 2645 2824 n'iagis
2667 2757 3043 2824 exploravero,
3075 2765 3221 2810 certe
3241 2773 3351 2811 non
3377 2759 3563 2814 minus

1983 2845 2142 2901 annis
2170 2861 2298 2901 sex:
2325 2845 2415 2914 pio
2443 2857 2496 2900 et
2525 2847 2669 2900 bono
2690 2888 2704 2912 ,
2744 2847 2972 2900 docendi
3001 2863 3202 2902 munus
3227 2849 3556 2917 capessenti,

1983 2939 2125 2994 sicut
2166 2953 2266 3007 ego
2296 2939 2482 3006 accepi
2502 2980 2516 3003 ,
2567 2939 2802 2993 tribuam
2823 2981 2837 3004 ,
2868 2940 3031 3008 idque
3063 2956 3130 2994 ex
3163 2941 3401 3011 episcopi
3451 2942 3557 2997 mei

1983 3032 2250 3087 sententia
2284 3030 2504 3085 faciam.

2052 3120 2141 3176 lll.
2174 3123 2347 3176 Aliter
2379 3139 2558 3192 neque
2591 3123 2634 3178 si
2669 3124 2813 3179 filius
2844 3133 2916 3178 snt
2946 3133 3038 3177 aut
3070 3123 3259 3188 frater,
3291 3136 3385 3177 aut
3419 3123 3560 3177 ami-

1982 3229 2101 3277 cus,
2134 3223 2228 3267 aut
2253 3215 2360 3267 alio
2412 3215 2661 3283 quolibet
2693 3215 2857 3268 modo
2889 3215 2956 3268 ad
2988 3231 3160 3283 genus
3211 3230 3390 3268 meum
3429 3230 3555 3284 per-

1981 3304 2183 3370 tinens,
2226 3305 2272 3358 si
2308 3305 2564 3375 indignus
2603 3307 2909 3372 exstiterit;
2940 3306 3060 3375 ejus
3093 3308 3267 3374 gratia
3306 3324 3414 3361 non
3447 3317 3558 3362 tra-

1981 3395 2104 3450 dam
2140 3414 2154 3463 ;
2189 3405 2249 3450 ut
2280 3412 2389 3450 non
2439 3398 2614 3452 decet.
2647 3397 2754 3452 Nec
2780 3414 2910 3452 vero
2941 3399 3169 3453 insidias
3219 3400 3554 3466 formidabo;

1981 3506 2090 3543 non
2145 3489 2469 3545 muneribus
2521 3489 2773 3544 deliniar.
2808 3489 2913 3544 Sed
2953 3499 3007 3545 et
3036 3491 3082 3543 si
3131 3491 3427 3560 aliquando
3455 3492 3556 3546 do-

1983 3592 2109 3637 nata
2143 3583 2276 3637 mihi
2308 3583 2755 3652 praedicationum
2809 3583 3086 3637 volumina
3135 3599 3245 3637 non
3277 3599 3399 3637 esse
3428 3599 3557 3638 vera

1983 3675 2115 3730 mihi
2170 3676 2520 3737 videbuntur,
2555 3691 2732 3744 neque
2782 3675 2861 3730 sic
2913 3675 3135 3745 largiar,
3170 3676 3262 3729 sed
3311 3675 3557 3730 reddam.

1980 3768 2117 3822 Cum
2169 3778 2350 3823 autem
2388 3784 2612 3838 peregre
2658 3768 2936 3837 profectus
2965 3768 3140 3833 fuero,
3173 3768 3290 3836 ipsa
3324 3767 3556 3836 portabo

1980 3878 2228 3928 mecum,
2279 3877 2618 3930 quaecunque
2673 3861 2988 3930 possedere.
3019 3860 3173 3925 Quod
3203 3861 3247 3913 si
3288 3860 3555 3914 noluerim

1981 3970 2044 4007 ea
2075 3969 2288 4009 mecum
2323 3952 2696 4019 circumferre,
2731 3953 2783 4006 in
2811 3953 2971 4006 domo
3002 3969 3118 4005 mea
3144 3967 3264 4006 esse
3295 3968 3400 4006 non
3433 3967 3556 4020 per-

1992 4047 2224 4111 mittam,
2254 4049 2346 4101 sed
2371 4048 2626 4115 episcopo
2660 4061 2780 4100 meo
2804 4046 3050 4100 eamdem
3096 4045 3253 4099 ﬁdem
3283 4045 3557 4114 prolitenti

1607 4185 1839 4240 VARUS
1881 4183 2280 4243 LECTIONES.

363 4301 408 4381 ξ’
439 4302 532 4381 καὶ.
550 4299 690 4381 οὑ-Ο
719 4301 907 4355 ultima
933 4317 1061 4355 voce
1093 4300 1406 4381 ξηῲιιριιιῐτιἶ
1480 4296 1655 4381 “fit”:
1682 4297 1890 4381 inserui
1931 4313 1981 4352 e.
2015 4296 2060 4352 Ο
2082 4309 2140 4381 ει
2158 4297 2373 4381 Fiagm.
2412 4368 2425 4381 ἢ
2455 4293 2754 4381 ’ξπρόοιει
2778 4294 3150 4381 Frag'm.Turn‘
3171 4295 3226 4348 δὲ
3252 4297 3458 4381 ἐπίασιν
3487 4297 3549 4350 C.

293 4369 340 4403 ”
374 4371 450 4425 lta
487 4369 669 4426 Ottob.
736 4388 865 4432 ms.,
919 4381 977 4425 ut
1011 4368 1196 4423 maluit
1230 4368 1287 4433 S,
1317 4370 1411 4438 qui
1443 4369 1662 4437 quidem
1697 4368 1866 4438 edidit
1898 4386 1998 4438 μου
2022 4385 2070 4423 c.
2103 4370 2164 4422 C.
2194 4365 2331 4421 Tu'm
2368 4368 2536 4438 αὑτάς
2560 4365 2768 4438 pars,
2800 4365 2965 4438 αυτάς
2988 4383 3080 4438 μοι
3113 4366 3175 4438 (ξ.

3252 4367 3296 4396 ἰὴ»
3331 4366 3368 4418 S
3427 4383 3556 4434 pro-

329 4445 448 4515 onit
501 4439 1165 4515 Tediov'riultecti‘onem
1230 4434 1372 4515 vulg.
1427 4434 1753 4515 confirmant
1797 4436 1840 4490 Ο
1884 4434 1938 4492 et
1983 4438 2202 4515 Fragm.
2241 4438 2369 4491 Dein
2420 4437 2526 4515 οὐδ’
2562 4434 2743 4515 angi,
2779 4434 3199 4515 ob§‘_&).i.qg_0._
3256 4436 3300 4466 ³⁸
3335 4437 3556 4505 ἀμελοῖς

341 4509 520 4582 ragm.
544 4509 685 4582 Dein
721 4512 843 4582 dedi
877 4511 909 4580 ἢ
938 4511 1099 4582 τιθῶν
1134 4510 1166 4580 ἢ

292 4581 425 4653 (laici
441 4581 494 4653 (ἢ
527 4581 694 4634 τιθῶν
726 4582 789 4652 (3)

291 4647 554 4720 subjurixi
591 4669 641 4705 c.
671 4653 735 4705 0.
772 4647 780 4652 ’
814 4647 857 4682 ’⁵
893 4650 1372 4721 εει-ἰὺρηιιυηι,ίυι
1410 4648 1783 4721 τωρωι-..οὐδ’
1813 4648 1878 4701 ἂν
1900 4650 2088 4702 τέκνον
2191 4649 2224 4720 ἢ

887 4576 1227 4642 νοθεύων,ὐι
1249 4579 1644 4634 enuntiationis
1680 4576 1805 4631 linis
1843 4576 2059 4645 habeat,
2097 4580 2163 4633 ad
2193 4580 2337 4647 quod
2370 4579 2620 4647 quadret.
2699 4577 2744 4606 ²⁶
2777 4577 2840 4630 ἄν
2871 4576 2932 4629 C.

1202 4506 1372 4562 νεύων
1403 4525 1453 4564 c.
1481 4509 1524 4563 Ο
1551 4518 1605 4562 et
1639 4507 1858 4578 Fragm.
1884 4550 1898 4573 ,
1930 4525 2039 4578 quo
2073 4506 2306 4563 evitetur
2340 4507 2634 4575 tautologia
2657 4506 2854 4578 Clerici
2887 4506 3144 4578 iectionis
3173 4506 3205 4576 ἦ
3239 4524 3291 4578 τι
3325 4523 3556 4578 προστι-

3010 4578 3051 4607 ²⁷
3088 4576 3206 4626 τότε
3239 4576 3302 4629 C.
3379 4577 3424 4606 ³⁸
3454 4594 3554 4646 μου

2258 4645 2501 4716 ἀδελφός.
2539 4645 2595 4700 In
2642 4647 3001 4715 sequentibus
3037 4647 3241 4698 excidit
3285 4645 3511 4716 verbum
3537 4689 3552 4714 ,

289 4738 322 4776 a
364 4709 474 4789 quo
517 4724 747 4792 pendeat
800 4723 1106 4777 inlinitivus
1152 4709 1472 4790 μεταδοῦναι
1523 4721 1582 4774 S.
1635 4709 1952 4774 Lectionem
2001 4709 2156 4791 vulg?
2206 4709 2428 4774 exhibet
2466 4709 2538 4772 Ο.
2617 4719 2662 4792 ’_°
2697 4709 2736 4770 S
2763 4717 2910 4785 conj.
2941 4717 3231 4786 προσῆκον.
3310 4714 3353 4744 ³¹
3389 4716 3464 4770 Ita
3492 4709 3552 4772 Si

294 4792 416 4863 μεθ’
449 4791 642 4844 ἑαυτοῦ
676 4793 720 4847 0
749 4807 797 4847 c.
820 4791 882 4847 C.

1586 4876 1952 4934 VARIORUM
1991 4876 2233 4933 NOTAE.

364 4997 476 5070 (24)
501 4998 894 5067 Ἐμπεριτόμῳ
910 5013 972 5050 τε
1000 4994 1135 5070 όντι
1156 4993 1365 5070 man.
1386 4992 1549 5070 Quasi
1572 4994 1866 5048 incircum-

289 5065 583 5125 cls'us'non
629 5065 816 5137 posset
841 5083 965 5122 esse
997 5066 1168 5137 ﬁdelis
1197 5073 1250 5118 et
1281 5065 1628 5137 Christianus
1661 5084 1672 5118 :
1704 5081 1865 5134 quem

289 5153 537 5195 errorem
575 5135 840 5193 Ebionitae
875 5138 1079 5195 aliique
1119 5135 1356 5190 haeretici
1394 5137 1668 5188 errabant.
1725 5137 1863 5188 Cor.

363 5206 485 5281 (25)
523 5208 842 5281 ᾉτξαιτόντα
868 5205 1067 5281 auget:
1082 5205 1181 5281 ἐπί
1209 5205 1474 5281 ποταμὸν
1501 5205 1539 5273 ἢ
1576 5205 1793 5281 ςτῃγῄν.
1813 5205 1867 5258 In

292 5275 491 5335 haeresi
524 5275 904 5333 Ebionazorum
939 5279 996 5331 S.
1028 5275 1364 5344 Epiphanius
1393 5291 1514 5343 cap.
1571 5275 1670 5330 l7:
1701 5278 1870 5328 Ὅταν

330 5350 416 5421 άρᾼ
433 5367 514 5412 τις
543 5346 602 5414 ἐξ
625 5348 810 5421 ἀὐτῶν
841 5347 873 5419 ἢ
905 5349 1045 5421 νόσῳ
1061 5346 1373 5421 περιπέσοι,
1404 5345 1455 5421 ’ἦ
1505 5345 1608 5421 ὑπὸ
1634 5347 1870 5421 έρπετοῦ

362 5415 542 5491 χθείη,
570 5418 815 5491 κάτεισιν
849 5415 927 5491 είς
1055 5415 1371 5491 ρδιαταηκαὶ
1401 5415 1742 5491 ἐπικαλεῖται
1772 5416 1874 5491 τᾲς

292 5485 610 5560 ἐπωνυμίας
635 5491 734 5552 τὰς
763 5490 819 5541 ἐν
839 5487 917 5557 τῷ
952 5485 1157 5560 Ἡλξαῖ,
1187 5486 1281 5539 τοῦ
1306 5504 1363 5560 τε
1389 5487 1734 5560 οὐρανοῦμκαὶ
1776 5487 1875 5560 τῆς

291 5561 420 5628 γῆς,
443 5556 538 5612 τοῦ
569 5577 626 5613 τε
656 5560 781 5622 ἁλὸς
817 5556 910 5611 καὶ
934 5558 1026 5610 τοῦ
1053 5557 1263 5619 ὕδατος,
1295 5556 1400 5609 τῶν
1434 5556 1491 5608 τε
1519 5557 1751 5628 ,ἀνέμων
1781 5557 1875 5628 mi

290 5626 540 5698 ἀγγέλων
585 5631 680 5701 τῆς
710 5628 1073 5697 δικαιοσύνης,
1103 5629 1252 5696 φασὶ,
1306 5628 1397 5679 καὶ
1449 5627 1539 5680 τοῦ
1571 5629 1734 5699 ἄρτου
1785 5626 1876 5680 καὶ

1975 4994 2175 5046 ἐλαίου.
2210 4994 2319 5045 Καὶ
2340 4992 2565 5071 ἄρχεται
2603 4989 3061 5125 λέγειν,ἇοηθῆτέ
3096 5007 3204 5070 μοι,
3252 4991 3345 5070 καί
3367 4989 3556 5071 ’ἀπαλ-

1975 5065 2167 5125 λάξατε
2191 5065 2283 5116 ἀπ’
2302 5065 2436 5125 ἐμου
2464 5063 2524 5113 τὸ
2545 5061 2782 5125 ἄλγημα.
2859 5061 3023 5113 uoties
3053 5077 3191 5112 emm
3213 5061 3404 5125 aliquis
3433 5059 3556 5112 tll0-

1975 5065 2167 5128 λάξατε
2191 5065 2283 5116 ἀπ’
2302 5059 2445 5131 ἐμοῦ
2464 5063 2524 5113 τὸ
2545 5061 2782 5131 ἄλγημα.
2809 5059 3023 5125 Qualies
3053 5061 3191 5112 enim
3213 5061 3404 5129 aliquis
3433 5059 3556 5112 illo-

1977 5080 2167 5128 Ααςσιτε
2191 5080 2270 5116 απ
2302 5080 2436 5185 Epeo
2464 5080 2524 5113 το
2545 5080 2782 5131 αΑγημα.
2809 5080 3023 5125 υαοιιεδ
3053 5080 3191 5112 εητηι
3213 5080 3404 5129 auqms
3433 5080 3547 5112 tuo-

1977 5152 2096 5189 rum
2122 5137 2179 5188 in
2216 5150 2331 5186 mor
2369 5149 2457 5185 um
2483 5133 2694 5196 incidit,
2731 5143 2879 5184 antu
2922 5141 3156 5199 serpente
3199 5147 3405 5184 morsus
3450 5140 3547 5191 est,

1976 5209 2044 5259 ad
2067 5222 2233 5275 aquas
2256 5204 2555 5275 descendit;
2574 5213 2621 5255 et
2641 5202 3018 5275 appellationes
3041 5218 3216 5254 omnes
3239 5217 3369 5269 quas
3388 5199 3552 5275 Εἰλεοὶ

1977 5270 2276 5345 complexus
2327 5284 2424 5335 est,
2451 5274 2678 5331 invocat.
2703 5273 2837 5345 coeli,
2859 5272 3112 5335 videlicet,
3137 5287 3198 5322 nc
3222 5281 3393 5345 terrae,
3419 5270 3552 5345 salis

1977 5359 2025 5401 et
2047 5340 2947 5416 aqnw,ventormn,e1angelorum,
2974 5350 3273 5416 uiroc-ant,
3299 5340 3550 5416 justitig.‘

1977 5412 2129 5487 panis
2154 5419 2278 5470 item
2310 5426 2357 5468 et
2390 5415 2510 5468 olei.
2532 5485 2539 5487 _
2561 5413 2808 5487 Tuncque
2837 5415 2924 5487 imi
2947 5415 3077 5487 dicit
3112 5429 3131 5466 ;
3162 5412 3361 5487 Adeste
3398 5412 3548 5487 mihi,

1981 5483 2043 5540 oc
2072 5488 2306 5540 dolorem
2337 5503 2366 5538 a
2399 5501 2478 5537 me
2506 5483 2770 5553 depellite.
2824 5485 2927 5549 Qui
2955 5493 3007 5538 et
3038 5483 3301 5553 legendus
3354 5483 3546 5535 lucresi

1982 5559 2048 5610 19
2071 5557 2429 5619 Ossenorum,
2457 5571 2579 5626 cap.
2613 5554 2663 5626 li,
2683 5554 3155 5626 conferendusque
3185 5569 3308 5607 cum
3341 5553 3407 5606 iis
3429 5567 3551 5623 qua:

1982 5627 2069 5682 hic
2099 5628 2264 5683 habes
2295 5641 2446 5680 num.
2476 5625 2510 5676 2
2542 5637 2593 5680 et
2621 5625 2670 5677 ιι.
2706 5625 2783 5679 lo.
