3986 6164
355 202 416 258 31
1204 201 1259 257 S.
1304 199 1691 259 CLEMENTIS
1726 203 1746 257 1
1802 201 1963 258 ROM.
2006 201 2203 258 PONT.
2243 202 2475 259 OPERA
2512 199 2739 259 DUBIA.
3520 205 3593 259 '52

358 325 417 374 et
456 315 530 372 ab
581 315 774 372 iisdem
830 316 1197 386 proﬁciscenti
1247 317 1664 372 commendabo.
1698 316 1754 371 Si
1794 332 1925 373 vero

2048 316 2204 371 ιύτῶν
2252 318 2555 388 ὁρμωμένῳ
2617 316 3146 389 παρακαταθήσομαι
3193 316 3258 371 ³³.
3299 319 3362 370 Εἰ
3405 317 3463 371 δὲ
3501 318 3599 375 καὶ

356 409 648 481 contigerit
672 425 759 465 me
783 419 1045 480 aegrotare
1072 426 1134 465 ac
1156 419 1384 464 mortem
1420 410 1616 474 vereri,
1646 410 1693 466 si
1721 411 1928 480 absque

358 503 546 558 liberis
560 502 732 567 fuero.
748 503 999 559 similiter
1011 518 1190 571 agam.
1222 502 1325 557 Sed
1347 511 1403 558 et
1427 504 1473 559 si
1498 502 1721 568 moriar,
1755 503 1926 558 ﬁlium

360 593 569 648 habens
596 594 874 665 Indignum
906 603 1001 648 aut
1028 596 1270 649 nondum
1297 612 1575 665 capacem,
1611 598 1817 668 pariter
1847 598 1929 653 l'a—

359 687 522 743 ciam.
568 686 783 742 Scilicet
808 690 1144 742 committam
1184 705 1306 744 meo
1323 690 1599 760 episcopo,
1625 692 1751 746 utsi
1795 707 1928 760 puer

360 778 579 833 adultus
609 779 714 832 lide
735 779 932 847 dignus
989 778 1172 845 fuerit,
1226 782 1314 837 ille
1353 791 1609 852 tanquam
1638 792 1927 853 paternum

359 868 666 939 depositum
696 870 806 924 ﬁlio
834 870 1045 936 reddat,
1053 872 1211 940 juxta
1245 873 1465 927 modum
1492 874 1926 933 contestationis.

434 957 522 1013 IV.
547 960 705 1026 Quod
731 970 911 1016 autem
942 964 1015 1017 ita
1039 964 1286 1020 facturus
1316 965 1440 1030 sim,
1465 967 1660 1021 iterum
1691 970 1930 1024 secundo

361 1060 645 1105 contestor
717 1055 942 1119 cadum,
1002 1066 1233 1121 terram,
1294 1072 1513 1127 aquam,
1569 1074 1692 1129 quae
1745 1061 1927 1115 omnia

361 1144 822 1213 complectuntur,
878 1150 1213 1218 insuperth
1266 1149 1352 1203 his
1418 1151 1675 1205 omnibus
1734 1160 1930 1206 cuncta

363 1243 745 1305 pervagantem
779 1252 982 1305 aerem,
1007 1240 1125 1293 sine
1154 1255 1265 1309 quo
1297 1254 1405 1295 non
1430 1242 1600 1312 spiro,
1637 1242 1783 1312 quod
1812 1257 1933 1312 per-

363 1338 529 1397 petuo
556 1328 942 1398 obtemperabo
989 1331 1060 1396 ei,
1092 1333 1185 1401 qui
1218 1333 1389 1388 libros
1420 1335 1554 1387 mihi
1581 1336 1920 1404 praadicatio-

364 1435 497 1475 num
514 1421 783 1487 tribuit,et
808 1423 1112 1478 observabo
1142 1426 1441 1480 secundum
1460 1427 1714 1482 universa
1737 1444 1932 1499 quem»

364 1513 662 1569 admodum
738 1524 1075 1572 contestatus
1131 1533 1274 1584 sum,
1354 1528 1449 1573 aut
1498 1520 1681 1575 adhuc
1733 1523 1927 1592 magis.

365 1605 555 1675 Itaque
597 1608 730 1661 mihi
761 1617 917 1679 pacta
950 1611 1190 1663 servanti
1223 1625 1351 1679 pars
1388 1611 1496 1666 erit
1522 1626 1646 1667 cum
1679 1615 1883 1668 sanctis
1917 1633 1930 1668 :

2027 408 2179 479 τύχοι
2235 425 2302 479 με
2345 410 2566 479 νοσῆσαι
2593 410 2637 441 ³³
2668 410 2762 463 καὶ
2803 408 2894 462 τὸν
2956 408 3184 463 θάνατον
3238 409 3598 476 ὑποπτεῦσαι,

2027 500 2123 554 ἐὰν
2147 502 2368 564 ἄτεκνος
2385 496 2450 565 ὦ,
2472 501 2672 571 ὁμοίως
2698 501 2925 572 ποιήσω.
2963 500 3100 553 Ἀλλ’
3133 502 3181 553 εί
3219 500 3314 553 καὶ
3344 501 3599 568 τελευτῶλ,

2026 582 2216 646 τέκνον
2260 592 2400 663 ἔχων
2441 594 2542 646 οὑκ
2568 593 2716 658 ἄξιον
2746 592 2779 663 ἦ
2816 591 3038 664 μηδέπω
3060 592 3373 663 δυνάμενον,
3401 594 3604 665 ὁμοίως

2030 686 2257 756 ποιήσω.
2304 685 2394 756 Τῷ
2427 686 2534 757 γὰρ
2566 685 2851 756 ὲπισκόπῳ
2897 702 2998 756 μου
3049 685 3599 758 παρακαταθήσομαι,

1984 764 1999 789 ⁸
2030 776 2119 829 ἵνα
2150 778 2198 828 εί
2247 778 2345 847 μὲν
2386 777 2537 848 τύχοι
2566 780 2650 846 ἐφ’
2683 777 2896 848 ἡλικίας
2952 778 3242 848 γενόμενος
3285 776 3434 842 ἄξιος
3463 774 3603 832 εἶναι
3668 760 3673 765 ’

2029 869 2129 940 τῆς
2163 869 2420 935 πίστεως,
2451 871 2527 933 ὡς
2555 869 2815 941 πατρῴαν
2844 870 3308 942 παρακαταθήκην
3332 869 3410 941 τῷ
3426 870 3604 942 τέκνῳ

2031 961 2283 1033 ἀποδώση
2303 961 2347 994 ³⁸
2372 961 2512 1016 κατὰ
2538 963 2630 1017 τὸν
2660 964 2759 1035 τῆς
2786 963 3179 1035 διαμαρτυρίας
3195 964 3239 995 ³⁸
3267 963 3441 1031 λόγον.

2103 1051 2321 1108 1ν.⁶¹οτι
2334 1052 2391 1106 δὲ
2410 1053 2580 1117 οὑτως
2598 1055 2830 1124 ποιήσω,
2849 1054 3009 1107 πάλιν
3035 1056 3096 1107 τὸ
3112 1055 3361 1126 δεύτερον
3374 1055 3606 1127 διαμαρ-

2032 1144 2266 1217 τύρομαι
2286 1146 2532 1216 οὐρανὸν,
2561 1147 2684 1217 γῆν,
2703 1146 2866 1218 ὕδωρ,
2885 1148 2942 1200 ὲν
2956 1140 3039 1210 οἷς
3062 1146 3131 1200 τὰ
3160 1146 3336 1202 πάντα
3353 1148 3604 1219 περιέχε-

2033 1254 2143 1301 ται,
2159 1238 2295 1309 πρὸς
2312 1238 2355 1268 ³⁸
2367 1238 2577 1302 τούτοις
2597 1240 2768 1293 ἅπασι
2789 1241 2882 1293 καὶ
2899 1239 2990 1293 τὸν
3014 1238 3103 1292 διὰ
3123 1240 3337 1293 πάντων
3353 1239 3605 1312 διήκοντα

2034 1328 2194 1401 ἀέρα,
2219 1324 2279 1383 οὗ
2298 1331 2425 1383 ἄνευ
2450 1331 2547 1383 οὐκ
2563 1331 2836 1395 ἀναπνέω,
2857 1332 2931 1395 ὡς
2949 1332 3034 1385 ἀεὶ
3057 1332 3293 1402 ὑπήκοος
3313 1332 3507 1402 ἔσομαι
3526 1332 3607 1403 τῷ

2035 1418 2133 1482 τὰς
2155 1419 2364 1489 βίϐλους
2381 1438 2469 1491 μοι
2482 1421 2526 1452 ³⁷
2541 1421 2648 1475 τῶν
2665 1424 3032 1494 κηρυγμάτων
3050 1423 3262 1487 διδόντι,
3276 1426 3368 1477 καὶ
3388 1425 3607 1492 φυλάξω
3703 1447 3716 1455 ·

2037 1511 2179 1565 κατά
2229 1511 2405 1565 πάντα
2436 1512 2514 1576 ὡς
2534 1513 2579 1544 ³⁸
2610 1513 3115 1598 διεμαρτυράμην,ἦ
3168 1515 3261 1568 καί
3304 1531 3359 1568 τι
3403 1515 3602 1569 πλεῖον.

2036 1602 2367 1657 Φυλάσσοντι
2407 1601 2500 1658 οὖν
2537 1620 2628 1674 μοι
2657 1606 2755 1669 τὰς
2785 1607 3056 1678 συνθήκας
3087 1606 3251 1679 μέρος
3279 1607 3428 1661 ἔσται
3470 1606 3608 1678 μετά

365 1698 547 1766 agenti
573 1713 705 1753 vero
733 1711 923 1754 contra
953 1715 1015 1755 ea
1044 1717 1165 1771 qua:
1192 1711 1385 1771 pactus
1407 1717 1527 1756 sum
1556 1705 1778 1759 inimica
1802 1706 1936 1759 mihi

2048 1695 2146 1749 τῶν
2177 1696 2358 1759 ὁσίων,
2410 1700 2695 1769 ποιήσαντι
2732 1698 2788 1751 δὲ
2822 1701 2953 1770 παρ’
2981 1698 3017 1753 ἀ
3063 1699 3386 1771 συνεθέμην,
3416 1698 3609 1771 ἐχθρὸν

365 1787 442 1843 sit
474 1804 657 1844 rerum
711 1792 1039 1847 universitas
1082 1802 1136 1847 et
1171 1804 1367 1848 cuncta
1412 1810 1711 1865 peragrans
1767 1798 1937 1851 aether

366 1881 574 1950 quique
603 1890 687 1938 est
715 1898 882 1953 super
911 1885 1094 1939 omnia
1121 1885 1286 1951 Deus,
1310 1902 1420 1954 quo
1446 1888 1657 1952 melior,
1684 1903 1794 1959 quo
1824 1906 1939 1944 ma-

362 1971 454 2043 jor
485 1974 689 2030 nullus.
713 1973 770 2029 Si
800 1975 964 2031 etiam
991 1977 1045 2031 in
1070 1978 1440 2048 cognitionem
1473 1980 1685 2035 veniam
1714 1982 1939 2039 alterius

371 2063 489 2131 Dei,
517 2067 663 2121 hunc
690 2083 908 2139 quoque
961 2085 1109 2126 nunc
1126 2071 1275 2140 juro,
1305 2087 1391 2127 me
1430 2074 1591 2129 aliter
1636 2090 1742 2129 non
1784 2086 1941 2132 actu.

368 2173 515 2222 rum,
539 2160 654 2214 sive
683 2160 772 2216 ille
796 2162 1015 2229 existat,
1047 2164 1167 2219 sive
1196 2166 1287 2220 ille
1318 2183 1427 2221 non
1450 2170 1677 2224 existat.
1712 2170 1794 2225 Ad
1824 2170 1943 2224 haec

367 2249 575 2317 omnia,
603 2252 651 2307 si
693 2250 899 2321 fallam,
938 2269 1035 2312 ero
1057 2259 1448 2326 exsecrandus,
1479 2261 1667 2317 vivens
1715 2272 1769 2318 et
1791 2278 1941 2317 mor-

370 2349 521 2409 tuus,
548 2352 713 2414 atque
764 2355 967 2400 aeterno
996 2350 1192 2417 puniar
1243 2350 1529 2421 supplicio.
1570 2352 1637 2408 Et
1676 2363 1800 2425 post
1837 2355 1944 2410 hoc

368 2448 566 2503 panem
593 2450 658 2490 ac
678 2436 759 2490 sal
788 2452 914 2492 cum
943 2440 1198 2510 largitore
1228 2452 1427 2497 sumat.

446 2547 509 2603 ν.
551 2546 677 2604 Haec
701 2548 908 2605 Iacobo
939 2554 1154 2609 dicente
1179 2556 1480 2627 presbyteri
1512 2558 1708 2614 timore
1748 2558 1947 2630 impal~

371 2637 610 2693 iuerimt.
635 2639 997 2711 Conspicatus
1023 2659 1153 2716 ergo
1179 2644 1418 2703 Jacobus
1433 2650 1580 2719 quod
1597 2651 1946 2708 vehementer

375 2739 703 2797 metuerent,
736 2733 852 2786 ait:
884 2734 1083 2791 Audite
1125 2751 1232 2804 me,
1264 2738 1463 2796 fratres
1494 2749 1548 2797 et
1581 2745 1854 2800 conservi.
1888 2744 1946 2800 Si

371 2820 547 2876 libros
578 2822 876 2894 unicuique
905 2822 1110 2883 temere
1140 2830 1558 2899 praebuerimus,
1593 2834 1781 2905 illique
1801 2851 1832 2890 a
1866 2837 1945 2892 vi-

371 2915 451 2970 ris
478 2915 806 2986 quibusdam
837 2920 1137 2978 audacibus
1172 2935 1620 2994 corrumpantur,
1654 2938 1750 2982 aut
1777 2929 1945 2983 inter-

2038 1788 2123 1858 εἴη
2165 1804 2254 1858 μοι
2285 1787 2346 1840 τὸ
2379 1790 2484 1842 πᾶν
2526 1790 2618 1843 καὶ
2646 1791 2675 1842 ό
2705 1788 2792 1842 διὰ
2824 1790 3039 1843 πάντων
3070 1789 3270 1863 διήκων
3314 1790 3479 1864 αίθὴρ
3515 1791 3611 1845 καὶ¹

2038 1880 2067 1932 ὁ
2096 1880 2234 1951 ὑπὲρ
2263 1880 2333 1933 τὰ
2357 1880 2455 1934 ὅλα
2481 1878 2630 1945 Θεὸς,
2649 1877 2710 1934 οὗ
2743 1874 3102 1952 κρείττων,οὗ
3134 1882 3330 1953 μείζων
3357 1883 3527 1945 οὐδείς
3543 1883 3609 1939 ³³.

2054 1971 2191 2026 Ἀλλ’
2236 1974 2284 2025 εί
2321 1973 2417 2026 καὶ
2456 1974 2535 2036 είς
2566 1973 2753 2044 ἐτέρου
2808 1972 2944 2026 Θεοῦ
2987 1975 3226 2027 ἐπίνοιαν
3247 1974 3293 2006 ⁸ο
3327 1975 3609 2046 ιγένωμαι,

2041 2063 2288 2116 κάκεῖνον
2317 2063 2412 2117 νῦν
2442 2064 2647 2135 ὄμνυμι
2662 2065 2737 2127 ὡς
2755 2065 2855 2118 οὑκ
2886 2065 3059 2128 ἄλλως
3080 2066 3308 2137 ποιήσω,
3326 2067 3422 2119 εἴτ’
3442 2065 3612 2132 ἐστιν,

2041 2156 2136 2209 εἴτ’
2163 2156 2264 2209 οὑκ
2307 2155 2471 2210 ἐστιν.
2534 2157 2679 2229 Πρὸς
2708 2157 2919 2221 τούτοις
2964 2157 3068 2210 δη³
3101 2160 3303 2212 ἀπασιν
3336 2160 3384 2211 εί
3414 2159 3614 2228 ψεύσο-

2045 2263 2165 2317 μαι,
2200 2247 2486 2319 κατάθεμα
2504 2248 2696 2320 έσομαι
2723 2249 2780 2319 9
2799 2248 2907 2313 ζῶν
2939 2252 3032 2304 καὶ
3062 2248 3270 2315 θανὼν,
3291 2252 3385 2304 καὶ
3411 2252 3617 2319 αἰωνίῳ

2043 2339 2448 2413 κολασθήσομαι
2502 2342 2741 2395 κολάσει.
2778 2342 2889 2395 Καὶ
2926 2343 3063 2414 μετὰ
3112 2342 3271 2397 τοῦτο
3317 2346 3483 2416 ἄρτου
3521 2343 3617 2397 καὶ

2044 2432 2239 2495 ἆλατος
2253 2432 2298 2464 ⁸³
2333 2432 2471 2504 μετά
2499 2434 2594 2487 τοῦ
2626 2435 3010 2507 παραδιδόντος
3039 2434 3406 2507 μεταλαϐέτω.

2116 2566 2181 2622 ν.
2222 2568 2407 2622 Ταῦτα
2434 2569 2528 2622 τοῦ
2571 2568 2830 2623 Ἰακώϐου
2862 2569 3106 2633 εἰπόντος
3151 2569 3428 2641 ὠχρίασαν
3468 2570 3615 2637 ἀγωτ

2045 2659 2321 2731 νισάμενοι
2364 2661 2409 2692 ⁸³
2429 2661 2476 2713 oi
2517 2661 2892 2733 πρεσϐύτεροι.
2924 2660 3153 2715 Συνιδὼν
3174 2657 3311 2716 οὖνὸ
3342 2659 3615 2725 Ἰάκωϐος,

2045 2752 2127 2805 ὅτι
2156 2750 2275 2806 λίαν
2323 2751 2689 2823 πεφόϐηνται,
2721 2752 2846 2825 ἔφη·
2894 2753 3190 2808 Ἀκούσατέ
3240 2772 3361 2826 μου,
3404 2754 3620 2825 ἀδελφοὶ

2047 2843 2141 2897 καὶ
2175 2842 2446 2897 σύνδουλοι
2466 2844 2528 2898 ⁵³.
2572 2845 2698 2898 Ἐὰν
2747 2843 2846 2908 τὰς
2890 2844 3104 2916 βίϐλους
3150 2848 3314 2900 πᾶσιν
3358 2846 3433 2909 ὡς
3460 2846 3618 2918 ἔτυχε

2050 2935 2420 3006 παράσχωμεν
2445 2975 2460 2999 ,
2498 2937 2592 2989 καὶ
2637 2936 2798 2989 αὑταὶ
2833 2936 2878 2967 ⁸³
2929 2936 3034 2990 ὑπὸ
3081 2936 3367 3009 τολμηρῶν
3408 2937 3619 3007 ἀνδρῶν

373 3010 778 3079 pretationibus
815 3024 1218 3082 pervertautur,
1246 3018 1395 3072 sicut
1422 3018 1535 3088 jam
1563 3020 1830 3089 quosdam
1865 3020 1939 3078 l'e-

2048 3043 2207 3079 τινων
2237 3026 2558 3080 νοθευθῶσιν
2600 3027 2633 3099 ἢ
2678 3032 2798 3091 ταῖς
2845 3029 3160 3100 ἑρμηνείαις
3189 3028 3616 3100 διαστραφῶσιν,

372 3101 516 3157 cisse
541 3103 816 3171 audiislis,
841 3107 1069 3161 restabit
1092 3117 1151 3162 ut
1179 3110 1272 3179 qui
1297 3111 1455 3179 plane
1477 3114 1761 3168 veritatem
1795 3130 1947 3185 quaa-

375 3202 524 3259 runt,
550 3209 764 3266 semper
785 3207 988 3254 errent.
1010 3199 1276 3267 Quocirca
1308 3214 1549 3274 praestat,
1574 3214 1634 3261 ut
1658 3208 1779 3263 libri
1802 3210 1947 3279 apud

376 3302 481 3342 nos
516 3301 794 3357 maneant,
836 3291 1230 3365 tradamusque
1268 3313 1363 3353 eos
1403 3315 1527 3354 cum
1567 3303 1717 3356 omni
1755 3318 1948 3372 supra-

375 3378 522 3434 dicta
561 3383 814 3437 cautione
864 3384 933 3440 iis
974 3386 1068 3455 qui
1109 3388 1197 3457 pie
1242 3391 1426 3446 vivere
1471 3393 1720 3463 aliosque
1764 3395 1946 3450 salvos

378 3470 562 3528 facere
587 3474 833 3543 cupiunt.
869 3476 945 3530 Ac
977 3478 1023 3532 si
1057 3480 1257 3549 aliquis
1281 3492 1404 3552 post
1430 3484 1569 3540 hanc
1592 3488 1950 3541 contestatio-

378 3578 501 3617 nem
555 3564 713 3619 aliter
761 3577 923 3637 agat,
972 3571 1171 3626 merito
1214 3572 1269 3626 in
1310 3584 1574 3629 aeternum
1620 3578 1946 3646 supplicium

378 3654 603 3710 incidet.
646 3655 764 3722 Qua
793 3660 939 3714 enim
976 3664 1187 3719 ratione
1227 3667 1323 3735 qui
1353 3667 1587 3722 aliorum
1628 3668 1950 3739 perditionis

378 3764 545 3805 causa
576 3754 804 3820 exstitit,
837 3754 952 3824 ipse
995 3772 1103 3810 non
1135 3759 1368 3827 peribit?
1395 3760 1531 3815 Cum
1560 3778 1690 3831 ergo
1720 3763 1945 3835 presby-

380 3844 484 3898 teri
529 3849 799 3902 sententia
823 3848 1010 3904 Jacobi
1045 3850 1297 3906 delectati
1325 3851 1556 3909 fuissent
1582 3858 1744 3925 atque
1773 3856 1950 3911 dixis-

379 3943 503 3990 sent
527 3954 541 3991 :
571 3935 899 3995 Benedictus
921 3942 994 3996 sit
1019 3942 1113 4011 qui
1139 3954 1213 4009 te,
1236 3953 1296 3997 ut
1321 3955 1642 4000 cunctorum
1670 3948 1949 4015 praescius,

377 4029 604 4098 pulchre
635 4032 794 4088 nobis
824 4035 1110 4090 constituit
1136 4037 1453 4107 episcopum
1491 4055 1505 4093 :
1541 4038 1675 4105 haec,
1704 4039 1949 4108 inquam,

381 4136 507 4175 eum
553 4121 851 4192 dixissent,
900 4137 1188 4197 surgentes
1243 4132 1444 4197 precati
1489 4148 1679 4187 sumus
1727 4134 1952 4189 univer-

378 4226 569 4267 sorum
613 4212 828 4271 Patrem
879 4233 945 4274 ac
997 4217 1202 4288 Deum;
1252 4222 1342 4276 cui
1393 4223 1568 4293 gloria
1620 4224 1675 4278 in
1728 4224 1947 4280 saecula.

378 4302 573 4362 Amen.

531 4442 872 4502 EPISTOLA
909 4448 1305 4505 CLEMENTIS
1335 4449 1429 4504 AD
1466 4449 1806 4507 JACOBUM.

449 4558 773 4618 CLEMENS
801 4562 1057 4621 JACOBO
1078 4566 1301 4623 domino
1340 4577 1394 4624 et
1427 4570 1805 4639 episcoporum
1827 4570 1947 4641 epi-

380 4666 569 4724 scopo,
582 4658 787 4727 regenti
800 4668 983 4714 autem
1001 4658 1430 4732 Hierosolymam
1445 4670 1688 4717 sanctam
1702 4658 1951 4719 Hebrazoq

2047 3116 2124 3181 ὡς
2158 3118 2259 3190 ήδη
2285 3118 2439 3181 τινὰς
2468 3119 2736 3189 ⁴ήκούσατε
2783 3120 3150 3190 πεποιηκότας
3170 3160 3185 3186 ,
3235 3112 3387 3173 ἔσται
3431 3121 3619 3175 λοιπὸν

2048 3209 2142 3262 καί
2168 3213 2280 3273 τοῖς
2306 3209 2475 3275 ὄντως
2500 3210 2600 3281 τὴν
2623 3210 2879 3282 ἀλήθειαν
2904 3192 3155 3281 ζητοῦσιν
3182 3210 3267 3263 ἀεὶ
3296 3209 3616 3266 πλανᾶσθαι.

2047 3301 2137 3355 Διὸ
2173 3304 2394 3373 ἄμεινον
2439 3304 2568 3376 παρ’
2597 3304 2728 3375 ἡμῖν
2762 3303 2928 3366 αὑτὰς
2956 3299 3116 3366 εἶναι,
3152 3304 3246 3356 καὶ
3282 3303 3620 3373 μεταδιδόναι

2051 3395 2188 3466 μετὰ
2234 3396 2411 3469 πάσης
2452 3397 2552 3467 τῆς
2586 3396 2989 3467 προειρημένης
3036 3395 3335 3465 ἀσφαλείας
3372 3399 3485 3459 τοῖς
3528 3394 3619 3451 θέ-

2048 3485 2201 3540 λουσι
2234 3486 2330 3559 ζῇν
2363 3487 2603 3551 εὐσεϐῶς
2623 3489 2668 3520 ⁸⁸
2714 3488 2809 3539 καὶ
2852 3486 3044 3549 ἄλλους
3078 3486 3289 3552 σώζειν.
3339 3488 3403 3541 Εἰ
3446 3487 3503 3541 δέ
3536 3504 3621 3551 τις

2051 3579 2188 3650 μετά
2208 3579 2271 3632 τὸ
2294 3577 2467 3643 οὕτως
2496 3577 2971 3650 διαμαρτύρασθαι
3000 3578 3174 3641 ἄλλως
3206 3581 3441 3649 ποιήσει,
3471 3577 3619 3632 εὐλό-

2047 3689 2161 3741 γως
2203 3671 2396 3743 αἰωνίᾳ
2442 3672 2796 3726 ὑποπεσεῖται
2850 3670 3087 3724 κολάσει.
3141 3670 3259 3723 Τίνι
3312 3668 3421 3741 γάρ
3475 3668 3620 3739 λόγῳ

2048 3764 2221 3821 ἄλλων
2265 3763 2536 3827 ἀπωλείας
2568 3763 2738 3827 αῖτιος
2767 3763 3056 3835 γενόμενος
3086 3763 3247 3825 αὐτὸς
3274 3763 3374 3815 cex
3405 3761 3632 3815 ἀπολεῖ-

2048 3872 2180 3922 ται;
2234 3854 2341 3909 τῶν
2388 3850 2481 3908 οὖν
2529 3853 2919 3927 πρεσϐυτέρων
2965 3854 3059 3908 ἐπὶ
3104 3857 3172 3925 τῇ
3220 3854 3315 3908 τοῦ
3362 3854 3619 3909 Ἰακώϐου

2050 3947 2243 4018 γνώμῃ
2279 3946 2549 4018 ἡσθέντων
2582 3946 2675 4000 καὶ
2708 3946 2986 4000 εἰπόντωνο
3016 3946 3319 4018 Εὑλόγηται
3366 3947 3396 4000 ὅ
3443 3963 3502 3999 σε
3545 3947 3622 4012 ὡς

2052 4039 2228 4093 πάντα
2264 4038 2527 4110 προειδὼς
2554 4036 2735 4101 καλῶς
2765 4041 2896 4110 ἡμῖν
2929 4039 3274 4110 καταστήσας
3305 4039 3616 4093 ἐπίσκοπον·

2067 4130 2161 4184 καὶ
2187 4129 2359 4183 ταῦτα
2381 4131 2641 4184 εἰπόντων
2662 4130 2840 4184 αὐτῶν
2858 4131 3173 4203 έγερθέντες
3199 4131 3622 4203 προσηυξάμεθα

2047 4219 2129 4290 τῷ
2159 4220 2268 4274 τῶν
2312 4222 2447 4276 ὅλων
2477 4224 2652 4295 Harp).
2675 4222 2718 4254 δ”
2764 4224 2860 4276 καὶ⁵
2905 4221 3046 4293 Θεῷ·
3075 4216 3120 4291 ᾧ
3152 4224 3186 4294 ή
3217 4222 3343 4287 δόξα
3371 4225 3453 4287 είς
3496 4225 3623 4286 τοὺς

2052 4314 2274 4377 αἰῶνας.
2320 4315 2491 4386 Ἀμήν
2510 4315 2576 4369 ⁸⁸.
2830 4302 2841 4308 ’

2148 4455 2252 4525 ιο
2284 4453 2630 4507 ΕΠΙΣΤΟΛΗ
3134 4452 3312 4505 ΠΡΟΣ
3347 4452 3538 4506 ΙΑΚΩ-

2129 4659 2427 4713 ΚΛΗΜΗΣ
2471 4657 2842 4729 [ΑΚΩΒῼ,τῷ
2881 4658 3052 4730 κυρίῳ
3071 4658 3116 4689 ³⁸
3162 4657 3256 4710 καὶ
3308 4655 3624 4708 ἐπισκόπων

1585 4773 2157 4837 INTERPRETATIO
2200 4772 2447 4829 RUFINI.

448 4859 771 4921 CLEMENS
816 4866 1074 4926 JACOBO
1099 4871 1251 4927 l'ratri
1280 4870 1514 4939 Domini,
1545 4879 1598 4925 et
1628 4869 1883 4940 episcopo
1920 4867 2324 4938 episc0porum,
2371 4864 2576 4936 regenti
2603 4864 2953 4921 Hebraeorum
2984 4871 3232 4918 sanctam
3298 4861 3617 4918 Ecclesiam.

1686 4979 1923 5039 VARIAE
1958 4977 2358 5035 LECTIONES.

453 5072 499 5105 “
528 5073 1022 5146 Δσπαρακαθήοομαι
1085 5074 1150 5131 0.

382 5141 480 5215 0._
517 5143 571 5215 ξ’
609 5141 1034 5215 μαρτυρίαςρο.
1111 5147 1158 5178 ³⁸
1191 5148 1297 5215 πρό
1351 5144 1420 5200 Ο.
1531 5146 1571 5178 ³⁷

386 5212 480 5267 καί
502 5212 566 5270 C.
610 5212 620 5215 ⁷
692 5212 760 5246 ’³³
792 5212 902 5268 οὐδ’
925 5213 1005 5280 εἷς
1025 5218 1084 5272 C.
1231 5212 1276 5250 ‘°
1311 5218 1567 5271 ὑπόνοιαν

388 5282 434 5315 ³³
469 5281 660 5347 ὓδατος
679 5283 745 5339 0.

1649 5164 1711 5199 ου
1743 5145 1809 5200 C.
1911 5145 1956 5177 ³⁸

1314 5075 1359 5109 ³³
1415 5073 1493 5131 Ita
1551 5075 1596 5130 0
1649 5085 1705 5131 et
1765 5091 1834 5130 ex
1888 5074 2120 5129 con'ect.
2187 5072 2260 5137 C,
2345 5074 2578 5145 νοῆσαι
2641 5072 2716 5129 id.
2795 5073 2849 5127 in
2913 5080 3085 5127 textu.
3248 5071 3292 5103 “

1351 5144 1420 5198 0.
1531 5146 1571 5178 ³⁷
1610 5164 1711 5198 μου
1743 5145 1809 5198 C.
1911 5145 1956 5177 ³⁸
1989 5091 2089 5198 ica
2120 5143 2183 5198 C.
2221 5092 2462 5198 Subinde
2495 5144 2686 5198 scripsi
2719 5142 2752 5198 ἢ
2792 5141 2884 5195 καί
2913 5157 2964 5197 c.
2992 5144 3058 5198 0.
3090 5149 3150 5197 ut
3176 5141 3285 5198 iam

2022 5162 2089 5198 σα
2120 5143 2183 5199 C.
2221 5143 2389 5198 Subin

1649 5256 1661 5269 .
1703 5216 1892 5269 Postea
1928 5214 2039 5268 εἴτε
2072 5214 2135 5269 0.

3350 5069 3618 5126 ἀποδώσει

2792 5141 2884 5195 καί
2913 5157 2964 5197 c.
2992 5144 3058 5203 0,
3090 5149 3150 5197 ut
3171 5141 3285 5211 jam
3321 5142 3468 5211 conj.
3495 5140 3619 5194 S.ei

2495 5144 2686 5213 scripsi
2719 5142 2753 5213 ἢ

2701 5210 2972 5282 ψεύσομαι
3003 5212 3048 5267 Ο
3076 5230 3127 5268 c.
3158 5210 3522 5282 S,4vetioigp¢_t
3551 5210 3616 5263 (Σ.

2281 5214 2326 5246 ⁵³
2353 5215 2410 5268 δέ
2442 5215 2504 5269 C.
2531 5213 2669 5267 Tum

871 5276 1347 5367 "simsim;
1372 5288 1440 5367 .9-
1593 5284 1846 5367 (ἐλαιηολ
1871 5284 2135 5367 “eiecere
2164 5284 2351 5367 έῗὲκεῖ
2384 5276 2753 5367 memet?“
2782 5281 2844 5336 ο·
2877 5276 2890 5282 ⁷
2919 5282 3069 5367 Ἵιςει
3104 5276 3353 5367 βιηοεῦτοί
3384 5276 3619 5367 Ε’ναθῖαέ

386 5350 456 5429 0_.
530 5353 575 5386 “
607 5355 844 5429 εὐσεϐῶς
870 5350 1042 5425 adjeci
1077 5378 1126 5413 c.
1157 5358 1222 5412 0.
1297 5350 1340 5391 ⁸³
1372 5357 1575 5429 Πατέρι
1606 5350 1669 5410 C.
1728 5356 1775 5388 “
1808 5355 1939 5429 Post
1971 5350 2085 5429 haec
2119 5357 2171 5429 in
2202 5350 2597 5429 0'subseriptio
2626 5350 2853 5429 (ὅρκος.

2962 5353 3008 5384 δ’
3022 5354 3131 5425 ἀπὸ
3153 5352 3369 5425 Ῥώμης
3383 5349 3429 5406 Ο
3451 5353 3620 5407 rubro

390 5423 708 5481 charactere
740 5425 794 5479 in
831 5421 1004 5499 marg.
1040 5430 1360 5485 salutationi
1394 5421 1777 5489 exadversum,
1804 5434 1855 5477 et
1890 5424 1955 5478 C.
2029 5427 2074 5458 ⁸⁰
2105 5426 2263 5493 fratri
2290 5421 2495 5478 domini
2516 5422 2884 5477 vet'sioLatina
2918 5421 3117 5480 Ruﬁni.

1666 5518 2030 5577 VAIilORUM
2070 5517 2301 5573 NUT/E.

463 5609 577 5683 (20)
619 5611 821 5685 Duplex
883 5625 966 5673 est
1001 5616 1144 5673 circa
1189 5617 1329 5673 hanc
1367 5616 1649 5685 epistolam
1713 5614 1899 5683 opinio
1948 5623 2212 5669 veterum.
2266 5609 2459 5664 Prima
2494 5607 2672 5665 Rulini
2722 5607 3040 5679 praefatione
3093 5610 3157 5664 ad
3187 5608 3609 5678 Recogm'liom's,
