  <div class='ocr_page' id='page_1' title='image "/cluster/home/n/w/nwhite01/storage/ocr_20150623/2/mdp.39015005182426/027.png"; bbox 0 0 3986 6164; ppageno 0'>
   <div class='ocr_carea' id='block_1_1' title="bbox 406 294 483 349">
    <p class='ocr_par' dir='ltr' id='par_1_1' title="bbox 406 294 483 349">
     <span class='ocr_line' id='line_1_1' title="bbox 406 294 483 349; baseline -0.039 0"><span class='ocrx_word' id='word_1_1' title='bbox 406 294 483 349; x_wconf 64' lang='grc' dir='ltr'><strong>τε</strong></span> 
     </span>
    </p>
   </div>
   <div class='ocr_carea' id='block_1_2' title="bbox 1270 280 2800 342">
    <p class='ocr_par' dir='ltr' id='par_1_2' title="bbox 1270 280 2800 342">
     <span class='ocr_line' id='line_1_2' title="bbox 1270 280 2800 342; baseline -0.004 0"><span class='ocrx_word' id='word_1_2' title='bbox 1270 288 1328 342; x_wconf 90' lang='lat' dir='ltr'><strong>S.</strong></span> <span class='ocrx_word' id='word_1_3' title='bbox 1369 284 1759 341; x_wconf 75' lang='lat' dir='ltr'><strong>CLEMENTIS</strong></span> <span class='ocrx_word' id='word_1_4' title='bbox 1800 284 1820 338; x_wconf 88' lang='grc'><strong>1</strong></span> <span class='ocrx_word' id='word_1_5' title='bbox 1858 282 2022 338; x_wconf 81' lang='lat' dir='ltr'><strong>ROM.</strong></span> <span class='ocrx_word' id='word_1_6' title='bbox 2066 282 2264 337; x_wconf 84' lang='lat' dir='ltr'><strong>PONT.</strong></span> <span class='ocrx_word' id='word_1_7' title='bbox 2305 280 2534 337; x_wconf 81' lang='lat' dir='ltr'><strong>OPERA</strong></span> <span class='ocrx_word' id='word_1_8' title='bbox 2570 281 2800 339; x_wconf 81' lang='lat' dir='ltr'><strong>DUBlA.</strong></span> 
     </span>
    </p>
   </div>
   <div class='ocr_carea' id='block_1_3' title="bbox 3581 287 3652 342">
    <p class='ocr_par' dir='ltr' id='par_1_3' title="bbox 3581 287 3652 342">
     <span class='ocr_line' id='line_1_3' title="bbox 3581 287 3652 342; baseline -0.014 0"><span class='ocrx_word' id='word_1_9' title='bbox 3581 287 3652 342; x_wconf 71' lang='lat'><strong>56</strong></span> 
     </span>
    </p>
   </div>
   <div class='ocr_carea' id='block_1_4' title="bbox 405 397 1995 473">
    <p class='ocr_par' dir='ltr' id='par_1_4' title="bbox 405 399 1979 472">
     <span class='ocr_line' id='line_1_4' title="bbox 405 399 1979 472; baseline -0.006 -11"><span class='ocrx_word' id='word_1_10' title='bbox 405 407 576 472; x_wconf 86' lang='lat' dir='ltr'><strong>malo,</strong></span> <span class='ocrx_word' id='word_1_11' title='bbox 609 405 852 459; x_wconf 69' lang='lat' dir='ltr'><strong>futurum</strong></span> <span class='ocrx_word' id='word_1_12' title='bbox 888 405 1092 459; x_wconf 88' lang='lat' dir='ltr'><strong>bonum</strong></span> <span class='ocrx_word' id='word_1_13' title='bbox 1124 402 1220 457; x_wconf 88' lang='lat' dir='ltr'><strong>toti</strong></span> <span class='ocrx_word' id='word_1_14' title='bbox 1252 400 1457 455; x_wconf 89' lang='lat' dir='ltr'><strong>mundo</strong></span> <span class='ocrx_word' id='word_1_15' title='bbox 1488 409 1547 454; x_wconf 91' lang='lat' dir='ltr'><strong>ut</strong></span> <span class='ocrx_word' id='word_1_16' title='bbox 1577 399 1847 453; x_wconf 87' lang='lat' dir='ltr'><strong>indicaret</strong></span> <span class='ocrx_word' id='word_1_17' title='bbox 1891 413 1979 452; x_wconf 87' lang='lat' dir='ltr'><strong>re-</strong></span> 
     </span>
    </p>
   </div>
   <div class='ocr_carea' id='block_1_5' title="bbox 2073 397 3656 473">
    <p class='ocr_par' dir='ltr' id='par_1_5' title="bbox 2078 397 3656 473">
     <span class='ocr_line' id='line_1_5' title="bbox 2078 397 3656 473; baseline 0.005 -22"><span class='ocrx_word' id='word_1_18' title='bbox 2078 397 2332 469; x_wconf 75' lang='grc' dir='ltr'><strong>δημοσίᾳ,</strong></span> <span class='ocrx_word' id='word_1_19' title='bbox 2354 398 2447 451; x_wconf 79' lang='grc' dir='ltr'><strong>ἐπὶ</strong></span> <span class='ocrx_word' id='word_1_20' title='bbox 2473 397 2566 450; x_wconf 79' lang='grc' dir='ltr'>τοῦ</span> <span class='ocrx_word' id='word_1_21' title='bbox 2595 398 2890 462; x_wconf 82' lang='grc' dir='ltr'>ἐνεστῶτος</span> <span class='ocrx_word' id='word_1_22' title='bbox 2922 398 3159 471; x_wconf 87' lang='grc' dir='ltr'>πονηροῦ</span> <span class='ocrx_word' id='word_1_23' title='bbox 3179 399 3246 464; x_wconf 79' lang='grc'><strong>⁸⁸,</strong></span> <span class='ocrx_word' id='word_1_24' title='bbox 3277 399 3370 455; x_wconf 82' lang='grc' dir='ltr'><strong>τὸν</strong></span> <span class='ocrx_word' id='word_1_25' title='bbox 3398 400 3656 473; x_wconf 78' lang='grc' dir='ltr'><strong>ἐσόμενον</strong></span> 
     </span>
    </p>
   </div>
   <div class='ocr_carea' id='block_1_6' title="bbox 409 489 1975 572">
    <p class='ocr_par' dir='ltr' id='par_1_6' title="bbox 409 489 1975 572">
     <span class='ocr_line' id='line_1_6' title="bbox 409 489 1975 572; baseline -0.008 -17"><span class='ocrx_word' id='word_1_26' title='bbox 409 516 529 572; x_wconf 77' lang='lat' dir='ltr'><strong>gem</strong></span> <span class='ocrx_word' id='word_1_27' title='bbox 554 540 568 563; x_wconf 89' lang='lat'><strong>,</strong></span> <span class='ocrx_word' id='word_1_28' title='bbox 621 500 907 567; x_wconf 84' lang='lat' dir='ltr'><strong>hucusque</strong></span> <span class='ocrx_word' id='word_1_29' title='bbox 962 496 1191 550; x_wconf 84' lang='lat' dir='ltr'><strong>Romam</strong></span> <span class='ocrx_word' id='word_1_30' title='bbox 1246 493 1472 547; x_wconf 90' lang='lat' dir='ltr'><strong>veniens</strong></span> <span class='ocrx_word' id='word_1_31' title='bbox 1497 534 1512 557; x_wconf 92' lang='lat'><strong>,</strong></span> <span class='ocrx_word' id='word_1_32' title='bbox 1544 500 1597 545; x_wconf 90' lang='lat' dir='ltr'><strong>et</strong></span> <span class='ocrx_word' id='word_1_33' title='bbox 1629 490 1740 544; x_wconf 89' lang='lat' dir='ltr'><strong>Deo</strong></span> <span class='ocrx_word' id='word_1_34' title='bbox 1779 489 1975 560; x_wconf 76' lang='lat' dir='ltr'><strong>placita</strong></span> 
     </span>
    </p>
   </div>
   <div class='ocr_carea' id='block_1_7' title="bbox 407 578 1975 656">
    <p class='ocr_par' dir='ltr' id='par_1_7' title="bbox 407 578 1975 656">
     <span class='ocr_line' id='line_1_7' title="bbox 407 578 1975 656; baseline -0.008 -8"><span class='ocrx_word' id='word_1_35' title='bbox 407 593 654 648; x_wconf 77' lang='lat' dir='ltr'><strong>doctrina</strong></span> <span class='ocrx_word' id='word_1_36' title='bbox 702 592 922 646; x_wconf 89' lang='lat' dir='ltr'><strong>salvans</strong></span> <span class='ocrx_word' id='word_1_37' title='bbox 958 589 1229 651; x_wconf 88' lang='lat' dir='ltr'><strong>homines,</strong></span> <span class='ocrx_word' id='word_1_38' title='bbox 1272 586 1390 656; x_wconf 90' lang='lat' dir='ltr'><strong>ipse</strong></span> <span class='ocrx_word' id='word_1_39' title='bbox 1441 578 1763 654; x_wconf 68' lang='lat' dir='ltr'><strong>praesentem</strong></span> <span class='ocrx_word' id='word_1_40' title='bbox 1807 583 1975 636; x_wconf 88' lang='lat' dir='ltr'><strong>vitam</strong></span> 
     </span>
    </p>
   </div>
   <div class='ocr_carea' id='block_1_8' title="bbox 406 679 1404 755">
    <p class='ocr_par' dir='ltr' id='par_1_8' title="bbox 406 679 1404 755">
     <span class='ocr_line' id='line_1_8' title="bbox 406 679 1404 755; baseline -0.01 -15"><span class='ocrx_word' id='word_1_41' title='bbox 406 700 504 755; x_wconf 88' lang='lat' dir='ltr'><strong>per</strong></span> <span class='ocrx_word' id='word_1_42' title='bbox 530 686 641 739; x_wconf 94' lang='lat' dir='ltr'><strong>vim</strong></span> <span class='ocrx_word' id='word_1_43' title='bbox 667 699 792 739; x_wconf 89' lang='lat' dir='ltr'><strong>cum</strong></span> <span class='ocrx_word' id='word_1_44' title='bbox 827 690 1003 736; x_wconf 89' lang='lat' dir='ltr'><strong>morte</strong></span> <span class='ocrx_word' id='word_1_45' title='bbox 1025 679 1404 734; x_wconf 89' lang='lat' dir='ltr'><strong>commutavit.</strong></span> 
     </span>
    </p>
   </div>
   <div class='ocr_carea' id='block_1_9' title="bbox 475 854 1974 932">
    <p class='ocr_par' dir='ltr' id='par_1_9' title="bbox 475 854 1974 932">
     <span class='ocr_line' id='line_1_9' title="bbox 475 854 1974 932; baseline -0.004 -17"><span class='ocrx_word' id='word_1_46' title='bbox 475 863 538 918; x_wconf 91' lang='lat' dir='ltr'><strong>ll.</strong></span> <span class='ocrx_word' id='word_1_47' title='bbox 578 863 634 916; x_wconf 89' lang='lat' dir='ltr'><strong>ln</strong></span> <span class='ocrx_word' id='word_1_48' title='bbox 664 863 797 931; x_wconf 88' lang='lat' dir='ltr'><strong>ipsis</strong></span> <span class='ocrx_word' id='word_1_49' title='bbox 821 871 1000 916; x_wconf 87' lang='lat' dir='ltr'><strong>autem</strong></span> <span class='ocrx_word' id='word_1_50' title='bbox 1024 860 1236 926; x_wconf 88' lang='lat' dir='ltr'><strong>diebus,</strong></span> <span class='ocrx_word' id='word_1_51' title='bbox 1261 857 1461 932; x_wconf 86' lang='lat' dir='ltr'><strong>quibus</strong></span> <span class='ocrx_word' id='word_1_52' title='bbox 1492 855 1644 911; x_wconf 81' lang='lat' dir='ltr'><strong>brevi</strong></span> <span class='ocrx_word' id='word_1_53' title='bbox 1670 854 1974 909; x_wconf 86' lang='lat' dir='ltr'><strong>moriturus</strong></span> 
     </span>
    </p>
   </div>
   <div class='ocr_carea' id='block_1_10' title="bbox 402 949 1970 1023">
    <p class='ocr_par' dir='ltr' id='par_1_10' title="bbox 402 949 1970 1023">
     <span class='ocr_line' id='line_1_10' title="bbox 402 949 1970 1023; baseline -0.006 -14"><span class='ocrx_word' id='word_1_54' title='bbox 402 963 543 1018; x_wconf 76' lang='lat' dir='ltr'><strong>erat,</strong></span> <span class='ocrx_word' id='word_1_55' title='bbox 564 955 907 1023; x_wconf 75' lang='lat' dir='ltr'><strong>congregatis</strong></span> <span class='ocrx_word' id='word_1_56' title='bbox 925 952 1202 1016; x_wconf 81' lang='lat' dir='ltr'><strong>fratribus,</strong></span> <span class='ocrx_word' id='word_1_57' title='bbox 1222 951 1405 1005; x_wconf 89' lang='lat' dir='ltr'><strong>subito</strong></span> <span class='ocrx_word' id='word_1_58' title='bbox 1434 949 1773 1019; x_wconf 87' lang='lat' dir='ltr'><strong>apprehensa</strong></span> <span class='ocrx_word' id='word_1_59' title='bbox 1805 964 1970 1001; x_wconf 84' lang='lat' dir='ltr'><strong>manu</strong></span> 
     </span>
    </p>
   </div>
   <div class='ocr_carea' id='block_1_11' title="bbox 403 1041 1971 1114">
    <p class='ocr_par' dir='ltr' id='par_1_11' title="bbox 403 1041 1971 1114">
     <span class='ocr_line' id='line_1_11' title="bbox 403 1041 1971 1114; baseline -0.003 -14"><span class='ocrx_word' id='word_1_60' title='bbox 403 1062 521 1100; x_wconf 84' lang='lat' dir='ltr'><strong>mea</strong></span> <span class='ocrx_word' id='word_1_61' title='bbox 559 1060 916 1114; x_wconf 80' lang='lat' dir='ltr'><strong>consurgens,</strong></span> <span class='ocrx_word' id='word_1_62' title='bbox 949 1060 1132 1098; x_wconf 88' lang='lat' dir='ltr'><strong>coram</strong></span> <span class='ocrx_word' id='word_1_63' title='bbox 1170 1043 1398 1097; x_wconf 81' lang='lat' dir='ltr'><strong>ecclesia</strong></span> <span class='ocrx_word' id='word_1_64' title='bbox 1427 1043 1566 1096; x_wconf 76' lang='lat' dir='ltr'><strong>dixit</strong></span> <span class='ocrx_word' id='word_1_65' title='bbox 1592 1061 1605 1096; x_wconf 88' lang='lat'>:</span> <span class='ocrx_word' id='word_1_66' title='bbox 1634 1041 1831 1096; x_wconf 84' lang='lat' dir='ltr'><strong>Audite</strong></span> <span class='ocrx_word' id='word_1_67' title='bbox 1863 1058 1971 1101; x_wconf 87' lang='lat' dir='ltr'><strong>me.</strong></span> 
     </span>
    </p>
   </div>
   <div class='ocr_carea' id='block_1_12' title="bbox 398 1124 1968 1202">
    <p class='ocr_par' dir='ltr' id='par_1_12' title="bbox 398 1124 1968 1202">
     <span class='ocr_line' id='line_1_12' title="bbox 398 1124 1968 1202; baseline -0.002 -10"><span class='ocrx_word' id='word_1_68' title='bbox 398 1124 596 1192; x_wconf 69' lang='lat' dir='ltr'><strong>fratres</strong></span> <span class='ocrx_word' id='word_1_69' title='bbox 641 1147 696 1191; x_wconf 90' lang='lat' dir='ltr'><strong>et</strong></span> <span class='ocrx_word' id='word_1_70' title='bbox 741 1138 989 1192; x_wconf 84' lang='lat' dir='ltr'><strong>conservi</strong></span> <span class='ocrx_word' id='word_1_71' title='bbox 1023 1155 1035 1191; x_wconf 88' lang='lat'><strong>:</strong></span> <span class='ocrx_word' id='word_1_72' title='bbox 1070 1136 1340 1202; x_wconf 84' lang='lat' dir='ltr'><strong>Quoniam</strong></span> <span class='ocrx_word' id='word_1_73' title='bbox 1364 1177 1379 1202; x_wconf 93' lang='lat'><strong>,</strong></span> <span class='ocrx_word' id='word_1_74' title='bbox 1413 1136 1556 1189; x_wconf 86' lang='lat' dir='ltr'><strong>sicut</strong></span> <span class='ocrx_word' id='word_1_75' title='bbox 1587 1137 1817 1189; x_wconf 83' lang='lat' dir='ltr'><strong>edoctus</strong></span> <span class='ocrx_word' id='word_1_76' title='bbox 1848 1152 1968 1189; x_wconf 90' lang='lat' dir='ltr'><strong>sum</strong></span> 
     </span>
    </p>
   </div>
   <div class='ocr_carea' id='block_1_13' title="bbox 397 1226 1972 1300">
    <p class='ocr_par' dir='ltr' id='par_1_13' title="bbox 397 1226 1972 1300">
     <span class='ocr_line' id='line_1_13' title="bbox 397 1226 1972 1300; baseline -0.004 -13"><span class='ocrx_word' id='word_1_77' title='bbox 397 1233 467 1287; x_wconf 83' lang='lat' dir='ltr'><strong>ab</strong></span> <span class='ocrx_word' id='word_1_78' title='bbox 490 1246 577 1297; x_wconf 93' lang='lat' dir='ltr'><strong>eo,</strong></span> <span class='ocrx_word' id='word_1_79' title='bbox 607 1230 698 1300; x_wconf 86' lang='lat' dir='ltr'><strong>qui</strong></span> <span class='ocrx_word' id='word_1_80' title='bbox 728 1230 874 1285; x_wconf 84' lang='lat' dir='ltr'><strong>misit</strong></span> <span class='ocrx_word' id='word_1_81' title='bbox 903 1246 1006 1295; x_wconf 92' lang='lat' dir='ltr'><strong>me,</strong></span> <span class='ocrx_word' id='word_1_82' title='bbox 1035 1228 1265 1282; x_wconf 84' lang='lat' dir='ltr'><strong>Domino</strong></span> <span class='ocrx_word' id='word_1_83' title='bbox 1297 1236 1350 1282; x_wconf 88' lang='lat' dir='ltr'><strong>et</strong></span> <span class='ocrx_word' id='word_1_84' title='bbox 1380 1228 1639 1297; x_wconf 80' lang='lat' dir='ltr'><strong>magistro</strong></span> <span class='ocrx_word' id='word_1_85' title='bbox 1661 1226 1790 1281; x_wconf 85' lang='lat' dir='ltr'><strong>Jesu</strong></span> <span class='ocrx_word' id='word_1_86' title='bbox 1819 1226 1972 1281; x_wconf 87' lang='lat' dir='ltr'><strong>Chri-</strong></span> 
     </span>
    </p>
   </div>
   <div class='ocr_carea' id='block_1_14' title="bbox 397 1319 1967 1391">
    <p class='ocr_par' dir='ltr' id='par_1_14' title="bbox 397 1319 1967 1391">
     <span class='ocr_line' id='line_1_14' title="bbox 397 1319 1967 1391; baseline -0.003 -13"><span class='ocrx_word' id='word_1_87' title='bbox 397 1334 516 1388; x_wconf 87' lang='lat' dir='ltr'><strong>sto,</strong></span> <span class='ocrx_word' id='word_1_88' title='bbox 550 1324 669 1378; x_wconf 90' lang='lat' dir='ltr'><strong>dies</strong></span> <span class='ocrx_word' id='word_1_89' title='bbox 713 1323 907 1378; x_wconf 90' lang='lat' dir='ltr'><strong>mortis</strong></span> <span class='ocrx_word' id='word_1_90' title='bbox 961 1338 1093 1376; x_wconf 78' lang='lat' dir='ltr'><strong>me:e</strong></span> <span class='ocrx_word' id='word_1_91' title='bbox 1147 1320 1588 1391; x_wconf 77' lang='lat' dir='ltr'><strong>appropinquat,</strong></span> <span class='ocrx_word' id='word_1_92' title='bbox 1634 1319 1967 1374; x_wconf 87' lang='lat' dir='ltr'><strong>Clementem</strong></span> 
     </span>
    </p>
   </div>
   <div class='ocr_carea' id='block_1_15' title="bbox 396 1402 1968 1485">
    <p class='ocr_par' dir='ltr' id='par_1_15' title="bbox 396 1402 1968 1485">
     <span class='ocr_line' id='line_1_15' title="bbox 396 1402 1968 1485; baseline -0.002 -15"><span class='ocrx_word' id='word_1_93' title='bbox 396 1416 544 1471; x_wconf 88' lang='lat' dir='ltr'><strong>hunc</strong></span> <span class='ocrx_word' id='word_1_94' title='bbox 590 1402 905 1485; x_wconf 85' lang='lat' dir='ltr'><strong>episcopum</strong></span> <span class='ocrx_word' id='word_1_95' title='bbox 956 1415 1112 1470; x_wconf 80' lang='lat' dir='ltr'><strong>vobis</strong></span> <span class='ocrx_word' id='word_1_96' title='bbox 1158 1415 1382 1476; x_wconf 87' lang='lat' dir='ltr'><strong>ordino;</strong></span> <span class='ocrx_word' id='word_1_97' title='bbox 1417 1414 1505 1468; x_wconf 92' lang='lat' dir='ltr'><strong>cui</strong></span> <span class='ocrx_word' id='word_1_98' title='bbox 1539 1428 1715 1467; x_wconf 88' lang='lat' dir='ltr'><strong>meam</strong></span> <span class='ocrx_word' id='word_1_99' title='bbox 1755 1427 1968 1467; x_wconf 87' lang='lat' dir='ltr'><strong>sermo-</strong></span> 
     </span>
    </p>
   </div>
   <div class='ocr_carea' id='block_1_16' title="bbox 400 1504 1968 1575">
    <p class='ocr_par' dir='ltr' id='par_1_16' title="bbox 400 1504 1968 1575">
     <span class='ocr_line' id='line_1_16' title="bbox 400 1504 1968 1575; baseline -0.002 -14"><span class='ocrx_word' id='word_1_100' title='bbox 400 1523 526 1562; x_wconf 61' lang='lat' dir='ltr'><strong>num</strong></span> <span class='ocrx_word' id='word_1_101' title='bbox 554 1507 877 1562; x_wconf 72' lang='lat' dir='ltr'><strong>cathedram</strong></span> <span class='ocrx_word' id='word_1_102' title='bbox 904 1506 1096 1571; x_wconf 90' lang='lat' dir='ltr'><strong>credo;</strong></span> <span class='ocrx_word' id='word_1_103' title='bbox 1132 1506 1226 1575; x_wconf 87' lang='lat' dir='ltr'><strong>qui</strong></span> <span class='ocrx_word' id='word_1_104' title='bbox 1251 1505 1383 1559; x_wconf 90' lang='lat' dir='ltr'><strong>mihi</strong></span> <span class='ocrx_word' id='word_1_105' title='bbox 1412 1504 1481 1558; x_wconf 91' lang='lat' dir='ltr'><strong>ab</strong></span> <span class='ocrx_word' id='word_1_106' title='bbox 1511 1504 1670 1558; x_wconf 91' lang='lat' dir='ltr'><strong>initio</strong></span> <span class='ocrx_word' id='word_1_107' title='bbox 1702 1519 1876 1573; x_wconf 89' lang='lat' dir='ltr'><strong>usque</strong></span> <span class='ocrx_word' id='word_1_108' title='bbox 1899 1504 1968 1558; x_wconf 88' lang='lat' dir='ltr'><strong>ad</strong></span> 
     </span>
    </p>
   </div>
   <div class='ocr_carea' id='block_1_17' title="bbox 394 1598 1967 1665">
    <p class='ocr_par' dir='ltr' id='par_1_17' title="bbox 394 1598 1967 1665">
     <span class='ocr_line' id='line_1_17' title="bbox 394 1598 1967 1665; baseline -0.001 -14"><span class='ocrx_word' id='word_1_109' title='bbox 394 1599 556 1652; x_wconf 76' lang='lat' dir='ltr'><strong>linem</strong></span> <span class='ocrx_word' id='word_1_110' title='bbox 589 1614 774 1653; x_wconf 89' lang='lat' dir='ltr'><strong>comes</strong></span> <span class='ocrx_word' id='word_1_111' title='bbox 807 1598 1036 1663; x_wconf 81' lang='lat' dir='ltr'><strong>exstitit,</strong></span> <span class='ocrx_word' id='word_1_112' title='bbox 1064 1598 1252 1665; x_wconf 77' lang='lat' dir='ltr'><strong>sicque</strong></span> <span class='ocrx_word' id='word_1_113' title='bbox 1281 1613 1472 1651; x_wconf 92' lang='lat' dir='ltr'><strong>omnes</strong></span> <span class='ocrx_word' id='word_1_114' title='bbox 1502 1611 1782 1651; x_wconf 88' lang='lat' dir='ltr'><strong>sermones</strong></span> <span class='ocrx_word' id='word_1_115' title='bbox 1814 1610 1967 1649; x_wconf 89' lang='lat' dir='ltr'><strong>meos</strong></span> 
     </span>
    </p>
   </div>
   <div class='ocr_carea' id='block_1_18' title="bbox 395 1687 2006 1757">
    <p class='ocr_par' dir='ltr' id='par_1_18' title="bbox 395 1687 2006 1757">
     <span class='ocr_line' id='line_1_18' title="bbox 395 1687 2006 1757; baseline -0.003 -13"><span class='ocrx_word' id='word_1_116' title='bbox 395 1690 600 1744; x_wconf 85' lang='lat' dir='ltr'><strong>audivit</strong></span> <span class='ocrx_word' id='word_1_117' title='bbox 633 1709 646 1744; x_wconf 91' lang='lat'><strong>:</strong></span> <span class='ocrx_word' id='word_1_118' title='bbox 684 1691 919 1743; x_wconf 79' lang='lat' dir='ltr'><strong>breviter</strong></span> <span class='ocrx_word' id='word_1_119' title='bbox 955 1690 1165 1755; x_wconf 84' lang='lat' dir='ltr'><strong>dicam,</strong></span> <span class='ocrx_word' id='word_1_120' title='bbox 1198 1689 1291 1757; x_wconf 91' lang='lat' dir='ltr'><strong>qui</strong></span> <span class='ocrx_word' id='word_1_121' title='bbox 1334 1689 1387 1741; x_wconf 92' lang='lat' dir='ltr'><strong>in</strong></span> <span class='ocrx_word' id='word_1_122' title='bbox 1419 1688 1677 1742; x_wconf 88' lang='lat' dir='ltr'><strong>omnibus</strong></span> <span class='ocrx_word' id='word_1_123' title='bbox 1711 1687 1969 1740; x_wconf 79' lang='lat' dir='ltr'><strong>tentatio-</strong></span> <span class='ocrx_word' id='word_1_124' title='bbox 2001 1744 2006 1757; x_wconf 29' lang='grc' dir='ltr'><strong>Σ</strong></span> 
     </span>
    </p>
   </div>
   <div class='ocr_carea' id='block_1_19' title="bbox 393 1779 1965 1850">
    <p class='ocr_par' dir='ltr' id='par_1_19' title="bbox 393 1779 1965 1850">
     <span class='ocr_line' id='line_1_19' title="bbox 393 1779 1965 1850; baseline -0.001 -15"><span class='ocrx_word' id='word_1_125' title='bbox 393 1782 558 1836; x_wconf 88' lang='lat' dir='ltr'><strong>nibus</strong></span> <span class='ocrx_word' id='word_1_126' title='bbox 593 1782 727 1836; x_wconf 89' lang='lat' dir='ltr'><strong>meis</strong></span> <span class='ocrx_word' id='word_1_127' title='bbox 751 1782 1039 1850; x_wconf 85' lang='lat' dir='ltr'><strong>particeps,</strong></span> <span class='ocrx_word' id='word_1_128' title='bbox 1075 1781 1129 1833; x_wconf 89' lang='lat' dir='ltr'><strong>in</strong></span> <span class='ocrx_word' id='word_1_129' title='bbox 1175 1780 1277 1833; x_wconf 85' lang='lat' dir='ltr'><strong>ﬁde</strong></span> <span class='ocrx_word' id='word_1_130' title='bbox 1318 1795 1675 1849; x_wconf 87' lang='lat' dir='ltr'><strong>perseverans</strong></span> <span class='ocrx_word' id='word_1_131' title='bbox 1709 1779 1965 1833; x_wconf 87' lang='lat' dir='ltr'><strong>inventus</strong></span> 
     </span>
    </p>
   </div>
   <div class='ocr_carea' id='block_1_20' title="bbox 391 1870 1961 1943">
    <p class='ocr_par' dir='ltr' id='par_1_20' title="bbox 391 1870 1961 1943">
     <span class='ocr_line' id='line_1_20' title="bbox 391 1870 1961 1943; baseline -0.004 -15"><span class='ocrx_word' id='word_1_132' title='bbox 391 1882 514 1928; x_wconf 60' lang='lat' dir='ltr'><strong>eat:</strong></span> <span class='ocrx_word' id='word_1_133' title='bbox 544 1889 705 1943; x_wconf 89' lang='lat' dir='ltr'><strong>quem</strong></span> <span class='ocrx_word' id='word_1_134' title='bbox 734 1874 858 1942; x_wconf 90' lang='lat' dir='ltr'><strong>plus</strong></span> <span class='ocrx_word' id='word_1_135' title='bbox 901 1872 1111 1927; x_wconf 67' lang='lat' dir='ltr'><strong>caneris</strong></span> <span class='ocrx_word' id='word_1_136' title='bbox 1138 1881 1397 1941; x_wconf 80' lang='lat' dir='ltr'><strong>expertus</strong></span> <span class='ocrx_word' id='word_1_137' title='bbox 1443 1887 1562 1925; x_wconf 90' lang='lat' dir='ltr'><strong>sum</strong></span> <span class='ocrx_word' id='word_1_138' title='bbox 1611 1870 1961 1941; x_wconf 85' lang='lat' dir='ltr'><strong>religiosum,</strong></span> 
     </span>
    </p>
   </div>
   <div class='ocr_carea' id='block_1_21' title="bbox 392 1963 1963 2032">
    <p class='ocr_par' dir='ltr' id='par_1_21' title="bbox 392 1963 1963 2032">
     <span class='ocr_line' id='line_1_21' title="bbox 392 1963 1963 2032; baseline -0.003 -13"><span class='ocrx_word' id='word_1_139' title='bbox 392 1966 715 2031; x_wconf 79' lang='lat' dir='ltr'><strong>lnmianum,</strong></span> <span class='ocrx_word' id='word_1_140' title='bbox 732 1974 966 2028; x_wconf 91' lang='lat' dir='ltr'><strong>castum,</strong></span> <span class='ocrx_word' id='word_1_141' title='bbox 983 1963 1283 2029; x_wconf 88' lang='lat' dir='ltr'><strong>eruditum,</strong></span> <span class='ocrx_word' id='word_1_142' title='bbox 1303 1972 1718 2032; x_wconf 85' lang='lat' dir='ltr'><strong>temperantem,</strong></span> <span class='ocrx_word' id='word_1_143' title='bbox 1738 1963 1963 2027; x_wconf 89' lang='lat' dir='ltr'><strong>bonum,</strong></span> 
     </span>
    </p>
   </div>
   <div class='ocr_carea' id='block_1_22' title="bbox 386 2055 1965 2125">
    <p class='ocr_par' dir='ltr' id='par_1_22' title="bbox 386 2055 1965 2125">
     <span class='ocr_line' id='line_1_22' title="bbox 386 2055 1965 2125; baseline -0.001 -16"><span class='ocrx_word' id='word_1_144' title='bbox 386 2055 628 2125; x_wconf 88' lang='lat' dir='ltr'><strong>justum,</strong></span> <span class='ocrx_word' id='word_1_145' title='bbox 665 2059 983 2125; x_wconf 85' lang='lat' dir='ltr'><strong>patientem,</strong></span> <span class='ocrx_word' id='word_1_146' title='bbox 1013 2064 1061 2110; x_wconf 91' lang='lat' dir='ltr'><strong>et</strong></span> <span class='ocrx_word' id='word_1_147' title='bbox 1104 2056 1367 2110; x_wconf 90' lang='lat' dir='ltr'><strong>scientem</strong></span> <span class='ocrx_word' id='word_1_148' title='bbox 1402 2056 1614 2109; x_wconf 82' lang='lat' dir='ltr'><strong>fortiter</strong></span> <span class='ocrx_word' id='word_1_149' title='bbox 1642 2055 1785 2110; x_wconf 81' lang='lat' dir='ltr'><strong>ferre</strong></span> <span class='ocrx_word' id='word_1_150' title='bbox 1830 2071 1965 2109; x_wconf 88' lang='lat' dir='ltr'><strong>non-</strong></span> 
     </span>
    </p>
   </div>
   <div class='ocr_carea' id='block_1_23' title="bbox 389 2145 1967 2214">
    <p class='ocr_par' dir='ltr' id='par_1_23' title="bbox 389 2145 1967 2214">
     <span class='ocr_line' id='line_1_23' title="bbox 389 2145 1967 2214; baseline -0.002 -9"><span class='ocrx_word' id='word_1_151' title='bbox 389 2150 667 2205; x_wconf 90' lang='lat' dir='ltr'><strong>nullorum</strong></span> <span class='ocrx_word' id='word_1_152' title='bbox 691 2150 1206 2204; x_wconf 89' lang='lat' dir='ltr'><strong>catechumeuorum</strong></span> <span class='ocrx_word' id='word_1_153' title='bbox 1227 2148 1499 2214; x_wconf 84' lang='lat' dir='ltr'><strong>ingratum</strong></span> <span class='ocrx_word' id='word_1_154' title='bbox 1531 2147 1798 2201; x_wconf 89' lang='lat' dir='ltr'><strong>animum.</strong></span> <span class='ocrx_word' id='word_1_155' title='bbox 1822 2145 1967 2214; x_wconf 86' lang='lat' dir='ltr'><strong>Quo-</strong></span> 
     </span>
    </p>
   </div>
   <div class='ocr_carea' id='block_1_24' title="bbox 392 2239 1966 2311">
    <p class='ocr_par' dir='ltr' id='par_1_24' title="bbox 392 2239 1966 2311">
     <span class='ocr_line' id='line_1_24' title="bbox 392 2239 1966 2311; baseline -0.001 -15"><span class='ocrx_word' id='word_1_156' title='bbox 392 2243 537 2296; x_wconf 80' lang='lat' dir='ltr'><strong>circa</strong></span> <span class='ocrx_word' id='word_1_157' title='bbox 566 2242 670 2311; x_wconf 82' lang='lat' dir='ltr'><strong>ipsi</strong></span> <span class='ocrx_word' id='word_1_158' title='bbox 700 2240 859 2295; x_wconf 86' lang='lat' dir='ltr'><strong>trado</strong></span> <span class='ocrx_word' id='word_1_159' title='bbox 888 2240 1093 2310; x_wconf 80' lang='lat' dir='ltr'><strong>ligandi</strong></span> <span class='ocrx_word' id='word_1_160' title='bbox 1134 2248 1188 2293; x_wconf 89' lang='lat' dir='ltr'><strong>et</strong></span> <span class='ocrx_word' id='word_1_161' title='bbox 1233 2239 1480 2294; x_wconf 89' lang='lat' dir='ltr'><strong>solvendi</strong></span> <span class='ocrx_word' id='word_1_162' title='bbox 1525 2247 1870 2308; x_wconf 88' lang='lat' dir='ltr'><strong>potestatem,</strong></span> <span class='ocrx_word' id='word_1_163' title='bbox 1906 2248 1966 2294; x_wconf 93' lang='lat' dir='ltr'><strong>ut</strong></span> 
     </span>
    </p>
   </div>
   <div class='ocr_carea' id='block_1_25' title="bbox 390 2331 1963 2405">
    <p class='ocr_par' dir='ltr' id='par_1_25' title="bbox 390 2331 1963 2405">
     <span class='ocr_line' id='line_1_25' title="bbox 390 2331 1963 2405; baseline -0.002 -17"><span class='ocrx_word' id='word_1_164' title='bbox 390 2334 755 2405; x_wconf 85' lang='lat' dir='ltr'><strong>quodcunque</strong></span> <span class='ocrx_word' id='word_1_165' title='bbox 789 2332 844 2386; x_wconf 91' lang='lat' dir='ltr'><strong>in</strong></span> <span class='ocrx_word' id='word_1_166' title='bbox 885 2332 1047 2386; x_wconf 90' lang='lat' dir='ltr'><strong>terris</strong></span> <span class='ocrx_word' id='word_1_167' title='bbox 1081 2331 1451 2398; x_wconf 88' lang='lat' dir='ltr'><strong>ordinaverit,</strong></span> <span class='ocrx_word' id='word_1_168' title='bbox 1486 2333 1559 2386; x_wconf 88' lang='lat' dir='ltr'><strong>sit</strong></span> <span class='ocrx_word' id='word_1_169' title='bbox 1590 2332 1869 2386; x_wconf 88' lang='lat' dir='ltr'><strong>decretum</strong></span> <span class='ocrx_word' id='word_1_170' title='bbox 1905 2331 1963 2385; x_wconf 85' lang='lat' dir='ltr'><strong>in</strong></span> 
     </span>
    </p>
   </div>
   <div class='ocr_carea' id='block_1_26' title="bbox 390 2424 1965 2496">
    <p class='ocr_par' dir='ltr' id='par_1_26' title="bbox 390 2424 1965 2496">
     <span class='ocr_line' id='line_1_26' title="bbox 390 2424 1965 2496; baseline -0.003 -14"><span class='ocrx_word' id='word_1_171' title='bbox 390 2426 567 2482; x_wconf 67' lang='lat' dir='ltr'><strong>caelis.</strong></span> <span class='ocrx_word' id='word_1_172' title='bbox 595 2424 809 2496; x_wconf 87' lang='lat' dir='ltr'><strong>Ligabit</strong></span> <span class='ocrx_word' id='word_1_173' title='bbox 853 2424 996 2478; x_wconf 90' lang='lat' dir='ltr'><strong>enim</strong></span> <span class='ocrx_word' id='word_1_174' title='bbox 1029 2424 1176 2493; x_wconf 87' lang='lat' dir='ltr'><strong>quod</strong></span> <span class='ocrx_word' id='word_1_175' title='bbox 1218 2424 1374 2495; x_wconf 83' lang='lat' dir='ltr'><strong>ligari</strong></span> <span class='ocrx_word' id='word_1_176' title='bbox 1413 2433 1649 2494; x_wconf 89' lang='lat' dir='ltr'><strong>oportet,</strong></span> <span class='ocrx_word' id='word_1_177' title='bbox 1693 2434 1748 2479; x_wconf 89' lang='lat' dir='ltr'><strong>et</strong></span> <span class='ocrx_word' id='word_1_178' title='bbox 1790 2424 1965 2479; x_wconf 88' lang='lat' dir='ltr'><strong>solvet</strong></span> 
     </span>
    </p>
   </div>
   <div class='ocr_carea' id='block_1_27' title="bbox 389 2516 1959 2587">
    <p class='ocr_par' dir='ltr' id='par_1_27' title="bbox 389 2516 1959 2587">
     <span class='ocr_line' id='line_1_27' title="bbox 389 2516 1959 2587; baseline -0.003 -14"><span class='ocrx_word' id='word_1_179' title='bbox 389 2518 537 2587; x_wconf 84' lang='lat' dir='ltr'><strong>quod</strong></span> <span class='ocrx_word' id='word_1_180' title='bbox 570 2527 788 2587; x_wconf 89' lang='lat' dir='ltr'><strong>oportet</strong></span> <span class='ocrx_word' id='word_1_181' title='bbox 813 2517 973 2583; x_wconf 91' lang='lat' dir='ltr'><strong>solvi,</strong></span> <span class='ocrx_word' id='word_1_182' title='bbox 1007 2526 1266 2586; x_wconf 87' lang='lat' dir='ltr'><strong>tanquam</strong></span> <span class='ocrx_word' id='word_1_183' title='bbox 1299 2517 1392 2586; x_wconf 91' lang='lat' dir='ltr'><strong>qui</strong></span> <span class='ocrx_word' id='word_1_184' title='bbox 1425 2517 1678 2571; x_wconf 61' lang='lat' dir='ltr'><strong>Ecclesia</strong></span> <span class='ocrx_word' id='word_1_185' title='bbox 1717 2516 1959 2585; x_wconf 82' lang='lat' dir='ltr'><strong>regulam</strong></span> 
     </span>
    </p>
   </div>
   <div class='ocr_carea' id='block_1_28' title="bbox 389 2608 1962 2679">
    <p class='ocr_par' dir='ltr' id='par_1_28' title="bbox 389 2608 1962 2679">
     <span class='ocr_line' id='line_1_28' title="bbox 389 2608 1962 2679; baseline -0.001 -14"><span class='ocrx_word' id='word_1_186' title='bbox 389 2609 626 2665; x_wconf 87' lang='lat' dir='ltr'><strong>noverit.</strong></span> <span class='ocrx_word' id='word_1_187' title='bbox 663 2609 844 2678; x_wconf 88' lang='lat' dir='ltr'><strong>lpsum</strong></span> <span class='ocrx_word' id='word_1_188' title='bbox 875 2623 1004 2678; x_wconf 87' lang='lat' dir='ltr'><strong>ergo</strong></span> <span class='ocrx_word' id='word_1_189' title='bbox 1034 2608 1251 2673; x_wconf 89' lang='lat' dir='ltr'><strong>audite,</strong></span> <span class='ocrx_word' id='word_1_190' title='bbox 1296 2617 1357 2662; x_wconf 92' lang='lat' dir='ltr'><strong>ut</strong></span> <span class='ocrx_word' id='word_1_191' title='bbox 1388 2608 1621 2663; x_wconf 83' lang='lat' dir='ltr'><strong>scientes</strong></span> <span class='ocrx_word' id='word_1_192' title='bbox 1651 2609 1798 2678; x_wconf 89' lang='lat' dir='ltr'><strong>quod</strong></span> <span class='ocrx_word' id='word_1_193' title='bbox 1818 2649 1834 2674; x_wconf 95' lang='lat'><strong>,</strong></span> <span class='ocrx_word' id='word_1_194' title='bbox 1868 2610 1962 2679; x_wconf 90' lang='lat' dir='ltr'><strong>qui</strong></span> 
     </span>
    </p>
   </div>
   <div class='ocr_carea' id='block_1_29' title="bbox 388 2698 1962 2768">
    <p class='ocr_par' dir='ltr' id='par_1_29' title="bbox 388 2698 1962 2768">
     <span class='ocr_line' id='line_1_29' title="bbox 388 2698 1962 2768; baseline -0.004 -10"><span class='ocrx_word' id='word_1_195' title='bbox 388 2703 792 2759; x_wconf 88' lang='lat' dir='ltr'><strong>contristaverit</strong></span> <span class='ocrx_word' id='word_1_196' title='bbox 829 2701 1071 2755; x_wconf 86' lang='lat' dir='ltr'><strong>veritatis</strong></span> <span class='ocrx_word' id='word_1_197' title='bbox 1118 2699 1404 2768; x_wconf 72' lang='lat' dir='ltr'><strong>praesidem</strong></span> <span class='ocrx_word' id='word_1_198' title='bbox 1428 2740 1443 2765; x_wconf 94' lang='lat'><strong>,</strong></span> <span class='ocrx_word' id='word_1_199' title='bbox 1476 2710 1669 2768; x_wconf 86' lang='lat' dir='ltr'><strong>peccat</strong></span> <span class='ocrx_word' id='word_1_200' title='bbox 1699 2699 1753 2752; x_wconf 92' lang='lat' dir='ltr'><strong>in</strong></span> <span class='ocrx_word' id='word_1_201' title='bbox 1799 2698 1962 2753; x_wconf 82' lang='lat' dir='ltr'><strong>Chri-</strong></span> 
     </span>
    </p>
   </div>
   <div class='ocr_carea' id='block_1_30' title="bbox 387 2776 1962 2862">
    <p class='ocr_par' dir='ltr' id='par_1_30' title="bbox 387 2776 1962 2862">
     <span class='ocr_line' id='line_1_30' title="bbox 387 2776 1962 2862; baseline -0.003 -11"><span class='ocrx_word' id='word_1_202' title='bbox 387 2806 567 2862; x_wconf 85' lang='lat' dir='ltr'><strong>stum,</strong></span> <span class='ocrx_word' id='word_1_203' title='bbox 599 2805 651 2850; x_wconf 88' lang='lat' dir='ltr'><strong>et</strong></span> <span class='ocrx_word' id='word_1_204' title='bbox 697 2794 1080 2848; x_wconf 89' lang='lat' dir='ltr'><strong>universorum</strong></span> <span class='ocrx_word' id='word_1_205' title='bbox 1115 2776 1328 2848; x_wconf 76' lang='lat' dir='ltr'><strong>Patrem</strong></span> <span class='ocrx_word' id='word_1_206' title='bbox 1376 2791 1554 2846; x_wconf 85' lang='lat' dir='ltr'><strong>irritat</strong></span> <span class='ocrx_word' id='word_1_207' title='bbox 1586 2807 1599 2842; x_wconf 90' lang='lat'><strong>:</strong></span> <span class='ocrx_word' id='word_1_208' title='bbox 1630 2803 1962 2862; x_wconf 86' lang='lat' dir='ltr'><strong>quapropter</strong></span> 
     </span>
    </p>
   </div>
   <div class='ocr_carea' id='block_1_31' title="bbox 385 2883 1961 2955">
    <p class='ocr_par' dir='ltr' id='par_1_31' title="bbox 385 2883 1961 2955">
     <span class='ocr_line' id='line_1_31' title="bbox 385 2883 1961 2955; baseline -0.003 -12"><span class='ocrx_word' id='word_1_209' title='bbox 385 2903 499 2943; x_wconf 89' lang='lat' dir='ltr'><strong>non</strong></span> <span class='ocrx_word' id='word_1_210' title='bbox 523 2887 685 2942; x_wconf 87' lang='lat' dir='ltr'><strong>vivet.</strong></span> <span class='ocrx_word' id='word_1_211' title='bbox 708 2886 980 2942; x_wconf 66' lang='lat' dir='ltr'><strong>Caeterum</strong></span> <span class='ocrx_word' id='word_1_212' title='bbox 1008 2887 1182 2955; x_wconf 89' lang='lat' dir='ltr'><strong>ipsum</strong></span> <span class='ocrx_word' id='word_1_213' title='bbox 1209 2884 1491 2955; x_wconf 68' lang='lat' dir='ltr'><strong>praesidem</strong></span> <span class='ocrx_word' id='word_1_214' title='bbox 1523 2893 1736 2953; x_wconf 89' lang='lat' dir='ltr'><strong>oportet</strong></span> <span class='ocrx_word' id='word_1_215' title='bbox 1765 2883 1961 2939; x_wconf 89' lang='lat' dir='ltr'><strong>medici</strong></span> 
     </span>
    </p>
   </div>
   <div class='ocr_carea' id='block_1_32' title="bbox 386 2974 1956 3045">
    <p class='ocr_par' dir='ltr' id='par_1_32' title="bbox 386 2974 1956 3045">
     <span class='ocr_line' id='line_1_32' title="bbox 386 2974 1956 3045; baseline -0.003 -11"><span class='ocrx_word' id='word_1_216' title='bbox 386 2980 570 3035; x_wconf 89' lang='lat' dir='ltr'><strong>locum</strong></span> <span class='ocrx_word' id='word_1_217' title='bbox 605 2988 809 3045; x_wconf 87' lang='lat' dir='ltr'><strong>tenere,</strong></span> <span class='ocrx_word' id='word_1_218' title='bbox 839 2994 948 3033; x_wconf 90' lang='lat' dir='ltr'><strong>non</strong></span> <span class='ocrx_word' id='word_1_219' title='bbox 975 2987 1159 3033; x_wconf 89' lang='lat' dir='ltr'><strong>autem</strong></span> <span class='ocrx_word' id='word_1_220' title='bbox 1189 2978 1318 3033; x_wconf 72' lang='lat' dir='ltr'><strong>fera:</strong></span> <span class='ocrx_word' id='word_1_221' title='bbox 1346 2976 1533 3032; x_wconf 71' lang='lat' dir='ltr'><strong>bestite</strong></span> <span class='ocrx_word' id='word_1_222' title='bbox 1570 2974 1816 3030; x_wconf 80' lang='lat' dir='ltr'><strong>furorem</strong></span> <span class='ocrx_word' id='word_1_223' title='bbox 1858 2975 1956 3029; x_wconf 90' lang='lat' dir='ltr'><strong>ha-</strong></span> 
     </span>
    </p>
   </div>
   <div class='ocr_carea' id='block_1_33' title="bbox 386 3071 537 3127">
    <p class='ocr_par' dir='ltr' id='par_1_33' title="bbox 386 3071 537 3127">
     <span class='ocr_line' id='line_1_33' title="bbox 386 3071 537 3127; baseline -0.007 0"><span class='ocrx_word' id='word_1_224' title='bbox 386 3071 537 3127; x_wconf 83' lang='lat' dir='ltr'><strong>bere.</strong></span> 
     </span>
    </p>
   </div>
   <div class='ocr_carea' id='block_1_34' title="bbox 457 3161 1954 3233">
    <p class='ocr_par' dir='ltr' id='par_1_34' title="bbox 457 3161 1954 3233">
     <span class='ocr_line' id='line_1_34' title="bbox 457 3161 1954 3233; baseline -0.003 -15"><span class='ocrx_word' id='word_1_225' title='bbox 457 3164 545 3220; x_wconf 75' lang='grc' dir='ltr'><strong>ιη.</strong></span> <span class='ocrx_word' id='word_1_226' title='bbox 565 3164 691 3220; x_wconf 68' lang='lat' dir='ltr'><strong>Haec</strong></span> <span class='ocrx_word' id='word_1_227' title='bbox 709 3164 800 3219; x_wconf 92' lang='lat' dir='ltr'><strong>illo</strong></span> <span class='ocrx_word' id='word_1_228' title='bbox 825 3163 1062 3231; x_wconf 86' lang='lat' dir='ltr'><strong>dicente,</strong></span> <span class='ocrx_word' id='word_1_229' title='bbox 1083 3178 1184 3232; x_wconf 86' lang='lat' dir='ltr'><strong>ego</strong></span> <span class='ocrx_word' id='word_1_230' title='bbox 1204 3162 1499 3233; x_wconf 88' lang='lat' dir='ltr'><strong>procidens</strong></span> <span class='ocrx_word' id='word_1_231' title='bbox 1521 3161 1778 3232; x_wconf 81' lang='lat' dir='ltr'><strong>rogabam</strong></span> <span class='ocrx_word' id='word_1_232' title='bbox 1805 3174 1954 3224; x_wconf 88' lang='lat' dir='ltr'><strong>eum,</strong></span> 
     </span>
    </p>
   </div>
   <div class='ocr_carea' id='block_1_35' title="bbox 386 3251 1958 3327">
    <p class='ocr_par' dir='ltr' id='par_1_35' title="bbox 386 3251 1958 3327">
     <span class='ocr_line' id='line_1_35' title="bbox 386 3251 1958 3327; baseline -0.003 -16"><span class='ocrx_word' id='word_1_233' title='bbox 386 3258 658 3312; x_wconf 61' lang='lat' dir='ltr'><strong>cathedrae</strong></span> <span class='ocrx_word' id='word_1_234' title='bbox 687 3258 950 3311; x_wconf 89' lang='lat' dir='ltr'><strong>honorem</strong></span> <span class='ocrx_word' id='word_1_235' title='bbox 985 3265 1040 3311; x_wconf 90' lang='lat' dir='ltr'><strong>et</strong></span> <span class='ocrx_word' id='word_1_236' title='bbox 1070 3264 1389 3327; x_wconf 88' lang='lat' dir='ltr'><strong>potestatem</strong></span> <span class='ocrx_word' id='word_1_237' title='bbox 1422 3255 1744 3326; x_wconf 84' lang='lat' dir='ltr'><strong>deprecans.</strong></span> <span class='ocrx_word' id='word_1_238' title='bbox 1773 3251 1958 3308; x_wconf 82' lang='lat' dir='ltr'><strong>Atille</strong></span> 
     </span>
    </p>
   </div>
   <div class='ocr_carea' id='block_1_36' title="bbox 1999 1753 2038 1808">
    <p class='ocr_par' dir='ltr' id='par_1_36' title="bbox 1999 1753 2038 1808">
     <span class='ocr_line' id='line_1_36' title="bbox 1999 1753 2038 1808; baseline 0 0"><span class='ocrx_word' id='word_1_239' title='bbox 1999 1753 2038 1808; x_wconf 85' lang='grc' dir='ltr'>Β</span> 
     </span>
    </p>
   </div>
   <div class='ocr_carea' id='block_1_37' title="bbox 2079 489 3658 564">
    <p class='ocr_par' dir='ltr' id='par_1_37' title="bbox 2079 489 3658 564">
     <span class='ocr_line' id='line_1_37' title="bbox 2079 489 3658 564; baseline 0.003 -21"><span class='ocrx_word' id='word_1_240' title='bbox 2079 490 2280 559; x_wconf 84' lang='grc' dir='ltr'>ἀγαθὸν</span> <span class='ocrx_word' id='word_1_241' title='bbox 2307 490 2412 561; x_wconf 83' lang='grc' dir='ltr'>ὅλῳ</span> <span class='ocrx_word' id='word_1_242' title='bbox 2443 490 2520 562; x_wconf 85' lang='grc' dir='ltr'><strong>τῷ</strong></span> <span class='ocrx_word' id='word_1_243' title='bbox 2552 491 2740 562; x_wconf 85' lang='grc' dir='ltr'>κόσμῳ</span> <span class='ocrx_word' id='word_1_244' title='bbox 2779 489 3011 562; x_wconf 85' lang='grc' dir='ltr'>μηνῦσαι</span> <span class='ocrx_word' id='word_1_245' title='bbox 3059 491 3313 561; x_wconf 83' lang='grc' dir='ltr'><strong>βασιλέα,</strong></span> <span class='ocrx_word' id='word_1_246' title='bbox 3347 492 3538 564; x_wconf 83' lang='grc' dir='ltr'><strong>μέχρις</strong></span> <span class='ocrx_word' id='word_1_247' title='bbox 3568 495 3658 548; x_wconf 80' lang='grc' dir='ltr'><strong>ὲν-</strong></span> 
     </span>
    </p>
   </div>
   <div class='ocr_carea' id='block_1_38' title="bbox 2074 581 3653 657">
    <p class='ocr_par' dir='ltr' id='par_1_38' title="bbox 2074 581 3653 657">
     <span class='ocr_line' id='line_1_38' title="bbox 2074 581 3653 657; baseline 0.005 -23"><span class='ocrx_word' id='word_1_248' title='bbox 2074 582 2250 635; x_wconf 81' lang='grc' dir='ltr'>ταῦθα</span> <span class='ocrx_word' id='word_1_249' title='bbox 2285 586 2351 654; x_wconf 82' lang='grc' dir='ltr'>τῇ</span> <span class='ocrx_word' id='word_1_250' title='bbox 2399 581 2584 654; x_wconf 76' lang='grc' dir='ltr'><strong>Ῥώμῃ</strong></span> <span class='ocrx_word' id='word_1_251' title='bbox 2606 584 2650 615; x_wconf 77' lang='grc'><strong>⁸⁸</strong></span> <span class='ocrx_word' id='word_1_252' title='bbox 2679 584 2997 654; x_wconf 89' lang='grc' dir='ltr'>γενόμενος,</span> <span class='ocrx_word' id='word_1_253' title='bbox 3030 583 3369 657; x_wconf 77' lang='grc' dir='ltr'>θεοδουλήτῳ</span> <span class='ocrx_word' id='word_1_254' title='bbox 3398 587 3653 644; x_wconf 68' lang='grc' dir='ltr'>διδασκαδ</span> 
     </span>
    </p>
   </div>
   <div class='ocr_carea' id='block_1_39' title="bbox 2077 673 3657 748">
    <p class='ocr_par' dir='ltr' id='par_1_39' title="bbox 2077 673 3657 748">
     <span class='ocr_line' id='line_1_39' title="bbox 2077 673 3657 748; baseline 0.006 -23"><span class='ocrx_word' id='word_1_255' title='bbox 2077 673 2165 746; x_wconf 83' lang='grc' dir='ltr'><strong>λίᾳ</strong></span> <span class='ocrx_word' id='word_1_256' title='bbox 2197 673 2383 739; x_wconf 75' lang='grc' dir='ltr'>σώζων</span> <span class='ocrx_word' id='word_1_257' title='bbox 2411 674 2731 738; x_wconf 75' lang='grc' dir='ltr'><strong>ἀνθρώπους</strong></span> <span class='ocrx_word' id='word_1_258' title='bbox 2754 713 2770 739; x_wconf 88' lang='grc'><strong>,</strong></span> <span class='ocrx_word' id='word_1_259' title='bbox 2795 675 2956 732; x_wconf 76' lang='grc' dir='ltr'>αὐτὸς</span> <span class='ocrx_word' id='word_1_260' title='bbox 2979 676 3073 729; x_wconf 85' lang='grc' dir='ltr'><strong>τοῦ</strong></span> <span class='ocrx_word' id='word_1_261' title='bbox 3102 674 3197 730; x_wconf 79' lang='grc' dir='ltr'><strong>νῦν</strong></span> <span class='ocrx_word' id='word_1_262' title='bbox 3230 676 3347 747; x_wconf 85' lang='grc' dir='ltr'>βίου</span> <span class='ocrx_word' id='word_1_263' title='bbox 3377 677 3567 748; x_wconf 87' lang='grc' dir='ltr'>βιαίως</span> <span class='ocrx_word' id='word_1_264' title='bbox 3592 678 3657 734; x_wconf 75' lang='grc' dir='ltr'>τὸ</span> 
     </span>
    </p>
   </div>
   <div class='ocr_carea' id='block_1_40' title="bbox 2078 764 2687 838">
    <p class='ocr_par' dir='ltr' id='par_1_40' title="bbox 2078 764 2687 838">
     <span class='ocr_line' id='line_1_40' title="bbox 2078 764 2687 838; baseline 0.003 -19"><span class='ocrx_word' id='word_1_265' title='bbox 2078 765 2176 836; x_wconf 78' lang='grc' dir='ltr'><strong>ζῇν</strong></span> <span class='ocrx_word' id='word_1_266' title='bbox 2207 764 2534 838; x_wconf 79' lang='grc' dir='ltr'><strong>μετήλλαξεν</strong></span> <span class='ocrx_word' id='word_1_267' title='bbox 2558 765 2687 837; x_wconf 73' lang='grc'>(28).</span> 
     </span>
    </p>
   </div>
   <div class='ocr_carea' id='block_1_41' title="bbox 2150 857 3656 932">
    <p class='ocr_par' dir='ltr' id='par_1_41' title="bbox 2150 857 3656 932">
     <span class='ocr_line' id='line_1_41' title="bbox 2150 857 3656 932; baseline 0.003 -21"><span class='ocrx_word' id='word_1_268' title='bbox 2150 857 2210 912; x_wconf 86' lang='grc' dir='ltr'><strong>ΙΙ.</strong></span> <span class='ocrx_word' id='word_1_269' title='bbox 2247 858 2390 929; x_wconf 76' lang='grc' dir='ltr'>Πρὸς</span> <span class='ocrx_word' id='word_1_270' title='bbox 2406 860 2596 921; x_wconf 83' lang='grc' dir='ltr'>αὐταῖς</span> <span class='ocrx_word' id='word_1_271' title='bbox 2629 859 2686 911; x_wconf 88' lang='grc' dir='ltr'><strong>δὲ</strong></span> <span class='ocrx_word' id='word_1_272' title='bbox 2717 861 2838 922; x_wconf 86' lang='grc' dir='ltr'>ταῖς</span> <span class='ocrx_word' id='word_1_273' title='bbox 2866 859 3101 931; x_wconf 78' lang='grc' dir='ltr'><strong>ἡμέραις</strong></span> <span class='ocrx_word' id='word_1_274' title='bbox 3128 858 3217 924; x_wconf 72' lang='grc' dir='ltr'>αἷς</span> <span class='ocrx_word' id='word_1_275' title='bbox 3244 860 3441 932; x_wconf 75' lang='grc' dir='ltr'>ῆμελλε</span> <span class='ocrx_word' id='word_1_276' title='bbox 3468 866 3656 916; x_wconf 86' lang='grc' dir='ltr'>τελευ-</span> 
     </span>
    </p>
   </div>
   <div class='ocr_carea' id='block_1_42' title="bbox 2074 951 3655 1027">
    <p class='ocr_par' dir='ltr' id='par_1_42' title="bbox 2074 951 3655 1027">
     <span class='ocr_line' id='line_1_42' title="bbox 2074 951 3655 1027; baseline 0.003 -24"><span class='ocrx_word' id='word_1_277' title='bbox 2074 953 2192 1021; x_wconf 83' lang='grc' dir='ltr'>τᾷν,</span> <span class='ocrx_word' id='word_1_278' title='bbox 2216 951 2684 1023; x_wconf 80' lang='grc' dir='ltr'>συνηθροισμένων</span> <span class='ocrx_word' id='word_1_279' title='bbox 2712 952 2818 1005; x_wconf 81' lang='grc' dir='ltr'>τῶν</span> <span class='ocrx_word' id='word_1_280' title='bbox 2843 952 3106 1021; x_wconf 79' lang='grc' dir='ltr'>ἀδελφῶν,</span> <span class='ocrx_word' id='word_1_281' title='bbox 3125 954 3401 1022; x_wconf 78' lang='grc' dir='ltr'><strong>αἰφνιδίως</strong></span> <span class='ocrx_word' id='word_1_282' title='bbox 3430 954 3655 1027; x_wconf 77' lang='grc' dir='ltr'>λαϐόμε-</span> 
     </span>
    </p>
   </div>
   <div class='ocr_carea' id='block_1_43' title="bbox 2073 1043 3648 1121">
    <p class='ocr_par' dir='ltr' id='par_1_43' title="bbox 2073 1043 3648 1121">
     <span class='ocr_line' id='line_1_43' title="bbox 2073 1043 3648 1121; baseline 0.008 -29"><span class='ocrx_word' id='word_1_283' title='bbox 2073 1043 2162 1105; x_wconf 87' lang='grc' dir='ltr'><strong>νός</strong></span> <span class='ocrx_word' id='word_1_284' title='bbox 2206 1060 2304 1113; x_wconf 87' lang='grc' dir='ltr'><strong>μου</strong></span> <span class='ocrx_word' id='word_1_285' title='bbox 2335 1043 2435 1115; x_wconf 87' lang='grc' dir='ltr'><strong>τῆς</strong></span> <span class='ocrx_word' id='word_1_286' title='bbox 2463 1044 2644 1116; x_wconf 84' lang='grc' dir='ltr'>χειρὸς</span> <span class='ocrx_word' id='word_1_287' title='bbox 2674 1044 2920 1115; x_wconf 80' lang='grc' dir='ltr'><strong>ἐγερθεὶς</strong></span> <span class='ocrx_word' id='word_1_288' title='bbox 2946 1045 3039 1099; x_wconf 79' lang='grc' dir='ltr'>ἐπὶ</span> <span class='ocrx_word' id='word_1_289' title='bbox 3065 1046 3164 1116; x_wconf 87' lang='grc' dir='ltr'><strong>τῆς</strong></span> <span class='ocrx_word' id='word_1_290' title='bbox 3191 1046 3483 1118; x_wconf 78' lang='grc' dir='ltr'><strong>ἐκκλησίας</strong></span> <span class='ocrx_word' id='word_1_291' title='bbox 3516 1049 3648 1121; x_wconf 74' lang='grc' dir='ltr'><strong>ἔφη·</strong></span> 
     </span>
    </p>
   </div>
   <div class='ocr_carea' id='block_1_44' title="bbox 2086 1137 3654 1208">
    <p class='ocr_par' dir='ltr' id='par_1_44' title="bbox 2086 1137 3654 1208">
     <span class='ocr_line' id='line_1_44' title="bbox 2086 1137 3654 1208; baseline 0.004 -20"><span class='ocrx_word' id='word_1_292' title='bbox 2086 1137 2379 1189; x_wconf 86' lang='grc' dir='ltr'>Ἀκούσατέ</span> <span class='ocrx_word' id='word_1_293' title='bbox 2409 1154 2508 1208; x_wconf 89' lang='grc' dir='ltr'><strong>μου</strong></span> <span class='ocrx_word' id='word_1_294' title='bbox 2532 1177 2545 1199; x_wconf 92' lang='grc'><strong>,</strong></span> <span class='ocrx_word' id='word_1_295' title='bbox 2581 1137 2800 1206; x_wconf 77' lang='grc' dir='ltr'>ἀδελφοὶ</span> <span class='ocrx_word' id='word_1_296' title='bbox 2848 1138 2942 1191; x_wconf 76' lang='grc' dir='ltr'>καὶ</span> <span class='ocrx_word' id='word_1_297' title='bbox 2995 1138 3295 1192; x_wconf 73' lang='grc' dir='ltr'>σύνδουλοιο</span> <span class='ocrx_word' id='word_1_298' title='bbox 3360 1141 3541 1205; x_wconf 74' lang='grc' dir='ltr'>Ἐπεὶ,</span> <span class='ocrx_word' id='word_1_299' title='bbox 3575 1142 3654 1204; x_wconf 82' lang='grc' dir='ltr'>ὡς</span> 
     </span>
    </p>
   </div>
   <div class='ocr_carea' id='block_1_45' title="bbox 2071 1228 3652 1303">
    <p class='ocr_par' dir='ltr' id='par_1_45' title="bbox 2071 1228 3652 1303">
     <span class='ocr_line' id='line_1_45' title="bbox 2071 1228 3652 1303; baseline 0.003 -22"><span class='ocrx_word' id='word_1_300' title='bbox 2071 1228 2355 1300; x_wconf 82' lang='grc' dir='ltr'>ἐδιδάχθην</span> <span class='ocrx_word' id='word_1_301' title='bbox 2382 1228 2490 1282; x_wconf 83' lang='grc' dir='ltr'><strong>ἀπὸ</strong></span> <span class='ocrx_word' id='word_1_302' title='bbox 2537 1229 2629 1282; x_wconf 81' lang='grc' dir='ltr'><strong>τού</strong></span> <span class='ocrx_word' id='word_1_303' title='bbox 2668 1247 2734 1300; x_wconf 90' lang='grc' dir='ltr'><strong>με</strong></span> <span class='ocrx_word' id='word_1_304' title='bbox 2780 1230 3195 1295; x_wconf 84' lang='grc' dir='ltr'>ἀποστείλαντος</span> <span class='ocrx_word' id='word_1_305' title='bbox 3226 1231 3432 1303; x_wconf 85' lang='grc' dir='ltr'>Κυρίου</span> <span class='ocrx_word' id='word_1_306' title='bbox 3460 1248 3523 1285; x_wconf 83' lang='grc' dir='ltr'><strong>τε</strong></span> <span class='ocrx_word' id='word_1_307' title='bbox 3556 1234 3652 1286; x_wconf 76' lang='grc' dir='ltr'>καὶ</span> 
     </span>
    </p>
   </div>
   <div class='ocr_carea' id='block_1_46' title="bbox 2071 1321 3653 1394">
    <p class='ocr_par' dir='ltr' id='par_1_46' title="bbox 2071 1321 3653 1394">
     <span class='ocr_line' id='line_1_46' title="bbox 2071 1321 3653 1394; baseline 0.001 -20"><span class='ocrx_word' id='word_1_308' title='bbox 2071 1321 2400 1375; x_wconf 81' lang='grc' dir='ltr'>Διδασκάλου</span> <span class='ocrx_word' id='word_1_309' title='bbox 2444 1321 2617 1392; x_wconf 83' lang='grc' dir='ltr'><strong>Ἰησοῦ</strong></span> <span class='ocrx_word' id='word_1_310' title='bbox 2648 1322 2907 1393; x_wconf 75' lang='grc' dir='ltr'><strong>Χριστοῦ,</strong></span> <span class='ocrx_word' id='word_1_311' title='bbox 2944 1324 3001 1375; x_wconf 90' lang='grc' dir='ltr'>αἱ</span> <span class='ocrx_word' id='word_1_312' title='bbox 3034 1322 3127 1375; x_wconf 83' lang='grc' dir='ltr'>τοῦ</span> <span class='ocrx_word' id='word_1_313' title='bbox 3162 1323 3391 1376; x_wconf 84' lang='grc' dir='ltr'>θανάτου</span> <span class='ocrx_word' id='word_1_314' title='bbox 3426 1341 3524 1394; x_wconf 90' lang='grc' dir='ltr'><strong>μου</strong></span> <span class='ocrx_word' id='word_1_315' title='bbox 3557 1325 3653 1393; x_wconf 78' lang='grc' dir='ltr'><strong>ἡγ-</strong></span> 
     </span>
    </p>
   </div>
   <div class='ocr_carea' id='block_1_47' title="bbox 2069 1414 3649 1487">
    <p class='ocr_par' dir='ltr' id='par_1_47' title="bbox 2069 1414 3649 1487">
     <span class='ocr_line' id='line_1_47' title="bbox 2069 1414 3649 1487; baseline 0 -19"><span class='ocrx_word' id='word_1_316' title='bbox 2069 1417 2288 1486; x_wconf 88' lang='grc' dir='ltr'>γίκασιν</span> <span class='ocrx_word' id='word_1_317' title='bbox 2334 1415 2583 1487; x_wconf 63' lang='grc' dir='ltr'>ἡμέραι,</span> <span class='ocrx_word' id='word_1_318' title='bbox 2635 1414 2929 1485; x_wconf 81' lang='grc' dir='ltr'>Κλήμεντα</span> <span class='ocrx_word' id='word_1_319' title='bbox 2961 1414 3071 1486; x_wconf 71' lang='grc'>(29)</span> <span class='ocrx_word' id='word_1_320' title='bbox 3120 1415 3309 1468; x_wconf 80' lang='grc' dir='ltr'>τοῦτον</span> <span class='ocrx_word' id='word_1_321' title='bbox 3352 1415 3649 1469; x_wconf 78' lang='grc' dir='ltr'>ἐπίσκοπον</span> 
     </span>
    </p>
   </div>
   <div class='ocr_carea' id='block_1_48' title="bbox 2069 1500 3649 1579">
    <p class='ocr_par' dir='ltr' id='par_1_48' title="bbox 2069 1500 3649 1579">
     <span class='ocr_line' id='line_1_48' title="bbox 2069 1500 3649 1579; baseline -0.001 -18"><span class='ocrx_word' id='word_1_322' title='bbox 2069 1508 2196 1579; x_wconf 84' lang='grc' dir='ltr'>ὑμῖν</span> <span class='ocrx_word' id='word_1_323' title='bbox 2224 1507 2513 1579; x_wconf 88' lang='grc' dir='ltr'>χειροτονῶ</span> <span class='ocrx_word' id='word_1_324' title='bbox 2536 1504 2666 1578; x_wconf 80' lang='grc'>(50),</span> <span class='ocrx_word' id='word_1_325' title='bbox 2697 1500 2740 1574; x_wconf 82' lang='grc' dir='ltr'><strong>ᾧ</strong></span> <span class='ocrx_word' id='word_1_326' title='bbox 2766 1507 2867 1579; x_wconf 82' lang='grc' dir='ltr'><strong>τὴν</strong></span> <span class='ocrx_word' id='word_1_327' title='bbox 2899 1507 3038 1579; x_wconf 82' lang='grc' dir='ltr'>ὲμὴν</span> <span class='ocrx_word' id='word_1_328' title='bbox 3066 1506 3174 1560; x_wconf 85' lang='grc' dir='ltr'>τῶν</span> <span class='ocrx_word' id='word_1_329' title='bbox 3206 1506 3376 1573; x_wconf 89' lang='grc' dir='ltr'>λόγων</span> <span class='ocrx_word' id='word_1_330' title='bbox 3412 1505 3649 1560; x_wconf 80' lang='grc' dir='ltr'>πιστεύω</span> 
     </span>
    </p>
   </div>
   <div class='ocr_carea' id='block_1_49' title="bbox 2067 1597 3649 1671">
    <p class='ocr_par' dir='ltr' id='par_1_49' title="bbox 2067 1597 3649 1671">
     <span class='ocr_line' id='line_1_49' title="bbox 2067 1597 3649 1671; baseline 0 -19"><span class='ocrx_word' id='word_1_331' title='bbox 2067 1599 2357 1670; x_wconf 80' lang='grc' dir='ltr'>καθέδραν,</span> <span class='ocrx_word' id='word_1_332' title='bbox 2390 1599 2468 1670; x_wconf 80' lang='grc' dir='ltr'><strong>τῷ</strong></span> <span class='ocrx_word' id='word_1_333' title='bbox 2493 1600 2586 1651; x_wconf 81' lang='grc' dir='ltr'>ἀπ’</span> <span class='ocrx_word' id='word_1_334' title='bbox 2604 1600 2777 1670; x_wconf 84' lang='grc' dir='ltr'>ἀρχῆς</span> <span class='ocrx_word' id='word_1_335' title='bbox 2799 1617 2888 1670; x_wconf 92' lang='grc' dir='ltr'><strong>μοι</strong></span> <span class='ocrx_word' id='word_1_336' title='bbox 2908 1600 3069 1671; x_wconf 86' lang='grc' dir='ltr'>μέχρι</span> <span class='ocrx_word' id='word_1_337' title='bbox 3092 1598 3185 1653; x_wconf 77' lang='grc' dir='ltr'><strong>τοῦ</strong></span> <span class='ocrx_word' id='word_1_338' title='bbox 3200 1599 3386 1663; x_wconf 82' lang='grc' dir='ltr'>τέλους</span> <span class='ocrx_word' id='word_1_339' title='bbox 3402 1597 3649 1652; x_wconf 82' lang='grc' dir='ltr'>συνοδεύ-</span> 
     </span>
    </p>
   </div>
   <div class='ocr_carea' id='block_1_50' title="bbox 2069 1676 3643 1761">
    <p class='ocr_par' dir='ltr' id='par_1_50' title="bbox 2069 1676 3643 1761">
     <span class='ocr_line' id='line_1_50' title="bbox 2069 1676 3643 1761; baseline -0.002 -17"><span class='ocrx_word' id='word_1_340' title='bbox 2069 1709 2220 1745; x_wconf 87' lang='grc' dir='ltr'>σαντι</span> <span class='ocrx_word' id='word_1_341' title='bbox 2245 1676 2337 1744; x_wconf 71' lang='grc' dir='ltr'><strong>καὶ</strong></span> <span class='ocrx_word' id='word_1_342' title='bbox 2359 1691 2531 1753; x_wconf 74' lang='grc' dir='ltr'>οὕτως</span> <span class='ocrx_word' id='word_1_343' title='bbox 2551 1691 2739 1744; x_wconf 84' lang='grc' dir='ltr'>πασῶν</span> <span class='ocrx_word' id='word_1_344' title='bbox 2765 1707 2865 1761; x_wconf 91' lang='grc' dir='ltr'><strong>μου</strong></span> <span class='ocrx_word' id='word_1_345' title='bbox 2881 1690 2990 1743; x_wconf 84' lang='grc' dir='ltr'>τῶν</span> <span class='ocrx_word' id='word_1_346' title='bbox 3009 1691 3233 1761; x_wconf 84' lang='grc' dir='ltr'>ὁμιλιῶν</span> <span class='ocrx_word' id='word_1_347' title='bbox 3249 1689 3613 1744; x_wconf 76' lang='grc' dir='ltr'>ὲπακούσαντι</span> <span class='ocrx_word' id='word_1_348' title='bbox 3628 1706 3643 1722; x_wconf 79' lang='grc' dir='ltr'><strong>ο</strong></span> 
     </span>
    </p>
   </div>
   <div class='ocr_carea' id='block_1_51' title="bbox 2068 1783 3648 1855">
    <p class='ocr_par' dir='ltr' id='par_1_51' title="bbox 2068 1783 3648 1855">
     <span class='ocr_line' id='line_1_51' title="bbox 2068 1783 3648 1855; baseline 0 -20"><span class='ocrx_word' id='word_1_349' title='bbox 2068 1783 2299 1836; x_wconf 84' lang='grc' dir='ltr'>συνελὼν</span> <span class='ocrx_word' id='word_1_350' title='bbox 2321 1783 2451 1855; x_wconf 83' lang='grc' dir='ltr'>ἐρῶ,</span> <span class='ocrx_word' id='word_1_351' title='bbox 2486 1783 2545 1846; x_wconf 80' lang='grc' dir='ltr'>ὃς</span> <span class='ocrx_word' id='word_1_352' title='bbox 2581 1784 2638 1835; x_wconf 78' lang='grc' dir='ltr'>ὲν</span> <span class='ocrx_word' id='word_1_353' title='bbox 2674 1785 2806 1836; x_wconf 77' lang='grc' dir='ltr'>πᾶσι</span> <span class='ocrx_word' id='word_1_354' title='bbox 2830 1786 3158 1855; x_wconf 82' lang='grc' dir='ltr'>πειρασμοῖς</span> <span class='ocrx_word' id='word_1_355' title='bbox 3182 1800 3281 1855; x_wconf 90' lang='grc' dir='ltr'><strong>μου</strong></span> <span class='ocrx_word' id='word_1_356' title='bbox 3315 1783 3648 1854; x_wconf 79' lang='grc' dir='ltr'>κοινωνήσας</span> 
     </span>
    </p>
   </div>
   <div class='ocr_carea' id='block_1_52' title="bbox 2064 1874 3646 1947">
    <p class='ocr_par' dir='ltr' id='par_1_52' title="bbox 2064 1874 3646 1947">
     <span class='ocr_line' id='line_1_52' title="bbox 2064 1874 3646 1947; baseline -0.001 -19"><span class='ocrx_word' id='word_1_357' title='bbox 2064 1879 2129 1947; x_wconf 81' lang='grc' dir='ltr'>τῇ</span> <span class='ocrx_word' id='word_1_358' title='bbox 2152 1875 2330 1928; x_wconf 87' lang='grc' dir='ltr'>πίστει</span> <span class='ocrx_word' id='word_1_359' title='bbox 2353 1875 2776 1947; x_wconf 84' lang='grc' dir='ltr'>προσκαρτερῶν</span> <span class='ocrx_word' id='word_1_360' title='bbox 2794 1875 2837 1907; x_wconf 79' lang='grc'>⁶⁰</span> <span class='ocrx_word' id='word_1_361' title='bbox 2852 1875 3068 1947; x_wconf 83' lang='grc' dir='ltr'>εύρέθη’</span> <span class='ocrx_word' id='word_1_362' title='bbox 3087 1875 3147 1928; x_wconf 84' lang='grc' dir='ltr'>ὃν</span> <span class='ocrx_word' id='word_1_363' title='bbox 3164 1875 3345 1929; x_wconf 87' lang='grc' dir='ltr'>πλεῖον</span> <span class='ocrx_word' id='word_1_364' title='bbox 3367 1875 3408 1907; x_wconf 83' lang='grc'><strong>⁶¹</strong></span> <span class='ocrx_word' id='word_1_365' title='bbox 3431 1874 3646 1928; x_wconf 82' lang='grc' dir='ltr'>πάντων</span> 
     </span>
    </p>
   </div>
   <div class='ocr_carea' id='block_1_53' title="bbox 2067 1965 3644 2039">
    <p class='ocr_par' dir='ltr' id='par_1_53' title="bbox 2067 1965 3644 2039">
     <span class='ocr_line' id='line_1_53' title="bbox 2067 1965 3644 2039; baseline -0.001 -19"><span class='ocrx_word' id='word_1_366' title='bbox 2067 1967 2406 2038; x_wconf 80' lang='grc' dir='ltr'>πεπείραμαι</span> <span class='ocrx_word' id='word_1_367' title='bbox 2436 1966 2682 2038; x_wconf 78' lang='grc' dir='ltr'>θεοσεϐῆ,</span> <span class='ocrx_word' id='word_1_368' title='bbox 2713 1966 3111 2039; x_wconf 81' lang='grc' dir='ltr'>φιλάνθρωπον,</span> <span class='ocrx_word' id='word_1_369' title='bbox 3132 1967 3312 2037; x_wconf 80' lang='grc' dir='ltr'>ἁγνὸν,</span> <span class='ocrx_word' id='word_1_370' title='bbox 3338 1965 3644 2037; x_wconf 80' lang='grc' dir='ltr'>πολυμαθῆ,</span> 
     </span>
    </p>
   </div>
   <div class='ocr_carea' id='block_1_54' title="bbox 2067 2057 3648 2131">
    <p class='ocr_par' dir='ltr' id='par_1_54' title="bbox 2067 2057 3648 2131">
     <span class='ocr_line' id='line_1_54' title="bbox 2067 2057 3648 2131; baseline -0.001 -20"><span class='ocrx_word' id='word_1_371' title='bbox 2067 2057 2336 2131; x_wconf 77' lang='grc' dir='ltr'>σώφρονα,</span> <span class='ocrx_word' id='word_1_372' title='bbox 2361 2059 2581 2128; x_wconf 85' lang='grc' dir='ltr'>ἀγαθὸν,</span> <span class='ocrx_word' id='word_1_373' title='bbox 2604 2059 2834 2122; x_wconf 88' lang='grc' dir='ltr'>δίκαιον,</span> <span class='ocrx_word' id='word_1_374' title='bbox 2861 2058 3229 2130; x_wconf 85' lang='grc' dir='ltr'>μακρόθυμον,</span> <span class='ocrx_word' id='word_1_375' title='bbox 3260 2059 3355 2111; x_wconf 73' lang='grc' dir='ltr'><strong>καὶ</strong></span> <span class='ocrx_word' id='word_1_376' title='bbox 3383 2058 3648 2127; x_wconf 85' lang='grc' dir='ltr'>γενναίως</span> 
     </span>
    </p>
   </div>
   <div class='ocr_carea' id='block_1_55' title="bbox 2063 2148 3642 2222">
    <p class='ocr_par' dir='ltr' id='par_1_55' title="bbox 2063 2148 3642 2222">
     <span class='ocr_line' id='line_1_55' title="bbox 2063 2148 3642 2222; baseline 0.001 -20"><span class='ocrx_word' id='word_1_377' title='bbox 2063 2149 2240 2203; x_wconf 79' lang='grc' dir='ltr'>εἰδότα</span> <span class='ocrx_word' id='word_1_378' title='bbox 2257 2150 2438 2221; x_wconf 84' lang='grc' dir='ltr'>φέρειν</span> <span class='ocrx_word' id='word_1_379' title='bbox 2458 2150 2555 2212; x_wconf 76' lang='grc' dir='ltr'>τὰς</span> <span class='ocrx_word' id='word_1_380' title='bbox 2572 2151 2727 2203; x_wconf 84' lang='grc' dir='ltr'>ὲνίων</span> <span class='ocrx_word' id='word_1_381' title='bbox 2743 2150 2849 2203; x_wconf 86' lang='grc' dir='ltr'>τῶν</span> <span class='ocrx_word' id='word_1_382' title='bbox 2870 2167 3105 2222; x_wconf 88' lang='grc' dir='ltr'>κατηχου</span> <span class='ocrx_word' id='word_1_383' title='bbox 3114 2149 3286 2221; x_wconf 91' lang='grc' dir='ltr'>μένων</span> <span class='ocrx_word' id='word_1_384' title='bbox 3304 2148 3642 2221; x_wconf 83' lang='grc' dir='ltr'>ἀχαριστίας.</span> 
     </span>
    </p>
   </div>
   <div class='ocr_carea' id='block_1_56' title="bbox 2063 2240 3647 2313">
    <p class='ocr_par' dir='ltr' id='par_1_56' title="bbox 2063 2240 3647 2313">
     <span class='ocr_line' id='line_1_56' title="bbox 2063 2240 3647 2313; baseline 0.001 -19"><span class='ocrx_word' id='word_1_385' title='bbox 2063 2241 2155 2295; x_wconf 85' lang='grc' dir='ltr'>Διὸ</span> <span class='ocrx_word' id='word_1_386' title='bbox 2186 2241 2334 2313; x_wconf 83' lang='grc' dir='ltr'>αὐτῷ</span> <span class='ocrx_word' id='word_1_387' title='bbox 2369 2241 2696 2313; x_wconf 83' lang='grc' dir='ltr'>μεταδίδωμι</span> <span class='ocrx_word' id='word_1_388' title='bbox 2719 2242 2817 2313; x_wconf 80' lang='grc' dir='ltr'><strong>τὴν</strong></span> <span class='ocrx_word' id='word_1_389' title='bbox 2849 2242 3095 2306; x_wconf 72' lang='grc' dir='ltr'>ἐξουσίαν</span> <span class='ocrx_word' id='word_1_390' title='bbox 3112 2240 3205 2296; x_wconf 82' lang='grc' dir='ltr'><strong>τοῦ</strong></span> <span class='ocrx_word' id='word_1_391' title='bbox 3236 2241 3521 2312; x_wconf 86' lang='grc' dir='ltr'>δεσμεύειν</span> <span class='ocrx_word' id='word_1_392' title='bbox 3552 2243 3647 2295; x_wconf 73' lang='grc' dir='ltr'>καὶ</span> 
     </span>
    </p>
   </div>
   <div class='ocr_carea' id='block_1_57' title="bbox 2062 2326 3645 2407">
    <p class='ocr_par' dir='ltr' id='par_1_57' title="bbox 2062 2326 3645 2407">
     <span class='ocr_line' id='line_1_57' title="bbox 2062 2326 3645 2407; baseline -0.001 -21"><span class='ocrx_word' id='word_1_393' title='bbox 2062 2332 2231 2398; x_wconf 86' lang='grc' dir='ltr'>λύειν,</span> <span class='ocrx_word' id='word_1_394' title='bbox 2262 2333 2350 2388; x_wconf 80' lang='grc' dir='ltr'>ἴνα</span> <span class='ocrx_word' id='word_1_395' title='bbox 2385 2334 2513 2405; x_wconf 76' lang='grc' dir='ltr'>περὶ</span> <span class='ocrx_word' id='word_1_396' title='bbox 2544 2334 2745 2397; x_wconf 82' lang='grc' dir='ltr'>παντὸς</span> <span class='ocrx_word' id='word_1_397' title='bbox 2773 2326 2834 2387; x_wconf 75' lang='grc' dir='ltr'>οὗ</span> <span class='ocrx_word' id='word_1_398' title='bbox 2864 2333 2930 2387; x_wconf 84' lang='grc' dir='ltr'><strong>ἀν</strong></span> <span class='ocrx_word' id='word_1_399' title='bbox 2961 2336 3311 2407; x_wconf 82' lang='grc' dir='ltr'>χειροτονήσῃ</span> <span class='ocrx_word' id='word_1_400' title='bbox 3354 2335 3448 2388; x_wconf 78' lang='grc' dir='ltr'><strong>ἐπὶ</strong></span> <span class='ocrx_word' id='word_1_401' title='bbox 3478 2335 3578 2406; x_wconf 85' lang='grc' dir='ltr'><strong>τῆς</strong></span> <span class='ocrx_word' id='word_1_402' title='bbox 3598 2336 3645 2368; x_wconf 72' lang='grc' dir='ltr'>θ’</span> 
     </span>
    </p>
   </div>
   <div class='ocr_carea' id='block_1_58' title="bbox 2062 2425 3646 2499">
    <p class='ocr_par' dir='ltr' id='par_1_58' title="bbox 2062 2425 3646 2499">
     <span class='ocr_line' id='line_1_58' title="bbox 2062 2425 3646 2499; baseline 0.001 -20"><span class='ocrx_word' id='word_1_403' title='bbox 2062 2426 2167 2497; x_wconf 86' lang='grc' dir='ltr'><strong>γῆς</strong></span> <span class='ocrx_word' id='word_1_404' title='bbox 2195 2425 2346 2479; x_wconf 81' lang='grc' dir='ltr'>ἔσται</span> <span class='ocrx_word' id='word_1_405' title='bbox 2376 2425 2866 2497; x_wconf 83' lang='grc' dir='ltr'>δεδογματισμένον</span> <span class='ocrx_word' id='word_1_406' title='bbox 2898 2428 2956 2480; x_wconf 83' lang='grc' dir='ltr'>ἐν</span> <span class='ocrx_word' id='word_1_407' title='bbox 2987 2428 3254 2499; x_wconf 72' lang='grc' dir='ltr'>οὐρανοῖς.</span> <span class='ocrx_word' id='word_1_408' title='bbox 3292 2429 3454 2499; x_wconf 82' lang='grc' dir='ltr'>Δήσει</span> <span class='ocrx_word' id='word_1_409' title='bbox 3480 2427 3590 2499; x_wconf 83' lang='grc' dir='ltr'>γὰρ</span> <span class='ocrx_word' id='word_1_410' title='bbox 3616 2429 3646 2482; x_wconf 87' lang='grc' dir='ltr'>δ</span> 
     </span>
    </p>
   </div>
   <div class='ocr_carea' id='block_1_59' title="bbox 2061 2517 3644 2590">
    <p class='ocr_par' dir='ltr' id='par_1_59' title="bbox 2061 2517 3644 2590">
     <span class='ocr_line' id='line_1_59' title="bbox 2061 2517 3644 2590; baseline 0.001 -19"><span class='ocrx_word' id='word_1_411' title='bbox 2061 2518 2143 2572; x_wconf 90' lang='grc' dir='ltr'>δεῖ</span> <span class='ocrx_word' id='word_1_412' title='bbox 2168 2519 2407 2590; x_wconf 84' lang='grc' dir='ltr'>δεθῆναι,</span> <span class='ocrx_word' id='word_1_413' title='bbox 2436 2520 2528 2571; x_wconf 78' lang='grc' dir='ltr'><strong>καὶ</strong></span> <span class='ocrx_word' id='word_1_414' title='bbox 2555 2518 2704 2571; x_wconf 89' lang='grc' dir='ltr'>λύσει</span> <span class='ocrx_word' id='word_1_415' title='bbox 2731 2518 2759 2571; x_wconf 86' lang='grc' dir='ltr'>δ</span> <span class='ocrx_word' id='word_1_416' title='bbox 2787 2518 2869 2572; x_wconf 86' lang='grc' dir='ltr'>δεῖ</span> <span class='ocrx_word' id='word_1_417' title='bbox 2896 2517 3139 2590; x_wconf 81' lang='grc' dir='ltr'>λυθῆναι,</span> <span class='ocrx_word' id='word_1_418' title='bbox 3167 2519 3242 2582; x_wconf 86' lang='grc' dir='ltr'>ὡς</span> <span class='ocrx_word' id='word_1_419' title='bbox 3259 2519 3349 2573; x_wconf 83' lang='grc' dir='ltr'>τὸν</span> <span class='ocrx_word' id='word_1_420' title='bbox 3380 2520 3480 2590; x_wconf 84' lang='grc' dir='ltr'><strong>τῆς</strong></span> <span class='ocrx_word' id='word_1_421' title='bbox 3519 2519 3644 2573; x_wconf 82' lang='grc' dir='ltr'><strong>Ἑκ-</strong></span> 
     </span>
    </p>
   </div>
   <div class='ocr_carea' id='block_1_60' title="bbox 2062 2606 3645 2682">
    <p class='ocr_par' dir='ltr' id='par_1_60' title="bbox 2062 2606 3645 2682">
     <span class='ocr_line' id='line_1_60' title="bbox 2062 2606 3645 2682; baseline 0.001 -21"><span class='ocrx_word' id='word_1_422' title='bbox 2062 2608 2290 2682; x_wconf 84' lang='grc' dir='ltr'>κλησίας</span> <span class='ocrx_word' id='word_1_423' title='bbox 2319 2609 2475 2673; x_wconf 84' lang='grc' dir='ltr'>είδὼς</span> <span class='ocrx_word' id='word_1_424' title='bbox 2507 2610 2609 2678; x_wconf 75' lang='grc'><strong>12</strong></span> <span class='ocrx_word' id='word_1_425' title='bbox 2642 2610 2861 2663; x_wconf 80' lang='grc' dir='ltr'>κανόνα.</span> <span class='ocrx_word' id='word_1_426' title='bbox 2894 2609 3068 2663; x_wconf 77' lang='grc' dir='ltr'>Αὐτοῦ</span> <span class='ocrx_word' id='word_1_427' title='bbox 3099 2606 3191 2664; x_wconf 80' lang='grc' dir='ltr'><strong>οὖν</strong></span> <span class='ocrx_word' id='word_1_428' title='bbox 3236 2610 3535 2674; x_wconf 87' lang='grc' dir='ltr'>ἀκούσατε,</span> <span class='ocrx_word' id='word_1_429' title='bbox 3567 2611 3645 2674; x_wconf 87' lang='grc' dir='ltr'>ὼς</span> 
     </span>
    </p>
   </div>
   <div class='ocr_carea' id='block_1_61' title="bbox 2063 2700 3645 2774">
    <p class='ocr_par' dir='ltr' id='par_1_61' title="bbox 2063 2700 3645 2774">
     <span class='ocr_line' id='line_1_61' title="bbox 2063 2700 3645 2774; baseline 0 -19"><span class='ocrx_word' id='word_1_430' title='bbox 2063 2702 2279 2771; x_wconf 85' lang='grc' dir='ltr'>γνόντες</span> <span class='ocrx_word' id='word_1_431' title='bbox 2307 2703 2390 2754; x_wconf 82' lang='grc' dir='ltr'><strong>ὅτι</strong></span> <span class='ocrx_word' id='word_1_432' title='bbox 2413 2704 2443 2755; x_wconf 86' lang='grc' dir='ltr'>ὁ</span> <span class='ocrx_word' id='word_1_433' title='bbox 2469 2701 2559 2755; x_wconf 83' lang='grc' dir='ltr'><strong>τὸν</strong></span> <span class='ocrx_word' id='word_1_434' title='bbox 2590 2702 2635 2733; x_wconf 72' lang='grc'><strong>⁸³</strong></span> <span class='ocrx_word' id='word_1_435' title='bbox 2667 2701 2921 2774; x_wconf 82' lang='grc' dir='ltr'>ἀληθείας</span> <span class='ocrx_word' id='word_1_436' title='bbox 2948 2700 3417 2773; x_wconf 82' lang='grc' dir='ltr'>προκαθεζόμενον</span> <span class='ocrx_word' id='word_1_437' title='bbox 3458 2700 3645 2755; x_wconf 84' lang='grc' dir='ltr'>λυπῶν</span> 
     </span>
    </p>
   </div>
   <div class='ocr_carea' id='block_1_62' title="bbox 2064 2791 3645 2866">
    <p class='ocr_par' dir='ltr' id='par_1_62' title="bbox 2064 2791 3645 2866">
     <span class='ocr_line' id='line_1_62' title="bbox 2064 2791 3645 2866; baseline 0.001 -21"><span class='ocrx_word' id='word_1_438' title='bbox 2064 2794 2145 2856; x_wconf 83' lang='grc' dir='ltr'><strong>είς</strong></span> <span class='ocrx_word' id='word_1_439' title='bbox 2179 2793 2413 2865; x_wconf 82' lang='grc' dir='ltr'>Χριστὸν</span> <span class='ocrx_word' id='word_1_440' title='bbox 2455 2792 2778 2866; x_wconf 84' lang='grc' dir='ltr'>ἁμαρτάνει,</span> <span class='ocrx_word' id='word_1_441' title='bbox 2822 2794 2913 2846; x_wconf 72' lang='grc' dir='ltr'><strong>καὶ</strong></span> <span class='ocrx_word' id='word_1_442' title='bbox 2955 2795 3046 2846; x_wconf 86' lang='grc' dir='ltr'><strong>τὸν</strong></span> <span class='ocrx_word' id='word_1_443' title='bbox 3090 2794 3307 2864; x_wconf 83' lang='grc' dir='ltr'>Πατέρα</span> <span class='ocrx_word' id='word_1_444' title='bbox 3347 2791 3457 2845; x_wconf 87' lang='grc' dir='ltr'><strong>τῶν</strong></span> <span class='ocrx_word' id='word_1_445' title='bbox 3508 2793 3645 2846; x_wconf 82' lang='grc' dir='ltr'>ὅλων</span> 
     </span>
    </p>
   </div>
   <div class='ocr_carea' id='block_1_63' title="bbox 2064 2879 3650 2957">
    <p class='ocr_par' dir='ltr' id='par_1_63' title="bbox 2064 2879 3650 2957">
     <span class='ocr_line' id='line_1_63' title="bbox 2064 2879 3650 2957; baseline 0.001 -19"><span class='ocrx_word' id='word_1_446' title='bbox 2064 2884 2416 2957; x_wconf 84' lang='grc' dir='ltr'>παροργίζει·</span> <span class='ocrx_word' id='word_1_447' title='bbox 2451 2879 2512 2938; x_wconf 71' lang='grc' dir='ltr'>οὗ</span> <span class='ocrx_word' id='word_1_448' title='bbox 2536 2885 2742 2939; x_wconf 76' lang='grc' dir='ltr'>εἵνεκεν</span> <span class='ocrx_word' id='word_1_449' title='bbox 2768 2886 2829 2938; x_wconf 82' lang='grc' dir='ltr'>οὐ</span> <span class='ocrx_word' id='word_1_450' title='bbox 2853 2885 3093 2957; x_wconf 81' lang='grc' dir='ltr'>ζήσεται.</span> <span class='ocrx_word' id='word_1_451' title='bbox 3120 2886 3228 2939; x_wconf 74' lang='grc' dir='ltr'>Καὶ</span> <span class='ocrx_word' id='word_1_452' title='bbox 3259 2886 3419 2939; x_wconf 80' lang='grc' dir='ltr'>αὑτὸν</span> <span class='ocrx_word' id='word_1_453' title='bbox 3441 2882 3534 2939; x_wconf 79' lang='grc' dir='ltr'>οὖν</span> <span class='ocrx_word' id='word_1_454' title='bbox 3561 2886 3650 2940; x_wconf 79' lang='grc' dir='ltr'>δεῖ</span> 
     </span>
    </p>
   </div>
   <div class='ocr_carea' id='block_1_64' title="bbox 2061 2976 3647 3049">
    <p class='ocr_par' dir='ltr' id='par_1_64' title="bbox 2061 2976 3647 3049">
     <span class='ocr_line' id='line_1_64' title="bbox 2061 2976 3647 3049; baseline 0.001 -19"><span class='ocrx_word' id='word_1_455' title='bbox 2061 2993 2152 3030; x_wconf 87' lang='grc' dir='ltr'>τον</span> <span class='ocrx_word' id='word_1_456' title='bbox 2186 2977 2654 3049; x_wconf 81' lang='grc' dir='ltr'>προκαθεζόμενον</span> <span class='ocrx_word' id='word_1_457' title='bbox 2687 2976 2872 3047; x_wconf 80' lang='grc' dir='ltr'>ἰατροῦ</span> <span class='ocrx_word' id='word_1_458' title='bbox 2904 2977 3068 3031; x_wconf 84' lang='grc' dir='ltr'>τόπον</span> <span class='ocrx_word' id='word_1_459' title='bbox 3099 2978 3317 3049; x_wconf 80' lang='grc' dir='ltr'>ἐπέχειν</span> <span class='ocrx_word' id='word_1_460' title='bbox 3334 2978 3401 3042; x_wconf 51' lang='grc' dir='ltr'><strong>οι,</strong></span> <span class='ocrx_word' id='word_1_461' title='bbox 3440 2979 3502 3032; x_wconf 84' lang='grc' dir='ltr'>οὑ</span> <span class='ocrx_word' id='word_1_462' title='bbox 3545 2978 3647 3049; x_wconf 82' lang='grc' dir='ltr'>θη-</span> 
     </span>
    </p>
   </div>
   <div class='ocr_carea' id='block_1_65' title="bbox 1986 3068 2801 3150">
    <p class='ocr_par' dir='ltr' id='par_1_65' title="bbox 1986 3068 2801 3150">
     <span class='ocr_line' id='line_1_65' title="bbox 1986 3068 2801 3150; baseline -0.002 -26"><span class='ocrx_word' id='word_1_463' title='bbox 1986 3090 2031 3150; x_wconf 70' lang='grc' dir='ltr'>α</span> <span class='ocrx_word' id='word_1_464' title='bbox 2066 3069 2182 3143; x_wconf 82' lang='grc' dir='ltr'>ρίου</span> <span class='ocrx_word' id='word_1_465' title='bbox 2211 3069 2408 3139; x_wconf 83' lang='grc' dir='ltr'>ἀλόγου</span> <span class='ocrx_word' id='word_1_466' title='bbox 2438 3068 2609 3141; x_wconf 83' lang='grc' dir='ltr'>θυμὸν</span> <span class='ocrx_word' id='word_1_467' title='bbox 2638 3069 2801 3140; x_wconf 81' lang='grc' dir='ltr'>ἔχειν.</span> 
     </span>
    </p>
   </div>
   <div class='ocr_carea' id='block_1_66' title="bbox 2132 3159 3646 3234">
    <p class='ocr_par' dir='ltr' id='par_1_66' title="bbox 2132 3159 3646 3234">
     <span class='ocr_line' id='line_1_66' title="bbox 2132 3159 3646 3234; baseline -0.001 -17"><span class='ocrx_word' id='word_1_468' title='bbox 2132 3162 2222 3218; x_wconf 87' lang='lat' dir='ltr'><strong>lll.</strong></span> <span class='ocrx_word' id='word_1_469' title='bbox 2252 3161 2427 3216; x_wconf 80' lang='grc' dir='ltr'>Αὐτοῦ</span> <span class='ocrx_word' id='word_1_470' title='bbox 2446 3162 2617 3216; x_wconf 81' lang='grc' dir='ltr'>ταῦτα</span> <span class='ocrx_word' id='word_1_471' title='bbox 2644 3160 2911 3231; x_wconf 87' lang='grc' dir='ltr'>λέγοντος,</span> <span class='ocrx_word' id='word_1_472' title='bbox 2936 3160 3046 3231; x_wconf 83' lang='grc' dir='ltr'><strong>ἐγὼ</strong></span> <span class='ocrx_word' id='word_1_473' title='bbox 3076 3160 3402 3234; x_wconf 89' lang='grc' dir='ltr'>προσπεσὼν</span> <span class='ocrx_word' id='word_1_474' title='bbox 3421 3159 3646 3215; x_wconf 76' lang='grc' dir='ltr'>ἐπεδεό-</span> 
     </span>
    </p>
   </div>
   <div class='ocr_carea' id='block_1_67' title="bbox 2069 3254 3646 3328">
    <p class='ocr_par' dir='ltr' id='par_1_67' title="bbox 2069 3254 3646 3328">
     <span class='ocr_line' id='line_1_67' title="bbox 2069 3254 3646 3328; baseline -0.001 -19"><span class='ocrx_word' id='word_1_475' title='bbox 2069 3273 2175 3328; x_wconf 91' lang='grc' dir='ltr'><strong>μην</strong></span> <span class='ocrx_word' id='word_1_476' title='bbox 2198 3254 2241 3288; x_wconf 73' lang='lat'>”</span> <span class='ocrx_word' id='word_1_477' title='bbox 2269 3254 2455 3319; x_wconf 80' lang='grc' dir='ltr'>αὐτοῦ,</span> <span class='ocrx_word' id='word_1_478' title='bbox 2488 3254 2922 3326; x_wconf 87' lang='grc' dir='ltr'>παραιτούμενος</span> <span class='ocrx_word' id='word_1_479' title='bbox 2948 3254 3048 3327; x_wconf 82' lang='grc' dir='ltr'><strong>τὴν</strong></span> <span class='ocrx_word' id='word_1_480' title='bbox 3069 3254 3167 3326; x_wconf 90' lang='grc' dir='ltr'><strong>τῆς</strong></span> <span class='ocrx_word' id='word_1_481' title='bbox 3191 3254 3456 3327; x_wconf 78' lang='grc' dir='ltr'>καθέδρας</span> <span class='ocrx_word' id='word_1_482' title='bbox 3475 3255 3646 3326; x_wconf 82' lang='grc' dir='ltr'>τιμήν</span> 
     </span>
    </p>
   </div>
   <div class='ocr_carea' id='block_1_68' title="bbox 1582 3390 2444 3450">
    <p class='ocr_par' dir='ltr' id='par_1_68' title="bbox 1582 3390 2444 3450">
     <span class='ocr_line' id='line_1_68' title="bbox 1582 3390 2444 3450; baseline -0.005 0"><span class='ocrx_word' id='word_1_483' title='bbox 1582 3390 2148 3450; x_wconf 79' lang='lat' dir='ltr'><strong>INTERPRETATIO</strong></span> <span class='ocrx_word' id='word_1_484' title='bbox 2183 3391 2444 3449; x_wconf 79' lang='lat' dir='ltr'><strong>RUFINI.</strong></span> 
     </span>
    </p>
   </div>
   <div class='ocr_carea' id='block_1_69' title="bbox 457 3480 3636 3558">
    <p class='ocr_par' dir='ltr' id='par_1_69' title="bbox 457 3480 3636 3558">
     <span class='ocr_line' id='line_1_69' title="bbox 457 3480 3636 3558; baseline -0.003 -16"><span class='ocrx_word' id='word_1_485' title='bbox 457 3486 521 3542; x_wconf 80' lang='lat' dir='ltr'><strong>ll.</strong></span> <span class='ocrx_word' id='word_1_486' title='bbox 553 3486 612 3541; x_wconf 84' lang='grc' dir='ltr'><strong>ιη</strong></span> <span class='ocrx_word' id='word_1_487' title='bbox 634 3487 768 3558; x_wconf 86' lang='lat' dir='ltr'><strong>ipsis</strong></span> <span class='ocrx_word' id='word_1_488' title='bbox 804 3496 987 3542; x_wconf 88' lang='lat' dir='ltr'><strong>autem</strong></span> <span class='ocrx_word' id='word_1_489' title='bbox 1016 3487 1230 3550; x_wconf 92' lang='lat' dir='ltr'><strong>diebus,</strong></span> <span class='ocrx_word' id='word_1_490' title='bbox 1260 3487 1463 3556; x_wconf 81' lang='lat' dir='ltr'><strong>quibus</strong></span> <span class='ocrx_word' id='word_1_491' title='bbox 1499 3488 1622 3542; x_wconf 68' lang='lat' dir='ltr'><strong>vitae</strong></span> <span class='ocrx_word' id='word_1_492' title='bbox 1655 3488 1818 3542; x_wconf 81' lang='lat' dir='ltr'><strong>tinem</strong></span> <span class='ocrx_word' id='word_1_493' title='bbox 1868 3488 1970 3542; x_wconf 91' lang='lat' dir='ltr'><strong>sibi</strong></span> <span class='ocrx_word' id='word_1_494' title='bbox 1990 3486 2287 3558; x_wconf 87' lang='lat' dir='ltr'><strong>imminere</strong></span> <span class='ocrx_word' id='word_1_495' title='bbox 2325 3484 2648 3558; x_wconf 69' lang='lat' dir='ltr'><strong>pnesensit,</strong></span> <span class='ocrx_word' id='word_1_496' title='bbox 2678 3484 2733 3538; x_wconf 93' lang='lat' dir='ltr'><strong>in</strong></span> <span class='ocrx_word' id='word_1_497' title='bbox 2764 3492 3037 3558; x_wconf 78' lang='lat' dir='ltr'><strong>conventu</strong></span> <span class='ocrx_word' id='word_1_498' title='bbox 3095 3484 3333 3558; x_wconf 81' lang='lat' dir='ltr'><strong>fratrum</strong></span> <span class='ocrx_word' id='word_1_499' title='bbox 3387 3480 3636 3558; x_wconf 76' lang='lat' dir='ltr'><strong>positus,</strong></span> 
     </span>
    </p>
   </div>
   <div class='ocr_carea' id='block_1_70' title="bbox 388 3552 3638 3629">
    <p class='ocr_par' dir='ltr' id='par_1_70' title="bbox 388 3552 3638 3629">
     <span class='ocr_line' id='line_1_70' title="bbox 388 3552 3638 3629; baseline -0.003 -16"><span class='ocrx_word' id='word_1_500' title='bbox 388 3552 731 3629; x_wconf 75' lang='lat' dir='ltr'><strong>apprehensa</strong></span> <span class='ocrx_word' id='word_1_501' title='bbox 760 3574 927 3629; x_wconf 6' lang='lat' dir='ltr'><strong>manu,</strong></span> <span class='ocrx_word' id='word_1_502' title='bbox 959 3573 1076 3629; x_wconf 86' lang='lat' dir='ltr'><strong>mea</strong></span> <span class='ocrx_word' id='word_1_503' title='bbox 1107 3552 1325 3629; x_wconf 79' lang='lat' dir='ltr'><strong>repente</strong></span> <span class='ocrx_word' id='word_1_504' title='bbox 1365 3573 1727 3627; x_wconf 82' lang='lat' dir='ltr'><strong>consurgens,</strong></span> <span class='ocrx_word' id='word_1_505' title='bbox 1774 3558 1827 3611; x_wconf 92' lang='lat' dir='ltr'><strong>in</strong></span> <span class='ocrx_word' id='word_1_506' title='bbox 1862 3556 2289 3629; x_wconf 89' lang='lat' dir='ltr'><strong>auribus_totius</strong></span> <span class='ocrx_word' id='word_1_507' title='bbox 2325 3552 2583 3629; x_wconf 61' lang='lat' dir='ltr'><strong>Ecclesiae</strong></span> <span class='ocrx_word' id='word_1_508' title='bbox 2611 3555 2726 3629; x_wconf 61' lang='lat' dir='ltr'><strong>haec</strong></span> <span class='ocrx_word' id='word_1_509' title='bbox 2768 3553 2994 3629; x_wconf 81' lang='lat' dir='ltr'><strong>protulit</strong></span> <span class='ocrx_word' id='word_1_510' title='bbox 3018 3556 3235 3629; x_wconf 70' lang='lat' dir='ltr'><strong>verba:</strong></span> <span class='ocrx_word' id='word_1_511' title='bbox 3281 3552 3480 3606; x_wconf 79' lang='lat' dir='ltr'><strong>Audite</strong></span> <span class='ocrx_word' id='word_1_512' title='bbox 3515 3567 3638 3629; x_wconf 81' lang='lat' dir='ltr'><strong>_me,</strong></span> 
     </span>
    </p>
   </div>
   <div class='ocr_carea' id='block_1_71' title="bbox 384 3621 3641 3695">
    <p class='ocr_par' dir='ltr' id='par_1_71' title="bbox 384 3621 3641 3695">
     <span class='ocr_line' id='line_1_71' title="bbox 384 3621 3641 3695; baseline -0.002 -12"><span class='ocrx_word' id='word_1_513' title='bbox 384 3621 586 3684; x_wconf 66' lang='lat' dir='ltr'><strong>fratres</strong></span> <span class='ocrx_word' id='word_1_514' title='bbox 612 3638 665 3681; x_wconf 91' lang='lat' dir='ltr'><strong>et</strong></span> <span class='ocrx_word' id='word_1_515' title='bbox 685 3628 932 3682; x_wconf 89' lang='lat' dir='ltr'><strong>conservi</strong></span> <span class='ocrx_word' id='word_1_516' title='bbox 964 3627 1070 3681; x_wconf 89' lang='lat' dir='ltr'><strong>mei</strong></span> <span class='ocrx_word' id='word_1_517' title='bbox 1103 3644 1115 3678; x_wconf 91' lang='lat'><strong>:</strong></span> <span class='ocrx_word' id='word_1_518' title='bbox 1142 3621 1409 3694; x_wconf 79' lang='lat' dir='ltr'><strong>Quoniam</strong></span> <span class='ocrx_word' id='word_1_519' title='bbox 1444 3621 1599 3682; x_wconf 66' lang='lat' dir='ltr'><strong>sicut</strong></span> <span class='ocrx_word' id='word_1_520' title='bbox 1637 3629 1865 3683; x_wconf 88' lang='lat' dir='ltr'><strong>edoctus</strong></span> <span class='ocrx_word' id='word_1_521' title='bbox 1905 3642 2025 3681; x_wconf 90' lang='lat' dir='ltr'><strong>sum</strong></span> <span class='ocrx_word' id='word_1_522' title='bbox 2066 3627 2135 3680; x_wconf 87' lang='lat' dir='ltr'><strong>ab</strong></span> <span class='ocrx_word' id='word_1_523' title='bbox 2158 3641 2224 3681; x_wconf 87' lang='lat' dir='ltr'><strong>eo</strong></span> <span class='ocrx_word' id='word_1_524' title='bbox 2252 3625 2346 3695; x_wconf 89' lang='lat' dir='ltr'><strong>qui</strong></span> <span class='ocrx_word' id='word_1_525' title='bbox 2375 3625 2524 3695; x_wconf 88' lang='lat' dir='ltr'><strong>misit</strong></span> <span class='ocrx_word' id='word_1_526' title='bbox 2557 3621 3024 3695; x_wconf 24' lang='lat' dir='ltr'><strong>meaDoininoLet</strong></span> <span class='ocrx_word' id='word_1_527' title='bbox 3066 3624 3324 3695; x_wconf 81' lang='lat' dir='ltr'><strong>Magistro</strong></span> <span class='ocrx_word' id='word_1_528' title='bbox 3351 3637 3473 3695; x_wconf 72' lang='lat' dir='ltr'><strong>meo</strong></span> <span class='ocrx_word' id='word_1_529' title='bbox 3505 3621 3641 3695; x_wconf 74' lang='lat' dir='ltr'><strong>.iestt</strong></span> 
     </span>
    </p>
   </div>
   <div class='ocr_carea' id='block_1_72' title="bbox 382 3692 3642 3767">
    <p class='ocr_par' dir='ltr' id='par_1_72' title="bbox 382 3692 3642 3767">
     <span class='ocr_line' id='line_1_72' title="bbox 382 3692 3642 3767; baseline -0.002 -14"><span class='ocrx_word' id='word_1_530' title='bbox 382 3697 627 3762; x_wconf 87' lang='lat' dir='ltr'><strong>Christo,</strong></span> <span class='ocrx_word' id='word_1_531' title='bbox 655 3698 771 3752; x_wconf 91' lang='lat' dir='ltr'><strong>dies</strong></span> <span class='ocrx_word' id='word_1_532' title='bbox 802 3692 1374 3759; x_wconf 38' lang='lat' dir='ltr'><strong>mortis‘meze&#39;instat,</strong></span> <span class='ocrx_word' id='word_1_533' title='bbox 1404 3697 1739 3752; x_wconf 82' lang='lat' dir='ltr'><strong>Clementem</strong></span> <span class='ocrx_word' id='word_1_534' title='bbox 1768 3698 1915 3751; x_wconf 90' lang='lat' dir='ltr'><strong>hunc</strong></span> <span class='ocrx_word' id='word_1_535' title='bbox 1947 3692 2448 3767; x_wconf 58' lang='lat' dir='ltr'><strong>episcopum&#39;vobis</strong></span> <span class='ocrx_word' id='word_1_536' title='bbox 2472 3693 2667 3767; x_wconf 86' lang='lat' dir='ltr'><strong>ordino</strong></span> <span class='ocrx_word' id='word_1_537' title='bbox 2692 3711 2707 3761; x_wconf 88' lang='lat'><strong>;</strong></span> <span class='ocrx_word' id='word_1_538' title='bbox 2733 3693 2821 3747; x_wconf 92' lang='lat' dir='ltr'><strong>eui</strong></span> <span class='ocrx_word' id='word_1_539' title='bbox 2847 3693 2956 3767; x_wconf 72' lang='lat' dir='ltr'><strong>soli</strong></span> <span class='ocrx_word' id='word_1_540' title='bbox 2988 3710 3123 3767; x_wconf 61' lang='lat' dir='ltr'><strong>mea:</strong></span> <span class='ocrx_word' id='word_1_541' title='bbox 3156 3692 3561 3767; x_wconf 60' lang='lat' dir='ltr'><strong>praedicationis</strong></span> <span class='ocrx_word' id='word_1_542' title='bbox 3581 3700 3642 3747; x_wconf 82' lang='lat' dir='ltr'><strong>et</strong></span> 
     </span>
    </p>
   </div>
   <div class='ocr_carea' id='block_1_73' title="bbox 384 3763 3643 3836">
    <p class='ocr_par' dir='ltr' id='par_1_73' title="bbox 384 3763 3643 3836">
     <span class='ocr_line' id='line_1_73' title="bbox 384 3763 3643 3836; baseline -0.003 -14"><span class='ocrx_word' id='word_1_543' title='bbox 384 3768 651 3823; x_wconf 66' lang='lat' dir='ltr'><strong>doctrinae</strong></span> <span class='ocrx_word' id='word_1_544' title='bbox 704 3767 1035 3821; x_wconf 84' lang='lat' dir='ltr'><strong>Cathedram</strong></span> <span class='ocrx_word' id='word_1_545' title='bbox 1075 3769 1276 3831; x_wconf 89' lang='lat' dir='ltr'><strong>credo;</strong></span> <span class='ocrx_word' id='word_1_546' title='bbox 1308 3767 1401 3835; x_wconf 91' lang='lat' dir='ltr'><strong>qui</strong></span> <span class='ocrx_word' id='word_1_547' title='bbox 1434 3767 1567 3820; x_wconf 91' lang='lat' dir='ltr'><strong>mihi</strong></span> <span class='ocrx_word' id='word_1_548' title='bbox 1606 3768 1675 3821; x_wconf 89' lang='lat' dir='ltr'><strong>ab</strong></span> <span class='ocrx_word' id='word_1_549' title='bbox 1699 3767 1854 3821; x_wconf 88' lang='lat' dir='ltr'><strong>initio</strong></span> <span class='ocrx_word' id='word_1_550' title='bbox 1896 3763 2070 3836; x_wconf 81' lang='lat' dir='ltr'><strong>usque</strong></span> <span class='ocrx_word' id='word_1_551' title='bbox 2101 3763 2167 3819; x_wconf 80' lang='lat' dir='ltr'><strong>ad</strong></span> <span class='ocrx_word' id='word_1_552' title='bbox 2194 3765 2354 3819; x_wconf 84' lang='lat' dir='ltr'><strong>linem</strong></span> <span class='ocrx_word' id='word_1_553' title='bbox 2384 3779 2568 3836; x_wconf 78' lang='lat' dir='ltr'><strong>comes</strong></span> <span class='ocrx_word' id='word_1_554' title='bbox 2612 3764 2667 3836; x_wconf 84' lang='lat' dir='ltr'><strong>in</strong></span> <span class='ocrx_word' id='word_1_555' title='bbox 2711 3764 2968 3836; x_wconf 87' lang='lat' dir='ltr'><strong>omnibus</strong></span> <span class='ocrx_word' id='word_1_556' title='bbox 2995 3763 3116 3830; x_wconf 84' lang='lat' dir='ltr'><strong>fuit,</strong></span> <span class='ocrx_word' id='word_1_557' title='bbox 3151 3763 3205 3819; x_wconf 87' lang='lat' dir='ltr'><strong>et</strong></span> <span class='ocrx_word' id='word_1_558' title='bbox 3235 3778 3352 3836; x_wconf 86' lang='lat' dir='ltr'><strong>per_</strong></span> <span class='ocrx_word' id='word_1_559' title='bbox 3386 3763 3643 3836; x_wconf 44' lang='grc' dir='ltr'>μοσχε-</span> 
     </span>
    </p>
   </div>
   <div class='ocr_carea' id='block_1_74' title="bbox 384 3830 3639 3907">
    <p class='ocr_par' dir='ltr' id='par_1_74' title="bbox 384 3830 3639 3907">
     <span class='ocr_line' id='line_1_74' title="bbox 384 3830 3639 3907; baseline -0.002 -17"><span class='ocrx_word' id='word_1_560' title='bbox 384 3839 601 3907; x_wconf 77' lang='lat' dir='ltr'><strong>ritatem</strong></span> <span class='ocrx_word' id='word_1_561' title='bbox 645 3838 809 3892; x_wconf 88' lang='lat' dir='ltr'><strong>totius</strong></span> <span class='ocrx_word' id='word_1_562' title='bbox 858 3853 991 3892; x_wconf 73' lang='lat' dir='ltr'><strong>mea:</strong></span> <span class='ocrx_word' id='word_1_563' title='bbox 1052 3830 1454 3906; x_wconf 75' lang='lat' dir='ltr'><strong>przedicationis</strong></span> <span class='ocrx_word' id='word_1_564' title='bbox 1504 3838 1752 3907; x_wconf 86' lang='lat' dir='ltr'><strong>agnovit,</strong></span> <span class='ocrx_word' id='word_1_565' title='bbox 1804 3836 1897 3907; x_wconf 81' lang='lat' dir='ltr'><strong>qui</strong></span> <span class='ocrx_word' id='word_1_566' title='bbox 1951 3830 2005 3890; x_wconf 81' lang='lat' dir='ltr'><strong>in</strong></span> <span class='ocrx_word' id='word_1_567' title='bbox 2044 3836 2326 3907; x_wconf 72' lang='lat' dir='ltr'><strong>omnibus</strong></span> <span class='ocrx_word' id='word_1_568' title='bbox 2357 3833 2747 3907; x_wconf 85' lang='lat' dir='ltr'><strong>tentationibus</strong></span> <span class='ocrx_word' id='word_1_569' title='bbox 2799 3834 3175 3907; x_wconf 62' lang='lat' dir='ltr'><strong>meis_socius</strong></span> <span class='ocrx_word' id='word_1_570' title='bbox 3216 3830 3446 3892; x_wconf 78' lang='lat' dir='ltr'><strong>exstitit,</strong></span> <span class='ocrx_word' id='word_1_571' title='bbox 3502 3830 3639 3907; x_wconf 77' lang='lat' dir='ltr'><strong>lide-</strong></span> 
     </span>
    </p>
   </div>
   <div class='ocr_carea' id='block_1_75' title="bbox 385 3899 3638 3976">
    <p class='ocr_par' dir='ltr' id='par_1_75' title="bbox 385 3899 3638 3976">
     <span class='ocr_line' id='line_1_75' title="bbox 385 3899 3638 3976; baseline -0.002 -15"><span class='ocrx_word' id='word_1_572' title='bbox 385 3906 508 3961; x_wconf 86' lang='lat' dir='ltr'><strong>liter</strong></span> <span class='ocrx_word' id='word_1_573' title='bbox 532 3922 889 3976; x_wconf 89' lang='lat' dir='ltr'><strong>perseverans</strong></span> <span class='ocrx_word' id='word_1_574' title='bbox 916 3925 930 3974; x_wconf 92' lang='lat'><strong>;</strong></span> <span class='ocrx_word' id='word_1_575' title='bbox 973 3899 1134 3975; x_wconf 77' lang='lat' dir='ltr'><strong>quem</strong></span> <span class='ocrx_word' id='word_1_576' title='bbox 1163 3922 1274 3976; x_wconf 64' lang='lat' dir='ltr'><strong>prae</strong></span> <span class='ocrx_word' id='word_1_577' title='bbox 1306 3907 1519 3962; x_wconf 74' lang='lat' dir='ltr'><strong>caeteris</strong></span> <span class='ocrx_word' id='word_1_578' title='bbox 1539 3899 1837 3976; x_wconf 47' lang='lat' dir='ltr'><strong>“expertus&#39;</strong></span> <span class='ocrx_word' id='word_1_579' title='bbox 1863 3922 1984 3962; x_wconf 90' lang='lat' dir='ltr'><strong>sum</strong></span> <span class='ocrx_word' id='word_1_580' title='bbox 2040 3904 2211 3961; x_wconf 90' lang='lat' dir='ltr'><strong>Deum</strong></span> <span class='ocrx_word' id='word_1_581' title='bbox 2246 3904 2537 3969; x_wconf 80' lang='lat' dir='ltr'><strong>colentem,</strong></span> <span class='ocrx_word' id='word_1_582' title='bbox 2588 3905 2836 3976; x_wconf 85' lang='lat' dir='ltr'><strong>homines</strong></span> <span class='ocrx_word' id='word_1_583' title='bbox 2861 3904 3245 3976; x_wconf 33' lang='lat' dir='ltr'><strong>‘diligetttem,</strong></span> <span class='ocrx_word' id='word_1_584' title='bbox 3279 3899 3638 3976; x_wconf 85' lang='lat' dir='ltr'><strong>castum,_di-</strong></span> 
     </span>
    </p>
   </div>
   <div class='ocr_carea' id='block_1_76' title="bbox 386 3970 3637 4046">
    <p class='ocr_par' dir='ltr' id='par_1_76' title="bbox 386 3970 3637 4046">
     <span class='ocr_line' id='line_1_76' title="bbox 386 3970 3637 4046; baseline -0.002 -15"><span class='ocrx_word' id='word_1_585' title='bbox 386 3970 575 4031; x_wconf 80' lang='lat' dir='ltr'><strong>scendi</strong></span> <span class='ocrx_word' id='word_1_586' title='bbox 623 3978 823 4031; x_wconf 86' lang='lat' dir='ltr'><strong>studiis</strong></span> <span class='ocrx_word' id='word_1_587' title='bbox 872 3970 1134 4041; x_wconf 79' lang='lat' dir='ltr'><strong>deditum,</strong></span> <span class='ocrx_word' id='word_1_588' title='bbox 1161 3970 1426 4038; x_wconf 76' lang='lat' dir='ltr'><strong>sobrium,</strong></span> <span class='ocrx_word' id='word_1_589' title='bbox 1457 3970 1776 4046; x_wconf 81' lang='lat' dir='ltr'><strong>benignum,</strong></span> <span class='ocrx_word' id='word_1_590' title='bbox 1805 3978 2042 4044; x_wconf 88' lang='lat' dir='ltr'><strong>justum,</strong></span> <span class='ocrx_word' id='word_1_591' title='bbox 2087 3976 2406 4046; x_wconf 87' lang='lat' dir='ltr'><strong>patientem,</strong></span> <span class='ocrx_word' id='word_1_592' title='bbox 2440 3984 2496 4029; x_wconf 88' lang='lat' dir='ltr'><strong>et</strong></span> <span class='ocrx_word' id='word_1_593' title='bbox 2545 3974 2806 4046; x_wconf 73' lang='lat' dir='ltr'><strong>scientem</strong></span> <span class='ocrx_word' id='word_1_594' title='bbox 2853 3970 3410 4046; x_wconf 49' lang='lat' dir='ltr'><strong>ferre&#39;nonnullorum</strong></span> <span class='ocrx_word' id='word_1_595' title='bbox 3462 3970 3637 4025; x_wconf 83' lang='lat' dir='ltr'><strong>etiam</strong></span> 
     </span>
    </p>
   </div>
   <div class='ocr_carea' id='block_1_77' title="bbox 384 4042 3633 4117">
    <p class='ocr_par' dir='ltr' id='par_1_77' title="bbox 384 4042 3633 4117">
     <span class='ocr_line' id='line_1_77' title="bbox 384 4042 3633 4117; baseline -0.002 -17"><span class='ocrx_word' id='word_1_596' title='bbox 384 4062 456 4117; x_wconf 79' lang='lat' dir='ltr'><strong>ex</strong></span> <span class='ocrx_word' id='word_1_597' title='bbox 489 4046 583 4117; x_wconf 83' lang='lat' dir='ltr'><strong>his</strong></span> <span class='ocrx_word' id='word_1_598' title='bbox 603 4047 697 4116; x_wconf 88' lang='lat' dir='ltr'><strong>qui</strong></span> <span class='ocrx_word' id='word_1_599' title='bbox 726 4048 782 4100; x_wconf 90' lang='lat' dir='ltr'><strong>in</strong></span> <span class='ocrx_word' id='word_1_600' title='bbox 807 4048 974 4101; x_wconf 86' lang='lat' dir='ltr'><strong>verbo</strong></span> <span class='ocrx_word' id='word_1_601' title='bbox 1013 4046 1104 4117; x_wconf 89' lang='lat' dir='ltr'><strong>Dei</strong></span> <span class='ocrx_word' id='word_1_602' title='bbox 1139 4047 1486 4100; x_wconf 79' lang='lat' dir='ltr'><strong>instruuntur</strong></span> <span class='ocrx_word' id='word_1_603' title='bbox 1519 4042 1771 4117; x_wconf 74' lang='lat' dir='ltr'><strong>injurias.</strong></span> <span class='ocrx_word' id='word_1_604' title='bbox 1802 4042 2035 4116; x_wconf 80' lang='lat' dir='ltr'><strong>Propter</strong></span> <span class='ocrx_word' id='word_1_605' title='bbox 2063 4042 2208 4117; x_wconf 73' lang='lat' dir='ltr'><strong>quod</strong></span> <span class='ocrx_word' id='word_1_606' title='bbox 2236 4044 2339 4114; x_wconf 91' lang='lat' dir='ltr'><strong>ipsi</strong></span> <span class='ocrx_word' id='word_1_607' title='bbox 2367 4046 2540 4117; x_wconf 81' lang='lat' dir='ltr'><strong>trado</strong></span> <span class='ocrx_word' id='word_1_608' title='bbox 2568 4059 2611 4117; x_wconf 89' lang='lat' dir='ltr'><strong>a_</strong></span> <span class='ocrx_word' id='word_1_609' title='bbox 2626 4042 2858 4098; x_wconf 86' lang='lat' dir='ltr'><strong>Domino</strong></span> <span class='ocrx_word' id='word_1_610' title='bbox 2897 4043 3244 4117; x_wconf 75' lang='lat' dir='ltr'><strong>mihidatam</strong></span> <span class='ocrx_word' id='word_1_611' title='bbox 3298 4049 3633 4117; x_wconf 75' lang='lat' dir='ltr'><strong>po_te_st_atcu|</strong></span> 
     </span>
    </p>
   </div>
   <div class='ocr_carea' id='block_1_78' title="bbox 385 4109 3636 4187">
    <p class='ocr_par' dir='ltr' id='par_1_78' title="bbox 385 4109 3636 4187">
     <span class='ocr_line' id='line_1_78' title="bbox 385 4109 3636 4187; baseline -0.003 -16"><span class='ocrx_word' id='word_1_612' title='bbox 385 4116 589 4187; x_wconf 86' lang='lat' dir='ltr'><strong>ligandi</strong></span> <span class='ocrx_word' id='word_1_613' title='bbox 607 4109 663 4170; x_wconf 77' lang='lat' dir='ltr'><strong>et</strong></span> <span class='ocrx_word' id='word_1_614' title='bbox 677 4118 941 4187; x_wconf 86' lang='lat' dir='ltr'><strong>solvendi,</strong></span> <span class='ocrx_word' id='word_1_615' title='bbox 967 4126 1027 4170; x_wconf 92' lang='lat' dir='ltr'><strong>ut</strong></span> <span class='ocrx_word' id='word_1_616' title='bbox 1045 4116 1111 4170; x_wconf 88' lang='lat' dir='ltr'><strong>de</strong></span> <span class='ocrx_word' id='word_1_617' title='bbox 1134 4118 1392 4172; x_wconf 89' lang='lat' dir='ltr'><strong>omnibus</strong></span> <span class='ocrx_word' id='word_1_618' title='bbox 1412 4109 1832 4187; x_wconf 51' lang='lat' dir='ltr'><strong>quibu&#39;scunque</strong></span> <span class='ocrx_word' id='word_1_619' title='bbox 1850 4109 2153 4187; x_wconf 71' lang='lat' dir='ltr'><strong>decreverit</strong></span> <span class='ocrx_word' id='word_1_620' title='bbox 2167 4116 2235 4187; x_wconf 13' lang='lat' dir='ltr'><strong>in,</strong></span> <span class='ocrx_word' id='word_1_621' title='bbox 2252 4109 2433 4178; x_wconf 75' lang='lat' dir='ltr'><strong>terris,</strong></span> <span class='ocrx_word' id='word_1_622' title='bbox 2453 4116 2559 4170; x_wconf 90' lang='lat' dir='ltr'><strong>hoc</strong></span> <span class='ocrx_word' id='word_1_623' title='bbox 2581 4114 2857 4187; x_wconf 80' lang='lat' dir='ltr'><strong>decretum</strong></span> <span class='ocrx_word' id='word_1_624' title='bbox 2884 4113 3027 4187; x_wconf 72' lang='lat' dir='ltr'><strong>silet</strong></span> <span class='ocrx_word' id='word_1_625' title='bbox 3042 4113 3095 4166; x_wconf 91' lang='lat' dir='ltr'><strong>in</strong></span> <span class='ocrx_word' id='word_1_626' title='bbox 3121 4109 3311 4187; x_wconf 55' lang='lat' dir='ltr'><strong>copiis;</strong></span> <span class='ocrx_word' id='word_1_627' title='bbox 3329 4111 3441 4187; x_wconf 77' lang='grc'>(51)</span> <span class='ocrx_word' id='word_1_628' title='bbox 3471 4109 3636 4179; x_wconf 89' lang='lat' dir='ltr'><strong>Liga-</strong></span> 
     </span>
    </p>
   </div>
   <div class='ocr_carea' id='block_1_79' title="bbox 385 4181 3629 4257">
    <p class='ocr_par' dir='ltr' id='par_1_79' title="bbox 385 4181 3629 4257">
     <span class='ocr_line' id='line_1_79' title="bbox 385 4181 3629 4257; baseline -0.003 -17"><span class='ocrx_word' id='word_1_629' title='bbox 385 4181 467 4257; x_wconf 65' lang='lat' dir='ltr'><strong>bit</strong></span> <span class='ocrx_word' id='word_1_630' title='bbox 486 4186 630 4240; x_wconf 86' lang='lat' dir='ltr'><strong>enim</strong></span> <span class='ocrx_word' id='word_1_631' title='bbox 666 4186 812 4256; x_wconf 87' lang='lat' dir='ltr'><strong>quod</strong></span> <span class='ocrx_word' id='word_1_632' title='bbox 843 4195 1059 4256; x_wconf 85' lang='lat' dir='ltr'><strong>oportet</strong></span> <span class='ocrx_word' id='word_1_633' title='bbox 1096 4187 1275 4255; x_wconf 87' lang='lat' dir='ltr'><strong>ligari,</strong></span> <span class='ocrx_word' id='word_1_634' title='bbox 1326 4196 1380 4241; x_wconf 87' lang='lat' dir='ltr'><strong>et</strong></span> <span class='ocrx_word' id='word_1_635' title='bbox 1431 4181 1611 4242; x_wconf 73' lang='lat' dir='ltr'><strong>solvet</strong></span> <span class='ocrx_word' id='word_1_636' title='bbox 1653 4181 1799 4257; x_wconf 73' lang='lat' dir='ltr'><strong>quod</strong></span> <span class='ocrx_word' id='word_1_637' title='bbox 1832 4186 2051 4257; x_wconf 77' lang='lat' dir='ltr'><strong>expedit</strong></span> <span class='ocrx_word' id='word_1_638' title='bbox 2105 4186 2264 4249; x_wconf 85' lang='lat' dir='ltr'><strong>solvi,</strong></span> <span class='ocrx_word' id='word_1_639' title='bbox 2304 4197 2565 4257; x_wconf 82' lang='lat' dir='ltr'><strong>tauquam</strong></span> <span class='ocrx_word' id='word_1_640' title='bbox 2598 4184 2712 4257; x_wconf 72' lang='lat' dir='ltr'><strong>qui</strong></span> <span class='ocrx_word' id='word_1_641' title='bbox 2737 4182 2803 4238; x_wconf 87' lang='lat' dir='ltr'><strong>ad</strong></span> <span class='ocrx_word' id='word_1_642' title='bbox 2839 4182 3108 4257; x_wconf 88' lang='lat' dir='ltr'><strong>liquidum</strong></span> <span class='ocrx_word' id='word_1_643' title='bbox 3151 4181 3409 4257; x_wconf 68' lang='lat' dir='ltr'><strong>Ecclesiae</strong></span> <span class='ocrx_word' id='word_1_644' title='bbox 3461 4194 3629 4257; x_wconf 80' lang='lat' dir='ltr'><strong>regu-</strong></span> 
     </span>
    </p>
   </div>
   <div class='ocr_carea' id='block_1_80' title="bbox 388 4250 3633 4327">
    <p class='ocr_par' dir='ltr' id='par_1_80' title="bbox 388 4250 3633 4327">
     <span class='ocr_line' id='line_1_80' title="bbox 388 4250 3633 4327; baseline -0.002 -17"><span class='ocrx_word' id='word_1_645' title='bbox 388 4256 494 4327; x_wconf 74' lang='lat' dir='ltr'><strong>lam</strong></span> <span class='ocrx_word' id='word_1_646' title='bbox 542 4250 769 4311; x_wconf 77' lang='lat' dir='ltr'><strong>noverit.</strong></span> <span class='ocrx_word' id='word_1_647' title='bbox 804 4250 982 4326; x_wconf 78' lang='lat' dir='ltr'><strong>Ipsum</strong></span> <span class='ocrx_word' id='word_1_648' title='bbox 1013 4250 1377 4327; x_wconf 61' lang='lat' dir='ltr'><strong>ergo&quot;andite.</strong></span> <span class='ocrx_word' id='word_1_649' title='bbox 1409 4259 1645 4312; x_wconf 83' lang='lat' dir='ltr'><strong>scientes</strong></span> <span class='ocrx_word' id='word_1_650' title='bbox 1673 4250 1820 4327; x_wconf 61' lang='lat' dir='ltr'><strong>&#39;quia</strong></span> <span class='ocrx_word' id='word_1_651' title='bbox 1870 4250 2184 4327; x_wconf 74' lang='lat' dir='ltr'><strong>quicunque</strong></span> <span class='ocrx_word' id='word_1_652' title='bbox 2231 4250 2639 4327; x_wconf 64' lang='lat' dir='ltr'><strong>contristaverit</strong></span> <span class='ocrx_word' id='word_1_653' title='bbox 2683 4250 2963 4327; x_wconf 72' lang='lat' dir='ltr'><strong>doctorem</strong></span> <span class='ocrx_word' id='word_1_654' title='bbox 2997 4253 3270 4311; x_wconf 85' lang='lat' dir='ltr'><strong>veritatis,</strong></span> <span class='ocrx_word' id='word_1_655' title='bbox 3330 4258 3520 4327; x_wconf 80' lang='lat' dir='ltr'><strong>peccat</strong></span> <span class='ocrx_word' id='word_1_656' title='bbox 3570 4250 3633 4303; x_wconf 89' lang='lat' dir='ltr'><strong>in</strong></span> 
     </span>
    </p>
   </div>
   <div class='ocr_carea' id='block_1_81' title="bbox 386 4321 3635 4398">
    <p class='ocr_par' dir='ltr' id='par_1_81' title="bbox 386 4321 3635 4398">
     <span class='ocr_line' id='line_1_81' title="bbox 386 4321 3635 4398; baseline -0.002 -18"><span class='ocrx_word' id='word_1_657' title='bbox 386 4326 689 4398; x_wconf 83' lang='lat' dir='ltr'><strong>Christum,</strong></span> <span class='ocrx_word' id='word_1_658' title='bbox 716 4337 770 4381; x_wconf 86' lang='lat' dir='ltr'><strong>et</strong></span> <span class='ocrx_word' id='word_1_659' title='bbox 795 4321 1281 4398; x_wconf 61' lang='lat' dir='ltr'><strong>l‘atremomnium</strong></span> <span class='ocrx_word' id='word_1_660' title='bbox 1304 4328 1595 4382; x_wconf 80' lang='lat' dir='ltr'><strong>exaeerbat</strong></span> <span class='ocrx_word' id='word_1_661' title='bbox 1623 4321 1815 4390; x_wconf 77' lang='lat' dir='ltr'><strong>Deum,</strong></span> <span class='ocrx_word' id='word_1_662' title='bbox 1842 4321 2064 4398; x_wconf 75' lang='lat' dir='ltr'><strong>propter</strong></span> <span class='ocrx_word' id='word_1_663' title='bbox 2085 4321 2233 4398; x_wconf 81' lang='lat' dir='ltr'><strong>quod</strong></span> <span class='ocrx_word' id='word_1_664' title='bbox 2260 4335 2314 4381; x_wconf 89' lang='lat' dir='ltr'><strong>et</strong></span> <span class='ocrx_word' id='word_1_665' title='bbox 2335 4326 2443 4379; x_wconf 89' lang='lat' dir='ltr'><strong>vita</strong></span> <span class='ocrx_word' id='word_1_666' title='bbox 2462 4324 2688 4398; x_wconf 79' lang='lat' dir='ltr'><strong>carebit.</strong></span> <span class='ocrx_word' id='word_1_667' title='bbox 2724 4322 2838 4394; x_wconf 73' lang='grc'>(52)</span> <span class='ocrx_word' id='word_1_668' title='bbox 2864 4321 3045 4391; x_wconf 82' lang='lat' dir='ltr'><strong>ipsum</strong></span> <span class='ocrx_word' id='word_1_669' title='bbox 3088 4332 3269 4376; x_wconf 90' lang='lat' dir='ltr'><strong>autem</strong></span> <span class='ocrx_word' id='word_1_670' title='bbox 3301 4321 3395 4388; x_wconf 89' lang='lat' dir='ltr'><strong>qui</strong></span> <span class='ocrx_word' id='word_1_671' title='bbox 3434 4331 3635 4388; x_wconf 62' lang='lat' dir='ltr'><strong>praeest</strong></span> 
     </span>
    </p>
   </div>
   <div class='ocr_carea' id='block_1_82' title="bbox 386 4393 2675 4466">
    <p class='ocr_par' dir='ltr' id='par_1_82' title="bbox 386 4393 2675 4466">
     <span class='ocr_line' id='line_1_82' title="bbox 386 4393 2675 4466; baseline -0.002 -15"><span class='ocrx_word' id='word_1_672' title='bbox 386 4397 617 4466; x_wconf 73' lang='lat' dir='ltr'><strong>ueteris,</strong></span> <span class='ocrx_word' id='word_1_673' title='bbox 647 4404 858 4466; x_wconf 90' lang='lat' dir='ltr'><strong>oportet</strong></span> <span class='ocrx_word' id='word_1_674' title='bbox 888 4396 1081 4451; x_wconf 82' lang='lat' dir='ltr'><strong>medici</strong></span> <span class='ocrx_word' id='word_1_675' title='bbox 1112 4397 1283 4451; x_wconf 87' lang='lat' dir='ltr'><strong>vicem</strong></span> <span class='ocrx_word' id='word_1_676' title='bbox 1318 4413 1498 4466; x_wconf 82' lang='lat' dir='ltr'><strong>agere,</strong></span> <span class='ocrx_word' id='word_1_677' title='bbox 1523 4407 1578 4451; x_wconf 86' lang='lat' dir='ltr'><strong>et</strong></span> <span class='ocrx_word' id='word_1_678' title='bbox 1600 4414 1705 4452; x_wconf 90' lang='lat' dir='ltr'><strong>non</strong></span> <span class='ocrx_word' id='word_1_679' title='bbox 1738 4393 1866 4453; x_wconf 63' lang='lat' dir='ltr'><strong>ferae</strong></span> <span class='ocrx_word' id='word_1_680' title='bbox 1895 4393 2081 4453; x_wconf 63' lang='lat' dir='ltr'><strong>bestiae</strong></span> <span class='ocrx_word' id='word_1_681' title='bbox 2103 4393 2299 4451; x_wconf 73' lang='lat' dir='ltr'><strong>Turore</strong></span> <span class='ocrx_word' id='word_1_682' title='bbox 2321 4393 2675 4451; x_wconf 91' lang='lat' dir='ltr'><strong>commoveri.</strong></span> 
     </span>
    </p>
   </div>
   <div class='ocr_carea' id='block_1_83' title="bbox 459 4462 3630 4538">
    <p class='ocr_par' dir='ltr' id='par_1_83' title="bbox 459 4462 3630 4538">
     <span class='ocr_line' id='line_1_83' title="bbox 459 4462 3630 4538; baseline -0.003 -19"><span class='ocrx_word' id='word_1_683' title='bbox 459 4464 546 4520; x_wconf 88' lang='grc' dir='ltr'><strong>ΙΙΙ.</strong></span> <span class='ocrx_word' id='word_1_684' title='bbox 574 4462 699 4522; x_wconf 65' lang='lat' dir='ltr'><strong>Haec</strong></span> <span class='ocrx_word' id='word_1_685' title='bbox 723 4482 788 4521; x_wconf 92' lang='lat' dir='ltr'><strong>eo</strong></span> <span class='ocrx_word' id='word_1_686' title='bbox 813 4468 1046 4532; x_wconf 87' lang='lat' dir='ltr'><strong>dicente,</strong></span> <span class='ocrx_word' id='word_1_687' title='bbox 1068 4480 1175 4538; x_wconf 84' lang='lat' dir='ltr'><strong>ego</strong></span> <span class='ocrx_word' id='word_1_688' title='bbox 1199 4462 1485 4534; x_wconf 80' lang='lat' dir='ltr'><strong>procideus</strong></span> <span class='ocrx_word' id='word_1_689' title='bbox 1520 4468 1587 4522; x_wconf 87' lang='lat' dir='ltr'><strong>ad</strong></span> <span class='ocrx_word' id='word_1_690' title='bbox 1619 4468 1781 4538; x_wconf 70' lang='lat' dir='ltr'><strong>pedes</strong></span> <span class='ocrx_word' id='word_1_691' title='bbox 1807 4468 1949 4538; x_wconf 86' lang='lat' dir='ltr'><strong>ejus,</strong></span> <span class='ocrx_word' id='word_1_692' title='bbox 1994 4467 2275 4538; x_wconf 83' lang='lat' dir='ltr'><strong>rogabam,</strong></span> <span class='ocrx_word' id='word_1_693' title='bbox 2309 4481 2578 4521; x_wconf 85' lang='lat' dir='ltr'><strong>excusans</strong></span> <span class='ocrx_word' id='word_1_694' title='bbox 2610 4479 2718 4538; x_wconf 82' lang='lat' dir='ltr'><strong>me,</strong></span> <span class='ocrx_word' id='word_1_695' title='bbox 2747 4472 2802 4538; x_wconf 79' lang='lat' dir='ltr'><strong>et</strong></span> <span class='ocrx_word' id='word_1_696' title='bbox 2831 4462 3115 4538; x_wconf 74' lang='lat' dir='ltr'><strong>declinans</strong></span> <span class='ocrx_word' id='word_1_697' title='bbox 3140 4462 3401 4538; x_wconf 84' lang='lat' dir='ltr'><strong>honorem</strong></span> <span class='ocrx_word' id='word_1_698' title='bbox 3433 4462 3630 4538; x_wconf 42' lang='lat' dir='ltr'><strong>cattle-7</strong></span> 
     </span>
    </p>
   </div>
   <div class='ocr_carea' id='block_1_84' title="bbox 386 4532 3635 4608">
    <p class='ocr_par' dir='ltr' id='par_1_84' title="bbox 386 4532 3635 4608">
     <span class='ocr_line' id='line_1_84' title="bbox 386 4532 3635 4608; baseline -0.002 -17"><span class='ocrx_word' id='word_1_699' title='bbox 386 4536 519 4605; x_wconf 66' lang='grc' dir='ltr'>(ιι-ας,</span> <span class='ocrx_word' id='word_1_700' title='bbox 547 4538 632 4592; x_wconf 90' lang='lat' dir='ltr'><strong>vel</strong></span> <span class='ocrx_word' id='word_1_701' title='bbox 674 4546 1022 4608; x_wconf 87' lang='lat' dir='ltr'><strong>potestatem.</strong></span> <span class='ocrx_word' id='word_1_702' title='bbox 1048 4532 1230 4592; x_wconf 55' lang='lat' dir='ltr'><strong>At&#39;ille</strong></span> <span class='ocrx_word' id='word_1_703' title='bbox 1260 4538 1598 4607; x_wconf 87' lang='lat' dir='ltr'><strong>respondens</strong></span> <span class='ocrx_word' id='word_1_704' title='bbox 1619 4532 1644 4593; x_wconf 76' lang='grc' dir='ltr'><strong>ἐ</strong></span> <span class='ocrx_word' id='word_1_705' title='bbox 1675 4537 1782 4593; x_wconf 89' lang='lat' dir='ltr'><strong>Pro</strong></span> <span class='ocrx_word' id='word_1_706' title='bbox 1812 4532 1941 4604; x_wconf 71' lang='lat' dir='ltr'><strong>hoc,</strong></span> <span class='ocrx_word' id='word_1_707' title='bbox 1964 4532 2159 4608; x_wconf 76' lang='lat' dir='ltr'><strong>inquit,</strong></span> <span class='ocrx_word' id='word_1_708' title='bbox 2193 4552 2260 4590; x_wconf 90' lang='lat' dir='ltr'><strong>ne</strong></span> <span class='ocrx_word' id='word_1_709' title='bbox 2306 4551 2393 4591; x_wconf 86' lang='lat' dir='ltr'><strong>me</strong></span> <span class='ocrx_word' id='word_1_710' title='bbox 2427 4535 2707 4605; x_wconf 84' lang='lat' dir='ltr'><strong>rogaveris</strong></span> <span class='ocrx_word' id='word_1_711' title='bbox 2735 4550 2750 4587; x_wconf 88' lang='lat'>:</span> <span class='ocrx_word' id='word_1_712' title='bbox 2784 4535 2888 4590; x_wconf 88' lang='lat' dir='ltr'><strong>hoc</strong></span> <span class='ocrx_word' id='word_1_713' title='bbox 2914 4533 3058 4587; x_wconf 89' lang='lat' dir='ltr'><strong>enim</strong></span> <span class='ocrx_word' id='word_1_714' title='bbox 3086 4532 3200 4587; x_wconf 85' lang='lat' dir='ltr'><strong>lieri</strong></span> <span class='ocrx_word' id='word_1_715' title='bbox 3254 4537 3518 4586; x_wconf 87' lang='lat' dir='ltr'><strong>statutum</strong></span> <span class='ocrx_word' id='word_1_716' title='bbox 3542 4537 3635 4583; x_wconf 85' lang='lat' dir='ltr'><strong>est</strong></span> 
     </span>
    </p>
   </div>
   <div class='ocr_carea' id='block_1_85' title="bbox 1684 4646 2360 4705">
    <p class='ocr_par' dir='ltr' id='par_1_85' title="bbox 1684 4646 2360 4705">
     <span class='ocr_line' id='line_1_85' title="bbox 1684 4646 2360 4705; baseline -0.004 0"><span class='ocrx_word' id='word_1_717' title='bbox 1684 4649 1919 4705; x_wconf 73' lang='lat' dir='ltr'><strong>VABIIE</strong></span> <span class='ocrx_word' id='word_1_718' title='bbox 1959 4646 2360 4703; x_wconf 83' lang='lat' dir='ltr'><strong>LECTIONES.</strong></span> 
     </span>
    </p>
   </div>
   <div class='ocr_carea' id='block_1_86' title="bbox 456 4732 3625 4817">
    <p class='ocr_par' dir='ltr' id='par_1_86' title="bbox 456 4732 3625 4817">
     <span class='ocr_line' id='line_1_86' title="bbox 456 4732 3625 4817; baseline -0.003 -19"><span class='ocrx_word' id='word_1_719' title='bbox 456 4743 503 4776; x_wconf 83' lang='grc'><strong>³⁸</strong></span> <span class='ocrx_word' id='word_1_720' title='bbox 524 4743 759 4817; x_wconf 78' lang='grc' dir='ltr'>πονηροῦ</span> <span class='ocrx_word' id='word_1_721' title='bbox 801 4743 993 4817; x_wconf 76' lang='grc' dir='ltr'>αίῷνος</span> <span class='ocrx_word' id='word_1_722' title='bbox 1025 4740 1260 4817; x_wconf 38' lang='lat' dir='ltr'><strong>Ruﬁne}</strong></span> <span class='ocrx_word' id='word_1_723' title='bbox 1308 4741 1447 4817; x_wconf 78' lang='lat' dir='ltr'><strong>cod._</strong></span> <span class='ocrx_word' id='word_1_724' title='bbox 1464 4739 1753 4817; x_wconf 66' lang='lat' dir='ltr'><strong>Reg._804.</strong></span> <span class='ocrx_word' id='word_1_725' title='bbox 1783 4741 1929 4817; x_wconf 60' lang='lat' dir='ltr'><strong>:I‘um</strong></span> <span class='ocrx_word' id='word_1_726' title='bbox 1955 4740 2214 4811; x_wconf 80' lang='grc' dir='ltr'>ἐσομένου</span> <span class='ocrx_word' id='word_1_727' title='bbox 2250 4739 2440 4817; x_wconf 50' lang='lat' dir='ltr'><strong>(tutari</strong></span> <span class='ocrx_word' id='word_1_728' title='bbox 2469 4738 2671 4817; x_wconf 60' lang='lat' dir='ltr'><strong>saeculi)</strong></span> <span class='ocrx_word' id='word_1_729' title='bbox 2702 4737 2855 4817; x_wconf 50' lang='lat' dir='ltr'><strong>conj;</strong></span> <span class='ocrx_word' id='word_1_730' title='bbox 2876 4735 2940 4791; x_wconf 88' lang='lat' dir='ltr'><strong>C.</strong></span> <span class='ocrx_word' id='word_1_731' title='bbox 2972 4734 3106 4817; x_wconf 53' lang='lat' dir='ltr'><strong>gein</strong></span> <span class='ocrx_word' id='word_1_732' title='bbox 3146 4733 3273 4817; x_wconf 76' lang='lat' dir='ltr'><strong>dedi</strong></span> <span class='ocrx_word' id='word_1_733' title='bbox 3304 4732 3625 4817; x_wconf 56' lang='lat' dir='ltr'><strong>pnvﬁaatnc.</strong></span> 
     </span>
    </p>
   </div>
   <div class='ocr_carea' id='block_1_87' title="bbox 386 4803 3626 4912">
    <p class='ocr_par' dir='ltr' id='par_1_87' title="bbox 386 4803 3626 4912">
     <span class='ocr_line' id='line_1_87' title="bbox 386 4803 3626 4912; baseline -0.002 -46"><span class='ocrx_word' id='word_1_734' title='bbox 386 4813 432 4864; x_wconf 84' lang='lat'><strong>0</strong></span> <span class='ocrx_word' id='word_1_735' title='bbox 470 4824 525 4866; x_wconf 90' lang='lat' dir='ltr'><strong>et</strong></span> <span class='ocrx_word' id='word_1_736' title='bbox 551 4803 703 4879; x_wconf 48' lang='lat' dir='ltr'><strong>[lui-&#39;2,</strong></span> <span class='ocrx_word' id='word_1_737' title='bbox 740 4803 987 4912; x_wconf 74' lang='grc' dir='ltr'>μηνύσας</span> <span class='ocrx_word' id='word_1_738' title='bbox 1017 4814 1076 4866; x_wconf 70' lang='grc'><strong>(3.</strong></span> <span class='ocrx_word' id='word_1_739' title='bbox 1152 4812 1198 4844; x_wconf 73' lang='grc'><strong>⁸⁸</strong></span> <span class='ocrx_word' id='word_1_740' title='bbox 1224 4811 1354 4883; x_wconf 84' lang='lat' dir='ltr'><strong>Leg.</strong></span> <span class='ocrx_word' id='word_1_741' title='bbox 1388 4812 1487 4893; x_wconf 83' lang='grc' dir='ltr'><strong>τῆς</strong></span> <span class='ocrx_word' id='word_1_742' title='bbox 1531 4803 1746 4884; x_wconf 74' lang='grc' dir='ltr'>Ῥώμης</span> <span class='ocrx_word' id='word_1_743' title='bbox 1779 4812 1838 4867; x_wconf 91' lang='lat' dir='ltr'><strong>S.</strong></span> <span class='ocrx_word' id='word_1_744' title='bbox 1887 4812 1932 4843; x_wconf 81' lang='grc'><strong>⁶⁰</strong></span> <span class='ocrx_word' id='word_1_745' title='bbox 1962 4803 2352 4912; x_wconf 71' lang='grc' dir='ltr'>πρόκαρτερῶν</span> <span class='ocrx_word' id='word_1_746' title='bbox 2378 4808 2444 4863; x_wconf 92' lang='grc' dir='ltr'><strong>Ο.</strong></span> <span class='ocrx_word' id='word_1_747' title='bbox 2541 4810 2583 4841; x_wconf 81' lang='grc'><strong>⁶¹</strong></span> <span class='ocrx_word' id='word_1_748' title='bbox 2615 4803 2784 4863; x_wconf 87' lang='grc' dir='ltr'>πλείω</span> <span class='ocrx_word' id='word_1_749' title='bbox 2804 4803 2876 4862; x_wconf 71' lang='grc' dir='ltr'><strong>Ὀ.</strong></span> <span class='ocrx_word' id='word_1_750' title='bbox 2972 4805 3016 4835; x_wconf 81' lang='grc'><strong>⁴¹¹</strong></span> <span class='ocrx_word' id='word_1_751' title='bbox 3045 4805 3145 4886; x_wconf 70' lang='grc' dir='ltr'>τῆς</span> <span class='ocrx_word' id='word_1_752' title='bbox 3190 4803 3411 4873; x_wconf 75' lang='lat' dir='ltr'><strong>adjuniti</strong></span> <span class='ocrx_word' id='word_1_753' title='bbox 3460 4821 3509 4856; x_wconf 75' lang='grc' dir='ltr'><strong>(τ.</strong></span> <span class='ocrx_word' id='word_1_754' title='bbox 3533 4803 3579 4857; x_wconf 85' lang='grc'><strong>0</strong></span> <span class='ocrx_word' id='word_1_755' title='bbox 3607 4844 3626 4861; x_wconf 90' lang='grc'><strong>.</strong></span> 
     </span>
     <span class='ocr_line' id='line_1_88' title="bbox 388 4873 3625 4912; baseline 0 0"><span class='ocrx_word' id='word_1_756' title='bbox 388 4883 434 4912; x_wconf 75' lang='lat' dir='ltr'><strong>ea</strong></span> <span class='ocrx_word' id='word_1_757' title='bbox 455 4883 616 4912; x_wconf 70' lang='lat' dir='ltr'><strong>-:-n</strong></span> <span class='ocrx_word' id='word_1_758' title='bbox 663 4887 688 4912; x_wconf 62' lang='grc' dir='ltr'><strong>λ</strong></span> <span class='ocrx_word' id='word_1_759' title='bbox 712 4903 740 4912; x_wconf 90' lang='grc'><strong>-</strong></span> <span class='ocrx_word' id='word_1_760' title='bbox 774 4902 801 4912; x_wconf 83' lang='grc'><strong>..</strong></span> <span class='ocrx_word' id='word_1_761' title='bbox 826 4886 926 4912; x_wconf 73' lang='lat' dir='ltr'><strong>-z-</strong></span> <span class='ocrx_word' id='word_1_762' title='bbox 951 4883 1137 4912; x_wconf 76' lang='lat'><strong>.....|..:.</strong></span> <span class='ocrx_word' id='word_1_763' title='bbox 1176 4881 1213 4912; x_wconf 65' lang='grc' dir='ltr'><strong>ε</strong></span> <span class='ocrx_word' id='word_1_764' title='bbox 1266 4882 1324 4912; x_wconf 71' lang='lat' dir='ltr'><strong>Ir.</strong></span> <span class='ocrx_word' id='word_1_765' title='bbox 1364 4882 1479 4912; x_wconf 63' lang='grc' dir='ltr'><strong>πη..</strong></span> <span class='ocrx_word' id='word_1_766' title='bbox 1529 4899 1557 4912; x_wconf 83' lang='lat'><strong>..</strong></span> <span class='ocrx_word' id='word_1_767' title='bbox 1622 4883 1726 4912; x_wconf 63' lang='lat' dir='ltr'><strong>ur:</strong></span> <span class='ocrx_word' id='word_1_768' title='bbox 1774 4892 1828 4912; x_wconf 76' lang='grc' dir='ltr'><strong>..ο</strong></span> <span class='ocrx_word' id='word_1_769' title='bbox 1862 4880 1907 4912; x_wconf 88' lang='lat' dir='ltr'>n</span> <span class='ocrx_word' id='word_1_770' title='bbox 2027 4885 2050 4912; x_wconf 72' lang='grc' dir='ltr'>δ</span> <span class='ocrx_word' id='word_1_771' title='bbox 2082 4881 2306 4912; x_wconf 48' lang='lat' dir='ltr'><strong>Amet...“</strong></span> <span class='ocrx_word' id='word_1_772' title='bbox 2339 4880 2396 4912; x_wconf 80' lang='lat' dir='ltr'><strong>m</strong></span> <span class='ocrx_word' id='word_1_773' title='bbox 2474 4891 2660 4912; x_wconf 61' lang='lat' dir='ltr'><strong>Annia-da</strong></span> <span class='ocrx_word' id='word_1_774' title='bbox 2703 4877 2837 4912; x_wconf 71' lang='grc' dir='ltr'>ηηιιιι</span> <span class='ocrx_word' id='word_1_775' title='bbox 2909 4884 3284 4912; x_wconf 73' lang='lat' dir='ltr'><strong>mu-mmmmm</strong></span> <span class='ocrx_word' id='word_1_776' title='bbox 3354 4873 3625 4912; x_wconf 67' lang='grc' dir='ltr'>Πρμριιιηα</span> 
     </span>
    </p>
   </div>
   <div class='ocr_carea' id='block_1_88' title="bbox 388 4832 3627 4965">
    <p class='ocr_par' dir='ltr' id='par_1_88' title="bbox 388 4832 3627 4965">
     <span class='ocr_line' id='line_1_89' title="bbox 388 4832 3626 4937; baseline 0 -77"><span class='ocrx_word' id='word_1_777' title='bbox 388 4832 432 4864; x_wconf 85' lang='grc' dir='ltr'>υ</span> <span class='ocrx_word' id='word_1_778' title='bbox 470 4832 525 4894; x_wconf 69' lang='lat' dir='ltr'><strong>et</strong></span> <span class='ocrx_word' id='word_1_779' title='bbox 551 4832 703 4879; x_wconf 61' lang='lat' dir='ltr'><strong>nun,</strong></span> <span class='ocrx_word' id='word_1_780' title='bbox 740 4832 985 4937; x_wconf 57' lang='grc' dir='ltr'>μηνύσας</span> <span class='ocrx_word' id='word_1_781' title='bbox 1017 4832 1076 4866; x_wconf 63' lang='grc' dir='ltr'><strong>ιλ.</strong></span> <span class='ocrx_word' id='word_1_782' title='bbox 1103 4883 1113 4894; x_wconf 37' lang='lat'><strong>&#39;</strong></span> <span class='ocrx_word' id='word_1_783' title='bbox 1152 4832 1197 4844; x_wconf 82' lang='lat'><strong>&quot;</strong></span> <span class='ocrx_word' id='word_1_784' title='bbox 1224 4832 1354 4883; x_wconf 66' lang='lat' dir='ltr'><strong>Leg.</strong></span> <span class='ocrx_word' id='word_1_785' title='bbox 1388 4832 1487 4893; x_wconf 88' lang='grc' dir='ltr'><strong>της</strong></span> <span class='ocrx_word' id='word_1_786' title='bbox 1544 4832 1746 4884; x_wconf 80' lang='grc' dir='ltr'>ι’ωμης</span> <span class='ocrx_word' id='word_1_787' title='bbox 1779 4832 1838 4867; x_wconf 65' lang='grc' dir='ltr'><strong>δ.</strong></span> <span class='ocrx_word' id='word_1_788' title='bbox 1888 4832 1931 4843; x_wconf 70' lang='grc' dir='ltr'><strong>ν’</strong></span> <span class='ocrx_word' id='word_1_789' title='bbox 1962 4832 2352 4912; x_wconf 80' lang='grc' dir='ltr'>προκαρτερων</span> <span class='ocrx_word' id='word_1_790' title='bbox 2378 4832 2444 4863; x_wconf 92' lang='grc' dir='ltr'><strong>υ.</strong></span> <span class='ocrx_word' id='word_1_791' title='bbox 2542 4832 2583 4841; x_wconf 72' lang='grc' dir='ltr'><strong>ν·</strong></span> <span class='ocrx_word' id='word_1_792' title='bbox 2615 4832 2784 4863; x_wconf 70' lang='grc' dir='ltr'>πλειω</span> <span class='ocrx_word' id='word_1_793' title='bbox 2816 4832 2876 4862; x_wconf 76' lang='grc' dir='ltr'><strong>υ.</strong></span> <span class='ocrx_word' id='word_1_794' title='bbox 2976 4832 3015 4835; x_wconf 90' lang='grc'><strong>--</strong></span> <span class='ocrx_word' id='word_1_795' title='bbox 3045 4832 3142 4886; x_wconf 64' lang='grc' dir='ltr'><strong>της</strong></span> <span class='ocrx_word' id='word_1_796' title='bbox 3190 4832 3411 4873; x_wconf 67' lang='grc' dir='ltr'>διυιιιυιι</span> <span class='ocrx_word' id='word_1_797' title='bbox 3460 4832 3509 4856; x_wconf 70' lang='grc' dir='ltr'><strong>ις.</strong></span> <span class='ocrx_word' id='word_1_798' title='bbox 3534 4832 3578 4857; x_wconf 88' lang='grc' dir='ltr'><strong>υ</strong></span> <span class='ocrx_word' id='word_1_799' title='bbox 3607 4844 3626 4861; x_wconf 90' lang='grc'><strong>.</strong></span> 
     </span>
     <span class='ocr_line' id='line_1_90' title="bbox 388 4873 3627 4965; baseline -0.004 -26"><span class='ocrx_word' id='word_1_800' title='bbox 388 4883 434 4914; x_wconf 82' lang='grc'><strong>⁸³</strong></span> <span class='ocrx_word' id='word_1_801' title='bbox 453 4899 555 4965; x_wconf 60' lang='grc' dir='ltr'><strong>της</strong></span> <span class='ocrx_word' id='word_1_802' title='bbox 578 4886 639 4965; x_wconf 65' lang='grc' dir='ltr'><strong>ρ,</strong></span> <span class='ocrx_word' id='word_1_803' title='bbox 711 4903 740 4938; x_wconf 91' lang='grc' dir='ltr'><strong>τ</strong></span> <span class='ocrx_word' id='word_1_804' title='bbox 767 4902 801 4965; x_wconf 90' lang='grc' dir='ltr'><strong>¹ν</strong></span> <span class='ocrx_word' id='word_1_805' title='bbox 826 4901 926 4956; x_wconf 89' lang='grc' dir='ltr'><strong>της</strong></span> <span class='ocrx_word' id='word_1_806' title='bbox 935 4881 1235 4965; x_wconf 44' lang='grc' dir='ltr'>λιιεΙμιιηὸ.</span> <span class='ocrx_word' id='word_1_807' title='bbox 1263 4882 1330 4965; x_wconf 61' lang='lat'><strong>1:3}</strong></span> <span class='ocrx_word' id='word_1_808' title='bbox 1355 4882 1502 4965; x_wconf 52' lang='lat' dir='ltr'><strong>Epit.</strong></span> <span class='ocrx_word' id='word_1_809' title='bbox 1529 4899 1577 4936; x_wconf 90' lang='lat' dir='ltr'><strong>c.</strong></span> <span class='ocrx_word' id='word_1_810' title='bbox 1610 4883 1728 4965; x_wconf 53' lang='lat'><strong>145</strong></span> <span class='ocrx_word' id='word_1_811' title='bbox 1774 4892 1833 4938; x_wconf 85' lang='lat' dir='ltr'><strong>ut</strong></span> <span class='ocrx_word' id='word_1_812' title='bbox 1862 4880 1927 4937; x_wconf 91' lang='grc' dir='ltr'><strong>Ο.</strong></span> <span class='ocrx_word' id='word_1_813' title='bbox 2027 4885 2050 4912; x_wconf 73' lang='grc'>⁸</span> <span class='ocrx_word' id='word_1_814' title='bbox 2081 4881 2306 4950; x_wconf 85' lang='grc' dir='ltr'>ἀπέχειν</span> <span class='ocrx_word' id='word_1_815' title='bbox 2339 4880 2421 4935; x_wconf 89' lang='lat' dir='ltr'><strong>Cl.</strong></span> <span class='ocrx_word' id='word_1_816' title='bbox 2474 4891 2661 4934; x_wconf 85' lang='lat' dir='ltr'><strong>contra</strong></span> <span class='ocrx_word' id='word_1_817' title='bbox 2703 4877 2862 4933; x_wconf 90' lang='lat' dir='ltr'><strong>codd.</strong></span> <span class='ocrx_word' id='word_1_818' title='bbox 2907 4884 3309 4931; x_wconf 81' lang='lat' dir='ltr'><strong>auctoritatem.</strong></span> <span class='ocrx_word' id='word_1_819' title='bbox 3351 4873 3627 4942; x_wconf 87' lang='lat' dir='ltr'><strong>Deceptus</strong></span> 
     </span>
    </p>
   </div>
   <div class='ocr_carea' id='block_1_89' title="bbox 386 4949 1671 5023">
    <p class='ocr_par' dir='ltr' id='par_1_89' title="bbox 386 4949 1671 5023">
     <span class='ocr_line' id='line_1_91' title="bbox 386 4949 1671 5023; baseline -0.002 -14"><span class='ocrx_word' id='word_1_820' title='bbox 386 4962 471 5009; x_wconf 83' lang='lat' dir='ltr'><strong>est</strong></span> <span class='ocrx_word' id='word_1_821' title='bbox 498 4949 536 5007; x_wconf 84' lang='lat' dir='ltr'><strong>S</strong></span> <span class='ocrx_word' id='word_1_822' title='bbox 566 4954 634 5008; x_wconf 86' lang='lat' dir='ltr'><strong>de</strong></span> <span class='ocrx_word' id='word_1_823' title='bbox 658 4949 892 5010; x_wconf 77' lang='lat' dir='ltr'><strong>lectione</strong></span> <span class='ocrx_word' id='word_1_824' title='bbox 929 4953 1204 5009; x_wconf 83' lang='lat' dir='ltr'><strong>Cotelerii.</strong></span> <span class='ocrx_word' id='word_1_825' title='bbox 1276 4953 1323 4984; x_wconf 81' lang='grc'>⁸⁸</span> <span class='ocrx_word' id='word_1_826' title='bbox 1351 4949 1576 5023; x_wconf 80' lang='grc' dir='ltr'>ἐδεόμην</span> <span class='ocrx_word' id='word_1_827' title='bbox 1607 4949 1671 5006; x_wconf 92' lang='grc' dir='ltr'><strong>Ο.</strong></span> 
     </span>
    </p>
   </div>
   <div class='ocr_carea' id='block_1_90' title="bbox 1687 5056 2330 5117">
    <p class='ocr_par' dir='ltr' id='par_1_90' title="bbox 1687 5056 2330 5117">
     <span class='ocr_line' id='line_1_92' title="bbox 1687 5056 2330 5117; baseline -0.005 -3"><span class='ocrx_word' id='word_1_828' title='bbox 1687 5057 2056 5117; x_wconf 81' lang='lat' dir='ltr'><strong>VARIORUM</strong></span> <span class='ocrx_word' id='word_1_829' title='bbox 2097 5056 2330 5113; x_wconf 68' lang='lat' dir='ltr'><strong>NOTAE.</strong></span> 
     </span>
    </p>
   </div>
   <div class='ocr_carea' id='block_1_91' title="bbox 461 5166 3623 5254">
    <p class='ocr_par' dir='ltr' id='par_1_91' title="bbox 461 5166 3623 5254">
     <span class='ocr_line' id='line_1_93' title="bbox 461 5166 3623 5254; baseline -0.003 -17"><span class='ocrx_word' id='word_1_830' title='bbox 461 5180 570 5254; x_wconf 74' lang='lat'><strong>(28)</strong></span> <span class='ocrx_word' id='word_1_831' title='bbox 598 5177 789 5244; x_wconf 84' lang='grc' dir='ltr'>Αὐτὸς</span> <span class='ocrx_word' id='word_1_832' title='bbox 814 5176 920 5232; x_wconf 85' lang='grc' dir='ltr'><strong>τοῦ</strong></span> <span class='ocrx_word' id='word_1_833' title='bbox 935 5177 1079 5254; x_wconf 60' lang='grc' dir='ltr'>βίοι]</span> <span class='ocrx_word' id='word_1_834' title='bbox 1092 5176 1303 5254; x_wconf 65' lang='grc' dir='ltr'>,βιαίως</span> <span class='ocrx_word' id='word_1_835' title='bbox 1322 5175 1387 5231; x_wconf 84' lang='grc' dir='ltr'>τὸ</span> <span class='ocrx_word' id='word_1_836' title='bbox 1418 5174 1524 5244; x_wconf 76' lang='grc' dir='ltr'><strong>ζῇν</strong></span> <span class='ocrx_word' id='word_1_837' title='bbox 1545 5172 1946 5254; x_wconf 63' lang='grc' dir='ltr'><strong>μετήλλιιξιιτνι3</strong></span> <span class='ocrx_word' id='word_1_838' title='bbox 2055 5187 2178 5254; x_wconf 60' lang='lat' dir='ltr'><strong>quae</strong></span> <span class='ocrx_word' id='word_1_839' title='bbox 2217 5170 2417 5254; x_wconf 76' lang='lat' dir='ltr'><strong>passim</strong></span> <span class='ocrx_word' id='word_1_840' title='bbox 2448 5186 2543 5241; x_wconf 85' lang='lat' dir='ltr'><strong>per</strong></span> <span class='ocrx_word' id='word_1_841' title='bbox 2572 5178 2737 5254; x_wconf 83' lang='lat' dir='ltr'><strong>totam</strong></span> <span class='ocrx_word' id='word_1_842' title='bbox 2776 5167 3065 5254; x_wconf 68' lang='lat' dir='ltr'><strong>epistolam</strong></span> <span class='ocrx_word' id='word_1_843' title='bbox 3104 5166 3428 5234; x_wconf 82' lang='lat' dir='ltr'><strong>en‘eruntur,</strong></span> <span class='ocrx_word' id='word_1_844' title='bbox 3458 5169 3526 5224; x_wconf 89' lang='lat' dir='ltr'><strong>de</strong></span> <span class='ocrx_word' id='word_1_845' title='bbox 3556 5186 3623 5227; x_wconf 84' lang='lat' dir='ltr'><strong>se</strong></span> 
     </span>
    </p>
   </div>
   <div class='ocr_carea' id='block_1_92' title="bbox 390 5237 2994 5318">
    <p class='ocr_par' dir='ltr' id='par_1_92' title="bbox 390 5237 2994 5318">
     <span class='ocr_line' id='line_1_94' title="bbox 390 5237 2994 5318; baseline -0.007 -10"><span class='ocrx_word' id='word_1_846' title='bbox 390 5237 625 5318; x_wconf 57' lang='lat' dir='ltr'><strong>Secutus</strong></span> <span class='ocrx_word' id='word_1_847' title='bbox 671 5237 993 5303; x_wconf 53' lang='lat' dir='ltr'><strong>est&#39;auetor</strong></span> <span class='ocrx_word' id='word_1_848' title='bbox 1032 5237 1295 5318; x_wconf 68' lang='lat' dir='ltr'><strong>Epistolze</strong></span> <span class='ocrx_word' id='word_1_849' title='bbox 1336 5237 1582 5318; x_wconf 74' lang='lat' dir='ltr'><strong>errorem</strong></span> <span class='ocrx_word' id='word_1_850' title='bbox 1629 5237 1818 5298; x_wconf 75' lang='lat' dir='ltr'><strong>eerum</strong></span> <span class='ocrx_word' id='word_1_851' title='bbox 1850 5243 1945 5318; x_wconf 85' lang='lat' dir='ltr'><strong>qui</strong></span> <span class='ocrx_word' id='word_1_852' title='bbox 2053 5237 2994 5318; x_wconf 39' lang='lat' dir='ltr'><strong>nullmpudore&#39;narfan&#39;t‘em.(300.11.</strong></span> 
     </span>
    </p>
   </div>
   <div class='ocr_carea' id='block_1_93' title="bbox 386 5306 3623 5435">
    <p class='ocr_par' dir='ltr' id='par_1_93' title="bbox 386 5306 3623 5435">
     <span class='ocr_line' id='line_1_95' title="bbox 386 5306 3623 5435; baseline -0.007 -58"><span class='ocrx_word' id='word_1_853' title='bbox 386 5306 550 5377; x_wconf 57' lang='lat' dir='ltr'><strong>Petro</strong></span> <span class='ocrx_word' id='word_1_854' title='bbox 592 5320 857 5376; x_wconf 79' lang='lat' dir='ltr'><strong>Jacobum</strong></span> <span class='ocrx_word' id='word_1_855' title='bbox 888 5306 1226 5387; x_wconf 75' lang='lat' dir='ltr'><strong>superfuisse</strong></span> <span class='ocrx_word' id='word_1_856' title='bbox 1268 5316 1673 5373; x_wconf 82' lang='lat' dir='ltr'><strong>arbitrabantur</strong></span> <span class='ocrx_word' id='word_1_857' title='bbox 1706 5330 1721 5368; x_wconf 88' lang='lat'><strong>:</strong></span> <span class='ocrx_word' id='word_1_858' title='bbox 1754 5306 1945 5383; x_wconf 76' lang='lat' dir='ltr'><strong>quales</strong></span> <span class='ocrx_word' id='word_1_859' title='bbox 2121 5306 2250 5435; x_wconf 48' lang='lat'><strong>(312&#39;</strong></span> <span class='ocrx_word' id='word_1_860' title='bbox 2269 5308 2612 5390; x_wconf 58' lang='grc' dir='ltr'>Χειροτονῶτ</span> <span class='ocrx_word' id='word_1_861' title='bbox 2652 5307 2886 5389; x_wconf 75' lang='grc' dir='ltr'>Ερίιρπι.</span> <span class='ocrx_word' id='word_1_862' title='bbox 2922 5306 3024 5388; x_wconf 56' lang='grc'><strong>145</strong></span> <span class='ocrx_word' id='word_1_863' title='bbox 3056 5325 3071 5361; x_wconf 90' lang='lat'><strong>:</strong></span> <span class='ocrx_word' id='word_1_864' title='bbox 3108 5306 3395 5389; x_wconf 79' lang='grc' dir='ltr'>χειροτονῷ</span> <span class='ocrx_word' id='word_1_865' title='bbox 3443 5308 3623 5390; x_wconf 21' lang='grc' dir='ltr'>σήυμε-</span> 
     </span>
     <span class='ocr_line' id='line_1_96' title="bbox 386 5378 3623 5435; baseline -0.002 0"><span class='ocrx_word' id='word_1_866' title='bbox 386 5392 659 5435; x_wconf 63' lang='lat' dir='ltr'><strong>putarim».</strong></span> <span class='ocrx_word' id='word_1_867' title='bbox 675 5397 976 5435; x_wconf 69' lang='lat' dir='ltr'><strong>cnllslnlex</strong></span> <span class='ocrx_word' id='word_1_868' title='bbox 1029 5390 1287 5435; x_wconf 71' lang='lat' dir='ltr'><strong>Clu-anim</strong></span> <span class='ocrx_word' id='word_1_869' title='bbox 1324 5387 1698 5435; x_wconf 72' lang='lat' dir='ltr'><strong>Alexandrino.</strong></span> <span class='ocrx_word' id='word_1_870' title='bbox 1748 5383 1943 5435; x_wconf 89' lang='lat' dir='ltr'><strong>inqu</strong></span> <span class='ocrx_word' id='word_1_871' title='bbox 2054 5398 2165 5435; x_wconf 86' lang='grc' dir='ltr'>οον.</span> <span class='ocrx_word' id='word_1_872' title='bbox 2244 5383 2390 5435; x_wconf 89' lang='lat' dir='ltr'><strong>ersio</strong></span> <span class='ocrx_word' id='word_1_873' title='bbox 2431 5379 2634 5435; x_wconf 75' lang='lat' dir='ltr'><strong>Ruﬁni.</strong></span> <span class='ocrx_word' id='word_1_874' title='bbox 2664 5378 2889 5431; x_wconf 74' lang='lat' dir='ltr'><strong>ordino:</strong></span> <span class='ocrx_word' id='word_1_875' title='bbox 2933 5378 3026 5432; x_wconf 82' lang='lat' dir='ltr'><strong>ubi</strong></span> <span class='ocrx_word' id='word_1_876' title='bbox 3061 5386 3240 5432; x_wconf 81' lang='lat' dir='ltr'><strong>tamen</strong></span> <span class='ocrx_word' id='word_1_877' title='bbox 3286 5394 3378 5435; x_wconf 87' lang='lat' dir='ltr'><strong>um</strong></span> <span class='ocrx_word' id='word_1_878' title='bbox 3412 5378 3623 5435; x_wconf 79' lang='lat' dir='ltr'><strong>dicitur</strong></span> 
     </span>
    </p>
   </div>
   <div class='ocr_carea' id='block_1_94' title="bbox 386 5378 3623 5458">
    <p class='ocr_par' dir='ltr' id='par_1_94' title="bbox 386 5378 3623 5458">
     <span class='ocr_line' id='line_1_97' title="bbox 386 5378 3623 5458; baseline -0.004 -11"><span class='ocrx_word' id='word_1_879' title='bbox 386 5392 659 5447; x_wconf 78' lang='lat' dir='ltr'><strong>exstitisse</strong></span> <span class='ocrx_word' id='word_1_880' title='bbox 675 5378 979 5445; x_wconf 67' lang='lat' dir='ltr'><strong>constatei</strong></span> <span class='ocrx_word' id='word_1_881' title='bbox 1029 5390 1287 5446; x_wconf 79' lang='lat' dir='ltr'><strong>Chronico</strong></span> <span class='ocrx_word' id='word_1_882' title='bbox 1324 5387 1698 5450; x_wconf 76' lang='lat' dir='ltr'><strong>Alexandrino,</strong></span> <span class='ocrx_word' id='word_1_883' title='bbox 1735 5378 1802 5458; x_wconf 62' lang='lat'><strong>3;.</strong></span> <span class='ocrx_word' id='word_1_884' title='bbox 1832 5396 1943 5452; x_wconf 85' lang='lat' dir='ltr'><strong>quo</strong></span> <span class='ocrx_word' id='word_1_885' title='bbox 2052 5378 2909 5458; x_wconf 42' lang='lat' dir='ltr'><strong>pov._Versio_Iiutiui_,ordino:.</strong></span> <span class='ocrx_word' id='word_1_886' title='bbox 2933 5378 3026 5432; x_wconf 88' lang='lat' dir='ltr'><strong>ubi</strong></span> <span class='ocrx_word' id='word_1_887' title='bbox 3061 5378 3240 5432; x_wconf 80' lang='lat' dir='ltr'><strong>tamen</strong></span> <span class='ocrx_word' id='word_1_888' title='bbox 3286 5379 3378 5458; x_wconf 75' lang='lat' dir='ltr'><strong>qui</strong></span> <span class='ocrx_word' id='word_1_889' title='bbox 3412 5378 3623 5458; x_wconf 63' lang='lat' dir='ltr'><strong>dicitur</strong></span> 
     </span>
    </p>
   </div>
   <div class='ocr_carea' id='block_1_95' title="bbox 386 5447 3622 5527">
    <p class='ocr_par' dir='ltr' id='par_1_95' title="bbox 386 5447 3622 5527">
     <span class='ocr_line' id='line_1_98' title="bbox 386 5447 3622 5527; baseline -0.003 -12"><span class='ocrx_word' id='word_1_890' title='bbox 386 5461 574 5517; x_wconf 87' lang='lat' dir='ltr'><strong>Jacobi</strong></span> <span class='ocrx_word' id='word_1_891' title='bbox 619 5475 768 5515; x_wconf 83' lang='lat' dir='ltr'><strong>mors</strong></span> <span class='ocrx_word' id='word_1_892' title='bbox 811 5457 1091 5514; x_wconf 84' lang='lat' dir='ltr'><strong>confertur</strong></span> <span class='ocrx_word' id='word_1_893' title='bbox 1127 5461 1194 5514; x_wconf 84' lang='lat' dir='ltr'><strong>ad</strong></span> <span class='ocrx_word' id='word_1_894' title='bbox 1226 5474 1431 5513; x_wconf 87' lang='lat' dir='ltr'><strong>annum</strong></span> <span class='ocrx_word' id='word_1_895' title='bbox 1468 5447 1705 5527; x_wconf 86' lang='lat' dir='ltr'><strong>primum</strong></span> <span class='ocrx_word' id='word_1_896' title='bbox 1735 5447 1939 5523; x_wconf 78' lang='lat' dir='ltr'><strong>Vespa-</strong></span> <span class='ocrx_word' id='word_1_897' title='bbox 2046 5447 2273 5527; x_wconf 50' lang='lat' dir='ltr'><strong>ithdias,</strong></span> <span class='ocrx_word' id='word_1_898' title='bbox 2301 5449 2555 5507; x_wconf 80' lang='lat' dir='ltr'><strong>ordinabo</strong></span> <span class='ocrx_word' id='word_1_899' title='bbox 2580 5447 3332 5521; x_wconf 71' lang='lat' dir='ltr'><strong>videturlegisse,xer.porovdi</strong></span> <span class='ocrx_word' id='word_1_900' title='bbox 3354 5448 3407 5501; x_wconf 88' lang='lat' dir='ltr'><strong>in</strong></span> <span class='ocrx_word' id='word_1_901' title='bbox 3432 5447 3622 5504; x_wconf 79' lang='lat' dir='ltr'><strong>futuro</strong></span> 
     </span>
    </p>
   </div>
   <div class='ocr_carea' id='block_1_96' title="bbox 388 5528 712 5587">
    <p class='ocr_par' dir='ltr' id='par_1_96' title="bbox 388 5528 712 5587">
     <span class='ocr_line' id='line_1_99' title="bbox 388 5528 712 5587; baseline -0.015 0"><span class='ocrx_word' id='word_1_902' title='bbox 388 5531 550 5587; x_wconf 86' lang='lat' dir='ltr'><strong>siani.</strong></span> <span class='ocrx_word' id='word_1_903' title='bbox 572 5528 712 5585; x_wconf 82' lang='lat' dir='ltr'><strong>Co&#39;r.</strong></span> 
     </span>
    </p>
   </div>
   <div class='ocr_carea' id='block_1_97' title="bbox 458 5592 1946 5673">
    <p class='ocr_par' dir='ltr' id='par_1_97' title="bbox 458 5592 1946 5673">
     <span class='ocr_line' id='line_1_100' title="bbox 458 5592 1946 5673; baseline -0.007 -16"><span class='ocrx_word' id='word_1_904' title='bbox 458 5600 568 5673; x_wconf 74' lang='lat'><strong>(29)</strong></span> <span class='ocrx_word' id='word_1_905' title='bbox 606 5598 939 5673; x_wconf 75' lang='grc' dir='ltr'>Κλήμεντα.</span> <span class='ocrx_word' id='word_1_906' title='bbox 968 5597 1070 5665; x_wconf 86' lang='lat' dir='ltr'><strong>Qui</strong></span> <span class='ocrx_word' id='word_1_907' title='bbox 1089 5596 1372 5673; x_wconf 62' lang='lat' dir='ltr'><strong>modestia;</strong></span> <span class='ocrx_word' id='word_1_908' title='bbox 1400 5614 1464 5673; x_wconf 90' lang='lat' dir='ltr'><strong>a_e</strong></span> <span class='ocrx_word' id='word_1_909' title='bbox 1494 5593 1833 5673; x_wconf 75' lang='lat' dir='ltr'><strong>verecundia:</strong></span> <span class='ocrx_word' id='word_1_910' title='bbox 1865 5592 1946 5673; x_wconf 85' lang='lat' dir='ltr'><strong>le-_-</strong></span> 
     </span>
    </p>
   </div>
   <div class='ocr_carea' id='block_1_98' title="bbox 422 5664 1945 5741">
    <p class='ocr_par' dir='ltr' id='par_1_98' title="bbox 422 5664 1945 5741">
     <span class='ocr_line' id='line_1_101' title="bbox 422 5664 1945 5741; baseline -0.006 -14"><span class='ocrx_word' id='word_1_911' title='bbox 422 5664 482 5727; x_wconf 80' lang='lat' dir='ltr'><strong>es</strong></span> <span class='ocrx_word' id='word_1_912' title='bbox 504 5664 612 5726; x_wconf 85' lang='lat' dir='ltr'><strong>non</strong></span> <span class='ocrx_word' id='word_1_913' title='bbox 642 5664 876 5741; x_wconf 67' lang='lat' dir='ltr'><strong>ignorat,</strong></span> <span class='ocrx_word' id='word_1_914' title='bbox 902 5664 1120 5741; x_wconf 80' lang='lat' dir='ltr'><strong>indigne</strong></span> <span class='ocrx_word' id='word_1_915' title='bbox 1150 5670 1393 5741; x_wconf 78' lang='lat' dir='ltr'><strong>profecto</strong></span> <span class='ocrx_word' id='word_1_916' title='bbox 1425 5669 1593 5741; x_wconf 80' lang='lat' dir='ltr'><strong>feret,</strong></span> <span class='ocrx_word' id='word_1_917' title='bbox 1634 5667 1810 5721; x_wconf 88' lang='lat' dir='ltr'><strong>virum</strong></span> <span class='ocrx_word' id='word_1_918' title='bbox 1850 5664 1945 5741; x_wconf 82' lang='lat' dir='ltr'><strong>qui</strong></span> 
     </span>
    </p>
   </div>
   <div class='ocr_carea' id='block_1_99' title="bbox 416 5737 1943 5806">
    <p class='ocr_par' dir='ltr' id='par_1_99' title="bbox 416 5737 1943 5806">
     <span class='ocr_line' id='line_1_102' title="bbox 416 5737 1943 5806; baseline -0.003 -11"><span class='ocrx_word' id='word_1_919' title='bbox 416 5737 722 5799; x_wconf 64' lang='lat' dir='ltr'><strong>dementem</strong></span> <span class='ocrx_word' id='word_1_920' title='bbox 755 5737 1166 5797; x_wconf 43' lang='lat' dir='ltr'><strong>inducere—nou—</strong></span> <span class='ocrx_word' id='word_1_921' title='bbox 1192 5739 1432 5806; x_wconf 81' lang='lat' dir='ltr'><strong>erubuit,</strong></span> <span class='ocrx_word' id='word_1_922' title='bbox 1464 5738 1709 5794; x_wconf 73' lang='lat' dir='ltr'><strong>subnexa</strong></span> <span class='ocrx_word' id='word_1_923' title='bbox 1737 5745 1791 5792; x_wconf 89' lang='lat' dir='ltr'><strong>et</strong></span> <span class='ocrx_word' id='word_1_924' title='bbox 1840 5737 1943 5791; x_wconf 84' lang='lat' dir='ltr'><strong>alia</strong></span> 
     </span>
    </p>
   </div>
   <div class='ocr_carea' id='block_1_100' title="bbox 2045 5522 3619 5664">
    <p class='ocr_par' dir='ltr' id='par_1_100' title="bbox 2045 5522 3619 5664">
     <span class='ocr_line' id='line_1_103' title="bbox 2045 5522 3619 5664; baseline -0.01 -16"><span class='ocrx_word' id='word_1_925' title='bbox 2045 5524 2100 5579; x_wconf 49' lang='grc' dir='ltr'><strong>Ξ.</strong></span> <span class='ocrx_word' id='word_1_926' title='bbox 2120 5522 2483 5664; x_wconf 32' lang='lat' dir='ltr'><strong>(gratatur</strong></span> <span class='ocrx_word' id='word_1_927' title='bbox 2512 5587 2568 5644; x_wconf 89' lang='lat' dir='ltr'><strong>in</strong></span> <span class='ocrx_word' id='word_1_928' title='bbox 2598 5584 2773 5657; x_wconf 84' lang='lat' dir='ltr'><strong>Epist.</strong></span> <span class='ocrx_word' id='word_1_929' title='bbox 2807 5587 3189 5645; x_wconf 86' lang='lat' dir='ltr'><strong>Leodiensium</strong></span> <span class='ocrx_word' id='word_1_930' title='bbox 3214 5587 3482 5652; x_wconf 84' lang='lat' dir='ltr'><strong>adversus</strong></span> <span class='ocrx_word' id='word_1_931' title='bbox 3506 5586 3619 5644; x_wconf 77' lang='lat' dir='ltr'><strong>Pa.</strong></span> 
     </span>
    </p>
   </div>
   <div class='ocr_carea' id='block_1_101' title="bbox 2049 5658 2385 5718">
    <p class='ocr_par' dir='ltr' id='par_1_101' title="bbox 2049 5658 2385 5718">
     <span class='ocr_line' id='line_1_104' title="bbox 2049 5658 2385 5718; baseline -0.027 1"><span class='ocrx_word' id='word_1_932' title='bbox 2049 5658 2290 5718; x_wconf 82' lang='lat' dir='ltr'><strong>schalem</strong></span> <span class='ocrx_word' id='word_1_933' title='bbox 2324 5658 2385 5711; x_wconf 91' lang='lat' dir='ltr'><strong>ll.</strong></span> 
     </span>
    </p>
   </div>
   <div class='ocr_carea' id='block_1_102' title="bbox 2120 5726 2976 5804">
    <p class='ocr_par' dir='ltr' id='par_1_102' title="bbox 2120 5726 2976 5804">
     <span class='ocr_line' id='line_1_105' title="bbox 2120 5726 2976 5804; baseline -0.004 -18"><span class='ocrx_word' id='word_1_934' title='bbox 2120 5731 2233 5804; x_wconf 71' lang='grc'>(52)</span> <span class='ocrx_word' id='word_1_935' title='bbox 2271 5728 2452 5784; x_wconf 86' lang='lat' dir='ltr'><strong>Citant</strong></span> <span class='ocrx_word' id='word_1_936' title='bbox 2484 5726 2813 5786; x_wconf 84' lang='lat' dir='ltr'><strong>Leodienses</strong></span> <span class='ocrx_word' id='word_1_937' title='bbox 2840 5729 2949 5785; x_wconf 88' lang='lat' dir='ltr'><strong>ibid</strong></span> <span class='ocrx_word' id='word_1_938' title='bbox 2966 5780 2976 5803; x_wconf 27' lang='grc' dir='ltr'>λ</span> 
     </span>
    </p>
   </div>
  </div>
