3986 6164
445 281 508 336 59
1297 270 1356 326 S.
1394 269 1782 328 CLEMENTIS
1819 271 1841 326 1
1886 270 2050 328 ROM.
2086 269 2288 328 PONT.
2329 269 2556 328 OPERA
2596 271 2824 330 DUBIA.
3610 281 3674 337 ιο

438 392 608 464 gens?
636 388 828 443 Nonne
851 388 1017 442 etiam
1049 384 1232 454 exigui
1256 384 1462 454 ingenii
1487 385 1830 450 viroclaret,
1857 384 1996 454 quod

2107 386 2182 457 τῷ
2213 385 2417 458 βραχὺν
2450 386 2625 458 ἔχοντι
2651 386 2776 442 νοῦν
2807 387 2856 420 ⁷⁸
2889 387 3066 461 δῆλον,
3101 388 3184 444 ὅτι
3217 357 3354 457 νῦνίς
3401 393 3558 469 Πάσῃ
3586 395 3676 458 οὖν

437 485 492 538 in
521 481 775 553 praasenti
803 479 1084 549 tempore?
1112 475 1382 533 Omnibus
1404 492 1542 546 ergo
1590 476 1759 530 animi
1794 475 2006 533 viribus

437 578 491 630 in
519 578 621 630 hoc
651 573 935 644 praesentis
971 570 1317 626 necessitatis
1347 579 1593 639 tempore
1615 568 1816 623 festina
1845 583 2005 639 opem

435 669 576 724 ferre
603 669 752 724 bono
776 665 910 735 regi,
936 679 1164 734 magnas
1189 660 1660 718 remunerationes
1685 671 1809 727 post
1830 663 2007 716 victo-

434 765 568 817 riam
603 762 826 817 reddere
853 757 1035 813 solito.
1063 756 1212 811 Laeto
1239 755 1406 825 igitur
1426 755 1611 809 animo
1633 756 2004 824 episcopatum

432 856 671 924 suscipe,
699 860 1004 922 opportune
1031 863 1097 904 eo
1128 847 1302 917 magis
1334 847 1480 916 quod
1533 845 1792 902 Ecclesia:
1819 847 2007 918 dispo-

429 950 686 1005 sitionem
713 962 742 999 a
771 960 860 998 me
888 943 1150 1009 didicisti,
1176 941 1243 995 ad
1269 940 1497 995 fratrum
1521 941 1614 1010 qui
1642 939 1710 995 ad
1743 954 1846 997 nos
1875 956 2006 997 con-

431 1042 689 1111 fugerunt
713 1039 964 1093 salutem.

499 1154 566 1208 ν.
600 1153 990 1207 Verumtamen
1041 1159 1095 1204 et
1144 1148 1382 1204 breviter
1413 1161 1596 1203 coram
1651 1147 1911 1202 omnibus
1950 1156 2006 1203 et

2108 480 2424 550 προαιρέσει
2451 482 2508 533 ὲν
2535 481 2614 552 τῷ
2642 481 2742 552 τῆς
2786 483 3068 553 παρούσης
3097 483 3343 557 ἀνάγκης
3373 488 3548 561 χρόνῳ
3587 493 3675 548 τά.

2107 589 2266 641 χυνον
2288 571 2644 644 ξυμμαχήσαι
2676 573 2883 643 βασιλεῖ
2909 575 3119 646 ἀγαθῷ,
3159 579 3386 648 μισθοὺς
3419 583 3679 652 μεγάλους

2109 663 2245 734 μετά
2277 663 2431 734 νίκην
2457 665 2759 718 ἀποδιδόναι
2780 668 3064 736 πεφυκότι.
3090 669 3312 742 Χαίρων
3341 668 3434 726 οὖν
3461 675 3680 730 ἐπισκό-

2105 771 2300 825 πησον,
2330 756 2599 829 εὐκαίρως
2615 759 2787 830 ταύτῃ
2819 759 3039 829 μᾶλλον,
3061 761 3137 826 ὡς
3154 762 3422 836 διοίκησιν
3465 767 3681 840 Ἐκκλη-

2107 846 2226 911 σίας
2251 850 2379 920 παρ’
2409 848 2542 920 ἐμοῦ
2578 851 2931 922 μεμαθηκὼς,
2978 854 3058 917 εἰς
3083 854 3184 926 τὴν
3219 855 3330 912 τῶν
3357 859 3491 929 ἡμῖν
3512 875 3678 932 προσ-

2109 941 2417 1009 φευγόντων
2442 941 2687 1012 ἀδελφῶν
2719 945 3016 1017 σωτηρίαν.

2175 1141 2242 1198 V.
2268 1143 2416 1216 Πλὴν
2445 1145 2538 1198 καὶ
2562 1142 2768 1217 βραχέα
2805 1163 2862 1200 σε
2896 1147 2943 1179 ⁷⁸
2973 1146 3065 1202 ἐπὶ
3085 1149 3304 1205 πάντων
3330 1149 3419 1206 διὰ
3467 1152 3677 1219 πάντας

425 1256 648 1318 propter
668 1259 880 1310 omnes,
933 1258 1054 1313 quae
1111 1241 1179 1297 ad
1214 1255 1336 1295 eam
1382 1240 1801 1308 dispositionem
1836 1239 1996 1308 perti-

2107 1234 2170 1288 τὰ
2202 1236 2302 1306 τῆς
2326 1236 2640 1308 διοικήσεως
2668 1238 2978 1311 ὑπομνῆσαι
3011 1240 3168 1295 θέλω.
3198 1243 3265 1296 Σὲ
3299 1244 3397 1316 μὲν
3428 1245 3534 1317 χρὴ
3553 1246 3676 1299 ἀνε-

427 1351 580 1406 nent,
614 1340 669 1393 in
701 1347 934 1392 mentem
969 1336 1065 1390 tibi
1090 1333 1384 1389 revocabo.
1419 1332 1496 1386 Te
1527 1333 1750 1402 quidem
1782 1341 1996 1402 oportet

2107 1328 2386 1401 πιλήπτως
2421 1329 2639 1400 βιοῦντα
2672 1332 2871 1404 σπουδῇ
2897 1333 3127 1407 μεγίστῃ
3157 1335 3339 1402 πάσας
3375 1339 3475 1402 τάς
3512 1338 3607 1393 τοῦ
3632 1339 3677 1372 ⁷⁷

426 1432 976 1505 irreprehensibiliter
1003 1431 1206 1494 vivere,
1237 1439 1291 1482 et
1321 1427 1564 1482 maximo
1595 1427 1778 1482 studio
1809 1441 1996 1483 omnes

2107 1419 2222 1491 βίου
2253 1422 2510 1492 ἀσχολίας
2543 1423 2914 1490 ἀποσείεσθαι,
2940 1427 3076 1498 μήτε
3097 1428 3366 1501 ἐγγυητὴν
3398 1430 3679 1502 γινόμενον

422 1533 548 1584 vita:
577 1527 965 1596 occupationes
1007 1524 1265 1592 abjicere,
1301 1530 1362 1575 ut
1409 1537 1518 1576 non
1566 1521 1642 1576 sis
1688 1521 1996 1590 ﬁdcjussor,

2107 1512 2354 1584 μήτειῆ.
2379 1516 2675 1586 συνήγορον
2708 1516 2842 1588 μηδὲ
2875 1518 3048 1590 ἑτέρῳ
3075 1521 3181 1574 τινὶ
3206 1519 3444 1594 βιωτικῷ
3466 1541 3679 1597 παρεμο

422 1635 600 1690 neque
623 1618 942 1682 advocatus,
963 1629 1140 1684 neque
1162 1614 1274 1668 ullo
1296 1613 1404 1666 alio
1424 1612 1722 1682 implicitus
1752 1611 1996 1666 saeculari

2107 1604 2477 1677 πεπλεγμένον
2498 1608 2804 1680 πράγματι.
2833 1611 2907 1663 Οὐ
2941 1611 3050 1684 γὰρ
3071 1613 3263 1686 κριτὴν
3296 1616 3388 1670 καὶ
3417 1616 3676 1688 δικαστὴν

422 1715 661 1784 negotio.
695 1709 812 1764 Non
835 1710 980 1764 enim
1010 1707 1251 1777 judicem
1283 1713 1337 1759 et
1370 1706 1704 1774 cognitorem
1737 1703 1996 1773 pecunia-

2107 1697 2399 1769 χρημάτων
2435 1699 2468 1770 ἢ
2499 1700 2891 1771 ἀσχολημάτων
2937 1703 3263 1759 καθεστάναι
3309 1723 3367 1759 σε
3399 1707 3538 1761 θέλει
3567 1709 3675 1764 τῶν

423 1819 542 1858 rum
567 1804 648 1858 vel
672 1801 1015 1872 negotiorum
1050 1812 1343 1866 rerumque
1365 1798 1430 1852 ad
1453 1799 1594 1854 hanc
1629 1800 1797 1854 vitam
1830 1799 1998 1868 perti-

423 1897 668 1951 nentium
695 1895 1030 1949 constituere
1066 1902 1117 1946 te
1146 1891 1263 1945 vult
1291 1892 1566 1959 Christus,
1594 1900 1674 1957 ιιι,
1707 1889 1995 1961 przesenti-

420 1988 524 2043 bus
550 1987 835 2041 hominum
867 1984 1014 2040 curis
1037 1984 1310 2050 detentus,
1336 1993 1550 2052 tempus
1575 1999 1683 2037 non
1701 1983 1903 2038 habeas
1927 1984 1994 2040 ad

419 2081 754 2151 separandos
781 2079 936 2149 juxta
967 2077 1212 2133 veritatis
1253 2077 1472 2131 modum
1531 2075 1786 2130 homines
1817 2076 1994 2131 bonos

417 2189 448 2228 a
475 2174 653 2228 malis.
709 2171 910 2227 Verum
954 2172 1045 2226 illa
1097 2171 1314 2241 quidem
1348 2171 1385 2224 ii
1416 2169 1521 2225 sibi
1557 2169 1789 2223 invicem
1834 2168 1991 2222 exhi-

417 2265 581 2320 beant
612 2264 705 2334 qui
731 2264 968 2330 discunt,
999 2273 1052 2317 et
1084 2272 1135 2318 te
1165 2279 1194 2317 a
1227 2262 1577 2317 sermonibus
1605 2261 1787 2316 salvos
1813 2259 1993 2315 facere

415 2357 726 2412 valentibus
753 2373 861 2411 non
887 2364 1136 2410 avocent.
1193 2353 1666 2420 Quemadmodum
1717 2352 1865 2407 enim
1898 2352 1992 2406 tibi

414 2449 646 2520 impium
679 2460 761 2505 est
788 2490 803 2515 ,
840 2449 1133 2505 smculares
1160 2462 1324 2501 curas
1353 2446 1654 2514 suscipere,
1703 2445 1894 2498 relicto
1927 2457 1993 2498 eo

415 2544 564 2611 quod
590 2542 768 2596 facere
791 2542 980 2612 jussus
1010 2557 1102 2595 es:
1132 2540 1209 2593 ita
1252 2537 1483 2607 singulis
1515 2536 1669 2589 laicis
1703 2542 1989 2604 peccatum

414 2642 519 2700 est,
557 2634 602 2688 si
635 2634 740 2687 sibi
768 2634 1000 2688 invicem
1027 2631 1193 2686 etiam
1235 2630 1288 2683 in
1318 2627 1611 2683 mundanis
1649 2625 1994 2681 necessitati-

416 2727 519 2781 bus
543 2735 740 2795 prsesto
765 2740 872 2778 non
907 2725 1036 2779 sint.
1095 2723 1361 2793 Equidem
1393 2722 1440 2777 si
1467 2720 1650 2776 cuncti
1703 2735 1810 2773 non
1839 2718 1991 2789 cogi-

415 2828 530 2873 tent
553 2817 752 2878 facere.
792 2817 868 2870 uti
904 2825 983 2879 tu,
1014 2816 1069 2868 in
1098 2818 1264 2870 rebus
1295 2814 1576 2883 inquibus
1603 2813 1657 2867 id
1683 2811 1862 2875 decet,
1896 2825 1988 2866 se-

413 2925 547 2965 cure
566 2920 620 2964 et
653 2909 943 2978 tranquille
971 2910 1145 2974 vivas,
1174 2923 1205 2962 a
1233 2907 1479 2963 diaconis
1500 2907 1854 2971 edoceantur;
1877 2918 1988 2974 quo

2099 1789 2195 1844 νῦν
2209 1790 2475 1861 βιωτικῶν
2504 1794 2841 1864 πραγμάτων
2861 1797 2890 1848 ὁ
2911 1797 3164 1869 Χριστὸς,
3191 1800 3296 1864 ἵνα,
3323 1801 3678 1874 συνεχόμενος

2099 1883 2180 1946 είς
2203 1882 2302 1946 τὰς
2333 1882 2428 1937 νῦν
2468 1883 2575 1938 τῶν
2621 1885 2921 1958 ἀνθρώπων
2969 1890 3270 1962 φροντίδας,
3305 1892 3379 1964 μὴ
3418 1893 3678 1965 εὐσχολῇς

2099 1975 2348 2046 χωρίζειν
2377 1975 2520 2048 λόγῳ
2554 1976 2808 2048 ἀληθείας
2847 1979 3150 2052 ἀνθρώπιον
3191 1985 3316 2047 τοὺς
3362 1985 3678 2056 κρείττονας

2097 2067 2204 2120 ἀπὸ
2234 2067 2341 2121 τῶν
2377 2068 2654 2140 χειρόνων.
2698 2069 2856 2124 Ἀλλά
2877 2073 3047 2126 ταῦτα
3083 2075 3180 2144 μὲν
3227 2076 3277 2127 οἱ
3313 2077 3679 2146 μανθάνοντες

2097 2157 2345 2230 ἀλλήλοις
2374 2161 2758 2232 παρεχέτωσαν
2790 2163 2859 2228 ⁷⁸,
2895 2165 2989 2218 καὶ
3017 2164 3124 2218 ἀπὸ
3140 2165 3250 2218 τῶν
3277 2168 3469 2233 σώζειν
3515 2169 3679 2224 δυνα-

2104 2249 2276 2321 μένων
2295 2250 2466 2319 λόγων
2503 2250 2576 2322 μὴ
2597 2252 3068 2324 ἀπασχολείτωσαν
3088 2257 3154 2311 ⁷⁸.
3199 2257 3286 2322 Ὠς
3303 2257 3411 2330 γάρ
3442 2275 3522 2312 σοι
3543 2260 3679 2314 ἀσε-

2098 2341 2193 2406 ϐές
2221 2343 2356 2407 ἐστι,
2389 2343 2488 2406 τὰς
2521 2342 2776 2413 βιωτικάς
2807 2347 3090 2417 φροντίδας
3119 2349 3492 2416 ἀναδέξασθαι,
3508 2367 3680 2404 κατα-

2096 2435 2357 2505 λείψαντα
2371 2435 2418 2468 ⁸⁰
2459 2439 2631 2491 ποιεῖν
2653 2437 2681 2489 ὃ
2699 2437 3040 2509 ὲκελεύσθης,
3062 2439 3234 2505 οὕτως
3255 2441 3469 2513 ἑκάστῳ
3500 2443 3679 2514 λαῖκῷ

2097 2527 2343 2600 ἁμαρτία
2372 2529 2519 2582 ἐστὶν
2541 2567 2558 2592 ,
2605 2529 2701 2584 ὲάν
2736 2530 2810 2602 μὴ
2846 2531 3094 2603 ἀλλήλοις
3121 2534 3213 2586 καὶ
3239 2535 3295 2586 ὲν
3333 2537 3455 2598 ταῖς
3492 2534 3680 2605 βιωτι-

2096 2623 2221 2684 καῖς
2248 2621 2456 2692 χρείαις
2483 2621 2864 2692 παρίστανται.
2885 2625 2995 2677 Καὶ
3017 2626 3076 2678 σὲ
3093 2625 3149 2678 δὲ
3167 2625 3296 2697 περὶ
3319 2620 3394 2680 ὧν
3417 2626 3520 2698 χρὴ
3535 2627 3680 2698 ἀμέ-

2099 2731 2287 2787 ριμνον
2322 2711 2460 2770 εἶναι
2505 2717 2556 2769 οἱ
2604 2717 2807 2780 πάντες
2835 2721 3009 2772 ποιεῖν
3026 2719 3119 2772 ὲάν
3156 2719 3228 2792 μὴ
3250 2719 3441 2774 νοῶσιν
3465 2760 3480 2784 ,
3517 2721 3679 2793 παρά

2095 2810 2202 2864 τῶν
2230 2811 2490 2865 διακόνων
2524 2811 2956 2882 μανθανέτωσαψ
2996 2814 3082 2867 ἵνα
3117 2815 3284 2884 μόνης
3301 2817 3402 2887 τῆς
3440 2814 3680 2887 Ἐκκλη-

2097 2902 2217 2968 σίας
2260 2904 2358 2974 τὴν
2392 2904 2645 2976 φροντίδα
2694 2905 2842 2977 ἔχῃς,
2877 2907 3013 2978 πρός
3057 2924 3118 2960 τε
3148 2904 3210 2960 τὸ
3254 2909 3472 2963 διοικεῖν
3499 2909 3678 2984 αὐτὴν

415 3002 587 3056 solius
621 3000 880 3056 Ecclesia:
909 3001 1338 3055 sollicitudinem
1369 3014 1548 3070 geras,
1595 3007 1712 3052 tum
1751 2996 1818 3050 ad
1852 2996 1987 3050 scite

2107 2994 2269 3059 ιαλῶς
2290 2995 2384 3049 καὶ
2412 2996 2473 3050 τὸ
2503 2997 2630 3060 τοὺς
2658 2997 2756 3069 τῆς
2787 2997 3041 3068 ἀληθείας
3071 2998 3256 3068 λόγους
3281 3001 3556 3074 παρέχειν.

415 3108 533 3150 eam
558 3092 1076 3160 administrandam,
1113 3100 1230 3146 tum
1257 3092 1326 3146 ad
1372 3089 1667 3145 tradendos
1709 3101 1995 3145 sermones
2027 3087 2294 3143 veritatis.

484 3210 574 3264 Vl.
600 3208 735 3263 Nam
768 3211 813 3264 si
840 3209 987 3263 curis
1013 3207 1365 3264 saecularibus
1387 3214 1686 3276 occupatus
1709 3202 1899 3266 fueris,
1930 3211 1986 3258 et

2164 3201 2249 3257 Vl.
2294 3204 2467 3267 Ἐπεὶ,
2488 3203 2583 3258 ἐὰν
2614 3204 2890 3275 βιωτικαῖς
2923 3207 3213 3278 μερίμναις
3227 3209 3548 3285 ἀσχοληθῗπ,
3569 3228 3674 3272 και

409 3311 467 3358 te
487 3303 667 3372 ipsum
698 3313 752 3356 et
781 3300 1058 3356 auditores
1089 3298 1349 3371 decipies.
1409 3297 1790 3354 Conducibilia
1834 3297 1983 3352 enim

2107 3296 2316 3350 τεαυτδν
2346 3298 2440 3350 καὶ
2473 3298 2598 3361 τοὺς
2616 3297 2890 3370 ἀκροατὰς
2907 3299 3257 3372 ὲνεδρεύσειςο
3285 3303 3356 3357 τά
3383 3306 3492 3378 γὰρ
3519 3325 3672 3382 συμ-

1609 3455 2170 3514 INTERPRETATIO
2207 3455 2464 3512 RUFINI.

409 3592 480 3631 eo
506 3576 744 3630 maxime
766 3574 1348 3648 quod_ecclesiasticas
1384 3573 1824 3648 dispensationes
1850 3589 1880 3627 a
1923 3588 2012 3629 me
2059 3572 2415 3642 probabiliter
2447 3573 2722 3640 didicisti;
2769 3584 2827 3629 ut
2860 3574 3010 3630 salus
3041 3590 3258 3643 eorum,
3290 3577 3384 3647 qui
3436 3593 3532 3648 per
3559 3596 3673 3638 nos

415 3643 797 3715 confugerunt
816 3647 881 3699 ad
916 3643 1110 3708 Deum,
1149 3643 1492 3715 nequaquam
1514 3645 1754 3715 vacillet.

489 3664 581 3700 ntu
624 3664 784 3700 erunt
816 3664 881 3699 au
919 3664 1110 3708 ucuin,
1149 3664 1492 3715 nequaquam
1514 3664 1754 3698 vacmet.

489 3715 553 3770 V.
581 3664 964 3768 gerun‘itamcn
997 3722 1050 3767 et
1072 3715 1304 3769 breviter
1334 3727 1385 3768 te
1412 3717 1478 3768 de
1511 3715 1681 3783 ipsius
1710 3713 2137 3782 dispensationis
2162 3713 2355 3769 ordine
2399 3729 2585 3768 coram
2617 3714 2874 3770 omnibus
2898 3730 3250 3771 commonere
3280 3719 3667 3778 necessarium

415 3787 580 3840 duco.
609 3785 685 3859 Te
705 3786 926 3859 quidem
963 3793 1176 3859 oportet
1207 3785 1756 3859 irreprehensibiliter
1786 3784 1966 3859 vivere
1990 3801 2004 3848 ;
2054 3792 2109 3859 et
2130 3799 2348 3859 summo
2374 3786 2557 3839 studio
2583 3785 2704 3859 niti,
2731 3794 2806 3859 ιιι
2843 3801 3036 3859 omnes
3059 3787 3183 3841 vita:
3206 3786 3372 3856 hujus
3416 3802 3669 3859 occupa-

414 3858 598 3911 tiones
629 3858 892 3924 abjicias;
925 3871 992 3926 ne
1031 3855 1317 3926 lidcjussor
1370 3856 1592 3921 existas,
1619 3870 1686 3908 ne
1736 3854 2035 3926 advocatus
2061 3854 2251 3926 litium,
2277 3856 2398 3926 tias,
2423 3870 2557 3926 neve
2606 3857 2658 3910 in
2692 3856 2801 3910 ulla
2839 3856 3020 3926 aliqua
3049 3854 3404 3926 occupatione
3428 3854 3670 3926 prorsus

419 3921 716 3999 inveniaris
747 3925 1040 3999 mundialis
1078 3921 1286 3999 negotii
1306 3926 1594 3999 occasione
1617 3924 1926 3999 perplexus.
1967 3921 2153 3999 lfieque
2169 3925 2315 3978 enim
2347 3925 2584 3999 judicem
2621 3935 2714 3999 aut
2736 3921 3072 3999 cognitorem
3103 3921 3449 3999 saecularium
3481 3944 3667 3999 nego-

419 3998 620 4067 tiorum
658 3996 816 4050 hodie
846 4005 895 4050 te
925 3996 1177 4067 ordinare
1202 3995 1315 4067 vult
1337 3995 1619 4067 Christus;
1655 3996 1825 4048 utine
1856 3993 2182 4067 praefocatus
2235 3993 2596 4067 prasentibus
2621 3993 2906 4051 hominum
2930 3997 3078 4052 curis
3108 4013 3216 4053 non
3243 3998 3423 4067 possis
3481 3993 3670 4056 verbo

419 4064 512 4118 Dei
552 4081 764 4132 vacare,
786 4076 839 4120 et
863 4066 1160 4137 secundum
1196 4065 1441 4137 veritatis
1459 4066 1700 4137 regulam
1732 4078 2014 4137 secernere
2045 4064 2220 4137 bonos
2250 4079 2280 4117 a
2314 4065 2495 4137 malis.
2565 4067 2669 4121 Ista
2695 4082 2931 4136 namque
2975 4083 3162 4136 opera,
3192 4064 3313 4137 qua:
3342 4068 3438 4122 tibi
3467 4069 3666 4126 minus

414 4150 717 4201 congruere
759 4136 1009 4203 superius
1032 4134 1408 4202 exposuimus,
1449 4136 1739 4206 exhibeant
1767 4135 1870 4187 sibi
1904 4133 2134 4206 invicem
2154 4135 2452 4206 discentes,
2478 4136 2529 4190 id
2561 4146 2646 4190 est
2684 4133 2904 4201 laicifet
2928 4146 2978 4191 te
3007 4133 3169 4191 nemo
3210 4133 3443 4206 occupet
3463 4139 3531 4192 ab
3564 4139 3669 4197 his

415 4208 636 4269 studiis,
661 4222 756 4274 per
784 4221 904 4273 quae
948 4206 1094 4259 salus
1130 4206 1387 4276 omnibus
1439 4205 1618 4276 datur.
1669 4205 1826 4276 Sicut
1849 4204 2014 4276 enim
2068 4205 2167 4276 tibi
2205 4206 2496 4274 impietatis
2551 4207 2756 4260 crimen
2784 4215 2889 4272 est,
2919 4207 3177 4276 neglectis
3214 4204 3370 4261 verbi
3408 4208 3502 4262 Dei
3532 4220 3668 4263 stu-

416 4277 546 4346 diis,
578 4277 969 4330 sollicitudines
997 4275 1272 4344 suscipere
1304 4275 1590 4329 szecularcs
1617 4292 1632 4341 ;
1667 4275 1737 4326 ita
1769 4274 2062 4343 unicuique
2085 4275 2349 4346 laicorum
2400 4286 2681 4346 peccatum
2711 4287 2815 4342 est,
2868 4277 2972 4332 nisi
2994 4274 3235 4330 invicem
3263 4278 3367 4331 sibi
3402 4279 3566 4332 etiatn
3598 4279 3663 4334 in

415 4345 502 4399 his
531 4362 652 4415 quae
679 4348 744 4399 ad
774 4347 1079 4400 couuminis
1104 4347 1223 4398 vita:
1247 4361 1404 4400 usum
1445 4346 1736 4412 pertinent,
1769 4359 1989 4415 operam
2031 4345 2260 4415 tideliter
2300 4346 2566 4401 dederint.
2637 4345 2712 4400 Te
2740 4361 2869 4400 vero
2898 4362 3152 4401 securum
3192 4345 3372 4402 facere
3422 4364 3486 4402 ex
3538 4349 3665 4413 his,

408 4414 612 4484 quibus
660 4433 767 4468 non
829 4417 990 4469 debes
1047 4431 1279 4476 vacare,
1339 4431 1528 4470 omnes
1584 4414 1950 4486 communiter
2010 4414 2312 4470 elaborent.
2383 4417 2536 4482 Quod
2595 4418 2639 4472 si
2694 4416 2836 4470 forte
2905 4432 2933 4469 a
2986 4417 3294 4486 semetipsis
3365 4418 3470 4473 hoc
3519 4417 3664 4475 laici

413 4501 522 4537 non
583 4487 923 4555 intelligunt,
970 4501 1060 4553 per
1117 4487 1381 4539 diaconos
1434 4485 1694 4540 edocendi
1739 4494 1911 4556 sunt;
1971 4492 2032 4538 ut
2083 4486 2181 4539 tibi
2238 4487 2408 4556 solius
2455 4486 2712 4541 Ecclesiae
2762 4485 3653 4556 sollicitudinesderelinquant;

406 4571 519 4678 quo
579 4553 787 4635 ipsam,
842 4565 902 4609 ut
937 4557 1159 4625 dignum
1197 4566 1310 4620 est,
1348 4557 1665 4624 dispensare
1705 4553 1963 4618 suﬂicias,
1989 4563 2042 4609 et
2091 4555 2339 4610 veritatis
2373 4558 2539 4611 verbo
2579 4557 2950 4611 abundantius
3000 4558 3180 4626 possis
3228 4565 3284 4611 et
3331 4553 3658 4616 studiosius

445 4641 701 4678 eserVIre.

445 4641 701 4679 eservtre.

482 4695 566 4749 γι.
612 4697 667 4749 Si
699 4697 842 4750 enim
874 4695 1239 4751 mundialibus
1280 4695 1427 4750 curis
1474 4695 1642 4750 fueris
1673 4702 1994 4762 occupatus,
2030 4704 2082 4747 et
2107 4695 2340 4762 teipsum
2365 4695 2621 4764 decipies,
2648 4705 2701 4749 et
2723 4711 2818 4750 eos
2840 4698 2931 4765 qui
2960 4703 3010 4749 te
3043 4696 3290 4752 audiunt.
3326 4695 3444 4750 Non
3485 4697 3648 4754 enim

407 4767 610 4834 poteris
647 4783 767 4835 qua:
797 4767 862 4819 ad
920 4767 1151 4820 salutem
1212 4769 1500 4834 pertinent,
1532 4766 1744 4833 plenius
1776 4765 2004 4834 singulis
2032 4765 2341 4836 quibusque
2385 4766 2594 4820 caeteris
2647 4767 2981 4836 distinguere
3014 4782 3028 4816 :
3064 4775 3117 4820 et
3143 4781 3209 4820 ex
3234 4781 3300 4821 eo
3346 4767 3405 4821 {it
3449 4777 3507 4821 ut
3559 4779 3658 4834 tu,

405 4844 664 4904 tanquam
692 4838 783 4907 qui
809 4854 914 4890 non
941 4837 1190 4889 docueris
1220 4853 1340 4904 qua:
1368 4838 1433 4889 ad
1471 4840 1699 4890 salutem
1729 4838 2007 4888 hominum
2040 4835 2626 4907 pertinent,dcponaris
2651 4877 2666 4901 ,
2704 4845 2783 4907 et
2824 4835 3090 4903 discipuli
3141 4851 3234 4904 per
3278 4837 3658 4907 ignorantiam

408 4915 651 4973 pereant.
684 4904 888 4962 Idcirco
911 4922 1039 4973 ergo
1069 4916 1125 4959 tu
1161 4907 1380 4974 quidem
1410 4908 1474 4960 ad
1501 4908 1602 4959 hoc
1632 4908 1809 4958 solum
1873 4913 2086 4974 vacato,
2121 4904 2194 4956 uti
2229 4915 2533 4972 opportune
2578 4916 2631 4959 et
2671 4906 2788 4961 sine
2839 4907 3248 4960 intermissione
3299 4904 3499 4962 doceas
3538 4923 3654 4963 eos

407 4972 634 5029 verbum
676 4979 768 5030 Dei
815 4995 910 5046 per
956 4978 1098 5045 quod
1124 4972 1353 5030 salutem
1387 4978 1649 5044 consequi
1699 4976 1924 5043 possint.
1981 4972 2062 5046 Illi
2108 4989 2240 5046 vero
2269 4990 2392 5027 cum
2427 4985 2572 5028 tanta
2617 4977 2914 5030 reverentia
2964 4984 3055 5028 tua
3086 4978 3252 5030 verba
3311 4979 3654 5046 suscipiant,

407 5053 663 5114 tanquam
695 5049 785 5116 qui
814 5044 987 5102 Sciant
1011 5049 1240 5114 legatum
1275 5056 1328 5099 te
1357 5056 1409 5099 et
1439 5061 1739 5114 praeconem
1765 5061 1886 5116 csse
1908 5044 2172 5116 veritatis,
2201 5052 2268 5116 et
2291 5046 2628 5116 quodcunque
2653 5046 2896 5116 ligaveris
2927 5061 3082 5113 super
3113 5055 3330 5111 terram,
3355 5044 3654 5116 use—liga;

405 5113 588 5171 tumet
638 5113 872 5183 iu'caelo,
905 5127 954 5171 et
985 5113 1326 5186 qualicunque
1353 5113 1590 5182 solceris,
1642 5117 1803 5168 etiam
1848 5115 1921 5167 ibi
1977 5129 2088 5166 esse
2129 5113 2430 5167 solvendum
2483 5113 2710 5187 (Matth.
2753 5131 2865 5182 xu,
2927 5116 3046 5185 i9),
3101 5118 3357 5185 quoniam
3416 5113 3654 5187 quidem

1707 5229 1937 5285 VARle
1973 5231 2370 5286 LECTIONES.

473 5324 519 5353 "
547 5323 719 5394 βραχὺ
763 5323 987 5392 (βραχὺν
1015 5321 1159 5394 conj.
1200 5321 1258 5392 S)
1287 5321 1411 5376 νοῦν
1454 5321 1627 5392 ἔχοντι
1659 5323 1719 5377 C.
1795 5324 1841 5355 ⁷³
1871 5325 1929 5376 σέ
1983 5325 2162 5378 addidi
2197 5341 2245 5379 c.
2293 5323 2672 5394 0.Pronomen
2730 5321 3256 5394 deesserecteividit
3283 5320 3656 5394 Sappinates;

584 5391 1032 5465 Clemenliuornm
1064 5391 1358 5465 Parisiens.
1388 5412 1401 5459 ;
1438 5391 1681 5465 βραχέως
1703 5394 1849 5462 conj.
1881 5397 1940 5449 (Σ.
2034 5397 2077 5426 ⁷⁷
2112 5395 2205 5448 τοῦ
2265 5394 2492 5448 aceessit
2523 5409 2588 5446 ex
2631 5391 2695 5448 Ο.
2732 5392 2868 5465 Tum
2913 5393 3269 5465 ἀποσείεσθαι
3331 5391 3381 5446 Οί

403 5463 543 5532 θοι,
591 5463 904 5516 ὰποσίεσθαι
926 5463 1060 5516 Cod.
1094 5462 1343 5517 Clement.
1381 5462 1552 5518 Paris.
1588 5474 1920 5532 constanter.
1955 5465 2028 5518 De
2065 5467 2164 5519 hac
2197 5466 2478 5532 scriptura:
2507 5464 2867 5526 discrepantia
2901 5463 2942 5516 C
2975 5465 3185 5518 consuli
3209 5465 3361 5532 jubet
3397 5463 3648 5520 Salinas.

401 5530 532 5605 ljut.
559 5535 623 5605 ad
653 5533 899 5601 lnscript.
933 5534 1178 5596 Herodis,
1209 5548 1260 5601 p.
1296 5535 1364 5605 64
1395 5534 1654 5605 seq._Cl’r.
1710 5530 1935 5589 Constit.
1993 5544 2159 5604 apost.
2203 5551 2270 5594 ιι,
2433 5532 2565 5588 Can.
2619 5540 2788 5600 (ipost.
2831 5534 2934 5605 A16.
2993 5602 3001 5605 _
3040 5535 3087 5605 τέ
3114 5530 3551 5605 παρασχέτωσαί
3566 5535 3650 5591 C.

400 5599 646 5656 Subinde
677 5607 748 5657 S:
810 5599 1166 5658 Scribendum
1210 5599 1366 5657 haud
1399 5599 1580 5670 dubie,
1613 5605 1718 5658 nisi
1743 5607 1878 5658 forte
1907 5599 2075 5658 totum
2110 5604 2327 5672 aliquod
2359 5608 2658 5655 membrum
2693 5603 2911 5668 excidit,
2958 5602 3017 5656 σὲ
3067 5604 3113 5656 δ’
3162 5599 3245 5658 vel
3281 5599 3373 5656 καὶ
3407 5603 3486 5655 σέ.
3517 5601 3652 5655 Ru-

404 5672 500 5746 tilii
543 5673 914 5746 interpretatio
950 5675 1084 5746 hac
1123 5680 1211 5746 est
1245 5691 1280 5746 :_
1309 5693 1327 5723 ι
1361 5683 1414 5727 et
1468 5683 1520 5728 te
1576 5688 1752 5746 nemo?
1784 5675 2122 5746 occupet‘ab
2178 5676 2260 5727 his
2301 5673 2527 5746 studiis,
2568 5686 2675 5746 per_
2711 5688 2832 5746 qua:
2889 5674 3040 5746 salus
3080 5675 3333 5746 omnibus
3394 5675 3578 5730 datur.
3614 5690 3643 5725 ι

404 5691 496 5724 ιιιιι
543 5691 914 5795 interpretatio
952 5691 1062 5728 ntec
1123 5691 1258 5726 esr:
1309 5693 1327 5723 ι
1361 5691 1414 5727 et
1468 5691 1520 5728 te
1576 5691 1734 5727 nemo
1784 5691 2009 5746 occupet
2055 5691 2122 5726 an
2178 5691 2260 5727 ms
2301 5691 2527 5735 sruuus,
2568 5691 2663 5741 per
2711 5691 2832 5738 qua:
2889 5691 3040 5728 satus
3080 5691 3239 5728 omnu

401 5741 449 5772 ⁹⁹
477 5742 684 5814 ἀποσχο
717 5745 931 5815 ήτωσαν
963 5744 1034 5808 C,
1063 5741 1458 5814 ἀσχολείτωσαν
1500 5745 1622 5800 cod.
1659 5744 1783 5808 804,
1819 5743 2283 5816 ἀποσχολείτωσαν
2311 5741 2370 5796 S.
2445 5742 2493 5774 '°
2520 5741 2899 5814 καταλείψαντι
2945 5745 3066 5800 cod.
3115 5742 3239 5797 80d.
