3970 6148
239 323 300 377 69
929 319 1384 374 CLEMENTINA.
1424 349 1491 359 —
1529 319 1865 374 EPISTULA
1891 313 2279 373 CLEMENTIS
2313 313 2404 368 AD
2439 313 2768 369 JACOBUM.
3400 310 3467 363 50

235 443 528 512 Κλήμεντά
582 441 694 508 μετ’
725 434 824 506 ἐμὲ
861 436 1114 504 κατηχεῖν
1169 433 1448 505 μέλλοντα.
1500 433 1640 486 Πολὺ
1691 433 1794 504 γάρ

1905 441 1994 486 tus
2025 441 2078 485 et
2108 428 2457 500 perspicuus;
2487 427 2629 482 sicut
2660 425 2760 494 ipsi
2790 421 3144 492 expcriemini
3181 421 3295 477 fore
3338 422 3465 478 Cie»

235 537 377 586 ἐστιν
419 531 518 602 ἐμὲ
550 525 644 583 νῦν
687 527 747 579 τὸ
790 529 908 580 κατ’
940 521 1078 590 εἶδος
1109 526 1304 595 λέγειν.
1359 525 1501 596 Πλὴν
1533 525 1626 577 ἐὰν
1675 527 1804 595 όμοα

233 627 492 696 νοήσητε,
525 619 812 692 δυνήσεσθε
845 621 923 681 εἰς
948 619 1038 672 τὸν
1065 619 1164 690 τῆς
1195 617 1552 681 ἀναπαύσεως
1579 617 1801 687 ἐνεχθῆ-

235 733 319 767 ναι
343 714 554 786 λιμένα,
581 711 708 765 ἔνθα
741 710 974 782 μεγάλου
1007 710 1277 774 Βασιλέως
1308 711 1455 764 ἐστὶν
1484 708 1731 780 εἰρηνικὴ
1757 709 1802 738 ’³

235 807 403 870 πόλις.

301 896 439 952 XIV.
467 897 647 950 Ἔοικε
668 895 716 927 ⁸⁸
735 892 843 967 γὰρ
865 893 981 948 ὅλον
1007 893 1068 948 τὸ
1085 895 1316 966 πρᾶγμα
1348 891 1448 964 τῆς
1478 890 1801 962 Ἐκκλησίας

231 989 320 1062 νηῒ
349 989 581 1063 μεγάλῃ,
615 988 702 1042 διὰ
752 985 982 1058 σφοδροῦ
1004 988 1049 1018 ’³
1077 986 1342 1058 χειμῶνος
1372 985 1568 1058 ἄνδρας
1605 982 1802 1055 φερού-

233 1099 298 1156 σῃ
321 1085 384 1135 ὲκ
401 1080 607 1134 πολλῶν
626 1079 804 1132 τόπων
836 1079 994 1142 ὄντας
1016 1079 1109 1132 καὶ
1133 1078 1260 1150 μίαν
1273 1077 1380 1148 2ο
1402 1077 1502 1148 τὴν
1522 1077 1567 1107 ιι
1589 1075 1801 1146 ἀγαθῆς

231 1173 504 1244 βασιλείας
533 1171 683 1225 πόλιν
712 1174 876 1225 οἰκεῖν
908 1171 1172 1234 θέλοντας.
1213 1171 1392 1222 Ἔστω
1431 1169 1528 1239 μὲν
1557 1163 1650 1220 οὖν
1671 1167 1799 1238 ὑμῖν

226 1266 254 1317 ὁ
285 1265 484 1336 ταύτης
515 1263 792 1333 Δεσπότης
818 1263 967 1326 Θεὸς,
1010 1263 1102 1316 καὶ
1133 1259 1486 1333 παρεικάσθω
1515 1260 1544 1312 ὁ
1575 1259 1671 1329 μὲν
1703 1275 1798 1312 κυ-

226 1358 493 1429 ϐερνήτης
513 1357 556 1387 ’⁷
585 1354 828 1428 Χριστῷ,
857 1355 884 1407 ὁ
911 1353 1168 1425 πρωρεὺς
1200 1351 1503 1422 ὲπισκόπῳ,
1529 1353 1578 1403 οί
1606 1349 1798 1404 ναῦται

226 1447 634 1520 πρεσϐυτέροις,
665 1447 715 1499 οἱ
741 1447 1018 1518 τοίχαρχοι
1048 1442 1337 1506 διακόνοις,
1372 1444 1420 1496 οἱ
1453 1441 1797 1510 ναυστολόγοι

224 1543 334 1603 τοῖς
389 1538 718 1610 κατηχοῦσιν
741 1576 754 1601 ,
800 1539 914 1600 τοῖς
962 1536 1250 1599 ἐπιϐάταις
1291 1536 1350 1588 τὸ
1391 1535 1498 1588 τῶν
1552 1533 1796 1605 ἀδελφῶν

225 1631 446 1703 πλῆθος,
475 1630 554 1700 τῷ
600 1629 745 1700 βυθῷ
773 1630 801 1682 ό
831 1629 1054 1700 κόσμος,
1088 1629 1144 1681 αἱ
1184 1627 1486 1681 ἀντίπνοιαι
1525 1630 1638 1689 τοῖς
1678 1643 1797 1678 πει-

223 1727 452 1794 ρασμοῖς
474 1722 542 1786 ³⁸,
583 1721 633 1774 οἱ
675 1721 731 1774 δὲ
767 1719 994 1791 διωγμοὶ
1039 1720 1133 1773 καὶ
1177 1719 1226 1772 οἱ
1268 1717 1499 1772 κίνδυνοι
1529 1719 1622 1771 καὶ
1662 1719 1718 1771 αἱ
1747 1717 1792 1748 ¹⁹

1903 531 2163 589 mentem,
2190 529 2310 590 post
2329 535 2414 573 me
2431 518 2741 573 catechista:
2764 515 2937 569 oilicio
2964 514 3299 569 functurum.
3324 512 3470 567 Lon-

1901 631 2028 686 gum
2056 614 2200 669 enim
2231 620 2314 667 est
2343 626 2490 665 nunc
2524 625 2610 663 me
2657 607 2871 677 singula
2917 621 3220 660 recensere.
3265 602 3468 660 Verum

1902 707 1948 762 si
1999 705 2354 762 concordiam
2387 701 2696 766 tenueritis,
2740 697 2987 768 poteritis
3019 706 3234 766 portum
3269 695 3468 766 quietis

1901 798 2188 866 attingere,
2216 796 2309 850 ubi
2335 793 2497 865 Regis
2530 790 2730 848 summi
2761 799 2941 844 exstat
2971 788 3101 843 urbs
3131 789 3377 857 pacilica.

1970 888 2112 944 XIV.
2148 887 2358 943 Similis
2407 898 2646 954 namq-ue
2689 892 2772 937 est
2803 890 2950 936 totus
2989 878 3245 934 Ecclesia:
3293 888 3470 934 status

1900 982 2022 1037 navi
2056 994 2289 1050 magnae,
2314 991 2434 1047 quae
2460 990 2557 1047 per
2582 975 2814 1028 validam
2849 978 3222 1040 tempestatem
3261 967 3362 1024 fert
3382 971 3468 1023 vi-

1899 1089 1991 1128 ros
2017 1073 2357 1126 diversorum
2387 1069 2629 1123 locorum
2664 1080 2827 1120 unam
2860 1065 2985 1118 boni
3018 1063 3166 1134 regni
3195 1063 3468 1115 civitatem

1900 1161 2173 1218 incolendi
2223 1160 2471 1231 cupidos.
2516 1156 2599 1212 Sit
2639 1172 2768 1227 ergo
2811 1155 2964 1210 vobis
3003 1155 3157 1207 navis
3201 1151 3466 1209 Dominus

1899 1252 2044 1308 Deus
2081 1270 2096 1307 :
2129 1260 2182 1308 et
2213 1251 2585 1306 assimilentur
2609 1248 2937 1319 gubernator
2974 1245 3192 1315 quidem
3226 1244 3463 1308 Christo,

1897 1355 2112 1416 proreta
2141 1344 2418 1414 episcopo,
2469 1350 2649 1395 nautae
2677 1339 3028 1410 presbyteris,
3063 1335 3301 1406 prwfecti
3333 1335 3468 1389 late-

1898 1453 2018 1493 rum
2047 1436 2334 1502 .diaconis,
2391 1432 2700 1503 naustologi
2749 1429 3087 1496 catecbistis,
3148 1428 3467 1484 vectoribus

1897 1531 2150 1585 universa
2196 1528 2426 1583 fratrum
2476 1525 2790 1590 multitudo,
2835 1522 2976 1578 mari
3026 1520 3288 1586 mundus,
3317 1522 3464 1576 venti

1895 1622 2109 1678 adversi
2161 1620 2578 1683 tentationibns,
2612 1616 3023 1688 persecutiones
3067 1629 3198 1668 vero
3241 1621 3296 1668 et
3322 1612 3466 1683 peri—

1895 1716 2019 1769 cuia
2047 1722 2103 1768 et
2132 1712 2436 1782 omnigenis:
2483 1709 2806 1764 amictiones
2836 1705 3158 1761 decumanis
3186 1704 3464 1769 ﬂuctibus,

222 1779 560 1869 παντοδαπαὶ
589 1812 791 1884 θλίψεις
818 1779 936 1876 ταῖς
961 1811 1296 1885 τρικυμίαις,
1326 1810 1394 1864 τὰ
1419 1811 1475 1864 δὲ
1499 1811 1730 1878 ἀπόγεια
1746 1810 1790 1842 ³ο

1897 1821 1959 1860 ex
1990 1804 2291 1860 continenti
2326 1803 2606 1857 venientes
2633 1808 2902 1855 torrentes
2926 1808 2981 1853 et
3005 1797 3169 1852 ﬂatus
3203 1796 3465 1852 sermoni-

219 1907 328 1960 τῶν
364 1905 678 1978 χειμάρρων
712 1906 803 1959 καὶ
843 1903 911 1958 τὰ
943 1905 1239 1977 φυσήματα
1273 1905 1393 1966 ταῖς
1432 1901 1539 1955 τῶν
1577 1901 1796 1955 πλάνων

220 2001 314 2054 καὶ
343 1997 451 2052 τῶν
491 1997 948 2070 ψευδοπροφητῶν
985 1996 1243 2068 όμιλίαις,
1275 1996 1344 2049 τά
1389 1995 1446 2048 δὲ
1476 1995 1795 2066 ἀκρωτήρια

220 2093 314 2144 καί
356 2090 423 2143 τὰ
451 2091 652 2161 τραχέα
683 2090 791 2143 τῶν
831 2090 1014 2144 τόπων
1053 2093 1167 2153 τοῖς
1200 2090 1257 2142 έν
1308 2088 1604 2160 ὑπεροχαῖς
1647 2085 1796 2139 δεινά

219 2180 498 2235 ἀπειλοῦσι
525 2182 823 2246 δικασταῖς,
856 2180 1166 2236 διθάλασσοι
1197 2180 1256 2234 δὲ
1282 2180 1377 2234 καὶ
1405 2178 1687 2250 θηριώδεις
1716 2178 1798 2231 τόο

220 2292 310 2327 ποι
343 2277 454 2338 τοῖς
496 2273 796 2342 ἀλογίστοις
827 2274 919 2328 καὶ
946 2273 1274 2338 ὲνδοιάζουσι
1317 2271 1449 2343 περὶ
1475 2270 1581 2324 τῶν
1612 2269 1713 2340 τῆς
1750 2270 1792 2301 ³⁸

217 2364 476 2436 ἀληθείας
522 2365 972 2436 ὲπαγγελμάτων.
1004 2365 1067 2419 Oi
1104 2365 1394 2435 ὑποκριταὶ⁹
1437 2367 1552 2427 τοῖς
1597 2381 1793 2435 πειρα-

216 2460 338 2520 ταῖς
368 2457 791 2528 παρεικασμένοι
814 2456 1157 2509 νοείσθωσαν·
1190 2455 1327 2527 πλὴν
1357 2455 1584 2527 ἰσχυράν
1611 2455 1793 2524 ῖλιγγα

217 2548 314 2600 καὶ
343 2547 670 2619 ταρταρείαν
697 2547 741 2578 ³⁸
768 2547 1039 2619 Χάρυϐδιν
1077 2547 1172 2600 καὶ
1206 2547 1362 2617 φόνια
1393 2549 1795 2620 προσρήγματα

217 2640 310 2691 καὶ
327 2637 652 2702 θανατώδεις
678 2638 947 2703 διαλύσεις
971 2639 1136 2710 μόνας
1159 2639 1204 2670 ³³
1223 2638 1322 2704 τὰς
1351 2639 1626 2711 ἁμαρτίας
1653 2634 1792 2695 εἶναι

215 2732 481 2804 νομίζετε.
515 2733 633 2785 Ἰνα
671 2728 764 2786 οὖν
790 2730 950 2804 οὐρίᾳ
997 2731 1041 2762 ⁸⁸
1072 2730 1323 2794 πλέοντες
1351 2732 1431 2794 εἰς
1475 2730 1568 2784 τὸν
1597 2729 1792 2801 λιμένα

215 2825 314 2896 τῆς
359 2823 717 2894 ἐλπιζομένης
768 2824 978 2887 πόλεως
1038 2822 1438 2895 ἀκινδυνότερον
1495 2823 1788 2896 ὲνεχθῆτεξ,

217 2917 465 2988 ὲπηκόως
495 2916 738 2988 εὔχεσθε·
775 2917 933 2988 εὐχαὶ⁹
961 2915 1018 2970 δὲ
1046 2917 1270 2988 ἐπήκοοι
1303 2916 1538 2986 γίνονται
1567 2919 1688 2980 ταῖς
1708 2917 1790 2970 εὐ-

215 3008 495 3081 πραγίαις.

1895 1897 1996 1952 bus
2044 1895 2392 1952 seductorum
2442 1909 2506 1948 ac
2553 1891 3176 1962 pscudopropbetarum,
3225 1897 3282 1942 at
3332 1901 3464 1957 pro-

1893 1986 2169 2041 montoria
2221 1993 2271 2039 et
2327 1986 2449 2039 loca
2500 1982 2826 2053 confragosa
2871 1981 3152 2052 iudicibus
3198 1980 3465 2052 dignitate

1892 2079 2259 2135 eminentibus
2288 2085 2344 2132 et
2370 2075 2610 2131 crudelia
2637 2074 2995 2140 minantibus,
3024 2073 3144 2128 loca
3177 2081 3356 2128 autem
3377 2073 3480 2126 bi-

1895 2170 2065 2225 maria
2095 2178 2151 2224 et
2180 2168 2292 2222 fera
2326 2169 2392 2223 iis
2433 2168 2749 2222 hominibus
2777 2167 2873 2237 qui
2915 2167 3127 2222 ratione
3170 2173 3358 2222 carent
3398 2181 3465 2221 ac

1893 2258 1960 2314 de
1992 2257 2450 2326 promissionibus
2485 2257 2726 2311 veritatis
2749 2257 3003 2310 dubitant
3023 2256 3358 2326 ;-bypocritze
3379 2255 3464 2323 pi‘

1893 2349 2029 2404 ratis
2067 2348 2274 2403 similes
2304 2348 2612 2402 habeantur
2649 2364 2663 2401 :
2697 2347 2796 2402 sed
2826 2357 2880 2401 et
2908 2347 3147 2401 validum
3199 2345 3460 2400 vorticem

1892 2449 1948 2495 et
1971 2449 2258 2494 tartaream
2291 2438 2603 2511 Charybdin
2631 2448 2685 2493 et
2706 2447 2934 2494 cruenta
2957 2437 3222 2507 fragmina
3239 2445 3294 2492 et
3321 2452 3462 2490 mor-

1896 2529 2084 2586 tiferas
2114 2530 2500 2586 subversiones
2529 2530 2645 2584 sola
2689 2544 2810 2586 esse
2854 2538 3082 2599 peccata
3122 2529 3454 2585 existimate.

1892 2621 2010 2688 Quo
2039 2621 2202 2692 igitur
2239 2631 2400 2686 vento
2429 2621 2670 2676 secundo
2701 2620 3026 2692 navigantes
3056 2621 3111 2675 in
3139 2620 3291 2676 urbis
3337 2633 3461 2688 spe-

1890 2723 2022 2769 rata:
2073 2725 2288 2784 portum
2341 2715 2549 2784 absque
2599 2713 2751 2785 gravi
2802 2713 3046 2784 periculo
3100 2711 3455 2776 deferamini,

1891 2814 2042 2862 orate
2069 2806 2322 2876 precibus
2351 2821 2472 2875 quae
2493 2806 2741 2861 exaudiri
2767 2805 2944 2875 digna:
2974 2805 3085 2860 sint
3111 2823 3125 2859 :
3153 2818 3344 2876 preces
3357 2819 3455 2859 aue

1890 2907 1998 2955 tem
2021 2899 2156 2955 tales
2185 2898 2323 2954 ﬁunt
2346 2899 2507 2954 bonis
2538 2899 2817 2968 operibus.

282 3098 403 3155 XV.
437 3099 884 3154 Εὐσταθεὶτωσαν
915 3100 959 3131 ³⁵
987 3096 1078 3153 οὖν
1111 3099 1161 3152 οἱ
1192 3098 1446 3153 ἐπιϐάται
1479 3099 1679 3172 ἑδραῖοι
1695 3099 1788 3153 ἐπὶ

1961 3097 2080 3154 XV.
2108 3099 2300 3170 itaque
2331 3101 2383 3156 in
2413 3100 2596 3170 quiete
2632 3099 2778 3155 ﬁrmi
2809 3110 3065 3157 maneant
3094 3101 3352 3174 epibatae,
3396 3103 3471 3158 in'

216 3192 319 3245 τῶν
353 3192 498 3246 ἰδίων
522 3191 871 3263 καθεζόμενοι
899 3193 1099 3255 τόπων,
1130 3193 1216 3245 ἵνα
1252 3193 1325 3264 μὴ
1357 3195 1422 3263 τῇ
1457 3191 1650 3264 ἀταξίᾳ
1677 3209 1788 3245 σει-

219 3284 350 3355 σμὸν
381 3285 416 3357 ἢ
448 3285 812 3356 ὲτεροκλινίαν
838 3285 1167 3356 παρέχωσιν.
1195 3285 1258 3337 Οἱ
1288 3283 1634 3352 ναυστολὸγοι
1661 3285 1787 3348 τοὺς

222 3376 442 3446 μισθοὺς
471 3376 1051 3448 ὑπομιμνησκέτωσαν.
1086 3376 1150 3428 0i.
1177 3375 1410 3430 διάκονοι
1452 3375 1614 3446 μηδὲν
1645 3375 1784 3446 ἀμε-

219 3467 475 3525 λείτωσαν
517 3468 564 3501 ³⁸
605 3470 708 3538 21
753 3462 828 3522 ὧν
867 3467 1286 3538 ἐπιστεύθησαν,
1325 3469 1374 3521 οἱ
1423 3468 1785 3540 πρεσϐύτεροι

1891 3192 2135 3262 propriis
2165 3192 2304 3248 locis
2334 3193 2588 3248 sedentes
2607 3233 2622 3261 ,
2664 3208 2734 3248 ne
2759 3193 3078 3263 perturbato
3095 3193 3298 3249 'ordine
3324 3209 3473 3250 con--

1891 3299 2114 3340 cussum
2147 3294 2202 3342 et
2225 3285 2293 3339 ad
2320 3284 2550 3339 alterum
2586 3284 2728 3340 latus
2757 3283 3165 3338 inclinationem
3190 3286 3452 3340 excitent.

1889 3373 2207 3447 Naustologi
2239 3374 2306 3430 de
2331 3375 2580 3430 mercede
2609 3383 3015 3429 commoneant.
3048 3374 3274 3430 Diaconi
3317 3377 3456 3430 nihil

1890 3483 2082 3525 eorum
2113 3483 2235 3540 qua:
2261 3467 2394 3539 ipsis
2420 3467 2624 3523 credita
2665 3475 2793 3521 sunt
2819 3467 3114 3539 negligant.
3147 3467 3453 3541 Presbyteri

1399 3581 1966 3642 INTERPRETATIO
2002 3582 2275 3642 BUFINL

287 3675 433 3764 XIV.
471 3674 685 3758 Similis
696 3691 946 3764 namque
973 3685 1058 3732 est
1084 3677 1266 3764 omnis
1289 3677 1548 3764 Ecclesiae
1592 3685 1770 3764 status
1795 3678 1920 3760 navi
1967 3694 2210 3764 magnae,
2242 3693 2366 3748 quae
2396 3693 2489 3748 per
2529 3675 2802 3759 undosum
2836 3677 3078 3764 ‘pelagus
3099 3718 3113 3742 ,
3143 3676 3376 3764 diversis
3423 3692 3454 3730 e

220 3746 364 3821 locis
385 3756 441 3802 et
479 3745 975 3821 regionibusviros
1004 3756 1206 3821 po_rtat,
1237 3750 1304 3803 ad
1331 3763 1494 3821 unam
1524 3748 1760 3818 potentis
1786 3749 1934 3821 regis
1960 3745 2151 3821 urbEm
2182 3745 2475 3821 properare
2504 3747 2807 3821 cupientes.
2836 3745 3074 3821 Sitergo
3105 3748 3258 3821 navis
3285 3745 3449 3815 hujus

224 3817 478 3888 dominus
522 3815 655 3888 ipse
675 3818 1024 3888 omnipotens
1056 3815 1220 3881 Deus,
1250 3815 1594 3888 gubernator
1624 3831 1751 3871 vero
1778 3815 1874 3874 sit'
1895 3818 2149 3874 Christus
2166 3815 2329 3885 {tum
2362 3818 2556 3888 deinde
2576 3815 2832 3888 iproretze
2886 3817 3121 3872 ollicium
3159 3815 3450 3888 episcopus

223 3886 478 3958 impleat;
517 3885 842 3958 presbyteri
865 3895 1177 3950 nautarum,
1207 3885 1422 3958 diaconi
1452 3888 1891 3958 dispensatorum
1921 3889 2347 3958 teneantlocum
2373 3905 2387 3941 :
2417 3887 2470 3940 hi
2495 3887 2590 3958 qui
2608 3885 2955 3942 catechizaut
2990 3885 3296 3958 nautologis
3320 3901 3454 3958 con-

214 3956 466 4027 ferantur
495 3955 782 4026 {epibatis
822 3966 1002 4010 autem
1025 3997 1039 4022 ,
1081 3958 1250 4011 totius
1287 3955 1646 4012 fraternitatis
1679 3958 1973 4014 multitudo
2016 3959 2089 4013 sit
2123 3957 2360 4012 similis:
2414 3955 2591 4026 ipsum
2631 3973 2853 4027 quoque
2889 3971 3037 4010 mare
3087 3955 3445 4027 bicgmundus

213 4026 526 4091 'babeatur;
557 4025 842 4080 ventorum
874 4041 1003 4080 vero
1036 4027 1322 4082 varietates
1351 4037 1406 4081 et
1449 4028 1728 4081 turbinum
1753 4069 1769 4093 ,
1807 4027 2039 4083 diversis
2081 4025 2470 4083 tentalionibu’s
2511 4025 2897 4092 conferantur;
2937 4025 3340 4094 persecutiones
3387 4042 3450 4080 ac

225 4096 603 4168 tribulationes
643 4107 695 4149 et
726 4096 988 4168 pericula,
1026 4095 1280 4168 fluctibus
1309 4108 1696 4166 exequentur;
1732 4099 1930 4153 terreni
1963 4113 2092 4152 vero
2122 4098 2380 4168 spiritus,
2400 4097 2494 4166 qui
2520 4097 2698 4168 velde
2722 4097 3078 4168 torrentibus,
3110 4097 3194 4149 vel
3223 4097 3289 4150 de
3313 4111 3446 4168 con-

222 4166 462 4224 vallibus
486 4165 1380 4240 spirant,pseudoprophetarum
1410 4165 1463 4220 et
1511 4170 1858 4240 seductorum
1889 4183 1986 4240 seu
2021 4165 2201 4240 pravae
2224 4165 2482 4240 doctrina:
2513 4167 2706 4240 verba
2729 4167 3036 4240 ducantur;
3072 4167 3446 4234 promontoria

224 4251 354 4308 vero
392 4245 449 4290 et
483 4239 600 4290 loca
637 4237 986 4308 confragosa,
1027 4236 1081 4308 Iri
1131 4238 1324 4308 quiiin
1359 4237 1723 4308 potestatibus;
1754 4239 1939 4293 saeculi
1975 4236 2106 4293 sunt
2145 4238 2387 4308 judices,
2421 4247 2474 4308 et
2501 4236 2743 4308 pericula
2775 4236 3056 4308 minantur
3105 4245 3449 4308 aeniortes;

227 4305 527 4360 bithalassa
565 4321 694 4359 vero
717 4305 859 4372 loca,
887 4321 1010 4375 quae
1031 4305 1340 4374 duplicibus
1362 4305 1529 4361 unda:
1551 4306 1760 4362 fallacis
1788 4309 2013 4364 azstibus
2035 4305 2414 4372 verberantur,
2445 4305 2628 4361 dubiis
2653 4315 2834 4360 mente
2859 4316 2912 4360 et
2937 4307 3003 4360 de
3025 4306 3448 4375 promissionum

227 4376 456 4430 veritate
480 4377 805 4430 nutantibus
833 4374 1210 4442 conferantur,
1242 4387 1403 4446 atque
1433 4377 1640 4446 bisqui
1669 4378 2037 4433 irrationabili
2068 4378 2227 4434 (idem
2259 4388 2506 4433 nostram
2535 4376 2749 4446 ratione
2778 4374 3077 4430 discutiunt
3103 4394 3116 4428 :
3146 4375 3441 4446 hypocrita:

223 4460 355 4520 vero
378 4457 432 4500 et
462 4447 660 4520 dolosi,
702 4448 890 4520 piratis
921 4446 1128 4520 similes
1155 4444 1476 4520 habeantur.
1512 4444 1792 4520 danrvero
1824 4449 2050 4520 rapidus
2082 4457 2271 4504 vortex
2312 4457 2366 4502 et
2405 4455 2645 4502 tartarea
2677 4444 3002 4520 Charybdis,
3024 4455 3088 4520 _et_
3121 4444 3269 4498 saris
3301 4445 3441 4520 illisa

224 4515 534 4588 naufragia,
569 4532 633 4571 ac
668 4515 964 4569 mortiferae
998 4515 1402 4588 subversiones,
1433 4516 1562 4588 quid
1591 4518 1734 4571 aliud
1758 4515 2079 4573 aestimanda
2109 4527 2258 4585 sunt,
2290 4533 2454 4588 quam
2505 4516 2764 4587 peccata?
2793 4515 2982 4588 Restat
3022 4516 3184 4583 igitur
3234 4523 3292 4588 ut
3331 4515 3445 4567 haec

225 4587 376 4641 navis
417 4585 583 4641 cursu
620 4602 902 4655 prospero,
940 4595 1052 4639 tuta
1086 4587 1260 4654 possit
1287 4596 1503 4656 portum
1535 4587 1852 4642 desiderata:
1877 4590 2026 4644 urbis
2056 4591 2260 4644 intrare
2286 4585 2392 4641 :‘ita
2423 4585 2534 4641 Deo
2565 4601 2782 4656 precem
2818 4586 3046 4640 fundere
3066 4585 3321 4656 convenit
3346 4599 3446 4656 na-

223 4656 467 4726 vigantes
495 4664 554 4710 ut
580 4653 891 4728 mereantur
927 4653 1106 4728 audiri
1137 4674 1160 4728 :_
1195 4653 1369 4710 audiri
1402 4666 1584 4711 autem
1613 4674 1644 4712 a
1687 4657 1798 4713 Deo
1825 4659 1900 4713 ita
1943 4659 2163 4714 demum
2194 4658 2492 4714 merebitur
2519 4653 2668 4728 quis,
2709 4656 2754 4712 si
2789 4657 3070 4711 orationes
3117 4657 3248 4725 ipsa:
3290 4653 3448 4708 bonis

225 4727 469 4795 moribus
525 4736 579 4780 et
606 4726 764 4780 bonis
791 4726 1046 4795 operibus
1076 4726 1420 4794 adjuventur.

294 4793 406 4868 X_V.
450 4797 557 4851 Sed
585 4805 711 4868 ante
733 4793 940 4868 omnia,
965 4811 1088 4849 cum
1126 4793 1308 4868 quiete
1335 4805 1388 4868 et
1409 4798 1628 4853 silentio
1675 4797 1922 4868 epibataz,
1954 4798 2006 4853 id
2035 4806 2120 4854 est
2166 4798 2314 4865 laici,
2345 4798 2400 4852 in
2428 4796 2542 4852 suis
2569 4795 2948 4868 unusquisque
2969 4794 3244 4868 resideant
3272 4793 3442 4868 locis;

226 4878 292 4917 ne
315 4865 454 4920 forte
486 4882 586 4939 per,
615 4866 1047 4939 inquietudinem
1073 4874 1126 4919 et
1150 4867 1457 4939 inconditos
1490 4864 1818 4938 inutilesque
1847 4870 2131 4939 discursus
2151 4911 2165 4934 ,
2207 4870 2251 4923 si
2280 4864 2483 4939 passim
2514 4867 2699 4936 vagari
2733 4864 3030 4939 creperint,
3054 4865 3134 4919 vel
3159 4865 3234 4939 _a_b
3269 4864 3443 4939 cilicio

227 4949 325 5009 suo
349 4933 892 5009 nautasimpediant,
926 4936 1005 4989 vel
1036 4936 1090 4989 in
1122 4936 1528 5009 alterumlatus
1556 4955 1650 5008 per
1681 4933 2111 5009 inquietudinem
2140 4933 2331 4994 eorum
2360 4939 2516 5009 navis
2537 4933 2733 5009 pressa
2761 4933 3128 5009 demergatur.
3155 4933 3439 5009 Nautologi

226 5001 291 5056 de
324 5001 1103 5079 mercedibus;commoneant
1130 5025 1142 5059 :
1173 5014 1226 5059 et
1257 5006 1390 5059 nihil
1421 5001 1642 5063 omnino
1686 5001 1830 5077 quod
1859 5011 1939 5079 ;ad
1971 5009 2306 5079 diligentiam
2329 5049 2344 5075 ,
2389 5007 2476 5061 vel
2518 5001 2858 5079 disciplinam
2903 5001 3164 5079 pertinet,
3229 5001 3445 5079 diaconi

227 5075 522 5144 negligant.
555 5075 860 5148 Presbyteri
892 5076 1039 5129 velut
1071 5084 1248 5148 nauta
1269 5117 1284 5141 ,
1317 5087 1501 5145 aptent
1537 5074 1750 5148 singula
1775 5074 2292 5134 ad'instructionem
2321 5074 2476 5132 navis
2511 5074 2824 5148 diligenter,
2855 5074 2916 5129 et
2937 5078 3210 5148 instruant
3233 5090 3356 5146 qua:
3389 5074 3460 5126 in.

227 5157 324 5221 suo
357 5157 601 5221 tempore
629 5145 952 5221 requirenda
983 5156 1129 5221 sunt.
1163 5145 1465 5221 Episcopus
1493 5145 1749 5221 tanquam
1779 5159 1997 5220 proreta
2025 5149 2311 5221 vigilanter
2337 5157 2391 5221 et
2416 5147 2646 5221 sollicite
2672 5146 3048 5221 gubernatoris
3072 5148 3233 5221 verba
3257 5145 3446 5200 custo-

230 5211 595 5290 diatChristi.
631 5211 880 5290 Salvator
906 5211 1556 5290 Dominus,gubernator
1584 5211 2006 5290 Ecclesimisuaz,
2038 5211 2295 5290 diligatur
2325 5219 2393 5272 ab
2428 5211 2715 5290 omnibus,
2753 5217 3028 5290 et__ipsius
3081 5219 3252 5271 solius
3305 5231 3444 5283 prae--

225 5288 394 5354 ceptis
433 5301 498 5341 ac
527 5287 701 5356 jussis
739 5288 924 5341 credat
955 5297 1009 5341 et
1047 5289 1263 5341 obediat
1290 5287 1469 5341 oriinis
1519 5287 1761 5342 Ecclesia
1793 5307 1807 5342 :
1841 5289 1952 5344 Deo
1998 5286 2217 5360 quoque
2264 5289 2636 5344 indesinenter
2681 5286 3016 5356 supplicetur
3058 5303 3089 5341 a
3132 5291 3344 5341 cunctis
3378 5292 3446 5337 de

1541 5378 1769 5434 VARIA‘I
1804 5377 2200 5437 LECTIONES.

293 5465 344 5542 '1
370 5468 558 5542 εἰρήνη
591 5468 654 5522 0.
732 5468 777 5542 f‘
873 5469 928 5522 in
959 5485 1127 5542 marg.
1170 5485 1316 5542 man.
1358 5487 1466 5542 rec.
1507 5471 1565 5542 ἐν
1595 5470 1674 5540 τῷ
1719 5470 1762 5541 β’
1797 5473 1903 5525 τῶν
1933 5473 2268 5539 Διατάξεων,
2318 5474 2376 5526 ὲν
2413 5490 2535 5541 κεφ.
2595 5470 2688 5536 νζ’.
2765 5471 2812 5502 ³⁸
2853 5468 3184 5542 σφοδρῶς-0.
3233 5471 3306 5542 7“
3325 5473 3458 5527 τινά

223 5529 288 5590 C.
312 5529 498 5612 Postea
528 5529 788 5612 ἔστωμὲν
818 5541 946 5612 ἡμῖν
965 5539 1027 5612 0.
1078 5529 1148 5573 V"
1177 5539 1508 5612 κυϐερνύτης
1527 5539 1592 5596 0.
1645 5529 2138 5612 "§'r:sptcr:aypoi';
2163 5544 2227 5598 0.
2255 5529 2266 5538 ’
2331 5545 2376 5574 ²⁹
2402 5545 2458 5596 αί
2491 5529 2718 5612 adjunxi
2756 5558 2818 5596 ex
2850 5529 2914 5595 0:
2988 5529 3173 5612 ί³⁰Ἰιθ
3210 5541 3254 5597 Ο
3289 5553 3343 5596 et
3378 5561 3447 5598 ex

224 5607 629 5698 Ettjecturanc,
665 5607 964 5698 dinoytdti‘d.
988 5611 1244 5698 mica-tu:
1250 5681 1264 5696 .
1279 5607 1416 5664 Tum
1462 5607 1580 5698 ταῖς
1613 5607 1845 5698 ὁμιλίαις
1866 5612 1909 5666 0
1937 5607 2001 5667 οξ
2022 5607 2087 5679 ’8,
2115 5615 2170 5698 αξ
2195 5607 2576 5698 -όμιλίαιβξ
2597 5611 2704 5665 τῶν
2719 5621 2858 5692 ante
2885 5611 3336 5698 ψευδορροηξοητῶν
3357 5629 3452 5668 ac.

225 5678 384 5754 cessit
413 5695 494 5754 ex
666 5677 938 5754 “ﬁthvO.
1047 5681 1288 5754 "uitans,
1334 5683 1607 5754 ταρταρέα
1646 5677 1735 5754 C,
1763 5677 2103 5754 ταρταραιαν
2128 5683 2192 5737 0.
2291 5677 2340 5754 Ψ
2364 5682 2786 5754 conjectaverim
2823 5677 2972 5754 νεώς.
3022 5677 3266 5754 δῘ-Τυίη
3324 5698 3448 5754 post

227 5742 491 5819 ἁμαρτίας
522 5747 566 5805 Ο
597 5751 792 5821 ρτεεὺει
817 5749 1016 5813 αἰτίας.
1093 5749 1140 5782 ⁸⁸
1158 5742 1312 5823 οὔρια
1335 5742 1417 5805 0.’
1473 5742 1522 5782 ³⁸
1541 5742 1961 5824 Εὐσταθήτὼσαῦ
1993 5755 2050 5809 C.
2086 5753 2276 5810 Postea
2297 5742 2511 5806 οἰκείων
2531 5768 2628 5824 pro
2656 5752 2795 5808 Ξδξων
2817 5751 2879 5807 Ο.
2935 5742 2990 5784 ’³⁸⁵
3009 5752 3241 5824 ἀμίλήτίι
3263 5742 3358 5806 σαν
3377 5742 3454 5806 (ἶᾴ
