3986 6164
409 306 481 369 59
1287 303 1344 358 S.
1385 301 1771 358 CLEMENTIS
1813 301 1832 356 I
1871 302 1996 358 ROL

2102 299 2272 356 ’ONT.
2309 297 2534 353 OPERA
2573 297 2801 354 DUBM.
3575 287 3642 341 60

411 438 596 484 εεηιιο
638 422 706 479 de
735 420 1099 484 mortalitate,
1148 417 1323 472 tristis
1363 432 1512 472 eram
1546 433 1559 468 :
1589 417 1762 488 magis
1793 427 1972 472 autem

2102 416 2257 468 ηνὸουν
2317 415 2397 468 ὅτι
2455 413 2512 467 αἰ
2583 411 2730 475 δόξαι
2783 409 2890 464 τῶν
2955 404 3262 464 ὓποθεθςεων
3317 409 3468 482 παρά
3521 407 3646 473 τοὺς

412 531 608 573 rursus
637 515 884 570 animum
915 510 1326 582 despondebam
1349 551 1366 576 ,
1398 510 1542 580 quod
1572 518 1825 565 neutrum
1853 524 1982 579 pos-

413 625 528 666 sem
553 607 719 663 menti
743 621 878 661 mea:
900 604 1120 673 infigere
1147 622 1158 656 :
1183 619 1372 657 verum
1399 602 1716 671 reputabam
1741 617 1975 666 meeum,

413 699 716 757 sententias
769 695 1267 752 controversiarum
1295 710 1391 764 pro
1422 695 1630 749 viribus
1671 709 1973 764 prepugna-

413 799 594 846 torum
618 803 777 844 veras
805 795 901 840 aut
938 785 1102 840 falsas
1127 785 1464 848 existimari,
1501 799 1608 838 non
1633 793 1813 839 autem
1845 785 1981 838 tales

413 881 809 951 videri,quales
826 894 1012 932 revera
1032 885 1177 931 sunt.
1200 875 1317 930 Jam
1351 876 1514 946 igitur
1546 876 1981 929 animadvertens

418 973 955 1043 comprehensionem
985 985 1091 1022 non
1118 969 1245 1023 oriri
1281 984 1346 1022 ex
1371 969 1534 1022 rebus
1559 967 1624 1022 ad
1667 967 1978 1035 agitandum

415 1063 730 1134 propositis,
785 1062 878 1116 sed
933 1076 1030 1129 pro
1094 1060 1316 1127 ingenio
1366 1059 1760 1124 disputantium
1817 1058 1980 1111 statui

415 1156 691 1225 dogmata,
729 1154 910 1207 adhuc
961 1152 1133 1219 magis
1183 1152 1333 1205 hisce
1387 1149 1454 1203 de
1487 1149 1648 1204 rebus
1695 1148 1984 1218 perplexus

417 1246 731 1301 haerebam:
771 1260 942 1313 quare
990 1259 1054 1298 ex
1114 1243 1311 1296 anima:
1360 1242 1635 1313 profundo
1670 1243 1980 1314 gemebam;

418 1354 596 1407 neque
631 1338 774 1392 enim
830 1346 1071 1406 poteram
1119 1335 1259 1389 lirmi
1306 1336 1510 1406 aliquid
1543 1337 1855 1401 decernere,
1892 1352 1986 1390 ne-

419 1442 525 1497 que
549 1427 616 1482 de
654 1425 774 1480 istis
798 1425 1221 1481 sollicitudinem
1248 1423 1494 1478 valebam
1523 1422 1792 1491 depellere
1811 1463 1825 1486 ,
1850 1422 1984 1487 etsi,

418 1517 878 1588 quemadmodum
903 1515 1013 1569 dixi
1035 1522 1213 1575 antea,
1237 1512 1291 1565 id
1317 1512 1504 1566 vellem
1527 1529 1542 1578 ;
1563 1513 1844 1581 quoniam,
1862 1526 1986 1566 cum

418 1609 553 1664 mihi
605 1607 922 1678 frequenter
974 1604 1211 1674 quietem
1249 1602 1578 1670 imperarem
1601 1643 1620 1668 ,
1659 1601 1848 1656 nescio
1874 1615 1985 1671 quo

418 1702 583 1756 modo
632 1701 862 1754 latenter
909 1698 1103 1750 horum
1155 1709 1281 1749 cum
1339 1696 1617 1766 voluptate
1651 1693 1866 1749 subibat
1903 1709 1989 1746 me

420 1793 702 1862 cogitatio.

493 1904 584 1961 IV.
609 1904 676 1959 Et
702 1907 894 1960 iterum
926 1907 1184 1963 haesitans
1205 1906 1450 1962 dicebam
1482 1903 1626 1974 apud
1675 1917 1764 1956 me
1793 1915 1807 1954 :
1849 1898 1993 1966 Quid

427 1997 663 2051 inaniter
699 1999 889 2052 laboro
916 2041 930 2065 ,
970 2016 1094 2054 eum
1153 1997 1444 2054 manifesta
1491 1997 1564 2052 sit
1584 1997 1711 2051 res?
1740 1993 1895 2060 Quod
1946 1991 1993 2049 si

425 2093 643 2162 quidem
671 2102 795 2164 post
819 2103 1047 2148 mortem
1090 2109 1195 2146 non
1224 2109 1340 2158 ero,
1375 2107 1519 2146 nunc
1547 2133 1562 2158 ,
1594 2089 1815 2159 quando
1848 2103 1991 2153 sum,

425 2186 741 2240 contristari
779 2202 864 2240 me
896 2202 1003 2240 non
1037 2193 1272 2254 oportet.
1316 2183 1580 2250 Quocirca
1625 2183 1900 2238 tristitiam
1927 2185 1994 2234 ad

427 2279 577 2333 illum
601 2281 742 2334 diem
771 2279 1079 2344 reservabo,
1106 2278 1310 2346 inquo,
1335 2292 1458 2330 cum
1490 2275 1706 2329 futurus
1727 2291 1834 2327 non
1866 2274 1994 2338 sim,

426 2389 533 2428 non
567 2372 951 2427 contristabor.
1017 2369 1075 2423 Si
1123 2379 1303 2423 autem
1337 2383 1432 2422 ero
1459 2407 1475 2433 ,
1517 2383 1616 2421 cur
1663 2382 1809 2420 nunc
1858 2365 1996 2419 mihi

427 2464 704 2536 superﬂuo
737 2465 878 2519 inest
905 2462 1161 2517 tristitia?
1202 2459 1515 2528 Statimque
1546 2467 1733 2528 postea
1774 2457 1880 2511 alia
1912 2472 1997 2511 me

429 2557 598 2610 subiit
621 2556 904 2624 cogitatio.
935 2555 1190 2610 Dicebam
1213 2552 1417 2621 quippe
1441 2567 1455 2602 :
1487 2549 1682 2602 Annon
1710 2548 1820 2603 illic
1843 2549 1999 2617 pejus

429 2649 709 2718 quidpiam
741 2663 808 2702 eo
831 2647 975 2715 quod
1010 2661 1097 2699 me
1133 2659 1279 2699 nunc
1299 2642 1531 2706 cruciat,
1561 2655 1824 2709 passurus
1852 2655 1996 2705 sum,

431 2744 476 2798 si
508 2743 594 2813 pie
653 2757 762 2796 non
795 2741 1004 2806 vixero,
1037 2755 1102 2794 ac
1138 2737 1438 2794 secundum
1473 2734 1836 2806 quorumdam
1871 2733 1999 2802 plli-

433 2833 784 2902 losophorum
810 2846 1091 2887 sermones
1149 2827 1651 2902 Pyriphlegethonti
1703 2824 1999 2880 tradendus

433 2943 554 2980 sum
578 2934 631 2979 et
649 2925 897 2990 Tartaro,
917 2923 1375 2995 quemadmodum
1405 2921 1672 2992 Sisyphus
1694 2920 1777 2974 vel
1808 2917 1998 2989 Tityus

433 3019 518 3071 Vel
549 3015 700 3071 Ixion
726 3017 809 3072 vel
860 3015 1146 3082 Tantalus,
1180 3027 1344 3086 atque
1377 3014 1430 3068 in
1491 3013 1703 3068 inferno
1735 3023 1997 3066 aeternum

2078 506 2422 568 ἐκδικοῦντας
2478 502 2692 574 ψευδεῖς
2766 502 2799 573 ἢ
2859 501 3076 572 ἀληθεῖς
3137 501 3605 571 ύπολαμϐάνονται
3627 540 3645 566 ,

2079 599 2173 652 καὶ
2204 599 2301 669 ούχ
2333 598 2408 660 ὡς
2439 596 2651 667 ἔχουσιν
2681 594 2937 666 ἀληθείας
2972 593 3268 663 φαίνονται.
3319 593 3647 664 Ἑπιστήσας

2080 689 2171 746 οὖν
2202 692 2299 763 ήδη
2329 690 2458 744 ποτέ
2489 692 2569 743 ὅτι
2600 689 2662 742 ού
2692 687 2842 759 παρά
2868 686 2966 750 τὰς
2997 686 3380 756 ἐκδικουμένας
3407 685 3512 755 27
3527 687 3650 739 ὐπο-

2082 784 2258 848 θέσεις
2282 786 2315 854 ή
2349 781 2651 853 κατάληψις
2702 780 2909 850 γίνεται
2933 819 2948 843 ,
2979 778 3114 832 ἀλλά
3161 778 3310 848 παρά
3352 779 3479 840 τοὺς
3505 776 3648 831 ὲκδι-

2083 877 2309 940 κοῦντας
2337 879 2391 930 αἰ
2419 875 2562 942 δόξαι
2589 874 2953 946 ἀποφέρονται
2981 874 3046 935 ⁷⁷,
3071 871 3148 925 ἐτι
3182 871 3377 942 μᾶλλον
3409 869 3650 938 ἰλιγγιῶν

2083 972 2138 1023 ἐν
2199 973 2311 1033 τοῖς
2363 969 2702 1042 πράγμασιν.
2749 965 2838 1018 Διὸ
2877 967 2941 1018 ἐκ
2986 963 3080 1017 τοῦ
3114 965 3212 1034 τῆς
3241 963 3418 1035 ψυχῆς
3458 963 3652 1034 βάθους

2084 1062 2384 1126 ἐστέναζονο
2433 1059 2555 1113 οὔτε
2604 1059 2715 1129 γάρ
2761 1075 2814 1109 τι
2862 1055 3154 1127 βεϐαιῶσαι
3189 1051 3300 1119 οἷός
3331 1058 3376 1108 τ’
3406 1056 3452 1088 ⁷⁸
3481 1056 3648 1127 ήμην,

2083 1151 2205 1206 οὔτε
2234 1153 2332 1223 τὴν
2363 1151 2471 1205 τῶν
2509 1150 2762 1203 τοιούτοιν
2802 1149 3056 1220 φροντίδα
3103 1148 3492 1202 ἀποσείσασθαι
3531 1147 3651 1200 ἐδυ-

2084 1244 2262 1315 νάμην
2282 1284 2295 1306 ,
2320 1243 2520 1314 καίπερ
2553 1242 2900 1312 βουλόμενος,
2938 1240 3014 1304 ὡς
3036 1241 3081 1272 ⁷⁸
3099 1239 3311 1309 φθάσας
3343 1236 3514 1292 εἷπον·
3571 1239 3652 1290 ὃτι

2087 1335 2305 1406 ἐμαυτῷ
2359 1335 2684 1406 πυκνότερον
2738 1333 3030 1404 ἡσυχάζειν
3085 1333 3496 1395 ἐπιτάσσοντος,
3554 1329 3655 1383 οὐκ

2085 1424 2179 1481 οἷδ’
2212 1429 2358 1492 ὅπως
2389 1429 2434 1460 ⁸⁰
2463 1426 2828 1489 λανθανόντως
2852 1423 2968 1496 μεθ’
2985 1424 3177 1495 ἡδονῆς
3209 1424 3238 1477 ὁ
3267 1422 3375 1478 τῶν
3405 1421 3656 1477 τοιούτων

2092 1537 2158 1591 με
2193 1520 2473 1590 εἰσήρχετο
2503 1519 2780 1590 λογισμός.

2162 1887 2251 1944 IV.
2283 1889 2394 1943 Καὶ
2427 1888 2585 1943 πάλιν
2608 1888 2978 1960 ἀπορούμενος
2996 1887 3178 1957 ἔλεγον
3199 1886 3442 1959 ἐμαυτῷ·
3466 1886 3531 1940 Τί
3555 1905 3660 1958 μα-

2091 1981 2383 2046 ταιοπονῶ,
2427 1981 2629 2052 σαφοῦς
2668 1981 2818 2044 ὄντος
2847 1980 2940 2034 τοῦ
2972 1980 3332 2052 πράγματος;
3371 1981 3451 2034 ὄτι
3485 1979 3532 2033 εἰ
3565 1980 3663 2051 μὲν

2094 2073 2269 2129 θανὼν
2287 2074 2386 2128 οῦκ
2403 2075 2537 2144 εἰμι,
2551 2073 2646 2128 νῦν
2666 2073 2793 2126 ὄντα
2817 2089 2882 2142 με
2901 2071 3186 2125 λυπεῖσθαι
3217 2073 3277 2124 ού
3300 2071 3570 2143 προσῆκεν
3591 2070 3659 2123 ⁸⁸.

2097 2168 2188 2221 Διὸ
2221 2168 2443 2239 τηρήσω
2472 2165 2532 2218 τὸ
2580 2165 2866 2218 λυπεῖσθαι
2909 2165 2990 2226 εἰς
3021 2163 3118 2234 τὴν
3145 2161 3265 2214 τότε
3289 2202 3303 2226 ,
3339 2161 3426 2214 ὅτε
3461 2162 3558 2214 οὐκ
3590 2162 3666 2214 ὢν

2097 2260 2158 2312 ού
2192 2257 2594 2329 λυπηθήσομαι.
2629 2257 2693 2309 El
2721 2257 2764 2308 δ’
2790 2257 2897 2327 ἄρα
2927 2255 3061 2326 εἰμί,
3094 2253 3146 2306 τί
3169 2253 3262 2307 νῦν
3296 2253 3360 2305 ἐκ
3405 2249 3665 2318 περισσοῦ

2102 2368 2188 2421 μοι
2220 2349 2477 2422 πρόσεστι
2508 2349 2568 2400 τὸ
2594 2346 2918 2411 λυπεῖσθαι;
2953 2346 3062 2398 Καὶ
3095 2344 3295 2408 εὐθέως
3345 2343 3479 2414 μετὰ
3509 2342 3669 2396 τοῦτο

2097 2441 2281 2513 ἕτερός
2315 2459 2381 2512 με
2409 2439 2577 2511 εἰσῄει
2609 2438 2884 2510 λογισμός.
2925 2436 3151 2505 Ἔλεγον
3171 2436 3297 2507 γάρ·
3334 2436 3420 2507 Μή
3453 2435 3504 2488 τί
3536 2435 3580 2465 ⁸²
3602 2451 3666 2503 γε

2097 2533 2191 2586 τοῦ
2229 2531 2324 2587 νῦν
2371 2550 2438 2603 με
2484 2530 2781 2594 λυποῦντος
2831 2532 2947 2583 ἐκεῖ
2990 2531 3168 2601 χεῖρον
3197 2529 3388 2583 παθεῖν
3433 2529 3558 2600 ἔχω,
3591 2529 3664 2600 μὴ

2103 2625 2379 2697 βεϐιωκὼς
2419 2624 2694 2687 εὐσεϐῶς,
2734 2623 2828 2677 καί
2866 2623 3310 2695 παραδοθήσομαι
3360 2622 3478 2675 κατ’
3511 2620 3666 2673 ἐνίων

2102 2717 2398 2786 φιλοσόφων
2429 2715 2619 2785 λόγους
2659 2715 3108 2786 Πυριφλεγέθοντι
3159 2714 3253 2766 καὶ
3297 2712 3562 2783 Ταρτάρῳ
3594 2713 3670 2775 ὡς

2105 2810 2336 2878 Σίσυφος
2364 2808 2397 2874 ἢ
2421 2809 2613 2871 Τιτυὸς
2645 2807 2692 2840 ⁸³
2723 2807 2756 2879 ἢ
2804 2806 2970 2871 Ἰξίων
3017 2806 3051 2876 ἦ
3098 2805 3389 2868 Τάνταλος.
3428 2804 3521 2858 καὶ
3554 2803 3676 2857 ἐσο-

2110 2919 2206 2972 μαι
2222 2903 2277 2953 ἐν
2299 2900 2423 2972 ᾅδου
2435 2901 2524 2954 τὸν
2536 2899 2707 2953 αἰῶνα
2724 2896 3102 2967 κολαζόμενοςς
3123 2898 3290 2951 Πάλιν
3302 2897 3349 2928 ⁸⁸
3363 2913 3422 2950 τε
3435 2894 3670 2950 ἀνθυπά-

2113 3010 2178 3062 φε
2187 3009 2295 3064 ρον.
2329 2991 2518 3061 λέγων’
2538 2991 2676 3044 Ἀλλ’
2696 2991 2795 3043 οὐκ
2814 2989 2930 3042 ἐστι
2950 2988 3139 3042 ταῦτα.
3161 2989 3271 3042 Καὶ
3291 2987 3448 3042 πάλιν
3466 2984 3668 3055 ελεγον·

434 3111 670 3181 puniar?
693 3109 1001 3178 lterumque
1025 3078 1353 3178 replicabam
1378 3105 1593 3160 dicens:
1632 3103 1735 3158 Sed
1765 3103 1868 3157 ista
1893 3117 1996 3157 non

2113 3087 2176 3139 Εἰ
2202 3084 2258 3137 δὲ
2277 3083 2442 3150 ἐστιν;
2474 3083 2692 3156 Ἀδήλου
2712 3083 2760 3115 ⁸⁵
2777 3078 2870 3136 οὖν
2893 3083 3041 3146 ὄντος
3071 3080 3164 3134 τοῦ
3193 3080 3530 3152 πράγματος,
3557 3078 3674 3132 ἑλε-

417 3211 590 3259 ἰιιιιι.
629 3202 948 3271 Rursusque
979 3201 1228 3254 aiebam:
1263 3199 1329 3250 At
1356 3197 1402 3252 si
1429 3205 1578 3252 sunt.
1629 3193 1765 3250 Cum
1813 3195 1998 3264 igitur,

437 3295 771 3366 inquiebam,
805 3295 1010 3348 incerta
1036 3308 1124 3347 res
1152 3292 1243 3358 sit,
1275 3291 1446 3345 multo
1475 3289 1649 3360 magis
1676 3297 1827 3343 extra
1861 3287 2004 3357 peri-

436 3389 620 3444 culum
675 3397 757 3442 est
810 3387 896 3456 pie
955 3399 1041 3439 me
1095 3384 1294 3438 vivere.
1365 3381 1431 3435 Et
1458 3397 1568 3451 quo
1601 3379 2006 3450 pactojnstitize

441 3483 640 3552 gratia,
670 3480 734 3534 ad
769 3480 1032 3534 incertam
1065 3477 1364 3547 respiciens
1392 3490 1564 3544 spem,
1589 3483 1778 3543 potero
1809 3487 2005 3540 corpo-

440 3576 518 3629 ris
549 3575 854 3642 voluptates
885 3569 1283 3640 comprimere?
1323 3567 1429 3623 Sed
1485 3582 1586 3620 nec
1627 3565 1888 3635 quidnam
1936 3564 2008 3618 sit

436 3668 645 3738 justum
679 3665 787 3718 Deo
819 3671 1141 3732 acceptum,
1194 3663 1352 3731 plene
1401 3668 1658 3728 certoque
1706 3657 1852 3721 novi,
1907 3672 2008 3712 nee

443 3770 624 3814 utrum
650 3757 831 3811 anima
865 3755 1191 3808 immortalis
1220 3755 1291 3807 sit
1314 3767 1607 3822 cognosco,
1633 3767 1700 3804 an
1737 3749 2006 3804 mortalis:

441 3868 621 3922 neque
653 3851 758 3904 nlla
792 3857 940 3904 certa
969 3847 1110 3901 ratio
1133 3845 1426 3910 invenitur,
1457 3858 1636 3914 neque
1671 3843 1770 3896 hos
1813 3840 2009 3895 mentis

441 3953 622 4000 metus
649 3943 840 3998 sedare
869 3954 1112 4010 possum.

516 4034 581 4087 ν.
606 4033 746 4100 Quid
780 4033 944 4102 igitur
998 4046 1086 4085 me
1120 4032 1296 4083 facere
1326 4035 1562 4097 oportet,
1595 4025 1702 4080 nisi
1759 4025 1902 4078 hoc?
1950 4022 2007 4076 In

443 4124 740 4196 Egyptum
773 4124 1105 4194 proﬁciscar,
1140 4130 1193 4176 et
1216 4120 1500 4190 adytorum
1533 4116 1908 4184 hierophantis
1947 4130 2012 4169 ac

445 4218 724 4289 prophetis
753 4217 964 4270 amicus
990 4215 1228 4279 elliciar;
1281 4225 1549 4281 magoque
1573 4207 1804 4278 qumsito
1845 4217 1898 4261 et
1929 4207 2012 4260 in-

443 4321 606 4365 vento
636 4310 803 4363 multa
831 4309 1057 4378 pecunia
1092 4303 1448 4376 persuadebo,
1483 4310 1542 4354 ut
1579 4299 1774 4354 animae
1821 4313 2012 4351 evoca-

444 4404 673 4466 tionem,
725 4417 888 4471 quam
917 4399 1346 4456 necromantiam
1379 4404 1597 4460 vocant,
1649 4391 1834 4454 faciat,
1888 4399 2010 4444 tan-

445 4511 610 4566 quam
644 4494 891 4548 videlicet
915 4509 1015 4564 ego
1045 4493 1111 4547 de
1144 4492 1329 4560 aliquo
1352 4488 1568 4558 negotio
1598 4484 1879 4540 seiscitcr:
1908 4483 2012 4537 erit

446 4599 627 4644 autem
681 4587 1055 4657 interrogatio,
1112 4595 1172 4640 ut
1225 4584 1432 4639 discam
1490 4589 1676 4634 utrum
1709 4576 1887 4630 anima
1939 4574 2012 4629 sit

449 4681 795 4738 immortalis.
820 4679 889 4733 At
919 4677 1202 4747 responsio
1227 4676 1426 4730 anima:
1456 4673 1523 4728 de
1550 4688 1648 4728 sua
1685 4668 2008 4724 immortali-

447 4783 559 4830 tate
583 4790 688 4828 non
719 4790 785 4828 ex
815 4773 1028 4841 loquela
1067 4771 1238 4840 ipsius
1289 4777 1385 4822 aut
1424 4782 1542 4821 mea
1586 4763 1865 4820 auditione
1907 4761 2012 4816 erit

449 4867 583 4922 mihi
609 4878 908 4937 comperta,
944 4865 1036 4920 sed
1083 4880 1146 4918 ex
1197 4861 1310 4917 sola
1340 4860 1588 4927 visione;
1640 4866 1701 4912 ut
1745 4856 1831 4911 bis
1879 4853 2012 4925 ipsis

2102 3194 2227 3248 γον,
2260 3175 2664 3248 ἀκινδυνότερόν
2697 3176 2812 3228 ἐστι
2841 3174 3036 3245 μᾶλλον
3085 3171 3322 3235 εὐσεϐῶς
3355 3168 3546 3241 βιῶσαί
3585 3186 3673 3240 με.

2103 3271 2213 3323 Καὶ
2240 3269 2358 3333 πῶς
2390 3268 2500 3338 28
2531 3267 2826 3340 δυνήσομαι
2856 3265 2950 3318 τοῦ
2974 3263 3179 3318 δικαίου
3212 3263 3389 3334 χάριν,
3428 3263 3507 3324 εἰς
3547 3261 3677 3332 ἀδη-

2103 3360 2194 3414 λον
2212 3360 2398 3414 ἐλπίδα
2417 3358 2655 3432 ἀφορῶν,
2680 3358 2790 3412 τῶν
2807 3356 2901 3410 τοῦ
2925 3356 3173 3427 σώματος
3195 3357 3416 3426 κρατεῖν
3439 3352 3675 3424 ήδονῶν;

2119 3453 2257 3506 Ἀλλ’
2277 3452 2397 3506 οὐδὲ
2417 3453 2469 3506 τί
2503 3453 2632 3506 ποτέ
2652 3453 2765 3504 ἐστι
2785 3450 2990 3503 δίκαιον
3011 3448 3242 3520 ἀρεσκον
3265 3447 3310 3478 ⁸⁸
3339 3445 3455 3516 Θεῷ
3478 3442 3682 3512 πεπλη·

2112 3545 2435 3618 ροφόρημαι,
2463 3543 2584 3598 οὔτε
2618 3545 2666 3597 εἰ
2698 3545 2732 3614 ἡ
2763 3543 2910 3613 ψυχὴ
2945 3540 3209 3603 ἀθάνατος
3240 3539 3272 3610 ἢ
3316 3535 3484 3609 θνητὴ
3514 3533 3680 3603 γινὼο

2110 3656 2242 3691 σκω”
2271 3637 2393 3690 οὗτε
2429 3654 2511 3699 τις
2553 3635 2708 3703 λόγος
2743 3634 2955 3704 βέϐαιος
3001 3633 3310 3703 εὑρίσκεται
3336 3670 3349 3694 ,
3399 3627 3524 3682 οὔτε
3572 3625 3682 3681 τῶν

2107 3733 2362 3784 τοιούτων
2393 3727 2664 3799 λογισμῶν
2693 3725 2982 3798 ἡσυχάζειν
3015 3723 3266 3794 δύναμαι.

2181 4015 2246 4072 ν.
2274 4016 2340 4068 Τί
2372 4008 2465 4069 οῦν
2509 4013 2614 4086 χρὴ
2662 4010 2896 4082 ποιεῖνῆ
2945 4007 3106 4063 τοῦτο
3137 4009 3215 4075 ⁸⁷;
3261 4009 3357 4072 Εἰς
3404 4008 3683 4077 Αἴγυπτον

2111 4109 2485 4184 πορεύσομαι,
2520 4109 2614 4160 καί
2637 4109 2748 4170 τοῖς
2774 4105 2882 4158 τῶν
2920 4101 3128 4157 ἀδύτων
3169 4101 3511 4174 ἱεροφάνταις
3544 4118 3604 4154 τε
3632 4101 3681 4134 ⁸⁸

2110 4205 2207 4259 καὶ
2235 4203 2539 4275 προφήταις
2571 4199 2987 4270 φιλιωθήσομαι,
3009 4195 3104 4249 καὶ
3125 4195 3298 4265 μάγον
3331 4195 3568 4266 ζητήσας
3587 4195 3682 4248 καὶ

2112 4294 2285 4368 εὑρὼν
2316 4294 2559 4365 χρήμασι
2587 4286 2800 4386 ποῖοῖς
2820 4289 2990 4342 πείσω
3012 4327 3026 4352 ,
3048 4288 3196 4350 ὅπως
3227 4286 3404 4356 ψυχῆς
3434 4286 3681 4356 ἀναπομ-

2115 4389 2244 4460 πὴν,
2272 4387 2370 4458 τὴν
2401 4376 2714 4454 λεγομὲνηῖ
2738 4379 3162 4452 νεκρομαντείαν
3192 4378 3236 4410 ⁸⁸
3271 4379 3490 4451 ποιήσῃ,
3544 4376 3680 4448 ἐμοῦ

2222 4473 2700 4550 περὶ-τρηματός
2728 4489 2870 4536 τινος
2889 4469 3311 4541 πυνθανομένουο
3346 4472 3380 4541 ή
3402 4469 3457 4522 δὲ
3491 4469 3683 4532 πεῦσις

2113 4571 2264 4624 ἔσται
2295 4570 2420 4639 περί
2441 4567 2534 4622 τοῦ
2566 4566 2753 4638 μαθεῖν
2773 4565 2820 4617 εἰ
2853 4563 3115 4625 ἀθάνατος
3136 4563 3169 4633 ἡ
3192 4561 3357 4632 ψυχή.
3397 4561 3460 4613 Ἠ
3491 4559 3547 4612 δέ
3583 4561 3684 4630 τῆς

2111 4662 2288 4733 ψυχῆς
2331 4662 2647 4733 ἀπόκρισις,
2691 4659 2771 4712 ὅτι
2820 4655 3084 4718 ἀθάνατός
3133 4655 3316 4719 ἐστιν,
3351 4653 3452 4706 ούκ
3493 4654 3557 4705 ἐκ
3585 4652 3681 4706 τοῦ

2111 4758 2341 4830 λαλῆσαι
2375 4756 2408 4828 ἦ
2440 4754 2533 4808 καὶ
2563 4752 2794 4806 ἀκοῦσαι
2823 4750 2974 4804 ἔσται
3003 4749 3048 4782 ⁹⁰
3084 4766 3172 4820 μοι
3197 4747 3417 4818 γνῶναι,
3469 4745 3582 4798 ἀλλ’
3617 4747 3683 4798 ἐκ

2110 4850 2205 4905 τοῦ
2237 4850 2462 4921 ὀφθῆναι
2488 4845 2664 4918 μόνον,
2698 4843 3000 4909 ἴνα,αύτοῖς
3025 4841 3316 4913 ὀφθαλμοῖς
3341 4837 3460 4892 ἰδὼν
3488 4838 3682 4909 αὐτὴν,

1752 5013 1986 5073 ἾΑΒΙᾸΞ
2023 5008 2422 5070 ῙιΕΟΤΙΟΝΕΞ.

519 5142 567 5176 ⁷⁷
607 5137 708 5194 llic
740 5156 957 5210 quoque
1011 5138 1316 5210 legendum_
1336 5145 1419 5210 est
1464 5133 1868 5210 ἀποφαίνονται,
1922 5139 1984 5186 ιιι

2102 5129 2160 5186 it.
2203 5142 2322 5210 cap.
2361 5124 2395 5178 5
2567 5121 2614 5154 ⁷⁸
2641 5121 2700 5210 τέ
2845 5114 3258 5210 S‘ubinde’oOSé
3304 5129 3416 5194 pro~
3460 5112 3582 5166 οὔτε

450 5215 498 5252 ⁷³
527 5211 603 5275 ὡς
631 5226 740 5264 om.
760 5205 830 5266 0.
869 5205 884 5210 ⁷
906 5211 951 5242 ⁸⁸
981 5205 1100 5274 οἶδά
1133 5225 1248 5270 πως
1279 5207 1341 5262 C.
1366 5205 1504 5259 Tum
1555 5205 1628 5259 id.
1677 5220 1764 5275 μοι
1801 5219 1851 5275 p.

451 5281 700 5353 τὴντὸτε
733 5281 851 5353 Cir.
901 5281 1039 5353 Epit.
1060 5281 1095 5334 1.
1121 5276 1262 5353 c._S.

1365 5277 1410 5308 ⁸²
1436 5275 1618 5344 ἔλεγον
1646 5264 1779 5344 γ’ἀρ,
1802 5264 1873 5344 ἐἰ
2013 5267 2100 5344 C._
2150 5264 2197 5300 ⁸⁸
2225 5264 2416 5344 Τίτυος
2448 5264 2510 5317 C.

1899 5183 1986 5271 με.
2010 5183 2105 5271 ἰδ’
2137 5183 2398 5271 apag-ﬁxa
2419 5189 2563 5271 Egit.
2591 5191 2722 5271 c_._4.
2761 5189 3017 5271 Fortasse
3069 5187 3147 5271 εἰς
3187 5183 3571 5271 τηνικαῦτακρ.
3602 5185 3687 5271 εἰς

2614 5263 2660 5294 ⁸⁵
2690 5261 2785 5314 καί
2817 5257 2976 5312 πάλιν
3000 5272 3060 5308 τε
3093 5253 3156 5308 0.
3245 5252 3304 5286 ’⁸⁵
3333 5257 3392 5308 ού
3438 5252 3595 5314 δήλου
3625 5255 3684 5306 (ἶ.

453 5323 733 5406 ἱ⁶’δίκαιον
773 5351 867 5405 καί
899 5323 1223 5422 ἔξεέκοννϐ.
1273 5349 1346 5422 ξ’
1386 5323 1996 5422 ξοίιιέςειέινοίῖιιγξίοξ

2110 5323 2849 5422 nterpnnetiquemnmutavi,
2901 5343 3006 5408 non
3055 5325 3440 5422 ip‘vitajndole
3480 5323 3684 5405 linguae

445 5393 1239 5492 aream.“tamen}:
1271 5419 1337 5471 Τί
1357 5393 1821 5492 οξηῗξρἧοεὲῖᾲξ
1842 5393 1996 5492 -ἢ-τοῦ

2134 5393 2248 5470 εἰς,⁸
2267 5422 2323 5458 κ.
2352 5422 2404 5457 τ.
2434 5403 2484 5455 λ.
2560 5401 2606 5434 ⁸⁸
2636 5401 2696 5452 τέ
2724 5397 2954 5492 ιιροθεεὶι
2980 5411 3042 5449 ex
3075 5393 3138 5460 Ο,
3159 5395 3248 5448 ubi
3272 5411 3354 5463 pr.
3375 5408 3520 5447 man.
3546 5394 3687 5492 serii-

2119 5477 2136 5492 \
2301 5475 2314 5492 ι
2366 5491 2375 5492 κ
2451 5490 2501 5492 _,,
2522 5486 2738 5492 -_,_..--_-
2770 5487 2793 5492 λ
2820 5489 2831 5492 _
2864 5483 2951 5492 ﬁ...‘
2978 5467 3117 5492 Ληζηι
3154 5474 3391 5492 manli-nn
3422 5464 3682 5492 nmnnnn.:

454 5465 664 5564 sar;
695 5465 1583 5564 causa?“acassam..-
1600 5481 1664 5538 o.
1689 5465 1993 5564 μεέιάιιηη

2119 5465 2385 5547 λεγομένῃ
2411 5468 2832 5552 νεκρομαντείᾳε
2864 5465 3683 5564 ιιι-ε.ςιιέὶηιειηρνιμοερνοωιιΣΙῙ

461 5561 858 5632 νεκρομαντεία
905 5561 1146 5626 dicitur;
1182 5561 1294 5613 vid.

460 5622 857 5715 νεκρομαντεία
887 5632 1071 5715 vocari
1111 5622 1274 5701 queat
1297 5622 1517 5715 magica!
1535 5627 1654 5715 ipsa
1676 5622 1941 5715 e‘vocoatiol,
1965 5635 1998 5689 τι

1389 5534 1568 5626 ξέορἶι.
1611 5534 1663 5620 ἰ,
1690 5534 1882 5626 lit—(Oper
1919 5534 2264 5626 eam,"qua'm'
2288 5534 2733 5626 ‘nécronilantiam
2765 5534 3000 5626 locant)
3035 5534 3226 5626 D..§ed
3248 5534 3528 5626 etlminus
3559 5542 3685 5601 apte

2005 5603 2240 5673 uomodo
2272 5613 2470 5668 dixerit
2508 5612 2720 5678 Cicero,
2765 5608 2922 5664 Tusc.
2956 5603 3013 5675 q.
3039 5605 3163 5670 1,16
3191 5603 3372 5678 :klnde
3395 5621 3480 5678 ea,
3519 5618 3686 5678 qugm

466 5669 558 5688 ,σοι
716 5669 857 5687 τις...
897 5669 1071 5687 νυνι..
1111 5669 1122 5681 .
1152 5669 1274 5684 ιη...
1426 5669 1503 5681 ω..
1537 5669 1548 5679 .
1593 5669 1648 5678 ν..
1679 5669 1977 5685 ν.υ-ν---,.

463 5669 841 5773 ηιειιςΐιίήσιιε
872 5703 1071 5773 Appius
1099 5669 1462 5772 νέκρομαντῑία
1489 5669 1738 5767 fugiebat.
1787 5669 1996 5762 διυνίιειῖ

2102 5669 2327 5758 Πίἒέοιωι
2359 5703 2372 5739 :
2406 5682 2469 5737 In
2497 5687 2536 5738 'e
2568 5697 2650 5746 ea,
2672 5669 2788 5753 qna:
2813 5669 3270 5752 -νεκρομαντεῖα
3299 5669 3547 5744 faciebat;
3575 5669 3682 5728 CL.

464 5772 512 5807 ⁸⁸
539 5771 651 5827 ἐστι
674 5772 740 5830 0.
