3970 6148
1417 244 1873 305 ειΕΜΕΝΤιΝΑ.
1900 276 1968 290 -ι
2006 244 2291 300 llOMlLlA
2326 246 2364 301 1.

3493 242 3564 297 6!

320 363 581 437 αὖτάρκη
615 365 711 419 καὶ
750 364 942 438 ἱκανὴν
987 363 1259 435 ἀπόφασιν
1289 362 1397 435 ἔχω
1420 403 1435 430 ,
1488 365 1553 418 ὲκ
1598 358 1694 416 τοῦ
1737 357 1877 431 μόνω

1996 359 2171 413 oculis
2196 360 2343 415 illam
2372 359 2561 417 videns
2582 359 2933 415 sulllcientcm
2960 376 3023 415 ac
3051 360 3299 415 idoneam
3327 358 3556 413 habeam

321 459 601 531 φανῆναι,
647 458 729 512 ὅτι
772 456 946 511 ἔστιν·
974 459 1068 511 καὶ
1115 457 1317 512 οὐκέτι
1356 457 1639 528 δυνήσεται
1685 450 1754 505 τά
1782 450 1891 504 τῶν

317 549 620 622 ὀφθαλμῶν
669 550 775 604 ῐδια
812 548 882 603 τά
916 550 1015 621 τῆς
1056 550 1225 621 ἀκοῆς
1264 549 1557 621 ἀνατρέψαι
1597 546 1763 617 ἄδηλα
1793 545 1889 616 ῥή-

322 658 496 712 ματα.
543 644 729 714 Ὅμως
775 644 868 697 καὶ
894 644 1061 714 αὐτὴν
1092 643 1295 716 ταύτην
1322 645 1421 715 τὴν
1454 642 1642 711 σκέψιν
1668 638 1893 693 ἀντέϐα-

318 733 417 786 λὸυ
454 735 497 767 ’³
526 752 628 789 τινι
675 735 892 807 συνήθει
939 736 1240 808 φιλοσόφῳ,
1269 736 1328 799 ὃς
1375 731 1725 789 συνεϐούλευέ
1777 748 1888 803 μοι,

316 825 482 879 τοῦτο
518 826 589 898 μὴ
617 827 839 898 τολμᾷν,
869 827 1009 881 κατὰ
1040 826 1267 890 πολλοὺς
1306 826 1558 900 τρόπους.
1610 826 1732 878 Εῖτε
1783 822 1891 893 γὰρ

315 916 422 969 ούκ
454 918 859 984 είσακούσεται,
894 918 1055 990 φησιν
1076 960 1091 984 ,
1122 921 1153 990 ἡ
1178 919 1322 990 ψυχὴ
1353 918 1430 989 τῷ
1466 917 1642 988 μάγῳ,
1689 916 1752 968 σὺ
1779 917 1891 976 τοῖς

314 1007 431 1076 29
455 1008 627 1062 ταῦτα
659 1012 831 1064 ποιεῖν
847 1011 1243 1083 ἀπαγορεύουσι
1265 1011 1446 1082 νόμοις
1465 1010 1539 1073 ὡς
1559 1006 1893 1077 ἀντιπράξας

313 1100 746 1174 δυσσυνειδήτως
776 1103 1009 1173 βιώσεις·
1047 1105 1095 1156 εί
1127 1104 1182 1156 δὲ
1216 1103 1596 1163 ἐπακούσεται,
1633 1098 1768 1170 μετά
1794 1096 1888 1150 τοῦ

309 1193 746 1265 δυσσυνειδήτως
777 1212 835 1248 σε
868 1194 1033 1265 βιοῦν,
1068 1191 1218 1266 οἶμαι
1263 1194 1332 1247 τά
1364 1195 1464 1265 τῆς
1496 1192 1776 1253 εὐσεϐείας
1808 1207 1888 1242 σοι

315 1285 523 1355 μηκέτι
564 1290 887 1359 προχωρεῖν,
951 1282 1011 1343 οὗ
1069 1288 1273 1341 εἵνεκεν
1322 1289 1417 1341 καὶ
1465 1288 1511 1319 ’³
1559 1287 1883 1357 ἐτόλμησας.

323 1375 669 1448 Ἐχθραίνειν
699 1379 809 1450 γὰρ
834 1380 896 1432 τὸ
927 1379 1068 1433 θε⁷ον
1098 1380 1348 1448 λέγουσιν
1377 1380 1470 1432 ἐπὶ
1494 1381 1607 1441 τοῖς
1638 1380 1703 1448 τῇ
1737 1376 1887 1429 λύσει

308 1465 588 1522 θανόντων
636 1473 901 1541 σωμάτων
950 1473 1233 1526 σκύλλουσι
1261 1472 1359 1536 τάς
1396 1472 1595 1543 ψυχάς.
1661 1468 1799 1538 Ἐγὼ
1827 1468 1885 1522 δὲ

304 1559 493 1615 ταῦτα
535 1563 792 1627 ἀκούσας,
824 1566 1179 1638 ὀκνηρότερος
1228 1567 1328 1637 μὲν
1375 1566 1511 1637 πρὸς
1540 1565 1599 1618 τὸ
1647 1561 1884 1617 τοιοῦτον

290 1652 633 1746 ἐγχειρῆσαι
664 1656 948 1729 ἐγενόμην,
998 1660 1097 1730 τῆς
1119 1658 1174 1711 δὲ
1194 1658 1444 1731 ἀπαρχῆς
1467 1676 1567 1730 μου
1586 1660 1686 1712 οὐκ
1715 1659 1879 1711 ἔπαθ’
1910 1686 1958 1746 Β

306 1743 503 1817 σάμην
529 1744 724 1819 βουλῆς
744 1787 760 1814 ,
799 1748 912 1803 ἀλλ’
930 1750 1005 1815 ὡς
1046 1751 1390 1822 ὲμποδισθεὶς
1419 1752 1518 1823 τὴν
1547 1751 1721 1823 ὁρμὴν
1747 1749 1880 1821 ὴθύ-

310 1857 477 1912 μουν.

379 2042 476 2103 γι.
512 2046 621 2100 Καὶ
649 2047 735 2101 ἵνα
760 2047 831 2120 μή
864 2066 944 2101 σοι
973 2047 1043 2102 τά
1073 2048 1296 2103 τοιαῦτα
1328 2046 1523 2120 μακρῷ
1554 2045 1880 2119 διηγήσωμαι

302 2135 475 2208 λόγῳ,
509 2139 568 2192 ὲν
594 2138 866 2202 τοσούτοις
905 2140 1189 2211 λογισμοῖς
1228 2142 1323 2193 καὶ
1368 2140 1686 2210 πράγμασιν
1732 2140 1883 2202 δντος

305 2247 438 2302 μου,
465 2230 616 2302 φήμη
647 2248 730 2294 τις
759 2232 960 2303 ἡρέμα,
982 2231 1074 2284 ἐπὶ
1101 2232 1201 2302 τῆς
1216 2230 1463 2300 Τιϐερίου
1483 2231 1759 2300 Καίσαρος
1784 2228 1881 2298 βα-

304 2321 536 2387 σιλείας,
567 2321 627 2387 ἐξ
657 2324 876 2397 ἐαρινῆς
917 2325 1124 2396 τροπῆς
1167 2324 1265 2395 τὴν
1304 2322 1475 2395 ἀρχὴν
1507 2323 1879 2393 λαμϐάνουσα,

300 2411 540 2482 ηὔξανεν
572 2414 829 2468 ἑκάστοτε
855 2417 949 2469 καὶ
980 2416 1056 2480 ὡς
1075 2416 1289 2488 ἀληθῶς
1320 2416 1496 2488 ἀγαθὴ
1530 2416 1666 2469 Θεοῦ
1712 2416 1879 2486 ἀγγε-

300 2502 397 2565 λος
431 2502 673 2575 διέτρεχε
706 2505 753 2537 ’⁸
784 2505 874 2559 τὸν
923 2507 1126 2577 κόσμον
1152 2547 1165 2571 ,
1223 2507 1284 2560 τὸ
1327 2507 1419 2561 τοῦ
1459 2507 1594 2560 Θεοῦ
1637 2507 1879 2580 βούλημα

302 2596 434 2667 σιγῇ
470 2595 678 2664 στέγειν
710 2598 756 2629 ⁸⁵
796 2598 869 2669 μὴ
900 2598 1192 2670 δυναμένη.
1240 2598 1526 2653 Ἑκάστοτε
1555 2594 1648 2653 οὖν
1679 2601 1877 2655 πλείων

299 2687 397 2740 καὶ
425 2687 628 2757 μείζων
652 2689 865 2757 ἐγένετο
889 2690 954 2755 ⁸⁸,
990 2692 1240 2759 λέγουσα,
1266 2692 1343 2756 ὥς
1371 2693 1455 2756 τίς
1474 2709 1601 2745 ποτε
1635 2695 1692 2745 ὲν
1745 2695 1876 2746 Ἰου-

298 2776 451 2850 δαίᾳ,
476 2778 537 2844 ἐξ
569 2781 787 2852 ἐαρινῆς
802 2783 1009 2854 τροπῆς
1025 2783 1203 2837 λαϐὼν
1234 2785 1333 2856 τὴν
1362 2785 1554 2857 ἀρχὴν,
1608 2785 1877 2850 Ἰουδαίοις

298 2871 400 2943 τὴν
420 2871 515 2925 τοῦ
549 2872 716 2927 ἀϊδίου
742 2873 876 2927 Θεοῦ
911 2874 1312 2943 εὐαγγελίζεται
1334 2875 1624 2947 βασιλείαν,
1645 2871 1712 2947 ἦς
1743 2878 1875 2930 ἀπο-

300 2965 488 3020 λαύειν
510 2966 657 3036 λέγει
688 2967 783 3022 ὲάν
810 2986 892 3032 τις
914 2968 1090 3022 αὐτῶν
1122 2968 1547 3042 προκατορθώσῃ
1578 2968 1623 3000 ⁹⁶
1647 2970 1745 3041 τὴν
1773 2985 1871 3021 πο-

299 3058 525 3114 λιτείαψ
557 3058 651 3113 τοῦ
680 3061 738 3113 δὲ
770 3060 1120 3114 πιστεύεσθαι
1144 3061 1303 3114 αὐτὸν
1337 3061 1515 3132 χάριν,
1553 3060 1635 3113 ὅτι
1668 3060 1873 3131 θειότη-

296 3166 389 3213 τος
419 3150 614 3223 γέμων
644 3152 816 3206 ταῦτα
853 3152 1031 3217 πνέει,
1078 3152 1247 3205 πολλά
1274 3151 1551 3222 θαυμάσια
1584 3152 1783 3222 σημεῖά
1811 3168 1872 3204 τε

294 3244 389 3297 καὶ
433 3244 652 3317 τέρατα
694 3246 1080 3317 διαπράττεται
1125 3244 1368 3298 κελεύσει
1404 3244 1559 3316 μόνῃ,
1605 3244 1680 3306 ὡς
1723 3243 1873 3315 παρά

295 3336 427 3389 Θεοῦ
451 3336 693 3409 εἰληφὼς
712 3337 807 3408 τὴν
826 3337 1090 3404 ἐξουσίαν’
1114 3338 1329 3405 κωφοὺς
1345 3335 1452 3408 γὰρ
1483 3339 1624 3389 ποιεῖ
1634 3335 1869 3401 ἀκούειν,

299 3428 538 3497 τυφλοὺς
566 3428 910 3492 ἀναϐλέπειν,
939 3428 1047 3499 30
1079 3428 1307 3490 κυλλοὺς
1338 3431 1479 3480 ποιεῖ
1510 3430 1829 3499 περιπατεῖν
1853 3468 1868 3491 ,

298 3519 510 3590 χωλοὺς
531 3520 749 3592 ἀνορθοῖ
767 3520 832 3584 ⁸⁷,
856 3522 1034 3573 πᾶσαν
1051 3521 1204 3574 νόσον
1223 3520 1533 3585 ἀπελαύνει,
1556 3520 1733 3573 πάντα
1763 3519 1872 3573 δαίς

303 3630 435 3683 μονα
468 3612 785 3683 φυγαδεύειο
821 3612 957 3666 ἀλλά
983 3611 1076 3667 καὶ
1125 3612 1520 3685 λεπροὶ-ψωροὶ
1558 3614 1623 3666 ὲκ
1652 3613 1870 3684 διαστή-

302 3722 469 3775 ματος
510 3704 666 3776 μόνον
698 3703 1154 3777 ὲνορῶντεςαύτῷ
1177 3703 1390 3774 ἰώμενοι
1415 3704 1865 3768 ἀπαλλάσσονται,

299 3799 485 3870 νεκροὶ
519 3798 574 3850 δὲ
609 3797 1041 3869 προσφερόμενοι
1072 3796 1390 3866 ἐγείρονται,
1414 3795 1508 3849 καὶ
1540 3795 1690 3849 οὐδέν
1722 3798 1869 3849 ἐστιν

297 3890 325 3942 δ
357 3890 611 3944 ἀδυνατεῖ
643 3893 831 3944 ποιεῖν.
869 3891 977 3942 Καὶ
996 3890 1187 3958 ὃσῳ,γε
1221 3889 1418 3959 μᾶλλον
1441 3889 1470 3941 ό
1490 3888 1677 3960 χρόνος
1706 3888 1868 3960 προέ-

298 3998 518 4047 κοπτεν,
548 3981 680 4036 πολὺ
716 3981 912 4052 μείζων
933 3980 1021 4034 διά
1051 3980 1307 4034 πλειόνων
1336 3981 1444 4033 τῶν
1463 3981 1866 4053 ἐπιδημούντων

298 4075 390 4126 καὶ
418 4076 464 4107 ³⁸
504 4073 818 4146 βεϐαιοτέρα
850 4074 1076 4143 ἐγίνετο,
1111 4074 1210 4126 οὐκ
1242 4073 1321 4126 ἔτι
1354 4074 1506 4145 φήμη
1535 4071 1707 4140 λέγω,
1730 4073 1866 4129 ἀλλά

294 4164 389 4219 τοῦ
413 4166 787 4238 πράγματοςὴ
819 4165 1061 4236 ἀλήθεια.
1088 4165 1225 4236 Ἤδη
1250 4164 1359 4237 γάρ
1378 4181 1508 4217 ποτε
1540 4165 1633 4217 καὶ
1664 4167 1862 4238 συστή-

300 4272 440 4327 ματα
471 4257 613 4311 κατά
643 4257 842 4321 τόπους
873 4257 1082 4325 ἐγίνετο
1103 4256 1297 4328 βουλῆς
1328 4257 1422 4310 καὶ
1456 4256 1700 4327 σκέψεως
1716 4258 1782 4323 ⁸⁸,
1801 4259 1862 4312 τὸ

293 4349 375 4414 τίς
404 4351 467 4405 ἀν
504 4351 589 4420 εἴη
620 4352 648 4403 ό
671 4351 856 4419 φανεὶς
883 4349 976 4403 καὶ
1002 4350 1055 4402 τί
1080 4349 1323 4420 βούλεται
1350 4348 1549 4418 λέγειν.
1888 4352 1936 4409 D

364 4441 478 4501 VII.
510 4444 620 4497 Καὶ
640 4441 839 4513 δήποτέ
868 4458 952 4504 τις
983 4441 1119 4512 πρὸς
1151 4441 1298 4512 αὐτῷ
1324 4440 1403 4511 τῷ
1428 4422 1540 4494 ἔτει
1558 4441 1616 4494 ἐν
1645 4440 1715 4473 ¹⁰⁰
1735 4441 1859 4511 φθι-

294 4539 563 4609 νοπωρινῇ
604 4538 779 4606 τροπῇ
811 4534 1045 4605 δημοσίᾳ
1077 4533 1208 4596 στάς
1238 4533 1366 4586 ἐϐόα
1396 4532 1568 4601 λέγων
1590 4548 1607 4564 θ
1634 4533 1860 4607 Ἀνδρες

308 4624 592 4698 Ῥωμαῖοι,
636 4627 934 4680 ἀκούσατε·
987 4626 1016 4677 ὁ
1045 4624 1140 4678 τοῦ
1174 4625 1309 4678 Θεοῦ
1342 4626 1470 4689 Υἱὸς
1511 4627 1570 4679 ἐν
1629 4627 1857 4700 Ἰουδαίᾳ

296 4719 552 4791 πάρεστιν
576 4761 591 4785 ,
652 4717 1116 4788 ἐπαγγελλόμενος
1179 4719 1311 4770 πᾶσι
1352 4720 1464 4779 τοῖς
1515 4718 1856 4790 βουλομένοις

295 4809 433 4881 ζωὴν
466 4811 700 4876 αἰώνιον,
732 4810 824 4864 ὲάν
854 4809 922 4862 τά
946 4810 963 4839 ⁸
996 4808 1133 4862 κατά
1159 4807 1380 4879 γνώμην
1405 4809 1499 4862 τοῦ
1545 4811 1855 4882 πέμψαντος
1885 4874 1904 4892 ο

293 4902 449 4957 αὑτὸν
481 4905 695 4976 Πατρός
730 4902 1014 4973 βιώσωσιν.
1047 4900 1139 4953 Διὸ
1169 4900 1563 4970 μεταϐάλλεσθε
1606 4903 1696 4956 τὸν
1723 4904 1851 4976 τρό-

1898 3018 1943 3078 C

1994 453 2414 508 declarationem
2445 453 2590 523 quod
2656 453 2874 517 existat,
2904 468 2968 505 ex
2994 469 3060 507 eo
3083 452 3201 508 solo
3221 452 3366 522 quod
3390 466 3561 520 appa-

1994 547 2192 611 ruerit;
2232 562 2331 600 nec
2352 546 2587 615 amplius
2613 544 2817 601 incerta
2842 544 3062 599 auditus
3084 545 3245 598 verba
3266 544 3558 599 oculorum

1993 647 2245 715 poterunt
2269 638 2579 693 ﬁrmitatem
2610 648 2871 692 evertere.
2895 637 3145 692 Attamen
3170 640 3309 692 hanc
3334 651 3559 708 quoque

1992 730 2434 786 deliberationem
2459 730 2672 786 cuidam
2701 730 3045 801 philosopho,
3072 731 3382 786 necessario
3408 744 3554 795 meo,

1990 823 2280 887 edisserui,
2305 824 2400 893 qui
2426 823 2718 878 consilium
2740 824 2872 877 mihi
2896 822 3065 889 dedit,
3092 821 3147 876 id
3170 838 3238 878 ne
3260 822 3547 885 auderem,

1992 917 2191 971 multas
2220 917 2290 971 ob
2319 918 2583 971 rationes.
2617 916 2741 972 Sive
2764 917 2934 982 enim,
2987 916 3185 987 inquit,
3236 931 3397 986 mago
3443 929 3555 969 nou

1991 1010 2385 1081 obtemperabit
2429 1009 2737 1075 anima,tu,
2778 1018 3038 1079 tanquam
3068 1008 3161 1079 qui
3207 1008 3421 1077 legibus
3451 1007 3555 1061 ista

1991 1102 2169 1157 facere
2218 1103 2631 1173 prohibentibus
2661 1103 3072 1173 repugnaveris,
3108 1102 3249 1157 male
3277 1100 3373 1155 tibi
3424 1114 3555 1154 cor:-

1990 1196 2136 1249 scins
2163 1195 2347 1249 vives:
2384 1195 2467 1249 sin
2508 1211 2637 1249 vero
2682 1196 2970 1260 obedierit,
3001 1203 3367 1265 praeterquam
3406 1190 3554 1261 quod

1988 1286 2130 1340 mala
2164 1286 2216 1340 in
2265 1287 2599 1342 conscientia
2632 1288 2780 1342 vives
2806 1329 2822 1353 ,
2873 1303 2979 1342 non
3013 1288 3251 1357 amplius
3282 1287 3377 1341 tibi
3417 1287 3556 1339 bene

1988 1393 2209 1432 cessura
2263 1379 2520 1433 existimo
2563 1395 2626 1434 ea
2681 1396 2803 1449 qua:
2856 1381 2923 1435 ad
2956 1380 3206 1449 pietatem
3256 1379 3551 1448 pertinent,

1987 1470 2144 1538 cujus
2172 1484 2301 1540 ergo
2337 1471 2437 1525 ista
2466 1487 2634 1526 ausus
2668 1487 2748 1526 es.
2775 1470 2909 1526 Nam
2933 1471 3098 1526 Deum
3126 1471 3279 1525 aiunt
3301 1470 3427 1524 odio
3457 1483 3554 1523 cos

1984 1563 2264 1631 prosequi,
2300 1565 2391 1630 qui
2433 1564 2647 1618 animas
2675 1576 3017 1620 mortuorum
3041 1581 3072 1619 a
3104 1564 3428 1634 corporibus
3464 1580 3554 1619 se-

1984 1666 2200 1722 paratas
2254 1655 2531 1711 divexant.
2582 1655 2696 1727 Ego
2746 1666 2925 1712 autem
2966 1657 3051 1712 his
3101 1657 3303 1712 auditis
3330 1659 3554 1727 segnior

1984 1747 2201 1815 quidem
2236 1746 2301 1800 ad
2332 1747 2463 1803 illud
2493 1749 2915 1819 aggrediendum
2939 1748 3164 1804 eﬂectus
3194 1764 3336 1815 sum,
3368 1765 3398 1804 a
3423 1764 3553 1804 con-

1982 1841 2105 1896 silio
2134 1851 2314 1896 tamen
2365 1843 2511 1912 quod
2544 1842 2701 1897 initio
2756 1857 3003 1912 ceperam
3060 1856 3168 1897 non
3208 1841 3413 1907 destiti,
3453 1840 3573 1896 sed

1980 1934 2129 1988 velut
2150 1934 2219 1988 ab
2240 1934 2442 2004 impetu
2465 1934 2722 1990 desiderii
2754 1933 3061 1990 retardatus
3096 1932 3369 1988 dolebam.

2059 2047 2143 2103 Vl.
2172 2050 2251 2104 Ac
2277 2064 2345 2103 ne
2374 2050 2476 2103 ista
2504 2050 2601 2104 tibi
2630 2050 2792 2121 longo
2820 2064 3072 2105 sermone
3094 2048 3353 2117 explicem
3373 2088 3387 2113 ,
3421 2062 3545 2101 cum

1982 2142 2035 2197 in
2067 2143 2264 2198 talibus
2313 2144 2735 2213 cogitationibus
2780 2152 2835 2198 et
2865 2141 3097 2213 negotiis
3125 2156 3225 2211 ego
3251 2156 3500 2196 versarer
3528 2181 3546 2205 ,

1981 2235 2085 2288 sub
2116 2235 2345 2303 imperio
2370 2234 2573 2290 Tiberii
2606 2234 2841 2289 Caesaris
2873 2233 3015 2287 fama
3042 2232 3290 2301 quaedam
3317 2231 3544 2295 sensim,

1981 2342 2010 2381 a
2040 2342 2206 2381 verna
2246 2336 2565 2396 tempestate
2589 2326 2745 2381 initio
2769 2333 2986 2393 sumpto
3010 2324 3323 2392 passimque
3352 2322 3544 2385 crevit,

1981 2429 2034 2473 et
2066 2435 2252 2474 revera
2275 2419 2455 2475 bonus
2501 2417 2593 2473 Dei
2630 2418 2853 2474 nuntius
2897 2417 3161 2472 mundum
3215 2417 3543 2485 peragravit,

1984 2509 2072 2565 Dei
2111 2512 2444 2566 voluntatem
2483 2512 2701 2566 silentio
2735 2521 2916 2581 tegere
2942 2525 3048 2563 non
3076 2509 3283 2564 valens.
3331 2505 3545 2576 Ubique

1978 2603 2140 2675 igitur
2170 2605 2401 2673 amplior
2425 2616 2480 2658 et
2507 2604 2682 2675 major
2709 2603 2891 2669 tiebat,
2916 2601 3163 2657 referens
3219 2600 3363 2670 quod
3418 2600 3545 2669 qui-

1976 2697 2099 2752 dam
2125 2698 2178 2752 in
2202 2696 2409 2764 Judma,
2435 2697 2703 2767 principio
2732 2706 2951 2767 sumpto
2981 2710 3011 2749 a
3052 2708 3221 2749 verno
3275 2701 3540 2763 tempore,

1976 2791 2162 2845 aeterni
2196 2790 2288 2845 Dei
2343 2805 2570 2861 regnum
2624 2789 2826 2844 ludatis
2856 2788 3166 2850 annuntiet,
3198 2800 3308 2854 quo
3342 2783 3542 2837 fruituo

1977 2898 2096 2936 rum
2131 2898 2251 2938 esse
2278 2899 2345 2937 ex
2376 2882 2482 2937 illis
2509 2882 2801 2948 diciteum,
2823 2882 2914 2951 qui
2940 2882 3105 2935 vitam
3133 2888 3334 2934 rectam
3356 2894 3543 2932 emen-

1976 2975 2268 3046 datamque
2304 2975 2505 3030 ducat:
2534 2991 2643 3045 quo
2676 2984 2855 3028 autem
2891 2973 3144 3029 credatur
3190 2972 3367 3041 ipsum
3401 2969 3543 3022 divi-

1976 3068 2162 3123 uitatis
2182 3069 2400 3138 plenum
2434 3069 2550 3123 hac
2578 3069 2725 3137 loqui
2753 3083 2816 3122 ac
2838 3067 3106 3136 inspirare
3128 3106 3142 3130 ,
3171 3065 3341 3118 multa
3372 3063 3541 3115 mira—

1973 3160 2123 3226 bilia,
2155 3161 2307 3229 signa
2344 3169 2398 3215 et
2430 3161 2672 3232 prodigia
2735 3160 2848 3214 edit
2888 3160 3002 3214 sola
3055 3157 3324 3228 jussioue,
3378 3154 3538 3225 quasi

1974 3252 2067 3322 qui
2103 3269 2133 3307 a
2160 3251 2269 3307 Deo
2296 3254 2564 3322 acceperit
2608 3262 2966 3322 potestatem;
3000 3250 3200 3306 surdos
3229 3250 3375 3304 enim
3407 3247 3538 3302 facit

1972 3347 2183 3415 audire,
2214 3362 2388 3403 czecos
2440 3347 2647 3411 videre,
2698 3346 2925 3416 pedibus
2974 3343 3180 3398 debiles
3231 3341 3535 3407 ambulare,

1972 3439 2197 3496 claudos
2216 3450 2364 3496 recta
2397 3439 2682 3495 incedere:
2729 3451 2947 3492 omnem
2998 3434 3250 3488 morbum
3289 3431 3531 3502 depellit,

1971 3548 2189 3589 omnem
2218 3533 2519 3589 daemonem
2555 3531 2742 3601 fugat;
2797 3531 2889 3584 sed
2919 3539 2973 3584 et
3004 3527 3203 3598 lcprosi
3232 3526 3433 3591 scabri,
3466 3541 3534 3581 eo

1968 3624 2183 3680 eminus
2205 3633 2419 3679 tantum
2454 3625 2594 3688 viso,
2630 3622 2807 3679 sanati
2853 3622 3093 3685 abeunt,
3148 3619 3349 3674 mortui
3403 3635 3534 3674 vero

1970 3718 2136 3774 oblati
2161 3719 2516 3784 suscitantur,
2533 3716 2778 3788 nihilque
2797 3724 2881 3771 est
2902 3716 3046 3786 quod
3076 3715 3253 3769 facere
3276 3725 3530 3783 nequeat.

1966 3810 2144 3881 Atque
2167 3825 2279 3880 quo
2306 3810 2432 3879 plus
2472 3809 2735 3879 temporis
2764 3807 3097 3879 praeteribat,
3146 3822 3212 3860 eo
3238 3805 3415 3875 major
3440 3808 3531 3860 llr-

1966 3904 2217 3973 miorque
2236 3918 2333 3974 per
2359 3903 2668 3973 complures
2698 3901 3047 3957 advenientes
3106 3900 3393 3966 existebat,
3419 3916 3528 3953 non

1965 3998 2221 4068 amplius,
2254 3997 2497 4067 inquam,
2530 3996 2697 4063 fama,
2723 3995 2815 4051 sed
2857 3995 2936 4050 rei
2980 3995 3208 4049 veritas.
3251 3992 3372 4047 Jam
3400 4007 3531 4047 vero

1963 4101 2018 4146 et
2048 4101 2223 4146 cretus
2244 4106 2335 4161 per
2360 4091 2476 4145 loca
2498 4090 2700 4145 ﬁebant
2721 4088 3141 4143 consultationis
3166 4095 3221 4141 et
3255 4086 3527 4140 delibera-

1966 4183 2129 4240 tionis
2152 4199 2337 4249 causa,
2358 4184 2611 4254 quisnam
2636 4194 2779 4238 esset
2809 4182 2903 4253 qui
2926 4180 3288 4252 apparuisset,
3318 4187 3372 4235 et
3393 4178 3527 4249 quid

1962 4278 2123 4335 vellet
2147 4277 2350 4334 dicere.

2032 4437 2145 4493 νη.
2191 4438 2460 4494 Caeterum
2518 4437 2707 4493 eodem
2737 4451 2904 4503 anno,
2960 4444 3207 4491 autumni
3257 4444 3500 4503 tempore

1960 4534 2183 4604 quidam
2232 4533 2445 4603 publice
2494 4542 2647 4586 stans
2689 4531 2966 4594 clamavit,
3001 4530 3219 4584 dicens:
3256 4526 3372 4581 Viri
3414 4525 3519 4582 Ro-

1960 4626 2129 4689 mani,
2160 4624 2375 4690 audite;
2410 4624 2502 4678 Dei
2527 4623 2696 4678 Filius
2748 4624 2805 4677 in
2853 4622 3037 4678 Judma
3077 4624 3251 4688 adest,
3308 4622 3522 4677 cunctis

1960 4720 2270 4775 volentibus
2297 4718 2618 4788 promittens
2642 4718 2802 4771 vitam
2835 4726 3113 4777 aeternam,
3147 4717 3194 4771 si
3224 4716 3391 4770 vitam
3414 4716 3519 4770 du-

1960 4814 2139 4870 xerint
2162 4827 2228 4866 ex
2250 4811 2528 4865 voluntate
2558 4808 2734 4863 Patris
2760 4808 2852 4877 qui
2879 4808 3028 4863 misit
3056 4809 3228 4863 illum.
3249 4807 3517 4874 Quocirca

1958 4922 2139 4962 mores
2170 4912 2391 4967 mutate,
2423 4917 2452 4955 a
2476 4900 2837 4955 deterioribus
2859 4899 2928 4954 ad
2954 4900 3177 4954 meliora
3205 4900 3452 4967 transite,
3482 4915 3515 4956 a

292 5009 392 5050 πον
446 4998 555 5051 ἀπὸ
585 4997 692 5050 τῶν
741 4996 998 5070 χειρόνων
1030 4994 1122 5048 ἐπὶ
1164 4992 1232 5047 τὰ
1262 4994 1565 5065 κρείττονα,
1597 4997 1704 5051 ἀπὸ
1740 4999 1851 5054 τῶν

1979 4998 2345 5070 emporalihus
2360 4994 2425 5049 ad
2443 5003 2641 5047 aeterna
2662 5009 2676 5045 :
2708 4993 2982 5062 agnoscite
3000 5008 3166 5048 unum
3182 5007 3304 5049 esse
3319 4992 3513 5059 Deum,

1572 5137 1803 5195 VARUE
1843 5141 2241 5198 LEC'l‘lONES.

362 5249 405 5281 "
469 5248 789 5303 ἀντέϐαλλόν
841 5250 901 5305 C.

292 5329 343 5395 ς.
369 5318 422 5395 5.
461 5318 935 5395 Qua:_sequu_utur
964 5321 1019 5395 in
1045 5321 1252 5395 Epit.c.
1292 5320 1347 5395 5‘,
1380 5320 1453 5395 ita
1478 5320 1763 5395 leguntur:
1814 5324 1936 5395 Ἐχθ

292 5384 634 5511 ἓυχάςέιετά
659 5384 758 5458 τῆν
787 5390 894 5442 ἀπὸ
920 5390 1013 5443 τοῦ
1044 5384 1293 5461 σώματος
1322 5384 1555 5472 ἐκείνων
1578 5390 1839 5447 διάλυσιν.
1874 5384 1961 5426 "’5
1990 5395 2018 5446 δ

296 5496 356 5530 η,
388 5474 552 5530 σιχν
569 5459 664 5512 καὶ
686 5459 893 5530 στέγειν
924 5458 982 5530 S,
1020 5471 1237 5530 auctore
1258 5460 1558 5515 Gallandto.
1670 5463 1715 5493 "
1736 5464 1941 5530 ἐγίνετο
1963 5462 2025 5516 0.

342 5496 356 5519 ,
388 5458 540 5528 σιγᾷν
569 5459 664 5512 καὶ
686 5459 893 5528 στέγειν
924 5458 982 5520 S,
1020 5458 1237 5517 auctore
1258 5460 1558 5515 Gallandio.

1004 5250 1173 5328 ”_xa_ti
1234 5250 1552 5328 mutandum
1606 5252 1658 5305 in
1717 5254 1870 5328 ταῦέ
1895 5256 1985 5328 vel
2029 5256 2233 5328 ἐκεῖν’.⁸
2276 5246 2420 5328 8.,οξ
2460 5251 2661 5328 *ἕνεκεν
2697 5247 2766 5301 τά
2832 5249 3056 5328 τοιαῦτα
3095 5251 3325 5328 ἐτόλμας
3356 5254 3500 5328 Epic,

1942 5326 2145 5426 ραίνειν
2177 5325 2283 5395 γάρ
2310 5324 2370 5377 τὸ
2399 5323 2539 5374 θεῖον
2566 5320 2809 5388 λέγουσιν
2841 5322 2932 5373 ἐπὶ
2956 5324 3069 5385 τοῖς
3097 5320 3378 5374 σκύλλουσι
3402 5320 3503 5387 τας

1991 5395 2240 5426 2.4m...“
2267 5393 2305 5426 ρ
2404 5394 2449 5424 ιιι
2484 5392 2556 5426 In.
2584 5390 2629 5426 n
2658 5406 2687 5426 ι»
2743 5387 2859 5426 Rm’:
2915 5405 2945 5426 ιι
2995 5393 3028 5426 ιι
3082 5394 3236 5426 ...νῆν
3291 5394 3502 5426 πρέυεω

1990 5387 2329 5494 διήρχετοῖῖ.
2404 5394 2449 5424 ’³⁸
2484 5392 2557 5445 lla
2584 5387 2707 5444 0c.
2739 5387 2881 5459 Epit.
2915 5405 2964 5445 c.
2995 5393 3047 5446 6.
3082 5394 3256 5463 σιγᾷν,
3291 5394 3502 5461 στέγειν

1990 5462 2006 5494 ὶ
2162 5464 2181 5494 ο
2212 5460 2680 5494 ..λλιουκρηιληιῖιορι
2727 5460 2766 5494 f‘.
2842 5459 2976 5494 Tum
3027 5463 3169 5494 Annal
3223 5462 3278 5494 κει
3328 5462 3379 5494 in
3429 5461 3474 5494 n

2162 5460 2684 5534 '_7rpooxarropdgbget
2727 5460 2789 5514 C.
2824 5459 2977 5534 ATum
3018 5459 3194 5534 ideest'
3223 5462 3278 5515 δέ
3328 5459 3404 5515 ξπ
3429 5461 3496 5518 0.

296 5522 339 5603 ς
369 5522 620 5603 κυλλούς·
649 5522 855 5603 χωλούς
880 5529 1027 5603 ὀρθοῖ
1048 5528 1111 5603 0.
1130 5600 1163 5603 __
1184 5530 1233 5564 ”
1249 5530 1356 5603 gat
1379 5547 1490 5586 out.
1532 5530 1596 5603 0,
1628 5532 1733 5603 qui
1760 5522 2056 5603 anteascr.
2099 5522 2278 5603 μεῖζον
2308 5532 2450 5601 (sic).
2491 5522 2572 5603 ’.ν’
2605 5530 2973 5603 Locus_haud
2999 5532 3159 5587 dubie
3189 5542 3494 5601 corruptus.

298 5587 420 5650 Post
718 5587 1016 5673 Epii._c'._6,
1045 5600 1211 5673 addit.
1246 5600 1430 5653 ἕνεκα.
1460 5602 1563 5656 Sed
1584 5587 1829 5673 maxime
1845 5601 2080 5673 plfenrlit
2099 5587 2175 5655 ’τό
2200 5587 2216 5656 ἶ
2241 5587 2425 5673 εει-ἰῦοί
2439 5601 2627 5656 saltem
2656 5600 2763 5673 τοῦ-
2783 5599 2843 5673 _S.
2939 5602 3021 5673 ‘°°_
3036 5605 3095 5673 ὲν
3134 5587 3494 5673 ρνωξετιίιὶεθσ

299 5666 542 5731 muttit.
568 5666 637 5723 ει
667 5666 726 5724 S.
765 5666 775 5671 ⁷
805 5670 820 5701 ¹
860 5666 985 5725 Dele
1016 5669 1113 5728 τά.
1144 5686 1268 5724 nam
1300 5686 1523 5740 prorsus
1554 5672 1817 5728 redundat
1844 5669 1905 5726 D.
1939 5672 2032 5726 ἐὰν
2063 5673 2133 5731 τά
2164 5674 2300 5727 κατά
2334 5670 2552 5743 γνώμην
2575 5704 2641 5713 -
2662 5671 2936 5743 πράξωσιν
2975 5668 3117 5741 Epit.
3137 5666 3199 5728 ὀ.
3232 5672 3283 5731 7.
3326 5671 3387 5727 S.
