3970 6148
464 289 531 345 63
1346 294 1402 348 S.
1443 290 1827 348 CLEMENTIS
1859 291 1877 346 1
1910 288 2073 345 ROM.
2121 288 2318 346 PUNT.
2358 290 2584 346 OPERA
2620 291 2824 348 DUBIA
3641 294 3720 351 65

465 409 556 476 qui
588 407 643 459 in
694 407 847 461 caelis
876 416 980 473 est,
1011 407 1170 477 cujus
1228 408 1490 461 mundum
1529 407 1730 477 injuste
1774 405 2020 460 habitatis

2136 407 2480 477 προσκαίρων
2512 405 2603 458 ἐπὶ
2627 404 2694 457 τὰ
2744 404 2961 458 αἰώνια·
3005 404 3176 474 γνῶτε
3228 405 3248 435 ²
3280 403 3376 458 ἕνα
3409 402 3539 460 Θεὸν
3569 403 3718 461 εἶναι

465 507 592 552 aute
618 497 799 566 justos
820 498 966 553 illius
993 498 1210 553 oculos:
1244 513 1432 552 verum
1468 499 1516 554 si
1553 497 1953 553 convertamini
1977 506 2032 552 et

463 589 618 658 juxta
670 591 1009 644 voluntatem
1059 590 1179 658 ejus
1212 591 1406 646 vivatis
1437 632 1452 658 ,
1486 591 1539 645 in
1566 592 1716 647 aliud
1769 592 2030 647 saeculum

465 681 669 736 sublati
700 683 1000 750 aeternique
1029 681 1202 736 eﬁecti
1241 682 1609 739 ineﬂ‘abilibus
1649 684 1838 756 ipsius,
1871 684 2030 739 bonis

462 776 841 849 perfruemini;
869 776 954 830 sin
983 789 1112 829 vero
1139 790 1345 830 morem
1375 793 1480 831 non
1507 777 1807 848 gesseritis,
1835 777 2032 832 animae

463 879 658 924 vestra:
679 875 803 937 post
829 865 1243 921 dissolutionem
1272 883 1301 921 a
1331 883 1560 938 corpore
1598 869 1651 922 in
1679 869 1818 938 ignis
1848 869 2027 923 locum

465 961 850 1030 conjicientur,
885 959 977 1012 ubi
1015 967 1277 1014 mternum
1307 961 1509 1029 punitae
1549 960 1724 1014 inutili
1762 960 2030 1015 ducentur

463 1050 807 1120 poenitentia.
848 1047 983 1102 Nam
1020 1059 1236 1120 tempus
1291 1052 1622 1120 paenitentia:
1667 1067 1907 1120 praesens
1947 1061 2031 1107 est

461 1143 565 1197 ista
606 1142 945 1212 singulorum
974 1143 1104 1196 vita.
1132 1142 1302 1197 Porro
1340 1144 1424 1198 his
1447 1159 1545 1212 ego
1571 1143 1771 1198 auditis
1804 1144 2029 1198 moleste

461 1234 724 1300 ferebam,
762 1236 970 1289 nullum
1019 1253 1084 1290 ex
1117 1247 1265 1290 tanta
1329 1239 1611 1290 hominum
1657 1237 2023 1299 multitudine,

459 1333 570 1379 tam
607 1341 805 1396 magno
861 1336 1084 1397 accepto
1142 1329 1355 1393 nuntio,
1386 1329 1621 1382 dixisse:
1675 1328 1731 1382 In
1784 1328 2025 1382 Judwam

459 1420 776 1487 proﬁciscar
802 1430 862 1474 ut
885 1435 1213 1489 cognoscam
1269 1430 1450 1475 utrum
1485 1422 1586 1475 iste
1609 1421 1724 1476 haec
1747 1421 2028 1491 proferens

459 1527 587 1566 vera
617 1513 894 1583 loquatur,
924 1529 1117 1583 nempe
1141 1513 1234 1569 Dei
1273 1513 1470 1568 Filium
1504 1515 1556 1568 in
1581 1513 1820 1569 Iudaeam
1866 1515 2028 1568 adve-

460 1607 629 1672 uisse,
664 1615 882 1676 propter
900 1607 1098 1660 bonam
1127 1615 1495 1675 :eternamque
1522 1621 1693 1675 spem,
1720 1606 1812 1675 qui
1836 1605 2030 1660 volun-

459 1708 627 1752 tatem
657 1698 836 1754 Patris
855 1715 884 1753 a
917 1713 1026 1767 quo
1053 1701 1255 1753 missus
1281 1706 1366 1752 est
1403 1698 1747 1754 manifestet:
1792 1713 2027 1768 namque

458 1791 604 1859 quod
630 1807 754 1845 eum
781 1793 934 1845 aiunt
965 1792 1279 1860 praadieare,
1308 1807 1416 1846 non
1442 1800 1524 1846 est
1541 1791 1834 1861 exiguum:
1890 1805 2028 1860 quo-

458 1885 706 1938 rumdam
739 1885 886 1938 enim
916 1885 1128 1938 animas
1153 1885 1403 1952 alIirmat,
1463 1895 1646 1955 utpote
1673 1885 2024 1949 immortales,

458 1976 859 2030 immortalibus
909 1977 1070 2031 bonis
1124 1975 1425 2044 fruituras;
1480 1978 1712 2032 aliorum
1773 1993 1923 2042 vero.
1970 1981 2024 2034 in

457 2069 640 2135 ignem
673 2070 1064 2125 inexstinctum
1093 2070 1387 2139 projectas,
1422 2079 1688 2126 aeternum
1719 2072 2024 2142 puniendas

455 2175 599 2216 CSSB.

527 2251 662 2308 V’lll.
699 2253 822 2308 llaec
849 2252 915 2309 de
938 2255 1060 2309 aliis
1088 2270 1211 2310 cum
1239 2254 1659 2321 dicerem,etiam
1690 2271 1903 2312 mecum
1938 2258 2025 2314 his

454 2345 635 2399 verbis
666 2346 878 2402 locutus
903 2362 1053 2402 sum:
1084 2346 1265 2413 Quare
1286 2347 1423 2403 alios
1447 2348 1814 2419 vitupero,qui
1845 2351 1896 2404 in
1928 2366 2024 2405 eo~

451 2437 574 2489 dem
606 2437 834 2492 crimine
863 2439 1200 2509 negligentiae
1219 2441 1444 2494 versor?
1463 2439 1661 2494 Verum
1695 2441 1760 2495 ad
1781 2440 2022 2504 Judaaam

453 2531 792 2598 properabo,
845 2542 1130 2600 postquam
1181 2546 1266 2586 res
1319 2547 1469 2587 meas
1518 2548 1898 2603 composuero.
1947 2535 2023 2590 lta

451 2635 580 2674 vero
633 2638 756 2676 cum
785 2624 1116 2688 statuissem,
1159 2624 1386 2677 multum
1424 2625 1480 2678 in
1524 2625 1782 2680 dilatione
1811 2634 2022 2695 tempus

449 2714 728 2781 praeteriit,
764 2715 991 2783 hujusce
1023 2716 1142 2769 vitae
1171 2715 1402 2787 negotiis
1432 2717 1521 2771 vix
1550 2717 1808 2787 explicari
1836 2719 2022 2773 valen-

453 2804 618 2858 tibus.
652 2801 892 2859 Tandem
918 2808 1099 2876 itaque
1128 2810 1467 2866 considerata
1489 2811 1613 2866 vitae
1637 2823 1851 2879 natura,
1879 2817 2020 2884 quod

452 2915 549 2967 spe
591 2899 876 2968 implicans
926 2898 1310 2957 festinantibus
1346 2903 1649 2970 insidietur,
1685 2905 1817 2976 quin
1859 2907 2020 2961 etiam

451 2999 714 3058 quantum
749 2992 1006 3060 temporis
1034 2993 1314 3062 abreptum
1349 2995 1512 3051 fuerit
1538 2998 1671 3051 mihi
1709 2999 1908 3069 spebus
1932 3000 2020 3071 ja-

2135 496 2227 548 τὺν
2244 497 2584 569 ἐπουράνιον,
2621 491 2681 551 οὗ
2704 497 2796 550 τὸν
2828 495 3027 567 κόσμον
3049 495 3248 559 ἀδίκως
3273 497 3472 549 οἰκεῖτε
3503 497 3720 567 ἐμπρο-

2135 587 2260 642 σθεν
2291 589 2402 642 τῶν
2431 589 2593 642 αὑτοῦ
2614 590 2831 643 δικαίων
2851 586 3162 660 ὀφθαλμῶνο
3186 588 3298 642 ἀλλ’
3319 588 3413 642 ἐὰν
3437 589 3708 659 μετασέυμ

2131 679 2298 750 λησθε
2328 681 2421 734 καὶ
2451 679 2592 734 κατὰ
2617 681 2716 752 τὴν
2748 681 2908 734 αὐτοῦ
2935 679 3186 750 βούλησιν
3211 677 3463 750 βιώσητε,
3495 682 3574 744 εἰς
3591 682 3709 734 ἐτε·

2135 788 2224 843 ρον
2257 772 2429 826 αἰῶνα
2460 773 2765 842 ἐνεχθέντες
2793 773 2886 826 καὶ
2903 773 3059 826 ἀΐδιοι
3087 773 3378 844 γινόμενοι,
3398 773 3506 826 τῶν
3537 775 3714 848 ἀπορο

2135 865 2316 936 ρήτων
2355 863 2518 916 αὐτοῦ
2551 863 2770 932 ἀγαθῶν
2810 863 3142 917 ἀπολαύσετε
3173 864 3212 896 ³·
3267 864 3361 918 ἐὰν
3387 865 3443 918 δὲ
3477 865 3710 936 ἀπειθής-

2132 973 2282 1027 σητε,
2317 956 2374 1009 αἱ
2419 955 2591 1026 ψυχαὶ
2625 957 2776 1026 ὑμῶν
2813 956 2951 1027 μετὰ
2988 958 3086 1028 τὴν
3119 956 3214 1010 τοῦ
3268 957 3516 1029 σώματος
3552 958 3710 1014 λύσιν

2129 1050 2208 1111 είς
2240 1049 2334 1101 τὸν
2374 1048 2538 1101 τόπον
2570 1049 2664 1101 τοῦ
2705 1050 2873 1122 πυρὸς
2909 1049 3261 1123 βληθήσονται
3285 1092 3300 1116 ,
3342 1053 3479 1105 ὅπου
3524 1051 3715 1118 ἀῖδιως

2128 1141 2484 1212 κολαζόμεναι
2507 1142 2824 1213 ἀνωφέλητα
2839 1142 2941 1212 31
2953 1145 3391 1214 μετανοήσουσιν.
3409 1144 3464 1196 Ὀ
3485 1143 3589 1215 γὰρ
3609 1144 3712 1215 τῆς

2131 1235 2412 1306 μετανοίας
2439 1235 2625 1306 καιρὸς
2650 1236 2682 1306 ἡ
2715 1233 2808 1288 νῦν
2841 1236 3068 1288 ἑκάστου
3094 1236 3205 1307 ζωὴ
3235 1236 3510 1306 τυγχάνει.
3568 1236 3710 1306 Ἐγὼ

2129 1327 2229 1398 μὲν
2259 1322 2352 1380 οὖν
2373 1327 2545 1380 ταῦτα
2565 1327 2780 1381 ἀκούων
2808 1327 3070 1398 ἠχθόμην,
3105 1329 3186 1381 ὅτι
3211 1329 3386 1393 οὐδεὶς
3417 1331 3482 1382 ἐκ
3522 1329 3710 1382 τοσού-

2124 1437 2233 1472 των
2262 1419 2453 1488 6χλων,
2475 1419 2803 1491 τηλικαύτην
2850 1420 3106 1489 ἀγγελίαν
3158 1421 3414 1488 ἀκούσας,
3453 1425 3703 1494 εἴρηκενο

2126 1512 2222 1575 Είς
2264 1511 2523 1565 Ἰουδαίαν
2546 1502 2904 1583 πορεύσομαι,
2936 1513 3022 1566 ἵνα
3045 1513 3137 1566 ἴδω
3169 1515 3217 1566 εἰ
3245 1515 3398 1568 ταῦθ’
3430 1511 3583 1579 οὗτος
3615 1515 3710 1569 λέ-

2125 1621 2238 1673 γων
2267 1603 2538 1676 ἀληθεύει,
2567 1605 2643 1668 ὡς
2670 1605 2751 1658 ὅτι
2775 1605 2901 1668 Υἱὸς
2921 1605 3054 1659 Θεοῦ
3075 1607 3440 1679 ἐπιδεδήμηκε
3467 1611 3534 1680 τῇ
3573 1610 3712 1663 Ἰου-

2128 1693 2274 1765 δαίᾳ,
2308 1695 2520 1764 ἀγαθῆς
2557 1697 2653 1748 καὶ
2687 1697 2911 1759 αίωνίας
2961 1696 3173 1760 ἐλπίδος
3225 1699 3421 1769 χάριν,
3461 1700 3560 1770 τὴν
3606 1701 3708 1754 τοῦ

2129 1786 2543 1851 ἀποστείλαντος
2569 1788 2782 1859 Πατρὺς
2816 1788 3064 1861 βούλησιν
3080 1791 3394 1860 ’ἐκφαίνων·
3420 1793 3542 1846 ἐπεὶ
3566 1793 3587 1824 ’⁵
3606 1795 3707 1848 καὶ

2127 1879 2264 1950 ὅπερ
2294 1879 2542 1947 λέγουσιν
2575 1879 2733 1933 αὐτὸν
2753 1881 3067 1952 κηρύσσειν,
3097 1882 3197 1935 οὐκ
3229 1881 3343 1936 ἔστι
3371 1883 3590 1955 μικρόν
3627 1877 3706 1941 ὧν

2131 1972 2229 2042 μὲν
2251 1971 2361 2043 γὰρ
2379 1971 2478 2034 τὰς
2495 1971 2672 2043 ψυχὰς
2693 1973 3093 2028 διαϐεϐαιοῦται
3112 1975 3365 2039 αἰωνίους
3391 1959 3555 2040 οὔσας
3572 1979 3706 2032 αἰω-

2127 2061 2254 2115 νίων
2300 2062 2628 2116 ἀπολαύσειν
2673 2065 2891 2134 ἀγαθῶν
2915 2107 2929 2131 ,
2973 2059 3046 2119 ὧν
3081 2067 3135 2120 δὲ
3173 2068 3230 2120 ἐν
3269 2070 3404 2141 πυρὶ
3454 2071 3705 2144 ἀσόέστῳ

2129 2153 2414 2226 ριφθείσας
2443 2156 2463 2186 ⁸
2497 2154 2587 2208 τὸν
2622 2156 2792 2210 αἰῶνα
2826 2158 3274 2234 κολασθήσεσθαι.

2202 2244 2331 2300 γιιι.
2365 2246 2549 2300 Ταῦτα
2599 2247 2707 2316 ἐγὼ
2743 2248 2915 2317 λέγων
2966 2251 3090 2321 περὶ
3132 2251 3303 2306 ἄλλων
3347 2256 3440 2309 καὶ
3480 2258 3701 2331 ἐμαυτῷ

2126 2337 2377 2409 ὡμίλησα
2426 2336 2629 2407 λέγων’
2666 2339 2729 2393 Τί
2760 2339 2949 2406 ἄλλους
2995 2341 3298 2414 μέμφομαι,
3339 2347 3396 2400 ἐν
3443 2349 3518 2420 τῷ
3551 2350 3698 2421 αύτῷ

2125 2433 2226 2503 τῆς
2272 2431 2529 2502 ἀμελείας
2584 2433 2843 2506 ύπάρχων
2892 2435 3230 2508 ἐγκλήματι;
3285 2438 3420 2492 Ἀλλ’
3448 2444 3522 2504 εἰς
3568 2444 3700 2496 Ίου-

2123 2527 2276 2580 δαίαν
2310 2529 2558 2598 ὁρμήσω,
2595 2529 2856 2598 πρότερον
2898 2529 2987 2582 τὸν
3023 2531 3151 2598 ἐμὸν
3198 2531 3396 2596 διαθεὶς
3429 2535 3558 2605 βίον.
3593 2539 3701 2591 Καὶ

2123 2621 2186 2693 δὴ
2221 2619 2365 2674 οὕτω
2397 2622 2417 2652 ⁵
2453 2619 2876 2692 βουλευσαμένου
2913 2640 3047 2694 μου,
3085 2625 3248 2687 πολὺς
3287 2628 3314 2679 ὁ
3364 2626 3464 2696 τῆς
3499 2627 3702 2700 παρολ-

2124 2713 2227 2783 κῆς
2263 2711 2491 2783 ἐγενήθη
2533 2711 2738 2782 χρόνος,
2771 2711 2878 2764 τῶν
2917 2712 3181 2783 βιωτικῶν
3214 2719 3550 2788 πραγμάτιον
3576 2721 3703 2775 δυσ-

2124 2803 2361 2859 εκλύτων
2406 2805 2592 2858 ὅντων.
2642 2806 2821 2877 Πέρας
2867 2808 2996 2876 γοῦν
3047 2812 3344 2882 συννοήσας
3383 2805 3484 2864 ὧδέ
3516 2813 3535 2843 ⁷
3567 2830 3702 2868 ποτε

2122 2899 2221 2970 τὴν
2247 2897 2340 2951 τοῦ
2376 2897 2490 2970 βίου
2524 2897 2702 2968 φύσιν,
2738 2900 2820 2953 ὅτι
2863 2901 3035 2956 ἐλπίδι
3065 2903 3341 2958 ἐκπλοκῶν
3375 2907 3497 2969 τοὺς
3531 2907 3700 2959 σπεύ-

2122 2995 2308 3059 δοντας
2330 2994 2619 3066 ἐνεδρεύει,
2651 2994 2714 3047 οὐ
2750 2995 2855 3066 μὴν
2886 2994 3020 3049 ἀλλά
3057 2997 3151 3049 καὶ
3194 2997 3251 3050 ὅν
3288 3014 3416 3050 ποτε
3449 2998 3700 3052 είσεκλά-

449 3093 629 3150 ctato,
680 3085 934 3154 quodque
989 3086 1067 3141 sic
1118 3089 1367 3157 occupati
1417 3090 1664 3147 homines
1719 3094 2020 3162 morimur,

2125 3106 2232 3160 πην
2263 3087 2448 3160 χρόνον
2481 3087 2658 3140 ἐλπίσι
2694 3088 3026 3158 δονούμενος,
3069 3089 3162 3142 καὶ
3209 3091 3290 3142 ὅτι
3322 3090 3492 3153 οὕτως
3535 3091 3701 3162 ἀσχο-

449 3188 644 3231 cuncta
692 3193 840 3242 mea,
896 3187 1058 3246 prout
1109 3189 1291 3244 erant,
1335 3181 1647 3251 relinquens
1696 3186 1762 3238 ad
1803 3195 2019 3255 portum

450 3271 755 3339 properavi,
781 3281 834 3325 et
863 3272 912 3324 in
938 3281 1153 3340 portum
1181 3275 1404 3330 veniens
1430 3285 1592 3345 atque
1617 3277 1671 3331 in
1700 3280 1864 3334 altum
1893 3283 2021 3336 sub-

452 3375 637 3418 vectus
689 3365 864 3420 ventis
915 3366 1353 3432 adversantibus,
1407 3384 1504 3437 pro
1556 3367 1740 3425 Judaza
1789 3372 2021 3427 Alexan-

451 3455 623 3509 driam
658 3458 864 3527 appuli.
891 3458 984 3512 ubi
1013 3468 1297 3514 ventorum
1340 3461 1743 3531 importunitate
1769 3464 2020 3521 detentus

449 3549 518 3602 ad
569 3549 919 3619 philosophos
961 3552 1311 3619 ventitabam,
1353 3563 1515 3624 atque
1569 3571 1693 3610 eum
1744 3573 2016 3613 rumorem

449 3656 839 3710 sermonesque
868 3643 1012 3697 illius
1052 3644 1145 3712 qui
1178 3644 1362 3699 Romaa
1402 3647 1553 3702 visus
1593 3646 1770 3702 fuerat
1815 3648 2017 3704 refere-

452 3734 600 3786 bam.
627 3734 693 3787 At
720 3733 796 3787 illi
821 3735 1217 3801 responderunt
1243 3755 1256 3790 :
1290 3736 1424 3792 Eum
1449 3741 1687 3810 quidem,
1713 3742 1805 3812 qui
1836 3740 2019 3797 Roma}

447 3825 719 3892 apparuit,
768 3830 1063 3893 nescimus,
1108 3827 1174 3882 de
1230 3829 1323 3884 illo
1367 3840 1544 3886 autem
1591 3833 1684 3902 qui
1729 3833 1782 3888 in
1832 3833 2016 3890 Judam

448 3915 596 3984 degit
625 3931 689 3970 ac
719 3916 890 3972 Filius
926 3918 1021 3972 Dei
1051 3935 1081 3994 a
1121 3919 1266 3974 fama
1295 3922 1512 3990 dicitur,
1543 3933 1596 3978 et
1643 3924 1949 3980 audivimus
1984 3945 2014 3982 a

450 4006 637 4065 multis
667 4008 758 4077 qui
809 4009 956 4064 illinc
985 4011 1226 4077 veniunt,
1257 4022 1311 4067 et
1339 4015 1405 4069 de
1445 4017 1699 4074 omnibus
1739 4020 2014 4077 miraculis

447 4114 570 4168 qua:
600 4099 870 4168 loquendo
902 4100 1030 4157 facit
1057 4105 1385 4174 accepimus.

517 4278 606 4332 IX.
631 4278 876 4351 Cumque
913 4283 1145 4340 dicerem
1174 4303 1186 4341 :
1214 4287 1475 4358 Cuperem
1533 4292 1770 4352 incidere
1811 4297 1864 4352 in
1909 4299 2011 4352 ali-

445 4387 606 4439 quem
639 4373 728 4441 qui
760 4391 880 4427 eum
911 4377 1156 4444 vidisset,
1191 4382 1372 4435 statim
1423 4383 1692 4441 duxerunt
1723 4404 1826 4453 me,
1859 4391 2007 4445 aien-

2122 3184 2371 3256 λούμενοι
2397 3185 2446 3237 οἱ
2469 3183 2739 3254 ἄνθρωποι
2766 3182 3177 3253 ἀποθνήσκομεν
3197 3182 3239 3246 ⁸,
3261 3182 3328 3235 τά
3359 3183 3532 3236 πάντα
3570 3201 3695 3253 μου,

2119 3279 2196 3343 ῶς
2228 3278 2434 3348 ἔτυχεν,
2468 3276 2625 3344 ἀφεὶς
2673 3278 2754 3339 εἰς
2801 3274 3003 3345 Πόρτον
3033 3275 3053 3305 ⁹
3086 3273 3336 3346 ὥρμησα,
3369 3275 3462 3326 καὶ
3509 3277 3587 3338 εἰς
3616 3275 3698 3329 λι-

2124 3373 2259 3445 μένα
2285 3368 2451 3424 ἐλθὼν
2464 3386 2522 3422 τε
2540 3369 2582 3400 ¹⁰
2597 3369 2690 3422 καὶ
2702 3367 2953 3438 ἀναχθεὶς
2973 3365 3189 3436 ἀνέμων
3202 3367 3252 3435 3
3258 3367 3306 3434 2
3343 3366 3562 3437 ἔχθραις
3574 3367 3695 3422 ἀντὶ

2111 3463 2212 3531 ,τοῦ
2247 3467 2327 3529 είς
2363 3461 2712 3524 Ἰουδαίανείς
2736 3459 3136 3531 Ἀλεξάνδρειαν
3156 3459 3387 3529 ήνέχθην
3426 3458 3692 3514 ’καὶάνέ-

2122 3576 2237 3629 μων
2250 3557 2451 3628 ἀπορίᾳ
2463 3553 2767 3626 ἐπισχεθεὶς
2778 3554 2892 3605 ἐκεῖ
2905 3550 3230 3620 συνεφοίτων
3240 3553 3350 3614 τοῖς
3365 3550 3689 3619 φιλοσόφοις,

2117 3651 2212 3705 καὶ
2237 3649 2306 3704 τὰ
2335 3650 2432 3721 τῆς
2461 3648 2648 3718 φήμης
2677 3644 2769 3698 καὶ
2798 3641 2893 3696 τοῦ
2915 3644 2956 3673 ¹¹
2981 3645 3038 3696 ἐν
3077 3642 3259 3714 Ῥώμῃ
3290 3641 3545 3711 φανέντος
3571 3642 3690 3696 ἕλε-

2115 3759 2210 3811 γον
2241 3743 2367 3804 τοὺς
2411 3740 2621 3808 λόγους.
2665 3738 2727 3792 Οί
2760 3737 2816 3790 δὲ
2847 3737 2889 3767 ¹³
2918 3735 3298 3806 ἀπεκρίναντο,
3312 3735 3415 3786 ὅτι·
3450 3733 3553 3787 Τὸν
3589 3733 3692 3806 μὲν

2116 3837 2173 3887 ἐν
2217 3831 2402 3904 Ῥώμῃ
2432 3831 2665 3900 φανέντα
2700 3829 2800 3882 οὐκ
2847 3829 3024 3897 ἴσμεν,
3053 3828 3182 3898 περὶ
3225 3826 3282 3879 δέ
3328 3824 3420 3878 τοῦ
3461 3827 3518 3880 ἐν
3559 3827 3692 3880 Ἰου-

2113 3927 2238 3998 δαίᾳ
2267 3924 2554 3996 γενομένου
2589 3923 2683 3977 καὶ
2711 3920 2842 3974 Υἱοῦ
2870 3919 3003 3973 Θεοῦ
3040 3920 3144 3972 ὑπὸ
3182 3920 3280 3989 τῆς
3320 3920 3505 3989 φήμης
3530 3919 3692 3987 λεγο-

2116 4021 2296 4092 μένου,
2346 4017 2440 4072 καὶ
2478 4015 2632 4088 παρὰ
2672 4013 2878 4067 πολλῶν
2909 4011 3018 4065 τῶν
3060 4011 3310 4064 κάκεῖθεν
3354 4010 3690 4080 ἐληλυθότων

2110 4110 2441 4183 ἠκούσαμεν,
2472 4110 2567 4162 καὶ
2597 4107 2726 4179 περὶ
2766 4105 2982 4160 πάντων
3027 4095 3102 4156 ὧν
3150 4101 3322 4156 λαλῶν
3354 4101 3524 4156 ἐποίει
3557 4102 3689 4156 θαυο

2113 4203 2319 4276 μασίων
2349 4201 2642 4274 ἐμάθομεν.

2180 4296 2269 4351 IX.
2317 4293 2479 4368 Ἐμοῦ
2510 4293 2568 4348 δὲ
2585 4290 2844 4356 εἰπόντος,
2899 4285 3126 4343 Ἥθελόν
3147 4303 3252 4339 τινι
3277 4286 3555 4357 συντυχεῖν
3573 4283 3684 4338 τῶν

2109 4386 2430 4461 ἑωρακότων
2467 4385 2649 4450 αὑτὸν,
2696 4383 2858 4447 εὐθὺς
2892 4377 3024 4453 ἦγόν
3050 4379 3400 4452 μελέγοντες,
3441 4378 3556 4432 ἐστι
3595 4395 3681 4442 τις

447 4473 526 4516 les
555 4483 568 4519 :
603 4462 700 4519 Est
730 4466 817 4521 hic
841 4467 1082 4536 quidam,
1107 4473 1198 4540 qui
1226 4487 1331 4527 non
1375 4475 1551 4530 solum
1575 4475 1703 4531 vidit
1730 4495 1875 4546 eum,
1909 4485 2002 4539 sed

2125 4456 2358 4546 ινταῦθα,
2401 4481 2462 4532 ού
2493 4476 2655 4549 μόνον
2704 4470 2992 4548 ἱστορήσας
3043 4473 3222 4538 αὐτὸν,
3272 4471 3407 4525 ἀλλά
3446 4471 3539 4524 καὶ
3581 4471 3679 4541 τῆς

443 4565 499 4610 et
535 4571 598 4611 ea
645 4574 710 4612 ex
762 4560 981 4629 regione
1016 4563 1280 4619 oriundus
1321 4576 1422 4635 est,
1462 4569 1542 4622 vir
1589 4568 1866 4642 Hebraeus,
1909 4593 2006 4632 no-

444 4650 594 4704 mine
640 4649 936 4720 Barnabas,
979 4655 1072 4724 qui
1123 4671 1181 4711 se
1227 4673 1442 4729 quoque
1483 4661 1559 4716 ait
1583 4679 1750 4718 unum
1781 4680 1902 4722 esse
1938 4684 2000 4723 cx

445 4741 593 4799 illius
621 4742 926 4813 discipulis,
957 4754 1010 4799 et
1055 4746 1144 4802 hic
1185 4750 1375 4806 sedens
1397 4767 1578 4808 rerum
1614 4754 1682 4809 ab
1722 4756 1840 4826 ipso
1876 4773 2003 4827 pro-

444 4836 734 4894 missarum
761 4854 1041 4895 sermones
1071 4841 1372 4900 volentibus
1415 4845 1558 4902 ultro
1583 4846 1763 4902 refert.
1796 4847 1859 4903 Et
1883 4851 2004 4920 qui-

441 4925 565 4982 dem
623 4945 744 4983 cum
801 4933 866 4985 iis
919 4948 1238 5004 progressus
1286 4951 1427 4992 sum.
1478 4940 1556 4994 Ac
1609 4940 1829 4996 veniens
1877 4959 1999 4998 cum

2106 4573 2314 4627 ἐκεῖθεν
2340 4572 2442 4643 γῆς
2471 4570 2748 4642 ὑπάρχων,
2779 4565 3196 4642 ἀνὴρἘὸραῖος,
3231 4565 3446 4636 ὀνόματι
3471 4563 3677 4635 Βαρνά-

2106 4665 2228 4728 6ας,
2259 4665 2318 4728 ὃς
2342 4664 2436 4718 καὶ
2461 4663 2557 4716 ἕνα
2597 4662 2705 4715 τῶν
2732 4661 2895 4715 αύτοῦ
2931 4661 3182 4734 μαθητῶν
3214 4656 3404 4714 ἑαυτὸν
3432 4650 3568 4708 εἶναι
3590 4653 3676 4707 λέ-

2106 4775 2211 4827 γει,
2238 4757 2332 4811 καὶ
2361 4755 2592 4810 ἐνταῦθά
2619 4771 2720 4807 που
2753 4753 3108 4826 καθεζόμενος
3137 4755 3237 4824 τῆς
3285 4747 3494 4807 ἐκείνου
3545 4748 3675 4801 ὑπο-

2110 4851 2346 4923 σχέσεως
2360 4848 2485 4912 τοὺς
2511 4848 2701 4917 λόγους
2727 4851 2836 4911 τοῖς
2860 4847 3196 4918 βουλομένοις
3239 4846 3468 4916 ἑτοίμως
3502 4845 3668 4914 λέγει.

2108 4945 2217 4999 Καὶ
2246 4944 2310 5014 δὴ
2342 4941 2596 5013 συνῆλθον
2641 4941 2838 5004 αὐτοῖς.
2879 4941 2988 4993 Καὶ
3026 4939 3212 5003 ἐλθὼν,
3245 4941 3340 4993 σὺν
3383 4940 3460 5010 τῷ
3503 4957 3668 5012 παρε-

1733 5084 1967 5140 VARUS
2007 5084 2404 5142 LECTIONES.
3574 5143 3576 5147 _

513 5185 534 5216 ³
569 5181 772 5308 ξνῶτες
795 5180 857 5237 Ο.
935 5185 955 5216 ³
979 5185 1059 5266 με
1085 5187 1129 5242 Ο
1151 5204 1200 5244 c.
1227 5190 1392 5262 Epit,
1420 5189 1762 5262 ἀπολαύσητε
1788 5193 1850 5249 C.
1886 5195 2028 5250 κατὰ
2055 5197 2153 5270 τὴν
2180 5213 2229 5250 τ.
2273 5213 2323 5249 σ.
2352 5210 2406 5266 p.
2443 5193 2576 5298 μετὰ
2605 5184 2703 5263 τὴν
2739 5209 2790 5244 τ.
2828 5207 2877 5271 σε
2910 5190 3068 5244 tacite
3096 5190 3263 5268 edidit
3306 5193 3389 5246 Cl.
3419 5194 3659 5262 repetiit-

519 5270 548 5310 e
618 5296 631 5310 .
667 5254 837 5307 Codd.
873 5255 1154 5310 lectionem
1186 5259 1474 5310 in-Annot.
1502 5275 1580 5310 cr.
1625 5278 1719 5310 nm
1747 5265 2053 5310 cnnieomrn
2087 5268 2370 5310 mlnnmns-
2504 5264 2624 5310 ἐπεί
2658 5262 2876 5310 adiunxn
2909 5275 2958 5310 e.
2995 5257 3039 5310 Ο
3073 5271 3125 5310 et
3166 5259 3306 5310 Emt.
3384 5262 3659 5310 δόιςοείσας

667 5254 837 5342 tlpdd.
873 5255 1154 5342 lectiopem
1186 5254 1474 5326 in_'Aunot.
1502 5275 1580 5314 cr.
1606 5254 2054 5342 _pro_coujeetura
2087 5254 2371 5342 adnotans:

2504 5264 2624 5318 ἐπεί
2647 5257 2886 5334 adjungi
2908 5257 3039 5334 _c._0
3073 5271 3125 5334 et
3147 5259 3306 5334 AEpj-t.
3384 5257 3661 5334 υρᾡέσας

483 5271 548 5310 ue
573 5271 631 5316 δ,
667 5271 837 5307 ιρυαιι.
873 5271 1154 5311 Iecuonem
1186 5271 1474 5326 imminut.
1502 5275 1580 5314 cr.
1624 5278 1719 5331 pro
1747 5271 2054 5333 conjectura
2087 5271 2371 5321 adnotans.
2445 5271 2468 5298 ⁸
2504 5271 2624 5318 ἐπεί
2658 5271 2876 5331 adjunXI
2909 5275 2958 5313 c.
2995 5271 3039 5313 U
3073 5271 3125 5313 et
3166 5271 3306 5332 Epit.
3384 5271 3656 5334 υριφεξσας

441 5271 487 5406 ὃ
520 5325 658 5406 ,‘q'ui
693 5323 816 5406 dein
856 5325 1263 5406 κολασθήσεται,
1293 5338 1418 5406 nota
1448 5331 1731 5406 marginali
1760 5345 2060 5406 correctum
2088 5338 2138 5390 in
2164 5337 2306 5406 vulg.
2383 5336 2404 5366 ⁸
2433 5333 2606 5406 οὕτως
2633 5331 2694 5406 C_.
2748 5331 2788 5406 _’
2820 5323 2922 5406 ὧδέ
2969 5329 3047 5406 l),
3086 5332 3114 5382 ὁ
3141 5330 3203 5402 δή
3251 5331 3315 5396 Ο,
3353 5347 3382 5386 c
3427 5331 3656 5406 C."!‘_um

444 5392 722 5448 ὲκπλέκων
760 5392 800 5447 C
830 5436 846 5459 ,
876 5397 966 5470 qui
993 5392 1181 5470 tamen
1228 5398 1510 5470 ἐμπλέκων
1541 5392 1687 5470 conj.

445 5481 691 5520 asserens
723 5481 735 5516 :
789 5473 841 5518 lu
867 5465 1131 5521 Clericum
1163 5465 1271 5538 (ed.
1303 5469 1460 5535 1624)
1493 5465 1659 5526 intelli
1698 5487 1746 5526 e.

448 5549 640 5594 nempe
680 5533 980 5589 Romanum
1012 5554 1024 5590 :
1051 5537 1171 5591 vide
1199 5538 1422 5594 Mai-tur.
1453 5539 1570 5594 Ian.
1595 5489 1712 5594 eg.

448 5549 640 5612 nempe
680 5533 980 5612 Romanum
1012 5554 1024 5590 :
1051 5533 1179 5612 vide
1199 5538 1422 5612 Μαι-(ψ.
1447 5533 1570 5612 19η.
1595 5533 1712 5606 οὔ,

1773 5404 1796 5434 ⁸
1823 5403 1980 5477 Errat
2011 5398 2384 5477 Selnjweglérus
2420 5405 2485 5477 de
2532 5399 2828 5477 Qotelerio.
2854 5398 3250 5477 ἀποθχίσκομεν
3273 5417 3396 5455 eum
3425 5403 3660 5457 edidisse

1824 5475 2067 5548 ’_g:tS_p-cov
2095 5475 2182 5548 ρ,
2204 5467 2405 5548 ’πόντον
2441 5472 2500 5548 C.
2534 5471 2654 5548 lam
2691 5469 2932 5548 Clericus
2959 5467 3388 5548 :Forte_'wdprov,
3428 5481 3659 5548 portum,

1750 5551 1803 5597 et
1849 5539 1988 5613 Epit.
2020 5562 2068 5602 c.
2111 5541 2198 5600 78.
2231 5545 2366 5599 Tum
2411 5545 2490 5606 εἰς
2519 5541 2610 5594 τὸν
2638 5539 2922 5613 λιμένα

3031 5538 3074 5570 ⁸⁸
3099 5538 3159 5594 τέ
3188 5537 3297 5594 om.
3328 5537 3393 5595 Ο.
3430 5537 3435 5538 7
3489 5542 3531 5573 “
3565 5546 3660 5596 καὶ

445 5605 536 5682 τοῦ
571 5601 636 5663 Ο,
665 5612 716 5682 et
734 5621 810 5682 ex
834 5606 1063 5677 conject.
1092 5604 1133 5658 D
1164 5646 1179 5674 ,
1213 5601 1566 5678 μετάῑτοῡνυ.
1646 5601 1770 5666 ¹¹ὀτ
1791 5615 1840 5667 τ’
1867 5601 1932 5674 ὁ.
1959 5601 2096 5673 Tum
2137 5616 2317 5674 addidi
2342 5613 2430 5668 τόν
2459 5601 2582 5668 ante
2621 5601 2720 5682 μέν
2752 5625 2802 5665 c.
2843 5607 2908 5666 Ο.
2950 5605 3030 5666 Ita
3058 5609 3340 5682 legendum
3366 5624 3490 5668 esse
3515 5621 3662 5669 recte

445 5673 694 5729 observat
711 5674 788 5746 ‘S.
