3970 6148
209 267 282 379 (εί
1325 303 1775 361 (ΞΠΞΜΕΝΊΊΝΛ.

1879 330 1882 339 ν
1921 301 2201 357 ιιῡδιιιιΑ
2231 303 2270 359 1.
3374 299 3445 352 OG

206 430 365 485 πῶτι
390 427 536 499 ὔχλῳ
582 426 739 499 ἔστην
778 425 1061 478 ἐπακούων
1103 423 1211 475 τῶν
1263 421 1454 490 λόγων,
1487 422 1580 474 καὶ
1620 437 1772 474 συνε-

1879 424 2083 472 astante
2113 412 2457 470 multitudine
2504 414 2626 470 steti
2670 428 2947 470 sermones
2996 415 3254 483 audiens;
3282 427 3448 487 atque

204 525 356 580 νόουν
406 521 609 594 τάληθῆ
644 521 685 552 ³⁸
711 519 771 572 οὐ
813 518 1122 588 διαλεκτικῇ
1169 515 1328 586 τέχνῃ
1358 514 1601 583 λέγοντα,
1639 513 1772 567 ἀλλά

200 618 425 680 ἀκάκως
473 615 565 670 καὶ
617 611 1118 684 ἀπαρασκευάστως
1184 607 1558 679 ὲκτιθέμενον,
1619 607 1654 660 ἆ
1711 623 1771 659 τε

201 711 403 778 ἢκουσε
445 709 534 762 καὶ
572 705 781 778 ἑώρακε
807 705 897 758 τὸν
937 703 1030 756 τοῦ
1063 701 1197 755 Θεοῦ
1240 701 1472 771 φανέντα
1509 700 1637 752 Υίὸν
1675 716 1774 752 πε-

203 801 484 873 ποιηκέναι
530 817 590 852 τε
624 799 718 852 καὶ
762 797 1059 870 εἰρηκέναι.
1107 793 1340 857 Πολλοὺς
1383 793 1440 846 δὲ
1492 793 1773 864 μάρτυρας

197 895 306 949 τῶν
333 895 420 948 ὑπ’
440 891 602 946 αὑτοῦ
633 891 938 962 λεγομένων
970 890 1012 920 ³⁸
1033 887 1347 959 θαυμασίων
1370 904 1428 939 τε
1457 887 1550 939 καὶ
1577 885 1769 953 λόγων,

197 988 291 1041 καὶ
315 986 371 1052 ἐξ
397 984 560 1040 αὐτοῦ
592 983 686 1037 τοῦ
713 981 1059 1055 παρεστῶτος
1083 980 1259 1052 ὄχλου,
1289 982 1568 1052 παρεῖχεν.

265 1101 332 1155 Χ.
377 1098 593 1170 Ἐπειδὴ
631 1099 688 1151 δὲ
739 1097 876 1168 πρὸς
913 1095 982 1148 τά
1026 1093 1381 1165 ἀπανούργως
1413 1091 1679 1162 λεγόμενα
1721 1091 1770 1142 ot

195 1195 338 1265 ϐχλοι
373 1193 540 1264 ἡδέως
570 1193 615 1224 ³⁵
645 1190 950 1251 διετίθεντο,
984 1187 1089 1257 33
1113 1189 1160 1239 οί
1201 1189 1265 1240 ὲκ
1307 1183 1552 1246 παιδείας
1583 1199 1773 1252 κοσμι-

193 1288 296 1358 κῆς
317 1285 626 1358 ὁρμώμενοι
664 1283 938 1352 φιλόσοφοι
977 1280 1140 1350 γελᾷν
1182 1279 1342 1332 αὐτὸν
1370 1275 1464 1331 καὶ
1492 1273 1772 1346 χλευάζειν

193 1377 520 1432 ἐπεϐάλοντο
547 1377 612 1440 ⁸⁸,
659 1373 997 1436 σκώπτοντες
1040 1373 1133 1426 καὶ
1179 1370 1524 1443 διασύροντες
1583 1367 1773 1438 θράσει

194 1470 437 1542 ἀμέτρῳ,
463 1469 538 1532 ὡς
569 1467 820 1538 μεγάλοις
854 1465 1035 1529 ὅπλοις
1078 1463 1406 1535 κεχρημένοι
1449 1463 1560 1524 τοῖς
1591 1459 1773 1512 συλλο-

195 1565 430 1632 γισμοῖς.
473 1561 531 1614 '0
551 1560 608 1613 δὲ
637 1558 1020 1629 ἀπωθούμενος
1047 1554 1223 1608 αὐτῶν
1252 1554 1343 1606 τὸν
1365 1553 1526 1624 λῆρον
1547 1551 1607 1604 οὐ
1645 1569 1772 1604 συνυ

197 1655 416 1726 ἔτρεχεν
447 1653 623 1707 αὐτῶν
663 1655 730 1723 τῇ
775 1651 1064 1724 πανούργῳ
1111 1648 1299 1702 πεύσει
1322 1647 1386 1712 ¹⁷,
1419 1646 1530 1700 ἀλλ’
1564 1647 1770 1700 ἀκατα-

1873 506 2111 565 intellexi
2139 523 2265 563 vera
2314 523 2439 562 eum
2487 522 2593 561 non
2639 505 2917 562 dialectica
2956 518 3072 564 arte
3110 509 3312 576 dicere,
3351 512 3444 567 sed

1873 604 1990 660 sine
2021 603 2222 659 malitia
2251 613 2304 656 et
2327 601 2719 671 praeparatione
2758 617 3027 670 exponere
3050 621 3169 672 qute
3201 607 3448 664 audierat

1871 707 1924 751 et
1949 699 2156 753 viderat
2191 713 2219 750 a
2254 697 2346 751 Dei
2374 695 2533 762 Filio,
2567 696 2660 765 qui
2705 706 3031 765 conspectus
3073 697 3268 761 fuerat,
3305 700 3444 756 fat-ta

1871 802 1921 847 et
1953 794 2114 848 dicta.
2143 791 2340 846 Multos
2389 801 2565 844 autem
2616 798 2780 843 testes
2811 791 3199 844 miraculorum
3240 802 3290 846 et
3330 810 3447 846 ser-

1873 901 2115 950 monum,
2145 885 2213 939 ab
2243 885 2360 953 ipso
2389 884 2685 947 editorum,
2711 899 2775 938 ex
2823 884 2938 954 ipsa
2963 885 3123 938 etiam
3157 887 3446 942 assistente

1872 983 2026 1053 plebe
2047 979 2395 1050 producebat.

1941 1096 2010 1151 X.
2043 1093 2492 1163 Quandoquidem
2525 1108 2652 1147 vero
2683 1092 2749 1146 ad
2779 1093 2918 1147 dicta
2966 1093 3188 1148 minime
3220 1095 3445 1150 subdola

1872 1190 2103 1260 populus
2136 1189 2362 1242 libenter
2388 1187 2716 1252 attendebat,
2747 1203 2810 1241 ex
2854 1185 3160 1242 eruditione
3198 1190 3444 1243 sazculari

1872 1284 2198 1354 prodeuntes
2236 1283 2541 1352 philosophi
2592 1281 2770 1337 ridere
2821 1299 2944 1337 eum
2992 1298 3057 1337 ac
3111 1284 3448 1338 subsannate

1872 1377 2112 1446 aggressi
2155 1384 2301 1440 sunt,
2329 1375 2623 1430 immodica
2663 1375 2889 1430 audacia
2930 1375 3244 1429 cavillantes
3283 1385 3449 1444 atque

1871 1468 2087 1538 probris
2119 1467 2472 1532 incessentes,
2505 1477 2557 1521 et
2579 1468 2740 1536 quasi
2786 1469 2954 1522 armis
2991 1469 3184 1525 validis
3231 1479 3447 1528 utentes

1873 1560 2218 1630 syllogismis.
2256 1558 2455 1623 Atille,
2510 1558 2741 1628 ineptias
2793 1575 2981 1614 eorum
3015 1561 3296 1630 repellens,
3325 1579 3448 1617 ver-

1873 1662 2006 1707 suta;
2059 1653 2301 1722 ipsorum
2351 1651 2761 1722 interrogationi
2809 1668 2915 1706 non
2947 1654 3299 1720 occurrebat;
3352 1655 3448 1710 sed

197 1748 453 1821 πλήκτως
473 1739 546 1800 ὧν
577 1745 878 1813 ἔλεγενιούκ
905 1743 1180 1812 ἀφίστατο.
1213 1741 1322 1794 Καί
1363 1739 1493 1792 ποτέ
1537 1756 1620 1802 τις
1671 1739 1769 1791 αὑ-

1879 1743 2136 1813 intrepide
2183 1759 2212 1797 a
2263 1758 2513 1798 sermone
2565 1759 2665 1798 suo
2715 1760 2823 1798 non
2873 1744 3184 1800 desistebat.
3236 1744 3301 1799 Et
3341 1747 3445 1800 ali-

196 1841 292 1895 τοῦ
327 1839 576 1901 ἐπύθετο,
611 1837 696 1891 διά
721 1836 772 1889 τί
809 1835 1003 1906 κώνωψ
1049 1834 1280 1904 ἐγένετο,
1311 1833 1405 1887 καὶ
1432 1832 1475 1864 ’⁸
1505 1829 1790 1914 βραχύτατ

194 1951 289 1988 τον
315 1933 399 1996 ὃν,
423 1933 481 1998 ἓξ
513 1931 676 1994 πόδας
709 1929 848 1999 ἕχον,
892 1927 1002 1998 ἔχει
1035 1928 1076 1959 ³³
1103 1927 1197 1981 καὶ
1241 1925 1437 1997 πτερὰ,
1471 1925 1666 1994 ἐλέφας
1691 1925 1769 1989 δὲ,

191 2025 255 2079 τὸ
284 2025 538 2097 μέγιστον
562 2023 669 2076 τῶν
696 2020 868 2086 ζώων,
896 2021 1130 2092 ἄπτερος
1161 2017 1256 2083 ὢν,
1277 2018 1547 2089 τέσσαρας
1584 2017 1774 2088 μόνους

193 2118 309 2188 ἔχει
338 2115 522 2180 πόδας.
559 2115 617 2170 '0
643 2114 700 2169 δὲ
731 2111 868 2185 μετά
897 2114 995 2185 τὴν
1033 2112 1224 2166 πεῦσιν
1252 2112 1342 2164 τὸν
1382 2111 1774 2181 ὲμποδισθέντα

193 2208 477 2264 ἀναλαϐὼν
513 2207 686 2277 λόγον,
727 2208 802 2270 ὡς
845 2206 980 2277 πρὸς
1023 2207 1121 2276 τὴν
1155 2204 1360 2275 ,πεῦσιν
1406 2204 1776 2274 ἀποκρινάμε-

193 2319 285 2366 νος
310 2303 378 2367 ’⁸,
403 2302 496 2355 τὸν
523 2300 671 2372 αὐτῷ
698 2300 792 2354 ἀπ’
826 2299 1000 2371 ἀρχῆς
1038 2298 1394 2369 προκείμενον
1437 2295 1774 2365 ἀνελάμϐανε

193 2396 350 2467 λόγον
376 2397 549 2466 τούτῳ
578 2394 722 2466 μόνῳ
761 2391 1028 2464 προοιμίῳ
1072 2388 1348 2460 χρώμενος
1389 2388 1508 2442 καθ’
1543 2388 1776 2460 ἑκάστην

193 2489 466 2558 ἐγκοπήν·
502 2488 687 2556 Ἡμεῖς
716 2484 808 2538 τοῦ
841 2483 1151 2553 πέμψαντος
1175 2483 1320 2552 ἡμᾶς
1341 2483 1464 2544 τοὺς
1480 2481 1665 2550 λόγους
1685 2481 1778 2534 καὶ

193 2580 294 2644 τάς
335 2577 672 2649 θαυμασίους
722 2575 945 2647 πράξεις
989 2576 1159 2627 εἰπεῖν
1210 2575 1336 2643 ὑμῖν
1381 2573 1538 2643 μόνον
1584 2573 1776 2643 ἔχομεν

195 2672 435 2742 ἐντολὴν,
472 2670 566 2723 καὶ
601 2660 721 2722 ἀντὶ
759 2669 858 2739 τῆς
882 2667 1103 2737 λογικῆς
1138 2665 1460 2729 ἀποδείξεως
1495 2665 1778 2737 μάρτυρας

195 2763 506 2834 παρέχομεν
555 2761 682 2832 ὑμῖν
719 2759 826 2812 τῶν
874 2759 932 2824 ἐξ
975 2757 1128 2828 ὑμῶν
1159 2759 1202 2788 ¹¹
1231 2757 1594 2827 παρεστώτων
1647 2758 1773 2810 πολ-

196 2853 336 2920 λοὺς,
362 2849 440 2908 ὧν
463 2853 574 2922 ἐγὼ
603 2853 671 2906 τά
703 2853 747 2883 “
768 2852 880 2923 εῐδη
909 2850 1210 2922 μέμνημαι,
1239 2850 1313 2913 ὡς
1335 2849 1608 2920 ἐμψύχους
1636 2849 1777 2902 εἰκό-

197 2965 311 3011 νας,
341 2945 536 3008 ίκανάς
565 2945 886 3016 μαρτυρίας.
921 2943 1122 2998 Λοιπὸν
1148 2942 1247 3012 τῆς
1268 2941 1314 2972 ³³
1336 2941 1607 3012 ὑμετέρας
1632 2942 1778 2995 ἐστὶν

196 3038 464 3106 ἔξουσίας,
494 3036 736 3090 ὑπείκειν
763 3036 794 3105 ἢ
818 3033 1078 3089 ἀπειθεῖν.
1124 3033 1229 3086 Τοῦ
1267 3033 1323 3085 δὲ
1354 3033 1532 3100 λέγειν
1565 3034 1690 3103 ὑμῖν
1714 3033 1775 3086 τὸ

200 3133 476 3205 συμφέρον
494 3132 556 3184 οὑ
578 3129 872 3200 παύσομαι,
893 3129 973 3182 ὅτι
999 3127 1120 3198 ἐμοὶ
1147 3127 1244 3198 μὲν
1268 3126 1434 3195 ζημία
1461 3126 1521 3177 τὸ
1543 3127 1772 3195 σιωπᾷν,

201 3225 323 3296 ὑμῖν
345 3225 402 3278 δὲ
423 3223 491 3276 τὸ
509 3221 747 3277 ἀπειθεῖν
778 3220 965 3290 βλάϐη.
996 3218 1154 3272 Ἀλλά
1174 3218 1264 3270 καὶ
1291 3217 1398 3270 τῶν
1429 3217 1646 3269 εἰκαίων
1670 3215 1778 3288 θά,

201 3314 348 3386 ὑμῶν
375 3312 778 3387 προϐλημάτων
809 3311 906 3374 τὰς
929 3309 1227 3375 ἀποδείξεις
1255 3309 1300 3340 ³⁸
1327 3309 1616 3363 ἀποδοῦναι
1648 3310 1776 3379 ἠδυ-

201 3409 394 3481 νάμην,
425 3410 480 3462 εἰ
509 3404 815 3477 φιλαληθῶς
855 3403 1234 3458 ὲπυνθάνεσθε.
1289 3402 1565 3466 Κώνωπος
1592 3403 1647 3456 δὲ
1684 3403 1778 3456 καὶ

203 3502 486 3571 ἐλέφαντος
517 3501 616 3571 τὴν
652 3499 826 3552 αἰτίαν
871 3499 968 3569 τῆς
1005 3498 1258 3570 διαφόρου
1299 3496 1652 3568 δημιουργίας
1684 3495 1777 3549 νῦν

204 3595 328 3664 ὑμῖν
369 3595 468 3648 οὐκ
518 3593 665 3646 ἐστιν
715 3594 886 3645 εἰπεῖν
936 3591 983 3622 ’⁸
1029 3589 1283 3662 εὔκαιρον
1321 3592 1434 3652 τοῖς
1481 3589 1589 3642 τῶν
1643 3587 1776 3641 ὂλων

204 3685 450 3754 ἀγνοοῦσι
481 3685 634 3738 Θεόν.

274 3995 364 4051 XI.
396 3997 584 4053 Ταῦτα
615 3997 776 4049 αὐτοῦ
805 3997 1068 4066 λέγοντος,
1097 3997 1172 4060 ὼς
1199 3997 1262 4050 ὲκ
1296 3995 1609 4067 συμφωνίας
1645 3997 1776 4051 ἀτα-

209 4105 332 4143 κτον
370 4090 604 4160 ἠφίεσαν
635 4086 865 4156 γέλωτα,
900 4089 1250 4159 κατασιωπᾷν
1283 4089 1378 4141 καὶ
1427 4089 1650 4158 ἀπορεῖν
1683 4088 1779 4140 αύ-

211 4179 298 4232 τδν
328 4180 658 4252 πειρώμενοι
685 4180 760 4242 ὡς
791 4179 1061 4251 βάρϐαρόν
1088 4197 1210 4232 τινα
1253 4179 1601 4250 δαιμονῶντα.
1639 4178 1780 4246 Ἐγὼ

211 4272 452 4326 δὲταῦτα
479 4271 644 4344 ὁρῶν,
675 4271 818 4342 ζήλῳ
844 4271 944 4324 οὐκ
983 4265 1077 4324 οἷδ’
1109 4272 1255 4335 ὅπως
1295 4270 1537 4342 ληφθεὶς,
1569 4271 1782 4324 εὐσεϐεῖ

215 4363 364 4434 θυμῷ
391 4365 484 4417 τοῦ
517 4361 704 4416 λοιποῦ
745 4363 900 4433 σιγᾷν
943 4361 1040 4414 οὐκ
1085 4363 1432 4434 ἐκαρτέρουν,
1463 4362 1597 4415 ἀλλά
1644 4360 1778 4433 μετά

1873 1835 2091 1906 quando
2132 1835 2352 1904 quidam
2399 1836 2623 1905 rogabat
2663 1852 2809 1899 eum,
2850 1852 2949 1891 cur
2975 1837 3047 1890 ita
3086 1837 3259 1892 factus
3305 1848 3446 1893 esset

1874 1929 2050 1991 culex,
2081 1937 2160 1989 ut,
2183 1943 2305 1981 cum
2335 1928 2617 1982 minimum
2649 1928 2776 1997 quid
2819 1928 2909 1992 sit,
2940 1937 2991 1982 et
3021 1945 3113 1983 sex
3147 1929 3306 1998 pedes
3343 1929 3446 1982 ha-

1876 2020 2018 2086 beat,
2039 2021 2260 2088 insuper
2283 2029 2336 2074 et
2358 2021 2472 2075 alas
2495 2031 2677 2090 gerat;
2704 2021 2922 2090 elephas
2947 2037 3093 2087 vero,
3125 2021 3445 2076 animalium

1875 2113 2193 2181 maximum,
2233 2128 2356 2186 cum
2389 2123 2570 2168 careat
2615 2115 2737 2180 alis,
2777 2123 3010 2184 quatuor
3044 2123 3252 2168 tantum
3285 2115 3449 2184 pedes

1876 2207 2090 2262 habeat.
2125 2206 2214 2262 llle
2241 2215 2422 2260 autem
2462 2217 2586 2276 post
2621 2209 3121 2280 interrogationem,
3157 2210 3445 2278 abruptum

1877 2316 2158 2356 resumens
2200 2315 2528 2367 sermonem,
2559 2301 2716 2369 quasi
2758 2300 2823 2354 ad
2859 2301 3316 2370 percontationem
3357 2316 3448 2354 re-

1875 2379 2202 2463 spondisset,
2225 2394 2559 2463 propositum
2589 2394 2688 2448 sibi
2733 2393 2801 2448 ab
2831 2393 2984 2447 initio
3023 2408 3327 2448 sermonem
3361 2410 3450 2446 re-

1874 2486 2048 2555 petiit,
2092 2486 2191 2541 hoc
2219 2485 2337 2542 solo
2367 2495 2522 2540 utens
2565 2487 2830 2556 procemio
2862 2503 2956 2555 per
3003 2485 3244 2556 singulas
3282 2486 3448 2538 inter-

1874 2580 2192 2649 pellationes
2219 2596 2231 2631 :
2261 2578 2429 2632 Nobis
2460 2579 2842 2633 demandatum
2882 2577 3222 2631 solummodo
3253 2587 3355 2638 est,
3391 2585 3448 2629 ut

1872 2673 2030 2729 vobis
2066 2687 2346 2728 sermones
2383 2680 2436 2726 et
2465 2671 2735 2724 mirabilia
2779 2678 2927 2738 gesta
2976 2669 3122 2722 illius
3170 2668 3263 2737 qui
3299 2666 3448 2721 misit

1874 2779 1994 2830 nos,
2024 2763 2357 2830 referamus;
2382 2779 2445 2818 ac
2474 2779 2572 2834 pro
2597 2763 2771 2833 logica
2790 2762 3254 2818 demonstratione
3284 2770 3448 2816 testes

1874 2856 2028 2910 vobis
2057 2855 2410 2925 producimus
2455 2871 2644 2910 eorum
2689 2855 2782 2925 qui
2821 2872 2888 2911 ex
2927 2855 3080 2910 vobis
3132 2855 3220 2910 hic
3269 2863 3448 2909 astant

1873 2949 2182 3018 complures
2211 2963 2442 3017 quorum
2478 2964 2578 3018 ego
2620 2947 2786 3002 facies
2819 2948 3092 3010 recordor,
3122 2947 3266 3001 velut
3298 2947 3450 3000 vivas

1877 3043 2160 3114 imagines,
2185 3041 2378 3095 idonea
2403 3040 2732 3095 testimonia.
2764 3039 3029 3093 Caeterum
3058 3039 3111 3092 in
3141 3049 3320 3094 vestra
3352 3056 3450 3108 pon-

1878 3142 2072 3190 testate
2113 3134 2278 3188 situm
2314 3141 2417 3196 est,
2461 3132 2709 3201 obsequi,
2741 3132 2822 3186 vel
2866 3131 3023 3185 Iidem
3071 3149 3178 3184 non
3225 3132 3445 3189 habete.

1877 3225 1991 3297 Ego
2021 3236 2166 3281 certe
2207 3241 2314 3279 non
2354 3225 2581 3278 cessabo
2625 3223 2778 3278 vobis
2812 3239 3081 3292 exponere
3127 3225 3270 3292 quod
3318 3226 3448 3278 utile

1877 3328 1960 3376 est
1992 3338 2004 3374 :
2035 3319 2294 3390 quoniam
2342 3318 2471 3372 mihi
2502 3317 2720 3386 quidem
2765 3317 3027 3371 damnum
3078 3325 3180 3380 est,
3229 3326 3446 3382 tacere;

1879 3411 2032 3467 vobis
2057 3427 2208 3476 vero,
2237 3427 2342 3465 non
2390 3411 2628 3476 credere,
2666 3426 2825 3464 noxa.
2860 3410 2963 3464 Sed
2997 3421 3050 3464 et
3093 3409 3325 3464 {utilium
3357 3427 3448 3465 ve-

1879 3515 2113 3560 strarum
2136 3506 2496 3575 quaestionum
2521 3503 3008 3557 demonstrationes
3031 3501 3160 3557 dare
3182 3513 3447 3572 poteram,

1879 3598 1925 3653 si
1965 3598 2208 3653 veritatis
2262 3597 2442 3651 studio
2484 3595 2942 3666 interrogassctis.
2981 3593 3177 3648 Verum
3224 3609 3446 3649 causam

1877 3691 2104 3745 diversa:
2137 3689 2429 3744 creationis
2467 3688 2658 3742 culicis
2701 3697 2755 3742 et
2795 3687 3064 3757 elephanti
3113 3703 3257 3742 nunc
3291 3689 3447 3743 vobis

1877 3785 2087 3854 aperire
2115 3784 2550 3854 intempestivum
2581 3793 2744 3848 esset,
2771 3784 2864 3854 qui
2889 3781 3054 3837 Deum
3088 3783 3331 3837 omnium
3364 3798 3448 3836 re-

1879 3894 1996 3930 rum
2031 3877 2312 3948 ignoratis.

1947 3990 2038 4044 XI.
2073 3989 2198 4045 Haec
2233 4005 2299 4046 eo
2328 3992 2540 4047 dicente
2566 3990 2724 4061 quasi
2766 4006 2833 4045 ex
2869 3991 3146 4045 communi
3177 4006 3446 4046 consensu

1878 4085 2210 4155 petulantem
2246 4084 2416 4139 risum
2457 4085 2775 4147 emiserunt,
2811 4082 2962 4149 illum
3007 4082 3237 4135 nitentes
3274 4082 3340 4134 ad
3374 4082 3449 4135 si-

1879 4180 2102 4234 lentium
2127 4187 2184 4233 et
2214 4178 2280 4232 ad
2307 4177 2586 4247 angustias
2611 4177 2850 4246 redigere
2874 4185 3129 4244 tanquam
3156 4175 3452 4231 barbarum

1879 4271 2168 4340 quemdam
2217 4269 2492 4324 insanum.
2545 4268 2677 4334 Qua:
2719 4282 2842 4323 cum
2889 4283 2990 4338 ego
3039 4267 3298 4329 intuerer,
3331 4268 3452 4320 zelo

1883 4364 2068 4420 nescio
2109 4379 2219 4433 qua
2254 4364 2462 4418 ratione
2509 4370 2812 4431 correptus,
2857 4375 2952 4430 per
2974 4361 3292 4430 irampiam
3325 4377 3446 4414 am-

215 4457 520 4528 παρρησίας
582 4455 748 4509 ἐϐόων
799 4454 996 4523 λέγων·
1028 4455 1276 4522 Εὐλόγως
1313 4456 1340 4507 ὁ
1387 4455 1518 4519 Θεὸς
1560 4457 1686 4526 ὑμῖν
1734 4455 1775 4485 ³⁸

1883 4457 2025 4526 plius
2049 4464 2227 4510 tacere
2254 4470 2362 4510 non
2399 4453 2656 4519 sustinui,
2693 4453 2784 4508 sed
2818 4467 2941 4508 cum
2975 4451 3172 4506 fiducia
3217 4451 3447 4506 clamavi

215 4550 591 4620 ἀκατάληπτον
647 4553 745 4619 τὴν
796 4546 956 4600 αὐτοῦ
1005 4546 1250 4619 βούλησιν
1299 4548 1467 4612 ἔθετο,
1531 4548 1780 4614 ἀναξίους

218 4640 463 4711 προϊδὼν,
498 4641 576 4702 ὡς
611 4641 675 4692 ὲκ
702 4639 744 4669 ’⁷
776 4637 884 4694 τῶν
908 4637 1001 4690 νῦν
1030 4640 1154 4702 τοὺς
1189 4640 1426 4710 κριτικὸν
1466 4639 1588 4694 νοῦν
1634 4641 1783 4711 ἔχον-

217 4747 310 4792 τας
337 4731 693 4802 πληροφορῶν
738 4728 1002 4798 φαίνεται.
1049 4730 1198 4782 Ἐπεὶ
1235 4731 1342 4802 γάρ
1370 4732 1465 4786 νῦν
1496 4735 1593 4805 τῆς
1618 4735 1780 4789 αὑτοῦ

221 4821 515 4895 βουλήσεως
540 4826 776 4896 κήρυκες
813 4822 1270 4894 ἐξαπεστάλησαν,
1297 4825 1357 4876 ού
1393 4829 1782 4899 γραμματικὴν

1886 4549 2104 4604 dicens:
2125 4547 2255 4603 Jnre
2280 4547 2423 4602 Deus
2451 4547 2782 4600 voluntatem
2809 4560 2965 4600 suam
2988 4544 3450 4614 incomprehensi-

1885 4641 2046 4696 bilem
2072 4640 2228 4694 vobis
2273 4654 2396 4694 esse
2439 4637 2630 4701 voluit,
2668 4637 2916 4706 indignos
2959 4637 3271 4707 prmsciens,
3310 4636 3449 4690 sicut

1885 4748 1950 4788 ex
1982 4731 2338 4803 praesentibus
2385 4731 2475 4784 dat
2504 4730 2658 4800 plene
2683 4730 2980 4801 intelligere
3019 4728 3087 4782 iis
3127 4728 3221 4797 qui
3252 4729 3448 4782 mentis

1881 4825 2086 4896 judicio
2136 4831 2380 4878 utuntur.
2426 4821 2565 4888 Quia
2613 4826 2760 4877 enim
2808 4837 2953 4877 nunc
2995 4821 3114 4891 ejus
3155 4821 3450 4877 voluntatis

1515 4961 1742 5016 VARIA‘I
1783 4961 2181 5019 LECTIONES.

323 5075 366 5107 "
391 5072 713 5145 «amomo.
748 5071 885 5145 Tum
918 5071 1104 5145 ἀπλῷς
1134 5086 1187 5139 p.
1221 5070 1441 5145 ἀκάκως
1462 5072 1676 5145 conj._S
1700 5114 1715 5138 ,
1739 5083 1797 5145 ut
1826 5073 1952 5130 Ruf.
1978 5084 2032 5130 et
2056 5070 2228 5145 Epit:
2251 5087 2300 5145 (ξ.
2332 5073 2401 5145 9.⁸
2416 5071 2679 5145 Cancrum
2723 5071 2850 5145 cfr.__
2882 5071 3021 5126 intra
3059 5073 3442 5145 &_1tav0t5pym¢.

227 5143 419 5225 “Lege
449 5140 754 5225 ηενομένων
927 5143 969 5174 ’⁸
1003 5141 1170 5225 ἡδέως
1197 5143 1245 5193 ot
1283 5141 1426 5222 ὄχλοι
1453 5140 1515 5195 C.
1543 5140 2020 5225 ‘;“hé7_:56d).)tovzo
2188 5143 2230 5175 ¹⁷
2265 5142 2342 5198 Ita
2367 5142 2430 5225 ς),
2483 5144 2536 5197 in
2593 5143 2738 5225 calce
2770 5143 2899 5196 edit.
2965 5152 3017 5196 et
3079 5141 3145 5225 S.
3171 5144 3224 5198 in
3263 5140 3445 5225 testo;

171 5273 180 5284 ,
224 5215 436 5284 πνεύσει
463 5213 504 5268 C
536 5253 551 5276 ,
582 5213 756 5284 πεύσῃ

779 5215 819 5266 0
848 5253 862 5277 ,
904 5211 1190 5284 πανούργῳ
1246 5212 1470 5284 omisso.
1512 5211 1763 5284 _“_Dele
1810 5215 1924 5278 καί,
1973 5215 2117 5284 quod
2164 5229 2328 5284 versu
2374 5213 2674 5283 insequenti
2708 5227 2986 5284 perperam
3040 5215 3299 5284 omissum
3359 5215 3447 5268 hic

225 5261 435 5368 ἰὲξ-ξιῇὲῖέ
461 5261 551 5338 §.'
589 5261 810 5368 ’ίίςιζὲἱιῖ
831 5261 1472 5368 satis;attigatis
1505 5281 1562 5368 ξε
1588 5261 1924 5368 βῇίὶῗοξῖᾂ
1949 5261 3447 5368 εδῖά

227 5351 384 5417 πόδας
411 5353 552 5424 ἔχων
581 5351 677 5406 καὶ
708 5351 879 5422 πτερά
912 5352 1084 5474 φέρει.
1161 5352 1205 5383 ³ο
1229 5351 1286 5405 S.
1316 5351 1566 5420 proponit
1585 5351 2097 5425 ἀπροκρινούμενος.
2171 5351 2395 5408 “Fort.
2433 5351 2536 5423 leg.
2582 5351 2641 5417 ἐξ
2664 5354 2817 5423 ὑμῶν
2847 5351 2953 5406 τῶν
2984 5351 3041 5406 8.
3073 5355 3118 5386 ⁵³
3148 5354 3216 5408 τά
3246 5354 3447 5408 excidit

229 5436 311 5474 an.
340 5424 420 5474 Cl.
472 5433 527 5474 et
557 5421 615 5474 S.
647 5422 783 5474 Tum
837 5420 877 5472 D
946 5423 1025 5474 cui
1065 5421 1178 5474 vult
1231 5421 1474 5474 είκὸναε.
1515 5422 1723 5474 ἱκαναῖς
1760 5424 2078 5474 μαρτυρίαις
2108 5423 2292 5474 λοιπὸν
2313 5453 2386 5463 —-
2407 5425 2686 5474 ὑπείκειν.
2715 5441 2768 5474 κ.
2804 5441 2852 5474 τ.
2886 5422 2934 5474 λ.
2967 5424 3033 5474 At
3072 5424 3203 5474 nihil
3230 5433 3444 5474 mutati-

229 5436 311 5491 ap.
340 5424 420 5478 Cl.
440 5420 527 5478 "et
557 5421 615 5477 S.
647 5422 783 5476 Tum
815 5420 877 5472 ’D

946 5421 1040 5506 egi.
1065 5421 1178 5506 vult
1231 5421 1442 5506 et‘xéva;
1461 5462 1474 5485 ,
1515 5421 1723 5506 ἱκαναῖς
1759 5421 2078 5506 μαρτῦρίαις
2108 5423 2292 5506 λριπὸν
2313 5453 2386 5463 -·
2407 5421 2654 5506 ύπέίκειν
2673 5421 2768 5506 (κὶ.
2804 5441 2859 5506 τ..
2886 5422 2934 5476 λ.
2967 5424 3033 5477 At
3072 5424 3444 5506 nihilmutano

231 5491 374 5558 dum,
409 5494 479 5548 cl.
527 5491 672 5562 Epit.
721 5508 766 5545 c.
799 5491 884 5564 to.
921 5491 1092 5546 Verba
1143 5491 1332 5564 ἱκανὰς
1388 5493 1693 5564 μαρτυρίας
1729 5491 2086 5564 appositionis
2139 5495 2314 5549 locum
2369 5494 2633 5550 obtinent.
2675 5513 2692 5542 ι
2723 5493 2969 5564 Produco
3024 5494 3174 5548 vobis
3200 5493 3445 5548 homines

235 5564 444 5629 multos,
462 5561 967 5636 testes_loc_nplete_s,
995 5577 1118 5636 cum
1141 5563 1250 5636 sint
1273 5561 1426 5636 quasi
1453 5561 1919 5636 exsectae-31m.
1935 5584 1953 5617 ι
1980 5563 2092 5636 S._
2111 5563 2156 5595 ¹³
2178 5565 2275 5636 τῆς
2307 5565 2484 5636 addidi
2509 5581 2558 5620 c.
2585 5565 2649 5636 07.
2724 5564 2772 5596 “
2796 5563 3082 5627 ἀπολύσεις
3100 5564 3442 5636 scribendum

235 5645 347 5703 esse
406 5633 675 5703 putatHCl.
721 5630 860 5686 Ttttn
909 5630 1176 5703 ἐδυνάμην
1208 5631 1269 5687 C.

237 5699 279 5732 “
302 5699 426 5774 ἡμῖν
456 5703 521 5759 0.
547 5702 721 5757 Etiam
754 5704 872 5760 Rec.
906 5717 941 5767 ι,
961 5703 1014 5762 9.
1044 5699 1202 5755 vobis.
1278 5702 1319 5732 ’⁷
1351 5700 1408 5765 ἐξ
1435 5701 1498 5756 0.

1375 5632 1420 5706 ξ’
1444 5635 1622 5706 ,εἰπεῖν
1654 5632 1751 5686 οὐκ
1782 5631 1926 5688 ἔστιν
1957 5635 2018 5690 C.
2051 5631 2186 5689 Tum
2233 5631 2321 5687 τὸν
2350 5633 2457 5688 τῶν
2488 5650 2542 5704 ξι.
2576 5635 2684 5702 τῶν
2718 5652 2829 5694 var.
2857 5636 2980 5691 lect.
3013 5637 3066 5690 in
3096 5633 3239 5706 Epit.
3263 5650 3311 5693 c.
3353 5634 3440 5697 10,
