3970 6148
537 267 605 324 67
1419 269 1476 324 5.
1506 262 1893 324 CLEMENTIS
1930 262 1949 319 ι
1983 261 2149 319 ROM.
2192 261 2396 319 PONT.
2440 263 2668 321 OPERA
2705 264 2930 322 DUBIA.
3717 265 3789 322 68

541 397 818 455 praecones
848 383 1003 440 missi
1053 393 1203 448 sunt,
1245 399 1353 438 non
1398 383 1808 455 grammaticam
1853 381 2095 452 proﬁten-

2213 381 2664 454 ἐπαγγελλόμενοι
2691 383 2908 455 τέχνην,
2945 383 3061 438 ἀλλ’
3091 381 3278 446 ἁπλοῖς
3317 381 3408 436 καὶ
3433 380 3798 455 ἀπανούργοις

539 491 622 532 tes
659 483 852 541 artem,
893 477 986 530 sed
1014 477 1351 546 simplicibus
1382 487 1435 532 et
1465 477 1692 532 sinceris
1717 477 1894 531 verbis
1926 475 2112 530 cousi-

541 568 671 620 lium
705 569 873 636 ipsius
895 571 1330 623 demonstrantes
1360 569 1515 639 (adeo
1542 578 1599 622 ut
1629 569 1852 638 quilibet
1881 566 1972 637 qui
2016 582 2113 619 au-

538 661 718 726 dierit,
768 662 1027 729 intelligat
1070 677 1190 730 qua:
1229 661 1507 730 dicuntur)
1550 676 1723 730 neque
1755 675 1878 714 cum
1919 658 2111 712 affectu

535 755 776 823 quodam
808 755 1010 820 invido,
1057 769 1115 808 se
1158 756 1331 824 ipsum
1364 754 1573 809 cunctis
1604 754 1842 823 praebere
1874 751 2110 816 nolent“,

535 845 741 900 adestis
794 862 911 910 vos,
967 854 1046 910 ut,
1078 855 1434 916 pra-terquam
1473 846 1617 916 quod
1660 861 1767 900 non
1813 844 2111 912 intelligitis

534 939 679 1006 quod
713 939 867 992 vobis
895 939 1128 1008 expedit,
1156 940 1357 994 damno
1396 949 1578 994 vestro
1610 939 1886 997 veritatem
1930 937 2110 990 ridea-

534 1028 625 1092 tis,
651 1046 770 1099 qua:
790 1033 931 1102 apud
954 1033 1217 1086 barbaros
1242 1033 1310 1086 ad
1336 1041 1570 1086 vestram
1598 1029 2107 1086 condemnationem

533 1132 798 1189 versatur,
827 1142 1100 1195 quamque
1132 1127 1200 1181 ad
1249 1142 1346 1181 vos
1391 1125 1766 1179 advenientem
1809 1139 1915 1178 non
1946 1122 2108 1177 vultis

534 1216 770 1286 hospitio
796 1220 1036 1289 recipere
1081 1229 1302 1290 propter
1349 1219 1602 1272 libidines
1642 1224 1876 1278 vestras,
1908 1223 1961 1268 et
1988 1230 2110 1268 ver-

531 1307 724 1364 borum
768 1311 912 1366 illius
941 1313 1223 1375 vilitatem,
1257 1327 1325 1366 ne
1363 1309 1690 1381 arguamini,
1730 1308 1874 1377 quod
1907 1317 2110 1362 temere

531 1405 790 1478 philologi
821 1407 952 1462 estis
995 1422 1088 1461 seu
1121 1413 1391 1460 amatores
1423 1419 1758 1467 sermonum,
1789 1417 1896 1456 non
1925 1411 2106 1456 autem

529 1499 773 1554 veritatis
800 1508 1070 1554 amatores
1096 1497 1420 1568 phiIOSOphi.
1463 1495 1760 1564 Quousque
1784 1509 1914 1565 ergo
1940 1493 2108 1549 disci-

528 1593 598 1648 tis
628 1593 799 1662 loqui,
834 1592 925 1660 qui
964 1591 1189 1661 pulchre
1221 1590 1367 1659 loqui
1411 1589 1670 1644 nescitis?
1700 1587 1864 1642 Multa
1906 1587 2106 1658 quippe

526 1686 690 1739 verba
714 1694 890 1740 vestra
915 1684 1078 1738 unius
1096 1682 1244 1738 verbi
1272 1681 1446 1751 pretio
1472 1696 1578 1733 non
1603 1688 1731 1734 sunt
1763 1680 2099 1733 aestimanda.

2214 475 2391 545 λόγοις
2419 479 2463 514 ’⁸
2492 479 2588 550 τὴν
2617 478 2781 532 αὑτοῦ
2821 479 3074 551 βούλησιν
3112 477 3479 546 ἐκφαίνοντες,
3518 473 3594 540 ὡς
3633 474 3799 530 πάνθ’

2212 569 2485 624 ὁντιναοῦν
2518 571 2821 625 ἀκούσαντα
2854 573 2992 624 νοεῖν
3022 568 3092 624 τά
3116 569 3401 642 λεγόμενα,
3431 568 3526 622 καὶ
3561 567 3622 621 οὐ
3658 565 3801 640 μετὰ

2213 659 2376 726 ἓξεώς
2404 679 2548 726 τινος
2573 664 2855 735 φθονερᾶς,
2878 662 3139 735 παρέχειν
3165 664 3328 716 πᾶσιν
3350 659 3546 733 ἑαυτὴν
3574 660 3649 733 μὴ
3680 660 3800 732 βου-

2211 753 2442 824 λομένης
2471 755 2514 786 "
2532 776 2545 786 ν
2576 754 2813 827 πάρεστε
2836 757 3012 827 ὑμεῖς,
3045 753 3182 827 πρὸς
3206 753 3283 823 τῷ
3313 753 3386 825 μὴ
3409 755 3551 806 νοεῖν
3579 751 3642 806 τὺ
3664 753 3798 824 ὑμῖν

2215 846 2508 918 συμφέρον,
2542 847 2635 899 ἐπὶ
2665 849 2730 919 τῇ
2759 847 2997 919 ὑμετέρᾳ
3029 845 3198 918 βλάϐῃ
3232 846 3396 916 γελᾷν
3437 845 3537 915 τὴν
3584 845 3664 908 εἰς
3695 845 3796 915 τὴν

2213 937 2480 1008 ὑμετέραν
2535 940 2828 1010 καταδίκην
2875 940 2932 992 ἐν
2992 937 3284 1010 βαρϐάροις
3333 935 3793 1007 πολιτευσαμένην

2210 1029 2484 1101 ἀλήθειαν,
2515 1031 2581 1102 ἢν
2604 1031 2698 1084 καὶ
2735 1032 2863 1102 ύμῖν
2891 1031 3301 1102 ἐπιδημήσασαν
3349 1027 3552 1094 ξενίσαι
3581 1028 3640 1081 ού
3671 1027 3794 1098 βού-

2209 1124 2385 1187 λεσθε,
2413 1124 2501 1177 διὰ
2527 1125 2626 1188 τὰς
2660 1124 2944 1194 ἀσελγείας
2975 1109 3149 1194 ὑμῶν,
3180 1122 3275 1176 καὶ
3303 1121 3365 1175 τὸ
3397 1121 3543 1174 λιτὸν
3570 1119 3677 1174 τῶν
3699 1119 3790 1174 λό-

2209 1235 2321 1286 γων
2352 1218 2538 1288 αὐτῆς,
2580 1218 2667 1271 ἴνα
2711 1218 2786 1290 μὴ
2817 1217 3127 1288 ἐλεηθῆτε,
3157 1215 3263 1288 35
3291 1217 3373 1269 ὅτι
3413 1217 3533 1286 είκῇ
3565 1214 3610 1246 ³⁸
3639 1213 3790 1283 φιλό-

2208 1313 2355 1382 λογοί
2384 1315 2528 1376 ἐστε,
2561 1315 2654 1367 καὶ
2686 1312 2747 1366 ού
2775 1311 3086 1383 φιλαλήθεις
3127 1310 3433 1379 φιλόσοφον
3489 1308 3649 1379 μέχρι
3689 1307 3788 1377 μὲν

2207 1402 2298 1461 οὖν
2329 1408 2456 1460 πότε
2498 1407 2678 1460 λαλεῖν
2707 1405 3022 1478 μανθάνετε,
3054 1404 3104 1458 οἱ
3137 1403 3197 1456 τὸ
3224 1402 3402 1466 καλῶς
3422 1399 3466 1434 ⁸⁸
3489 1401 3667 1455 λαλεῖν
3685 1400 3790 1456 οὐκ

2207 1499 2447 1572 έχοντες;
2488 1501 2662 1554 Πολλὰ
2691 1501 2799 1572 γὰρ
2825 1499 2977 1571 ὑμῶν
3004 1499 3219 1570 ῥήματα
3265 1496 3381 1560 ἐνὸς
3409 1497 3508 1548 οὐκ
3541 1493 3666 1559 ἄξια
3699 1493 3789 1548 λό-

2205 1611 2323 1663 γου.
2380 1595 2444 1648 Τί
2487 1595 2593 1666 ἄρα
2639 1595 2755 1666 ἐρεῖ
2802 1593 2954 1664 ὑμῶν
3007 1591 3067 1645 τὸ
3082 1588 3389 1663 Ἑλληνικὸν
3433 1587 3635 1659 πλῆθος
3687 1586 3787 1658 μία

2205 1687 2350 1759 ψυχὴ
2381 1687 2688 1758 γενόμενον,
2722 1686 2879 1757 εῐπερ
2914 1685 3066 1738 ἐσται
3104 1685 3148 1716 ⁸⁸
3181 1682 3379 1755 κρίσις,
3412 1681 3488 1744 ὡς
3514 1674 3666 1742 οὗτος
3690 1677 3781 1733 λέ-

526 1779 666 1845 Quid
699 1789 878 1833 autem
894 1775 1235 1832 dicetGraeca
1267 1783 1446 1830 vestra
1478 1773 1793 1848 multitudo,
1826 1771 2095 1826 unanimis

2204 1797 2319 1848 γει;
2350 1780 2450 1832 Διά
2480 1779 2551 1842 τί,
2581 1772 2626 1832 ὦ
2653 1777 2776 1843 Θεέ,
2819 1778 2918 1850 τὴν
2967 1778 3064 1848 σὴν
3095 1774 3346 1846 βούλησιν
3376 1774 3475 1826 οὐκ
3512 1770 3780 1844 ἐκήρυξας

526 1869 691 1939 facta,
732 1870 780 1926 si
818 1869 1085 1940 judicium
1113 1866 1355 1924 futurum
1395 1875 1498 1932 est,
1537 1867 1718 1921 utiste
1748 1867 1860 1921 ait?
1900 1865 2099 1932 Quare,

526 1963 690 2027 Deus,
712 1964 1045 2017 voluntatem
1068 1971 1215 2017 tuam
1243 1977 1348 2016 non
1371 1961 1677 2031 praedicasti
1699 1960 1892 2015 nobis?
1912 1957 2102 2014 Nonne

523 2055 778 2118 audietis,
812 2056 857 2109 si
908 2054 1134 2108 omnino
1168 2054 1577 2124 responsionem
1609 2052 1908 2122 accipietis,
1943 2053 2096 2107 haec:

524 2147 659 2218 Ego,
687 2163 810 2202 cum
855 2163 1046 2202 omnes
1079 2147 1290 2203 futuras
1326 2147 1632 2203 voluntates
1678 2155 1802 2200 ante
1833 2146 2098 2200 constitu-

2202 1875 2362 1946 ἡμῖν;
2390 1874 2463 1928 Ού
2490 1873 2705 1936 πάντως
2727 1870 3042 1934 ἀκούσεσθε,
3067 1870 3222 1940 εῐπερ
3254 1865 3593 1938 ἀποκρίσεως
3615 1882 3780 1918 κατα-

2202 1965 2550 2038 ξιωθήσεσθε,
2578 1965 2704 2018 τάδε
2730 1965 2802 1996 ³³·
2839 1961 3000 2033 Ἐγὼ,
3037 1961 3218 2024 πάσας
3243 1959 3340 2024 τὰς
3373 1957 3636 2028 ἐσομένας
3673 1957 3778 2028 πρὸ

2200 2057 2501 2129 καταϐολῆς
2545 2057 2747 2128 κόσμου
2789 2055 2944 2119 εἰδὼς
2989 2053 3353 2127 προαιρέσεις,
3402 2051 3545 2114 ἰδίως
3576 2051 3620 2082 ³⁵
3647 2050 3774 2104 ἐκά-

2201 2167 2311 2222 στῳ
2339 2153 2475 2224 πρὸς
2503 2153 2563 2204 τὸ
2592 2150 2754 2205 αὑτοῦ
2787 2149 2931 2214 ἄξιον
2958 2147 3325 2209 λανθανόντως
3351 2144 3770 2216 προαπήντησαο

522 2242 721 2296 tionem
775 2239 962 2294 mundi
995 2255 1400 2312 cognoscerem,
1434 2239 1732 2309 unicuique
1771 2254 1870 2310 pro
1903 2239 2095 2294 merito

2200 2246 2353 2299 τοῦτο
2395 2245 2451 2299 δὲ
2493 2245 2624 2299 αὐτὸ
2667 2245 2748 2298 ὅτι
2786 2244 2955 2307 οὕτως
2987 2241 3118 2312 ἔχει,
3151 2239 3430 2312 βουληθεὶς
3453 2239 3579 2301 τοὺς
3610 2253 3775 2308 προσ-

520 2349 623 2388 suo
658 2335 886 2388 latenter
911 2334 1141 2404 praevius
1171 2333 1421 2399 occurri;
1451 2331 1595 2402 quod
1624 2341 1802 2386 autem
1834 2333 1885 2386 id
1917 2332 2094 2402 ipsum

2200 2339 2536 2408 πεφευγότας
2584 2356 2672 2410 μοι
2723 2335 3153 2409 πληροφορῆσαι,
3200 2330 3288 2385 διά
3333 2330 3384 2383 τί
3425 2329 3676 2401 ἀπαρχῆς
3710 2331 3772 2383 ἐκ

518 2425 593 2480 ita
638 2441 696 2481 se
737 2427 933 2480 habeat
976 2426 1167 2481 volens
1210 2425 1279 2480 iis
1326 2425 1418 2494 qui
1462 2424 1529 2479 ad
1572 2439 1659 2478 me
1711 2423 2092 2494 confugerunt,

2200 2431 2472 2503 προτέρων
2513 2430 2714 2499 γενεῶν
2757 2429 2856 2500 τὴν
2905 2427 3045 2498 ἐμὴν
3103 2423 3351 2496 βούλησιν
3401 2419 3636 2493 δημοσίᾳ
3675 2421 3772 2474 ούκ

517 2518 676 2587 plene
710 2517 1083 2583 manifestare,
1118 2532 1216 2571 cur
1261 2516 1330 2569 ab
1370 2516 1548 2581 initio,
1583 2531 1613 2569 a
1636 2515 1826 2584 primis
1871 2531 2095 2586 genera-

2200 2524 2349 2577 εῐασα
2379 2522 2736 2595 κηρυχθῆναι,
2769 2521 2865 2575 νῦν
2903 2519 3038 2591 πρὸς
3065 2517 3143 2590 τῷ
3175 2517 3316 2570 τέλει
3344 2513 3439 2568 τοῦ
3475 2513 3591 2584 βίου
3616 2513 3661 2545 ³⁸
3683 2515 3771 2584 κή-

519 2609 758 2663 tiouibus
787 2609 1116 2663 voluntatem
1147 2623 1323 2661 meam
1357 2608 1534 2676 palam
1567 2623 1674 2660 non
1702 2606 1919 2662 siverim
1954 2621 2093 2676 prte-

2200 2633 2365 2687 ρυκας
2393 2617 2529 2686 ἐμῆς
2552 2613 2744 2686 βουλῆς
2771 2612 3084 2675 ἀπέστειλα,
3119 2611 3169 2666 οἳ
3195 2610 3240 2642 ³⁸
3265 2609 3359 2663 καὶ
3388 2607 3652 2678 γελῶνται
3676 2606 3769 2662 καὶ

517 2700 711 2765 dicari,
750 2716 895 2754 nunc
923 2699 1067 2753 circa
1108 2699 1290 2754 saeculi
1319 2699 1479 2753 linem
1511 2713 1788 2768 praecones
1827 2697 1931 2752 mei
1970 2714 2095 2753 con-

2200 2707 2533 2780 ύϐριζόμενοι
2562 2706 2910 2777 χλευάζονται
2941 2704 3046 2759 ὑπὸ
3084 2703 3193 2757 τῶν
3240 2701 3408 2774 μηδὲν
3447 2698 3768 2770 ὠφελεῖσθαι

517 2793 624 2846 silii
652 2792 796 2857 misi,
831 2792 924 2862 qui
965 2801 1018 2846 et
1060 2792 1372 2856 irridentur,
1425 2801 1477 2846 et
1526 2791 1872 2846 contumeliis
1915 2791 2089 2846 alfecti

2200 2798 2448 2853 θελόντων
2477 2800 2570 2853 καὶ
2605 2798 3010 2870 ἐπιτεταμένως
3051 2798 3151 2869 τὴν
3195 2797 3334 2868 ἐμὴν
3369 2794 3548 2866 φιλίαν
3571 2811 3767 2866 παραι-

514 2885 849 2940 deluduntur
875 2886 943 2940 ab
972 2885 1040 2938 iis
1068 2886 1160 2954 qui
1213 2900 1558 2955 nequaquam
1594 2885 1783 2939 volunt
1821 2883 2088 2954 adjuvari,

2200 2891 2528 2962 τησαμένων.
2557 2892 2622 2944 Ὦ
2645 2891 2888 2963 μεγάλης
2922 2889 3159 2955 ἀδικίαςί
3198 2889 3358 2961 μέχρι
3398 2887 3560 2942 πόνου
3588 2887 3629 2919 ³⁷
3653 2904 3766 2942 κιν-

514 2977 719 3047 quique
763 2993 937 3032 meam
987 2978 1283 3033 amicitiam
1328 2977 1674 3032 vehementer
1711 2976 2085 3046 repudiarunt.

2200 2981 2466 3037 Βυνεύουσι
2494 2985 2754 3056 κήρυκες,
2798 2984 2892 3037 καλ⁸
2919 2982 3090 3037 ταῦτα
3118 2983 3224 3036 ὑπὸ
3256 2981 3364 3036 τῶν
3389 2983 3468 3045 εἰς
3497 2978 3766 3052 σωτηρίαν

511 3067 564 3124 0
591 3085 838 3140 magnam
881 3070 1163 3138 injuriam!
1200 3071 1393 3125 mortis
1433 3070 1580 3125 enim
1615 3069 1918 3140 periculum
1958 3071 2090 3124 sub-

2200 3076 2537 3148 καλουμένων
2565 3077 2791 3150 ἀνδρῶν.

512 3171 645 3217 eunt
671 3163 1082 3232 praedicatores;
1138 3164 1301 3234 idque
1330 3178 1426 3234 per
1467 3178 1562 3219 eos
1611 3163 1859 3218 homines
1893 3163 1985 3233 qui
2021 3161 2092 3217 ad

513 3255 743 3309 salutem
781 3265 1063 3311 vocantur.

582 3369 698 3426 ΧΠ.
748 3370 919 3426 Porro
951 3371 1081 3425 illud
1120 3370 1321 3440 injuste
1351 3368 1553 3425 factum
1587 3370 1849 3426 adversus
1880 3383 2090 3440 przeco-

511 3479 610 3518 nes
634 3480 788 3518 meos
819 3481 848 3518 a
876 3464 1142 3534 principio
1171 3463 1312 3533 apud
1346 3478 1538 3517 omnes
1570 3462 1814 3518 futurum
1847 3473 1998 3529 erat,
2039 3462 2085 3519 si

511 3572 542 3610 a
576 3555 842 3625 principio
876 3556 942 3609 ad
974 3556 1204 3610 salutem
1241 3555 1420 3609 vocati
1470 3554 1707 3608 fuissent
1743 3554 1837 3624 qui
1879 3555 2083 3625 indigni

512 3655 661 3701 sunt.
695 3643 851 3712 Quod
906 3645 1054 3699 enim
1102 3661 1247 3700 nunc
1275 3647 1344 3700 ab
1380 3646 1447 3700 iis
1474 3645 1739 3714 injuriose
1783 3645 1862 3710 iit,
1897 3646 1948 3699 in
1987 3646 2084 3701 de-

511 3737 815 3792 fensionem
847 3735 905 3789 lit
929 3744 1092 3805 justas
1138 3751 1273 3790 mea;
1321 3736 1713 3806 providentiae,
1762 3735 1906 3806 quod
1946 3752 2086 3806 pra:-

511 3831 660 3885 clare
701 3828 1005 3883 doctrinam
1052 3829 1262 3882 honore
1289 3828 1506 3897 dignam
1547 3828 1700 3883 nolui
1732 3828 1994 3882 inutiliter
2016 3828 2084 3883 ab

512 3921 671 3974 initio
701 3921 766 3974 ad
801 3919 1190 3974 contumeliam
1233 3919 1452 3989 publice
1481 3935 1776 3990 exponere,
1823 3920 1916 3974 sed
1962 3937 2080 3975 eam

509 4013 697 4080 statui,
727 4021 786 4068 ut
814 4013 1174 4067 venerandam
1197 4051 1212 4075 ,
1250 4012 1468 4067 silentio
1517 4011 1658 4082 tegi;
1695 4027 1805 4066 non
1861 4012 2081 4082 quidem

508 4103 651 4173 apud
679 4120 772 4160 eos
803 4105 895 4174 qui
933 4104 1203 4174 principio
1233 4104 1382 4175 digni
1413 4111 1571 4158 erant
1597 4145 1610 4168 ,
1663 4103 1866 4175 quibus
1890 4115 1944 4158 et
1971 4114 2083 4158 tra-

509 4194 644 4259 didi,
674 4196 768 4250 sed
795 4195 938 4265 apud
971 4196 1107 4250 istos
1130 4205 1184 4250 et
1213 4195 1550 4260 consimiles,
1578 4204 1637 4249 ut
1661 4194 1906 4259 cernitis,
1943 4195 2082 4248 indi-

508 4305 667 4360 gnos,
699 4289 824 4343 odio
861 4303 950 4342 me
993 4296 1422 4358 prosequentes,
1472 4302 1638 4356 seque
1667 4287 1912 4341 nolentes
1955 4287 2080 4342 dili-

507 4399 652 4456 gere.
683 4380 751 4436 Et
776 4397 906 4436 vero
926 4396 1094 4446 nunc,
1124 4382 1438 4436 omittentes
1469 4381 1614 4435 hunc
1639 4380 1913 4434 hominem
1945 4381 2073 4435 irri-

507 4476 658 4540 dere,
691 4488 721 4527 a
759 4487 846 4526 me
888 4472 1060 4541 ipsius
1110 4472 1591 4542 repromissionem
1618 4471 1833 4538 audite,
1867 4473 1950 4527 vel
1981 4475 2074 4542 qui

507 4567 652 4620 volet
676 4563 809 4618 mihi
839 4564 1180 4634 percontanti
1209 4565 1552 4634 respondeat.
1583 4565 1662 4620 Ac
1693 4581 1761 4620 ne
1791 4565 1937 4621 velut
1978 4582 2074 4638 pe-

2261 3352 2357 3405 Xll
2413 3349 2585 3404 Τοῦτο
2611 3347 2667 3402 δὲ
2696 3347 2757 3401 τὸ
2776 3345 2974 3410 ἀδίκως
3004 3345 3282 3416 γινόμενον
3309 3341 3450 3398 κατά
3477 3343 3584 3396 τῶν
3614 3342 3762 3414 ἐμῶν

2191 3443 2447 3516 κηρύκων
2478 3444 2571 3496 ἀπ’
2604 3439 2778 3512 ἀρχῆς
2793 3439 2901 3510 36
2919 3440 2984 3492 ἂν
3016 3439 3097 3501 είς
3123 3437 3328 3500 πάντας
3351 3436 3576 3506 ἐγίνετο,
3603 3438 3760 3509 εἴπερ

2191 3538 2282 3592 ἀπ’
2307 3535 2483 3608 ἀρχῆς
2510 3536 2590 3598 είς
2620 3532 2892 3606 σωτηρίαν
2912 3531 3201 3585 ἐκαλοῦντο
3220 3532 3270 3584 οἱ
3302 3530 3524 3597 ἀνάξιοι.
3559 3530 3632 3582 Τὸ
3650 3530 3759 3602 γὰρ

2190 3626 2286 3682 νῦν
2317 3628 2600 3698 γινόμενον
2633 3626 2725 3679 ὑπ’
2773 3623 2953 3678 αὐτῶν
2989 3623 3189 3687 ἀδίκως
3221 3625 3300 3686 είς
3337 3622 3629 3691 ἀπολογίαν
3660 3622 3758 3692 τῆς

2186 3719 2327 3792 ἐμῆς
2356 3719 2571 3782 δικαίας
2602 3717 2808 3787 γίνεται
2849 3718 3133 3789 προνοίας,
3162 3717 3242 3770 ὅτι
3277 3717 3452 3779 καλῶς
3482 3717 3573 3768 τὸν
3593 3715 3758 3787 τιμῆς

2185 3812 2332 3878 ἀξιον
2364 3812 2520 3881 λόγον
2551 3812 2646 3865 ἀπ’
2680 3811 2854 3883 ἀρχῆς
2884 3810 3119 3882 δημοσίᾳ
3154 3811 3235 3874 είς
3266 3809 3421 3882 ὓϐριν
3455 3809 3626 3862 θεῖναι
3655 3808 3757 3862 οὐκ

2181 3905 2486 3978 ἠϐουλήθην
2503 3904 2547 3936 ³⁸
2565 3903 2852 3972 ἀνωφελῶς
2875 3943 2890 3966 ,
2924 3901 3072 3956 ἀλλά
3091 3902 3338 3971 σιγᾶσθαι
3381 3901 3542 3954 αὐτὸν
3573 3901 3650 3964 ὼς
3677 3901 3757 3954 τί-

2189 4015 2309 4068 μιον
2341 3996 2768 4068 ἐϐουλευσάμην,
2815 3997 2916 4049 ούκ
2955 3996 3064 4050 ἀπὸ
3090 3994 3200 4048 τῶν
3227 3997 3321 4048 ἀπ’
3354 3995 3528 4066 ἀρχῆς
3565 3993 3753 4060 ἀξίων,

2182 4087 2263 4155 οἷς
2285 4091 2380 4144 καὶ¹
2410 4091 2715 4163 μετέδωκα,
2742 4087 2857 4142 ἀλλ’
2875 4087 2983 4142 ἀπὸ
3004 4087 3212 4140 τούτων
3239 4087 3456 4140 καὶτῶν
3474 4086 3752 4150 τοιούτων,

2181 4186 2258 4250 ὡς
2288 4188 2472 4250 ὁρᾶτε,
2506 4183 2760 4250 ἀναξίων,
2795 4181 2902 4236 τῶν
2935 4181 3037 4253 ἐμὲ
3074 4179 3374 4252 μισούντων
3406 4181 3499 4234 καὶ
3529 4180 3754 4242 ἑαυτοὺς

2183 4278 2353 4349 φιλεῖν
2390 4278 2462 4349 μὴ
2504 4275 2860 4348 βουλομένων.
2895 4274 3005 4328 Καὶ
3037 4272 3132 4325 νῦν
3170 4289 3234 4341 γε
3283 4273 3545 4344 παρέντες
3590 4272 3753 4343 γελᾷν

2180 4373 2272 4426 τὸν
2304 4372 2472 4443 ἀνδρα
2502 4369 2712 4430 τοῦτον,
2742 4365 2877 4440 ἐμοῦ
2919 4366 3055 4438 πρὸς
3097 4365 3158 4418 τὸ
3194 4366 3386 4419 τούτου
3430 4365 3752 4436 ἐπάγγελμα

2181 4464 2533 4525 πυνθάνεσθε,
2567 4462 2600 4531 ἢ
2635 4459 3018 4530 πυνθανομένῳ
3048 4475 3136 4530 μοι
3157 4459 3200 4490 ³⁸
3230 4461 3258 4512 ό
3287 4458 3606 4530 βουλόμενος
3626 4459 3754 4512 ἀπο-

2181 4558 2471 4632 κρινάσθω.
2487 4556 2597 4609 Καὶ
2615 4554 2689 4626 μὴ
2701 4553 2746 4584 ⁸⁸
2766 4553 2842 4617 ὡς
2859 4551 3106 4621 ἀσελγεῖς
3125 4551 3284 4617 κύνες
3297 4551 3580 4615 ύλάσσετε,
3592 4551 3750 4622 ψόφῳ

1822 4766 2057 4823 VARUE
2098 4760 2498 4824 LECTIONES.

579 4902 625 4932 "
654 4903 834 4970 λόγοις
859 4901 1174 4970 transcripsi
1199 4917 1262 4955 ex
1293 4899 1336 4955 Ο
1365 4949 1382 4968 ,
1411 4899 1585 4970 quoSi
1617 4899 1926 4968 conjectura
1957 4899 2153 4970 ἁπλῶς
2191 4897 2287 4970 καὶ
2324 4895 2681 4970 ἀπανούργως
2707 4893 2976 4964 superﬂua
2999 4892 3278 4970 _red(_litur.
3306 4889 3393 4946 Cf.
3451 4888 3570 4970 βία.
3616 4889 3742 4970 ι..9.

507 4969 646 5025 Tum
669 4969 842 5027 πάντα
861 4969 1166 5026 όντινανοῦν
1189 4973 1251 5033 (ἶ,
1280 4969 1457 5025 πάντα
1486 4969 1760 5024 ὁντιναοῦν
1806 4970 1862 5024 S.

1967 4973 2013 5041 ’ἶ
2051 4959 2359 5041 βουὶρμενοι
2413 4959 2646 5041 conjecit
2695 4959 3044 5041 a‘m'anuensis
3073 4964 3319 5041 ad__oram
3358 4961 3565 5041 _cod.‘01,‘
3580 4959 3745 5041 cujus

509 5053 689 5124 ιεῖιιιέε
717 5042 1042 5124 βουλρμέιης
1059 5084 1073 5107 ν
1093 5052 1167 5124 ,ιιι
1193 5028 1257 5097 Cl
1301 5041 1498 5124 Ibide"
1525 5041 1660 5124 πρέξ
1689 5040 1768 5124 τῷ
1799 5039 1843 5124 9
1883 5039 2021 5124 ,εειὲ
2048 5028 2479 5124 ζεκερίτικτερδξ
2507 5028 2743 5124 ’ῖάοκῖἶ
2765 5122 2790 5124 ί,
2807 5033 2886 5124 1‘?
2904 5033 2972 5124 ηο
3015 5048 3099 5124 ες..
3125 5032 3372 5124 ξὲἒυλεί
3401 5028 3573 5124 ἐτξίέ
3595 5034 3743 5124 ’,ιηῗὲ

508 5115 700 5168 simio:
730 5115 875 5168 coni.

508 5183 550 5239 S
577 5193 798 5238 auctore

893 5224 907 5249 ,
943 5183 1012 5236 τὰ
1037 5182 1092 5236 δέ
1116 5183 1178 5236 C.
1253 5182 1299 5213 “
1333 5180 1407 5234 Ita
1448 5181 1486 5236 S
1530 5188 1752 5249 auctore
1800 5178 1874 5242 D',
1911 5178 2065 5240 εἰδώς
2093 5178 2134 5233 C
2163 5217 2177 5242 ,
2209 5179 2359 5233 deest
2391 5178 2444 5232 in

952 5098 1198 5175 ἰ’καὶῶς
1249 5112 1478 5166 accessit
1517 5098 1582 5166 ei
1609 5098 1654 5164 ό
1689 5098 1752 5164 (δι’
1797 5108 1940 5179 Epit.
1971 5108 2172 5164 Deinde
2197 5098 2400 5161 ’πολλὰί
2422 5098 2529 5232 γάὅ
2567 5105 2692 5176 παρ’
2722 5104 2874 5175 ὑμῶν
2903 5105 2963 5157 0.
3055 5104 3099 5134 ἰ
3131 5098 3245 5153 ἐστι
3278 5103 3339 5156 0.
3427 5102 3472 5133 ³⁸
3503 5098 3576 5153 Ita
3610 5098 3654 5152 Ο
3691 5111 3748 5154 et

952 5183 1012 5232 τὰ
1037 5182 1092 5232 δέ
1116 5183 1178 5232 C.
1253 5182 1299 5213 ⁸⁸
1333 5180 1407 5232 Ita
1448 5181 1486 5232 S
1530 5188 1752 5232 auctore
1800 5179 1874 5232 D.
1911 5178 2065 5232 εἰδώς
2093 5178 2134 5232 C
2163 5217 2177 5232 .
2209 5179 2359 5232 deest
2391 5178 2444 5232 in
2546 5218 2560 5232 .
2592 5186 2646 5230 et
2684 5175 2890 5232 absque
2911 5174 3112 5227 damno
3137 5173 3327 5226 deesse
3362 5179 3557 5232 potest.
3595 5168 3698 5232 Ep.
3729 5188 3742 5220 ;

2592 5168 2660 5230 et'
2684 5168 2890 5243 absque
2911 5174 3112 5227 damno
3137 5173 3327 5243 deesse
3362 5179 3557 5243 potest.
3595 5168 3698 5243 Ep.
3729 5188 3742 5220 :

506 5270 562 5309 κ.
596 5271 691 5327 πρ.
724 5240 1143 5327 admissam}.
1177 5251 1256 5327 3d
1308 5267 1459 5327 oram
1508 5252 1629 5327 cod.
1754 5240 1894 5327 Ιιωεέ-
1917 5249 2124 5327 scholia
2154 5240 2171 5300 τ’
2212 5249 2390 5327 πάσας
2421 5248 2519 5309 τὰς
2550 5240 2822 5327 ’ἐσομένας
2868 5245 2974 5327 πρὸ
3003 5242 3305 5327 καταϐολῆς
3350 5240 3746 5327 κόσμουβίδῲε,

508 5318 853 5409 προαιρέσεις
941 5322 1071 5409 εξεὸς
1096 5318 1318 5409 ’ἑκάστω
1359 5321 1494 5392 πρὸς
1518 5319 1578 5409 τί)
1629 5319 1800 5404 αὑτοῦ.
1830 5318 1973 5409 ἀξιον
2001 5318 2129 5372 λανθ

2134 5308 2834 5395 ανόντωςξπροαπήνττησεν.
2870 5308 2936 5394 Et
2964 5330 3030 5369 ex
3049 5384 3060 5395 .
3081 5308 3309 5395 adverso
3343 5330 3360 5395 ι
3389 5308 3519 5374 Θεὸς
3544 5308 3749 5395 ἀπολ-ο-

506 5379 768 5465 γὸύμενος
795 5379 1067 5465 diem
1093 5393 1190 5465 τῆς
1222 5379 1454 5465 κρ’ίσεῴς
1474 5379 1608 5465 πρὸς
1627 5390 1752 5452 τοὺς
1778 5379 2055 5465 ἀπίστους.
2131 5390 2186 5465 ξε,
2214 5389 2308 5440 τοῦ
2343 5379 2455 5465 βίου
2487 5379 2646 5465 vertit
2758 5385 2912 5465 quasi
2953 5384 3172 5465 perinde
3216 5391 3361 5465 esset
3391 5397 3453 5436 ac
3478 5380 3572 5465 τοῦ
3601 5379 3711 5465 αιῷ
3730 5409 3746 5419 ο

508 5453 623 5527 νος,
646 5453 1279 5532 δοηίοιιιὶιι”ι›όείιιιθίιιοζ
1315 5461 1408 5516 sed
1438 5453 1573 5532 sine
1597 5460 1863 5532 exemplo,
1888 5460 2031 5529 quod
2061 5453 2490 5532 quidemAsc'ia-m.
2515 5453 2598 5507 CI.
2676 5454 2719 5485 ⁸⁸
2749 5455 2798 5532 oi
2827 5453 2869 5507 Ο
2897 5497 2910 5514 ,
2942 5455 3084 5532 quod
3229 5463 3372 5532 recte
3413 5453 3647 5532 mutavit
3682 5453 3744 5532 it_l

508 5521 677 5587 οῖξἈι
707 5551 812 5589 ιιοη
845 5521 1094 5587 omittere
1117 5521 1344 5602 debebat
1382 5531 1477 5585 καὶ
1498 5521 1781 5602 γελῶνταί.
1804 5521 1870 5602 ,ιρι
1904 5521 2224 5602 inargfcod.
2258 5526 2326 5602 ()_
2349 5526 2709 5602 aliahmantts
2729 5521 3062 5602 adnotavit;
3096 5525 3223 5602 οὐκΔ
3242 5521 3349 5576 sici
3371 5521 3641 5602 Edita-tv
3669 5522 3746 5602 τῇ

509 5602 671 5658 ἐτέοα
715 5603 941 5658 ἐκδόσει.

1044 5602 1088 5634 ³⁷
1135 5601 1212 5658 Ita
1255 5601 1300 5658 Ο
1341 5611 1396 5658 et
1435 5592 1676 5656 nonnulli
1716 5601 1869 5654 codd.
1903 5592 2200 5666 .Epit'omes,
2227 5597 2420 5666 φθόνου
2456 5592 2519 5666 C.

2617 5593 2661 5626 ³³
2693 5593 2988 5668 ἐϐουλήθην
3013 5595 3055 5651 C
3181 5593 3223 5625 "
3261 5591 3680 5663 πυνθανομένων
3713 5591 3748 5643 ὁ

509 5659 826 5746 βουλόμενος
852 5672 916 5728 ϐ.
989 5671 1035 5706 ⁸³
1069 5673 1142 5745 μή
1177 5673 1405 5730 accessit
1423 5687 1485 5730 ex
1517 5669 1582 5730 0.
1607 5669 1744 5728 Τυιη
1783 5659 2039 5722 ύλάκτέτε
2067 5669 2108 5724 C
2138 5708 2153 5733 ,
2186 5659 2280 5736 qui
2314 5675 2367 5721 et
2397 5665 2620 5729 μύοντες
2655 5681 2706 5735 p.
2742 5659 2978 5736 βύοντες.
