3970 6148
998 330 1027 347 1

276 361 351 419 »ω
1394 357 1851 417 CLEMENTINA.

1983 357 2266 415 llOMlLlA
2298 358 2337 431 ι,
3447 362 3518 416 το

277 475 500 545 ἀτάκτῳ
539 471 757 543 βύοντες
784 472 892 525 τῶν
924 469 1186 536 σῶζεσθαι
1224 470 1482 525 θελόντων
1527 472 1626 534 τὰς
1661 471 1852 534 ἀκοὰς,

1963 474 2196 525 tulantes
2224 487 2388 527 canes
2428 471 2657 539 latretis,
2689 471 3051 543 incomposito
3078 475 3329 545 strepitu,
3363 493 3526 532 aures

202 585 212 593 ’
278 569 454 622 ἄδικοι
480 568 574 621 καὶ
603 566 930 632 θεοστυγεῖς,
967 566 1059 617 καὶ
1095 565 1186 617 τὸν
1220 562 1460 628 σώζοντα
1481 563 1741 634 λογισμὸν
1775 564 1853 625 εἰς

277 660 534 713 ἀπιστίαν
560 655 1008 727 άπασχολοῦντες.
1053 657 1176 720 Πῶς
1203 657 1527 727 συγγνώμης
1549 660 1738 726 ,τυχεῖν
1768 656 1857 709 δυ·-

278 753 527 823 νήσεσθε,
560 751 650 804 τὸν
686 750 785 821 τὴν
812 749 1120 820 θειότητα⁸¹
1153 749 1246 801 τοῦ
1284 748 1418 802 Θεοῦ
1455 748 1855 819 ἐπαγγελλόμε-

278 861 368 895 νον
407 843 533 913 ύμίν
573 845 746 896 εἰπεῖν
784 841 1114 913 ὑϐρίζοντες,
1159 840 1451 894 καὶταῦτα
1478 841 1761 912 ἄνθρωπον
1795 840 1856 893 ὃν

279 935 445 1006 ἐχρῆν
468 972 482 996 ,
523 934 571 985 εί
616 934 708 986 καὶ
743 915 909 1004 μηδὲν
943 933 1274 1004 ἀληθεύοντα
1293 932 1361 995 ",
1404 932 1492 985 διὰ
1517 932 1617 1003 τὴν
1645 931 1855 1002 ἀγαθὴν

276 1024 441 1079 αὑτοῦ
478 1024 613 1095 πρὸς
639 1026 781 1097 ὑμᾶς
812 1025 1169 1092 ἀποδέξασθαι
1191 1023 1537 1097 προαίρεσιν;

343 1193 489 1246 XIII.
527 1191 712 1245 Ταῦτά
736 1208 838 1262 μου
864 1191 1111 1259 λέγοντος
1131 1191 1224 1245 καὶ
1245 1190 1314 1244 τὰ
1339 1189 1548 1254 τούτοις
1567 1190 1851 1252 ἀκόλουθα,

276 1285 446 1347 πολὺς
482 1283 587 1336 τῶν
620 1283 791 1354 ὄχλων
818 1282 1026 1351 ὲγίνετο
1059 1282 1303 1354 θρύλλος·
1330 1282 1426 1335 καὶ
1457 1283 1505 1333 oi.
1544 1281 1641 1351 μὲν
1669 1281 1744 1343 ὡς
1764 1281 1855 1333 τὸν

275 1374 569 1447 Βαρνάϐαν
601 1374 874 1438 ἐλεοῦντες
903 1374 1203 1445 συνήραντό
1240 1358 1529 1443 μοι’,ίῖἵδὲ
1559 1371 1750 1441 ἠλίθιοι
1770 1372 1857 1425 ὅν-

274 1485 366 1530 τες
397 1466 590 1530 δεινῶς
621 1468 738 1519 κατ’
767 1462 901 1537 ἐμοῦ
937 1464 1164 1536 ἔϐρυχον
1197 1464 1323 1526 τοὺς
1356 1462 1589 1525 ὀδόντας.
1630 1462 1781 1516 Ἐπεὶ
1800 1462 1856 1515 δὲ

268 1561 375 1632 Δἤδη
411 1559 545 1613 ποτὲ
590 1557 798 1628 ἑσπέρα
830 1557 1166 1627 κατειλήφει,
1214 1556 1315 1625 τῆς
1345 1554 1528 1626 χειρὸς
1566 1554 1746 1607 λαϐὼν
1770 1554 1856 1608 τὸν

275 1651 588 1724 Βαρνάϐαν,
628 1650 700 1721 μὴ
730 1649 949 1702 θέλοντα
968 1648 1097 1719 37,
1121 1647 1210 1717 βίᾳ
1231 1649 1311 1710 είς
1328 1648 1428 1717 τὴν
1462 1647 1601 1718 ἐμὴν
1627 1642 1760 1717 ἦγον
1780 1646 1858 1698 οἰ-

266 1743 425 1805 ακίαν,
461 1741 588 1794 ἔνθα
619 1743 712 1794 καὶ
744 1741 925 1811 μένειν
952 1739 1112 1793 αὑτὸν
1141 1739 1391 1810 ἐποίησα,
1428 1738 1512 1791 ἴνα
1542 1739 1614 1809 μή
1643 1754 1726 1801 τις
1756 1737 1856 1790 αὑ-

1958 563 2158 617 salvari
2204 564 2630 618 desiderantium
2671 564 3017 621 obstruentes
3064 566 3253 638 iniusti
3304 584 3367 626 ac
3414 569 3525 624 Deo

1957 652 2132 718 exosi,
2172 663 2225 707 et
2253 653 2598 708 servatricem
2630 655 3014 722 cogitationem
3043 670 3331 712 avocantes
3346 660 3413 713 ad
3442 660 3526 712 iu-

1956 743 2353 797 credulitatem.
2387 743 2504 809 Quo
2540 753 2696 813 pacto
2720 744 2933 799 veniam
2965 749 3221 815 consequi
3250 750 3525 817 poteritis,

1955 848 2079 886 eum
2104 834 2197 902 qui
2227 834 2381 889 vobis
2404 843 2652 888 naturam
2686 834 2776 889 Dei
2802 836 3002 891 referre
3027 839 3310 906 promittit.
3334 850 3530 894 contu-

1959 926 2114 979 melia
2140 926 2470 993 allicientes;
2498 927 2660 995 idque
2684 928 2984 995 hominem,
3004 945 3163 999 quem
3191 940 3530 1001 oportuerat,

1957 1018 2057 1071 etsi
2088 1018 2221 1071 nihil
2246 1034 2370 1073 vere
2389 1018 2719 1087 loquentem,
2740 1030 2961 1090 propter
2984 1021 3183 1075 bonum
3212 1021 3385 1090 ipsius
3402 1038 3529 1094 erga

1959 1124 2054 1161 vos
2082 1110 2441 1176 voluntatem,
2471 1118 2624 1180 grate
2650 1112 2968 1182 suscipere?

2031 1199 2166 1256 Xlll.
2204 1201 2334 1267 Quae
2357 1221 2480 1258 cum
2509 1208 2770 1273 dicerem,
2792 1208 3006 1277 aliaque
3029 1207 3114 1263 his
3142 1218 3528 1276 consentanea,

1961 1293 2189 1346 multum
2246 1294 2298 1347 in
2346 1296 2501 1364 plebe
2545 1306 2725 1352 ortum
2767 1307 2853 1354 est
2899 1315 3198 1353 murmur:
3242 1310 3403 1368 atque
3436 1304 3528 1358 alii

1960 1385 2176 1454 quidem
2208 1394 2464 1454 tanquam
2498 1386 2800 1445 Barnabam
2833 1390 3152 1445 miserantes
3200 1392 3331 1445 mihi
3376 1392 3529 1447 fave-

1962 1476 2090 1531 bant
2120 1493 2133 1529 :
2166 1478 2255 1531 alii
2275 1493 2401 1531 vero
2416 1479 2511 1548 qui
2536 1489 2692 1534 erant
2715 1482 2920 1544 stolidi,
2944 1483 3179 1552 graviter
3205 1484 3258 1536 in
3291 1500 3376 1539 me
3399 1486 3529 1539 stri-

1959 1565 2159 1620 debant
2188 1568 2465 1624 dentibus.
2498 1570 2746 1641 Cumque
2768 1572 2881 1642 jam
2925 1588 3150 1642 vespera
3198 1574 3528 1637 advenisset,

1960 1657 2220 1712 Barnabas
2263 1676 2429 1714 manu
2471 1663 2837 1732 apprehensa,
2883 1679 3006 1718 eum
3064 1666 3331 1719 nolentem
3372 1666 3420 1718 vi
3462 1666 3531 1722 ad

1960 1764 2135 1803 meam
2164 1751 2292 1805 duxi
2320 1752 2579 1819 domum;
2611 1754 2703 1809 ubi
2745 1765 2798 1809 et
2824 1754 2928 1809 feci
2958 1771 3198 1821 manere,
3232 1773 3297 1810 ne
3325 1758 3449 1826 quis
3476 1759 3529 1813 ei

272 1835 354 1905 τῷ
386 1837 576 1906 χεῖρας
614 1831 864 1903 ἐπιϐάλῃ.
900 1833 1011 1885 Καὶ
1054 1830 1276 1902 ἡμερῶν
1321 1829 1517 1898 ὀλίγων
1549 1828 1852 1899 διατρίψας,

1963 1855 2154 1896 manus
2177 1842 2442 1911 injiceret.
2474 1843 2798 1916 Paucosque
2826 1847 2943 1901 dies
2968 1858 3357 1912 commoratus,
3386 1865 3529 1903 non-

268 1928 372 1980 ικαὶ
400 1926 496 1980 τοῦ
521 1924 751 1995 ἀληθοῦς
782 1924 939 1993 λόγου
974 1924 1179 1995 βραχέα
1207 1924 1522 1993 κατηχήσας
1555 1939 1622 1993 με
1656 1921 1853 1989 ὀλίγον,

274 2018 416 2081 dig”
450 2019 507 2071 ὲν
537 2017 741 2087 ὀλίγαις
772 2017 1025 2088 ἡμέραις,
1074 2015 1320 2069 σπεύδειν
1368 2015 1551 2083 ἔλεγεν
1599 2014 1679 2076 εἰς
1726 2013 1856 2067 Ἰου-

270 2108 433 2163 δαίαν
463 2110 561 2180 τῆς
592 2108 732 2162 κατὰ
760 2108 857 2179 τὴν
882 2107 1175 2179 θρησκείαν
1208 2106 1401 2178 ἑορτῆς
1432 2107 1613 2177 χάριν,
1648 2104 1855 2158 καὶτοῦ

264 2199 468 2255 λοιποῦ
500 2203 613 2263 τοῖς
641 2199 835 2253 ἑαυτοῦ
858 2198 1139 2270 ὁμοεθνέσι
1173 2201 1407 2251 συνεῖναι
1432 2196 1620 2249 θέλων.

353 2292 496 2347 XIV.
526 2292 758 2365 Φανερὸς
799 2293 844 2345 δ’
881 2288 947 2362 ἦν
981 2308 1069 2362 μοι
1102 2291 1507 2361 άποναρκήσας.
1557 2286 1721 2358 Ἐμοῦ
1752 2286 1859 2359 γὰρ

269 2386 548 2449 εἰπόντος’
577 2385 648 2437 Σύ
681 2402 770 2455 μοι
806 2384 966 2455 μόνον
998 2383 1126 2445 τοὺς
1158 2382 1252 2435 τοῦ
1277 2382 1533 2451 φανέντος
1548 2380 1736 2452 ἀνδρὸς
1768 2378 1861 2443 οὓς

273 2477 522 2547 ἤκουσας
540 2479 585 2507 ⁵⁵
619 2475 832 2528 ὲκτίθου
864 2474 1076 2543 λόγους,
1122 2471 1276 2541 κάγὼ
1309 2473 1386 2543 τῷ
1423 2473 1542 2543 ἐμῷ
1580 2472 1859 2542 κοσμήσας

275 2567 429 2637 λόγῳ
452 2565 545 2619 τοῦ
578 2564 710 2619 Θεοῦ
741 2563 962 2636 κηρύξω
997 2564 1093 2636 τήν
1122 2563 1392 2635 βούλησιν,
1438 2566 1530 2619 καὶ
1556 2560 1656 2618 εἷθ’
1688 2564 1859 2628 οὕτως

268 2659 433 2722 sm;
464 2659 661 2728 ὀλίγων
686 2657 907 2729 ήμερῶν
937 2659 1324 2730 συμπλεύσω⁸⁸
1350 2676 1452 2712 σοι·
1483 2660 1603 2713 λίαν
1629 2660 1737 2733 γὰρ
1770 2678 1863 2714 πο-

277 2750 356 2805 θῶ
388 2750 485 2803 ἐπὶ
515 2750 607 2803 τὸν
633 2749 733 2820 τῆς
764 2749 1023 2814 Ἰουδαίας
1050 2750 1304 2819 γενέσθαι
1328 2751 1511 2804 τόπονο
1529 2752 1669 2824 τάχα
1688 2753 1745 2806 δὲ
1766 2755 1859 2806 καὶ

280 2845 584 2915 συνοικήσω
616 2844 743 2914 ὑμῖν
768 2844 860 2897 τὸν
888 2844 1064 2897 πάντα
1101 2862 1202 2914 μου
1232 2845 1330 2916 τῆς
1352 2845 1495 2917 ζωῆς
1518 2845 1630 2916 βίον
1649 2846 1723 2878 δθο
1744 2849 1772 2899 ὀ
1803 2846 1859 2899 δὲ

277 2936 450 2990 ταῦτα
478 2936 717 3000 ἀκούσας
756 2937 1109 3008 ἀπεκρίνατο·
1156 2938 1227 2989 Σὺ
1273 2938 1321 2990 εί
1348 2938 1445 3007 μὲν
1482 2938 1761 3010 ἱστορῆσαι
1790 2939 1859 2993 τὰ

268 3029 525 3102 ἡμέτερα
553 3030 646 3083 καὶ
685 3030 875 3099 μαθεῖν
926 3030 987 3083 τὸ
1034 3030 1309 3102 συμφέρον
1359 3030 1551 3095 θέλεις,
1584 3032 1642 3097 ἐξ
1688 3031 1859 3101 αὐτῆς

1960 1934 2105 1987 nulla
2146 1950 2285 1989 verae
2311 1936 2595 2006 religionis
2616 1940 2750 1994 mihi
2775 1940 2997 1995 tradidit
3028 1941 3354 2007 rudimenta,
3383 1944 3530 2011 quod

1956 2025 2147 2092 paucis
2176 2034 2295 2091 post
2321 2025 2515 2082 diebus
2540 2044 2836 2098 properare
2874 2046 2932 2085 se
2957 2030 3163 2085 diceret
3196 2033 3260 2086 ad
3284 2029 3529 2091 Judzeam

1958 2124 2174 2181 propter
2208 2114 2428 2181 festum,
2460 2117 2727 2190 velletque
2750 2120 3007 2191 deinceps
3046 2137 3169 2177 cum
3202 2124 3318 2179 suis
3350 2139 3529 2194 popu-

1957 2207 2165 2262 laribus
2191 2210 2404 2275 degere.

2029 2297 2168 2353 XIV.
2201 2299 2488 2357 Videbatur
2518 2312 2697 2358 autem
2730 2305 2863 2359 mihi
2894 2322 3015 2362 esse
3036 2309 3194 2377 plane
3223 2308 3527 2377 perculsus.

1957 2388 2093 2444 Cum
2120 2391 2262 2446 enim
2301 2408 2401 2461 ego
2431 2394 2709 2451 dicerem:
2743 2394 2824 2448 Tu
2857 2397 2987 2450 mihi
3035 2406 3244 2451 tantum
3288 2398 3528 2458 hominis

1960 2483 2108 2538 illius
2139 2484 2230 2553 qui
2255 2487 2528 2554 apparuit,
2561 2503 2701 2557 quos
2732 2489 2955 2544 audiisti
2987 2504 3198 2558 expone
3224 2504 3529 2555 sermones,

1956 2583 2011 2630 et
2039 2590 2138 2645 ego
2167 2577 2411 2631 oratione
2441 2594 2561 2633 mea
2592 2579 2716 2635 illos
2759 2596 3050 2646 exornans,
3094 2580 3185 2635 Dei
3229 2582 3518 2638 consilium

1959 2669 2307 2738 przedicabo,
2380 2671 2569 2741 sicque
2633 2683 2822 2742 postea
2892 2691 2997 2729 una
3058 2677 3328 2746 navigabo
3388 2676 3530 2732 intra

1958 2776 2163 2830 paucos
2225 2762 2340 2817 dies
2360 2779 2407 2815 ιε
2452 2765 2743 2819 admodum
2802 2766 2946 2831 enim
3010 2768 3171 2837 cupio
3221 2772 3286 2822 ad
3331 2766 3532 2824 Judaea:

1958 2851 2234 2919 regionem
2280 2853 2601 2921 pervenire:
2639 2870 2703 2909 ac
2735 2855 2874 2910 forte
2900 2859 3181 2913 vobiscum
3228 2874 3323 2928 per
3360 2867 3527 2913 totam

1957 2943 2122 2996 vitam
2157 2942 2436 3000 habitabo.
2492 2944 2583 3000 llle
2625 2947 2709 3002 his
2761 2949 2961 3003 auditis
3002 2951 3320 3020 respondit:
3353 2949 3454 3015 Tu,
3482 2950 3529 3007 si

1960 3034 2177 3105 quidem
2201 3035 2384 3090 videre
2420 3046 2604 3091 nostra
2629 3075 2643 3101 ,
2672 3047 2725 3092 et
2763 3040 2909 3108 quod
2942 3042 3158 3109 expedit
3188 3041 3271 3097 vis
3293 3042 3527 3108 discere,

283 3139 370 3192 μοι
398 3122 765 3194 σύμπλευσον’
795 3123 843 3174 εί
875 3120 932 3173 δὲ
964 3120 1038 3192 μὴ
1079 3120 1281 3190 βούλει,
1318 3120 1389 3173 τὰ
1419 3121 1553 3176 ἄλλα
1570 3121 1614 3154 ⁸⁷
1658 3124 1857 3193 σημεῖα

1963 3142 2175 3181 mecum
2202 3127 2384 3182 statim
2412 3129 2699 3198 navigato;
2733 3131 2778 3184 si
2812 3130 2977 3194 nolis,
3008 3132 3216 3201 reliqua
3249 3132 3403 3199 signa
3431 3134 3530 3187 do-

268 3214 379 3285 τῆς
420 3214 693 3287 οἰκήσεώς
736 3232 836 3284 μου
882 3213 975 3267 καὶ
1018 3208 1093 3267 ὧν
1132 3212 1316 3277 θέλεις
1344 3212 1454 3282 ἐγώ
1495 3231 1577 3266 σοι
1624 3214 1857 3285 σήμερον

1963 3216 2153 3271 micilii
2183 3216 2291 3271 mei
2320 3226 2375 3272 et
2402 3232 2636 3286 quorum
2666 3220 2900 3274 volueris
2928 3221 3024 3274 tibi
3057 3222 3217 3276 hodie
3246 3224 3445 3291 dicam,
3470 3232 3532 3280 ut

276 3305 467 3379 ὲρῶδθ,
503 3306 592 3360 ἵνα
622 3308 711 3360 ὅτε
746 3304 925 3375 βούλει
972 3303 1141 3358 ἐλθὼν
1172 3304 1400 3375 ὲπιστῇς
1433 3307 1582 3375 ήμίν·
1615 3304 1724 3373 ἐγὼ
1753 3304 1861 3376 γὰρ

278 3398 465 3472 αὔριον
499 3397 842 3471 πορεύσομαι
882 3396 975 3448 ἐπὶ
1004 3395 1076 3448 τὰ
1103 3394 1361 3465 ἐμαυτοῦ.
1397 3397 1507 3449 Καὶ
1537 3396 1600 3468 δὴ
1650 3395 1858 3450 ἀδυσώ-

281 3506 449 3562 πητον
495 3488 620 3543 ίδὼν
661 3487 919 3559 συνῆλθον
954 3486 1103 3558 αὐτῷ
1145 3485 1307 3558 μέχρι
1352 3485 1448 3540 τοῦ
1489 3486 1723 3559 λιμένος
1767 3488 1861 3541 καὶ

272 3582 470 3653 ,μαθὼν
495 3584 623 3653 παρ’
651 3580 813 3635 αὑτοῦ
847 3580 990 3652 άπερ
1019 3579 1170 3649 ἔλεγε
1200 3583 1397 3651 σημεῖα
1429 3579 1540 3633 τῶν
1573 3580 1857 3651 οἰκήσεων,

272 3672 411 3743 ’ἔφην
442 3672 619 3743 αὐτῷ·
652 3668 716 3726 Εί
752 3672 825 3743 μὴ
858 3671 939 3725 ὅτι
981 3669 1168 3743 αὔριόν
1195 3689 1248 3725 τι
1276 3670 1490 3725 ἀπαιτῶ
1519 3670 1860 3743 ὀφειλόμενόν

276 3782 394 3833 μοι,
427 3765 493 3832 ἐξ
525 3765 695 3834 αὐτῆς
718 3765 783 3820 ἄν
816 3782 896 3817 σοι
931 3763 1241 3819 συνέπλεονο
1276 3765 1416 3837 πλὴν
1454 3763 1639 3835 τάχιόν
1669 3781 1728 3817 σε
1760 3781 1860 3817 κα-

282 3856 607 3929 ταλήψομαι.
643 3850 754 3910 Καὶ
775 3855 947 3910 ταῦτα
973 3856 1163 3921 εἰπὼν,
1192 3857 1283 3911 καὶ
1303 3858 1348 3890 ⁸⁹
1382 3859 1755 3931 παραθέμενος
1774 3860 1862 3913 αὑ-

283 3948 373 4001 τὸν
404 3951 519 4011 τοῖς
542 3948 635 4001 τοῦ
656 3948 841 4001 πλοίου
872 3948 1196 4019 ἡγουμένοις
1220 3949 1557 4022 ὑπέστρεφον
1589 3951 1862 4024 λυπούμε-

279 4056 391 4107 νος,
418 4039 767 4111 μεμνημένος
792 4039 887 4093 τοῦ
921 4040 1083 4093 καλοῦ
1117 4042 1209 4094 καὶ
1239 4042 1499 4113 συνήθους
1526 4042 1699 4111 φίλου.

356 4133 467 4202 38
499 4130 615 4185 XV.
663 4131 914 4203 Ἡμερῶν
946 4131 1002 4185 δὲ
1026 4133 1331 4204 διατρίψας,
1369 4134 1545 4188 καὶτὸ
1574 4134 1733 4207 χρέος
1762 4136 1861 4207 οὐχ

283 4221 401 4275 ὅλον
434 4223 619 4276 λαϐεῖν
638 4222 903 4294 δυνηθεὶς,
928 4223 1125 4293 τάχους
1153 4224 1315 4278 ἕνεκα
1342 4225 1619 4297 ἀμελήσας
1641 4226 1735 4281 τοῦ
1765 4245 1861 4280 πε-

293 4314 671 4384 ριλειφθέντος,
705 4315 781 4378 ὼς
801 4314 1062 4385 ’ἐμποδίου
1094 4315 1265 4379 ὄντος,
1308 4318 1399 4370 καὶ⁸
1429 4317 1589 4381 αὐτὸς
1612 4319 1694 4381 είς
1730 4320 1858 4372 Ἰου-

291 4403 443 4459 δαίαν
484 4405 819 4470 ἀπέπλευσα,
852 4407 947 4459 καὶ
976 4406 1265 4460 δεκαπέντε
1281 4408 1327 4439 ⁸⁸
1362 4408 1581 4479 ἡμερῶν
1612 4410 1690 4472 είς
1726 4411 1861 4463 Και-

1960 3310 2177 3380 quando
2205 3310 2445 3365 volueris
2481 3313 2687 3378 venire,
2721 3314 2878 3368 nobis
2904 3330 3165 3371 occurras
3202 3335 3216 3370 :
3257 3334 3356 3387 ego
3382 3321 3530 3374 enim

1960 3413 2082 3454 cras
2112 3397 2178 3452 ad
2206 3412 2326 3453 mea
2356 3413 2443 3452 me
2459 3400 2741 3469 recipiam.
2774 3399 2975 3457 Videns
3006 3402 3190 3471 itaque
3220 3404 3531 3459 inexorabi-

1959 3489 2066 3546 lem
2114 3504 2270 3557 esse,
2304 3489 2594 3545 comitatus
2637 3506 2757 3545 sum
2798 3507 2921 3545 eum
2976 3508 3149 3562 usque
3175 3494 3242 3547 ad
3276 3503 3527 3563 portum;

1962 3580 2306 3649 acceptisque
2329 3580 2397 3635 ab
2420 3595 2486 3635 eo
2516 3581 2687 3649 signis
2716 3597 2838 3651 qua:
2865 3582 3078 3637 dixerat
3101 3583 3528 3653 domiciliorum,

1960 3670 2073 3726 dixi
2104 3672 2182 3726 illi
2210 3687 2223 3723 :
2253 3670 2369 3727 Nisi
2397 3686 2520 3727 cras
2550 3660 2751 3743 aliquid
2784 3675 2928 3744 quod
2958 3675 3090 3729 mihi
3115 3677 3346 3731 debetur
3371 3693 3528 3746 repe-

1961 3762 2162 3816 titurus
2188 3777 2388 3825 essem,
2426 3763 2653 3832 jamjam
2698 3774 2877 3820 tecum
2920 3767 3268 3836 navigarem;
3302 3769 3410 3823 cito
3446 3778 3530 3822 ta-

1961 3868 2084 3907 men
2114 3862 2169 3907 te
2190 3867 2473 3922 assequar.
2509 3852 2594 3918 Et,
2628 3854 2712 3909 bis
2738 3855 2919 3921 dictis,
2944 3858 3433 3928 commendatoque
3460 3874 3527 3912 eo

1960 3949 2115 4004 navis
2140 3949 2483 4015 ductoribus,
2510 3965 2764 4005 reversus
2792 3967 2912 4006 sum
2938 3952 3134 4018 tristis,
3160 3968 3370 4007 memor
3396 3952 3528 4009 boni

1958 4049 2013 4095 et
2046 4040 2333 4096 concordis
2355 4041 2536 4097 amici.

2025 4132 2143 4187 XV.
2176 4133 2399 4204 Aliquot
2419 4146 2598 4189 autem
2625 4134 2740 4190 dies
2765 4144 3007 4191 moratus
3027 4177 3042 4201 ,
3075 4152 3139 4190 ac
3176 4144 3345 4191 totum
3376 4137 3529 4191 debi-

1960 4232 2074 4279 tum
2100 4226 2341 4295 recipere
2367 4242 2477 4280 nou
2510 4227 2719 4291 valens,
2745 4238 2965 4296 propter
3004 4228 3408 4283 festinationem
3440 4246 3527 4284 re-

1960 4315 2110 4386 liquo
2138 4318 2402 4388 neglecto,
2436 4319 2581 4388 quod
2613 4320 3002 4388 impedimento
3030 4330 3196 4388 esset,
3243 4321 3359 4391 ipse
3387 4338 3525 4392 quo-

1960 4423 2066 4477 que
2097 4409 2152 4462 in
2183 4406 2425 4463 Iudaeam
2450 4410 2755 4479 enavigavi,
2782 4419 2835 4464 et
2864 4410 3268 4479 quintodecimo
3293 4412 3378 4466 die
3408 4413 3526 4467 Cte-

290 4496 511 4569 σάρειαν
552 4498 869 4569 κατήντησα
920 4500 1018 4569 τὴν
1057 4498 1391 4571 Στράτωνος.
1431 4500 1747 4565 Ἐπιϐάντος
1799 4501 1857 4555 δέ

1963 4517 2173 4557 saream
2222 4501 2495 4558 Stratonis
2534 4504 2751 4559 adveni.
2791 4507 3037 4575 Cumque
3078 4515 3277 4560 terram
3319 4508 3525 4577 tetigis-

292 4606 392 4661 μου
426 4590 523 4662 τῆς
552 4591 653 4660 γῆς
683 4590 776 4643 καὶ
812 4590 987 4657 ξενίαν
1033 4591 1366 4663 θηρωμένου,
1397 4592 1596 4665 ἔμαθον
1629 4594 1708 4647 ὅτι
1748 4594 1855 4647 Πέ-

260 4699 415 4754 -τρος
446 4701 531 4747 τις
558 4682 867 4752 λεγόμενος,
897 4680 991 4734 τοῦ
1021 4683 1078 4735 ὲν
1120 4683 1346 4754 Ἰουδαίᾳ.
1377 4684 1720 4753 είσφανέντος
1760 4686 1855 4738 ἀν-

290 4774 413 4846 δρὸς
438 4777 529 4830 τοῦ
554 4779 753 4850 σημεῖα
778 4777 870 4830 καὶ
896 4777 1096 4847 τέρατα
1119 4770 1526 4847 πεποιηκότοςό
1552 4775 1855 4847 δοκιμώτα-

292 4884 385 4931 τος
410 4868 666 4941 ὕπάρχων
699 4869 964 4941 μαθητὴς,
989 4867 1176 4940 αὔριον
1204 4867 1500 4939 Σίμωνιτῷ
1520 4868 1627 4921 ἀπὸ
1654 4868 1857 4922 Γιτθῶν

294 4961 534 5032 Σαμαρεϊ
584 4960 807 5033 ζήτησιν
870 4962 1102 5014 ποιεῖται
1149 4960 1343 5029 λόγων.
1388 4960 1527 5029 Ἐγὼ
1577 4961 1635 5015 δὲ
1686 4960 1858 5014 ταῦτα

292 5052 527 5117 ἀκούσας
554 5054 778 5126 ἐδεήθην
824 5054 924 5124 τὴν
966 5051 1156 5105 τούτου
1194 5068 1283 5122 μοι
1329 5052 1626 5123 μηωθῆναι
1670 5052 1853 5124 μονήν·

290 5145 388 5197 καί
412 5144 560 5214 ὀμῶς
587 5144 783 5215 ἔμαθον
812 5145 909 5199 καὶ
936 5143 1015 5215 τῷ
1048 5141 1251 5195 πυλῶνι
1288 5143 1542 5213 ἐπέστην.
1574 5142 1856 5212 Θεασάμε-

292 5253 373 5293 νοι
391 5236 448 5290 δὲ
480 5238 528 5291 οί
564 5239 622 5290 ὲν
642 5236 719 5307 τῷ
741 5236 873 5308 οῑκῳ
896 5233 1187 5290 ἅντέϐαλον
1205 5234 1249 5265 ⁸⁸
1272 5232 1355 5297 τίς
1375 5251 1434 5287 τε
1459 5232 1536 5286 ὣν
1566 5233 1663 5287 καὶ
1691 5234 1855 5287 πόθεν

1961 4608 2097 4659 sem,
2134 4603 2188 4648 et
2228 4595 2523 4663 hospitium
2579 4596 2978 4665 investigarem.
3019 4598 3200 4666 accepi
3233 4598 3522 4667 quemdam

1960 4684 2180 4737 nomine
2205 4683 2447 4751 Petrum,
2476 4685 2577 4738 viri
2603 4686 2748 4741 illius
2771 4687 2861 4757 qui
2904 4687 2955 4741 in
2986 4686 3170 4742 Judaaa
3201 4698 3525 4755 conspectus

1958 4783 2062 4841 est,
2089 4776 2291 4845 quique
2324 4777 2477 4848 signa
2517 4786 2572 4831 et
2608 4778 2850 4849 prodigia
2884 4779 3031 4843 fecit,
3081 4763 3523 4848 probatissimum

1960 4866 2310 4936 discipulum,
2334 4868 2576 4922 crastino
2594 4868 2681 4923 die
2705 4884 2829 4924 cum
2867 4870 3088 4925 Simone
3114 4885 3178 4924 ex
3205 4868 3403 4925 Gitthis
3426 4869 3525 4925 Sa-

1961 4958 2238 5014 maritano
2258 4973 2379 5013 esse
2400 4958 2823 5027 disputaturum.
2849 4957 3056 5025 Quibus
3088 4960 3313 5026 auditis,
3336 4961 3521 5031 rogavi

1960 5051 2109 5107 illius
2133 5050 2470 5105 mansionem
2500 5051 2632 5104 mihi
2660 5050 2885 5108 iudicari
2914 5068 2928 5105 :
2958 5059 3011 5105 et
3054 5052 3216 5105 simul
3252 5061 3416 5121 atque
3442 5053 3525 5106 dio

1962 5144 2090 5209 dici,
2122 5150 2320 5213 prmsto
2349 5141 2425 5197 fui
2456 5142 2523 5197 ad
2555 5141 2721 5197 fores.
2759 5141 2828 5195 At
2856 5142 2933 5195 illi
2965 5142 3018 5195 in
3059 5142 3244 5208 domo,
3274 5159 3396 5197 cum
3437 5159 3523 5196 me

1959 5234 2205 5289 viderent
2226 5272 2243 5299 ,
2277 5232 2417 5288 inter
2444 5247 2503 5287 se
2530 5231 2914 5299 conferebant,
2940 5233 3192 5303 quisnam
3231 5250 3429 5300 essem,
3460 5251 3524 5291 ac

1594 5346 1822 5401 VARLE
1864 5344 2263 5401 LECTIONES.

363 5439 409 5473 “
445 5439 671 5512 θεότητα
697 5437 759 5494 C.
832 5442 877 5512 ξ’
902 5440 1097 5510 ἀληθὲς
1123 5434 1438 5512 λέγοντ-αῄο.
1460 5437 1810 5512 subsequens
1838 5437 1927 5490 διά
1949 5436 2157 5512 ad_did_it_
2177 5437 2237 5501 S,
2263 5446 2485 5512 auctore
2514 5434 2732 5512 Ruﬁno,
2780 5433 2900 5512 ligo.
2947 5452 2982 5502 ι,
3007 5438 3060 5512 θ.
3109 5437 3181 5512 ,⁸³
3209 5437 3331 5489 ὅσον
3362 5436 3522 5492 Liber

296 5505 515 5581 lRegius
539 5504 672 5581 804,
707 5508 866 5581 (11101ιῄ
897 5504 1131 5581 praestat.
1198 5504 1251 5540 ’⁸⁸
1283 5507 1414 5581 Vhb.
1447 5506 1547 5581 gi};
1577 5504 1813 5581 ἡκούσας
1857 5506 2064 5581 (ηιμ-Ο.
2106 5504 2249 5581 idem
2284 5505 2426 5581 κατά

2455 5521 2506 5588 ρ’.
2530 5504 2719 5588 adyti»;
2800 5509 2845 5538 ⁸⁸
2878 5506 3283 5588 cup-13.156599,
3315 5512 3520 5588 ognissq

302 5545 515 5633 58:37”
539 5545 1215 5650 ῖῗίὶεεξῗ“ἱρ”όιιξξι⁰ῖιῗ“ἐὶ›ιι.
1241 5545 1308 5633 οξ
1325 5545 1421 5650 ’ἱξῖ
1447 5545 1568 5631 va.
1584 5545 2064 5650 "tiéfrfltfé'zi'ti'.’
2106 5545 2426 5650 ’δῗὲἒεῖᾜέ
2437 5545 2507 5650 ἐξ
2524 5545 2736 5650 ET:
2752 5545 2986 5650 τνωριῖ
2996 5545 3287 5650 ἴεζῖᾜῆ
3315 5545 3520 5650 Ῐίτῖἒὲ

302 5650 495 5718 excidit
543 5665 629 5718 ap.
660 5643 741 5703 Cl.
771 5643 830 5704 Εἰ
865 5650 921 5703 S.
998 5650 1043 5718 δέ
1070 5643 1155 5701 διὰ
1203 5648 1498 5718 δεκαπέντε
1530 5648 1673 5717 conj.
1699 5646 1740 5718 C
1770 5688 1785 5713 ,
1814 5654 1873 5700 ut
1894 5655 1977 5718 est
2005 5647 2059 5701 in
2090 5647 2209 5718 cod.
2270 5643 2402 5718 Reg.
2440 5645 2544 5718 894
2566 5654 2640 5718 _et
2689 5643 2834 5718 Epit.
2865 5643 3058 5718 c._l:l._
3088 5646 3153 5718 λ⁸¹
3186 5645 3519 5718 θεασάμενον

300 5715 357 5829 ἓξ
375 5719 449 5829 ὲοἱ
476 5722 531 5800 ὲν
560 5714 637 5829 τῇ)
662 5720 794 5829 οίκῗρ
828 5717 1187 5829 ἐπέϐαλοῖιυ
1209 5717 1572 5829 ,Θάντέὸϐαλλον
1590 5714 1790 5829 8geli'q.t
1810 5715 2028 5824 omissi's
2082 5715 2147 5782 C,
2180 5718 2231 5793 ei
2262 5716 2306 5770 δ’
2336 5714 2654 5785 ἀντέϐαλλον
2684 5714 2813 5773 δἐι
2842 5716 2963 5775 cod.
2999 5715 3126 5785 80$,
3157 5718 3250 5787 qui
3293 5714 3441 5773 addit
3465 5715 3519 5771 οι

405 5806 432 5829 ν
456 5805 692 5829 τηιηνω
768 5807 799 5829 n
862 5790 949 5829 ,περ
1003 5804 1052 5829 ρ-
1185 5807 1196 5818 -
1265 5804 1365 5829 εεισ
1406 5804 1553 5829 tum:
1678 5804 1706 5829 η
1794 5804 1823 5829 ν
1849 5803 1927 5829 τι.»
1957 5803 2107 5829 αντη)-

303 5784 590 5860 δὲντῷο

613 5784 710 5861 ξφ.
746 5784 800 5845 In
831 5788 969 5857 Epit.
1003 5804 1052 5843 c.
1082 5788 1147 5842 M
1185 5807 1197 5840 :
1232 5787 1554 5857 θεασάμενοι
1590 5787 1650 5842 δὲ
1678 5784 1823 5843 {il—tv
1849 5784 1927 5859 τῷ
1957 5786 2108 5859 οίκῳ.
