3986 6164
403 357 467 412 Ἰὶ
1297 355 1356 410 S.
1396 349 1786 410 CLEMEXTIS
1823 349 2033 406 IROM.
2074 349 2272 406 PONT.
2317 349 2546 404 OI’ERA
2580 351 2805 407 DUBIA.
3595 358 3672 416 71

405 481 550 534 unde
574 482 840 536 venirem.
889 481 957 538 Et
1000 499 1127 539 ecce
1169 482 1448 537 Barnabas
1477 496 1752 553 egressus,
1789 479 1971 535 statim

2099 477 2216 546 ﬁxo).
2257 475 2365 527 Καὶ
2409 474 2517 528 ἰδοὺ
2557 475 2844 547 Βαρνάϐας
2881 475 3048 539 ἐκϐὰς
3080 475 3194 547 ἃμα
3234 477 3313 549 τῷ
3355 477 3481 532 ἰδεῖν
3497 480 3543 512 ⁵¹
3573 498 3673 538 πο.-

403 573 633 640 utvidit,
676 575 994 644 complexus
1026 585 1110 629 est
1137 573 1244 637 me,
1284 574 1515 628 multum
1543 572 1785 642 gaudens
1809 586 1872 625 ac
1893 571 1976 624 la»

2095 567 2351 639 οιεπλάκη
2391 585 2499 638 μοι,
2522 566 2658 620 πολὺ
2681 568 2884 640 χαίρων
2907 570 3000 622 καὶ
3017 568 3284 640 δακρύων·
3315 573 3411 625 καὶ
3431 572 3669 645 λαϐόμε-

403 675 690 732 Crymans;
719 666 1167 735 apprehensaque
1204 679 1369 718 manu
1418 678 1560 728 mea,
1596 661 1893 715 introduxit
1921 660 1975 714 in

2094 660 2168 722 θός
2207 677 2307 730 μου
2341 659 2440 728 τῆς
2467 660 2648 730 χειρὸς
2679 660 2960 733 εἰσέφερεν
3001 659 3128 714 ἔνθα
3160 657 3228 733 ἦν
3259 665 3287 716 ὁ
3324 665 3547 736 Πέτρος,
3580 667 3668 721 λέ-

403 757 582 810 locum
619 759 707 811 ubi
740 769 856 812 erat
884 758 1098 820 Petrus,
1131 759 1380 827 dixitque
1415 755 1586 810 mihi:
1627 754 1726 810 Hic
1762 763 1847 810 est
1875 753 1976 808 Pe-

2093 770 2188 819 των
2222 769 2328 822 μοι·
2365 748 2532 816 Οὗτός
2557 753 2673 805 ἐστι
2705 753 2930 824 Πέτρος,
2958 754 3018 807 ὃν
3049 755 3302 825 μέγιστον
3343 758 3437 810 ἐπὶ
3472 763 3539 831 τῇ
3572 760 3667 815 τοῦ

404 856 539 914 trus,
568 864 727 918 quem
749 849 1048 902 maximum
1071 849 1123 902 in
1150 847 1242 901 Dei
1273 848 1536 915 sapientia
1562 846 1656 900 tibi
1686 845 1977 900 denuntia-

2091 843 2210 896 θεοῦ
2251 843 2412 914 σοφίᾳ.
2442 843 2916 916 ὲπηγγειλάμην⁸³
2939 861 3042 910 σοι,
3078 840 3123 916 ᾧ
3151 847 3447 913 ἀπαύστως
3479 868 3537 902 σε
3569 855 3665 904 ἀν-

401 941 548 1006 bam,
573 940 659 994 cui
690 939 913 995 assiduo
946 941 1010 994 de
1047 952 1097 994 te
1125 941 1406 1010 loquebar.
1431 938 1585 994 Ultro
1609 939 1772 1009 igitur
1795 938 1975 1004 ingre-

2089 933 2345 988 ιέϐαλλον.
2386 935 2472 998 Ὠς
2497 935 2657 989 εῐσιθι
2691 939 2754 991 ἐκ
2791 937 3130 1008 ταυτομάτου
3151 982 3165 1005 ,
3197 941 3279 992 ὅτι
3317 940 3387 994 τὰ
3430 941 3573 996 κατά
3602 943 3663 997 σὲ

400 1030 554 1093 dere;
595 1031 851 1099 quoniam
877 1047 998 1100 quae
1025 1031 1076 1084 in
1103 1039 1156 1085 te
1186 1032 1327 1085 bona
1369 1038 1516 1094 sunt,
1543 1045 1669 1084 vere
1708 1029 1782 1081 illi
1814 1043 1974 1081 enar—

2090 1027 2216 1080 ιαλά
2231 1027 2361 1081 ὄντα
2388 1027 2638 1098 ἀψευδῶς
2660 1029 2986 1084 ἀντέϐαλλον
3003 1032 3068 1095 ⁸⁸,
3099 1031 3134 1085 ἆ
3141 1050 3215 1102 μα
3233 1033 3327 1091 καὶ⁸
3346 1033 3446 1104 τὴν
3466 1035 3664 1106 προαί-

400 1121 537 1187 ravi,
574 1123 847 1191 simulque
877 1121 1229 1176 manifestum
1273 1120 1372 1175 feci
1407 1121 1746 1190 propositum
1785 1127 1969 1183 tuum,

2085 1135 2226 1190 ρεσιν
2257 1117 2494 1191 ὲξέφηνα
2513 1120 2558 1151 ⁵⁸
2581 1159 2595 1183 ,
2632 1121 2708 1185 ὼς
2747 1123 2911 1176 αὐτὸν
2943 1123 3222 1195 γλίχεσθαι
3273 1127 3367 1178 καὶ
3418 1126 3544 1178 ἰδεῖν
3579 1145 3659 1181 σε.

399 1212 472 1264 ita
505 1219 564 1264 ut
598 1211 713 1280 ipse
741 1211 905 1265 etiam
949 1225 998 1266 te
1032 1212 1214 1266 videre
1255 1220 1429 1265 aveat.
1474 1211 1727 1281 Magnum
1760 1225 1888 1280 ergo
1921 1209 1972 1263 ei

2088 1212 2234 1279 Μέγα
2255 1207 2350 1264 οὖν
2383 1211 2534 1285 αὐτῷ
2552 1213 2724 1285 δῶρόν
2749 1230 2809 1266 σε
2832 1214 2922 1267 διὰ
2941 1215 3046 1267 τῶν
3063 1215 3212 1286 ὲμῶν
3234 1219 3528 1288 προσφέρω
3547 1236 3662 1288 χειν

397 1319 598 1359 munus
639 1313 689 1358 te
712 1305 962 1358 manibus
990 1308 1124 1358 meis
1151 1305 1338 1360 oﬂ’ero.
1381 1304 1535 1370 Quod
1569 1319 1692 1358 cum
1722 1302 1968 1369 dixisset,

2088 1301 2203 1370 ρῶν.
2241 1303 2351 1355 Καὶ
2377 1302 2534 1356 τοῦτο
2565 1302 2755 1369 εἰπὼν,
2787 1307 3160 1378 προσενέγκας
3196 1307 3322 1380 ἔφη’
3358 1305 3526 1372 Οὗτός
3547 1313 3662 1366 ἐστι

396 1397 581 1450 oblato
613 1411 719 1460 me,
746 1397 825 1450 ait
857 1412 870 1447 :
907 1395 1004 1451 llic
1035 1407 1117 1451 est
1141 1395 1414 1462 Clemens,
1438 1395 1613 1450 Petre.

991 1415 1004 1451 :
1035 1407 1117 1451 est
1141 1395 1414 1462 Clemens,
1438 1395 1613 1450 Petro.
2076 1393 2332 1466 Κλήμης,
2368 1395 2565 1466 Πέτρε.

463 1485 604 1541 XVI.
642 1488 709 1541 At
753 1487 928 1542 bonus
968 1487 1182 1554 Petrus,
1221 1489 1385 1542 simul
1414 1504 1478 1543 ac
1513 1502 1710 1541 nomen
1742 1487 1967 1555 audivit,

2141 1487 2251 1558 39
2267 1486 2406 1544 XVI.
2424 1488 2479 1541 Ὀ
2493 1488 2550 1542 δὲ
2568 1488 2790 1557 ἀγαθὸς,
2805 1491 3084 1562 προσπηδή
3094 1509 3189 1555 σας
3211 1491 3324 1563 ἅμα
3344 1493 3420 1564 τῷ
3433 1494 3663 1552 ἀκοῦσαι

395 1579 625 1648 prosiliit
654 1589 706 1633 et
736 1574 1014 1635 osculatus
1040 1589 1156 1642 est,
1203 1595 1267 1635 ac
1302 1580 1491 1636 sedere
1526 1596 1612 1634 me
1653 1577 1779 1634 fecit
1801 1621 1814 1645 ,
1859 1589 1967 1633 sta-

2087 1578 2132 1630 :b
2153 1579 2342 1650 ὄνομα,
2362 1581 2742 1652 κατεφίλησεν,
2765 1584 2858 1636 καὶ
2871 1584 3255 1654 ὲγκαθιστῆναί
3273 1586 3318 1616 ⁸⁸
3343 1604 3406 1656 με
3429 1589 3661 1658 ποιήσας

396 1671 602 1740 timque
628 1672 793 1726 dixit:
826 1671 991 1726 Recte
1019 1672 1220 1735 fecisti,
1242 1688 1544 1742 praeconem
1564 1672 1808 1725 veritatis
1838 1670 1970 1725 Bar-

2087 1670 2302 1743 ιξαυτῆς
2331 1671 2456 1744 ἔφη’
2517 1674 2712 1737 Καλῶς
2744 1675 3006 1746 ἐποίησας
3028 1676 3118 1729 τὸν
3148 1678 3246 1748 τῆς
3274 1678 3496 1750 ἀληθεία
3556 1682 3661 1751 κή-

394 1764 591 1817 nabam
626 1765 894 1833 hospitem
926 1764 1248 1833 excipiendo
1275 1807 1288 1829 ,
1321 1778 1521 1832 magno
1557 1764 1741 1816 animo
1770 1764 1824 1816 in
1857 1764 1968 1817 veri

2081 1779 2218 1832 ρυκα
2246 1761 2458 1829 ξενίσας
2479 1765 2784 1838 Βαρνάϐαν,
2820 1767 2900 1829 είς
2930 1768 3095 1839 τιμὴν
3117 1769 3212 1821 τοῦ
3240 1769 3406 1834 ὅντως
3425 1771 3469 1801 ⁵⁷
3498 1772 3655 1836 Θεοῦ,

394 1853 487 1908 Dei
525 1856 787 1909 honorem
813 1897 827 1920 ,
867 1854 1109 1910 furorem
1157 1855 1420 1924 imperita:
1461 1853 1824 1909 multitudinis
1860 1869 1968 1908 non

2085 1854 2491 1927 μεγαλοφρόνως
2513 1899 2527 1923 ,
2571 1859 2671 1911 οὐκ
2702 1857 2965 1922 αἰδεσθεὶς
2987 1902 3001 1924 ,
3032 1861 3092 1914 οὐ
3126 1860 3377 1932 φοϐηθεὶς
3423 1863 3510 1915 τὸν
3551 1865 3659 1916 τῶν

394 1949 617 2002 veritus.
652 1947 850 2003 Beatus
886 1950 1016 2003 eris.
1049 1947 1522 2013 Quemadmodum
1555 1950 1700 2003 enim
1733 1957 1788 2003 tu
1820 1948 1966 2002 veri-

2084 1947 2415 2002 ἀπαιδεύτων
2437 1950 2610 2020 ὄχλων
2630 1951 2820 2023 θυμόν.
2843 1953 3128 2024 Μακάριος
3155 1954 3271 2026 ἔσῃ.
3292 1955 3377 2019 Ὠς
3400 1956 3506 2027 γὰρ
3528 1958 3590 2010 σὺ
3613 1959 3658 1990 ⁵⁸

397 2041 524 2095 tatis
598 2041 832 2111 legatum
863 2042 934 2095 ita
967 2057 1090 2096 cum
1121 2042 1266 2096 omni
1301 2042 1508 2095 honore
1537 2040 1797 2109 excepisti
1840 2040 1969 2094 hos-

2083 2041 2164 2094 τδν
2208 2042 2308 2112 τῆς
2337 2043 2590 2114 ἀληθείας
2623 2043 2959 2116 πρεσϐευτὴν
3010 2044 3182 2108 οὕτως
3215 2045 3458 2110 ἐξένισας
3511 2053 3657 2122 πάσῃ

392 2134 548 2204 pitio,
585 2135 699 2204 ipsa
743 2150 964 2204 quoque
1006 2145 1057 2188 te
1097 2136 1300 2188 veritas
1340 2135 1628 2204 hospitem,
1666 2149 1780 2187 sua!
1817 2133 1966 2190 urbis

2083 2139 2226 2207 τιμῇ,
2260 2137 2351 2189 καὶ
2385 2137 2519 2207 αὐτή
2559 2153 2617 2189 σε
2660 2137 2883 2208 ἀλήθεια
2926 2137 3071 2204 ξένον
3100 2139 3230 2192 ὄντα
3259 2140 3355 2210 τῆς
3385 2141 3518 2204 ἰδίας
3556 2143 3657 2195 πό-

389 2227 564 2279 civem
611 2228 908 2281 constituet
957 2245 971 2280 :
1019 2235 1257 2296 tuncque
1301 2243 1629 2297 magnopere
1674 2225 1963 2292 laetaberis.

2083 2230 2210 2290 λεως
2238 2229 2565 2298 καταστήσει
2591 2228 2832 2300 πολίτηνο
2866 2230 2960 2282 καὶ
2987 2230 3107 2282 τότε
3129 2233 3343 2303 χαρήσῃ
3372 2235 3657 2305 μεγάλως,

391 2321 518 2388 quia
566 2335 711 2373 nunc
754 2335 978 2388 parvam
1029 2319 1326 2375 fceneratus
1367 2320 1597 2390 gratiam
1628 2361 1642 2384 ,
1695 2320 1965 2374 bonorum

2086 2321 2153 2373 5τι
2179 2320 2434 2391 βραχεῖαν
2463 2319 2558 2375 νῦν
2580 2321 2855 2385 ὲδάνεισας
2874 2323 2919 2355 ⁵³
2945 2322 3124 2395 χάριν,
3150 2325 3465 2397 προαίρεσιν
3485 2327 3660 2394 λόγων

391 2414 514 2466 dico
556 2427 868 2466 sermonum
910 2413 1242 2467 voluntatem
1267 2455 1282 2478 ,
1311 2413 1580 2466 bonorum
1613 2421 1964 2477 mternorum,

2085 2412 2252 2466 καλῶν
2300 2413 2476 2481 λέγω,
2524 2413 2617 2467 καὶ
2654 2413 2835 2467 ἀϊδίων
2884 2415 2977 2468 καὶ
3017 2416 3392 2487 ἀναφαιρέτων
3438 2419 3659 2487 ἀγαθῶν

391 2518 620 2572 qumque
647 2503 850 2557 auferri
887 2513 1184 2572 nequeunt,
1215 2504 1389 2558 haeres
1411 2503 1684 2559 ellicieris.
1706 2503 1815 2560 Nec
1838 2520 1965 2560 vero

2085 2502 2170 2576 ἔσῃ
2191 2504 2544 2576 κληρονόμος.
2566 2506 2675 2562 Καὶ
2699 2507 2772 2578 μὴ
2797 2506 2972 2578 κάμνε
2999 2507 3280 2563 ἀντιϐἀλλε
3291 2527 3335 2562 ιν
3364 2527 3449 2580 μοι
3479 2511 3540 2563 τὸ
3566 2513 3659 2568 σὺν

393 2595 635 2649 laborem
670 2597 871 2649 subeas
901 2596 1166 2650 referendi
1200 2595 1334 2648 mihi
1374 2611 1554 2650 mores
1591 2604 1714 2650 tuos
1745 2614 1760 2648 :
1795 2595 1967 2664 siqui-

2084 2591 2220 2665 ήθος·
2258 2597 2434 2650 πάντα
2465 2597 2572 2668 γὰρ
2605 2597 2674 2649 τὰ
2706 2597 2847 2652 κατά
2877 2599 2937 2653 σὲ
2965 2601 2993 2652 ὁ
3017 2599 3252 2670 ἀψευδὴς
3271 2602 3315 2633 ⁶⁰
3341 2604 3469 2673 ἡμῖν
3497 2605 3658 2658 ἀντέ-

391 2690 512 2741 dem
538 2688 720 2741 omnia
753 2697 844 2740 tua
872 2688 1030 2741 nobis
1057 2687 1366 2748 edisseruil,
1394 2687 1486 2755 qui
1519 2686 1965 2753 mentirinescit,

2082 2689 2199 2744 Βαλε
2219 2690 2526 2762 Βαρνάϐας,
2552 2690 2735 2761 σχεδὸν
2756 2689 2876 2744 καθ’
2906 2691 3115 2762 ἡμέραν
3142 2693 3238 2763 τὴν
3256 2693 3464 2766 ἀγαθήν
3491 2712 3585 2748 σου
3611 2697 3656 2729 ⁸⁸

390 2780 690 2846 Barnabas,
727 2781 840 2834 lere
881 2781 1122 2849 quotidie
1150 2781 1349 2833 bonam
1395 2779 1472 2832 tui
1517 2779 1845 2832 mentionem
1887 2778 1964 2832 fa-

2085 2782 2389 2853 ιιοιούμενος
2422 2783 2658 2853 μνήμην.
2683 2782 2791 2835 Καὶ
2824 2783 2911 2836 ἵνα
2944 2798 3026 2836 σοι
3054 2785 3111 2835 ὲν
3132 2784 3385 2858 ἐπιτομῇ,
3421 2786 3496 2849 ὡς
3523 2804 3659 2858 γνη-

389 2877 563 2929 ciens.
595 2871 774 2943 thue
811 2873 930 2938 tibi,
963 2881 1222 2941 tanquam
1262 2872 1478 2926 sincero
1506 2872 1708 2938 amico,
1739 2872 1788 2926 id
1818 2872 1963 2941 quod

2079 2875 2170 2946 σίῳ
2196 2875 2332 2946 φίλῳ
2353 2876 2416 2940 θ’,
2441 2875 2500 2927 τὸ
2519 2875 2874 2947 προκείμενον
2892 2875 3022 2948 ὲρῶ,
3039 2877 3087 2932 εί
3106 2882 3180 2949 μή
3193 2876 3338 2930 σοίτι
3353 2879 3653 2950 ἐμποδίζει,

391 2983 480 3023 res
506 2976 610 3032 est,
637 2967 875 3020 breviter
906 2966 1081 3018 dicam
1120 2983 1132 3018 :
1186 2964 1289 3018 nisi
1341 2964 1435 3018 tibi
1488 2965 1692 3034 aliquid
1735 2963 1965 3033 impedi-

2081 2968 2380 3022 τυνόδευσον
2419 2969 2579 3040 ἡμῖν,
2621 2967 3051 3040 μεταλαμϐάνων
3097 2970 3205 3022 τῶν
3249 2971 3349 3040 τῆς
3395 2971 3655 3043 ἀληθείας

389 3075 572 3119 mento
604 3071 685 3116 est
709 3102 722 3123 ,
757 3061 855 3114 iter
890 3058 1173 3112 nobiscum
1208 3058 1343 3112 habe
1365 3099 1379 3123 ,
1409 3073 1475 3111 ac
1511 3058 1722 3126 percipe
1754 3072 1963 3111 sermo-

2079 3055 2351 3130 λόγων,ὦν
2370 3061 2415 3092 ⁶¹
2449 3059 2589 3114 κατά
2613 3061 2764 3115 πόλιν
2797 3060 3065 3114 ποιεῖσθαι
3091 3061 3288 3132 μέλλω,
3324 3063 3484 3135 μέχρι
3517 3063 3653 3117 Ῥώο

391 3174 486 3211 nes
515 3153 780 3220 veritatis,
807 3167 946 3222 qttos
976 3167 1070 3220 per
1101 3150 1346 3221 singulas
1377 3151 1644 3216 civitates,
1673 3151 1844 3220 ipsam
1872 3167 1964 3204 us»

1683 3153 1844 3220 lpsam
1872 3167 1964 3204 us»
1993 3199 2035 3253 ϐ
2072 3170 2179 3226 μης
2207 3152 2392 3224 αὐτῆς.
2423 3152 2532 3208 Καὶ
2562 3155 2624 3208 σὺ
2659 3153 2716 3207 δὲ
2744 3154 2797 3207 εἴ
2819 3170 2871 3207 τι
2910 3152 3088 3223 βούλει
3117 3153 3257 3223 λέγε.

395 3264 495 3318 que
523 3245 772 3310 Romam,
807 3243 1096 3298 habiturus
1128 3258 1273 3297 sum.
1324 3240 1404 3298 Tu
1452 3259 1638 3314 porro,
1685 3245 1730 3299 si
1762 3243 1966 3315 aliquid
1996 3240 2035 3253 “
2913 3264 2924 3268 -

393 3340 568 3410 cupis,
601 3338 788 3393 effare.

458 3453 622 3508 XVII.
665 3453 731 3508 Et
764 3469 863 3525 ego
904 3454 1037 3524 quid
1070 3455 1139 3509 ab
1185 3453 1342 3508 initio
1389 3454 1654 3525 pr0positi
1703 3452 1964 3523 gesserim

2126 3447 2302 3515 XVII.
2342 3447 2513 3517 Κάγὼ
2539 3448 2586 3479 ⁸⁸
2623 3446 2887 3518 ἐξεθέμην
2912 3446 3010 3517 τὴν
3045 3445 3104 3512 ἐξ
3137 3445 3309 3519 ἀρχῆς
3343 3465 3433 3518 μοι
3461 3450 3655 3520 προαί-

386 3547 636 3617 exposui,
667 3558 722 3600 et
746 3563 855 3616 quo
882 3547 1047 3601 modo
1070 3547 1466 3616 quaastionibus
1492 3543 1960 3614 inexplicabilibus

2080 3559 2237 3608 οεσιν,
2279 3541 2374 3594 καὶ
2416 3541 2494 3603 ὡς
2538 3541 2617 3602 είς
2659 3538 2914 3611 ζητήσεις
2957 3538 3195 3607 ἀπόρους
3226 3538 3526 3611 ἐκενώθην,
3558 3542 3654 3594 καὶ

389 3645 690 3698 exhaustus
741 3639 976 3703 fuerim,
1033 3647 1338 3708 cmteraque
1389 3654 1509 3706 qua:
1555 3636 1648 3690 tibi
1696 3634 1963 3704 principio

2080 3633 2244 3687 πάντα
2259 3633 2359 3684 ὅσα
2381 3648 2461 3684 σοι
2480 3631 2577 3699 τὴν
2598 3630 2772 3702 ἀρχὴν
2793 3628 3244 3700 προεδήλωσα,ὠς
3261 3630 3372 3700 40
3385 3632 3472 3684 ἵνα
3488 3632 3563 3703 μὴ
3585 3633 3654 3686 τά

387 3747 546 3791 antea
569 3732 865 3796 declaravi,
893 3731 972 3784 uti
1004 3746 1073 3785 ne
1097 3730 1282 3784 eadem
1320 3730 1513 3783 iterum
1553 3729 1810 3784 scribam.
1843 3725 1961 3783 Dixi

2177 3726 2203 3777 ὰ
2227 3724 2388 3777 πάλιν
2417 3723 2633 3794 γράφω.
2675 3722 2898 3788 Ἔλεγον
2925 3720 3001 3774 δέ·
3037 3721 3126 3772 Σοὶ
3153 3721 3252 3790 μὲν
3283 3721 3512 3791 ἑτοίμως
3544 3725 3653 3795 ἔχω
3743 3789 3751 3795 ξ

388 3843 570 3884 autem
602 3826 873 3881 :Paratus
903 3823 1121 3892 quidem
1153 3837 1274 3875 sum
1308 3832 1484 3875 tecum
1524 3821 1826 3890 proﬁcisci;
1863 3821 1962 3876 hoc

2073 3815 2380 3868 συνοδεύειν·
2405 3814 2563 3867 τοῦτο
2591 3813 2718 3885 γὰρ,
2733 3813 2833 3866 οὐκ
2861 3808 3032 3866 οἶδα⁵⁸
3061 3813 3228 3880 ὅπως,
3255 3813 3458 3885 χαίρων
3487 3815 3647 3870 θέλωο

387 3923 535 3976 enim
579 3919 764 3973 nescio
807 3915 1085 3985 quomodo
1128 3916 1289 3984 cupio
1333 3915 1534 3968 laetus:
1580 3929 1768 3967 verum
1809 3913 1961 3984 prius

2076 3908 2200 3979 πλὴν
2224 3908 2350 3980 περί
2365 3907 2619 3978 ἀληθείας
2640 3905 2854 3978 πρῶτον
2874 3905 2979 3976 πλη
2988 3906 3351 3978 ροφορηθῆναι
3373 3907 3530 3976 θέλω,
3563 3909 3650 3967 ἵνα

387 4013 511 4066 volo
537 4010 737 4066 certior
765 4009 832 4062 de
862 4008 1088 4061 veritate
1120 4008 1256 4068 lieri,
1288 4017 1345 4060 ut
1374 4007 1541 4060 sciam
1570 4015 1751 4060 utrum
1781 4005 1961 4058 anima

2069 3999 2195 4068 γνῶ,
2225 4002 2273 4052 εἰ
2306 3999 2405 4070 ή⁶⁶
2433 3999 2578 4070 ψυχὴ
2617 3998 2783 4070 θνητὴ
2810 3998 3090 4071 τυγχάνει,
3120 4000 3152 4071 ἢ
3186 3999 3449 4064 ἀθάνατός
3479 4003 3643 4056 ἐστιν·

388 4103 638 4161 mortalis
675 4101 851 4166 sit,au
880 4098 1242 4163 immortalis;
1271 4111 1324 4151 et
1357 4097 1400 4150 si
1435 4098 1766 4165 sempiterna
1779 4097 1870 4162 sit,
1889 4111 1959 4162 an

2075 4091 2155 4144 ut
2188 4091 2235 4143 εί
2257 4091 2299 4121 ⁸⁷
2335 4090 2504 4153 ἀΐδιος
2548 4086 2702 4153 οὖσα,
2735 4091 2864 4162 περὶ
2901 4085 2975 4144 ὧν
3007 4091 3240 4163 ἔπραξεν
3271 4095 3502 4150 ἐνταῦθα
3533 4096 3649 4168 ἔχει

386 4197 458 4249 ιιι)
480 4211 542 4249 ea
576 4210 697 4264 qua:
734 4193 821 4246 hic
847 4192 1048 4262 gessit,
1078 4190 1313 4259 judicari
1343 4188 1536 4242 debeat
1564 4207 1577 4242 :
1627 4189 1752 4241 item
1797 4203 1865 4240 an
1909 4196 1960 4242 ct

2074 4183 2330 4256 κριθῆναι·
2367 4184 2460 4236 καὶ
2503 4183 2558 4236 εἴ
2587 4183 2634 4216 ⁸⁸
2673 4184 2726 4236 τί
2767 4185 2901 4241 ποτέ
2942 4187 3058 4240 ἐστι
3095 4186 3299 4241 δίκαιον
3339 4189 3371 4258 ἢ
3416 4191 3648 4259 ἄρεσκον

385 4290 520 4362 quid
543 4290 614 4344 sit
630 4289 841 4358 justum
895 4300 958 4340 ac
986 4283 1094 4338 Deo
1122 4291 1334 4353 gratum
1364 4301 1378 4336 :
1422 4291 1680 4350 praeterea
1713 4279 1959 4334 factusne

2073 4276 2197 4348 θεῷ·
2232 4277 2325 4330 καὶ
2353 4278 2400 4329 εἰ
2429 4275 2619 4346 γέγονε
2647 4277 2872 4348 κόσμος,
2905 4277 2999 4330 καὶ
3038 4277 3126 4333 διὰ
3154 4280 3205 4331 τί
3235 4279 3444 4348 γέγονε,
3474 4281 3568 4334 καὶ
3595 4285 3647 4342 εἰ

387 4385 462 4438 sit
504 4379 762 4444 mundus,
787 4386 841 4432 et
875 4391 1045 4446 quare
1082 4375 1292 4438 factus;
1333 4387 1386 4428 et
1418 4383 1598 4428 utrum
1633 4390 1738 4427 non
1761 4373 1957 4428 όίδεοί-

2070 4369 2119 4422 26
2168 4367 2477 4441 λυθήσεται,
2527 4369 2622 4424 καὶ
2674 4371 2723 4422 εί
2777 4368 3086 4441 λυθήσεταισ
3133 4371 3228 4424 καὶ
3273 4373 3321 4424 εί
3379 4372 3644 4442 κρείττων

389 4485 566 4540 vetur,
606 4489 673 4529 an
703 4471 1052 4536 dissolvetur,
1074 4477 1128 4522 et
1157 4485 1225 4521 an
1252 4468 1440 4521 melior
1480 4466 1717 4531 futurus,
1752 4483 1820 4520 an
1861 4483 1960 4522 nec

2066 4461 2232 4529 ἔσται,
2260 4462 2294 4532 ἢ
2325 4461 2444 4516 οὐδὲ
2467 4460 2638 4516 ἔσται’
2687 4461 2782 4514 καὶ
2820 4461 3013 4534 ἵναμὴ
3048 4462 3108 4516 τὸ
3144 4465 3262 4518 κατ’
3304 4459 3444 4527 εἶδος
3477 4464 3640 4534 λέγω,

387 4568 606 4624 futurus
638 4565 906 4619 omnino:
945 4577 1010 4614 ac
1036 4576 1103 4613 ne
1139 4560 1352 4630 singula
1388 4573 1704 4627 prosequar,
1733 4559 1844 4612 hate
1875 4568 1957 4613 at-

2058 4554 2231 4608 ταῦτά
2257 4572 2316 4607 τε
2351 4555 2394 4586 ⁶⁹
2432 4555 2526 4608 καὶ
2553 4553 2620 4607 τὰ
2656 4554 2863 4616 τούτοις
2891 4555 3129 4625 ἑπόμενα
3161 4556 3350 4627 μαθεῖν
3382 4551 3532 4609 εἷπον
3563 4556 3623 4616 θέ

386 4677 496 4732 que
524 4653 912 4727 consequentia
936 4651 1046 4709 dixi
1073 4667 1156 4706 me
1179 4651 1312 4705 velle
1335 4649 1568 4704 edoceri.
1596 4652 1664 4704 At
1688 4651 1774 4704 ille
1800 4651 1866 4704 ad
1891 4666 1955 4705 ea

2065 4647 2194 4704 λειν.
2245 4649 2301 4701 Ὁ
2324 4647 2380 4700 δὲ
2407 4647 2543 4719 πρὸς
2589 4645 2764 4702 ταῦτα
2805 4647 3158 4721 ἀπεκρίνατο·
3207 4649 3492 4719 Συντόμως
3534 4668 3639 4716 σοι,

389 4752 674 4822 respondit
701 4769 717 4808 ;
742 4748 986 4806 Breviter
1018 4746 1136 4810 tibi,
1166 4759 1199 4798 o
1228 4743 1502 4808 Clemens,
1550 4757 1734 4797 rerqu
1781 4743 1958 4796 scien-

2065 4735 2108 4792 ὦ
2133 4741 2394 4812 Κλήμης,
2412 4741 2512 4810 τὴν
2536 4738 2644 4792 τῶν
2681 4739 2851 4794 ὄντων
2877 4740 3076 4810 γνῶσιν
3100 4741 3423 4813 παρέξομαι·
3450 4741 3543 4795 καὶ
3570 4742 3639 4798 τὰ

387 4844 521 4901 tiam
549 4842 849 4907 exhibebo;
880 4851 934 4894 et
955 4837 1069 4909 jam
1092 4850 1236 4890 nunc
1267 4833 1416 4889 audi.

1105 4850 1236 4890 tunc
1267 4833 1416 4889 audi.
2063 4832 2156 4889 νῦν
2181 4833 2408 4905 ἐξαυτῆς
2431 4833 2679 4890 ἄκουσον.

1696 5007 1930 5068 ιἈιιιιΕ
1971 5007 2371 5065 LECTIONES.

464 5139 511 5172 ⁶²
535 5135 614 5190 lla
646 5134 685 5189 S
711 5143 765 5208 et
789 5136 1120 5208 Epit._el§aiv
1154 5135 1217 5191 C.
1261 5135 1355 5208 0.4
1401 5134 1449 5166 ⁸⁸
1477 5127 1900 5208 Δὲπηγγελλςῐμην
1939 5126 2026 5208 C._
2147 5123 2300 5208 'ill'l‘
2317 5139 2423 5208 ms.
2472 5127 2914 5208 Clementinorttm
2958 5124 3237 5208 “scriptum
3280 5125 3539 5208 Ahabet_ur_

389 5208 527 5268 ςῑσοί
557 5223 587 5261 e
609 5221 718 5276 quo
745 5193 962 5259 forinari
987 5216 1166 5276 potest
1198 5209 1272 5270 ὡς
1304 5205 1437 5259 εἴσει
1469 5193 1736 5272 ingredere
1760 5193 1942 5266 igitur,
1974 5205 2033 5249 ut
2063 5197 2221 5249 vertit
2262 5193 2490 5248 Bulinus
2522 5214 2534 5247 :
2565 5200 2698 5246 εἰσει
2727 5211 2778 5262 p.
2813 5194 3008 5248 εισισθι
3037 5193 3177 5317 ymo
3202 5199 3380 5264 potius
3405 5197 3589 5270 εἴσιθι]
3617 5193 3632 5254 ἐ

391 5281 472 5317 .ml
517 5277 594 5317 ,ιη-
636 5274 772 5317 gzm,
813 5284 868 5317 ηι
889 5291 1172 5317 ηηηηηυηε
1225 5277 1265 5317 t‘.
1297 5276 1372 5317 ﬂ...-
1406 5279 1543 5317 ιςρη-
1575 5268 1798 5317 ηοιϊιιιει
1825 5267 2043 5317 lacunai
2068 5267 2130 5317 ὲκ
2151 5265 2488 5317 ταυτοιιάτου
2518 5265 2598 5317 ὅτι
2630 5263 2806 5317 πάντα
2825 5264 2894 5317 τὰ
2930 5281 3033 5317 κατ
3103 5266 3181 5317 σὲ.
3217 5284 3271 5317 κ.
3302 5284 3352 5317 τ.
3389 5267 3435 5317 λ.
3460 5307 3474 5317 .
3502 5269 3631 5317 ἀντ.

391 5263 475 5336 ἓέι
516 5277 594 5340 ὡς
626 5263 777 5345 ἐῖση,
813 5284 868 5345 ιιι
889 5263 1192 5345 cognoscas.
1225 5263 1270 5332 (ἶ
1294 5276 1372 5338 ὡς
1406 5263 1550 5345 (seq:
1575 5263 1798 5339 parvula
1825 5267 2043 5345 lacuna.)
2068 5265 2609 5345 éxsau'copd'roué-rt
2630 5263 2806 5345 πάντα
2825 5264 2894 5318 τὰ
2927 5263 3081 5345 grati
3103 5266 3181 5330 σὲ,
3203 5263 3271 5345 ίκ.
3302 5284 3352 5319 τ.
3460 5263 3631 5345 ,Δάντλ-

395 5335 591 5402 ἔϐαλον
617 5346 680 5400 0.
737 5335 803 5376 ’⁵⁸
837 5344 914 5397 lta
945 5335 999 5397 S.
1029 5345 1262 5410 ὲξέφανα
1285 5335 1438 5409 6,-0.
1472 5335 1670 5399 Deinde
1700 5345 1803 5412 leg.
1835 5342 1910 5405 ὡς
1940 5341 2220 5412 γλίχεσθαι
2250 5335 2345 5412 καὶ
2382 5341 2542 5412 αὐτον
2561 5338 2634 5412 _S.
2711 5340 2756 5412 f'
2784 5335 3178 5412 ἐγκαθεσθῇναι
3210 5337 3271 5400 0,
3303 5335 3630 5412 καθεσθῆναι

390 5418 455 5476 (1,
489 5414 812 5485 καθισθῆναι
860 5413 937 5485 S._
1029 5402 1086 5446 ⁸⁷⁷
1115 5402 1265 5485 ρντος
1310 5402 1370 5469 C.
1409 5415 1593 5485 Lycetio
1647 5402 1816 5485 nostri
1851 5402 2064 5467 codicis.
2095 5412 2206 5478 jam
2252 5411 2455 5485 placuit
2479 5402 2990 5485 _Schwegl_ero'._Cl:r.
3021 5402 3182 5485 llotn.
3220 5423 3280 5485 ιι,
3320 5402 3543 5485 28ς-ιιι,
3575 5409 3628 5485 ξ.

395 5489 438 5556 [⁸⁸
471 5484 606 5556 Vbh.
631 5476 846 5556 ὡς’γάρ
878 5482 1084 5556 auom.
1114 5483 1189 5551 O;
1227 5476 1285 5538 σε
1317 5500 1370 5549 p.
1400 5484 1461 5556 σύ
1494 5485 1613 5556 Cl.._
1635 5499 1743 5537 non
1765 5482 1828 5544 C,
1855 5476 2226 5556 ut_perpe£a|_n
2253 5476 2530 5556 assetjit__S.
2565 5478 2618 5532 In
2640 5476 2683 5531 Ο
2705 5477 2897 5556 deinde
2924 5476 3488 5556 ξενίσαςβάσῃιτεμῇι,
3510 5478 3628 5556 ἀνθ’

395 5549 468 5608 ὧν
491 5555 627 5639 αὐτή
651 5546 831 5608 mea
854 5556 886 5624 ή
911 5546 1185 5623 ἀλήθεια.⁷
1233 5556 1278 5586 ⁸³
1307 5546 1558 5617 δανείσας
1583 5554 1640 5608 S.
1672 5563 1892 5607 auctore
1914 5546 1975 5610 Π.
2008 5546 2068 5603 υἱ
2093 5549 2249 5634 Epit;
2262 5565 2313 5604 c.
2341 5549 2427 5603 l5.
2451 5547 2588 5601 Tum
2613 5547 2804 5628 scripsi
2829 5547 3002 5614 λόγων
3029 5546 3207 5600 καλῶν
3232 5546 3347 5615 (καὶ
3373 5547 3435 5614 0)
3464 5547 3626 5628 λέγω,

399 5626 490 5678 καὶ
518 5623 703 5678 ἀῖδιων
730 5639 779 5678 c.
826 5624 891 5688 0,
911 5624 1086 5690 λόγων
1106 5624 1285 5676 καλῶν
1311 5626 1370 5692 (ι.
1399 5625 1587 5692 λέγω),
1613 5623 1796 5677 ἀῑδίων
1822 5624 1884 5675 C.
1927 5688 1937 5692 _
1961 5620 2278 5692 “agapen;
2306 5621 2369 5674 Ο.
2443 5619 2486 5648 ⁶¹
2512 5635 2605 5670 σου
2629 5616 2877 5692 addidi}.
3120 5615 3255 5684 φίλῳ
3283 5625 3624 5684 praetenuis"

399 5641 490 5678 και
518 5641 703 5678 αιοιων
730 5641 779 5678 c.
826 5641 891 5688 U,
914 5641 1086 5690 Αογων
1106 5641 1285 5676 κάλων
1311 5641 1370 5692 ιι.
1400 5641 1587 5692 λέγω),
1613 5641 1796 5677 αιοιων
1822 5641 1884 5675 La.
1961 5641 2004 5652 ""
2028 5641 2278 5688 αψευοεις
2306 5641 2369 5674 υ.
2446 5641 2486 5648 ⁷·
2512 5641 2605 5670 σου
2629 5641 2806 5671 auutu:
2829 5641 2877 5670 ιι.
2908 5641 2972 5672 υ.
3051 5641 3094 5648 ⁷-
3120 5641 3255 5684 ψιΑῳ
3285 5641 3623 5684 pnetcrtulsu

395 5697 438 5770 ξ
468 5711 516 5770 ς.
550 5697 633 5770 Cl.
711 5696 866 5770 ⁸³-τὸγ
895 5699 991 5768 τῆς
1011 5697 1270 5770 ἀληθείας
1287 5698 1475 5770 λόγον,
1504 5696 1564 5770 ὃν
1585 5693 1647 5748 C.
1724 5688 2053 5770 “_’le_.'ydi__C.
2097 5690 2242 5770 idem
2284 5705 2386 5760 μου
2419 5704 2616 5770 νημαι.
2689 5687 2743 5770 ξ’
2775 5682 2874 5770 οἷς
2913 5689 2975 5746 C.
3014 5705 3018 5710 '
3051 5690 3158 5770 ti)
3191 5693 3422 5770 accessit
3463 5707 3532 5748 ex
3558 5698 3623 5770 (ρ,

401 5767 440 5798 ⁸’
474 5765 549 5820 lla
583 5764 628 5820 Ο
671 5781 720 5820 c.
749 5763 893 5834 Epit.
925 5754 1168 5824 (ἷίίϐίεί
1200 5754 1472 5829 ἀθάνατός
1503 5767 1640 5827 ἐστι,
1703 5754 1892 5834 καί-(ἒξ
1961 5760 2005 5793 ⁸⁸
2042 5762 2136 5814 καὶ
2167 5761 2216 5813 εί
2242 5754 2314 5800 -Ᾰ-
2341 5754 2437 5815 δεῖ
2461 5754 2626 5822 ἀΐδιος
2657 5754 2790 5813 οὖσα
2827 5758 2938 5830 ἔχει
2967 5754 3235 5832 κριθῆναι.
3267 5759 3558 5832 Ptopterca
3586 5764 3623 5820 Li

395 5851 662 5893 commate
690 5832 933 5892 distinxit
963 5849 1081 5895 best
1102 5841 1171 5894 εἰ.
1247 5840 1290 5870 ⁵³
1319 5854 1375 5891 τε
1408 5835 1665 5894 subiuuxi
1706 5849 1752 5891 c.
1781 5832 1845 5888 0.
