3986 6164
514 210 583 272 ‘15
1395 220 1451 278 S.
1488 218 1870 282 CLEMENTIS
1905 221 2129 288 l‘HOM.
2159 229 2356 288 PONT.
2379 232 2604 292 ΟΙἙΚΑ
2631 238 2858 297 DUBIA.
3663 257 3723 314 76

512 329 807 398 mandatis,
838 332 1175 403 singulorum
1205 348 1470 390 annorum
1511 339 1865 397 allocutiones
1891 353 1944 398 et
1968 360 2026 399 ac

2131 373 2139 390 ι
2164 346 2301 413 πὼν,
2333 352 2431 414 τάς
2459 351 2579 405 καθ’
2608 352 2835 409 ἕκαστον
2860 356 3102 411 ἐνιαυτὸν
3124 360 3338 431 ὁμιλίας
3369 380 3426 417 τι
3470 367 3561 420 καὶ
3593 370 3725 439 πρά-

508 420 689 477 tiones
718 422 1019 494 descriptas
1049 426 1113 480 ad
1150 433 1202 480 te
1228 426 1521 483 destinare.
1563 429 1831 488 Caterum
1864 450 1973 491 uno
2001 451 2066 492 ac

505 511 684 579 primo
719 513 844 581 die,
884 517 1225 571 solummodo
1251 517 1365 587 jam
1409 520 1675 590 incipiens
1717 522 1785 578 de
1822 525 2065 583 veritatis

504 604 788 674 propheta,
817 608 869 662 in
903 610 1156 664 omnibus
1197 621 1404 666 certum
1446 629 1532 668 me
1561 614 1821 682 reddidit;
1850 629 2064 687 postea-

501 710 611 764 que
656 696 731 752 ita
763 698 880 752 inﬁt
916 714 929 752 :
966 699 1262 756 Considera
1301 702 1553 774 deinceps
1585 721 1721 776 quas
1753 719 1940 765 contra
1962 712 2062 766 ad-

498 791 773 847 versarios
804 789 1090 847 habiturus
1130 806 1250 847 sum
1287 794 1717 864 disputationes;
1751 810 1805 854 et
1836 799 2062 857 inferior

498 881 545 935 si
580 896 880 947 recessero,
916 897 1021 937 non
1065 900 1255 940 vereor
1295 900 1364 941 ne
1399 885 1536 944 forte
1564 898 1619 944 tu
1648 892 1715 946 de
1741 894 1937 949 tradita
1966 896 2059 951 tibi

494 973 722 1029 veritate
748 976 1032 1045 ambigas;
1078 987 1137 1033 ut
1164 980 1255 1049 qui
1286 980 1447 1047 scias,
1480 997 1567 1037 me
1593 983 1810 1053 quidem
1835 1001 2060 1057 supera-

493 1075 608 1121 tum
635 1067 829 1135 videri,
868 1084 976 1124 non
1017 1079 1196 1125 autem
1241 1073 1398 1128 nobis
1437 1089 1468 1129 a
1505 1077 1765 1146 propheta
1804 1080 2055 1136 traditam

490 1157 815 1213 doctrinam.
870 1158 1038 1229 Spero
1076 1170 1254 1218 tamen
1296 1180 1473 1236 neque
1516 1167 1569 1222 in
1614 1169 2054 1240 disquisitionum

488 1251 837 1307 sennonibus
868 1251 1125 1309 inferiora
1167 1257 1462 1313 relaturum
1496 1275 1601 1327 me,
1631 1264 1772 1332 apud
1805 1263 2053 1321 homines

488 1351 671 1399 mente
692 1344 946 1414 praeditos
966 1386 981 1412 ,
1013 1359 1287 1404 amatores
1306 1387 1322 1415 ,
1354 1350 1576 1421 inquam
1597 1394 1613 1420 ,
1645 1355 1892 1411 veritatis
1912 1397 1927 1423 ,
1957 1359 2052 1428 qui

485 1436 800 1494 discernere
831 1439 1044 1494 valeant
1088 1441 1308 1510 quinam
1357 1458 1669 1501 sermonum
1720 1452 2049 1519 persuasorii

485 1538 632 1593 sunt,
661 1531 935 1587 artiﬁciosi
959 1541 1013 1587 et
1030 1532 1279 1603 iucundi,
1296 1536 1517 1604 quinam
1548 1552 1677 1593 vero
1701 1539 1892 1597 inculti
1915 1542 2050 1597 sim-

2165 437 2275 505 ξεις
2299 442 2575 513 γράφοντα
2598 444 2922 517 διαπέμπειν
2939 465 3041 503 σοι.
3075 449 3261 520 Ὅμως
3286 454 3344 506 ἐν
3371 457 3469 527 μιᾷ
3489 461 3555 529 τῇ
3586 437 3717 531 πρώο

2161 546 2232 623 τη
2259 533 2441 605 ἡμέρᾳ
2480 535 2653 606 ἀρχὴν
2676 537 2776 609 ήδη
2805 538 2962 608 μόνον
2987 537 3304 612 ποιούμενος
3343 548 3469 617 περὶ
3512 549 3604 603 τοῦ
3636 553 3726 623 τῆς

2161 622 2413 714 ἀληθείας
2445 629 2739 699 προφήτου,
2772 629 2898 700 περί⁵
2925 631 3140 687 πάντων
3170 652 3239 705 με
3270 622 3720 714 ἐπληροφόρησεν·

2161 715 2255 768 καὶ
2286 710 2383 770 εἶθ’
2408 714 2580 781 οὕτως
2609 717 2736 789 ἔφη*
2792 719 2983 793 Ἑνόρα
3012 724 3107 777 τοῦ
3147 725 3335 783 λοιποῦ
3364 710 3463 796 τὰς
3500 710 3561 801 ἐξ
3594 710 3721 807 ἐμοῦ

2161 806 2297 891 πρὸς
2316 809 2441 872 τοὺς
2467 809 2527 877 ἐξ
2552 812 2796 876 ἐναντίας
2829 815 3113 887 γινομένας
3154 817 3426 891 ζητήσεις·
3463 827 3554 879 καὶ
3582 806 3635 880 εί
3667 825 3722 881 τὸ

2156 890 2318 967 ἦττον
2348 897 2754 973 ἀπενέγὶωμαι,
2795 904 2856 957 οὐ
2895 905 3038 960 δέδια
3081 911 3154 980 μή
3354 914 3420 966 σὺ
3460 916 3587 988 περὶ
3628 919 3720 992 τῆς

2157 990 2549 1064 παραδοθείσης
2579 1011 2661 1049 σοι
2690 996 3274 1074 ἀληθείας’διακριθῇς,
3313 1000 3373 1059 εὖ
3389 1005 3438 1039 ⁸⁸
3463 1006 3619 1073 είδὼς
3641 990 3720 1067 ότι

2155 1081 2266 1150 ἐγὼ
2294 1085 2554 1155 ἡττᾶσθαι
2582 1087 2756 1155 ἔδοξα,
2780 1089 2879 1161 ούχ
2895 1091 2943 1124 ⁸⁸
2971 1093 3004 1161 ἡ
3030 1093 3283 1159 ὕπόθεσις
3308 1098 3343 1169 ὴ
3360 1098 3447 1153 διὰ
3465 1099 3559 1154 τοῦ
3590 1119 3720 1173 προ-

2155 1175 2322 1245 φήτου
2351 1177 2711 1249 παραδοθεῖσα
2739 1183 2887 1253 ἡμῖν.
2917 1183 3063 1255 Πλὴν
3090 1185 3295 1251 ἐλπίζω
3326 1190 3461 1262 μηδέ
3487 1192 3532 1224 ⁸⁸
3558 1192 3617 1247 ἐν
3641 1194 3718 1268 τῷ

2152 1265 2482 1340 ἐξεταστικῷ
2514 1269 2655 1342 λόγῳ
2695 1272 2757 1325 τὸ
2793 1267 2957 1345 ἦττον
2985 1276 3387 1347 ἀπενέγκασθαι
3413 1282 3552 1353 πρὸς
3589 1265 3715 1350 τοὺς

2150 1358 2273 1412 νοῦν
2303 1359 2538 1431 ἔχοντας,
2571 1362 2876 1435 φιλαλήθεις
2901 1364 3008 1438 43
3053 1368 3216 1437 λέγω,
3243 1371 3436 1438 οἵτινες
3463 1372 3715 1433 δύνανται

2149 1450 2432 1521 γνωρίζειν
2469 1453 2577 1508 τῶν
2613 1454 2784 1523 λόγων
2806 1457 2949 1521 τίνες
2978 1459 3085 1512 εἰσὶ
3117 1460 3350 1526 πιθανοὶ,
3388 1463 3621 1536 ἔντεχνοί
3652 1485 3712 1522 τι

2148 1542 2241 1594 καὶ
2265 1543 2593 1616 ἐπιτερπεῖς,
2624 1547 2767 1611 τίνες
2785 1564 2845 1601 τε
2860 1548 2905 1581 ⁸⁷
2946 1548 3083 1606 λιτοὶ
3120 1554 3213 1607 καὶ
3249 1554 3410 1609 ἀπλοῖ
3428 1597 3443 1624 ,
3479 1557 3617 1631 μόνῃ
3642 1562 3712 1633 τῇ

481 1622 779 1693 plicesque,
817 1624 871 1679 in
919 1626 1033 1681 sola
1075 1641 1239 1697 quam
1277 1627 1561 1698 proferunt
1603 1631 1833 1688 veritate
1877 1635 2026 1691 conﬁ-

2144 1632 2211 1687 δι’
2242 1635 2422 1689 αὐτῶν
2445 1637 2668 1711 ἀληθείᾳ
2696 1641 3034 1707 πεποιθότες.

482 1713 693 1769 dentes.

550 1803 690 1859 XXI.
722 1804 1015 1877 Postquam
1042 1808 1153 1864 hac
1174 1808 1421 1874 dixisset,
1445 1813 1699 1882 respondi
1726 1813 1883 1872 :Jam
1914 1832 2040 1889 gra-

479 1896 584 1951 tias
610 1894 720 1951 Dco
745 1912 867 1968 ago,
902 1900 1030 1969 quia
1057 1900 1199 1957 sicut
1221 1902 1365 1957 volui
1396 1904 1784 1973 plenitudinem
1815 1910 2039 1967 cet-titu-

476 1988 621 2043 clinis
655 1989 922 2060 accipere,
953 1991 1028 2046 ita
1057 2001 1111 2047 et
1150 1994 1283 2048 mihi
1332 1995 1542 2051 tribuit.
1592 1996 1859 2055 Caterum
1890 2002 2036 2072 quod

474 2079 542 2132 ml
566 2095 651 2134 me
671 2081 884 2148 attinet,
909 2083 1018 2137 noli
1049 2085 1282 2153 amplius
1307 2100 1430 2143 esse
1459 2089 1743 2158 sollicitus,
1774 2093 2033 2163 quoniam

473 2171 738 2225 dubitabo
768 2188 1086 2242 nunquam;
1120 2174 1175 2229 in
1207 2184 1440 2245 tantum,
1476 2180 1718 2236 utetiam
1750 2183 1798 2239 si
1824 2192 1881 2238 tu
1917 2184 2034 2255 ipse

472 2263 607 2317 velis
636 2264 929 2333 aliquando
959 2281 1047 2320 me
1079 2281 1111 2321 a
1156 2266 1261 2323 ﬁde
1305 2271 1580 2341 propheta
1624 2282 1887 2342 avertere,
1915 2291 2031 2333 rem

470 2354 863 2424 impossibilem
890 2357 1148 2427 perﬁcere
1188 2374 1298 2415 non
1344 2364 1568 2431 poteris,
1599 2364 1734 2421 adeo
1758 2367 1904 2436 quod
1934 2383 2029 2425 ac-

468 2446 607 2513 ccpi,
635 2456 814 2502 mente
845 2455 1025 2503 teneo.
1063 2447 1248 2521 Neque
1275 2467 1405 2508 vero
1428 2454 1730 2521 existimes,
1768 2472 2027 2529 magnum

467 2552 498 2590 a
529 2554 615 2592 me
641 2540 906 2607 promitti,
945 2541 1051 2597 hoc
1075 2541 1276 2612 ipsum,
1302 2546 1448 2613 quod
1477 2561 1756 2614 nunquam
1781 2548 1885 2603 sim
1917 2549 2028 2605 hac

467 2629 734 2685 sitaturus
761 2646 776 2684 :
802 2632 896 2686 sed
928 2647 1102 2701 neque
1130 2634 1247 2703 ipse
1276 2649 1399 2704 ego,
1429 2651 1529 2691 nec
1566 2637 1710 2692 ullus
1740 2638 2026 2697 hominum

466 2720 670 2775 auditis
701 2722 1046 2778 sermonibus
1076 2724 1143 2778 de
1170 2726 1433 2795 propheta
1464 2728 1739 2799 ambigere
1780 2746 2023 2803 unquam

465 2812 534 2866 de
561 2828 688 2867 vera
718 2814 963 2869 doctrina
993 2817 1223 2885 poterit,
1252 2831 1377 2872 cum
1407 2816 1561 2888 prius
1591 2821 1824 2877 audierit
1860 2823 2023 2881 intel-

460 2904 765 2975 lcxeritquc
789 2905 918 2975 quid
949 2906 1020 2961 sit
1050 2907 1380 2977 prophetica
1411 2912 1853 2980 repromissionis
1881 2916 2023 2970 veri-

2211 1788 2352 1846 XXI.
2393 1792 2577 1846 Ταῦτα
2625 1795 2788 1851 αὑτοῦ
2831 1798 3093 1866 εἰπόντος,
3124 1798 3530 1878 ἀπεκρινάμηνο
3567 1808 3709 1881 Ἤδη

2138 1881 2269 1953 εύχα
2274 1884 2439 1955 ριστῶ
2452 1885 2530 1957 τῷ
2547 1886 2683 1959 Θεῷο
2700 1888 2775 1953 ὡς
2786 1890 2893 1962 γὰρ
2906 1890 3198 1966 ἐϐουλόμην
3210 1895 3315 1967 πλη
3323 1898 3706 1970 ροφορηθῆναι,

2137 1973 2308 2041 οὕτως
2343 1995 2433 2048 μοι
2464 1980 2557 2034 καὶ
2588 1981 2875 2053 παρέσχεν.
2913 1984 3060 2054 Πλὴν
3086 1984 3157 2038 τά
3196 1986 3325 2059 περὶ
3355 1989 3490 2060 ἐμοῦ
3517 1992 3675 2043 τοσοῦ

2133 2086 2225 2124 τον
2252 2072 2550 2143 ἀμέριμνος
2569 2073 2616 2105 ⁸⁸
2638 2074 2764 2139 ίσθι,
2792 2075 2876 2127 ὅτι
2891 2076 2952 2128 ού
2972 2075 3189 2130 πώποτε
3215 2079 3494 2146 ἐνδοιάσω,
3516 2082 3679 2135 τοσοῦ
3703 2114 3708 2126 ι

2133 2180 2221 2218 τον
2241 2165 2308 2228 ⁸⁸,
2335 2166 2457 2219 ὅσον
2484 2166 2531 2218 εί
2555 2164 2653 2218 καὶ
2671 2165 2830 2230 αὐτὸς
2857 2167 2920 2219 σὺ
2947 2166 3263 2239 βουληθείης
3284 2171 3414 2224 ποτέ
3443 2173 3541 2243 τῆς
3570 2191 3705 2245 προ-

2133 2255 2366 2328 φητικῆς
2394 2256 2703 2320 ὑποθέσεως
2734 2257 2996 2330 ἐκστῆσαί
3027 2275 3114 2328 με,
3145 2259 3415 2315 ἀδυνατῶν
3446 2263 3508 2316 οὐ
3539 2262 3705 2335 δυνή-
3754 2292 3757 2297 ι

2132 2362 2201 2418 σῃ
2237 2346 2304 2411 ’⁸,
2346 2347 2596 2401 τοσοῦτον
2644 2344 2761 2401 οἶδα
2811 2349 2841 2402 θ
2888 2349 3214 2421 παρείληφα.
3262 2352 3373 2406 Καὶ
3417 2353 3491 2425 μή
3539 2371 3620 2407 τοι
3654 2354 3702 2389 ⁸⁸

2129 2438 2316 2510 νόμιζέ
2362 2440 2429 2511 μέ
2468 2458 2549 2493 σοι
2598 2440 2739 2512 μέγα
2783 2440 3209 2511 ἐπαγγέλλεσθαι
3232 2483 3248 2508 ,
3294 2444 3437 2498 τοῦτ’
3467 2443 3601 2500 αὐτὸ
3637 2444 3704 2500 τὸ

2131 2533 2206 2604 μὴ
2241 2533 2507 2586 ἐνδοιάσαι
2554 2535 2711 2587 ποτέ·
2745 2534 2857 2587 ἀλλ’
2885 2535 2996 2589 οὔτ’
3043 2534 3201 2601 αὐτὸς
3218 2537 3264 2569 ’⁸
3302 2536 3412 2607 ἐγὼ
3457 2534 3580 2591 οὔτε
3610 2552 3699 2603 τις

2126 2622 2426 2694 ἀνθρώπων
2474 2623 2582 2677 τῶν
2603 2624 2649 2656 ³³
2683 2627 2809 2694 περὶ
2853 2628 3125 2698 προφήτου
3171 2626 3342 2695 λόγων
3382 2626 3698 2695 ἐπακούσας

2125 2714 2393 2768 ἐνδοιάσαι
2436 2716 2565 2769 ποτὲ
2605 2716 2887 2787 δυνήσεται
2933 2719 3060 2789 περὶ
3097 2719 3195 2790 τῆς
3226 2718 3455 2789 ἀληθοῦς
3474 2720 3521 2752 ’⁸
3552 2719 3691 2778 ὑπο-

2127 2806 2356 2871 θέσεως,
2402 2807 2666 2879 πρότερον
2714 2807 3024 2871 ἐπακούσας
3070 2808 3166 2861 καὶ
3211 2811 3443 2880 νοήσας,
3475 2810 3531 2864 τί
3571 2810 3699 2869 ἐστι

2123 2899 2464 2971 πῳφητικῆς
2493 2898 2820 2968 ἐπαγγελίας
2840 2898 3076 2971 ἀλήθεια.
3118 2899 3210 2953 Διὸ
3235 2899 3426 2973 θάρῤει
3456 2902 3535 2975 τῷ
3570 2899 3672 2960 Geo

458 3004 567 3050 tas.
593 2996 774 3062 Quare
797 2997 1010 3053 conﬁde
1037 2997 1103 3053 de
1128 2997 1238 3054 Deo
1266 3000 1477 3069 placita
1502 3003 1799 3059 sententia.
1830 3002 2022 3064 Omnis

2131 2990 2367 3062 δουλήτῳ
2390 2990 2632 3062 δόγματι.
2670 2992 2825 3044 Πᾶσα
2854 2990 2962 3063 γὰρ
2989 2991 3153 3065 τέχνη
3173 2992 3369 3057 κακίας
3390 2994 3673 3068 νενίκηται

457 3089 663 3157 quippe
697 3088 907 3144 devicta
934 3099 1021 3145 est
1053 3105 1143 3147 ars
1178 3092 1419 3148 malitia.
1444 3093 1576 3148 Nam
1606 3095 1870 3153 adversus
1894 3114 2023 3170 pro-

460 3179 700 3248 phetiam
741 3180 880 3236 nihil
923 3192 1156 3252 possunt
1201 3200 1378 3255 neque
1423 3186 1713 3243 verborum
1762 3191 2016 3261 artiﬁcia,

460 3287 637 3342 neque
664 3273 1062 3343 sophismatum
1087 3277 1532 3348 excogitationes,
1558 3295 1667 3335 non
1698 3281 2015 3353 syllogismi,

458 3381 567 3420 non
600 3367 705 3421 alia
731 3368 997 3437 quapiam
1022 3370 1386 3438 machinatio;
1412 3372 1458 3425 si
1486 3374 1596 3427 veri
1615 3374 1892 3443 propheta
1916 3390 2016 3431 au-

455 3458 599 3513 ditor
623 3459 903 3514 veritatem
929 3460 1153 3515 omnino
1179 3462 1400 3531 appetit,
1421 3478 1527 3517 non
1555 3473 1736 3519 autem
1769 3466 2014 3533 veritatis

455 3559 714 3620 praetextu
745 3552 967 3621 respicit
1009 3553 1155 3609 aliud
1200 3554 1500 3625 quidpiam.
1550 3554 1756 3627 Itaque,
1788 3557 2010 3616 domine

452 3644 527 3698 mi
554 3642 733 3709 Petre,
760 3643 956 3699 anxius
982 3660 1050 3713 ne
1077 3646 1172 3711 sis,
1195 3647 1352 3716 quasi
1374 3648 1670 3704 maximum
1690 3650 1892 3727 donum
1914 3652 2008 3707 ho-

451 3734 585 3788 mini
617 3749 781 3789 sensu
818 3736 1023 3791 carenti
1061 3737 1369 3794 tradideris.
1419 3739 1683 3796 Sentienti
1714 3741 1858 3798 enim
1886 3758 2009 3814 gra-

449 3825 580 3879 tiam
612 3825 805 3881 dcdisti
829 3867 843 3893 ,
873 3827 1033 3898 eique
1074 3828 1169 3899 qui
1212 3830 1360 3885 circa
1390 3832 1650 3887 traditum
1677 3848 1865 3889 verum
1895 3850 2005 3891 non

447 3920 647 3988 poterit
668 3920 865 3989 decipi.
890 3918 1025 3975 Novi
1050 3921 1249 3992 quippe
1272 3922 1322 3977 id
1348 3939 1515 3978 unum
1534 3940 1655 3980 esse
1676 3940 1739 3980 ex
1768 3926 1855 3992 iis,
1884 3942 2006 3996 qua

445 4014 643 4082 aliquis
670 4014 901 4083 cupierit
928 4014 1038 4069 cito
1062 4014 1329 4084 accipere,
1354 4030 1461 4069 non
1492 4024 1673 4071 autem
1697 4018 1848 4073 tarde
1873 4032 2004 4073 con-

444 4105 621 4173 sequi.
658 4105 783 4160 Scio
813 4106 979 4175 igitur
1010 4120 1118 4160 non
1151 4106 1602 4162 contemnendum
1633 4122 1754 4162 esse
1798 4108 1867 4163 ob
1911 4123 2002 4164 ce-

443 4197 707 4251 leritatem
729 4238 744 4264 ,
774 4198 918 4267 quod
947 4198 1133 4252 datum
1170 4198 1305 4252 mihi
1350 4206 1466 4263 est,
1498 4198 1753 4269 quodque
1793 4207 1876 4254 est
1916 4199 2001 4254 in-

441 4290 804 4359 comparabile
832 4305 895 4346 ac
922 4290 1097 4346 solum
1123 4299 1319 4345 tutum.

509 4380 674 4434 XXII.
719 4380 842 4436 Hac
871 4390 1158 4451 postquam
1195 4382 1408 4437 locutus
1430 4395 1572 4448 sum,
1605 4379 1797 4436 Petrus
1825 4382 1995 4437 dixit:

437 4473 678 4528 Gratiam
723 4472 835 4529 Deo
880 4474 1074 4537 habeo,
1117 4486 1171 4529 et
1201 4490 1299 4543 pro
1331 4475 1505 4531 salute
1531 4484 1645 4541 tua,
1672 4484 1725 4529 et
1751 4490 1848 4545 pro
1876 4490 1997 4531 meo

436 4565 724 4620 commodo
752 4574 913 4636 atque
951 4567 1365 4622 oblectamento.
1401 4566 1535 4622 Vere
1560 4568 1824 4638 siquidem
1858 4586 1994 4641 gau-

436 4656 561 4721 deo,
585 4658 763 4712 sciens
791 4666 843 4711 te
873 4674 1120 4727 quamam
1144 4658 1214 4714 sit
1241 4659 1536 4730 prophetia
1557 4661 1872 4731 magnitudo
1899 4676 1994 4716 co-

436 4749 705 4818 gnovisse.
740 4749 1007 4816 Quoniam
1043 4765 1192 4821 ergo,
1228 4760 1289 4806 ut
1315 4751 1542 4818 dixisti,
1579 4767 1757 4821 neque
1787 4752 1832 4808 si
1876 4752 1992 4822 ipse

433 4855 535 4911 ego
608 4842 921 4911 aliquando,
972 4842 1115 4911 quod
1148 4842 1328 4898 absit!
1360 4843 1623 4898 voluerim
1660 4854 1713 4899 te
1747 4844 1812 4899 ad
1843 4845 1988 4899 aliud

431 4931 626 5002 dogma
656 4933 973 5000 transferre,
1008 4933 1236 4990 idoneus
1262 4934 1329 4990 ad
1354 4942 1407 4991 te
1434 4935 1870 5006 persuadendum
1901 4934 1987 4991 fu-

2123 3083 2267 3156 Πρὸς
2295 3082 2402 3155 γὰρ
2430 3081 2757 3154 προφητείαν
2786 3080 2941 3137 οὐδὲν
2963 3082 3212 3137 δύνανται
3237 3083 3358 3139 οὔτε
3386 3085 3569 3157 τέχναι
3596 3084 3697 3144 λό-

2120 3192 2255 3245 γων,
2286 3173 2409 3228 οὔτε
2444 3175 2789 3245 σοφισμάτων
2831 3174 3082 3240 ἐπίνοιαι,
3115 3177 3176 3230 οὐ
3200 3176 3561 3251 συλλογισμοὶ,
3582 3181 3697 3240 οὐκ

2118 3257 2250 3339 άλλη
2277 3285 2361 3331 τις
2388 3268 2626 3339 μηχανή’
2660 3268 2753 3321 ἐάν
2779 3284 2842 3336 γε
2870 3270 2900 3321 ό
2923 3269 3234 3333 ἐπακούσας
3254 3272 3528 3343 προφήτου
3551 3273 3697 3347 ἀλη-

2118 3358 2243 3423 θοῦς
2274 3358 2524 3432 ἀληθείας
2552 3358 2717 3423 ὅντως
2748 3360 3016 3430 ὀρέγεται,
3042 3359 3137 3414 καὶ
3165 3360 3226 3413 ού
3255 3363 3524 3434 προφάσει
3546 3363 3659 3437 ἀλη
3684 3395 3696 3402 -

2116 3450 2265 3514 θείας
2302 3451 2487 3521 ἕτερόν
2536 3467 2589 3503 τι
2632 3450 3037 3523 περιϐλέπεται.
3077 3452 3239 3505 Ὥστε
3259 3453 3326 3516 ’⁸,
3375 3452 3532 3524 κύριέ
3576 3472 3691 3525 μου

2114 3542 2288 3614 Πέτρε
2312 3582 2327 3606 ,
2361 3542 2434 3613 μὴ
2480 3542 2696 3613 ἀθύμει,
2731 3542 2807 3605 ὠς
2842 3532 3149 3616 ἀναισθήτῳ
3193 3545 3253 3596 τὸ
3282 3542 3391 3616 ﬂ
3425 3544 3691 3615 μέγιστον

2110 3632 2492 3706 δωρησάμενος
2521 3633 2743 3701 ἀγαθόν.
2785 3633 3098 3705 Αίσθομένῳ
3137 3635 3245 3707 γὰρ
3289 3636 3507 3706 χάριτος
3544 3636 3692 3690 ἐδω-

2113 3725 2265 3797 ρήσω
2287 3724 2353 3788 ",
2393 3724 2487 3777 καὶ
2521 3725 2595 3795 μὴ
2628 3724 2907 3795 δυναμένῳ
2937 3724 3278 3797 ἀπατηθῆναι
3306 3726 3413 3778 ἀπὸ
3454 3724 3546 3778 τοῦ
3590 3727 3693 3780 δο-

2110 3816 2292 3881 θέντος
2322 3816 2571 3889 ἀληθοῦς.
2600 3812 2727 3869 Οἶδα
2755 3815 2863 3887 γὰρ
2895 3817 2977 3869 ὃτι
3007 3815 3068 3870 ἐν
3095 3818 3240 3870 ἐστιν
3259 3816 3305 3850 ⁸⁷
3327 3809 3403 3872 ὧν
3424 3815 3692 3887 βούλεταί

2105 3925 2190 3969 τις
2220 3910 2314 3963 καὶ
2353 3907 2562 3977 ταχέως
2608 3907 2790 3960 λαϐεῖν
2838 3909 2931 3961 καὶ
2982 3907 3221 3980 βραδέως
3271 3908 3345 3981 μὴ
3393 3912 3572 3980 τυχεῖν
3593 3912 3650 3946 ⁸⁸
3685 3957 3689 3961 .

2104 3997 2236 4055 Οἶδα
2281 3997 2375 4055 οὖν
2419 4001 2492 4073 μὴ
2532 4001 2889 4069 καταφρονεῖν
2920 3999 3015 4053 τοῦ
3057 3997 3297 4064 δοθέντος
3326 4017 3452 4072 μοι,
3484 4000 3573 4056 διὰ
3618 4005 3693 4059 τὸ

2102 4091 2262 4163 τάχος
2283 4132 2298 4157 ,
2326 4091 2651 4165 ἀσυγκρίτου
2691 4091 2783 4146 καὶ
2817 4092 2977 4164 μόνου
3006 4091 3293 4161 ἀσφαλοῦς.

2170 4380 2333 4436 XXII.
2373 4381 2556 4434 Ταῦτα
2606 4378 2705 4452 μοῦ
2739 4380 2999 4446 εἰπόντος,
3031 4382 3060 4435 ό
3092 4380 3292 4453 Πέτρος
3324 4382 3456 4455 ἔφη’
3486 4384 3691 4459 Χάριν

2096 4474 2338 4545 ὁμολογῶ
2359 4472 2437 4545 τῷ
2467 4473 2584 4544 Θεῷ
2616 4473 2708 4525 καὶ
2736 4473 2862 4545 περὶ⁵
2886 4474 2984 4545 τῆς
3011 4475 3108 4545 σῆς
3133 4470 3398 4546 σωτηρίας
3420 4475 3512 4529 καὶ
3532 4479 3687 4551 περὶ

2095 4566 2194 4637 τῆς
2224 4566 2359 4637 ἐμῆς
2378 4565 2423 4596 ’⁸
2454 4561 2817 4628 ἀπολαύσεως.
2863 4563 3097 4635 Ἀληθῶς
3134 4565 3242 4637 γὰρ
3273 4566 3468 4637 ἥδομαι
3501 4568 3688 4635 είδὼς

2094 4661 2174 4712 ὅτι
2225 4659 2465 4726 ἐπέγνως
2510 4656 2562 4709 τί
2611 4658 2727 4710 ποτ’
2779 4656 2896 4709 ἐστὶ
2954 4655 3284 4728 προφητείας
3308 4657 3373 4689 ⁸⁸⁸
3406 4657 3680 4727 μέγεθος.

2105 4753 2255 4805 Ἐπεὶ
2281 4748 2394 4813 οῦν,
2423 4747 2497 4813 ὡς
2526 4749 2657 4820 ἔφης
2676 4749 2715 4813 ί,
2750 4748 2855 4802 οὐδ’
2877 4749 2942 4803 ἂν
2962 4748 3123 4813 αὐτὸς
3144 4748 3253 4818 ἐγὼ
3276 4748 3483 4821 θελήσω
3503 4754 3683 4817 ποτὲ,

2088 4846 2225 4916 ὅπερ
2256 4842 2419 4914 ἀπείη
2447 4881 2462 4907 ,
2493 4842 2571 4906 είς
2601 4840 2787 4913 ἐτερόν
2821 4857 2879 4893 σε
2916 4841 3246 4911 μεταστῆσαι
3277 4839 3450 4911 δόγμα
3472 4878 3487 4904 ,
3516 4842 3634 4913 οὐχ
3657 4840 3683 4876 ⁸

2075 4937 2270 5001 τικανδς
2302 4936 2491 5007 ἔσομαι
2525 4933 2706 4988 πεῖσαί
2754 4949 2812 4985 σε
2836 4970 2851 4996 ,
2893 4930 3052 5003 ἄρξαι
3079 4930 3173 4984 τοῦ
3205 4931 3391 4984 λοιποῦ
3419 4931 3528 4985 ἀπὸ
3560 4936 3687 5007 τῆς

1698 5048 1933 5104 ἾΑΒΙᾹζ
1997 5048 2398 5105 LECTIONES.

495 5140 543 5213 ξι
574 5135 632 5213 εὖ
658 5138 743 5203 1)..
774 5136 808 5212 ἦ
842 5139 1010 5213 (με),
1060 5140 1107 5173 ⁸⁸
1135 5141 1253 5213 ούχί
1284 5143 1343 5197 C.
1425 5143 1470 5175 ⁸⁸
1503 5143 1579 5197 Ita
1608 5142 1646 5196 S
1674 5182 1687 5205 ,
1725 5146 1795 5213 μή
1821 5162 1879 5197 τε
1917 5145 1977 5211 C,
2021 5143 2085 5198 Ο.
2113 5142 2247 5197 Tum
2280 5143 2559 5207 ἐξετᾶσται
2589 5139 2983 5213 O,A_m_endosea
3010 5140 3083 5213 A"
3114 5155 3176 5213 τε
3219 5143 3278 5213 O_.
3302 5155 3353 5196 c.
3385 5140 3471 5213 S,_
3491 5156 3573 5213 γε
3604 5143 3686 5196 C.

426 5211 483 5293 ’ξ
499 5208 894 5297 ἀμέριμνῃον
970 5210 1032 5297 ⁸⁸,
1046 5208 1297 5266 τοσοῦτον
1328 5208 1758 5297 expungendum.
1876 5208 2014 5297 Iuni
2039 5213 2317 5297 βορληθείς
2356 5230 2484 5266 ποτε
2599 5282 2632 5297 Α
2654 5209 2828 5297 “ita”
2849 5211 2893 5265 0
2922 5252 2936 5297 ,
2965 5210 3215 5297 ἡδυγῄση
3234 5208 3688 5297 ϐτᾷεσειάδυνα-

424 5277 699 5366 Ξῆσαξ.ὶό’ί
727 5280 1165 5366 animum-thyi;
1196 5277 1475 5366 proposuit
1701 5300 1755 5366 τι
1876 5277 2110 5366 Τιιιηνμέ
2144 5277 2225 5337 σοι
2256 5283 2297 5336 D
2326 5321 2340 5347 ,
2380 5301 2469 5366 μοι
2502 5279 2566 5334 σύ
2597 5282 2650 5334 C.
2711 5278 2939 5336 Ruﬁnus
2965 5277 2999 5366 ξ’
3019 5277 3467 5366 ιὶὁίξιηὲζροιξρρε
3489 5280 3690 5366 τξῦτο

424 5348 488 5403 (Ξ.
562 5350 607 5380 ⁹²
638 5350 770 5403 αὐτό
799 5352 857 5403 Ο.

933 5346 1373 5423 ’ἴτον-’λόγον
1417 5352 1479 5409 C.
1519 5422 1526 5423 ί
1556 5352 1601 5384 ⁸⁸
1624 5352 1876 5423 ἀληθείας
1908 5358 1948 5407 0
1978 5393 1991 5417 ,
2028 5346 2079 5407 in
2131 5369 2300 5423 marg.
2328 5346 2538 5407 eadem
2587 5366 2737 5423 man.
2776 5360 3075 5423 correctum
3118 5350 3172 5423 in
3191 5346 3684 5423 _dltq005c._Dein

421 5420 506 5483 τίς
542 5421 689 5494 ἐστιν
715 5419 802 5494 C._
853 5420 901 5451 "
929 5420 1021 5474 καὶ
1064 5422 1185 5494 οὔτε
1214 5419 1300 5475 υ.
1352 5423 1398 5494 f‘
1439 5419 1724 5494 ἐδώρησας
1753 5423 1814 5479 C.
1890 5425 1933 5457 "
1966 5424 2170 5476 ἔνεστιν
2214 5419 2275 5476 υῖ
2349 5423 2396 5454 ⁸⁸
2422 5422 2636 5494 ἀτυχεῖν
2681 5420 2977 5494 (perdere)

3016 5420 3159 5489 conj.
3190 5418 3234 5471 D
3262 5459 3278 5484 ,
3315 5428 3373 5472 ut
3412 5418 3689 5489 evitetur

426 5492 738 5563 tautologia.
764 5489 1031 5563 Fortasse
1056 5493 1213 5547 verba
1237 5493 1325 5547 illa
1354 5493 1472 5548 loco
1504 5486 1613 5548 suo
1627 5497 1883 5550 movenda
1909 5502 2052 5557 sunt,
2074 5503 2132 5548 ut
2149 5495 2358 5563 legatur
2372 5486 2867 5563 verstj'inseq’uenti
2891 5486 2983 5563 διά
3006 5491 3067 5543 τὸ
3094 5486 3269 5563 τ’άχοςῌ
3285 5490 3378 5541 καὶ
3414 5488 3487 5558 μὴ
3521 5486 3687 5563 300i-

413 5558 770 5636 §_ém;-ruj(siv.
927 5561 984 5636 _”
1012 5559 1087 5618 lta
1124 5563 1190 5619 ί).
1224 5580 1271 5620 c.
1304 5564 1341 5621 S
1373 5605 1387 5631 ,
1421 5564 1519 5635 τῆς
1548 5565 1641 5617 καὶ
1668 5565 1792 5635 περὶ
1823 5564 1960 5636 ἐμῆς
1986 5563 2047 5619 C.

412 5630 587 5707 τιιειυ,
613 5647 660 5685 c.
696 5632 733 5685 S
761 5672 777 5699 ,
800 5634 897 5685 οὐκ
918 5630 979 5687 C.

2127 5558 2299 5618 “Vlla
2327 5561 2392 5628 0,
2418 5577 2465 5619 c.
2496 5561 2534 5617 S
2562 5604 2578 5631 ,
2614 5558 2916 5631 πρὸφητίας
2945 5561 3006 5614 C-
3100 5564 3114 5592 ¹
3141 5558 3215 5623 ὡς
3247 5558 3381 5627 ἔφης
3417 5572 3538 5612 οηι·
3576 5558 3668 5619 ήοε
