3970 6148
476 316 553 367 +19
1413 301 1470 358 S.
1509 294 1890 356 CLEMENTIS
1916 294 1937 349 1
1968 292 2132 352 ROM.
2166 289 2364 347 PONT.
2399 287 2627 345 OPERA
2662 286 2881 348 DUBIA.
3662 282 3743 339 80

474 430 787 489 solationes
817 436 872 482 et
899 422 1298 481 admonitiones
1340 419 1408 475 iis
1449 419 1759 479 admovere,
1793 413 1887 484 qui
1922 411 2051 465 mali

2160 412 2251 465 καὶ
2283 408 2561 474 νουθεσίας
2589 407 2916 480 προσφέρειν
2932 406 3045 468 τοῖς
3066 400 3262 475 φαῦλόν
3295 418 3350 455 τι
3378 399 3736 472 πράττουσιν.

494 523 691 597 pliquid
723 521 923 576 habent
951 534 1014 573 ac
1047 524 1259 588 gerunt.
1286 514 1409 578 Aio,
1444 510 1587 581 quod
1624 510 1672 564 si
1706 509 1923 578 quidem
1954 507 2053 562 ali-

490 618 608 686 quis
642 612 890 683 prolicit,
922 611 1203 675 adhibeat;
1241 608 1324 661 sin
1378 606 1593 671 minus,
1644 600 1874 671 tempori
1924 616 2054 657 con-

483 710 659 762 cedat.
710 706 836 760 Scio
878 702 1077 757 etenim
1102 740 1116 765 ,
1150 708 1343 754 cuncta
1374 697 1576 752 habere
1616 711 1776 751 suum
1816 703 2050 763 tempus.

479 799 667 866 Quare
699 805 913 868 oportet
944 808 1224 851 sermones
1254 794 1348 862 qui
1393 791 1637 845 animum
1668 789 1930 843 roborant
1952 787 2053 841 ho-

479 896 729 949 minibus
760 901 885 945 ante
925 888 1265 944 vexationem
1308 886 1555 948 tradere;
1586 891 1648 938 ut
1677 882 1722 936 si
1753 880 1882 951 quid
1918 878 2056 934 forte

488 988 639 1057 pravi
679 983 975 1047 acciderit,
1007 994 1162 1034 mens
1206 979 1357 1048 prius
1388 982 1600 1031 armata
1648 983 1797 1028 recta
1841 971 2056 1026 ratione

488 1082 659 1148 possit
698 1079 749 1132 id
790 1081 936 1147 quod
961 1075 1169 1129 illatum
1196 1082 1278 1127 est
1306 1070 1569 1141 perferre.
1599 1068 1754 1123 Tunc
1777 1067 1978 1136 quippe
2005 1063 2054 1117 ei

491 1172 583 1241 qui
622 1186 718 1241 per
764 1171 968 1225 bonum
1011 1166 1296 1223 consiiium
1340 1163 1639 1233 opitulatns
1666 1170 1769 1228 est,
1816 1174 1973 1215 mens
2000 1157 2055 1213 in

494 1268 610 1335 ipso
637 1262 1056 1317 conﬂictationis
1087 1257 1314 1314 articulo
1343 1256 1482 1311 solet
1507 1267 1855 1310 concurrere.

562 1355 653 1409 lV.
690 1354 960 1409 Caeterum
1007 1350 1221 1416 audivi,
1257 1349 1512 1403 Clemens
1537 1386 1552 1412 ,
1605 1344 1910 1399 Barnabam
1958 1340 2053 1396 tibi

490 1447 836 1503 Alexandriae
870 1444 1095 1501 omnino
1122 1442 1439 1511 exposuisse
1467 1438 1772 1493 doctrinam
1815 1435 1883 1490 de
1928 1448 2058 1504 pro-

490 1540 707 1609 phetia;
746 1552 813 1592 an
841 1537 901 1607 jd
932 1550 1119 1590 verum
1171 1548 1277 1589 non
1329 1532 1456 1588 est?
1504 1529 1570 1584 Et
1619 1544 1721 1599 ego
1754 1526 2051 1597 respondi:

494 1630 569 1684 Ita
597 1641 703 1696 est,
733 1629 1022 1683 admodum
1046 1626 1307 1696 praeclare
1335 1624 1387 1678 id
1416 1622 1563 1676 fecit.
1592 1621 1659 1676 Et
1682 1621 1875 1674 Petrus
1898 1635 1911 1671 :
1936 1617 2055 1672 Non

2155 503 2335 574 Φημὶ,
2373 502 2421 554 εί
2470 500 2570 572 μὲν
2599 499 2752 554 ἀνύει
2780 515 2893 562 τις,
2924 494 3306 569 προσφερέτω·
3337 494 3387 547 εί
3418 493 3474 545 δὲ
3527 493 3625 563 μὴ,
3653 493 3741 564 τῷ

2155 594 2329 665 καιρῷ
2372 593 2582 658 είξάτω.
2648 592 2789 661 Ἐγὼ
2830 590 2940 662 γὰρ
2986 584 3101 642 οἴδα
3121 589 3166 619 ³⁸
3195 589 3277 640 ὃτι
3324 586 3500 639 πάντα
3543 585 3743 656 καιρὸν

2157 685 2285 739 ῐδιον
2334 684 2464 756 ἔχει.
2499 684 2591 737 Διδ
2626 682 2732 756 χρὴ
2765 684 2879 745 τοῖς
2921 680 3227 751 ἀνθρώποις
3257 678 3383 741 τοὺς
3419 677 3521 747 τὴν
3550 676 3741 745 ψυχὴν

2158 775 2460 849 ῥωννὺντας
2486 776 2676 845 λόγους
2705 774 2811 847 πρὸ
2848 773 2949 844 τῆς
2976 770 3271 834 κακώσεως
3302 768 3614 831 ἐπιδιδόναι,
3643 768 3739 821 ἵνα.

2155 870 2210 922 εί
2235 885 2362 922 ποτε
2402 867 2616 922 ἐπέλθοι
2635 868 2677 899 ¹¹
2707 884 2761 920 τι
2793 865 3025 936 φαῦλον,
3059 864 3087 917 ὁ
3114 860 3238 925 νοῦς
3284 857 3740 933 προωπλισμὲνος

2155 960 2298 1032 ὀρθῷ
2338 959 2416 1031 τῷ
2445 958 2688 1029 λογισμῷ
2730 957 2792 1010 τὸ
2836 954 3127 1026 ὲπενεχθέν
3174 952 3472 1024 ὑποστῆναι
3504 951 3735 1023 δυνηθῇ.

2156 1054 2289 1107 Τότε
2308 1053 2416 1124 γὰρ
2435 1051 2529 1106 καὶ
2549 1051 2627 1123 τῷ
2651 1050 2737 1104 διά
2761 1046 2988 1120 γνώμης
3006 1045 3215 1118 ἀγαθῆς
3237 1044 3559 1117 βοηθήσαντι
3582 1044 3741 1115 παρὰ

2154 1145 2254 1218 τὴν
2284 1145 2465 1215 ἀκμὴν
2493 1142 2587 1197 τοῦ
2616 1142 2853 1214 πολέμου
2883 1138 3020 1194 οἶδεν
3044 1141 3074 1194 ό
3103 1138 3227 1204 νοῦς
3256 1136 3586 1209 συντρέχειν.

2225 1257 2315 1313 ιν.
2357 1258 2504 1331 Πλὴν
2535 1256 2756 1329 ἔμαθον,
2786 1251 2830 1311 ὧ
2857 1254 3121 1326 Κλήμης,
3149 1253 3226 1317 ὡς
3269 1254 3328 1305 ἐν
3366 1254 3433 1323 τῇ
3477 1250 3736 1317 Ἀλεξαν-

2155 1353 2307 1426 δρείᾳ
2331 1355 2360 1407 ό
2392 1350 2677 1423 Βαρνάόας
2693 1349 2784 1403 τὸν
2806 1348 2933 1420 περὶ
2963 1344 3297 1418 προφητείας
3322 1343 3478 1412 λόγον
3507 1340 3737 1405 τελείως

2159 1463 2239 1500 σοι
2284 1444 2523 1511 ἐξέθετο·
2576 1437 2614 1513 ἦ
2658 1442 2767 1512 γάρ
2798 1438 2892 1504 ob;
2935 1437 3105 1507 Κάγὼ
3147 1434 3545 1507 ἀπεκρινάμην·
3596 1432 3733 1495 Ναί,

2157 1537 2252 1590 καὶ
2283 1537 2422 1591 πάνυ
2452 1536 2652 1599 καλῶς.
2689 1534 2800 1586 Καὶ
2832 1534 2860 1585 ὁ
2893 1530 3119 1602 Πέτρος’
3154 1526 3362 1581 Οὐκοῦν
3410 1526 3508 1578 οὐκ
3557 1525 3735 1593 ἀναγ-

2158 1633 2329 1693 καῖον,
2357 1628 2448 1683 τὸν
2474 1627 2568 1682 νῦν
2596 1625 2785 1697 χρόνον
2816 1622 3111 1692 δυνάμενον
3143 1620 3273 1690 ήμῖν
3320 1618 3609 1688 ὑπηρετεῖν
3649 1618 3738 1679 εἰς

492 1724 657 1791 igitur
683 1736 906 1775 necesse
937 1728 1041 1780 est,
1069 1727 1129 1772 ut
1157 1719 1264 1771 hoc
1296 1724 1511 1786 tempus
1552 1715 1605 1768 in
1636 1714 1702 1767 iis
1733 1711 2054 1767 enarrandis

2160 1723 2375 1785 ἐτέρους
2397 1720 2585 1787 λόγους
2616 1717 2711 1781 οὓς
2741 1716 2839 1769 οὑκ
2869 1714 3182 1774 ἐπίστασαι,
3210 1710 3291 1773 εἰς
3318 1709 3411 1773 οὓς
3443 1708 3735 1762 ἐπίστασαι

491 1830 614 1885 quae
641 1814 782 1868 nosli
812 1814 1139 1877 insumatur,
1173 1825 1297 1864 cum
1322 1808 1386 1862 ad
1422 1808 1557 1862 alios
1584 1819 1883 1868 sermones,
1922 1817 2053 1874 quos

2160 1810 2513 1885 τοιεῖσθαιτήν
2548 1809 2821 1881 ἀσχολίαν.
2868 1804 3039 1875 Κάγὼ
3057 1807 3101 1836 ”
3135 1803 3296 1875 ἔφην’
3340 1800 3543 1872 Ὀρθῶς
3571 1800 3733 1871 ἔφης,

492 1906 731 1976 ignoras,
764 1904 920 1958 nobis
946 1902 1117 1974 possit
1147 1902 1430 1958 inservire.
1470 1900 1535 1955 Et
1564 1915 1663 1969 ego
1704 1899 1815 1956 dixi
1850 1918 1863 1953 :
1896 1904 2056 1954 ﬂecte

492 1998 595 2064 ais,
622 1996 801 2052 Petre.
827 1994 885 2048 ld
916 2004 1097 2049 tamen
1129 1993 1261 2049 mihi
1295 2007 1393 2063 pro
1424 2007 1648 2047 munere
1675 1992 1928 2054 concede,
1961 1991 2055 2060 qui

491 2107 706 2161 semper
734 2099 910 2145 tecum
944 2102 1163 2144 manere
1194 2085 1471 2146 constitui,
1500 2099 1806 2138 sermonem
1836 2082 1902 2137 de
1931 2097 2058 2152 pro-

491 2185 651 2253 pheta
686 2184 957 2254 explicare
988 2181 1209 2236 assiduo
1256 2178 1503 2233 lubenter
1545 2176 1805 2231 audienti.
1837 2176 2057 2244 Absque

491 2277 587 2332 illo
615 2277 782 2357 enim,
813 2274 954 2330 sicut
980 2288 1011 2327 a
1040 2271 1288 2327 Barnaba
1321 2270 1525 2341 accepi,
1558 2268 1758 2325 veritas
1787 2266 1921 2323 disci
1947 2281 2057 2321 non

489 2378 687 2439 potest.

560 2482 945 2551 V.Petrus,eo
976 2496 1239 2551 responso
1267 2479 1420 2534 valde
1455 2478 1756 2533 delectatus
1782 2475 1948 2546 :jam,
1971 2474 2056 2529 in-

490 2575 630 2645 quit,
660 2578 820 2629 linem
853 2572 1200 2643 accepitqum
1218 2571 1284 2624 ad
1313 2579 1364 2624 te
1392 2569 1621 2638 pertinet
1638 2565 1967 2631 emendatio,
1996 2574 2059 2620 ut

490 2668 585 2738 qui
605 2681 906 2738 cognoscas
936 2663 1363 2734 magnitudinem
1402 2660 1714 2716 indubitatae
1738 2658 2056 2729 prophetiae,

490 2760 609 2815 sine
636 2775 742 2828 qua
775 2754 1109 2827 impossibile
1146 2764 1230 2810 est
1273 2755 1526 2823 cuiquam
1551 2751 1602 2807 id
1624 2750 1884 2821 consequi
1911 2750 2057 2820 quod

490 2866 703 2905 summe
728 2849 901 2919 juvat.
931 2845 1065 2901 Nam
1083 2862 1206 2902 cum
1231 2847 1284 2899 in
1303 2845 1465 2900 rebus
1487 2844 1654 2899 multa
1672 2852 1726 2899 et
1750 2842 1898 2897 varia
1914 2843 2057 2897 bona

490 2942 601 2997 sint
632 2956 694 2995 ac
725 2956 846 2996 esse
873 2938 1104 3010 possint,
1136 2937 1279 3007 quod
1309 2937 1492 2991 omnia
1530 2935 1865 2991 beatitudine
1895 2948 2058 3003 supe-

492 3042 597 3099 rat,
624 3034 709 3088 vel
740 3033 851 3087 vita
880 3041 1101 3097 aeterna,
1130 3031 1213 3085 vel
1240 3039 1495 3099 perpetrm
1540 3027 1764 3094 sanitas,
1805 3026 1887 3081 vel
1932 3040 2056 3097 per-

491 3126 631 3182 fecta
662 3140 836 3191 mens,
864 3123 948 3179 vel
974 3124 1180 3189 lumen,
1209 3122 1290 3177 vel
1323 3119 1603 3191 gaudium,
1634 3118 1720 3174 vel
1764 3118 2052 3172 immorta-

489 3217 634 3284 litas,
672 3216 755 3272 vel
784 3216 829 3271 si
862 3216 991 3286 quid
1022 3215 1167 3269 aliud
1216 3222 1302 3268 est
1329 3221 1425 3267 aut
1470 3211 1701 3267 existere
1739 3218 1917 3281 potest
1959 3224 2056 3266 ex-

490 3309 693 3364 cellens
739 3309 791 3362 in
834 3322 1017 3362 rerum
1061 3315 1255 3361 natura
1290 3320 1304 3358 :
1338 3304 1392 3359 id
1438 3320 1546 3359 non
1595 3303 1750 3358 aliter
1779 3302 2056 3372 possidere

492 3409 592 3465 est,
630 3401 737 3455 nisi
773 3398 923 3470 prius
970 3413 1059 3453 res
1103 3396 1558 3467 quemadmodum
1602 3402 1819 3450 exstant
1854 3408 2056 3463 cognoo

491 3502 742 3559 scantur;
776 3507 839 3546 ea
870 3506 999 3545 vero
1044 3491 1271 3546 scientia
1311 3488 1588 3558 continget
1619 3502 1922 3557 nunquam,
1950 3485 2055 3543 nisi

490 3585 677 3656 agnito
703 3594 860 3639 antea
889 3583 1151 3653 prOpheta
1181 3581 1446 3638 veritatis.

567 3696 651 3751 Vl.
692 3696 964 3766 Propheta
1002 3703 1180 3750 autem
1212 3695 1458 3752 veritatis
1485 3694 1576 3750 ille
1617 3703 1722 3762 est,
1745 3694 1841 3765 qui
1870 3694 2055 3751 omnia

491 3790 715 3845 omnino
758 3788 881 3856 scit,
926 3787 1199 3859 praeterita
1247 3796 1307 3844 ut
1362 3786 1614 3856 fuerunt,
1660 3788 1949 3859 praesentia
1994 3796 2055 3843 ut

492 3891 643 3948 sunt,
676 3880 860 3936 futura
890 3888 949 3935 ut
977 3888 1165 3947 erunt;
1189 3880 1282 3951 qui
1303 3889 1385 3936 est
1410 3881 1796 3951 impeccabilis,
1815 3890 1874 3938 et
1892 3882 2056 3939 mise-

491 3972 696 4038 ricors;
730 3972 926 4043 cuique
969 3972 1072 4028 soli
1104 3972 1466 4028 edisserendae
1504 3972 1745 4028 veritatis
1774 3972 2054 4044 provincia

490 4062 816 4119 demandata
839 4073 941 4119 est.
969 4062 1130 4136 Lege,
1160 4072 1215 4119 et
1241 4064 1483 4121 invenies
1510 4080 1606 4120 eos
1644 4064 1735 4135 qui
1786 4080 1817 4119 a
1860 4065 2055 4135 seipsis

491 4156 771 4211 veritatem
815 4171 874 4211 se
903 4165 1092 4211 nactos
1123 4155 1292 4212 fuisse
1329 4156 1730 4211 existimarunt.
1769 4154 1826 4210 ld
1854 4156 2055 4227 quippe

490 4247 766 4317 praphetae
805 4250 1080 4319 proprium
1097 4258 1202 4314 est,
1225 4251 1507 4305 veritatem
1553 4248 1822 4313 indicare;
1858 4264 2051 4319 quem-

494 4338 785 4394 admodum
842 4342 944 4396 soli
982 4342 1199 4413 proprie
1260 4343 1553 4412 competit,
1591 4342 1731 4398 diem
1776 4342 2049 4398 inducere.

2156 1906 2349 1976 Πέτρε.
2391 1903 2546 1974 Ἐμοὶ
2567 1902 2622 1955 δέ
2655 1900 2815 1954 τοῦτο
2851 1896 3073 1970 χαρίζου
3118 1893 3346 1948 πάντοτέ
3377 1909 3460 1945 σοι
3495 1894 3733 1944 συνεῖναι

2157 1998 2435 2069 κρίναντι,
2463 1995 2555 2047 τὸν
2582 1992 2708 2064 περὶ
2735 1991 2841 2063 4⁷
2880 1989 2973 2043 τοῦ
2994 1989 3040 2020 ’³
3068 1987 3346 2059 προφήτου
3375 1984 3531 2053 λόγον
3560 1983 3733 2054 ἡδέως

2155 2088 2404 2143 ἀκούοντι
2446 2085 2684 2157 συνεχῶς
2712 2080 3057 2155 ὑφηγεῖσθαι.
3092 2080 3253 2134 Ἀνευ
3288 2077 3397 2150 γὰρ
3425 2075 3618 2139 αὑτοῦ,
3653 2075 3733 2136 ὡς

2156 2170 2355 2250 ἕμαθόν
2404 2176 2554 2249 παρά
2603 2173 2891 2247 Βαρνάϐα,
2939 2172 3041 2244 τὴν
3082 2169 3338 2241 ἀλήθειαν
3373 2167 3564 2240 μαθεῖν
3602 2166 3731 2220 ἀδύ-

2156 2288 2332 2327 νατον.

2225 2488 2290 2544 γ.
2342 2488 2401 2541 ’0
2426 2487 2481 2542 δὲ
2505 2488 2726 2558 Πέτρος,
2762 2485 2853 2538 ἐπὶ
2881 2484 3055 2555 τούτῳ
3088 2481 3335 2555 μεγάλως
3364 2480 3568 2552 ἡσθεὶς,
3592 2481 3729 2533 ἀπε-

2157 2582 2395 2654 κρίνατο·
2426 2579 2563 2649 Ἤδη
2595 2578 2689 2650 μὲν
2712 2580 2745 2649 ή
2767 2576 2902 2647 πρὸς
2932 2577 2991 2630 σὲ
3012 2575 3292 2647 διόρθωσις
3312 2574 3463 2637 τέλος
3482 2573 3727 2643 εἴληφεν,

2156 2672 2502 2742 ἐπεγνωκότα
2531 2671 2577 2702 ’δ
2608 2670 2707 2741 τῆς
2719 2669 3016 2723 ἀπταίστου
3035 2667 3374 2740 προφητείας
3390 2665 3448 2719 τὸ
3476 2665 3729 2736 μέγεθος,

2155 2760 2223 2838 ἧς
2241 2766 2368 2820 ἀνευ
2388 2763 2571 2817 λαϐεῖν
2591 2780 2695 2816 τινι
2713 2762 2773 2815 τὸ
2793 2763 2851 2814 ἐν
2883 2762 3122 2833 ὑπεροχῇ
3153 2759 3425 2830 συμφέρον
3443 2757 3723 2811 ἀδύνατον.

2156 2859 2373 2914 Πολλῶν
2402 2856 2510 2928 γάρ
2529 2855 2623 2911 καὶ¹
2644 2855 2910 2926 διαφόρων
2935 2848 3153 2923 ἀγαθῶν
3173 2851 3338 2905 όντων
3360 2851 3416 2901 ἐν
3442 2852 3553 2912 τοῖς
3577 2844 3730 2903 οὖσιν

2154 2952 2191 3023 ἧ
2224 2950 2438 3005 ἔσεσθαι
2467 2948 2800 3019 δυναμένοις,
2830 2945 2889 3000 τὸ
2916 2944 3129 2999 πάντων
3161 2940 3592 3014 μακαριώτατον,
3614 2943 3727 2995 εἴτε

2156 3043 2324 3107 ἀΐδιός
2364 3042 2479 3095 ἐστι
2528 3039 2641 3112 ζωὴ
2676 3040 2744 3107 ’⁵,
2790 3038 2825 3110 ἢ
2884 3037 3196 3110 παράμονος
3224 3036 3432 3105 ὑγίεια,
3472 3032 3730 3103 ῆτέλειος

2155 3137 2296 3201 νοῦς,
2335 3135 2369 3208 ἧ
2397 3133 2531 3205 φῶς,
2558 3132 2592 3205 ἢ
2621 3133 2780 3205 χαρὰ,
2802 3131 2837 3203 ἦ
2865 3130 3160 3203 ἀφθαρσία,
3192 3129 3225 3201 ἢ
3250 3130 3343 3183 καὶ
3370 3128 3496 3183 ἄλλο
3522 3146 3580 3181 τι
3606 3129 3633 3181 ὃ
3669 3131 3731 3183 ἐν

2154 3230 2220 3300 τῇ
2273 3227 2380 3281 τῶν
2429 3227 2595 3280 ὄντων
2654 3224 2813 3295 φύσει
2874 3222 3139 3296 ὑπερέχον
3199 3220 3431 3291 ὑπάρχει
3481 3220 3641 3273 καλὸν
3690 3219 3730 3292 ἢ

2155 3318 2391 3391 ὑπάρξαι
2419 3317 2637 3372 δύναται
2658 3315 2815 3369 τοῦτο
2838 3348 2907 3357 -
2932 3315 3032 3368 οὐκ
3061 3312 3235 3376 ἄλλως
3266 3312 3410 3365 ἐστιν
3444 3311 3575 3365 αὐτὸ
3593 3311 3733 3379 κτή-

2156 3411 2349 3465 σασθαι
2409 3409 2483 3481 μή
2517 3409 2777 3481 πρότερον
2821 3406 3015 3477 γνόντα
3045 3403 3115 3460 τά
3155 3404 3283 3458 ὄντα
3324 3404 3401 3467 ὡς
3432 3403 3595 3456 ἐστιν’
3625 3403 3731 3471 τῆς

2153 3503 2210 3558 δὲ
2240 3502 2492 3571 γνώσεως
2521 3502 2621 3555 οὑκ
2662 3501 2836 3564 ἄλλως
2870 3500 3050 3570 τυχεῖν
3082 3498 3246 3563 ἐστιν,
3280 3496 3374 3551 ἐάν
3424 3496 3497 3569 μὴ
3528 3495 3728 3567 πρότε-

2156 3598 2247 3671 ρόν
2274 3615 2359 3662 τις
2386 3596 2476 3650 τὸν
2500 3597 2598 3667 τῆς
2621 3591 2875 3665 ἀληθείας
2907 3591 3189 3662 προφήτην
3223 3585 3446 3659 ἐπιγνῷ.

2224 3709 2314 3767 VI.
2351 3709 2641 3781 Προφήτης
2670 3706 2726 3760 δὲ
2753 3704 3009 3777 ἀληθείας
3039 3705 3185 3758 ἐστὶν
3212 3704 3242 3757 ό
3280 3702 3505 3757 πάντοτε
3548 3702 3730 3756 πάντα

2155 3803 2329 3868 εἰδὼς,
2357 3800 2428 3855 τὰ
2464 3801 2561 3871 μέν
2590 3797 2846 3868 γεγονότα
2883 3796 2960 3860 ῶς
2988 3796 3221 3865 ἐγένετο,
3252 3794 3322 3849 τὰ
3367 3793 3423 3847 δέ
3466 3793 3729 3864 γινόμενα

2155 3896 2232 3959 ὡς
2260 3894 2485 3963 γίνεται,
2526 3890 2595 3945 τὰ
2633 3890 2689 3945 δέ
2720 3889 2953 3961 ἐσόμενα
2981 3888 3071 3958 ζὼς
3116 3888 3290 3951 ἔσται,
3323 3885 3727 3957 ἀναμάρτητος,

2155 3986 2417 4058 ἐλεήμων,
2456 3984 2613 4055 μόνος
2640 3983 2738 4055 τὴν
2770 3981 3023 4055 ἀλήθειαν
3070 3978 3392 4051 ὑφηγεῖσθαι
3431 3995 3728 4031 πεπιστευ-

2159 4077 2338 4150 μένος.
2375 4075 2755 4144 ’Ᾱναγίνωσκε,
2779 4075 2874 4129 καὶ
2900 4074 3153 4145 εὑρήσεις
3183 4073 3308 4135 τοὺς
3338 4072 3429 4140 ἀφ’
3451 4069 3659 4123 ἑαυτῶν
3681 4069 3729 4101 ’⁵

2154 4170 2252 4241 τὴν
2280 4167 2532 4240 ἀλήθειαν
2569 4167 2746 4240 εὑρεῖν
2783 4164 3110 4237 νομίσαντας
3134 4163 3199 4217 ”.
3240 4162 3409 4216 Τοῦτο
3438 4161 3545 4233 γὰρ
3589 4179 3729 4233 προ-

2156 4262 2324 4333 φήτου
2340 4260 2488 4324 ἴδιον,
2502 4259 2563 4314 τὸ
2576 4260 2674 4331 τὴν
2692 4258 2947 4331 ἀλήθειαν
2964 4255 3203 4329 μηνύειν,
3221 4254 3370 4309 ὥσπε
3377 4271 3409 4325 ρ
3422 4253 3571 4325 ήλίου
3598 4252 3731 4305 ῐδιον

2154 4353 2217 4407 τὺ
2245 4353 2342 4424 τὴν
2368 4351 2581 4424 ἡμέραν
2613 4351 2813 4422 φέρειν.
2847 4349 2947 4404 Διά
2963 4348 3119 4403 τοῦτο
3157 4348 3270 4401 ὅσοι
3312 4345 3440 4399 ποτὲ
3468 4344 3726 4413 ἀλήθειαν

492 4429 758 4498 Quocirca
811 4442 1078 4505 quorquot
1136 4435 1418 4490 veritatem
1481 4434 1860 4490 desiderarunt
1926 4450 2053 4507 cog-

2160 4445 2355 4516 γνῶναι
2384 4443 2761 4515 ἐπεθύμησαν,
2794 4440 2949 4513 παρὰ
2992 4442 3050 4495 δὲ
3092 4438 3281 4494 τούτου
3332 4437 3521 4511 μαθεῖν
3555 4435 3728 4505 αὑτὴν

492 4538 740 4591 noscere,
774 4534 829 4582 et
865 4527 933 4581 ab
964 4528 1067 4582 hoc
1104 4541 1225 4582 eam
1271 4526 1481 4582 discere
1526 4540 1633 4580 non
1678 4526 2048 4591 obtinuerunt,

493 4629 557 4669 ca
588 4632 697 4670 non
748 4618 989 4685 inventa,
1033 4618 1087 4673 in
1128 4618 1508 4688 disquisitione
1581 4617 1835 4673 obierunt
1884 4619 2050 4674 diem.

495 4704 631 4761 Nam
660 4710 753 4779 qui
776 4710 1061 4765 veritatem
1091 4710 1304 4780 quaerit,
1335 4725 1367 4764 a
1410 4724 1509 4764 sua
1558 4709 1863 4781 ignorantia
1910 4709 2055 4765 acci-

499 4816 623 4873 pere
644 4816 766 4857 eam
809 4817 918 4873 quo
966 4801 1128 4860 modo
1154 4801 1385 4872 poterit?
1411 4800 1563 4857 Licet
1586 4801 1730 4857 enim
1771 4802 2052 4872 repererit,

496 4908 623 4951 cum
651 4896 799 4950 illam
832 4910 939 4951 non
966 4903 1278 4967 cognoscat,
1319 4893 1481 4964 quasi
1525 4894 1802 4951 absentem
1832 4902 2054 4965 przeter-

497 4986 615 5044 ibit.
663 4986 770 5042 Sed
814 5002 916 5043 nec
964 4986 1032 5042 ab
1089 4986 1195 5042 alio
1244 4985 1494 5042 similiter
1560 4986 1769 5057 ignaro,
1808 4983 2056 5056 quamvis

498 5080 780 5142 scientiam
826 5080 1189 5151 repromittat,
1235 5079 1513 5134 veritatem
1561 5088 1743 5135 tenere
1799 5078 1997 5149 poterit
2037 5094 2053 5133 :

509 5176 605 5233 tisi
630 5175 775 5247 quod
825 5175 994 5231 solam
1036 5173 1207 5229 discet
1250 5173 1373 5227 vita:
1404 5172 1896 5237 conversationem,
1937 5184 2059 5240 quae

2146 4538 2248 4591 οὑκ
2274 4535 2598 4607 εὐτύχησαν,
2635 4535 2708 4606 μὴ
2754 4533 3024 4605 εὑρόντες,
3052 4530 3162 4604 ιε
3193 4531 3479 4601 ζητοῦντες
3508 4527 3727 4582 ἐτελεύ-

2152 4645 2343 4701 τησαν.
2378 4628 2437 4681 Ὀ
2473 4626 2581 4698 γὰρ
2611 4627 2710 4698 τὴν
2740 4626 2993 4698 ἀλήθειαν
3025 4623 3200 4697 ζητῶν
3235 4621 3387 4693 παρά
3406 4621 3507 4691 τῆς
3532 4618 3730 4674 ἑαυτοῦ

2153 4720 2374 4789 ἀγνοίας
2401 4718 2583 4773 λαϐεῖν
2614 4719 2731 4783 πῶς
2758 4718 2825 4773 ἄν
2842 4717 3085 4783 δόναιτος
3115 4716 3234 4771 Κᾶν
3255 4716 3363 4788 γὰρ
3395 4712 3604 4786 εὑρῃη,
3627 4714 3731 4766 οὑκ

2155 4810 2311 4874 εἰδὼς
2333 4810 2501 4882 αὑτὴν
2532 4809 2607 4874 ὡς
2632 4812 2733 4865 οὑκ
2759 4807 2922 4864 οὖσαν
2949 4810 3301 4881 παρέρχεται.
3324 4806 3449 4862 Οὑτ¹
3474 4805 3540 4862 αὖ
3568 4808 3732 4879 παρύ

2155 4901 2362 4972 ἐτέρου,
2406 4900 2502 4954 τοῦ
2540 4902 2741 4973 ὁμοίως
2756 4901 2815 4967 ἐξ
2858 4900 3129 4972 ἀγνωσίας
3167 4899 3367 4969 γνῶσίν
3393 4898 3732 4971 έχεινέπαγ-

2160 4992 2484 5064 γελλομένου
2532 4995 2597 5060 ’³,
2642 4993 2896 5066 ἀληθείας
2926 4995 3144 5065 κρατεῖν
3185 4992 3407 5057 δυνατὸς
3453 4992 3604 5045 ἔσται
3657 4991 3731 5055 ³⁸,

2161 5084 2301 5156 πλὴν
2325 5085 2598 5150 πολιτείας
2632 5086 2815 5157 μόνης,
2845 5086 2939 5140 καλ⁵
2969 5084 3140 5138 ταῦτα
3171 5085 3385 5157 ἐκείνης
3416 5085 3515 5156 τῆς
3543 5083 3628 5138 διά
3665 5084 3733 5137 τὸ

2162 5176 2380 5247 εὔλογον
2439 5179 2800 5252 γνωρισθῆναι
2846 5177 3174 5252 δυναμένης,
3226 5179 3348 5244 ὕτις
3394 5178 3628 5247 ἑκάστῳ,
3665 5178 3731 5229 ἐκ

1761 5352 1996 5408 VARI/IS
2060 5353 2464 5415 LECTIONES.

570 5498 617 5578 ξ’
643 5498 909 5578 Ride-9"
948 5496 997 5548 ¹⁶
1073 5497 1118 5578 ξ’
1144 5496 1490 5578 ὲπέὶεέηκβὲε)
1520 5498 1622 5578 φο,
1658 5495 1848 5578 ’ξ’,ἐγιξξ
1867 5478 1982 5578 (ἴση
2008 5478 2053 5578 fi
2074 5501 2166 5578 τοῦ
2198 5500 2557 5578 inseruic._O.
2602 5502 2677 5578 _"
2702 5500 2881 5578 Prima
2911 5518 3086 5578 τηεψ.-
3104 5502 3289 5572 script.
3324 5501 3377 5578 i_n
3408 5496 3454 5552 Ο
3503 5497 3725 5578 εἴληφεν

503 5568 594 5624 ἐπὶ
628 5568 801 5638 τούτῳ
821 5566 1185 5638 ἐπεγνωκότα.
1239 5568 1308 5638 *³⁵
1335 5566 1493 5638 Prius

1526 5567 1709 5642 ἡ,ζωή
1724 5568 1775 5642 i_n
1808 5567 1898 5642 O._
1938 5572 1987 5602 "
2008 5572 2081 5627 lta
2128 5572 2191 5627 0.
2240 5591 2288 5629 c.
2340 5571 2382 5627 S
2409 5614 2424 5636 ,
2458 5571 2566 5626 ἀπὸ
2596 5571 2803 5627 ἑαυτῶν
2833 5572 2896 5629 C.
2973 5574 3014 5605 “
3054 5572 3183 5627 Post
3213 5567 3546 5642 διομίσαντας
3577 5567 3722 5642 expia

504 5635 871 5739 assariis?
893 5635 1999 5739 .:§t‘s'1t:'rasuer'2..iziirr9jxa<9":-
2040 5659 2090 5699 ε·
2125 5642 2179 5702 ⁷)
2216 5645 2300 5701 νει
2330 5635 2507 5700 simile
2540 5642 2766 5720 αιίίιυίάο
2808 5643 2867 5700 ε·
2944 5644 2989 5677 ’³
3021 5642 3168 5716 εὕροι
3197 5635 3297 5697 οε
3340 5640 3385 5671 ’⁸
3410 5635 3611 5707 ὁμοίως

508 5710 565 5779 ἐξ
596 5706 862 5777 ἀγνωσίας
891 5706 1035 5776 ἔχειν
1064 5707 1156 5761 ἐπ.
1184 5706 1248 5763 C.
1296 5706 1370 5781 ﬁ“
1401 5706 1624 5761 δυνατόν
1654 5706 1802 5781 icit;
1819 5710 1880 5761 Ο.

1296 5772 1317 5782 ο
