3970 6148
473 275 534 330 9|
1308 275 1368 336 Β.
1408 275 1791 336 CLEMENTIS
1830 277 1852 336 Ι
1884 280 2049 339 ROM.
2088 280 2284 338 PONT.
2325 277 2551 336 OPERA
2587 276 2810 337 DUBIA.
3623 276 3702 335 .2

471 390 691 445 Christo
735 402 923 446 nostro
968 392 1209 463 seipsum
1257 392 1535 463 praedicat.
1576 394 1771 465 Legem
1813 397 2030 466 propria

2138 398 2299 461 ῠντως
2319 395 2361 428 ⁸⁸
2394 393 2629 467 Χριστοῦ
2649 394 2803 465 ἡμῶν
2825 392 3013 447 ἑαυτὸν
3039 390 3376 463 ἀναγορεύει.
3407 391 3486 446 Τά
3514 392 3571 447 δὲ
3596 394 3699 449 τοῦ

472 483 892 552 praesumptione
910 484 1066 539 aliter
1098 484 1504 554 interpretatur.
1535 484 1600 539 Et
1617 486 1881 556 judicium
1903 488 2035 543 dicit

471 574 689 644 quidem
712 574 825 630 fore
859 590 1047 630 verum
1073 591 1181 630 non
1205 586 1510 647 exspectat;
1538 592 1858 648 persuasum
1887 578 2032 633 enim

473 666 701 732 habens,
724 665 893 721 Deum
910 681 1019 721 non
1037 667 1564 737 essejudicaturum,
1585 684 1757 740 usque
1771 669 1840 725 ad
1863 670 2032 725 Deum

470 756 648 824 ipsum
676 759 1007 827 impietatem
1041 776 1196 815 suam
1229 776 1398 817 ausus
1424 770 1509 816 est
1541 762 1850 817 extendere.
1882 760 2036 818 Unde

455 849 745 916 nonnulli,
791 851 1096 906 nescientes
1144 852 1289 922 quod
1339 853 1540 923 pietate
1580 869 1709 923 erga
1762 852 1931 909 Deum
1976 864 2035 911 ut

472 949 734 1009 praetextu
781 941 1032 1007 abutens,
1085 945 1366 999 veritatem
1411 945 1625 1001 occulte
1671 946 2033 1017 depraedatur,

475 1033 569 1103 qui
615 1041 675 1087 ut
698 1034 939 1088 credenti
969 1035 1194 1090 credunt
1224 1052 1365 1103 eam,
1389 1053 1511 1106 qua:
1540 1040 2035 1110 quomodocunque

476 1126 546 1181 ab
570 1141 636 1181 eo
660 1127 879 1195 dicitur,
905 1143 1055 1198 spem
1083 1144 1147 1183 ac
1172 1128 1586 1198 iudicationem,
1616 1143 1862 1202 pereunt.

553 1238 744 1295 XXIII.
786 1238 856 1295 Ut
904 1251 1095 1302 autem
1128 1244 1245 1313 ipse
1287 1243 1564 1315 religionis
1598 1246 1911 1316 opinionem
1951 1246 2035 1302 in—

476 1333 721 1401 vaderet,
753 1333 955 1389 factum
1004 1343 1089 1389 est
1136 1334 1230 1390 ita.
1277 1332 1517 1391 Joannes
1546 1336 1779 1407 quidam'
1806 1339 2031 1406 exstitit,

474 1426 567 1494 qui
594 1426 822 1493 singulis
839 1426 1029 1481 diebus
1053 1426 1374 1495 baptizaret,
1401 1429 1604 1497 quique
1626 1426 1840 1483 Domini
1860 1430 2033 1485 nostri

475 1514 604 1571 .lesu
643 1518 943 1572 secundum
981 1515 1384 1586 conjugationis
1430 1519 1698 1575 rationem
1750 1519 1854 1574 fuit
1890 1536 2032 1590 prae-

474 1623 706 1663 cursor:
734 1620 789 1665 et
810 1609 1271 1678 quemadmodum
1302 1609 1566 1665 Dominus
1595 1611 1785 1666 habuit
1824 1612 2033 1668 duode-

475 1701 580 1753 cim
618 1701 915 1768 apostolos,
953 1701 1254 1756 .duodecim
1295 1700 1565 1755 mensium
1605 1702 1739 1757 solis
1786 1713 2033 1773 gerentes
2065 1739 2106 1794 Β

475 1807 789 1857 numerum,
820 1792 1071 1847 similiter
1106 1792 1153 1847 is
1188 1792 1405 1862 triginta
1436 1792 1583 1846 viros
1618 1792 1893 1864 principes
1932 1794 2033 1848 ba-

475 1882 614 1949 liuit,
647 1893 981 1938 menstruam
1011 1883 1154 1938 luna;
1182 1884 1449 1939 rationem
1479 1883 1789 1953 implentes.
1828 1884 1949 1948 Quo
1979 1886 2033 1942 in

475 1988 706 2028 numero
739 1989 843 2028 una
876 1974 1121 2044 quaedam
1148 1983 1267 2029 erat
1306 1975 1501 2031 mulier
1524 1974 1670 2031 dicta
1701 1972 1938 2045 Helena;
1976 1987 2035 2033 ut

475 2079 545 2119 ne
574 2064 678 2119 hoc
706 2065 925 2134 quidem
962 2067 1169 2136 absque
1217 2066 1476 2138 mysterio
1518 2074 1681 2122 esset.
1727 2064 1864 2122 Cum
1890 2068 2034 2124 enim

475 2154 673 2209 mulier
719 2156 999 2210 dimidium
1049 2157 1123 2211 sit
1156 2157 1280 2223 viri,
1322 2156 1701 2228 imperfectum
1757 2160 2035 2215 trieenarii

473 2246 760 2300 constituit
787 2262 1096 2314 numerum,
1118 2248 1261 2303 sicut
1279 2260 1335 2303 et
1354 2249 1411 2303 in
1434 2247 1583 2316 luna,
1606 2249 1765 2321 cujus
1789 2250 2035 2309 incessus

474 2354 584 2393 non
610 2338 910 2409 perfectum
954 2340 1158 2395 mensis
1195 2355 1416 2396 cursum
1444 2342 1686 2398 coniicit.
1732 2341 1905 2400 Porro
1932 2346 2034 2401 ho-

474 2444 597 2483 rum
631 2430 849 2500 triginta
884 2429 1084 2485 Joanni
1118 2431 1329 2501 primus
1373 2447 1438 2487 ac
1467 2434 1889 2502 probatissimus
1920 2444 2038 2491 erat

475 2521 665 2577 Simon
694 2542 708 2578 :
736 2524 829 2593 qui
859 2525 1076 2594 quidem
1108 2539 1218 2594 quo
1243 2525 1426 2580 minus
1453 2536 1578 2595 post
1612 2536 1840 2582 mortem
1869 2527 2038 2583 Joan-

475 2613 564 2669 nis
590 2615 843 2685 princeps
873 2616 1178 2670 declaratus
1209 2616 1300 2684 sit,
1326 2616 1431 2673 hoc
1458 2617 1514 2672 in
1542 2632 1710 2673 causa
1736 2617 1859 2673 fuit.

547 2797 739 2852 XXIV.
784 2796 918 2851 Nam
957 2798 1073 2866 ipso
1105 2813 1330 2869 peregre
1358 2798 1412 2852 in
1445 2796 1738 2869 Egyptum
1768 2799 2031 2869 profecto,

2132 488 2296 559 νόμου
2333 486 2438 557 ίδίᾳ
2487 486 2749 558 προλήψει
2797 485 3082 557 ἀλληγορεῖ
3104 486 3166 537 ⁸³.
3214 484 3321 539 Καὶ
3347 483 3524 555 κρίσιν
3569 484 3698 538 ἐσε-

2135 578 2258 632 σθαι
2308 576 2406 649 μὲν
2452 577 2635 647 λέγει,
2684 576 2746 631 ού
2795 576 3068 649 προσδοκᾷ
3109 574 3185 629 δέ’
3228 576 3287 629 ού
3332 575 3440 647 γάρ
3472 576 3539 630 ἂν
3582 576 3696 632 ὑπὸ
3794 610 3801 617 -

2134 667 2269 725 Θεοῦ
2298 668 2651 741 κριθήσεσθαι
2697 667 3057 739 πεπεισμένος
3080 667 3143 733 ⁸³,
3181 667 3341 739 μέχρι
3386 668 3553 722 αὑτοῦ
3587 667 3692 724 τοῦ

2132 757 2267 815 Θεοῦ
2283 760 2497 813 ἀσεϐεῖν
2525 759 2743 831 ἐτόλμα.
2770 758 2930 813 Ὅθεν
2950 758 3101 825 ἔνιοι,
3122 759 3195 831 μὴ
3216 760 3414 825 εἰδότες
3428 762 3532 826 ὅτι,
3554 779 3694 834 προ-

2132 852 2569 923 καταλύμματιίδ
2607 855 2674 924 τῇ
2723 851 2997 924 θεοσεϐείᾳ
3029 852 3395 924 κεχρημένος,
3447 853 3697 929 ὑποσυλᾷ

2132 946 2201 1000 τά
2224 947 2321 1017 τῆς
2369 945 2652 1017 ἀληθείας,
2687 945 2779 998 καὶ
2824 945 2926 1015 τὴν
2972 946 3117 1009 ὅπως
3150 944 3280 998 ποτὲ
3326 945 3481 999 ὑπ⁹¹⁸
3520 945 3692 1003 αὐτ-οὖ

2133 1038 2324 1091 ἐλπίδα
2354 1038 2449 1091 καὶ
2481 1036 2660 1108 κρίσιν
2705 1036 3000 1109 λεγομένην
3047 1036 3291 1101 ἔσεσθαι,
3337 1037 3414 1101 ὼς
3444 1038 3620 1109 πιστῷ
3646 1041 3695 1072 ¹⁶

2135 1131 2479 1190 πιστεύοντες
2508 1128 2846 1182 ἀπόλλυνται.

2201 1236 2391 1293 XXIII.
2431 1238 2506 1291 Τὸ
2537 1238 2594 1292 δὲ
2624 1238 2999 1311 παρεισελθεῖν
3026 1238 3187 1293 αὑτὸν
3216 1241 3298 1304 είς
3318 1242 3411 1296 τὸν
3440 1241 3540 1312 τῆς
3564 1242 3695 1295 ἀσε-

2134 1329 2343 1393 ϐείας²⁷
2375 1329 2533 1399 λόγον
2579 1331 2801 1400 γέγονεν
2846 1329 3039 1394 οὕτως’
3090 1330 3341 1403 Ἰωάννης
3368 1350 3451 1396 τις
3477 1333 3697 1401 ἐγένετο

2134 1422 2686 1494 ήμεροϐαπτιστὴς¹⁸,
2716 1424 2774 1487 ὃς
2810 1422 2906 1477 καὶ
2934 1423 3029 1477 τοῦ
3060 1424 3265 1496 Κυρίου
3308 1425 3461 1497 ἡμῶν
3514 1425 3692 1498 Ἰησοῦ

2134 1513 2276 1567 κατά
2300 1514 2393 1567 τὸν
2424 1515 2524 1585 τῆς
2554 1514 2812 1584 συζυγίας
2843 1515 2997 1585 λόγον
3042 1516 3256 1584 ἐγένετο
3305 1516 3549 1588 πρόοδος
3594 1518 3696 1572 καὶ

2136 1604 2325 1677 ὥσπερ
2350 1604 2428 1677 τῷ
2460 1607 2647 1678 Κυρίῳ
2679 1608 2965 1677 γεγόνασιν
3002 1606 3205 1662 δώδεκα
3236 1608 3553 1673 ἀπόστολοι,
3582 1610 3697 1663 τῶν

2133 1696 2227 1750 τοῦ
2282 1696 2433 1767 ἡλίου
2488 1696 2693 1752 δώδεκα
2745 1699 2929 1771 μηνῶν
2985 1699 3238 1770 φέροντες
3288 1700 3380 1753 τὸν
3424 1700 3694 1772 ἀριθμὸν,

2133 1788 2397 1853 ὡσαύτως
2434 1790 2529 1842 καὶ
2578 1790 2726 1861 αὐτῷ
2770 1790 2985 1861 έξαρχοι
3025 1791 3215 1861 ἄνδρες
3244 1790 3497 1860 γεγόνασι
3534 1792 3697 1863 τριά-

2135 1898 2299 1935 κοντα
2317 1920 2333 1945 ,
2378 1881 2473 1933 τὸν
2521 1884 2767 1952 μηνιαϊον
2812 1883 2913 1953 τῆς
2970 1880 3198 1953 σελήνης
3255 1880 3696 1953 ἀποπληροῦντες

2133 1972 2307 2041 λόγον.
2354 1971 2442 2026 Ἐν
2488 1964 2533 2040 ᾧ
2578 1972 2793 2045 ἀριθμῷ
2826 1964 2924 2044 μία
2975 1990 3061 2037 τις
3122 1968 3191 2045 ἦν
3243 1973 3381 2044 γυνὴ
3426 1973 3694 2046 λεγομένη

2145 2064 2327 2137 Ἑλένη
2348 2103 2363 2129 ,
2451 2063 2539 2118 ἵνα
2616 2064 2751 2136 μηδὲ
2825 2064 2980 2118 τοῦτο
3030 2064 3442 2137 άνοικονόμητον
3495 2063 3693 2139 ᾖμῚ).

2137 2156 2345 2228 Ἥμισυ
2377 2155 2484 2229 γὰρ
2538 2157 2731 2229 ἀνδρὸς
2778 2154 2912 2211 οὖσα
2958 2158 3056 2229 ﬂ"
3088 2156 3247 2229 γυνὴ,
3282 2157 3445 2228 ἀτελῆ
3474 2158 3568 2212 τὸν
3597 2159 3698 2230 τῆς

2132 2247 2513 2319 τριακοντάδος
2541 2249 2781 2305 τέθεικεν
2831 2250 3089 2322 ἀριθμὸν,
3135 2248 3324 2320 ὥσπερ
3354 2252 3448 2306 καὶ
3476 2250 3575 2321 τῆς
3604 2267 3697 2303 as-

2133 2340 2299 2413 λήνης
2318 2342 2384 2407 ’⁸,
2405 2336 2472 2413 ἧς
2502 2343 2535 2413 ἡ
2566 2343 2759 2414 πορεία
2788 2342 2882 2395 τοῦ
2913 2342 3077 2414 μηνὸς
3095 2342 3139 2374 ⁸⁸
3165 2341 3225 2396 ού
3242 2342 3443 2397 τέλειον
3462 2344 3697 2397 ποιεῖται

2132 2432 2225 2485 τὸν
2252 2433 2467 2504 δρόμον.
2486 2432 2594 2503 59
2616 2434 2831 2488 Τούτων
2862 2433 2918 2488 δὲ
2941 2434 3049 2487 τῶν
3077 2433 3370 2504 τριάκοντα
3399 2432 3477 2503 τῷ
3516 2432 3699 2486 Ἰωάν-

2134 2537 2203 2596 νῃ
2220 2524 2264 2554 ¹¹
2298 2524 2512 2594 πρῶτος
2557 2524 2652 2576 καὶ
2694 2524 3059 2595 δοκιμώτατος
3096 2520 3164 2595 ἦν
3194 2527 3223 2578 ό
3257 2525 3439 2595 Σίμων
3463 2564 3478 2589 ,
3511 2525 3569 2588 δς
3602 2526 3697 2580 καὶ

2133 2613 2227 2666 τοῦ
2264 2614 2337 2684 μὴ
2366 2614 2526 2685 ἄρξαι
2552 2615 2713 2668 αὐτὸν
2743 2616 2878 2686 μετά
2900 2615 2999 2687 τὴν
3030 2616 3282 2690 τελευτὴν
3312 2616 3404 2670 τοῦ
3421 2617 3467 2649 ³³
3507 2618 3693 2675 Ἰωάνα

2134 2721 2226 2758 νου
2256 2705 2432 2757 αἰτίαν
2467 2706 2593 2776 ἔσχε
2621 2706 2849 2777 ταύτην.

2204 2796 2394 2854 XXIV.
2446 2798 2873 2870 Ἀποδημοῦντος
2929 2799 3035 2872 γάρ
3070 2799 3234 2855 αὐτοῦ
3286 2802 3367 2866 είς
3418 2801 3699 2870 Αἴγυπτον

476 2900 695 2962 propter
721 2890 911 2959 magiae
938 2891 1406 2957 exercitationem,
1447 2888 1657 2945 Joanne
1688 2891 1892 2957 occiso,
1923 2891 2037 2946 Do-

2138 2889 2229 2942 ὲπὶ
2260 2890 2358 2962 τὴν
2388 2890 2488 2961 τῆς
2516 2892 2745 2961 μαγείας
2772 2891 3076 2964 ὲπάσκησιν
3100 2932 3115 2956 ,
3149 2893 3243 2946 τοῦ
3279 2892 3519 2946 Ἰωάννου
3543 2895 3701 2947 ἀναι-

476 2982 685 3037 sitheus
724 2982 945 3051 quidam
984 2982 1349 3053 principatum
1390 2990 1670 3051 appetens,
1703 2997 1826 3038 cum
1865 2983 2035 3053 ipsius

2139 2981 2413 3053 ρεθέντος,
2445 2983 2691 3048 Δοσίθεός
2709 2985 2754 3015 ³⁸
2770 3002 2872 3048 τις,
2902 2985 3002 3056 τῆς
3022 2985 3194 3055 ἀρχῆς
3217 2984 3536 3056 ὀρεγόμενος
3557 3024 3572 3049 ,
3599 2984 3699 3039 θά-

478 3074 719 3129 Simonis
774 3083 1004 3128 mortem
1076 3072 1215 3128 falso
1271 3072 1669 3139 annuntiasset,
1722 3071 1899 3129 factus
1953 3086 2036 3130 est

2138 3094 2294 3131 νατον
2346 3074 2513 3132 αὐτοῦ
2561 3075 2729 3146 ψευδῆ
2790 3075 3187 3145 καταγγείλας,
3244 3076 3543 3146 διαδέχεται
3596 3077 3701 3148 τὴν

481 3175 643 3222 sectae
673 3181 976 3222 successor.
1011 3165 1080 3220 At
1113 3164 1300 3220 Simon
1337 3165 1500 3235 paulo
1527 3174 1650 3235 post
1679 3180 1951 3231 reversus,
1982 3175 2038 3222 et

477 3274 603 3314 eum
632 3259 815 3314 locum
844 3267 1103 3330 tanquam
1132 3258 1416 3329 proprium
1441 3257 1702 3313 all‘ectans
1741 3259 2034 3314 vehemen-

479 3359 581 3418 ter,
610 3360 799 3408 nactus
828 3353 1143 3409 Dositheum
1182 3352 1364 3408 locum
1406 3351 1624 3422 quidem
1660 3365 1771 3405 non
1799 3352 2034 3421 repetiit,

477 3443 655 3499 sciens
711 3444 985 3499 hominem
1010 3444 1103 3515 qui
1131 3455 1323 3500 contra
1353 3443 1526 3514 ipsius
1575 3443 1908 3498 voluntatem
1943 3458 2038 3499 oe-

480 3546 774 3606 cupaverat
812 3538 1195 3606 principatum.
1228 3552 1335 3592 non
1365 3534 1673 3607 depositum
1721 3535 1811 3589 iri.
1857 3535 2037 3601 Quare

479 3643 574 3697 per
596 3629 904 3683 simulatam
928 3629 1219 3683 amicitiam
1242 3629 1393 3683 brevi
1416 3627 1634 3698 quidem
1659 3627 1714 3682 in
1738 3628 2035 3683 secundum

479 3736 514 3776 υ
542 3721 794 3776 Dositheo
820 3721 1003 3774 locum
1050 3720 1291 3789 irrepsit.
1330 3720 1447 3775 Non
1478 3722 1679 3777 multos
1708 3728 1887 3776 autem
1916 3729 2038 3790 post

476 3814 616 3879 dies,
646 3814 790 3867 intra
815 3828 1104 3867 numerum
1130 3812 1353 3884 triginta
1380 3814 1885 3884 condiscipulorum
1921 3813 2037 3868 col-

479 3903 713 3969 locatus,
745 3905 908 3975 capit
938 3904 1197 3959 Dositheo
1226 3904 1508 3975 derogare,
1531 3915 1789 3975 tanquam
1812 3905 1909 3974 qui
1929 3920 2037 3960 non

479 4011 737 4065 germane
766 3997 1071 4052 doctrinam
1104 3998 1365 4052 traderet.
1397 3995 1563 4067 quue
1587 4013 1713 4051 eum
1758 3998 2039 4053 asserebat

481 4104 592 4144 non
645 4088 847 4143 invidia
902 4089 1102 4155 facere,
1151 4087 1247 4143 sed
1307 4087 1614 4154 inscientia,
1652 4098 1708 4143 et
1744 4088 2038 4158 aliquando

482 4180 808 4248 Dositheus,
844 4183 1083 4238 Simonis
1115 4180 1461 4236 artiﬁciosam
1493 4180 1732 4235 sentiens
1768 4179 2039 4235 obtrecta-

479 4272 707 4339 tionem,
748 4287 816 4328 eo
854 4274 1189 4340 tendentem,
1228 4284 1288 4327 ut
1326 4271 1636 4326 aboleretur
1673 4271 2037 4341 plurimorum

2134 3172 2367 3245 αἵρεσιν.
2406 3172 2464 3225 Ὁ
2494 3170 2553 3224 δὲ
2583 3170 2783 3239 Σίμων,
2818 3172 2931 3240 μετ’
2954 3169 3014 3221 ού
3036 3167 3169 3221 πολὺ
3203 3167 3445 3221 ἐπελθὼν
3476 3168 3569 3221 καὶ
3598 3167 3704 3222 τοῦ

2133 3263 2297 3317 τόπου
2320 3263 2396 3327 ὠς
2437 3262 2567 3315 ἰδίου
2619 3260 2865 3332 μεγάλως
2906 3259 3292 3329 ἀντεχόμενος,
3338 3258 3416 3329 τῷ
3463 3258 3702 3330 Δοσιθέῳ

2136 3354 2411 3425 συντυχὼν
2460 3354 2551 3408 τὸν
2605 3352 2701 3424 μὲν
2738 3352 2899 3405 τόπον
2944 3351 3043 3404 οὐκ
3074 3350 3303 3421 ἀπῄτει,
3355 3348 3507 3413 εἰδὼς
3555 3350 3637 3402 ὅτι
3668 3352 3704 3403 δ

2135 3428 2346 3518 φθάσας
2374 3447 2473 3518 τῆς
2503 3445 2677 3517 ἀρχῆς
2707 3442 2856 3514 παρά
2886 3442 3202 3515 προαίρεσιν
3246 3441 3306 3494 οὐ
3333 3440 3697 3512 καθαιρείται.

2134 3539 2226 3593 Διὸ
2261 3537 2395 3610 μετὰ
2428 3535 2793 3608 προσποιητοῦ
2827 3533 3005 3603 φιλίας
3030 3534 3114 3586 ἐπ’
3148 3531 3327 3601 ὀλίγον
3367 3532 3465 3603 μὲν
3498 3533 3577 3594 εἰς
3605 3530 3701 3584 τὸν

2134 3631 2384 3703 δεύτερον
2406 3629 2500 3682 τοῦ
2533 3628 2782 3681 Δοσιθέου
2803 3627 2966 3679 τόπον
3004 3625 3217 3678 δίδωσιν
3250 3624 3460 3697 ἑαυτόν.
3495 3623 3698 3693 Ταγεὶς

2134 3723 2192 3775 δὲ
2223 3724 2338 3794 μετ’
2370 3721 2431 3774 ού
2464 3719 2663 3782 πολλὰς
2695 3718 2906 3789 ἡμέρας
2936 3720 3049 3780 τοῖς
3078 3716 3370 3788 τριάκοντα
3403 3715 3695 3787 συμμαθη-

2134 3816 2287 3877 ταϊς,
2340 3810 2748 3866 ὑποδιαϐἀλλειν
2792 3808 2993 3881 ἤρξατο
3033 3808 3125 3862 τὸν
3164 3808 3448 3872 Δοσίθεον,
3491 3807 3567 3870 ὡς
3621 3807 3696 3880 μὴ

2136 3904 2499 3976 παραδιδόντα
2566 3901 2802 3973 γνησίως
2857 3902 2927 3956 τά
2998 3900 3309 3973 μαθήματα.
3372 3900 3485 3953 Καὶ
3540 3898 3699 3953 τοῦτο

2136 4000 2308 4051 ποιεῖν
2357 3997 2538 4065 ἔλεγεν
2584 3994 2743 4049 αὐτὸν
2786 3993 2884 4065 οὐχ
2929 3995 3005 4057 ὡς
3049 3992 3362 4064 φθονοῦντα,
3409 3991 3520 4045 ἀλλ’
3552 3990 3630 4053 ὼς
3651 3989 3699 4024 ’⁸

2137 4088 2452 4160 ἀγνοοῦντα.
2480 4086 2589 4141 Καί
2620 4104 2751 4141 ποτε
2789 4089 2819 4141 ὁ
2845 4085 3093 4150 Δοσίθεος
3112 4124 3127 4150 ,
3170 4084 3565 4155 ὑπαισθόμενος
3594 4082 3699 4154 τὴν

2134 4182 2228 4237 τοῦ
2258 4184 2499 4254 Σίμωνος
2543 4179 2786 4251 ἔντεχνον
2838 4178 3086 4250 διαϐολὴν
3105 4217 3121 4243 ,
3166 4176 3397 4231 λύουσαν
3435 4176 3482 4208 ³⁸
3528 4174 3697 4229 αὑτοῦ

2136 4274 2236 4345 τὴν
2266 4273 2404 4346 πρὸς
2430 4272 2555 4337 τοὺς
2582 4271 2806 4335 πολλοὺς
2831 4270 3112 4333 ὑπόνοιαν,
3142 4267 3236 4322 τοῦ
3273 4267 3347 4340 μὴ
3368 4266 3527 4321 αὑτὸν
3557 4260 3700 4321 εἶναι

479 4366 691 4435 Opinio,
718 4381 893 4435 neque
942 4365 1175 4435 amplius
1213 4365 1327 4434 ipse
1370 4372 1651 4434 putaretur
1681 4377 1802 4418 esse
1834 4360 2024 4426 Stans,

2138 4366 2376 4437 νομίζειν
2401 4364 2490 4418 τὸν
2533 4363 2805 4427 Ἐστῶτα,
2837 4361 2992 4433 θυμῷ
3033 4361 3126 4416 ἐπὶ
3156 4361 3255 4432 τὴν
3294 4358 3496 4431 συνήθη
3515 4357 3559 4389 ’⁷
3594 4375 3701 4411 πα-

479 4458 668 4513 furore
694 4468 1023 4524 commotus,
1048 4473 1169 4513 cum
1201 4459 1267 4512 ad
1292 4459 1531 4513 scholam
1566 4457 1725 4512 solito
1754 4454 2036 4511 convenis-

482 4561 587 4618 set,
636 4552 788 4623 virga
833 4550 1112 4608 Simonem
1169 4553 1449 4608 inventum
1501 4552 1753 4627 verberat
1782 4570 1797 4607 :
1826 4562 1883 4605 at
1941 4566 2034 4622 per

2143 4458 2501 4531 ραγενόμενος
2531 4455 2831 4528 διατριϐὴν,
2860 4455 3039 4527 ῥάϐδῳ
3084 4453 3234 4507 παίει
3276 4450 3450 4524 εὑρὼν
3480 4449 3573 4503 τὸν
3605 4449 3700 4502 Σί-

2142 4567 2313 4623 μωνα·
2336 4551 2371 4621 ἡ
2395 4550 2473 4613 δὲ,
2503 4548 2691 4620 ὥσπερ
2714 4546 2918 4602 καπνοῦ
2948 4546 3058 4619 60
3082 4546 3176 4601 τοῦ
3212 4546 3449 4619 Σίμωνος
3474 4542 3702 4599 διελθεῖν

1724 4703 1961 4759 ἾΑΒΗΕ
2028 4701 2436 4758 LECTIONES.

554 4831 597 4864 ¹¹
613 4831 763 4895 ὄντος
948 4833 989 4864 ¹¹
1022 4832 1343 4905 ἀλληγορεῖς
1375 4835 1435 4886 0.
1513 4827 2017 4899 ¹³πεπιστευμένοις
2055 4831 2113 4879 0.
2194 4827 2236 4857 “
2253 4824 2741 4925 προκαταλήμματι
2772 4820 2824 4904 (Ξ
2843 4862 2859 4889 ,
2881 4820 3302 4909 προκαλύμματι
3334 4817 3394 4871 D.
3417 4817 3697 4901 ρωωωω

554 4900 777 4925 ,ιιι-η---
816 4903 996 4925 “Ur-..
1031 4918 1189 4925 --_-.._-
1224 4903 1455 4925 -..λη-..ει
1519 4900 1613 4925 ne-
1664 4900 1786 4925 ιη...
1839 4915 1932 4925 .....
1994 4898 2062 4925 02
2126 4893 2163 4925 ρ
2262 4896 2304 4925 ut
2329 4894 2494 4925 ,ιι-ΛΠ
2594 4895 2609 4925 ι
2662 4909 2865 4925 ...ι-...νο
2888 4892 2927 4925 l,
3030 4892 3070 4923 ιτ
3092 4892 3249 4925 mw)...
3274 4890 3362 4925 ρλυ
3383 4905 3483 4925 αρνιμ
3509 4887 3696 4925 Henna-

481 4900 782 4972 ’πρόλημμα

812 4900 999 4956 eodem
1030 4893 1191 4957 sensu
1220 4893 1476 4957 occurrit.
1519 4900 1633 4955 Cir.
1664 4900 1811 4955 hom.
1839 4893 1957 4964 vin,
1994 4898 2084 4951 23.
2126 4893 2183 4951 S.
2262 4893 2310 4926 ³⁸
2329 4895 2432 4948 ὑπό
2451 4894 2515 4949 0.

2662 4887 2865 4955 πιστῶς
2888 4887 2951 4946 (Ι.
3030 4892 3070 4923 ¹⁷
3090 4887 3249 4945 αὺτὸν
3274 4890 3362 4943 τὸν
3383 4889 3483 4958 τῆς
3509 4887 3696 4958 θεοσε-

486 4956 720 5055 ξέεαςὲῖ
785 4971 1418 5055 Ῑῖἠιέερρδοξπτισθείςρ-
1483 4972 1538 5055 3:
1570 4967 1858 5055 mdium;
1880 4984 1925 5021 α
2095 4960 3107 5055 temeraretur?“129:9“:
3132 4956 3695 5055 sanesanae-

484 5043 525 5074 "
547 5043 618 5112 μή
650 5045 711 5095 Ο.
773 5043 830 5112 ξ’
854 5044 930 5112 τῷ
957 5043 1190 5112 Ἰωάννῃ

1207 5028 1321 5096 um:
1341 5040 1404 5097 0.
1483 5028 1633 5094 ’³τόῦ
1668 5028 1777 5093 οήι.
1816 5036 1879 5091 0.
1955 5028 2263 5098 ²⁸Δοσίθεόξ
2287 5041 2327 5087 0
2357 5075 2371 5099 ,
2406 5028 2747 5097 constanter]
2779 5028 3037 5094 Δωσίθεός
3068 5028 3131 5083 C.
3152 5028 3314 5099 Idem
3343 5028 3695 5099 subindegtg,

482 5095 735 5165 nt'voluit
766 5109 804 5165 S
833 5154 849 5177 ,
874 5098 937 5165 τέ
965 5095 1073 5168 (ἷξμ
1104 5113 1149 5143 ’⁸
1164 5095 1254 5177 ῗυςί
1269 5095 1448 5167 addidi
1481 5126 1530 5165 c.
1558 5109 1625 5164 0.
1701 5110 1746 5140 “
1770 5107 1907 5177 Lege
1929 5104 2185 5177 φύουσαν,
2221 5095 2335 5175 qua?
2360 5095 2429 5177 de
2470 5105 2563 5177 illo
2607 5095 2745 5177 apud
2782 5100 2974 5177 multo:
2998 5098 3361 5177 suspicionem
3385 5105 3602 5153 crearet.
3631 5095 3694 5151 D.

485 5180 665 5236 Rnlini
695 5166 871 5235 versio
906 5166 1148 5252 (κεάσθη.
1178 5166 1377 5251 11,511)
1412 5183 1524 5235 haec
1554 5188 1636 5235 est
1682 5195 1697 5234 :
1725 5166 1952 5252 _Verum'
1980 5166 2273 5252 Dositheus,
2315 5176 2403 5229 ubi
2445 5174 2562 5252 sibi;
2595 5166 3033 5252 dérogarisensjt
3071 5166 3377 5252 dﬁimone,
3412 5182 3596 5252 uerens
3617 5182 3698 5252 que

474 5253 662 5321 Opinio
686 5268 783 5305 sua
810 5237 1181 5331 οίζδὲιιγονὲιιιν
1200 5237 1339 5321 α’ρῖιά
1362 5237 1617 5331 homines,
1646 5250 1735 5328 qui
1753 5265 1879 5331 Deum
1909 5245 2163 5324 putabunt
2193 5237 2364 5331 ipsum
2391 5237 2780 5331 es_se§tqntein.
2814 5241 2951 5294 Cum
2982 5239 3084 5331 hac
3114 5237 3702 5331 interpretationes-(3:1.

472 5306 633 5391 gs'tare
664 5331 838 5391 potest
860 5322 1020 5377 lectio
1048 5306 1286 5389 vulgata,
1322 5322 1483 5376 modo
1514 5306 1676 5372 aia-506
1708 5320 1805 5391 τήν
1833 5306 2069 5391 imitetur
2091 5314 2144 5391 in
2172 5306 2270 5385 τὴν
2301 5315 2486 5368 αὐτοῦ.
2502 5313 2707 5391 Eodem
2735 5325 2895 5391 sensu
2932 5306 3285 5391 προσεκλύειν
3315 5309 3508 5381 legitur
3541 5306 3695 5361 hom.

472 5390 569 5460 i_tu,
602 5378 888 5458 ἳ,’ὲκλύειν
912 5408 1045 5459 ινιι,
1075 5378 1292 5458 6.Ὀυίἁ
1329 5391 1549 5445 ὑπόνοια
1578 5378 1860 5461 signiticet,
1884 5384 2196 5449 intelligitur
2222 5378 2284 5440 ex
2311 5400 2462 5455 seqq.
2500 5382 2557 5439 S.
2633 5382 2677 5417 ³⁷
2693 5378 2974 5449 συνήθειαν
3007 5383 3067 5434 0.

1769 5485 2135 5558 VAmoitUM
2167 5499 2397 5556 None.

590 5601 679 5669 47)
786 5605 919 5658 Ἵνα
930 5602 1087 5672 μηδὲ
1103 5602 1275 5657 τοῦτο
1291 5601 1757 5671 ἀνοικονόμητον
1779 5598 1849 5672 ᾖ.
1859 5598 2034 5653 Simili

471 5670 650 5728 Imo‘do
680 5688 880 5732 corona
916 5670 1037 5733 uua:
1063 5672 1301 5729 Simonis
1328 5672 1465 5742 Magi
1506 5670 1806 5744 dicebatur,
1840 5670 2038 5740 imper-

2148 5596 2342 5650 fectam
2367 5589 2634 5646 referebat
2667 5586 3078 5653 rotunditatem.
3109 5587 3175 5643 ad
3204 5583 3423 5642 modum
3471 5585 3616 5644 luna:
3642 5582 3696 5637 in

2147 5678 2353 5722 cornua
2381 5660 2626 5718 coeuntis
2644 5700 2662 5729 ,
2694 5669 2751 5716 ut
2778 5675 2933 5717 nemo
2966 5658 3195 5731 ignorat.
3228 5656 3364 5711 Cor.
