3970 6148
278 278 347 332 95
1392 268 1832 340 {CLEMENTINA

1929 304 1962 315 —
1988 264 2271 328 llOMlLfA
2310 264 2370 321 ll.

3443 268 3511 326 ιιι

279 397 424 463 ἔδοξε
448 394 629 465 σῶμα.
682 391 807 447 Ἐπὶ
835 379 1008 462 τούτῲ
1029 389 1076 422 ⁸⁸
1102 388 1473 460 καταπλαγεὶς
1518 391 1548 446 ὁ
1597 389 1832 455 Δοσίθεος

1946 400 2146 455 corpus
2183 380 2445 449 Simonis,
2486 379 2645 452 quasi
2677 395 2773 446 per
2811 380 3045 447 fumum,
3082 380 3198 437 visa
3234 391 3318 438 est
3354 383 3505 454 virga

277 489 425 557 λέγει
456 486 624 558 αὐτῷ’
658 485 724 539 Εί
757 484 821 536 σὺ
864 478 916 537 εί
935 482 982 514 ’⁸
1019 483 1048 537 ὁ
1100 482 1334 546 Ἑστὼς,
1367 482 1462 536 καὶ
1491 481 1779 555 προσκυνῶ
1798 483 1843 515 ³⁸

280 599 361 634 σε.
391 579 498 634 Τοῦ
544 579 782 649 Σίμωνος
801 576 1064 639 είπόντος·
1118 574 1257 645 Ἐγώ
1291 578 1430 648 είμι,
1487 578 1516 630 ὁ
1571 576 1839 641 Δοσίθεος,

280 672 471 727 ἐαυτὸν
496 673 655 742 γνοὺς
684 668 785 725 οὐκ
825 669 956 723 ὄντα
996 669 1089 723 τὸν
1131 667 1370 722 Ἔστῶτα
1389 708 1404 733 ,
1435 667 1614 722 πεσὼν
1642 686 1841 741 προσε-

280 765 540 835 κύνησεν,
594 764 689 818 καί.
735 766 850 828 τοῖς
892 760 1223 816 είκοσιεννέα
1272 759 1519 833 ἐξάρχοις
1572 777 1843 831 συγκατα-

281 855 457 909 ϐαλὼν
504 855 694 909 ἐαυτὸν
746 857 827 919 είς
870 855 962 908 τὸν
1006 851 1201 908 ἑαυτοῦ
1241 853 1342 924 τῆς
1386 852 1638 917 ὑπονοίας
1676 853 1844 907 τόπον

277 949 467 1020 ἔστησε
496 950 589 1002 τὸν
611 949 832 1019 Σίμωνα
854 987 869 1012 ,
902 947 997 1000 καί
1027 945 1200 1009 οὕτως
1232 945 1349 1018 μετ’
1374 946 1436 999 οὐ
1468 944 1667 1008 πολλὰς
1700 944 1838 1016 ἠμέ-

275 1059 376 1112 ρας
405 1044 432 1095 ὁ
468 1040 749 1107 Δοσίθεος,
786 1039 998 1093 ἐκείνου
1033 1038 1289 1105 στάντος,
1320 1037 1480 1103 αὐτὸς
1512 1037 1691 1095 πεσὼν
1722 1039 1839 1091 ἐτε-

271 1133 429 1208 λεύτη
438 1152 553 1193 σεν.

336 1336 512 1396 xxv.
566 1338 622 1392 'o
649 1337 706 1391 δὲ
735 1292 951 1408 Σίμων,
986 1337 1087 1409 τὴν
1124 1336 1342 1407 Ἑλένην
1371 1334 1720 1409 παραλαϐὼν,
1749 1334 1838 1387 ἐκ-
1868 1373 1878 1384 .

271 1432 621 1503 περιέρχεται
642 1431 706 1497 ³¹,
741 1432 835 1485 καὶ
870 1430 1032 1502 μέχρι
1058 1428 1154 1484 τοῦ
1183 1428 1342 1502 δεῦρο
1362 1468 1377 1491 ,
1407 1429 1484 1492 ὡς
1512 1429 1644 1500 ὁρᾷς
1663 1466 1677 1493 ,
1708 1428 1839 1483 ἀνα-

270 1525 459 1577 στατεῖ
497 1522 624 1584 τοὺς
652 1520 860 1593 ὄχλους.
909 1520 1088 1593 Αὐτὴν
1118 1521 1176 1575 δὲ
1206 1521 1306 1592 τὴν
1340 1520 1558 1590 Ἑλένην
1589 1519 1698 1573 ἀπὸ
1727 1520 1835 1573 τῶν

266 1614 532 1668 ἀνωτάτω
554 1614 597 1645 ³³
631 1612 874 1685 οὐρανῶν
900 1612 1312 1683 κατενηνοχέναι
1338 1612 1487 1680 λέγει
1517 1611 1595 1683 τῷ
1622 1611 1831 1682 κόσμῳ,

1944 476 2178 532 transire
2204 491 2219 529 :
2246 488 2410 544 super
2441 489 2551 544 quo
2577 471 2987 544 obstupefactus
3017 474 3309 533 Dositheus
3332 477 3410 532 ait
3436 479 3505 532 ad

1942 583 2067 625 eum
2095 586 2109 623 :
2136 566 2231 623 Dic
2254 566 2385 622 mihi
2417 566 2465 621 si
2492 575 2548 621 tu
2577 581 2638 623 es
2668 564 2855 633 Stans,
2891 575 2951 621 ut
2984 567 3205 624 adorem
3233 578 3304 625 te.
3336 570 3505 625 Cum-

1943 677 2052 731 que
2083 659 2269 717 Simon
2313 660 2709 730 respondisset,
2762 660 2876 732 Ego
2903 676 3044 728 sum,
3072 661 3381 731 Dositheus,
3423 663 3508 718 vi»

1940 757 2076 814 dens
2099 772 2158 813 se
2187 772 2295 811 non
2321 771 2442 811 esse
2468 755 2738 821 Stantem,
2769 755 2963 811 cecidit
2986 764 3038 811 et
3072 755 3317 811 adoravit
3344 772 3500 824 eum;

1940 862 2103 923 atque
2131 852 2193 927 'in
2227 865 2511 905 numerum
2545 850 2735 920 viginti
2782 865 2973 905 novem
3018 848 3323 920 principum
3355 850 3504 906 viro~

1939 961 2062 1000 rum
2095 960 2157 1001 se
2213 943 2498 1014 dejiciens,
2538 944 2594 1000 in
2644 961 2767 999 eum
2800 944 2980 1000 locum
3017 944 3112 1014 qui
3157 944 3207 999 ei
3247 944 3501 1013 opinione

1940 1040 2179 1095 tributus
2231 1038 2410 1093 fuerat
2448 1040 2732 1095 constituit
2780 1039 3059 1094 Simonem
3098 1056 3113 1094 :
3150 1038 3337 1108 sicque
3386 1052 3498 1092 non

1938 1136 2113 1191 multo
2152 1145 2274 1206 post
2312 1136 2624 1202 Dositheus,
2667 1136 2760 1191 illo
2796 1145 2993 1203 stante,
3034 1134 3151 1206 ipse
3178 1133 3497 1202 concidens,

1938 1230 2227 1287 defunctus
2249 1240 2355 1287 est.

1885 1368 1905 1387 ο
2004 1348 2175 1405 XXV.
2218 1348 2407 1405 Simon
2462 1365 2612 1413 vero,
2660 1357 2880 1419 accepta
2931 1347 3158 1414 Helena,
3185 1347 3411 1413 circuit;
3442 1356 3495 1402 et

1935 1457 2112 1513 usque
2138 1442 2204 1498 ad
2234 1459 2494 1513 praesens,
2536 1453 2595 1498 ut
2619 1442 2790 1511 vides,
2823 1444 3012 1499 turbas
3034 1443 3237 1513 decipit
3262 1457 3326 1497 ac
3348 1458 3497 1497 com-

1934 1542 2136 1589 movet.
2192 1533 2452 1591 Helenam
2498 1550 2627 1590 vero
2656 1533 2790 1590 dicit
2835 1534 2903 1591 de
2956 1536 3227 1606 supremis
3254 1535 3409 1590 ctelis
3439 1534 3495 1591 in

1934 1626 2219 1694 mundum,
2250 1626 2538 1682 deductam
2591 1625 2783 1693 fuisse,
2830 1636 2993 1698 atque
3041 1643 3160 1684 esse
3195 1627 3493 1692 dominam,

265 1706 468 1777 κυρίαν
501 1700 667 1759 οὖσαν
687 1745 701 1769 ,
738 1704 815 1768 ὼς
844 1706 1180 1777 παμμήτορα
1204 1705 1249 1738 ³³
1280 1705 1464 1757 οὐσίαν
1487 1706 1581 1758 καὶ
1619 1704 1830 1773 σοφίαν,

1933 1719 2090 1790 quasi
2116 1729 2440 1776 cunctorum
2474 1718 2792 1788 genitricem
2837 1720 3133 1776 essentiam
3181 1736 3247 1775 ac
3274 1720 3494 1790 sapien-

260 1792 331 1870 ἧς
362 1798 553 1850 ἕνεκεν
572 1837 587 1861 ,
618 1798 782 1869 φησὶν
804 1838 819 1861 ,
865 1796 1122 1868 Ἕλληνές
1161 1814 1220 1851 τε
1271 1797 1365 1851 καὶ
1400 1796 1662 1869 βάρϐαροι
1693 1797 1831 1869 ἐμαι-

261 1889 495 1960 χέσαντο
514 1929 529 1952 ,
564 1890 745 1943 είκόνα
779 1890 1171 1959 φαντασθέντες
1202 1890 1455 1961 ἀληθείας
1477 1888 1613 1960 (48)⁶
1658 1890 1693 1961 ἡ
1723 1890 1837 1962 γὰρ

261 1982 439 2046 ὅντως
485 1976 617 2036 οὖσα
649 1981 770 2036 τότε
803 1981 954 2053 παρὰ
985 1982 1064 2054 τῷ
1108 1983 1398 2054 πρωτίστῳ
1431 1983 1645 2054 ὑπῆρχε
1691 1980 1830 2051 Θεῷ.

260 2071 413 2145 Πλὴν
459 2074 681 2128 τοιαῦτά
728 2092 848 2127 τινα
903 2074 1229 2145 Ἑλληνικοῖς
1286 2073 1476 2146 μύθοις
1522 2071 1832 2143 συμπέπλα-

260 2166 441 2237 σμένα
461 2165 698 2229 πιθανῶς
719 2165 1034 2237 ἀλληγορῶν
1049 2166 1235 2236 ἀπατᾷ
1255 2164 1479 2227 πολλοὺς
1498 2202 1513 2226 ,
1540 2162 1832 2233 ἐξαιρέτως

257 2257 435 2316 πολλὰ
456 2258 732 2329 τερατώδη
755 2258 1031 2330 θαυμάσια
1063 2257 1261 2319 ποιῶν,
1304 2256 1380 2319 ὡς
1400 2256 1449 2307 εί
1497 2255 1571 2326 μὴ
1610 2255 1831 2326 ᾔδειμεν

256 2351 341 2403 δτι
374 2351 580 2421 μαγείᾳ
611 2348 785 2402 ταῦτα
818 2351 991 2413 ποιεῖ,
1021 2342 1385 2418 ἠπατήθημεν
1424 2345 1491 2399 ἂν
1532 2345 1625 2398 καὶ
1656 2344 1827 2397 αὐτοί.

269 2442 412 2497 Ἀλλ’
453 2441 637 2510 ἐπειδὴ
678 2441 930 2511 συνεργοὶ
969 2438 1134 2492 αὐτοῦ
1167 2433 1310 2508 ἦμεν
1345 2436 1406 2489 τὸ
1450 2435 1728 2506 καταρχὰς
1762 2434 1827 2500 ³⁸,

252 2537 347 2590 ὅτε
380 2534 453 2587 τά
477 2532 701 2587 τοιαῦτα
729 2531 897 2586 ποιῶν
942 2532 1002 2583 τὸ
1038 2531 1137 2601 τῆς
1170 2528 1476 2591 θεοσεϐείας
1520 2528 1619 2582 οὐκ
1653 2527 1828 2597 ἠδίκει

258 2627 457 2699 μέρος,
492 2624 588 2680 νῦν
615 2626 718 2697 61
751 2626 842 2678 ὅτε
872 2623 1187 2693 πολυμανὴς
1208 2622 1253 2653 ³⁸
1285 2620 1411 2680 τοὺς
1451 2623 1509 2674 έν
1551 2619 1828 2695 θεοσεϐείᾳ.

254 2719 477 2791 ἀπατᾷν
498 2718 543 2750 ³⁸
576 2718 871 2788 ἐπιχειρεῖν
903 2714 1105 2787 ἤρξατο
1123 2753 1137 2773 ,
1163 2712 1477 2783 ἀπέστημεν
1508 2710 1693 2765 αὑτοῦ.

326 2917 518 2973 XXVI.
558 2916 668 2971 Καὶ
689 2916 796 2988 γὰρ
821 2917 1118 2987 μιαιφονεῖν
1134 2914 1352 2985 ἤρξατο,
1371 2914 1446 2977 ὼς
1472 2912 1631 2977 αὐτὸς
1654 2913 1732 2967 ἔτι
1749 2914 1826 2977 ὡς

254 3009 408 3084 φίλος
423 3010 468 3042 ³⁷
502 3010 673 3079 φίλοις
698 3007 955 3080 ἐξέφηνεν
967 3008 1033 3072 ³⁸,
1054 3008 1135 3061 an
1152 3006 1361 3062 παιδίου
1380 3007 1556 3080 ψυχὴν
1579 3006 1672 3061 τοῦ
1696 3005 1822 3060 ίδίου
1847 3037 1894 3098 c

256 3103 510 3175 σώματος
535 3102 775 3173 χωρίσας
795 3101 1123 3172 ἀπορρήτοις
1167 3101 1366 3171 ὅρκοις,
1404 3100 1659 3172 συνεργὸν
1688 3098 1825 3170 πρὸς

252 3197 351 3269 τὴν
380 3196 495 3250 τῶν
528 3194 677 3266 αὑτῷ
715 3194 1012 3249 δοκούντων
1042 3192 1355 3261 φαντασίαν,
1388 3194 1479 3246 τὸν
1512 3194 1569 3247 δέ
1589 3193 1634 3225 ³⁹
1662 3192 1826 3246 παῖδα

252 3288 565 3360 διαγράψας
595 3288 687 3341 ἐπὶ
720 3286 925 3349 εἰκόνος
948 3325 964 3350 ,
1013 3285 1271 3356 ἐνδοτέρῳ
1308 3286 1442 3355 οίκῳ
1488 3286 1619 3337 ὅπου
1663 3284 1825 3347 αὐτὸς

254 3382 412 3436 ὑπνοῖ
447 3380 873 3449 ἀνατεθειμένην
903 3378 1037 3449 ἔχει,
1083 3377 1305 3447 φάσκων
1329 3415 1345 3442 ,
1391 3377 1521 3431 ποτὲ
1550 3377 1735 3431 τοῦτον
1763 3376 1821 3444 ἐξ

253 3473 412 3547 ἀέρος
440 3475 658 3536 πλάσας
673 3472 717 3505 ⁸⁸
749 3471 919 3534 θείαις
950 3473 1177 3542 τροπαῖς
1204 3471 1298 3524 καὶ
1325 3470 1386 3523 τὸ
1414 3467 1551 3533 εἶδος
1581 3470 1821 3542 ἀναγρά-

248 3565 359 3635 ψας
392 3563 799 3620 ἀποδεδωκέναι
819 3563 863 3595 ⁸⁸
904 3562 1065 3616 πάλιν
1110 3561 1189 3632 τῷ
1218 3561 1356 3633 ἀέρι.
1389 3562 1500 3632 Τὴν
1527 3562 1582 3615 δὲ
1627 3564 1824 3634 πρᾶξιν

249 3656 547 3730 ἑρμηνεύει
569 3655 741 3719 οὕτως
767 3653 1138 3725 πεποιηκέναι.
1154 3653 1375 3725 Πρῶτον
1394 3652 1456 3706 τὸ
1471 3655 1517 3685 ⁸²
1537 3654 1821 3726 ἀνθρώπου

250 3748 476 3821 πνεῦμα
502 3749 666 3818 λέγει,
695 3746 903 3817 τραπὲν
928 3748 1007 3809 είς
1035 3745 1239 3817 θερμὴν
1269 3745 1447 3814 φύσιν,
1470 3746 1561 3799 τὸν
1581 3748 1823 3818 περικεί-

256 3858 414 3916 μενον
442 3840 595 3911 αὐτῷ
632 3841 823 3903 σικύας
850 3839 1007 3910 δίκην
1038 3837 1477 3909 ἐπισπασάμενον
1503 3842 1755 3909 συμπιεῖν
1777 3840 1822 3873 ⁸³

251 3935 413 4005 ἀέρα,
440 3929 563 3989 εἶτα
594 3932 803 3987 ἔνδοθεν
832 3934 934 4005 τῆς
978 3928 1074 3985 τοῦ
1102 3929 1408 4001 πνεύματος
1440 3930 1580 3995 ίδέας
1598 3931 1644 3963 ⁵⁸
1668 3932 1819 4001 γενό‹

257 4044 415 4097 μενον
456 4026 619 4080 αὑτὸν
659 4025 854 4098 τρέψαι
887 4025 966 4088 είς
1012 4023 1175 4094 ὕδωρ·
1219 4023 1323 4075 ὑπὸ
1352 4022 1410 4076 δέ
1440 4023 1541 4094 τῆς
1575 4022 1621 4058 ι’
1664 4040 1817 4080 συνερ

252 4118 404 4188 χείας
432 4116 531 4171 τοῦ
560 4117 864 4188 πνεύματος
891 4115 1117 4187 χυθῆναι
1153 4115 1226 4185 μὴ
1267 4114 1560 4184 δυνάμενον
1581 4154 1596 4177 ,
1626 4116 1705 4178 είς
1731 4115 1816 4169 at-

257 4226 423 4279 ματος
453 4208 616 4278 φύσιν
649 4207 1007 4279 μετατρέπειν
1031 4206 1235 4275 ἔφασκε
1278 4204 1368 4257 τὸν
1399 4204 1456 4258 ἐν
1482 4203 1630 4276 αὐτῷ
1658 4205 1814 4276 ἀέρα,

1935 1811 2063 1866 tiam
2100 1830 2114 1868 :
2144 1827 2244 1882 pro
2289 1827 2419 1881 qua,
2451 1811 2646 1882 inquit,
2678 1809 2851 1867 Graeci
2885 1820 2938 1866 et
2978 1812 3195 1867 barbari
3238 1812 3495 1866 conﬂixe-

1930 1911 2079 1968 runt,
2113 1902 2404 1974 imaginem
2426 1904 2733 1972 ,Opinantes
2759 1904 3038 1970 veritatis;
3071 1918 3193 1974 qua:
3226 1903 3370 1957 enim
3401 1919 3491 1956 re-

1931 2008 2057 2049 vera
2084 2001 2187 2059 est,
2218 2002 2348 2049 tunc
2368 1994 2510 2064 apud
2546 1995 2698 2049 illum
2731 1995 2970 2065 primum
3001 1995 3246 2049 omnium
3281 1995 3494 2049 habita-

1930 2084 2024 2139 bat
2046 2083 2241 2140 Deum.
2272 2084 2339 2139 Et
2361 2086 2476 2141 haec
2506 2095 2669 2156 atque
2695 2087 2803 2142 alia
2839 2087 2924 2142 his
2950 2087 3171 2151 similia,
3199 2104 3267 2142 ex
3290 2085 3494 2141 Graecis

1930 2174 2133 2231 fabulis
2162 2176 2414 2240 conficta,
2441 2176 2870 2247 persuasibiliter
2892 2176 3493 2247 interpretans,decipit
3552 2245 3564 2256 .

1929 2268 2169 2323 multos:
2200 2284 2326 2323 cum
2367 2269 2639 2339 praecipue
2672 2270 2799 2323 edat
2841 2270 3011 2323 multa
3042 2270 3352 2339 prodigiosa
3384 2268 3491 2321 mi-

1929 2360 2151 2427 racula;
2180 2360 2255 2414 ita
2306 2370 2384 2424 ut,
2413 2360 2516 2415 nisi
2572 2361 3040 2430 cognovissemus,
3087 2360 3178 2414 illa
3221 2374 3345 2413 eum
3395 2375 3493 2429 per

1929 2453 2161 2521 magiam
2220 2451 2448 2519 eﬂicere,
2477 2451 2579 2522 ipsi
2639 2465 2857 2521 quoque
2905 2450 3198 2506 fuissemus
3256 2449 3486 2519 decepti.

1928 2544 2077 2601 Illius
2107 2545 2358 2615 equidem
2388 2545 2667 2614 adjutores
2695 2544 2962 2614 principio
2989 2560 3228 2607 eramus,
3247 2542 3488 2612 quando,

1926 2636 2030 2692 ista
2063 2636 2288 2702 faciens,
2315 2635 2595 2706 religionis
2622 2645 2803 2707 partes
2833 2635 3031 2704 injuria
3056 2651 3162 2690 non
3193 2634 3484 2690 afﬁciebat.

1925 2726 2046 2782 Jam
2080 2744 2231 2795 vero,
2260 2744 2385 2783 cum
2407 2743 2643 2783 vesanus
2678 2728 2843 2798 cwpit
2876 2729 3159 2799 imponere
3186 2726 3325 2782 velle
3355 2727 3488 2782 viris

1923 2821 2217 2890 religiosis,
2249 2820 2317 2874 ab
2350 2834 2416 2874 eo
2447 2819 2795 2875 recessimus.

1993 2910 2185 2967 XXVI.
2218 2910 2430 2966 Etenim
2458 2911 2602 2967 caede
2634 2926 2694 2966 sc
2724 2912 3014 2981 inquinare
3040 2922 3312 2983 coeperat;
3345 2914 3488 2969 sicut

1925 3003 2043 3075 ipse
2091 3004 2273 3059 adhuc
2320 3003 2514 3058 amicis
2562 3003 2720 3058 nobis
2769 3003 2917 3057 velut
2958 3005 3169 3059 amicus
3206 3006 3484 3074 patefecit,

1926 3098 2071 3168 quod
2104 3113 2228 3153 cum
2279 3096 2434 3166 pueri
2464 3095 2702 3149 animam
2736 3110 2765 3148 a
2804 3094 3025 3163 proprio
3054 3111 3282 3165 corpore
3328 3113 3487 3167 sepa-

1926 3198 2103 3247 rassct
2129 3188 2367 3243 infandis
2395 3186 2820 3257 adjuramentis,
2869 3184 3107 3241 futuram
3162 3188 3483 3256 adjutricem

1925 3282 1994 3338 ad
2026 3296 2217 3337 eorum
2247 3296 2369 3351 quae
2398 3280 2512 3350 ipse
2554 3279 2717 3334 vellet
2745 3279 3277 3349 reprmsentationem
3301 3321 3316 3345 ,
3346 3297 3483 3351 pue-

1923 3388 2099 3442 roque
2142 3372 2196 3427 in
2240 3372 2476 3443 imagine
2505 3370 2779 3426 delineato
2804 3410 2819 3435 ,
2849 3378 3219 3425 consecratam
3263 3371 3487 3427 haberet

1921 3465 2220 3546 imaginem
2249 3466 2303 3520 in
2332 3465 2447 3520 aede
2473 3463 2720 3518 interiori
2741 3503 2756 3527 ,
2782 3463 2873 3517 ubi
2920 3462 3035 3532 ipse
3066 3462 3323 3517 dormiret
3348 3481 3363 3518 :
3394 3464 3483 3518 di-

1925 3573 2056 3615 cens
2082 3573 2142 3613 se
2178 3556 2471 3627 aliquando
2503 3555 2650 3611 hunc
2692 3570 2758 3609 ex
2788 3570 2915 3610 aere
2957 3554 3248 3621 formasse,
3282 3553 3482 3611 divinis

1923 3651 2407 3717 conversionibus,
2448 3659 2523 3715 et,
2555 3648 2791 3718 imagine
2832 3648 2953 3717 ejus
2993 3647 3241 3717 depicta,
3287 3662 3483 3704 rursus

1924 3742 2037 3798 aeri
2068 3742 2391 3797 reddidisse.
2425 3740 2557 3797 Rem
2585 3756 2712 3795 vero
2743 3741 2815 3795 ita
2850 3740 3047 3795 factam
3074 3741 3479 3808 interpretatur.

1923 3834 2013 3889 Ait
2045 3833 2188 3903 quod
2214 3834 2390 3904 primo
2410 3833 2649 3888 hominis
2674 3833 2920 3903 spiritus,
2940 3846 3131 3886 versus
3152 3832 3206 3886 in
3230 3841 3480 3886 naturam

1922 3926 2109 3994 calidi,
2136 3926 2579 3982 circumstantem
2614 3940 2792 3980 aerem
2811 3967 2825 3992 ,
2855 3926 2997 3980 sicut
3032 3924 3371 3979 cucurbitula
3400 3923 3482 3977 fa-

1921 4021 2015 4088 cit,
2047 4028 2340 4075 attractum
2389 4019 2635 4075 imbibit:
2672 4034 2832 4088 quem
2864 4018 3058 4074 deinde
3086 4020 3227 4073 intra
3255 4020 3481 4089 spiritus

1896 4111 2154 4173 .formam
2178 4112 2415 4183 positum
2447 4112 2561 4180 ipse
2584 4110 2771 4165 Simon
2805 4110 2857 4164 in
2885 4126 3079 4180 aquam
3106 4111 3299 4178 vertit;
3326 4128 3481 4166 cum-

1924 4221 2030 4276 que
2065 4221 2159 4260 aer
2202 4205 2255 4259 in
2288 4204 2482 4273 spiritu
2513 4204 2821 4258 consistens
2852 4202 2921 4256 ob
2950 4202 3172 4272 spiritus
3200 4203 3478 4258 continui-

253 4299 314 4353 τὸ
343 4301 400 4355 δὲ
427 4294 569 4373 αἷμα
604 4299 781 4371 πῆξαν
826 4299 925 4363 τὰς
969 4298 1176 4370 σάρκας
1223 4297 1462 4368 ποιῆσαιο
1512 4292 1608 4350 εἶθ’
1650 4295 1821 4359 οὕτως

1929 4304 2089 4353 tatem
2121 4297 2323 4353 effundi
2366 4304 2632 4367 nequeat,
2664 4295 2913 4350 eumdem
2954 4296 3219 4352 convertit
3258 4297 3314 4350 in
3354 4312 3480 4351 san-

1509 4473 1743 4534 VARIA‘S
1808 4474 2206 4532 LECTlONES.

323 4639 368 4709 ν’
386 4637 578 4693 τούτου
624 4642 687 4694 0.
761 4639 806 4671 "
824 4633 877 4694 εί
905 4651 1015 4709 om.
1045 4636 1123 4709 υζ
1186 4635 1323 4709 '°__lta
1361 4634 1432 4709 O_,
1459 4651 1509 4693 c.
1539 4634 1622 4709 5.,
1651 4634 2037 4709 προσκύνωρ.
2113 4633 2154 4666 ³⁸
2174 4633 2531 4709 Ξιεριέρχεῖαι
2569 4633 2631 4709 C.
2708 4635 2752 4668 "
2773 4636 3060 4709 ἀνωτάτων
3093 4637 3153 4709 (2.
3232 4636 3276 4673 ³⁸
3302 4635 3378 4709 Ita
3410 4636 3473 4709 Ι),

255 4708 591 4789 suffragante
610 4710 651 4764 Ο
679 4749 694 4773 ,
722 4706 1148 4789 παμμητέραὴῼ.
1200 4702 1615 4789 Δ³¹ξκατνάρχάς
1789 4706 1835 4738 ³⁸
1872 4705 1947 4759 lta
1979 4704 2039 4772 S,
2068 4718 2131 4789 ex
2166 4702 2305 4774 Epit.
2331 4702 2877 4789 ⁷27ξηπολυμανείς
2902 4706 2943 4761 C
2981 4747 2996 4770 ,
3196 4706 3385 4789 μανείς
3412 4708 3474 4761 Ο.

254 4774 530 4849 ἐἅπαῖιᾷν
557 4782 617 4844 0,
643 4795 692 4834 c.
723 4779 784 4840 C,
803 4774 1034 4849 ἀπατῷν
1058 4775 1120 4831 Cl
1165 4776 1283 4849 etS
1312 4777 1451 4849 ,Aqui
1475 4774 1848 4849 conjecturam
1875 4791 2028 4849 suam
2068 4774 2120 4826 in
2147 4774 2469 4849 recensione
2490 4774 2828 4849 coteleriana
2858 4777 2968 4849 jam
2997 4774 3299 4849 evulgatam
3325 4777 3474 4849 inve-

255 4848 373 4903 nire
396 4848 680 4916 potuisset.
755 4849 796 4882 ³⁷
818 4848 894 4902 ὢν

255 4914 337 4953 ..τη
373 4916 524 4953 mn...-
547 4918 800 4953 ιεένηηυρ..
853 4918 892 4953 ς

252 4933 339 4970 osa

926 4846 1073 4927 φίλρς
1105 4841 1449 4927 scribendum
1482 4841 2039 4927 esséAconjectaverim
2063 4841 2371 4927 οιιὲρίιηο.
2400 4842 2507 4927 27':
2540 4844 2615 4907 ὡς
2657 4845 2818 4927 αυτὸς
2844 4841 2933 4927 ἐτι
2966 4841 3149 4927 φίλοις
3163 4843 3477 4927 -οιξσιηῦπμῖν

373 4912 524 4987 φίλος
547 4918 820 4987 ἐξέφανεν.
853 4918 912 4973 S.
939 4912 991 4950 ’³⁸
1008 4916 1085 4987 lla
1179 4956 1194 4980 ,
1216 4916 1563 4987 tﬁéeavevc,
1583 4918 1643 4987 ο.
1666 4986 1677 4987 7
1709 4916 1752 4946 ³⁹
1768 4915 1825 4987 δέ
1853 4930 1961 4987 om.
2000 4919 2062 4966 0.
2131 4912 2181 4987 ξ’
2194 4913 2581 4987 Fortasseleg.
2608 4914 2816 4987 πλάσαι
2844 4916 2900 4970 S.
2967 4912 3019 4987 A“
3048 4913 3179 4987 Post
3209 4916 3370 4970 ἀποδε

252 4981 407 5058 κέναι
450 4986 490 5040 C
551 4981 677 5044 exh".
730 4988 897 5058 λέγει,
925 4986 1078 5058 quod
1094 4986 1236 5058 ejeci
1254 4981 1302 5042 ὸ.
1322 4981 1419 5058 Ὀ.-
1470 4985 1620 5058 ’ζ’τοῦ
1642 4985 1811 5058 0,(ιυὶ
1842 4985 2095 5058 deinceps
2126 4981 2348 5058 θερμορ.
2422 4981 2467 5015 ⁵³
2492 4982 2567 5037 lla
2598 4983 2642 5039 Ο
2670 4994 2724 5038 et
2760 5001 2828 5040 ex
2858 4984 3085 5058 conject.
3119 4985 3159 5041 (Ι
3191 5028 3205 5050 ,
3244 4990 3476 5058 συμπεῖν

254 5056 328 5113 Μ.
352 5056 603 5113 intextu.
676 5059 721 5090 “
741 5050 915 5123 είδέας
941 5050 1010 5112 Ὁ.
1037 5050 1176 5110 Tum
1204 5055 1242 5109 S
1290 5054 1452 5109 αὐτόν
1472 5054 1527 5110 in
1555 5050 1805 5110 versione
1836 5055 1972 5108 falso
2009 5050 2174 5107 refert
2192 5050 2594 5123 ’a'd‘Simonem,
2632 5069 2755 5107 cum
2792 5050 3131 5123 referendum
3174 5057 3245 5113 sit
3281 5050 3347 5110 ad
3384 5072 3473 5111 aco

252 5142 387 5211 rem.
420 5124 601 5212 quare
635 5127 834 5185 frustra
859 5120 1100 5199 conjicit,
1124 5125 1472 5183 scribendum
1498 5140 1619 5183 esse
1643 5125 1783 5180 infra
1813 5124 2058 5197 πήξαντα
2096 5137 2149 5192 p.
2182 5120 2374 5194 πῆξαν.
2450 5122 2608 5195 “cii;
2653 5124 2832 5180 addidi
2874 5142 2923 5181 c.
2967 5122 3030 5180 Ο.
3064 5124 3201 5181 Tum
3245 5129 3325 5190 είς
3352 5127 3471 5196 αἴμ.

252 5196 409 5265 φύσιν
441 5197 501 5250 C.

1544 5274 1908 5334 VARIORUM
1946 5278 2178 5338 NOTAE.

2008 5394 2015 5409 I

322 5425 436 5495 (ιδ)
476 5421 681 5478 Allttdit
721 5427 906 5502 noster
948 5420 1013 5476 ad
1060 5433 1249 5475 eorum
1293 5413 1654 5500 sententiam,
1706 5415 1799 5497 qui
1908 5416 1967 5468 ὲν
1993 5417 2176 5499 Τροία.
2193 5416 2517 5501 Στησίχορός
2549 5438 2680 5547 mat
2714 5422 2963 5492 γενέσθαι
2996 5442 3119 5497 περι
3169 5424 3367 5495 άχητον
3422 5427 3481 5480 ἀ-

324 5514 354 5547 ιι
396 5495 677 5547 llelenam.
708 5492 804 5547 sed
833 5507 951 5547 eius
982 5491 1247 5545 duntaxat
1299 5501 1590 5547 imaginem
1624 5482 1802 5547 Trolze
1906 5486 2060 5547 γνοία
2084 5504 2178 5543 του
2206 5489 2507 5547 ἀληθουςῙ.
2583 5492 2594 5507 '
2636 5502 2708 5547 χι.
2757 5493 2910 5547 Emn.
2958 5496 3081 5547 adv.
3116 5443 3306 5547 ﬁatut.
3350 5512 3424 5547 vn
3461 5535 3476 5547 .

250 5482 354 5549 non
396 5482 677 5553 Helenam,
708 5492 804 5547 sed
833 5490 951 5559 ejus
982 5491 1247 5571 duntaxat
1299 5485 1590 5568 imaginem
1624 5482 1802 5568 Troia:
1906 5482 2060 5557 γνοίᾲ
2084 5482 2178 5543 τοῦ
2206 5482 2509 5572 ἀλήθὸὕξ],
2560 5482 2910 5564 Βὸχι.Ἐιιψ.
2958 5482 3081 5551 adv.
3116 5482 3164 5547 Μ

253 5566 419 5612 fuisse
451 5570 782 5612 statuerunt.
824 5576 947 5612 cum
981 5559 1150 5612 Gram
1182 5558 1508 5612 barbanuue
1540 5556 1643 5612 Stbt
1675 5570 1797 5607 mu-
1907 5556 2152 5612 180.255
2175 5570 2230 5612 et
2252 5560 2571 5612 Barnesuum
2593 5563 2658 5612 ad
2683 5563 2867 5612 Enrin.
2888 5563 3002 5612 Hel-
3028 5583 3080 5612 ν-
3106 5566 3169 5612 35

1907 5560 2152 5620 180,255
2175 5570 2230 5615 et
2252 5560 2571 5617 Barnesium
2593 5563 2658 5617 ad
2683 5560 2870 5634 Euripi
2888 5563 3002 5619 Hel.
3028 5583 3080 5619 v.
3106 5566 3193 5619 55.
3222 5565 3285 5622 D.
3308 5565 3422 5619 Add
3449 5579 3480 5620 ο

1906 5626 2089 5707 Schol.
2117 5629 2182 5682 ad
2216 5628 2481 5707 liycophr.
2510 5649 2561 5686 ν.
2592 5634 2712 5701 115,
2745 5644 2796 5692 et
2826 5636 3047 5707 interpr.
3074 5636 3139 5692 ad
3171 5635 3366 5694 κει-ού.
3396 5652 3457 5697 ιι.

253 5566 419 5621 fuisse
451 5570 782 5627 statuerunt,
824 5556 947 5615 cum
981 5559 1150 5615 Graeci
1182 5556 1508 5627 barbarique
1540 5556 1643 5627 sibi
1675 5570 1797 5627 [nu-

253 5643 393 5702 tuas,
433 5635 551 5702 ejus
583 5624 965 5702 causa,clad‘es
989 5629 1251 5702 facerent.
1270 5624 1793 5702 VidA.APlat._De_Reg.

3170 5496 3306 5551 altlt.
3350 5512 3424 5551 vr:
3461 5535 3476 5560 ,

222 5747 229 5756 .
260 5717 337 5766 Ix,
372 5695 522 5773 [583,
544 5705 616 5759 (ἐς
649 5695 834 5776 ὥσπερ
863 5700 924 5754 τὸ
953 5699 1052 5768 τῆς
1089 5699 1302 5769 Ἑλένης
1334 5697 1545 5751 εἴδωλον
1568 5696 1671 5751 ὑπο
1698 5695 1803 5750 τῶν
1916 5696 2016 5752 112
2046 5713 2197 5769 seqq.
2232 5695 2289 5758 S.
2323 5695 2580 5759 D'nsssst.
