3970 6148
489 268 558 322 93
1296 263 1352 320 S.
1392 261 1827 329 CLEMENTIS,I
1854 263 2017 322 ROM.
2055 262 2251 322 ΡΟΝΤ.
2284 263 2512 321 OPERA
2539 261 2764 322 DUBIA.
3643 269 3726 326 oo

494 379 714 452 guinem
755 394 774 434 τ
827 385 880 432 et
921 392 987 435 ex
1041 377 1305 448 sanguine
1335 385 1591 434 concreto
1632 393 1852 434 carnem
1885 378 2050 447 fecit;

2154 377 2253 450 τῆς
2281 377 2480 450 σαρκὸς
2508 377 2794 449 παγείσης,
2822 371 3106 449 ἄνθρωπον
3125 374 3226 431 οὐκ
3247 377 3356 434 ἀπὸ
3373 377 3496 451 γῆς,
3522 379 3654 436 ἀλλά
3679 383 3731 415 ⁸⁸

492 474 679 540 sicque
704 478 890 540 postea
914 484 1080 524 carne
1107 469 1364 536 solidata,
1390 469 1665 524 hominem
1688 484 1796 524 non
1827 484 1859 526 ε
1889 478 2050 537 terra.

2155 468 2216 536 ἐξ
2247 469 2406 542 ἀέρος
2433 468 2721 534 ἀναδεῖξαι.
2752 469 2862 522 Καὶ
2894 467 3065 533 οὕτως
3095 468 3287 534 ἑαυτὸν
3318 469 3512 535 πείσας
3538 471 3731 526 καινὸν

491 566 584 618 sed
615 577 681 617 ex
711 576 836 616 aere
885 559 1128 630 protulit.
1167 560 1348 630 Atque
1397 560 1544 617 hunc
1593 560 1648 616 in
1685 561 1907 616 modum
1951 562 2050 617 sibi

2154 560 2437 634 ἄνθρωπον
2454 563 2562 634 62
2580 561 2836 617 δύνασθαι
2861 561 3104 632 ποιῆσαι,
3123 560 3220 628 τὰς
3244 562 3450 636 τροπὰς
3475 564 3728 620 ἀναλύων

487 653 825 724 persuadens
862 651 1106 722 potuisse
1128 667 1169 709 λ
1206 667 1266 708 se
1303 651 1482 708 creari
1522 667 1723 708 novum
1757 652 2050 722 hominem,

2154 653 2315 708 πάλιν
2359 653 2757 709 ἀποδεδωκέναι
2795 653 2946 724 ἔλεγε
2975 653 3054 726 τῷ
3095 653 3236 726 ἀέρι.
3271 655 3380 710 Καὶ
3407 653 3578 710 ταῦτα
3620 655 3726 727 μὲν

482 745 558 799 nil.
601 760 661 800 se
685 759 808 798 eum
833 783 846 806 ,
886 742 1140 797 resolutis
1183 743 1666 812 conversionibus,
1693 760 1912 800 rursum
1942 744 2050 800 acri

2154 746 2330 810 ἀλλοις
2360 745 2530 816 λέγων
2574 745 2907 811 ἐπιστεύετο,
2940 745 3032 816 ὑφ’
3073 746 3232 818 ἡμῶν
3261 747 3319 801 δέ
3347 746 3458 801 τῶν
3489 747 3582 806 ἐπὶ
3625 764 3723 801 τε-

483 834 810 891 reddidisse.
846 834 978 901 Qua:
1028 851 1153 890 cum
1195 835 1325 894 aliis
1371 837 1608 903 diceret,
1639 837 1992 904 credebatur;
2022 852 2050 892 a

2154 835 2280 909 λετῇ
2308 838 2698 912 συμπαρόντων
2725 836 2961 901 εὐσεϐῶς
2997 837 3290 907 ἠπιστεῖτο.
3324 837 3436 904 Διὸ,
3467 837 3722 904 ἀσεϐείας

491 927 648 982 nobis
680 942 830 990 vero,
863 926 956 995 qui
985 925 1337 983 adfueramus
1362 927 1483 997 ejus
1510 928 1806 999 mysteriis,
1830 928 1917 998 pie
1944 942 2050 982 non

2154 911 2530 1000 καταγνόντες,
2563 929 2880 1001 ἀπέστημεν
2900 928 3073 991 ,αὐτοῦ
3093 929 3156 985 ⁸⁷.

492 1020 834 1075 credebatur.
868 1020 1226 1088 Quapropter,
1250 1019 1530 1086 damnata,
1554 1017 1833 1090 impietate
1861 1018 2053 1076 abces-

497 1109 669 1166 slmus
701 1111 770 1165 ab
793 1125 878 1164 eo.

563 1199 778 1254 XXVII.
822 1198 945 1256 IIaze
983 1215 1105 1255 cum
1136 1199 1330 1270 Aquila
1357 1199 1604 1268 dixisset,
1631 1201 1799 1258 frater
1817 1203 1936 1274 ejus
1962 1202 2050 1258 Ni-

2221 1213 2432 1269 XXVII.
2449 1213 2630 1268 Ταῦτα
2649 1211 2743 1267 τοῦ
2770 1211 2966 1267 Ἀκύλα
2983 1210 3243 1277 εἰπόντος,
3261 1211 3289 1264 ὁ
3307 1210 3532 1281 ἀδελφὸς
3551 1210 3719 1266 αὑτοῦ

493 1304 641 1349 cetas
671 1295 784 1347 ait:
831 1291 1062 1348 Necesse
1111 1301 1196 1348 est
1218 1333 1234 1359 ,
1268 1292 1436 1347 frater
1457 1306 1644 1350 noster
1683 1296 1956 1364 Clemens,
1990 1313 2050 1353 ea

2154 1307 2396 1378 Νικήτης
2420 1305 2545 1378 ἔφη·
2589 1305 2908 1376 Ἀναγκαῖόν
2939 1305 3105 1369 ἐστιν,
3147 1303 3342 1374 ἀδελφέ
3376 1303 3531 1374 ἡμῶν
3567 1303 3720 1376 Κλή-

493 1400 581 1438 me
599 1399 1048 1449 commemorare,
1073 1399 1192 1454 quae
1212 1385 1281 1438 ab
1304 1385 1498 1454 Aquila
1518 1388 1880 1456 praetermissa
1907 1397 2050 1446 sunt.

2157 1416 2292 1472 μης,
2325 1399 2392 1453 τὰ
2436 1399 2869 1470 παραλειφθέντα
2901 1395 2980 1466 τῷ
3024 1395 3223 1468 Ἀκύλᾳ
3256 1396 3354 1468 ἐμὲ
3386 1395 3720 1467 ὑπομνῆσαι.

493 1474 677 1529 Primo
707 1476 960 1546 equidem
994 1475 1136 1532 Deus
1173 1478 1326 1532 testis
1364 1485 1468 1545 est,
1500 1493 1601 1534 nos
1631 1480 1684 1533 in
1718 1481 1866 1534 nullo
1892 1495 2050 1550 opere

2154 1491 2375 1562 Πρῶτον
2409 1491 2504 1562 μὲν
2526 1490 2633 1561 γάρ
2659 1488 2866 1561 μάρτυς
2883 1491 2910 1543 ό
2938 1489 3088 1554 Θεδς,
3112 1490 3186 1554 ῶς
3215 1489 3365 1543 οὐδὲν
3390 1488 3537 1560 αύτῷ
3558 1491 3725 1559 ἡμεῖς

495 1567 664 1637 impio
691 1584 814 1622 eum
853 1568 1126 1638 adjuvisse
1148 1610 1162 1634 ,
1189 1569 1281 1624 sed
1304 1608 1320 1634 ,
1367 1570 1460 1625 illo
1511 1570 1747 1626 faciente
1767 1613 1782 1639 ,
1836 1581 2050 1627 tantum

2155 1582 2624 1654 συνειργασάμεθα
2659 1580 3014 1646 ἀσεϐὲς,·ἀλλ’
3040 1583 3142 1646 ὅτι,
3168 1580 3332 1635 αὐτοῦ
3365 1579 3724 1652 πράσσοντος,

493 1675 804 1729 spectasse;
843 1670 897 1715 et
920 1660 1160 1730 quandiu
1191 1675 1353 1728 opera
1391 1661 1612 1717 innoxia
1653 1662 1874 1728 edebat,
1904 1663 2050 1717 dele-

2156 1675 2517 1747 ἱστορήσαμεν
2535 1675 2617 1707 ⁸⁸·
2651 1674 2741 1727 καὶ
2794 1673 2985 1746 μέχρις
3030 1673 3118 1726 ὅτε
3159 1673 3367 1745 ἀϐλαϐῆ
3397 1671 3562 1727 ποιῶν
3589 1673 3723 1725 ἐπε-

493 1751 774 1804 ctabamur
810 1766 940 1806 sane
978 1768 993 1818 ;
1045 1751 1263 1820 quando
1305 1761 1487 1806 autem
1535 1768 1656 1823 quae
1687 1769 1784 1824 per
1819 1756 2050 1826 magiam

2154 1766 2414 1829 δείκνυτο,
2438 1766 2532 1820 καὶ
2559 1765 2916 1836 ἐτερπόμεθα·
2941 1768 3029 1820 ὅτε
3060 1767 3118 1822 δέ
3148 1766 3216 1820 τά
3242 1765 3438 1837 μαγείᾳ
3463 1765 3728 1836 γινόμενα.

491 1843 710 1908 ﬁebant,
744 1858 838 1912 per
861 1843 1198 1898 divinitatem
1235 1859 1294 1899 se
1318 1844 1516 1912 facere,
1541 1847 1610 1901 ad
1637 1849 1758 1917 pios
1801 1849 2050 1908 homines

2154 1858 2447 1929 θειότητιδ⁹
2471 1861 2642 1913 ποιεῖν
2671 1857 2806 1929 πρὸς
2824 1857 3039 1930 ἀπάτην
3069 1856 3332 1912 θεοσεϐῶν
3359 1856 3561 1924 ἔλεγεν,
3591 1857 3722 1908 σύκ-

491 1933 860 2002 decipiendos,
886 1935 1046 1999 dixit,
1077 1950 1187 1989 non
1215 1936 1449 2005 amplius
1481 1953 1604 1992 eum
1635 1941 1780 2009 passi
1825 1956 2015 1996 sumus
2035 1982 2051 2009 ,

491 2025 744 2092 quamvis
775 2025 943 2080 multa
975 2025 1133 2084 nobis
1161 2028 1535 2096 promitteret;
1567 2031 1801 2098 primum
1831 2033 2052 2101 quidem

491 2113 609 2168 fore
638 2124 697 2169 ut
730 2117 988 2185 templum
1017 2117 1174 2172 nobis
1203 2126 1470 2173 etstatuae
1498 2120 1858 2192 erigerentur,
1888 2133 2054 2195 atque

407 2258 414 2266 ,
484 2205 564 2260 dii
592 2207 1052 2275 existimarentur,
1085 2217 1139 2264 et
1167 2225 1198 2264 a
1234 2211 1449 2280 populis
1473 2212 1800 2282 coleremur,
1827 2225 1879 2270 et
1909 2231 1940 2271 a
1969 2232 2054 2272 re-

490 2299 651 2368 gibus
685 2301 1194 2371 magnificaremur,
1243 2313 1406 2374 atque
1452 2303 1779 2361 donaremur
1821 2310 2052 2379 publicis

487 2389 820 2459 honoribus,
853 2408 952 2448 nec
984 2407 1095 2448 non
1136 2392 1348 2449 inﬁnita
1381 2394 1434 2448 vi
1480 2399 1724 2466 pecunias
1762 2399 2052 2457 ditescere-

560 2575 800 2632 XXVIII.
831 2577 975 2645 Haec,
997 2587 1052 2633 et
1075 2579 1179 2634 alia
1205 2595 1326 2650 quae
1349 2592 1610 2651 putantur
1631 2583 1861 2654 majora,
1894 2586 2054 2643 nobis

489 2668 870 2737 pollicebatur,
896 2671 1058 2725 modo
1083 2679 1144 2726 ut
1168 2687 1291 2726 cum
1315 2688 1382 2728 eo
1411 2673 1654 2730 viventes
1678 2691 1903 2745 pravum
1933 2679 2053 2748 ejus

495 2757 754 2812 molimen
778 2768 1106 2827 taceremus,
1137 2777 1246 2832 quo
1271 2762 1423 2818 fraus
1452 2764 1501 2818 ei
1533 2767 1843 2822 succederet
1870 2785 1884 2834 ;
1915 2777 2056 2825 atta-

489 2865 615 2903 meu
657 2852 864 2906 assensi
909 2868 1016 2907 non
1052 2869 1284 2908 sumus:
1329 2855 1574 2925 quinimo
1633 2859 1919 2914 consilium
1955 2862 2054 2918 de—

488 2940 695 3006 dimus,
743 2951 802 2996 ut
823 2942 892 2998 ab
933 2942 1036 2999 ista
1078 2945 1328 3000 vecordia
1358 2945 1664 3014 desisteret,
1693 2949 1934 3005 dicentes
1959 2954 2049 3008 ei:

2153 1950 2232 2005 έτι
2258 1951 2305 1984 ⁸ο
2358 1950 2522 2005 αὐτοῦ
2568 1949 2922 2021 ἠνεσχόμεθα,
2956 1951 3128 2004 καίτοι
3180 1948 3348 2003 πολλά
3390 1947 3722 2017 ἐπαγγελλο-

2156 2041 2317 2113 μένου
2348 2044 2507 2113 ήμῖν,
2540 2042 2754 2114 πρῶτον
2788 2043 2886 2113 μὲν
2933 2041 3058 2096 ναδν
3087 2041 3178 2095 καὶ
3209 2040 3530 2112 ἀνδριάντας
3563 2039 3724 2111 ἡμῶν

2153 2134 2743 2206 κατασκευασθῆναι⁸¹,
2775 2135 2868 2188 καὶ
2913 2134 3068 2198 θεοὺς
3098 2132 3447 2204 νομισθῆναι,
3482 2131 3578 2185 καὶ
3616 2130 3723 2184 ὑπὸ

2151 2226 2324 2298 ὄχλων
2356 2227 2817 2300 προσκυνηθῆναι,
2839 2229 2933 2282 καὶ
2955 2227 3058 2281 ὑπὸ
3087 2226 3348 2297 βασιλέων
3377 2225 3718 2295 δοξασθῆναι,

2153 2317 2246 2371 καὶ
2265 2318 2535 2389 δημοσίων
2561 2319 2734 2390 τιμῶν
2755 2317 3148 2388 καταξιωθῆναι
3177 2318 3270 2372 καὶ
3294 2318 3566 2390 χρήμασιν
3586 2317 3721 2370 ἀπε-

2154 2409 2444 2482 ριορίστοις
2475 2409 2793 2481 πλουτῆσαι.

2222 2582 2458 2640 XXVIII.
2497 2583 2682 2637 Ταῦτά
2708 2601 2766 2636 τε
2798 2583 2890 2636 καὶ
2921 2583 2990 2636 τά
3017 2580 3226 2645 τούτοις
3254 2580 3471 2652 μείζονα
3489 2579 3536 2612 ⁸³
3561 2597 3718 2651 νομι-

2152 2676 2353 2748 ζόμενα
2381 2678 2511 2748 ἡμῖν
2531 2675 2795 2746 ὑπέσχετο
2815 2675 2880 2737 ⁵³,
2917 2675 3072 2745 μόνον
3107 2675 3192 2728 ἵνα
3223 2673 3466 2736 συνόντες
3493 2673 3640 2743 αὐτῷ
3658 2673 3722 2727 τὸ

2152 2769 2252 2839 τῆς
2281 2768 2644 2840 ἐγχειρήσεως
2676 2767 2842 2820 κακὸν
2875 2765 3193 2838 σιωπῶμεν,
3225 2764 3309 2819 ἵνα
3341 2764 3487 2836 αύτῷ
3517 2764 3587 2818 τά
3617 2765 3722 2834 τῆς

2152 2861 2366 2931 ἀπάτης
2401 2859 2679 2931 προκόπτῃ
2702 2898 2718 2922 ,
2762 2859 2854 2912 καὶ
2885 2859 3033 2930 ὅμως
3078 2859 3140 2912 ού
3183 2855 3510 2929 συνεθέμεθα
3531 2893 3547 2922 ,
3580 2856 3723 2911 ἀλλά

2154 2953 2247 3005 καὶ
2278 2951 2440 3004 αὐτὸν
2475 2951 2582 3022 63
2634 2951 2731 3022 τῆς
2781 2949 3036 3022 τοιαύτης
3072 2949 3328 3012 ἀπονοίας
3375 2948 3640 3002 παύεσθαι
3675 2948 3726 2981 ⁵⁸

490 3031 622 3098 Nos,
649 3031 858 3100 Simon,
883 3034 1157 3103 amicitiae,
1189 3051 1352 3106 quam
1387 3045 1563 3093 tecum
1594 3055 1622 3093 a
1656 3041 1884 3110 pueritia
1917 3058 2050 3098 con-

2158 3043 2651 3114 συνεϐουλεύσαμεν
2675 3081 2689 3106 ,
2736 3042 2984 3111 λέγοντες
3030 3041 3198 3114 αὐτῷ·
3235 3043 3459 3112 Ἡμεῖς,
3497 3040 3682 3111 Σίμων
3708 3081 3724 3106 ,

488 3125 793 3193 traximus,
827 3141 1127 3195 memores,
1154 3137 1316 3199 teque
1362 3139 1626 3195 amantes,
1662 3133 1811 3187 utilia
1853 3149 2054 3190 consu-

489 3217 654 3272 limus
681 3235 695 3271 :
722 3233 875 3274 cessa
909 3219 978 3273 ab
1020 3218 1330 3290 hujusmodi
1374 3223 1566 3277 audaci
1615 3222 1886 3279 facinore:
1919 3227 2054 3283 deus

488 3325 610 3365 esse
645 3325 754 3364 non
789 3320 981 3381 potes;
1014 3312 1145 3368 time
1173 3328 1297 3368 eum
1341 3315 1432 3384 qui
1477 3331 1603 3370 vere
1649 3315 1791 3372 Deus
1818 3327 1929 3384 est;
1955 3332 2053 3372 co-

489 3417 687 3472 gnosce
717 3411 767 3458 te
781 3419 900 3460 esse
922 3405 1216 3474 hominem,
1250 3403 1516 3474 breveque
1538 3422 1658 3461 esse
1682 3416 1894 3477 tempus
1930 3411 2054 3464 vita:

489 3503 615 3549 ttae.
647 3493 968 3565 Quanquam
1016 3497 1306 3551 admodum
1355 3497 1595 3566 locuples
1633 3501 1718 3554 vel
1760 3501 1922 3554 etiam
1957 3517 2053 3557 rex

489 3587 717 3652 evadas,
736 3586 932 3653 exiguo
953 3587 1076 3640 vitae
1105 3588 1279 3657 spatio
1305 3603 1472 3658 pauca
1506 3597 1634 3643 sunt
1661 3591 1860 3659 quibus
1901 3593 2050 3649 frue-

490 3678 606 3733 Iis:
654 3687 709 3732 et
753 3693 875 3747 quae
914 3678 1076 3748 impie
1121 3688 1276 3748 parta
1317 3691 1466 3747 sunt,
1508 3696 1630 3736 cum
1665 3681 1772 3737 cito
1818 3683 2048 3755 fugiant,

489 3783 750 3827 {sternunt
800 3771 1126 3842 supplicium
1169 3771 1373 3826 homini
1405 3772 1676 3828 sceleroso
1714 3785 2049 3846 comparant.

490 3862 672 3927 Quare
711 3872 964 3918 auctores
996 3863 1093 3918 tibi
1121 3878 1332 3929 sumus,
1366 3863 1533 3920 Deum
1564 3869 1804 3922 verearis
1829 3909 1843 3933 ,
1881 3885 1910 3922 a
1940 3885 2051 3938 quo

487 3955 719 4024 judicari
745 3956 904 4011 debet
932 3955 1363 4027 uniuscujusque
1385 3958 1566 4014 anima
1597 3975 1696 4030 pro
1719 3961 1788 4016 iis
1820 3977 1941 4031 quae
1963 3961 2053 4017 hic

491 4048 678 4117 gessit.

565 4138 756 4193 XXIX.
797 4137 922 4194 Haec
948 4139 1040 4194 ille
1083 4139 1311 4196 audiens
1360 4140 1500 4198 risit.
1558 4139 1804 4212 Cumque
1842 4144 2051 4200 dicere—

493 4246 616 4285 mus
645 4249 659 4284 :
695 4230 806 4285 Cur
853 4247 952 4286 nos
983 4232 1212 4298 irrides,
1246 4233 1340 4304 qui
1384 4233 1482 4290 tibi
1522 4234 1674 4289 utilia
1716 4236 2051 4291 suademus?

492 4321 697 4390 Rideo,
729 4323 934 4393 inquit,
984 4324 1205 4380 stultam
1253 4325 1562 4395 opinionem
1595 4334 1827 4380 vestram
1849 4367 1862 4391 ,
1903 4329 2049 4397 quod

492 4415 727 4471 credatis
761 4415 1123 4470 immortalem
1147 4431 1270 4472 esse
1294 4418 1528 4472 animam
1569 4417 1828 4474 hominis.
1857 4418 1922 4474 Et
1946 4435 2047 4490 ego

493 4507 788 4578 respondi:
823 4505 942 4561 Non
991 4507 1293 4576 miramur,
1322 4523 1357 4564 o
1391 4509 1602 4575 Simon,
1634 4509 1680 4566 si
1721 4509 1903 4566 fallere
1943 4527 2046 4568 nos

491 4600 746 4669 conaris;
799 4600 894 4655 sed
945 4599 1416 4671 obstupescimus,
1465 4618 1573 4673 qua
1627 4604 1838 4659 ratione
1882 4604 2046 4659 etiam

491 4692 727 4763 teipsum
763 4692 1022 4763 decipias.
1048 4691 1226 4748 Eﬂ'are
1255 4692 1410 4760 mihi,
1439 4693 1649 4761 Simon,
1677 4695 1780 4751 etsi
1812 4696 2045 4751 aliorum

491 4798 654 4839 nemo
707 4792 1040 4854 compertum
1088 4784 1285 4840 habent
1321 4784 1559 4840 animam
1605 4801 1725 4842 esse
1761 4786 2045 4842 immorta-

493 4872 621 4940 lem,
655 4881 714 4930 tu
741 4885 924 4930 tamen
950 4883 1005 4931 et
1029 4891 1129 4932 nos
1159 4875 1460 4943 habemus;
1492 4887 1548 4932 tu
1579 4878 1796 4949 quidem
1819 4922 1835 4946 ,
1866 4888 1926 4934 ut
1954 4880 2049 4950 qui

491 4977 613 5020 eam
644 4979 675 5020 a
718 4981 944 5038 corpore
987 4967 1231 5024 humano
1273 4967 1578 5036 diremisti,
1622 4970 1715 5041 qui
1751 4970 2050 5027 collocutus

487 5069 553 5112 es
573 5097 589 5124 ,
617 5055 712 5127 qui
762 5058 1078 5129 imperasti;
1112 5075 1212 5117 nos
1236 5075 1368 5116 vero
1387 5100 1404 5128 ,
1427 5070 1488 5115 ut
1516 5061 1612 5131 qui
1655 5062 1930 5119 adfuimus
1952 5105 1967 5128 ,
1993 5074 2048 5119 et

488 5144 777 5219 imperium
806 5150 1133 5220 audivimus,
1164 5160 1219 5208 et
1243 5152 1390 5224 quod
1423 5151 1640 5224 jussum
1679 5163 1765 5210 est
1808 5155 2047 5211 vidimus

2153 3137 2254 3207 τῆς
2281 3137 2344 3189 ἐκ
2372 3137 2574 3190 παίδων
2605 3135 2785 3204 φιλίας
2816 3134 2954 3204 πρὸς
2986 3133 3046 3188 σὲ
3080 3133 3433 3206 μεμνημένοι,
3463 3133 3724 3205 στέργον-

2152 3227 2243 3291 eg;
2270 3243 2328 3279 σε
2348 3227 2414 3290 ⁸⁸,
2436 3225 2504 3279 τά
2531 3227 2872 3299 συμφέροντα
2901 3225 3352 3298 συμϐουλεύομεν·
3387 3225 3588 3280 παῦσαι
3619 3227 3725 3294 τῆς

2152 3321 2405 3392 τοιαύτης
2436 3320 2656 3392 τόλμης·
2717 3319 2836 3383 θεὸς
2872 3315 3010 3372 εἶναι
3039 3317 3100 3372 οὐ
3164 3319 3408 3373 δύνασαι·
3455 3317 3723 3389 φοϐηθητι

2153 3413 2242 3466 τὸν
2271 3412 2436 3475 ὅντως
2480 3411 2628 3465 Θεόν·
2663 3411 2830 3480 γνῶθι
2857 3412 2938 3465 ὅτι
2971 3410 3251 3483 ἄνθρωπος
3282 3405 3333 3462 εἴ
3367 3410 3460 3463 καὶ
3502 3411 3589 3463 ὅτι
3626 3427 3723 3463 σου

2155 3504 2345 3577 μικρός
2371 3505 2515 3557 ἐστιν
2542 3502 2571 3555 ὁ
2601 3502 2702 3574 τῆς
2723 3501 2866 3572 ζωῆς
2885 3501 3089 3573 χρόνος.
3115 3499 3235 3554 Κᾶν
3259 3499 3468 3571 μεγάλα
3485 3501 3531 3532 ⁵⁸
3558 3500 3724 3554 πλου-

2151 3598 2302 3669 τῇςῆ
2333 3596 2427 3650 καὶ
2457 3595 2802 3666 βασιλεύσῃς,
2827 3594 2906 3664 τῷ
2925 3593 3023 3664 τῆς
3046 3593 3191 3661 ζωῆς
3216 3610 3309 3645 σου
3342 3592 3521 3664 μικρῷ
3544 3593 3720 3664 χρόνῳ

2151 3689 2308 3759 ὀλίγα
2337 3687 2592 3758 τυγχάνει
2641 3685 2778 3756 πρὸς
2820 3683 3139 3747 ἀπόλαυσιν,
3164 3684 3258 3736 καὶ
3302 3686 3514 3750 ἀσεϐῶς
3563 3703 3717 3758 πορι-

2155 3776 2369 3841 σθέντα,
2404 3774 2603 3837 εύθέως
2636 3775 2924 3843 φεύγοντα,
2969 3774 3194 3827 αἰωνίαν
3223 3773 3441 3826 κόλασιν
3468 3792 3717 3846 περιποι-

2152 3868 2288 3919 εῖται
2333 3865 2413 3936 τῷ
2461 3864 2828 3936 τετολμηκότι.
2877 3864 2968 3917 Διδ
3015 3863 3292 3934 φοϐεῖσθαί
3337 3881 3418 3917 σοι
3451 3868 3542 3919 τὸν
3587 3867 3719 3919 Θεὸν

2151 3955 2607 4028 συμϐουλεύομεν,
2631 3957 2720 4026 ὑφ’
2744 3951 2805 4009 οὗ
2839 3956 3091 4028 κριθῆναι
3113 3954 3225 4026 ἔχει
3256 3958 3290 4028 ἡ
3323 3957 3549 4011 ἑκάστου
3571 3958 3718 4028 ψυχὴ

2151 4049 2279 4122 περὶ
2309 4042 2382 4103 ὧν
2409 4048 2643 4120 ἔπραξεν
2675 4048 2928 4104 ἐνταῦθα.

2219 4139 2409 4196 XXIX.
2456 4141 2514 4195 '0
2545 4141 2624 4206 δὲ,
2655 4141 2826 4195 ταῦτα
2853 4140 3110 4205 ἀκούσας,
3146 4141 3416 4210 ἐγέλασεν.
3453 4142 3637 4214 Ἠμῶν
3662 4144 3720 4198 δὲ

2148 4227 2427 4288 εἰπόντων·
2465 4233 2527 4285 Τί
2553 4233 2709 4304 ἡμῶν
2739 4232 2810 4286 τά
2841 4251 2920 4287 σοι
2949 4233 3292 4305 συμφέροντα
3325 4233 3719 4304 συμϐουλευόν-

2149 4341 2256 4378 των
2302 4325 2635 4397 καταγελᾷς;
2668 4327 2833 4397 Ἔφη·
2869 4326 3014 4379 Γελῶ
3047 4325 3198 4397 ὑμῶν
3224 4326 3323 4398 τὴν
3363 4326 3549 4398 μωράν
3581 4328 3717 4381 ὑπό-

2153 4415 2334 4488 λτηψιν,
2367 4419 2447 4472 ὅτι
2474 4418 2754 4472 πιστεύετε
2783 4418 3047 4472 ἀθάνατον
3079 4415 3214 4473 εἶναι
3253 4419 3351 4490 τὴν
3382 4418 3474 4472 τοῦ
3509 4418 3719 4490 ἀνθρώ-

2151 4528 2253 4565 που
2281 4511 2456 4583 ψυχήν
2475 4512 2534 4564 ³⁷.
2564 4509 2731 4579 Κάγὼ
2755 4510 2917 4581 ἔφην·
2948 4511 3021 4565 Οὐ
3049 4509 3413 4581 θαυμάζομεν,
3439 4503 3482 4562 ὦ
3509 4509 3714 4580 Σίμων,

2150 4606 2199 4658 εἰ
2231 4606 2378 4675 ἡμᾶς
2410 4603 2622 4674 ἀπατᾷν
2655 4603 2977 4673 ἐπιχειρεῖς,
3012 4602 3124 4655 ἀλλ’
3157 4600 3576 4672 ἐκπεπλήγμεθα
3608 4602 3714 4654 τίνι

2149 4694 2290 4765 λόγῳ
2321 4693 2413 4747 καὶ¹
2445 4693 2632 4747 ἐαυτὸν
2660 4693 2890 4765 ἀπατᾷς.
2924 4693 3065 4762 Λέγε
3097 4711 3207 4764 μοι,
3235 4687 3280 4747 ὦ
3310 4694 3509 4764 Σίμων,
3537 4693 3586 4744 εί
3620 4693 3714 4746 καὶ

2149 4786 2258 4839 τῶν
2279 4786 2451 4840 ἀλλων
2470 4785 2648 4850 οὐδεὶς
2670 4785 3144 4858 πεπληροφόρηται
3169 4785 3428 4839 ἀθάνατον
3459 4781 3592 4838 εἶναι
3612 4785 3712 4855 τὴν

2148 4878 2348 4950 ψυχὴν,
2381 4878 2494 4930 ἀλλ’
2527 4875 2619 4931 οὖν
2645 4892 2709 4946 γε
2739 4879 2803 4932 σῦ
2838 4877 2928 4932 καὶ
2957 4880 3138 4949 ἡμεῖς,
3176 4879 3238 4931 σὺ
3275 4878 3372 4948 μὲν
3401 4877 3476 4940 ῶς
3498 4877 3708 4947 ἀνθρω-

2109 5032 2115 5038 .
2151 4971 2302 5025 πείου
2337 4969 2584 5041 σώματος
2615 4971 2856 5041 χωρίσας
2878 4970 3046 5040 αὐτὴν
3069 4969 3163 5024 καὶ
3192 4970 3587 5042 προσομιλήσας
3617 4969 3710 5022 καὶ

2149 5059 2433 5126 ἐπιτάξας,
2465 5063 2629 5133 ἡμεῖς
2659 5062 2716 5115 δέ
2747 5063 2824 5126 ῶς
2859 5062 3234 5133 συμπαρόντες
3266 5062 3358 5115 καὶ
3390 5061 3488 5132 τὴν
3518 5060 3707 5112 ἐπιτα-

2149 5153 2252 5224 γὴν
2283 5154 2608 5219 ἀκούσαντες
2651 5154 2744 5208 καὶ
2775 5153 2836 5207 τὺ
2869 5152 3152 5206 κελευσθὲν
3187 5152 3234 5185 ⁸⁸
3272 5153 3514 5225 ἐναργῶς
3564 5152 3706 5205 ίστο-

1744 5306 1981 5362 νΑΒιιλΕ
2045 5304 2451 5364 LECTIONES.

560 5421 738 5509 ⁸τάλῖ
769 5423 833 5509 9.-
905 5422 1672 5509 ⁸’.ειῖεέστημξνάπήαηῦτοξῖὲο
1746 5423 2172 5509 “facietier
2197 5422 2559 5509 εκυεξεεικαί
2586 5415 3703 5509 εξιιθηξτερπὲμεθσξὲνἐξ],θξέξηῖξέῖο

479 5493 525 5524 ⁸⁸
553 5492 652 5545 οὐκ
683 5493 762 5546 ἔτι
777 5493 838 5550 C.

943 5495 1082 5566 "Ita
1129 5483 1354 5566 Ερἰξεο.
1401 5495 1473 5566 29
1516 5503 1571 5550 et
1597 5495 1689 5566 0_,
1719 5495 1863 5547 ναῶν
1895 5483 2211 5564 ἀνδριάντας
2263 5495 2417 5565 ἡμῶν
2468 5483 2858 5566 καταξιωθῆναι
2994 5559 3004 5566 _
3053 5489 3098 5520 ¹¹
3119 5489 3336 5566 μείζονα
3377 5483 3708 5566 οόᾱὶιςΕρξζ.

477 5578 526 5635 cf.
553 5562 639 5635 _29
659 5602 675 5624 .
700 5577 863 5635 quam
883 5565 1101 5635 isequ.
1173 5557 1357 5635 “Non
1387 5563 1532 5635 Cot.,
1559 5563 1682 5635 ut_S
1731 5579 1921 5635 parum
1946 5557 2461 5635 accurateadnotat,
2491 5561 2668 5635 stuc:
2718 5557 2885 5635 edidit
2907 5557 3152 5635 ὑπέχετο.
3221 5557 3277 5635 _“
3298 5557 3604 5635 παύσασθαι
3623 5559 3700 5635 _C.

553 5629 628 5684 Ita
795 5633 900 5708 80d
929 5624 1059 5708 (ις’-Ο
1080 5676 1111 5708 Δ
1133 5653 1192 5708 τε
1215 5633 1278 5689 C.
1421 5624 1562 5704 μέγα
1685 5624 1770 5708 ’-⁵⁷
1793 5635 1889 5708 τὴν
1916 5633 2037 5708 τοῦ⁸
2053 5633 2336 5708 ἀνθρώπου
2374 5624 2602 5704 ψυχήνο
2633 5669 2650 5699 ,
2677 5629 2768 5702 qui
2792 5624 3044 5701 deinceps
3067 5630 3278 5700 ἀπατᾷν
3305 5628 3465 5697 ἡμᾶς.
3544 5627 3590 5658 ⁸⁸
3622 5624 3701 5680 Ita

481 5701 524 5751 (ἱ
553 5742 570 5764 .
611 5715 661 5756 c.
685 5700 722 5757 S
750 5739 768 5770 ,
801 5703 1049 5760 κελευθέν
1071 5703 1134 5762 C.
1164 5706 1300 5762 Ante
1331 5700 1512 5776 Σίμων
1539 5703 1718 5762 addidi
1743 5700 1890 5760 καῖὸ
1922 5719 1970 5762 c.
2001 5701 2062 5761 Ο.
