  <div class='ocr_page' id='page_1' title='image "/cluster/home/n/w/nwhite01/storage/ocr_20150623/2/mdp.39015005182426/062.png"; bbox 0 0 3970 6148; ppageno 0'>
   <div class='ocr_carea' id='block_1_1' title="bbox 275 197 3514 265">
    <p class='ocr_par' dir='ltr' id='par_1_1' title="bbox 275 197 3514 265">
     <span class='ocr_line' id='line_1_1' title="bbox 275 197 3514 265; baseline 0.002 -8"><span class='ocrx_word' id='word_1_1' title='bbox 275 197 375 258; x_wconf 75' lang='grc'><strong>105</strong></span> <span class='ocrx_word' id='word_1_2' title='bbox 1391 203 1850 260; x_wconf 73' lang='lat' dir='ltr'><strong>CLEMENTINA.</strong></span> <span class='ocrx_word' id='word_1_3' title='bbox 1891 236 1954 247; x_wconf 88' lang='lat'><strong><em>—</em></strong></span> <span class='ocrx_word' id='word_1_4' title='bbox 1982 205 2274 262; x_wconf 74' lang='lat' dir='ltr'><strong>HOMILIA</strong></span> <span class='ocrx_word' id='word_1_5' title='bbox 2316 205 2377 260; x_wconf 86' lang='lat' dir='ltr'><strong>II.</strong></span> <span class='ocrx_word' id='word_1_6' title='bbox 3411 208 3514 265; x_wconf 71' lang='grc' dir='ltr'><strong>ωε</strong></span> 
     </span>
    </p>
   </div>
   <div class='ocr_carea' id='block_1_2' title="bbox 266 301 1829 393">
    <p class='ocr_par' dir='ltr' id='par_1_2' title="bbox 266 304 1829 390">
     <span class='ocr_line' id='line_1_2' title="bbox 266 304 1829 390; baseline 0.002 -21"><span class='ocrx_word' id='word_1_7' title='bbox 266 318 362 387; x_wconf 73' lang='grc' dir='ltr'><strong>τήν</strong></span> <span class='ocrx_word' id='word_1_8' title='bbox 385 304 694 372; x_wconf 73' lang='grc' dir='ltr'>ἐνεστῶσαν</span> <span class='ocrx_word' id='word_1_9' title='bbox 721 316 1048 389; x_wconf 76' lang='grc' dir='ltr'><strong>ὑπερθέσθαι</strong></span> <span class='ocrx_word' id='word_1_10' title='bbox 1081 317 1293 390; x_wconf 81' lang='grc' dir='ltr'>ήμέραν</span> <span class='ocrx_word' id='word_1_11' title='bbox 1331 319 1431 372; x_wconf 81' lang='grc' dir='ltr'><strong>οὐκ</strong></span> <span class='ocrx_word' id='word_1_12' title='bbox 1475 319 1709 388; x_wconf 77' lang='grc' dir='ltr'><strong>ὀφείλεις</strong></span> <span class='ocrx_word' id='word_1_13' title='bbox 1746 320 1829 372; x_wconf 89' lang='grc' dir='ltr'>λυ-</span> 
     </span>
    </p>
   </div>
   <div class='ocr_carea' id='block_1_3' title="bbox 1935 301 3511 393">
    <p class='ocr_par' dir='ltr' id='par_1_3' title="bbox 1947 319 3511 393">
     <span class='ocr_line' id='line_1_3' title="bbox 1947 319 3511 393; baseline 0.006 -21"><span class='ocrx_word' id='word_1_14' title='bbox 1947 335 2053 373; x_wconf 87' lang='lat' dir='ltr'><strong>non</strong></span> <span class='ocrx_word' id='word_1_15' title='bbox 2103 321 2268 374; x_wconf 82' lang='lat' dir='ltr'><strong>debes</strong></span> <span class='ocrx_word' id='word_1_16' title='bbox 2295 362 2310 378; x_wconf 85' lang='lat'><strong>.</strong></span> <span class='ocrx_word' id='word_1_17' title='bbox 2339 319 2485 390; x_wconf 88' lang='lat' dir='ltr'><strong>quod</strong></span> <span class='ocrx_word' id='word_1_18' title='bbox 2526 319 2714 374; x_wconf 87' lang='lat' dir='ltr'><strong>Simon</strong></span> <span class='ocrx_word' id='word_1_19' title='bbox 2761 323 2828 376; x_wconf 87' lang='lat' dir='ltr'><strong>ad</strong></span> <span class='ocrx_word' id='word_1_20' title='bbox 2887 323 3310 393; x_wconf 77' lang='lat' dir='ltr'><strong>disputationem</strong></span> <span class='ocrx_word' id='word_1_21' title='bbox 3345 342 3511 381; x_wconf 69' lang='lat' dir='ltr'><strong>unum</strong></span> 
     </span>
    </p>
   </div>
   <div class='ocr_carea' id='block_1_4' title="bbox 266 411 1829 486">
    <p class='ocr_par' dir='ltr' id='par_1_4' title="bbox 266 411 1829 485">
     <span class='ocr_line' id='line_1_4' title="bbox 266 411 1829 485; baseline -0.001 -19"><span class='ocrx_word' id='word_1_22' title='bbox 266 412 506 466; x_wconf 83' lang='grc' dir='ltr'>πεϊσθαι.</span> <span class='ocrx_word' id='word_1_23' title='bbox 567 413 810 484; x_wconf 83' lang='grc' dir='ltr'><strong>Σήμερον</strong></span> <span class='ocrx_word' id='word_1_24' title='bbox 856 412 964 484; x_wconf 78' lang='grc' dir='ltr'><strong>γὰρ</strong></span> <span class='ocrx_word' id='word_1_25' title='bbox 1016 413 1124 484; x_wconf 82' lang='grc' dir='ltr'>πρὸ</span> <span class='ocrx_word' id='word_1_26' title='bbox 1155 413 1252 484; x_wconf 81' lang='grc' dir='ltr'>τῆς</span> <span class='ocrx_word' id='word_1_27' title='bbox 1293 411 1575 484; x_wconf 79' lang='grc' dir='ltr'>ζητήσεως</span> <span class='ocrx_word' id='word_1_28' title='bbox 1613 429 1829 485; x_wconf 64' lang='grc' dir='ltr'>προεφο</span> 
     </span>
    </p>
   </div>
   <div class='ocr_carea' id='block_1_5' title="bbox 1935 411 3518 486">
    <p class='ocr_par' dir='ltr' id='par_1_5' title="bbox 1954 413 3518 486">
     <span class='ocr_line' id='line_1_5' title="bbox 1954 413 3518 486; baseline 0.005 -22"><span class='ocrx_word' id='word_1_29' title='bbox 1954 413 2097 467; x_wconf 83' lang='lat' dir='ltr'><strong>hunc</strong></span> <span class='ocrx_word' id='word_1_30' title='bbox 2127 413 2270 466; x_wconf 87' lang='lat' dir='ltr'><strong>diem</strong></span> <span class='ocrx_word' id='word_1_31' title='bbox 2311 413 2687 467; x_wconf 87' lang='lat' dir='ltr'><strong>intermiserit.</strong></span> <span class='ocrx_word' id='word_1_32' title='bbox 2736 413 2903 469; x_wconf 84' lang='lat' dir='ltr'><strong>Hodie</strong></span> <span class='ocrx_word' id='word_1_33' title='bbox 2931 417 3077 470; x_wconf 89' lang='lat' dir='ltr'><strong>enim</strong></span> <span class='ocrx_word' id='word_1_34' title='bbox 3109 425 3234 470; x_wconf 87' lang='lat' dir='ltr'><strong>ante</strong></span> <span class='ocrx_word' id='word_1_35' title='bbox 3264 417 3518 486; x_wconf 85' lang='lat' dir='ltr'><strong>disputa-</strong></span> 
     </span>
    </p>
   </div>
   <div class='ocr_carea' id='block_1_6' title="bbox 265 504 1829 578">
    <p class='ocr_par' dir='ltr' id='par_1_6' title="bbox 265 504 1829 576">
     <span class='ocr_line' id='line_1_6' title="bbox 265 504 1829 576; baseline -0.003 -18"><span class='ocrx_word' id='word_1_36' title='bbox 265 505 580 576; x_wconf 76' lang='grc' dir='ltr'>διαζόμενος</span> <span class='ocrx_word' id='word_1_37' title='bbox 601 505 850 576; x_wconf 75' lang='grc' dir='ltr'>περὶτῶν</span> <span class='ocrx_word' id='word_1_38' title='bbox 871 504 892 535; x_wconf 72' lang='grc'>⁸</span> <span class='ocrx_word' id='word_1_39' title='bbox 910 506 968 557; x_wconf 80' lang='grc' dir='ltr'>ὲν</span> <span class='ocrx_word' id='word_1_40' title='bbox 996 507 1117 568; x_wconf 84' lang='grc' dir='ltr'>ταῖς</span> <span class='ocrx_word' id='word_1_41' title='bbox 1159 505 1403 576; x_wconf 80' lang='grc' dir='ltr'>Γραφαίς</span> <span class='ocrx_word' id='word_1_42' title='bbox 1437 504 1829 576; x_wconf 68' lang='grc' dir='ltr'>προσκειμένωι</span> 
     </span>
    </p>
   </div>
   <div class='ocr_carea' id='block_1_7' title="bbox 1935 504 3523 578">
    <p class='ocr_par' dir='ltr' id='par_1_7' title="bbox 1951 504 3523 578">
     <span class='ocr_line' id='line_1_7' title="bbox 1951 504 3523 578; baseline 0.004 -20"><span class='ocrx_word' id='word_1_43' title='bbox 1951 505 2153 559; x_wconf 94' lang='lat' dir='ltr'><strong>tionem</strong></span> <span class='ocrx_word' id='word_1_44' title='bbox 2188 505 2490 559; x_wconf 86' lang='lat' dir='ltr'><strong>instructus</strong></span> <span class='ocrx_word' id='word_1_45' title='bbox 2519 504 2586 558; x_wconf 88' lang='lat' dir='ltr'><strong>de</strong></span> <span class='ocrx_word' id='word_1_46' title='bbox 2617 505 2874 574; x_wconf 87' lang='lat' dir='ltr'><strong>capitulis</strong></span> <span class='ocrx_word' id='word_1_47' title='bbox 2907 504 3200 576; x_wconf 77' lang='lat' dir='ltr'><strong>Scriptura:</strong></span> <span class='ocrx_word' id='word_1_48' title='bbox 3226 510 3523 578; x_wconf 78' lang='lat' dir='ltr'><strong>appositis.</strong></span> 
     </span>
    </p>
   </div>
   <div class='ocr_carea' id='block_1_8' title="bbox 267 595 1829 672">
    <p class='ocr_par' dir='ltr' id='par_1_8' title="bbox 267 595 1829 669">
     <span class='ocr_line' id='line_1_8' title="bbox 267 595 1829 669; baseline 0.001 -19"><span class='ocrx_word' id='word_1_49' title='bbox 267 598 602 669; x_wconf 81' lang='grc' dir='ltr'>περικοπῶν,</span> <span class='ocrx_word' id='word_1_50' title='bbox 620 599 711 650; x_wconf 75' lang='grc' dir='ltr'><strong>ἐπὶ</strong></span> <span class='ocrx_word' id='word_1_51' title='bbox 723 597 822 668; x_wconf 84' lang='grc' dir='ltr'>τῆς</span> <span class='ocrx_word' id='word_1_52' title='bbox 838 595 1116 668; x_wconf 79' lang='grc' dir='ltr'>ζητήσεως</span> <span class='ocrx_word' id='word_1_53' title='bbox 1127 597 1254 669; x_wconf 75' lang='grc' dir='ltr'>περὶ</span> <span class='ocrx_word' id='word_1_54' title='bbox 1267 597 1362 650; x_wconf 79' lang='grc' dir='ltr'>τοῦ</span> <span class='ocrx_word' id='word_1_55' title='bbox 1390 597 1550 666; x_wconf 89' lang='grc' dir='ltr'>μόνου</span> <span class='ocrx_word' id='word_1_56' title='bbox 1564 597 1697 651; x_wconf 88' lang='grc' dir='ltr'>Θεοῦ</span> <span class='ocrx_word' id='word_1_57' title='bbox 1710 597 1732 629; x_wconf 82' lang='grc'><strong><em>⁵</em></strong></span> <span class='ocrx_word' id='word_1_58' title='bbox 1753 600 1829 651; x_wconf 82' lang='grc' dir='ltr'><strong>κα¹</strong></span> 
     </span>
    </p>
   </div>
   <div class='ocr_carea' id='block_1_9' title="bbox 1935 595 3518 672">
    <p class='ocr_par' dir='ltr' id='par_1_9' title="bbox 1949 596 3518 672">
     <span class='ocr_line' id='line_1_9' title="bbox 1949 596 3518 672; baseline 0.005 -22"><span class='ocrx_word' id='word_1_59' title='bbox 1949 597 2092 651; x_wconf 86' lang='lat' dir='ltr'><strong>inter</strong></span> <span class='ocrx_word' id='word_1_60' title='bbox 2128 596 2515 668; x_wconf 78' lang='lat' dir='ltr'><strong>disputandum</strong></span> <span class='ocrx_word' id='word_1_61' title='bbox 2563 596 2630 654; x_wconf 91' lang='lat' dir='ltr'><strong>de</strong></span> <span class='ocrx_word' id='word_1_62' title='bbox 2659 612 2770 651; x_wconf 90' lang='lat' dir='ltr'><strong>uno</strong></span> <span class='ocrx_word' id='word_1_63' title='bbox 2799 596 2909 652; x_wconf 88' lang='lat' dir='ltr'><strong>Deo</strong></span> <span class='ocrx_word' id='word_1_64' title='bbox 2941 609 2998 653; x_wconf 85' lang='lat' dir='ltr'><strong>et</strong></span> <span class='ocrx_word' id='word_1_65' title='bbox 3027 599 3192 665; x_wconf 82' lang='lat' dir='ltr'><strong>bono,</strong></span> <span class='ocrx_word' id='word_1_66' title='bbox 3214 600 3518 672; x_wconf 77' lang='lat' dir='ltr'><strong>mundique</strong></span> 
     </span>
    </p>
   </div>
   <div class='ocr_carea' id='block_1_10' title="bbox 266 689 1846 762">
    <p class='ocr_par' dir='ltr' id='par_1_10' title="bbox 266 689 1846 762">
     <span class='ocr_line' id='line_1_10' title="bbox 266 689 1846 762; baseline 0 -18"><span class='ocrx_word' id='word_1_67' title='bbox 266 689 492 760; x_wconf 76' lang='grc' dir='ltr'>ἀγαθοῦ,</span> <span class='ocrx_word' id='word_1_68' title='bbox 529 690 621 744; x_wconf 81' lang='grc' dir='ltr'>τοῦ</span> <span class='ocrx_word' id='word_1_69' title='bbox 654 691 748 744; x_wconf 78' lang='grc' dir='ltr'><strong>καὶ</strong></span> <span class='ocrx_word' id='word_1_70' title='bbox 779 691 871 743; x_wconf 76' lang='grc' dir='ltr'><strong>τὸν</strong></span> <span class='ocrx_word' id='word_1_71' title='bbox 911 691 1116 762; x_wconf 78' lang='grc' dir='ltr'>κόσμον</span> <span class='ocrx_word' id='word_1_72' title='bbox 1167 690 1558 762; x_wconf 68' lang='grc' dir='ltr'><strong>πεποιηκότος,</strong></span> <span class='ocrx_word' id='word_1_73' title='bbox 1589 691 1693 761; x_wconf 72' lang='grc'><strong>71</strong></span> <span class='ocrx_word' id='word_1_74' title='bbox 1728 691 1846 744; x_wconf 87' lang='grc' dir='ltr'>δια-</span> 
     </span>
    </p>
   </div>
   <div class='ocr_carea' id='block_1_11' title="bbox 265 782 1846 856">
    <p class='ocr_par' dir='ltr' id='par_1_11' title="bbox 265 782 1846 856">
     <span class='ocr_line' id='line_1_11' title="bbox 265 782 1846 856; baseline -0.001 -18"><span class='ocrx_word' id='word_1_75' title='bbox 265 785 516 856; x_wconf 73' lang='grc' dir='ltr'><strong>κριθῆναι</strong></span> <span class='ocrx_word' id='word_1_76' title='bbox 541 783 642 837; x_wconf 64' lang='lat' dir='ltr'><strong>ob):</strong></span> <span class='ocrx_word' id='word_1_77' title='bbox 685 782 926 852; x_wconf 75' lang='grc' dir='ltr'><strong>ὀφείλεις</strong></span> <span class='ocrx_word' id='word_1_78' title='bbox 949 801 964 814; x_wconf 84' lang='grc'>·</span> <span class='ocrx_word' id='word_1_79' title='bbox 996 782 1134 838; x_wconf 82' lang='grc' dir='ltr'>ἀλλὰ</span> <span class='ocrx_word' id='word_1_80' title='bbox 1154 783 1256 837; x_wconf 72' lang='grc' dir='ltr'><strong>’καὶ</strong></span> <span class='ocrx_word' id='word_1_81' title='bbox 1285 782 1586 854; x_wconf 79' lang='grc' dir='ltr'><strong>θαυμάσεις</strong></span> <span class='ocrx_word' id='word_1_82' title='bbox 1619 783 1712 836; x_wconf 74' lang='grc' dir='ltr'><strong>ἐπὶ</strong></span> <span class='ocrx_word' id='word_1_83' title='bbox 1747 784 1846 854; x_wconf 82' lang='grc' dir='ltr'>τῆς</span> 
     </span>
    </p>
   </div>
   <div class='ocr_carea' id='block_1_12' title="bbox 267 873 1843 946">
    <p class='ocr_par' dir='ltr' id='par_1_12' title="bbox 267 873 1843 946">
     <span class='ocr_line' id='line_1_12' title="bbox 267 873 1843 946; baseline 0 -18"><span class='ocrx_word' id='word_1_84' title='bbox 267 875 560 946; x_wconf 79' lang='grc' dir='ltr'>ζητήσεως,</span> <span class='ocrx_word' id='word_1_85' title='bbox 591 891 710 938; x_wconf 87' lang='grc' dir='ltr'><strong>πως</strong></span> <span class='ocrx_word' id='word_1_86' title='bbox 738 875 788 928; x_wconf 79' lang='lat' dir='ltr'><strong>oi</strong></span> <span class='ocrx_word' id='word_1_87' title='bbox 821 874 1061 939; x_wconf 79' lang='grc' dir='ltr'>ἀσεϐεῖς,</span> <span class='ocrx_word' id='word_1_88' title='bbox 1082 874 1152 929; x_wconf 83' lang='grc' dir='ltr'><strong>τὰ</strong></span> <span class='ocrx_word' id='word_1_89' title='bbox 1180 873 1358 946; x_wconf 80' lang='grc' dir='ltr'>πλήθη</span> <span class='ocrx_word' id='word_1_90' title='bbox 1386 874 1496 930; x_wconf 87' lang='grc' dir='ltr'><strong>τῶν</strong></span> <span class='ocrx_word' id='word_1_91' title='bbox 1527 874 1671 946; x_wconf 72' lang='grc' dir='ltr'>ὑπὲρ</span> <span class='ocrx_word' id='word_1_92' title='bbox 1705 875 1843 928; x_wconf 78' lang='grc' dir='ltr'>Θε-οὗ</span> 
     </span>
    </p>
   </div>
   <div class='ocr_carea' id='block_1_13' title="bbox 267 966 1843 1040">
    <p class='ocr_par' dir='ltr' id='par_1_13' title="bbox 267 966 1843 1040">
     <span class='ocr_line' id='line_1_13' title="bbox 267 966 1843 1040; baseline 0.001 -21"><span class='ocrx_word' id='word_1_93' title='bbox 267 967 568 1039; x_wconf 79' lang='grc' dir='ltr'><strong>εἰρημένων</strong></span> <span class='ocrx_word' id='word_1_94' title='bbox 597 968 655 1020; x_wconf 83' lang='grc' dir='ltr'>ὲν</span> <span class='ocrx_word' id='word_1_95' title='bbox 679 969 800 1031; x_wconf 66' lang='grc' dir='ltr'>ταῖς</span> <span class='ocrx_word' id='word_1_96' title='bbox 828 968 1075 1038; x_wconf 86' lang='grc' dir='ltr'>Γραφαῖς</span> <span class='ocrx_word' id='word_1_97' title='bbox 1107 967 1508 1040; x_wconf 77' lang='grc' dir='ltr'><strong>παραλιπόντες</strong></span> <span class='ocrx_word' id='word_1_98' title='bbox 1540 966 1582 1032; x_wconf 80' lang='grc'>⁸,</span> <span class='ocrx_word' id='word_1_99' title='bbox 1612 966 1680 1020; x_wconf 81' lang='grc' dir='ltr'>τὰ</span> <span class='ocrx_word' id='word_1_100' title='bbox 1721 968 1843 1021; x_wconf 78' lang='grc' dir='ltr'>κατ’</span> 
     </span>
    </p>
   </div>
   <div class='ocr_carea' id='block_1_14' title="bbox 265 1057 1837 1132">
    <p class='ocr_par' dir='ltr' id='par_1_14' title="bbox 265 1057 1837 1132">
     <span class='ocr_line' id='line_1_14' title="bbox 265 1057 1837 1132; baseline 0.002 -21"><span class='ocrx_word' id='word_1_101' title='bbox 265 1057 428 1112; x_wconf 78' lang='grc' dir='ltr'>αὑτοῦ</span> <span class='ocrx_word' id='word_1_102' title='bbox 462 1057 736 1130; x_wconf 80' lang='grc' dir='ltr'>εἰρημένα</span> <span class='ocrx_word' id='word_1_103' title='bbox 770 1058 1222 1130; x_wconf 81' lang='grc' dir='ltr'>περιϐλεπόμενοι</span> <span class='ocrx_word' id='word_1_104' title='bbox 1255 1059 1536 1132; x_wconf 86' lang='grc' dir='ltr'>χαίροντες</span> <span class='ocrx_word' id='word_1_105' title='bbox 1562 1060 1837 1132; x_wconf 63' lang='grc' dir='ltr'>φέρουσιν*</span> 
     </span>
    </p>
   </div>
   <div class='ocr_carea' id='block_1_15' title="bbox 264 1150 1840 1224">
    <p class='ocr_par' dir='ltr' id='par_1_15' title="bbox 264 1150 1840 1224">
     <span class='ocr_line' id='line_1_15' title="bbox 264 1150 1840 1224; baseline 0.003 -21"><span class='ocrx_word' id='word_1_106' title='bbox 264 1151 359 1204; x_wconf 82' lang='grc' dir='ltr'><strong>καὶ</strong></span> <span class='ocrx_word' id='word_1_107' title='bbox 393 1150 568 1216; x_wconf 78' lang='grc' dir='ltr'>οὕτως</span> <span class='ocrx_word' id='word_1_108' title='bbox 581 1153 631 1205; x_wconf 81' lang='grc' dir='ltr'>οἱ</span> <span class='ocrx_word' id='word_1_109' title='bbox 657 1152 917 1224; x_wconf 74' lang='grc' dir='ltr'>ἀκροαταὶ</span> <span class='ocrx_word' id='word_1_110' title='bbox 930 1152 1148 1221; x_wconf 82' lang='grc' dir='ltr'>ἀγνοίας</span> <span class='ocrx_word' id='word_1_111' title='bbox 1162 1152 1332 1224; x_wconf 74' lang='grc' dir='ltr'>αἰτίᾳ,</span> <span class='ocrx_word' id='word_1_112' title='bbox 1348 1152 1418 1206; x_wconf 81' lang='grc' dir='ltr'>τὰ</span> <span class='ocrx_word' id='word_1_113' title='bbox 1431 1152 1576 1206; x_wconf 75' lang='grc' dir='ltr'>κατὰ</span> <span class='ocrx_word' id='word_1_114' title='bbox 1591 1152 1686 1206; x_wconf 83' lang='grc' dir='ltr'><strong>τοῦ</strong></span> <span class='ocrx_word' id='word_1_115' title='bbox 1707 1153 1840 1207; x_wconf 85' lang='grc' dir='ltr'>Θεοῦ</span> 
     </span>
    </p>
   </div>
   <div class='ocr_carea' id='block_1_16' title="bbox 266 1242 1840 1316">
    <p class='ocr_par' dir='ltr' id='par_1_16' title="bbox 266 1242 1840 1316">
     <span class='ocr_line' id='line_1_16' title="bbox 266 1242 1840 1316; baseline 0.002 -20"><span class='ocrx_word' id='word_1_116' title='bbox 266 1243 673 1308; x_wconf 76' lang='grc' dir='ltr'>πιστεύσαντες,</span> <span class='ocrx_word' id='word_1_117' title='bbox 689 1242 789 1313; x_wconf 85' lang='grc' dir='ltr'>τῆς</span> <span class='ocrx_word' id='word_1_118' title='bbox 802 1244 966 1298; x_wconf 86' lang='grc' dir='ltr'><strong>αὖτοῦ</strong></span> <span class='ocrx_word' id='word_1_119' title='bbox 987 1245 1262 1315; x_wconf 79' lang='grc' dir='ltr'>βασιλείας</span> <span class='ocrx_word' id='word_1_120' title='bbox 1290 1245 1583 1316; x_wconf 79' lang='grc' dir='ltr'>ἀπόϐλητοι</span> <span class='ocrx_word' id='word_1_121' title='bbox 1611 1245 1630 1277; x_wconf 85' lang='grc'><strong>⁷</strong></span> <span class='ocrx_word' id='word_1_122' title='bbox 1665 1246 1840 1315; x_wconf 83' lang='grc' dir='ltr'>γίνον-</span> 
     </span>
    </p>
   </div>
   <div class='ocr_carea' id='block_1_17' title="bbox 262 1336 1840 1410">
    <p class='ocr_par' dir='ltr' id='par_1_17' title="bbox 262 1336 1840 1410">
     <span class='ocr_line' id='line_1_17' title="bbox 262 1336 1840 1410; baseline 0.002 -22"><span class='ocrx_word' id='word_1_123' title='bbox 262 1352 368 1389; x_wconf 87' lang='grc' dir='ltr'>ται.</span> <span class='ocrx_word' id='word_1_124' title='bbox 395 1336 491 1390; x_wconf 85' lang='grc' dir='ltr'>Διδ</span> <span class='ocrx_word' id='word_1_125' title='bbox 515 1337 578 1390; x_wconf 81' lang='grc' dir='ltr'>σὺ</span> <span class='ocrx_word' id='word_1_126' title='bbox 611 1338 882 1410; x_wconf 80' lang='grc' dir='ltr'>προφάσει</span> <span class='ocrx_word' id='word_1_127' title='bbox 911 1337 1259 1410; x_wconf 70' lang='grc' dir='ltr'>ὑπερθέσεως</span> <span class='ocrx_word' id='word_1_128' title='bbox 1289 1336 1351 1390; x_wconf 82' lang='grc' dir='ltr'>τὸ</span> <span class='ocrx_word' id='word_1_129' title='bbox 1383 1336 1678 1409; x_wconf 86' lang='grc' dir='ltr'>μυστήριον</span> <span class='ocrx_word' id='word_1_130' title='bbox 1727 1337 1840 1391; x_wconf 90' lang='grc' dir='ltr'><strong>τῶν</strong></span> 
     </span>
    </p>
   </div>
   <div class='ocr_carea' id='block_1_18' title="bbox 261 1427 1836 1501">
    <p class='ocr_par' dir='ltr' id='par_1_18' title="bbox 261 1427 1836 1501">
     <span class='ocr_line' id='line_1_18' title="bbox 261 1427 1836 1501; baseline 0.001 -20"><span class='ocrx_word' id='word_1_131' title='bbox 261 1429 496 1500; x_wconf 77' lang='grc' dir='ltr'>Γραφῶν</span> <span class='ocrx_word' id='word_1_132' title='bbox 532 1428 747 1500; x_wconf 81' lang='grc' dir='ltr'>μαθὼν,</span> <span class='ocrx_word' id='word_1_133' title='bbox 782 1429 1051 1501; x_wconf 77' lang='grc' dir='ltr'>κερδήσας</span> <span class='ocrx_word' id='word_1_134' title='bbox 1081 1429 1162 1493; x_wconf 76' lang='grc' dir='ltr'>εἰς</span> <span class='ocrx_word' id='word_1_135' title='bbox 1185 1428 1318 1482; x_wconf 81' lang='grc' dir='ltr'>Θεδν</span> <span class='ocrx_word' id='word_1_136' title='bbox 1353 1427 1430 1499; x_wconf 83' lang='grc' dir='ltr'>μὴ</span> <span class='ocrx_word' id='word_1_137' title='bbox 1479 1428 1836 1500; x_wconf 80' lang='grc' dir='ltr'>ἁμαρτάνειν,</span> 
     </span>
    </p>
   </div>
   <div class='ocr_carea' id='block_1_19' title="bbox 259 1521 927 1595">
    <p class='ocr_par' dir='ltr' id='par_1_19' title="bbox 259 1521 927 1595">
     <span class='ocr_line' id='line_1_19' title="bbox 259 1521 927 1595; baseline 0.001 -20"><span class='ocrx_word' id='word_1_138' title='bbox 259 1521 666 1594; x_wconf 76' lang='grc' dir='ltr'>ἀπαράϐλήτως</span> <span class='ocrx_word' id='word_1_139' title='bbox 689 1524 927 1595; x_wconf 80' lang='grc' dir='ltr'>χαρήσῃ.</span> 
     </span>
    </p>
   </div>
   <div class='ocr_carea' id='block_1_20' title="bbox 328 1611 1834 1685">
    <p class='ocr_par' dir='ltr' id='par_1_20' title="bbox 328 1611 1834 1685">
     <span class='ocr_line' id='line_1_20' title="bbox 328 1611 1834 1685; baseline 0 -19"><span class='ocrx_word' id='word_1_140' title='bbox 328 1612 468 1667; x_wconf 76' lang='lat' dir='ltr'><strong>XLI.</strong></span> <span class='ocrx_word' id='word_1_141' title='bbox 498 1613 672 1682; x_wconf 82' lang='grc' dir='ltr'><strong>Κάγὼ</strong></span> <span class='ocrx_word' id='word_1_142' title='bbox 701 1614 932 1685; x_wconf 82' lang='grc' dir='ltr'>Κλήμης</span> <span class='ocrx_word' id='word_1_143' title='bbox 975 1613 1213 1677; x_wconf 73' lang='grc' dir='ltr'>ἀκούσας</span> <span class='ocrx_word' id='word_1_144' title='bbox 1243 1611 1408 1685; x_wconf 73' lang='grc' dir='ltr'>ἔφην’</span> <span class='ocrx_word' id='word_1_145' title='bbox 1444 1611 1682 1684; x_wconf 79' lang='grc' dir='ltr'>Ἀληθῶς</span> <span class='ocrx_word' id='word_1_146' title='bbox 1713 1614 1834 1685; x_wconf 86' lang='grc' dir='ltr'>χαί-</span> 
     </span>
    </p>
   </div>
   <div class='ocr_carea' id='block_1_21' title="bbox 1949 689 3519 762">
    <p class='ocr_par' dir='ltr' id='par_1_21' title="bbox 1949 689 3519 762">
     <span class='ocr_line' id='line_1_21' title="bbox 1949 689 3519 762; baseline 0.003 -19"><span class='ocrx_word' id='word_1_147' title='bbox 1949 697 2226 757; x_wconf 84' lang='lat' dir='ltr'><strong>creatore,</strong></span> <span class='ocrx_word' id='word_1_148' title='bbox 2258 689 2508 744; x_wconf 69' lang='lat' dir='ltr'><strong>hazsitare</strong></span> <span class='ocrx_word' id='word_1_149' title='bbox 2543 703 2654 743; x_wconf 84' lang='lat' dir='ltr'><strong>non</strong></span> <span class='ocrx_word' id='word_1_150' title='bbox 2684 689 2850 744; x_wconf 88' lang='lat' dir='ltr'><strong>debes</strong></span> <span class='ocrx_word' id='word_1_151' title='bbox 2884 708 2898 744; x_wconf 92' lang='lat'>:</span> <span class='ocrx_word' id='word_1_152' title='bbox 2941 689 3037 745; x_wconf 89' lang='lat' dir='ltr'><strong>sed</strong></span> <span class='ocrx_word' id='word_1_153' title='bbox 3067 703 3122 746; x_wconf 90' lang='lat' dir='ltr'><strong>et</strong></span> <span class='ocrx_word' id='word_1_154' title='bbox 3152 692 3207 746; x_wconf 91' lang='lat' dir='ltr'><strong>in</strong></span> <span class='ocrx_word' id='word_1_155' title='bbox 3245 693 3519 762; x_wconf 84' lang='lat' dir='ltr'><strong>discepta-</strong></span> 
     </span>
    </p>
   </div>
   <div class='ocr_carea' id='block_1_22' title="bbox 1943 781 3518 853">
    <p class='ocr_par' dir='ltr' id='par_1_22' title="bbox 1943 781 3518 853">
     <span class='ocr_line' id='line_1_22' title="bbox 1943 781 3518 853; baseline 0.002 -19"><span class='ocrx_word' id='word_1_156' title='bbox 1943 781 2094 835; x_wconf 82' lang='lat' dir='ltr'><strong>tione</strong></span> <span class='ocrx_word' id='word_1_157' title='bbox 2124 781 2433 847; x_wconf 81' lang='lat' dir='ltr'><strong>miraberis,</strong></span> <span class='ocrx_word' id='word_1_158' title='bbox 2465 796 2575 852; x_wconf 86' lang='lat' dir='ltr'><strong>quo</strong></span> <span class='ocrx_word' id='word_1_159' title='bbox 2605 790 2762 850; x_wconf 83' lang='lat' dir='ltr'><strong>pacto</strong></span> <span class='ocrx_word' id='word_1_160' title='bbox 2792 781 2942 852; x_wconf 92' lang='lat' dir='ltr'><strong>impii</strong></span> <span class='ocrx_word' id='word_1_161' title='bbox 2973 783 3209 853; x_wconf 88' lang='lat' dir='ltr'><strong>plurima</strong></span> <span class='ocrx_word' id='word_1_162' title='bbox 3262 785 3318 838; x_wconf 87' lang='lat' dir='ltr'><strong>in</strong></span> <span class='ocrx_word' id='word_1_163' title='bbox 3366 783 3518 840; x_wconf 82' lang='lat' dir='ltr'><strong>Scri-</strong></span> 
     </span>
    </p>
   </div>
   <div class='ocr_carea' id='block_1_23' title="bbox 1946 873 3512 946">
    <p class='ocr_par' dir='ltr' id='par_1_23' title="bbox 1946 873 3512 946">
     <span class='ocr_line' id='line_1_23' title="bbox 1946 873 3512 946; baseline 0.004 -20"><span class='ocrx_word' id='word_1_164' title='bbox 1946 873 2123 943; x_wconf 82' lang='lat' dir='ltr'><strong>pturis</strong></span> <span class='ocrx_word' id='word_1_165' title='bbox 2151 889 2247 944; x_wconf 84' lang='lat' dir='ltr'><strong>pro</strong></span> <span class='ocrx_word' id='word_1_166' title='bbox 2276 873 2387 929; x_wconf 87' lang='lat' dir='ltr'><strong>Deo</strong></span> <span class='ocrx_word' id='word_1_167' title='bbox 2416 875 2560 929; x_wconf 89' lang='lat' dir='ltr'><strong>dicta</strong></span> <span class='ocrx_word' id='word_1_168' title='bbox 2605 875 2950 945; x_wconf 85' lang='lat' dir='ltr'><strong>relinquunt,</strong></span> <span class='ocrx_word' id='word_1_169' title='bbox 2990 885 3044 930; x_wconf 90' lang='lat' dir='ltr'><strong>et</strong></span> <span class='ocrx_word' id='word_1_170' title='bbox 3071 876 3422 946; x_wconf 83' lang='lat' dir='ltr'><strong>respicientes</strong></span> <span class='ocrx_word' id='word_1_171' title='bbox 3445 877 3512 932; x_wconf 88' lang='lat' dir='ltr'><strong>ad</strong></span> 
     </span>
    </p>
   </div>
   <div class='ocr_carea' id='block_1_24' title="bbox 1944 953 3513 1038">
    <p class='ocr_par' dir='ltr' id='par_1_24' title="bbox 1944 953 3513 1038">
     <span class='ocr_line' id='line_1_24' title="bbox 1944 953 3513 1038; baseline 0.001 -18"><span class='ocrx_word' id='word_1_172' title='bbox 1944 953 2038 1033; x_wconf 65' lang='lat' dir='ltr'><strong>ea;</strong></span> <span class='ocrx_word' id='word_1_173' title='bbox 2068 982 2190 1036; x_wconf 82' lang='lat' dir='ltr'><strong>quae</strong></span> <span class='ocrx_word' id='word_1_174' title='bbox 2211 977 2400 1022; x_wconf 83' lang='lat' dir='ltr'><strong>contra</strong></span> <span class='ocrx_word' id='word_1_175' title='bbox 2430 967 2606 1036; x_wconf 89' lang='lat' dir='ltr'><strong>ipsum</strong></span> <span class='ocrx_word' id='word_1_176' title='bbox 2640 967 2840 1036; x_wconf 88' lang='lat' dir='ltr'><strong>scripta</strong></span> <span class='ocrx_word' id='word_1_177' title='bbox 2864 977 2993 1022; x_wconf 83' lang='lat' dir='ltr'><strong>sunt</strong></span> <span class='ocrx_word' id='word_1_178' title='bbox 3012 1005 3030 1033; x_wconf 90' lang='lat'><strong>,</strong></span> <span class='ocrx_word' id='word_1_179' title='bbox 3055 967 3171 1022; x_wconf 71' lang='lat' dir='ltr'><strong>haec</strong></span> <span class='ocrx_word' id='word_1_180' title='bbox 3198 967 3304 1022; x_wconf 68' lang='lat' dir='ltr'><strong>laeti</strong></span> <span class='ocrx_word' id='word_1_181' title='bbox 3335 971 3513 1038; x_wconf 75' lang='lat' dir='ltr'><strong>profe-</strong></span> 
     </span>
    </p>
   </div>
   <div class='ocr_carea' id='block_1_25' title="bbox 1943 1058 3511 1130">
    <p class='ocr_par' dir='ltr' id='par_1_25' title="bbox 1943 1058 3511 1130">
     <span class='ocr_line' id='line_1_25' title="bbox 1943 1058 3511 1130; baseline 0.003 -20"><span class='ocrx_word' id='word_1_182' title='bbox 1943 1066 2094 1123; x_wconf 83' lang='lat' dir='ltr'><strong>runt,</strong></span> <span class='ocrx_word' id='word_1_183' title='bbox 2125 1058 2313 1128; x_wconf 88' lang='lat' dir='ltr'><strong>sicque</strong></span> <span class='ocrx_word' id='word_1_184' title='bbox 2336 1059 2616 1113; x_wconf 82' lang='lat' dir='ltr'><strong>auditores</strong></span> <span class='ocrx_word' id='word_1_185' title='bbox 2642 1059 2964 1130; x_wconf 73' lang='lat' dir='ltr'><strong>ignorantiae</strong></span> <span class='ocrx_word' id='word_1_186' title='bbox 2983 1075 3134 1129; x_wconf 84' lang='lat' dir='ltr'><strong>ergo,</strong></span> <span class='ocrx_word' id='word_1_187' title='bbox 3169 1075 3292 1130; x_wconf 64' lang='lat' dir='ltr'><strong>qua:</strong></span> <span class='ocrx_word' id='word_1_188' title='bbox 3323 1069 3511 1115; x_wconf 86' lang='lat' dir='ltr'><strong>contra</strong></span> 
     </span>
    </p>
   </div>
   <div class='ocr_carea' id='block_1_26' title="bbox 1942 1146 3506 1223">
    <p class='ocr_par' dir='ltr' id='par_1_26' title="bbox 1942 1146 3506 1223">
     <span class='ocr_line' id='line_1_26' title="bbox 1942 1146 3506 1223; baseline 0.003 -22"><span class='ocrx_word' id='word_1_189' title='bbox 1942 1146 2115 1203; x_wconf 79' lang='lat' dir='ltr'><strong>Deum</strong></span> <span class='ocrx_word' id='word_1_190' title='bbox 2154 1159 2317 1215; x_wconf 82' lang='lat' dir='ltr'><strong>sunt,</strong></span> <span class='ocrx_word' id='word_1_191' title='bbox 2339 1150 2630 1206; x_wconf 89' lang='lat' dir='ltr'><strong>credentes</strong></span> <span class='ocrx_word' id='word_1_192' title='bbox 2652 1193 2671 1218; x_wconf 88' lang='lat'><strong>,</strong></span> <span class='ocrx_word' id='word_1_193' title='bbox 2705 1151 2776 1206; x_wconf 85' lang='lat' dir='ltr'><strong>ab</strong></span> <span class='ocrx_word' id='word_1_194' title='bbox 2807 1151 2952 1207; x_wconf 93' lang='lat' dir='ltr'><strong>illius</strong></span> <span class='ocrx_word' id='word_1_195' title='bbox 2985 1166 3149 1223; x_wconf 86' lang='lat' dir='ltr'><strong>regno</strong></span> <span class='ocrx_word' id='word_1_196' title='bbox 3191 1151 3506 1222; x_wconf 80' lang='lat' dir='ltr'><strong>ejiciuntur.</strong></span> 
     </span>
    </p>
   </div>
   <div class='ocr_carea' id='block_1_27' title="bbox 1940 1241 3509 1315">
    <p class='ocr_par' dir='ltr' id='par_1_27' title="bbox 1940 1241 3509 1315">
     <span class='ocr_line' id='line_1_27' title="bbox 1940 1241 3509 1315; baseline 0.003 -20"><span class='ocrx_word' id='word_1_197' title='bbox 1940 1241 2210 1309; x_wconf 83' lang='lat' dir='ltr'><strong>Quocirca</strong></span> <span class='ocrx_word' id='word_1_198' title='bbox 2284 1254 2364 1310; x_wconf 86' lang='lat' dir='ltr'><strong>tu,</strong></span> <span class='ocrx_word' id='word_1_199' title='bbox 2414 1244 2706 1300; x_wconf 83' lang='lat' dir='ltr'><strong>occasione</strong></span> <span class='ocrx_word' id='word_1_200' title='bbox 2761 1244 3035 1299; x_wconf 83' lang='lat' dir='ltr'><strong>dilationis</strong></span> <span class='ocrx_word' id='word_1_201' title='bbox 3103 1243 3509 1315; x_wconf 82' lang='lat' dir='ltr'><strong>Scripturarum</strong></span> 
     </span>
    </p>
   </div>
   <div class='ocr_carea' id='block_1_28' title="bbox 1942 1336 3505 1407">
    <p class='ocr_par' dir='ltr' id='par_1_28' title="bbox 1942 1336 3505 1407">
     <span class='ocr_line' id='line_1_28' title="bbox 1942 1336 3505 1407; baseline 0.004 -18"><span class='ocrx_word' id='word_1_202' title='bbox 1942 1336 2258 1407; x_wconf 85' lang='lat' dir='ltr'><strong>mysterium</strong></span> <span class='ocrx_word' id='word_1_203' title='bbox 2286 1337 2525 1402; x_wconf 83' lang='lat' dir='ltr'><strong>discens,</strong></span> <span class='ocrx_word' id='word_1_204' title='bbox 2556 1336 2801 1392; x_wconf 91' lang='lat' dir='ltr'><strong>lucratus</strong></span> <span class='ocrx_word' id='word_1_205' title='bbox 2833 1351 2940 1392; x_wconf 87' lang='lat' dir='ltr'><strong>non</strong></span> <span class='ocrx_word' id='word_1_206' title='bbox 2969 1352 3195 1407; x_wconf 84' lang='lat' dir='ltr'><strong>peccare</strong></span> <span class='ocrx_word' id='word_1_207' title='bbox 3226 1338 3282 1392; x_wconf 87' lang='lat' dir='ltr'><strong>in</strong></span> <span class='ocrx_word' id='word_1_208' title='bbox 3311 1337 3505 1406; x_wconf 80' lang='lat' dir='ltr'><strong>Deum,</strong></span> 
     </span>
    </p>
   </div>
   <div class='ocr_carea' id='block_1_29' title="bbox 1941 1426 2871 1499">
    <p class='ocr_par' dir='ltr' id='par_1_29' title="bbox 1941 1426 2871 1499">
     <span class='ocr_line' id='line_1_29' title="bbox 1941 1426 2871 1499; baseline 0.004 -19"><span class='ocrx_word' id='word_1_209' title='bbox 1941 1426 2354 1499; x_wconf 83' lang='lat' dir='ltr'><strong>incomparabili</strong></span> <span class='ocrx_word' id='word_1_210' title='bbox 2377 1429 2575 1499; x_wconf 72' lang='lat' dir='ltr'><strong>gaudio</strong></span> <span class='ocrx_word' id='word_1_211' title='bbox 2599 1428 2871 1484; x_wconf 77' lang='lat' dir='ltr'><strong>aﬂicieris.</strong></span> 
     </span>
    </p>
   </div>
   <div class='ocr_carea' id='block_1_30' title="bbox 2004 1608 3504 1680">
    <p class='ocr_par' dir='ltr' id='par_1_30' title="bbox 2004 1608 3504 1680">
     <span class='ocr_line' id='line_1_30' title="bbox 2004 1608 3504 1680; baseline 0.003 -17"><span class='ocrx_word' id='word_1_212' title='bbox 2004 1608 2142 1664; x_wconf 83' lang='lat' dir='ltr'><strong>XLI.</strong></span> <span class='ocrx_word' id='word_1_213' title='bbox 2179 1609 2243 1664; x_wconf 88' lang='lat' dir='ltr'><strong>Et</strong></span> <span class='ocrx_word' id='word_1_214' title='bbox 2264 1626 2363 1680; x_wconf 79' lang='lat' dir='ltr'><strong>ego</strong></span> <span class='ocrx_word' id='word_1_215' title='bbox 2407 1611 2692 1674; x_wconf 81' lang='lat' dir='ltr'><strong>Clemens,</strong></span> <span class='ocrx_word' id='word_1_216' title='bbox 2731 1625 2798 1666; x_wconf 88' lang='lat' dir='ltr'><strong>eo</strong></span> <span class='ocrx_word' id='word_1_217' title='bbox 2835 1611 3061 1676; x_wconf 73' lang='lat' dir='ltr'><strong>audito,</strong></span> <span class='ocrx_word' id='word_1_218' title='bbox 3107 1610 3218 1665; x_wconf 77' lang='lat' dir='ltr'><strong>dixi</strong></span> <span class='ocrx_word' id='word_1_219' title='bbox 3249 1629 3264 1666; x_wconf 88' lang='lat'><strong>:</strong></span> <span class='ocrx_word' id='word_1_220' title='bbox 3293 1609 3504 1667; x_wconf 75' lang='lat' dir='ltr'><strong>“Revera</strong></span> 
     </span>
    </p>
   </div>
   <div class='ocr_carea' id='block_1_31' title="bbox 261 1702 1829 1782">
    <p class='ocr_par' dir='ltr' id='par_1_31' title="bbox 261 1704 1829 1778">
     <span class='ocr_line' id='line_1_31' title="bbox 261 1704 1829 1778; baseline 0 -19"><span class='ocrx_word' id='word_1_221' title='bbox 261 1723 339 1772; x_wconf 88' lang='grc' dir='ltr'><strong>ρω</strong></span> <span class='ocrx_word' id='word_1_222' title='bbox 363 1705 459 1759; x_wconf 75' lang='grc' dir='ltr'><strong>καὶ</strong></span> <span class='ocrx_word' id='word_1_223' title='bbox 507 1704 669 1775; x_wconf 86' lang='grc' dir='ltr'>χάριν</span> <span class='ocrx_word' id='word_1_224' title='bbox 723 1704 971 1776; x_wconf 75' lang='grc' dir='ltr'>ὁμολογῶ</span> <span class='ocrx_word' id='word_1_225' title='bbox 1026 1705 1105 1775; x_wconf 84' lang='grc' dir='ltr'>τῷ</span> <span class='ocrx_word' id='word_1_226' title='bbox 1156 1705 1297 1759; x_wconf 83' lang='grc' dir='ltr'>κατὰ</span> <span class='ocrx_word' id='word_1_227' title='bbox 1347 1705 1526 1759; x_wconf 80' lang='grc' dir='ltr'>πάντα</span> <span class='ocrx_word' id='word_1_228' title='bbox 1569 1706 1829 1778; x_wconf 76' lang='grc' dir='ltr'>εὐεργέτῃ</span> 
     </span>
    </p>
   </div>
   <div class='ocr_carea' id='block_1_32' title="bbox 1935 1702 3502 1782">
    <p class='ocr_par' dir='ltr' id='par_1_32' title="bbox 1936 1702 3502 1782">
     <span class='ocr_line' id='line_1_32' title="bbox 1936 1702 3502 1782; baseline 0.001 -25"><span class='ocrx_word' id='word_1_229' title='bbox 1936 1703 2166 1771; x_wconf 77' lang='lat' dir='ltr'><strong>gaudeo,</strong></span> <span class='ocrx_word' id='word_1_230' title='bbox 2191 1711 2244 1756; x_wconf 90' lang='lat' dir='ltr'><strong>et</strong></span> <span class='ocrx_word' id='word_1_231' title='bbox 2262 1703 2467 1782; x_wconf 77' lang='lat' dir='ltr'><strong>gratias</strong></span> <span class='ocrx_word' id='word_1_232' title='bbox 2498 1703 2675 1757; x_wconf 84' lang='lat' dir='ltr'><strong>habeo</strong></span> <span class='ocrx_word' id='word_1_233' title='bbox 2702 1702 2947 1760; x_wconf 78' lang='lat' dir='ltr'><strong>benefica</strong></span> <span class='ocrx_word' id='word_1_234' title='bbox 2998 1719 3222 1772; x_wconf 81' lang='lat' dir='ltr'><strong>prorsus</strong></span> <span class='ocrx_word' id='word_1_235' title='bbox 3251 1702 3382 1770; x_wconf 92' lang='lat' dir='ltr'><strong>Deo,</strong></span> <span class='ocrx_word' id='word_1_236' title='bbox 3407 1705 3502 1776; x_wconf 86' lang='lat' dir='ltr'><strong>qui</strong></span> 
     </span>
    </p>
   </div>
   <div class='ocr_carea' id='block_1_33' title="bbox 253 1792 1832 1869">
    <p class='ocr_par' dir='ltr' id='par_1_33' title="bbox 253 1792 1832 1869">
     <span class='ocr_line' id='line_1_33' title="bbox 253 1792 1832 1869; baseline 0 -19"><span class='ocrx_word' id='word_1_237' title='bbox 253 1796 378 1868; x_wconf 82' lang='grc' dir='ltr'><strong>Θεῷ</strong></span> <span class='ocrx_word' id='word_1_238' title='bbox 401 1813 417 1828; x_wconf 77' lang='grc' dir='ltr'><strong>ο</strong></span> <span class='ocrx_word' id='word_1_239' title='bbox 447 1797 589 1869; x_wconf 81' lang='grc' dir='ltr'>πλὴν</span> <span class='ocrx_word' id='word_1_240' title='bbox 619 1795 782 1860; x_wconf 72' lang='grc' dir='ltr'>αὐτὸς</span> <span class='ocrx_word' id='word_1_241' title='bbox 804 1792 941 1850; x_wconf 77' lang='grc' dir='ltr'>οἶδεν</span> <span class='ocrx_word' id='word_1_242' title='bbox 959 1797 1040 1850; x_wconf 81' lang='grc' dir='ltr'>ὅτι</span> <span class='ocrx_word' id='word_1_243' title='bbox 1078 1796 1206 1852; x_wconf 79' lang='grc' dir='ltr'>ἄλλο</span> <span class='ocrx_word' id='word_1_244' title='bbox 1231 1815 1283 1850; x_wconf 88' lang='grc' dir='ltr'><strong>τι</strong></span> <span class='ocrx_word' id='word_1_245' title='bbox 1331 1799 1548 1868; x_wconf 80' lang='grc' dir='ltr'>φρονεῖν</span> <span class='ocrx_word' id='word_1_246' title='bbox 1579 1798 1642 1851; x_wconf 74' lang='grc' dir='ltr'>οὐ</span> <span class='ocrx_word' id='word_1_247' title='bbox 1671 1797 1832 1869; x_wconf 82' lang='grc' dir='ltr'>δυνή-</span> 
     </span>
    </p>
   </div>
   <div class='ocr_carea' id='block_1_34' title="bbox 258 1887 1833 1962">
    <p class='ocr_par' dir='ltr' id='par_1_34' title="bbox 258 1887 1833 1962">
     <span class='ocr_line' id='line_1_34' title="bbox 258 1887 1833 1962; baseline 0.001 -22"><span class='ocrx_word' id='word_1_248' title='bbox 258 1904 450 1960; x_wconf 79' lang='grc' dir='ltr'>σθμαι,</span> <span class='ocrx_word' id='word_1_249' title='bbox 482 1888 516 1959; x_wconf 78' lang='grc' dir='ltr'>ἢ</span> <span class='ocrx_word' id='word_1_250' title='bbox 545 1888 568 1920; x_wconf 81' lang='grc'><strong>⁸</strong></span> <span class='ocrx_word' id='word_1_251' title='bbox 593 1887 663 1942; x_wconf 80' lang='grc' dir='ltr'><strong>τὰ</strong></span> <span class='ocrx_word' id='word_1_252' title='bbox 687 1888 863 1943; x_wconf 88' lang='grc' dir='ltr'>πάντα</span> <span class='ocrx_word' id='word_1_253' title='bbox 883 1887 1024 1961; x_wconf 74' lang='grc' dir='ltr'>ὑπὲρ</span> <span class='ocrx_word' id='word_1_254' title='bbox 1054 1887 1188 1942; x_wconf 80' lang='grc' dir='ltr'>Θεοῦ</span> <span class='ocrx_word' id='word_1_255' title='bbox 1219 1892 1455 1962; x_wconf 83' lang='grc' dir='ltr'>φρονεῖν.</span> <span class='ocrx_word' id='word_1_256' title='bbox 1477 1887 1640 1942; x_wconf 80' lang='grc' dir='ltr'>Ὅθεν</span> <span class='ocrx_word' id='word_1_257' title='bbox 1667 1891 1738 1960; x_wconf 90' lang='grc' dir='ltr'><strong>μή</strong></span> <span class='ocrx_word' id='word_1_258' title='bbox 1765 1907 1833 1960; x_wconf 77' lang='grc' dir='ltr'><strong>με</strong></span> 
     </span>
    </p>
   </div>
   <div class='ocr_carea' id='block_1_35' title="bbox 250 1979 1835 2053">
    <p class='ocr_par' dir='ltr' id='par_1_35' title="bbox 250 1979 1835 2053">
     <span class='ocr_line' id='line_1_35' title="bbox 250 1979 1835 2053; baseline 0.001 -21"><span class='ocrx_word' id='word_1_259' title='bbox 250 1979 540 2053; x_wconf 55' lang='grc' dir='ltr'>’ὑπολάϐῃς</span> <span class='ocrx_word' id='word_1_260' title='bbox 591 1981 668 2045; x_wconf 86' lang='grc' dir='ltr'>ὡς</span> <span class='ocrx_word' id='word_1_261' title='bbox 716 1980 1126 2052; x_wconf 79' lang='grc' dir='ltr'>ἀμφιϐάλλοντα</span> <span class='ocrx_word' id='word_1_262' title='bbox 1168 1983 1282 2045; x_wconf 78' lang='grc' dir='ltr'>τοῖς</span> <span class='ocrx_word' id='word_1_263' title='bbox 1317 1981 1422 2036; x_wconf 76' lang='grc' dir='ltr'><strong>ὑπὸ</strong></span> <span class='ocrx_word' id='word_1_264' title='bbox 1478 1981 1614 2035; x_wconf 82' lang='grc' dir='ltr'>Θεοῦ</span> <span class='ocrx_word' id='word_1_265' title='bbox 1653 1980 1835 2052; x_wconf 76' lang='grc' dir='ltr'>ῥηθεῖ-</span> 
     </span>
    </p>
   </div>
   <div class='ocr_carea' id='block_1_36' title="bbox 257 2071 1834 2144">
    <p class='ocr_par' dir='ltr' id='par_1_36' title="bbox 257 2071 1834 2144">
     <span class='ocr_line' id='line_1_36' title="bbox 257 2071 1834 2144; baseline 0.001 -20"><span class='ocrx_word' id='word_1_266' title='bbox 257 2089 344 2125; x_wconf 83' lang='grc' dir='ltr'><strong>σιν</strong></span> <span class='ocrx_word' id='word_1_267' title='bbox 374 2072 396 2104; x_wconf 86' lang='grc'><strong>⁹</strong></span> <span class='ocrx_word' id='word_1_268' title='bbox 427 2071 459 2143; x_wconf 82' lang='grc' dir='ltr'><strong>ἢ</strong></span> <span class='ocrx_word' id='word_1_269' title='bbox 501 2072 595 2126; x_wconf 78' lang='grc' dir='ltr'><strong>καὶ</strong></span> <span class='ocrx_word' id='word_1_270' title='bbox 643 2071 1035 2144; x_wconf 79' lang='grc' dir='ltr'>ῥηθησομένοις</span> <span class='ocrx_word' id='word_1_271' title='bbox 1088 2073 1132 2106; x_wconf 86' lang='grc'><strong>¹⁶</strong></span> <span class='ocrx_word' id='word_1_272' title='bbox 1163 2072 1560 2136; x_wconf 88' lang='grc' dir='ltr'>πυνθάνεσθαι,</span> <span class='ocrx_word' id='word_1_273' title='bbox 1605 2072 1718 2126; x_wconf 76' lang='grc' dir='ltr'>ἀλλ’</span> <span class='ocrx_word' id='word_1_274' title='bbox 1750 2073 1834 2126; x_wconf 81' lang='grc' dir='ltr'>ἵνα</span> 
     </span>
    </p>
   </div>
   <div class='ocr_carea' id='block_1_37' title="bbox 258 2163 1833 2238">
    <p class='ocr_par' dir='ltr' id='par_1_37' title="bbox 258 2163 1833 2238">
     <span class='ocr_line' id='line_1_37' title="bbox 258 2163 1833 2238; baseline -0.001 -20"><span class='ocrx_word' id='word_1_275' title='bbox 258 2163 448 2235; x_wconf 85' lang='grc' dir='ltr'>μαθὼν</span> <span class='ocrx_word' id='word_1_276' title='bbox 475 2165 568 2220; x_wconf 76' lang='grc' dir='ltr'><strong>καὶ</strong></span> <span class='ocrx_word' id='word_1_277' title='bbox 597 2165 758 2229; x_wconf 72' lang='grc' dir='ltr'>αὐτὸς</span> <span class='ocrx_word' id='word_1_278' title='bbox 785 2165 943 2220; x_wconf 70' lang='grc' dir='ltr'>ἄλλον</span> <span class='ocrx_word' id='word_1_279' title='bbox 969 2166 1325 2238; x_wconf 80' lang='grc' dir='ltr'>εὐγνωμόνως</span> <span class='ocrx_word' id='word_1_280' title='bbox 1357 2166 1398 2197; x_wconf 73' lang='grc'>⁸⁸</span> <span class='ocrx_word' id='word_1_281' title='bbox 1429 2165 1619 2236; x_wconf 82' lang='grc' dir='ltr'>μαθεῖν</span> <span class='ocrx_word' id='word_1_282' title='bbox 1652 2165 1833 2218; x_wconf 77' lang='grc' dir='ltr'>θέλον-</span> 
     </span>
    </p>
   </div>
   <div class='ocr_carea' id='block_1_38' title="bbox 252 2257 1834 2331">
    <p class='ocr_par' dir='ltr' id='par_1_38' title="bbox 252 2257 1834 2331">
     <span class='ocr_line' id='line_1_38' title="bbox 252 2257 1834 2331; baseline -0.001 -20"><span class='ocrx_word' id='word_1_283' title='bbox 252 2275 324 2311; x_wconf 90' lang='grc' dir='ltr'><strong>τα</strong></span> <span class='ocrx_word' id='word_1_284' title='bbox 356 2258 565 2326; x_wconf 76' lang='grc' dir='ltr'>διδάξαι</span> <span class='ocrx_word' id='word_1_285' title='bbox 597 2259 826 2331; x_wconf 83' lang='grc' dir='ltr'>δυνηθῶ.</span> <span class='ocrx_word' id='word_1_286' title='bbox 857 2259 949 2313; x_wconf 85' lang='grc' dir='ltr'>Διδ</span> <span class='ocrx_word' id='word_1_287' title='bbox 982 2259 1107 2329; x_wconf 77' lang='grc' dir='ltr'>λέγε</span> <span class='ocrx_word' id='word_1_288' title='bbox 1132 2277 1242 2330; x_wconf 84' lang='grc' dir='ltr'>μοι,</span> <span class='ocrx_word' id='word_1_289' title='bbox 1277 2259 1396 2312; x_wconf 85' lang='grc' dir='ltr'>τίνα</span> <span class='ocrx_word' id='word_1_290' title='bbox 1423 2258 1542 2311; x_wconf 72' lang='grc' dir='ltr'>ἐστὶ</span> <span class='ocrx_word' id='word_1_291' title='bbox 1569 2257 1636 2310; x_wconf 77' lang='grc' dir='ltr'><strong>τά</strong></span> <span class='ocrx_word' id='word_1_292' title='bbox 1667 2275 1834 2328; x_wconf 82' lang='grc' dir='ltr'>προσ-</span> 
     </span>
    </p>
   </div>
   <div class='ocr_carea' id='block_1_39' title="bbox 253 2349 1835 2423">
    <p class='ocr_par' dir='ltr' id='par_1_39' title="bbox 253 2349 1835 2423">
     <span class='ocr_line' id='line_1_39' title="bbox 253 2349 1835 2423; baseline -0.001 -20"><span class='ocrx_word' id='word_1_293' title='bbox 253 2351 484 2422; x_wconf 77' lang='grc' dir='ltr'>κείμενα</span> <span class='ocrx_word' id='word_1_294' title='bbox 518 2351 560 2383; x_wconf 79' lang='grc'>¹¹</span> <span class='ocrx_word' id='word_1_295' title='bbox 591 2350 757 2422; x_wconf 80' lang='grc' dir='ltr'>ψευδῆ</span> <span class='ocrx_word' id='word_1_296' title='bbox 787 2353 906 2416; x_wconf 80' lang='grc' dir='ltr'>ταῖς</span> <span class='ocrx_word' id='word_1_297' title='bbox 953 2352 1197 2423; x_wconf 84' lang='grc' dir='ltr'>Γραφαίς</span> <span class='ocrx_word' id='word_1_298' title='bbox 1238 2351 1332 2404; x_wconf 71' lang='grc' dir='ltr'><strong>καὶ</strong></span> <span class='ocrx_word' id='word_1_299' title='bbox 1363 2349 1516 2415; x_wconf 88' lang='grc' dir='ltr'>πῶς,</span> <span class='ocrx_word' id='word_1_300' title='bbox 1546 2349 1629 2403; x_wconf 80' lang='grc' dir='ltr'>ὅτι</span> <span class='ocrx_word' id='word_1_301' title='bbox 1661 2349 1835 2414; x_wconf 73' lang='grc' dir='ltr'>ὅντως</span> 
     </span>
    </p>
   </div>
   <div class='ocr_carea' id='block_1_40' title="bbox 253 2441 1832 2515">
    <p class='ocr_par' dir='ltr' id='par_1_40' title="bbox 253 2441 1832 2515">
     <span class='ocr_line' id='line_1_40' title="bbox 253 2441 1832 2515; baseline -0.001 -19"><span class='ocrx_word' id='word_1_302' title='bbox 253 2443 428 2513; x_wconf 80' lang='grc' dir='ltr'>ψευδῆ</span> <span class='ocrx_word' id='word_1_303' title='bbox 476 2443 752 2513; x_wconf 77' lang='grc' dir='ltr'>τυγχάνει.</span> <span class='ocrx_word' id='word_1_304' title='bbox 801 2443 914 2497; x_wconf 71' lang='grc' dir='ltr'><strong>Καὶ</strong></span> <span class='ocrx_word' id='word_1_305' title='bbox 943 2443 972 2496; x_wconf 86' lang='grc' dir='ltr'><strong>ό</strong></span> <span class='ocrx_word' id='word_1_306' title='bbox 1013 2443 1218 2515; x_wconf 79' lang='grc' dir='ltr'>Πέτρος</span> <span class='ocrx_word' id='word_1_307' title='bbox 1248 2441 1608 2514; x_wconf 81' lang='grc' dir='ltr'>ἀπεκρίνατο·</span> <span class='ocrx_word' id='word_1_308' title='bbox 1645 2444 1755 2496; x_wconf 72' lang='grc' dir='ltr'><strong>Καὶ</strong></span> <span class='ocrx_word' id='word_1_309' title='bbox 1784 2443 1832 2494; x_wconf 71' lang='grc' dir='ltr'>εὶ</span> 
     </span>
    </p>
   </div>
   <div class='ocr_carea' id='block_1_41' title="bbox 255 2534 1835 2608">
    <p class='ocr_par' dir='ltr' id='par_1_41' title="bbox 255 2534 1835 2608">
     <span class='ocr_line' id='line_1_41' title="bbox 255 2534 1835 2608; baseline -0.001 -18"><span class='ocrx_word' id='word_1_310' title='bbox 255 2536 334 2607; x_wconf 83' lang='grc' dir='ltr'><strong>μή</strong></span> <span class='ocrx_word' id='word_1_311' title='bbox 361 2553 463 2606; x_wconf 87' lang='grc' dir='ltr'><strong>μου</strong></span> <span class='ocrx_word' id='word_1_312' title='bbox 496 2535 718 2599; x_wconf 80' lang='grc' dir='ltr'>ὲπῦθου,</span> <span class='ocrx_word' id='word_1_313' title='bbox 753 2534 862 2605; x_wconf 70' lang='grc' dir='ltr'><strong>ἐγὼ</strong></span> <span class='ocrx_word' id='word_1_314' title='bbox 890 2537 956 2608; x_wconf 77' lang='grc' dir='ltr'>τῇ</span> <span class='ocrx_word' id='word_1_315' title='bbox 989 2536 1140 2603; x_wconf 86' lang='grc' dir='ltr'>τάξει</span> <span class='ocrx_word' id='word_1_316' title='bbox 1172 2536 1329 2601; x_wconf 79' lang='grc' dir='ltr'>ἐξιὼν</span> <span class='ocrx_word' id='word_1_317' title='bbox 1351 2536 1461 2588; x_wconf 86' lang='grc' dir='ltr'><strong>τῶν</strong></span> <span class='ocrx_word' id='word_1_318' title='bbox 1490 2534 1661 2604; x_wconf 86' lang='grc' dir='ltr'>λόγων</span> <span class='ocrx_word' id='word_1_319' title='bbox 1692 2553 1835 2607; x_wconf 85' lang='grc' dir='ltr'>παρ-</span> 
     </span>
    </p>
   </div>
   <div class='ocr_carea' id='block_1_42' title="bbox 253 2627 1828 2700">
    <p class='ocr_par' dir='ltr' id='par_1_42' title="bbox 253 2627 1828 2700">
     <span class='ocr_line' id='line_1_42' title="bbox 253 2627 1828 2700; baseline 0 -20"><span class='ocrx_word' id='word_1_320' title='bbox 253 2630 403 2698; x_wconf 76' lang='grc' dir='ltr'>εῖχον</span> <span class='ocrx_word' id='word_1_321' title='bbox 438 2629 535 2700; x_wconf 83' lang='grc' dir='ltr'>τὴν</span> <span class='ocrx_word' id='word_1_322' title='bbox 571 2627 862 2695; x_wconf 77' lang='grc' dir='ltr'>ἀπόδειξιν,</span> <span class='ocrx_word' id='word_1_323' title='bbox 895 2628 962 2699; x_wconf 80' lang='grc' dir='ltr'><strong>ήν</strong></span> <span class='ocrx_word' id='word_1_324' title='bbox 1003 2627 1338 2698; x_wconf 82' lang='grc' dir='ltr'>ὑπεσχόμην.</span> <span class='ocrx_word' id='word_1_325' title='bbox 1376 2627 1522 2699; x_wconf 79' lang='grc' dir='ltr'>Πλὴν</span> <span class='ocrx_word' id='word_1_326' title='bbox 1559 2627 1788 2681; x_wconf 79' lang='grc' dir='ltr'>ἄκουσον</span> <span class='ocrx_word' id='word_1_327' title='bbox 1811 2667 1828 2691; x_wconf 93' lang='grc'><strong>,</strong></span> 
     </span>
    </p>
   </div>
   <div class='ocr_carea' id='block_1_43' title="bbox 252 2719 1830 2794">
    <p class='ocr_par' dir='ltr' id='par_1_43' title="bbox 252 2719 1830 2794">
     <span class='ocr_line' id='line_1_43' title="bbox 252 2719 1830 2794; baseline 0 -22"><span class='ocrx_word' id='word_1_328' title='bbox 252 2719 376 2784; x_wconf 31' lang='grc' dir='ltr'>,πῶς</span> <span class='ocrx_word' id='word_1_329' title='bbox 406 2719 572 2773; x_wconf 76' lang='grc' dir='ltr'>αὐτοῦ</span> <span class='ocrx_word' id='word_1_330' title='bbox 601 2719 767 2773; x_wconf 85' lang='grc' dir='ltr'>πολλὰ</span> <span class='ocrx_word' id='word_1_331' title='bbox 788 2719 1210 2790; x_wconf 77' lang='grc' dir='ltr'>καταψεύδονται</span> <span class='ocrx_word' id='word_1_332' title='bbox 1231 2719 1290 2773; x_wconf 73' lang='lat' dir='ltr'><strong>at</strong></span> <span class='ocrx_word' id='word_1_333' title='bbox 1321 2719 1532 2791; x_wconf 76' lang='grc' dir='ltr'>Γραφαὶ</span> <span class='ocrx_word' id='word_1_334' title='bbox 1555 2758 1570 2782; x_wconf 89' lang='grc'><strong>,</strong></span> <span class='ocrx_word' id='word_1_335' title='bbox 1599 2719 1676 2784; x_wconf 87' lang='grc' dir='ltr'><strong>ὡς</strong></span> <span class='ocrx_word' id='word_1_336' title='bbox 1707 2719 1830 2794; x_wconf 69' lang='grc' dir='ltr'>εἴσῃ</span> 
     </span>
    </p>
   </div>
   <div class='ocr_carea' id='block_1_44' title="bbox 254 2812 843 2883">
    <p class='ocr_par' dir='ltr' id='par_1_44' title="bbox 254 2812 843 2883">
     <span class='ocr_line' id='line_1_44' title="bbox 254 2812 843 2883; baseline 0.002 -18"><span class='ocrx_word' id='word_1_337' title='bbox 254 2813 600 2883; x_wconf 70' lang='grc' dir='ltr'>ἰντυγχάνων</span> <span class='ocrx_word' id='word_1_338' title='bbox 630 2812 843 2876; x_wconf 73' lang='grc' dir='ltr'>αὐταῖς.</span> 
     </span>
    </p>
   </div>
   <div class='ocr_carea' id='block_1_45' title="bbox 322 2903 1828 2978">
    <p class='ocr_par' dir='ltr' id='par_1_45' title="bbox 322 2903 1828 2978">
     <span class='ocr_line' id='line_1_45' title="bbox 322 2903 1828 2978; baseline 0 -20"><span class='ocrx_word' id='word_1_339' title='bbox 322 2903 492 2959; x_wconf 77' lang='lat' dir='ltr'><strong>XLII.</strong></span> <span class='ocrx_word' id='word_1_340' title='bbox 526 2903 975 2978; x_wconf 83' lang='grc' dir='ltr'>Παραδείγματος</span> <span class='ocrx_word' id='word_1_341' title='bbox 1011 2903 1068 2958; x_wconf 72' lang='grc' dir='ltr'>δὲ</span> <span class='ocrx_word' id='word_1_342' title='bbox 1099 2903 1285 2959; x_wconf 72' lang='grc' dir='ltr'>ἕνεκεν</span> <span class='ocrx_word' id='word_1_343' title='bbox 1313 2904 1358 2936; x_wconf 82' lang='grc'><strong>¹³</strong></span> <span class='ocrx_word' id='word_1_344' title='bbox 1377 2903 1446 2958; x_wconf 83' lang='grc' dir='ltr'>τὰ</span> <span class='ocrx_word' id='word_1_345' title='bbox 1485 2904 1828 2976; x_wconf 80' lang='grc' dir='ltr'>ῥηθησόμενα</span> 
     </span>
    </p>
   </div>
   <div class='ocr_carea' id='block_1_46' title="bbox 253 2989 1827 3069">
    <p class='ocr_par' dir='ltr' id='par_1_46' title="bbox 253 2989 1827 3069">
     <span class='ocr_line' id='line_1_46' title="bbox 253 2989 1827 3069; baseline -0.002 -17"><span class='ocrx_word' id='word_1_346' title='bbox 253 2996 547 3069; x_wconf 69' lang='grc' dir='ltr'>αὐτάρκως</span> <span class='ocrx_word' id='word_1_347' title='bbox 574 2998 705 3065; x_wconf 77' lang='grc' dir='ltr'>ἔξει.</span> <span class='ocrx_word' id='word_1_348' title='bbox 730 2997 845 3052; x_wconf 79' lang='grc' dir='ltr'><strong>Οὐκ</strong></span> <span class='ocrx_word' id='word_1_349' title='bbox 865 2999 970 3068; x_wconf 72' lang='grc'><strong>72</strong></span> <span class='ocrx_word' id='word_1_350' title='bbox 1001 2990 1152 3068; x_wconf 74' lang='grc' dir='ltr'>οἶμαι</span> <span class='ocrx_word' id='word_1_351' title='bbox 1184 2997 1261 3061; x_wconf 81' lang='grc' dir='ltr'>δὲ,</span> <span class='ocrx_word' id='word_1_352' title='bbox 1283 2989 1328 3051; x_wconf 79' lang='grc' dir='ltr'><strong>ὦ</strong></span> <span class='ocrx_word' id='word_1_353' title='bbox 1359 2994 1480 3066; x_wconf 82' lang='grc' dir='ltr'>φίλε</span> <span class='ocrx_word' id='word_1_354' title='bbox 1507 2996 1756 3069; x_wconf 84' lang='grc' dir='ltr'>Κλήμης,</span> <span class='ocrx_word' id='word_1_355' title='bbox 1778 2997 1827 3049; x_wconf 80' lang='grc' dir='ltr'>ει</span> 
     </span>
    </p>
   </div>
   <div class='ocr_carea' id='block_1_47' title="bbox 1933 1794 3505 1865">
    <p class='ocr_par' dir='ltr' id='par_1_47' title="bbox 1933 1794 3505 1865">
     <span class='ocr_line' id='line_1_47' title="bbox 1933 1794 3505 1865; baseline 0.002 -16"><span class='ocrx_word' id='word_1_356' title='bbox 1933 1795 2096 1849; x_wconf 88' lang='lat' dir='ltr'><strong>etiam</strong></span> <span class='ocrx_word' id='word_1_357' title='bbox 2130 1794 2234 1850; x_wconf 89' lang='lat' dir='ltr'><strong>scit</strong></span> <span class='ocrx_word' id='word_1_358' title='bbox 2291 1809 2378 1849; x_wconf 91' lang='lat' dir='ltr'><strong>me</strong></span> <span class='ocrx_word' id='word_1_359' title='bbox 2401 1794 2553 1850; x_wconf 82' lang='lat' dir='ltr'><strong>aliud</strong></span> <span class='ocrx_word' id='word_1_360' title='bbox 2597 1795 2799 1850; x_wconf 88' lang='lat' dir='ltr'><strong>sentire</strong></span> <span class='ocrx_word' id='word_1_361' title='bbox 2829 1811 2936 1849; x_wconf 90' lang='lat' dir='ltr'><strong>non</strong></span> <span class='ocrx_word' id='word_1_362' title='bbox 2961 1810 3146 1865; x_wconf 88' lang='lat' dir='ltr'><strong>posse,</strong></span> <span class='ocrx_word' id='word_1_363' title='bbox 3181 1795 3287 1851; x_wconf 87' lang='lat' dir='ltr'><strong>nisi</strong></span> <span class='ocrx_word' id='word_1_364' title='bbox 3310 1806 3505 1852; x_wconf 86' lang='lat' dir='ltr'><strong>cuncta</strong></span> 
     </span>
    </p>
   </div>
   <div class='ocr_carea' id='block_1_48' title="bbox 1934 1886 3506 1958">
    <p class='ocr_par' dir='ltr' id='par_1_48' title="bbox 1934 1886 3506 1958">
     <span class='ocr_line' id='line_1_48' title="bbox 1934 1886 3506 1958; baseline 0 -16"><span class='ocrx_word' id='word_1_365' title='bbox 1934 1902 2034 1957; x_wconf 86' lang='lat' dir='ltr'><strong>pro</strong></span> <span class='ocrx_word' id='word_1_366' title='bbox 2055 1903 2142 1942; x_wconf 89' lang='lat' dir='ltr'><strong>eo.</strong></span> <span class='ocrx_word' id='word_1_367' title='bbox 2176 1886 2444 1953; x_wconf 84' lang='lat' dir='ltr'><strong>Quocirca</strong></span> <span class='ocrx_word' id='word_1_368' title='bbox 2471 1904 2540 1943; x_wconf 91' lang='lat' dir='ltr'><strong>ne</strong></span> <span class='ocrx_word' id='word_1_369' title='bbox 2563 1888 2776 1954; x_wconf 85' lang='lat' dir='ltr'><strong>credas,</strong></span> <span class='ocrx_word' id='word_1_370' title='bbox 2809 1903 2897 1942; x_wconf 91' lang='lat' dir='ltr'><strong>me</strong></span> <span class='ocrx_word' id='word_1_371' title='bbox 2915 1927 2931 1952; x_wconf 92' lang='lat'><strong>,</strong></span> <span class='ocrx_word' id='word_1_372' title='bbox 2970 1888 3128 1958; x_wconf 85' lang='lat' dir='ltr'><strong>quasi</strong></span> <span class='ocrx_word' id='word_1_373' title='bbox 3165 1887 3231 1943; x_wconf 85' lang='lat' dir='ltr'><strong>de</strong></span> <span class='ocrx_word' id='word_1_374' title='bbox 3254 1887 3353 1943; x_wconf 90' lang='lat' dir='ltr'><strong>Dei</strong></span> <span class='ocrx_word' id='word_1_375' title='bbox 3381 1903 3506 1943; x_wconf 87' lang='lat' dir='ltr'><strong>ver-</strong></span> 
     </span>
    </p>
   </div>
   <div class='ocr_carea' id='block_1_49' title="bbox 1934 1979 3501 2054">
    <p class='ocr_par' dir='ltr' id='par_1_49' title="bbox 1934 1979 3501 2054">
     <span class='ocr_line' id='line_1_49' title="bbox 1934 1979 3501 2054; baseline 0.004 -21"><span class='ocrx_word' id='word_1_376' title='bbox 1934 1979 2019 2034; x_wconf 90' lang='lat' dir='ltr'><strong>bis</strong></span> <span class='ocrx_word' id='word_1_377' title='bbox 2047 1980 2132 2034; x_wconf 90' lang='lat' dir='ltr'><strong>vel</strong></span> <span class='ocrx_word' id='word_1_378' title='bbox 2154 1980 2221 2034; x_wconf 92' lang='lat' dir='ltr'><strong>de</strong></span> <span class='ocrx_word' id='word_1_379' title='bbox 2251 1980 2318 2036; x_wconf 91' lang='lat' dir='ltr'><strong>iis</strong></span> <span class='ocrx_word' id='word_1_380' title='bbox 2335 1995 2458 2050; x_wconf 70' lang='lat' dir='ltr'><strong>quze</strong></span> <span class='ocrx_word' id='word_1_381' title='bbox 2483 1981 2732 2037; x_wconf 89' lang='lat' dir='ltr'><strong>dicturus</strong></span> <span class='ocrx_word' id='word_1_382' title='bbox 2759 1981 3098 2046; x_wconf 88' lang='lat' dir='ltr'><strong>esdubitem,</strong></span> <span class='ocrx_word' id='word_1_383' title='bbox 3129 1982 3501 2054; x_wconf 83' lang='lat' dir='ltr'><strong>interrogare;</strong></span> 
     </span>
    </p>
   </div>
   <div class='ocr_carea' id='block_1_50' title="bbox 1935 2073 3506 2144">
    <p class='ocr_par' dir='ltr' id='par_1_50' title="bbox 1935 2073 3506 2144">
     <span class='ocr_line' id='line_1_50' title="bbox 1935 2073 3506 2144; baseline 0.004 -18"><span class='ocrx_word' id='word_1_384' title='bbox 1935 2073 2029 2127; x_wconf 88' lang='lat' dir='ltr'><strong>sed</strong></span> <span class='ocrx_word' id='word_1_385' title='bbox 2060 2081 2120 2127; x_wconf 91' lang='lat' dir='ltr'><strong>ut</strong></span> <span class='ocrx_word' id='word_1_386' title='bbox 2150 2073 2419 2128; x_wconf 88' lang='lat' dir='ltr'><strong>audiendo</strong></span> <span class='ocrx_word' id='word_1_387' title='bbox 2441 2073 2556 2143; x_wconf 89' lang='lat' dir='ltr'><strong>ipse</strong></span> <span class='ocrx_word' id='word_1_388' title='bbox 2575 2089 2794 2144; x_wconf 84' lang='lat' dir='ltr'><strong>quoque</strong></span> <span class='ocrx_word' id='word_1_389' title='bbox 2840 2074 3012 2129; x_wconf 87' lang='lat' dir='ltr'><strong>alium</strong></span> <span class='ocrx_word' id='word_1_390' title='bbox 3051 2075 3283 2131; x_wconf 86' lang='lat' dir='ltr'><strong>candide</strong></span> <span class='ocrx_word' id='word_1_391' title='bbox 3310 2077 3506 2133; x_wconf 82' lang='lat' dir='ltr'><strong>audire</strong></span> 
     </span>
    </p>
   </div>
   <div class='ocr_carea' id='block_1_51' title="bbox 1933 2164 3504 2238">
    <p class='ocr_par' dir='ltr' id='par_1_51' title="bbox 1933 2164 3504 2238">
     <span class='ocr_line' id='line_1_51' title="bbox 1933 2164 3504 2238; baseline 0.003 -19"><span class='ocrx_word' id='word_1_392' title='bbox 1933 2164 2334 2220; x_wconf 80' lang='lat' dir='ltr'><strong>desiderantem</strong></span> <span class='ocrx_word' id='word_1_393' title='bbox 2385 2167 2582 2221; x_wconf 87' lang='lat' dir='ltr'><strong>docere</strong></span> <span class='ocrx_word' id='word_1_394' title='bbox 2628 2168 2856 2222; x_wconf 80' lang='lat' dir='ltr'><strong>valeam.</strong></span> <span class='ocrx_word' id='word_1_395' title='bbox 2891 2168 3100 2222; x_wconf 85' lang='lat' dir='ltr'><strong>Idcirco</strong></span> <span class='ocrx_word' id='word_1_396' title='bbox 3121 2183 3334 2238; x_wconf 74' lang='lat' dir='ltr'><strong>expone</strong></span> <span class='ocrx_word' id='word_1_397' title='bbox 3366 2170 3504 2224; x_wconf 87' lang='lat' dir='ltr'><strong>mihi</strong></span> 
     </span>
    </p>
   </div>
   <div class='ocr_carea' id='block_1_52' title="bbox 1934 2257 3505 2327">
    <p class='ocr_par' dir='ltr' id='par_1_52' title="bbox 1934 2257 3505 2327">
     <span class='ocr_line' id='line_1_52' title="bbox 1934 2257 3505 2327; baseline 0.003 -15"><span class='ocrx_word' id='word_1_398' title='bbox 1934 2273 2185 2327; x_wconf 73' lang='lat' dir='ltr'><strong>quamam</strong></span> <span class='ocrx_word' id='word_1_399' title='bbox 2227 2259 2336 2314; x_wconf 88' lang='lat' dir='ltr'><strong>sint</strong></span> <span class='ocrx_word' id='word_1_400' title='bbox 2364 2258 2644 2314; x_wconf 80' lang='lat' dir='ltr'><strong>mendacia</strong></span> <span class='ocrx_word' id='word_1_401' title='bbox 2676 2259 2730 2312; x_wconf 92' lang='lat' dir='ltr'><strong>in</strong></span> <span class='ocrx_word' id='word_1_402' title='bbox 2781 2257 3081 2326; x_wconf 89' lang='lat' dir='ltr'><strong>Scripturis</strong></span> <span class='ocrx_word' id='word_1_403' title='bbox 3109 2260 3379 2314; x_wconf 79' lang='lat' dir='ltr'><strong>exstantia</strong></span> <span class='ocrx_word' id='word_1_404' title='bbox 3399 2301 3414 2326; x_wconf 96' lang='lat'><strong>,</strong></span> <span class='ocrx_word' id='word_1_405' title='bbox 3450 2274 3505 2317; x_wconf 76' lang='lat' dir='ltr'><strong>et</strong></span> 
     </span>
    </p>
   </div>
   <div class='ocr_carea' id='block_1_53' title="bbox 1933 2348 3500 2422">
    <p class='ocr_par' dir='ltr' id='par_1_53' title="bbox 1933 2348 3500 2422">
     <span class='ocr_line' id='line_1_53' title="bbox 1933 2348 3500 2422; baseline 0.003 -19"><span class='ocrx_word' id='word_1_406' title='bbox 1933 2365 2044 2419; x_wconf 84' lang='lat' dir='ltr'><strong>quo</strong></span> <span class='ocrx_word' id='word_1_407' title='bbox 2073 2351 2238 2404; x_wconf 88' lang='lat' dir='ltr'><strong>modo</strong></span> <span class='ocrx_word' id='word_1_408' title='bbox 2266 2365 2393 2404; x_wconf 87' lang='lat' dir='ltr'><strong>vere</strong></span> <span class='ocrx_word' id='word_1_409' title='bbox 2421 2348 2702 2405; x_wconf 89' lang='lat' dir='ltr'><strong>mendacia</strong></span> <span class='ocrx_word' id='word_1_410' title='bbox 2719 2350 2847 2405; x_wconf 91' lang='lat' dir='ltr'><strong>sint.</strong></span> <span class='ocrx_word' id='word_1_411' title='bbox 2870 2350 2948 2405; x_wconf 82' lang='lat' dir='ltr'><strong>Ac</strong></span> <span class='ocrx_word' id='word_1_412' title='bbox 2965 2349 3157 2406; x_wconf 86' lang='lat' dir='ltr'><strong>Petrus</strong></span> <span class='ocrx_word' id='word_1_413' title='bbox 3188 2353 3500 2422; x_wconf 82' lang='lat' dir='ltr'><strong>respondit:</strong></span> 
     </span>
    </p>
   </div>
   <div class='ocr_carea' id='block_1_54' title="bbox 1930 2442 3503 2514">
    <p class='ocr_par' dir='ltr' id='par_1_54' title="bbox 1930 2442 3503 2514">
     <span class='ocr_line' id='line_1_54' title="bbox 1930 2442 3503 2514; baseline 0.003 -17"><span class='ocrx_word' id='word_1_414' title='bbox 1930 2443 2085 2499; x_wconf 82' lang='lat' dir='ltr'><strong>Licet</strong></span> <span class='ocrx_word' id='word_1_415' title='bbox 2127 2457 2213 2497; x_wconf 91' lang='lat' dir='ltr'><strong>me</strong></span> <span class='ocrx_word' id='word_1_416' title='bbox 2264 2457 2374 2497; x_wconf 84' lang='lat' dir='ltr'><strong>non</strong></span> <span class='ocrx_word' id='word_1_417' title='bbox 2408 2447 2836 2513; x_wconf 84' lang='lat' dir='ltr'><strong>interrogasses,</strong></span> <span class='ocrx_word' id='word_1_418' title='bbox 2876 2456 2978 2510; x_wconf 76' lang='lat' dir='ltr'><strong>ego</strong></span> <span class='ocrx_word' id='word_1_419' title='bbox 3012 2442 3260 2498; x_wconf 84' lang='lat' dir='ltr'><strong>ordinem</strong></span> <span class='ocrx_word' id='word_1_420' title='bbox 3311 2459 3503 2514; x_wconf 85' lang='lat' dir='ltr'><strong>prose-</strong></span> 
     </span>
    </p>
   </div>
   <div class='ocr_carea' id='block_1_55' title="bbox 1932 2533 3502 2605">
    <p class='ocr_par' dir='ltr' id='par_1_55' title="bbox 1932 2533 3502 2605">
     <span class='ocr_line' id='line_1_55' title="bbox 1932 2533 3502 2605; baseline 0.002 -17"><span class='ocrx_word' id='word_1_421' title='bbox 1932 2551 2108 2605; x_wconf 88' lang='lat' dir='ltr'><strong>quens</strong></span> <span class='ocrx_word' id='word_1_422' title='bbox 2157 2549 2470 2590; x_wconf 85' lang='lat' dir='ltr'><strong>sermonum</strong></span> <span class='ocrx_word' id='word_1_423' title='bbox 2518 2533 2890 2589; x_wconf 72' lang='lat' dir='ltr'><strong>eahibuissem</strong></span> <span class='ocrx_word' id='word_1_424' title='bbox 2931 2534 3456 2593; x_wconf 78' lang='lat' dir='ltr'><strong>demonstrationem</strong></span> <span class='ocrx_word' id='word_1_425' title='bbox 3483 2577 3502 2603; x_wconf 92' lang='lat'><strong>,</strong></span> 
     </span>
    </p>
   </div>
   <div class='ocr_carea' id='block_1_56' title="bbox 1929 2624 3501 2697">
    <p class='ocr_par' dir='ltr' id='par_1_56' title="bbox 1929 2624 3501 2697">
     <span class='ocr_line' id='line_1_56' title="bbox 1929 2624 3501 2697; baseline 0.001 -15"><span class='ocrx_word' id='word_1_426' title='bbox 1929 2643 2095 2697; x_wconf 88' lang='lat' dir='ltr'><strong>quam</strong></span> <span class='ocrx_word' id='word_1_427' title='bbox 2128 2627 2509 2697; x_wconf 88' lang='lat' dir='ltr'><strong>promiseram.</strong></span> <span class='ocrx_word' id='word_1_428' title='bbox 2545 2625 2714 2697; x_wconf 79' lang='lat' dir='ltr'><strong>Igitur</strong></span> <span class='ocrx_word' id='word_1_429' title='bbox 2736 2624 2888 2693; x_wconf 85' lang='lat' dir='ltr'><strong>audi,</strong></span> <span class='ocrx_word' id='word_1_430' title='bbox 2916 2640 3029 2696; x_wconf 82' lang='lat' dir='ltr'><strong>quo</strong></span> <span class='ocrx_word' id='word_1_431' title='bbox 3058 2640 3214 2696; x_wconf 88' lang='lat' dir='ltr'><strong>pacto</strong></span> <span class='ocrx_word' id='word_1_432' title='bbox 3245 2629 3417 2684; x_wconf 88' lang='lat' dir='ltr'><strong>multa</strong></span> <span class='ocrx_word' id='word_1_433' title='bbox 3444 2630 3501 2684; x_wconf 90' lang='lat' dir='ltr'><strong>in</strong></span> 
     </span>
    </p>
   </div>
   <div class='ocr_carea' id='block_1_57' title="bbox 1929 2706 3502 2788">
    <p class='ocr_par' dir='ltr' id='par_1_57' title="bbox 1929 2706 3502 2788">
     <span class='ocr_line' id='line_1_57' title="bbox 1929 2706 3502 2788; baseline 0.003 -16"><span class='ocrx_word' id='word_1_434' title='bbox 1929 2715 2100 2774; x_wconf 79' lang='lat' dir='ltr'><strong>Deum</strong></span> <span class='ocrx_word' id='word_1_435' title='bbox 2153 2719 2484 2774; x_wconf 88' lang='lat' dir='ltr'><strong>mentiantur</strong></span> <span class='ocrx_word' id='word_1_436' title='bbox 2532 2717 2867 2788; x_wconf 64' lang='lat' dir='ltr'><strong>Scriptura,</strong></span> <span class='ocrx_word' id='word_1_437' title='bbox 2916 2706 3374 2788; x_wconf 84' lang='lat' dir='ltr'><strong>quemadmodum</strong></span> <span class='ocrx_word' id='word_1_438' title='bbox 3406 2737 3502 2777; x_wconf 89' lang='lat' dir='ltr'><strong>eas</strong></span> 
     </span>
    </p>
   </div>
   <div class='ocr_carea' id='block_1_58' title="bbox 1928 2811 2482 2883">
    <p class='ocr_par' dir='ltr' id='par_1_58' title="bbox 1928 2811 2482 2883">
     <span class='ocr_line' id='line_1_58' title="bbox 1928 2811 2482 2883; baseline 0.002 -18"><span class='ocrx_word' id='word_1_439' title='bbox 1928 2811 2160 2883; x_wconf 78' lang='lat' dir='ltr'><strong>legendo</strong></span> <span class='ocrx_word' id='word_1_440' title='bbox 2190 2812 2482 2882; x_wconf 77' lang='lat' dir='ltr'><strong>intelliges.</strong></span> 
     </span>
    </p>
   </div>
   <div class='ocr_carea' id='block_1_59' title="bbox 1999 2904 3500 2974">
    <p class='ocr_par' dir='ltr' id='par_1_59' title="bbox 1999 2904 3500 2974">
     <span class='ocr_line' id='line_1_59' title="bbox 1999 2904 3500 2974; baseline 0.002 -17"><span class='ocrx_word' id='word_1_441' title='bbox 1999 2904 2162 2958; x_wconf 80' lang='lat' dir='ltr'><strong>XLII.</strong></span> <span class='ocrx_word' id='word_1_442' title='bbox 2189 2904 2434 2974; x_wconf 78' lang='lat' dir='ltr'><strong>Exempli</strong></span> <span class='ocrx_word' id='word_1_443' title='bbox 2465 2913 2646 2957; x_wconf 84' lang='lat' dir='ltr'><strong>autem</strong></span> <span class='ocrx_word' id='word_1_444' title='bbox 2675 2904 2886 2973; x_wconf 82' lang='lat' dir='ltr'><strong>gratia,</strong></span> <span class='ocrx_word' id='word_1_445' title='bbox 2917 2919 3040 2974; x_wconf 74' lang='lat' dir='ltr'><strong>qua:</strong></span> <span class='ocrx_word' id='word_1_446' title='bbox 3062 2904 3342 2972; x_wconf 83' lang='lat' dir='ltr'><strong>dicentur,</strong></span> <span class='ocrx_word' id='word_1_447' title='bbox 3381 2905 3500 2962; x_wconf 67' lang='lat' dir='ltr'><strong>suf-</strong></span> 
     </span>
    </p>
   </div>
   <div class='ocr_carea' id='block_1_60' title="bbox 1933 2994 3498 3068">
    <p class='ocr_par' dir='ltr' id='par_1_60' title="bbox 1933 2994 3498 3068">
     <span class='ocr_line' id='line_1_60' title="bbox 1933 2994 3498 3068; baseline 0.002 -18"><span class='ocrx_word' id='word_1_448' title='bbox 1933 2997 2132 3052; x_wconf 83' lang='lat' dir='ltr'><strong>licient.</strong></span> <span class='ocrx_word' id='word_1_449' title='bbox 2175 2995 2242 3050; x_wconf 87' lang='lat' dir='ltr'><strong>Et</strong></span> <span class='ocrx_word' id='word_1_450' title='bbox 2289 3011 2448 3061; x_wconf 89' lang='lat' dir='ltr'><strong>vero,</strong></span> <span class='ocrx_word' id='word_1_451' title='bbox 2499 2997 2678 3050; x_wconf 85' lang='lat' dir='ltr'><strong>amice</strong></span> <span class='ocrx_word' id='word_1_452' title='bbox 2707 2994 2958 3052; x_wconf 89' lang='lat' dir='ltr'><strong>Clemens</strong></span> <span class='ocrx_word' id='word_1_453' title='bbox 2981 3036 2998 3063; x_wconf 96' lang='lat'><strong>,</strong></span> <span class='ocrx_word' id='word_1_454' title='bbox 3031 2998 3216 3052; x_wconf 87' lang='lat' dir='ltr'><strong>nescio</strong></span> <span class='ocrx_word' id='word_1_455' title='bbox 3241 3011 3310 3052; x_wconf 89' lang='lat' dir='ltr'><strong>an</strong></span> <span class='ocrx_word' id='word_1_456' title='bbox 3346 2999 3498 3068; x_wconf 85' lang='lat' dir='ltr'><strong>quis-</strong></span> 
     </span>
    </p>
   </div>
   <div class='ocr_carea' id='block_1_61' title="bbox 253 3081 1829 3163">
    <p class='ocr_par' dir='ltr' id='par_1_61' title="bbox 253 3087 1825 3163">
     <span class='ocr_line' id='line_1_61' title="bbox 253 3087 1825 3163; baseline -0.001 -20"><span class='ocrx_word' id='word_1_457' title='bbox 253 3089 549 3163; x_wconf 84' lang='grc' dir='ltr'>δυνήσεταί</span> <span class='ocrx_word' id='word_1_458' title='bbox 591 3108 696 3154; x_wconf 89' lang='grc' dir='ltr'>τις,</span> <span class='ocrx_word' id='word_1_459' title='bbox 740 3090 844 3144; x_wconf 77' lang='grc' dir='ltr'>κᾶν</span> <span class='ocrx_word' id='word_1_460' title='bbox 891 3087 1148 3162; x_wconf 82' lang='grc' dir='ltr'>βραχεῖάν</span> <span class='ocrx_word' id='word_1_461' title='bbox 1177 3106 1299 3142; x_wconf 87' lang='grc' dir='ltr'>τινα</span> <span class='ocrx_word' id='word_1_462' title='bbox 1331 3088 1467 3161; x_wconf 75' lang='grc' dir='ltr'>πρὸς</span> <span class='ocrx_word' id='word_1_463' title='bbox 1501 3087 1633 3142; x_wconf 79' lang='grc' dir='ltr'>Θεὸν</span> <span class='ocrx_word' id='word_1_464' title='bbox 1666 3105 1825 3160; x_wconf 85' lang='grc' dir='ltr'>στορ-</span> 
     </span>
    </p>
   </div>
   <div class='ocr_carea' id='block_1_62' title="bbox 1935 3081 3500 3163">
    <p class='ocr_par' dir='ltr' id='par_1_62' title="bbox 1935 3087 3500 3161">
     <span class='ocr_line' id='line_1_62' title="bbox 1935 3087 3500 3161; baseline 0.001 -17"><span class='ocrx_word' id='word_1_465' title='bbox 1935 3105 2116 3161; x_wconf 83' lang='lat' dir='ltr'><strong>quam,</strong></span> <span class='ocrx_word' id='word_1_466' title='bbox 2145 3090 2238 3159; x_wconf 91' lang='lat' dir='ltr'><strong>qui</strong></span> <span class='ocrx_word' id='word_1_467' title='bbox 2279 3090 2365 3144; x_wconf 85' lang='lat' dir='ltr'><strong>vel</strong></span> <span class='ocrx_word' id='word_1_468' title='bbox 2419 3090 2672 3158; x_wconf 80' lang='lat' dir='ltr'><strong>exiguam</strong></span> <span class='ocrx_word' id='word_1_469' title='bbox 2705 3104 2832 3160; x_wconf 75' lang='lat' dir='ltr'><strong>erga</strong></span> <span class='ocrx_word' id='word_1_470' title='bbox 2869 3087 3042 3144; x_wconf 87' lang='lat' dir='ltr'><strong>Deum</strong></span> <span class='ocrx_word' id='word_1_471' title='bbox 3095 3090 3414 3147; x_wconf 84' lang='lat' dir='ltr'><strong>charitatem</strong></span> <span class='ocrx_word' id='word_1_472' title='bbox 3442 3101 3500 3148; x_wconf 82' lang='lat' dir='ltr'><strong>et</strong></span> 
     </span>
    </p>
   </div>
   <div class='ocr_carea' id='block_1_63' title="bbox 253 3180 1824 3254">
    <p class='ocr_par' dir='ltr' id='par_1_63' title="bbox 253 3180 1824 3254">
     <span class='ocr_line' id='line_1_63' title="bbox 253 3180 1824 3254; baseline -0.002 -18"><span class='ocrx_word' id='word_1_473' title='bbox 253 3184 357 3254; x_wconf 76' lang='grc' dir='ltr'><strong>γὴν</strong></span> <span class='ocrx_word' id='word_1_474' title='bbox 393 3182 490 3237; x_wconf 76' lang='grc' dir='ltr'><strong>καὶ</strong></span> <span class='ocrx_word' id='word_1_475' title='bbox 534 3183 955 3254; x_wconf 75' lang='grc' dir='ltr'>εὖγνωμοσύνην</span> <span class='ocrx_word' id='word_1_476' title='bbox 999 3180 1320 3247; x_wconf 73' lang='grc' dir='ltr'>άποσὼζων,</span> <span class='ocrx_word' id='word_1_477' title='bbox 1354 3181 1760 3254; x_wconf 72' lang='grc' dir='ltr'>παραδέξασθαι</span> <span class='ocrx_word' id='word_1_478' title='bbox 1789 3180 1824 3252; x_wconf 75' lang='grc' dir='ltr'><strong>ἢ</strong></span> 
     </span>
    </p>
   </div>
   <div class='ocr_carea' id='block_1_64' title="bbox 253 3273 1826 3346">
    <p class='ocr_par' dir='ltr' id='par_1_64' title="bbox 253 3273 1826 3346">
     <span class='ocr_line' id='line_1_64' title="bbox 253 3273 1826 3346; baseline -0.001 -16"><span class='ocrx_word' id='word_1_479' title='bbox 253 3275 356 3330; x_wconf 73' lang='grc' dir='ltr'>κᾶν</span> <span class='ocrx_word' id='word_1_480' title='bbox 382 3276 615 3330; x_wconf 76' lang='grc' dir='ltr'>ἀκοῦσαι</span> <span class='ocrx_word' id='word_1_481' title='bbox 644 3275 713 3330; x_wconf 75' lang='grc' dir='ltr'>τὰ</span> <span class='ocrx_word' id='word_1_482' title='bbox 737 3277 854 3330; x_wconf 84' lang='grc' dir='ltr'>κατ’</span> <span class='ocrx_word' id='word_1_483' title='bbox 882 3274 1046 3330; x_wconf 77' lang='grc' dir='ltr'>αὐτοῦ</span> <span class='ocrx_word' id='word_1_484' title='bbox 1090 3274 1378 3346; x_wconf 83' lang='grc' dir='ltr'>λεγόμενα.</span> <span class='ocrx_word' id='word_1_485' title='bbox 1418 3273 1543 3338; x_wconf 83' lang='grc' dir='ltr'>Πῶς</span> <span class='ocrx_word' id='word_1_486' title='bbox 1587 3273 1643 3328; x_wconf 79' lang='grc' dir='ltr'>δὲ</span> <span class='ocrx_word' id='word_1_487' title='bbox 1682 3273 1826 3328; x_wconf 79' lang='grc' dir='ltr'>ἔστιν</span> 
     </span>
    </p>
   </div>
   <div class='ocr_carea' id='block_1_65' title="bbox 251 3365 1827 3440">
    <p class='ocr_par' dir='ltr' id='par_1_65' title="bbox 251 3365 1827 3440">
     <span class='ocr_line' id='line_1_65' title="bbox 251 3365 1827 3440; baseline -0.002 -19"><span class='ocrx_word' id='word_1_488' title='bbox 251 3368 414 3423; x_wconf 82' lang='grc' dir='ltr'>αὐτόν</span> <span class='ocrx_word' id='word_1_489' title='bbox 469 3386 590 3422; x_wconf 88' lang='grc' dir='ltr'>τινα</span> <span class='ocrx_word' id='word_1_490' title='bbox 646 3368 980 3440; x_wconf 78' lang='grc' dir='ltr'>μοναρχικὴν</span> <span class='ocrx_word' id='word_1_491' title='bbox 1021 3366 1198 3438; x_wconf 80' lang='grc' dir='ltr'>ψυχὴν</span> <span class='ocrx_word' id='word_1_492' title='bbox 1228 3366 1372 3437; x_wconf 76' lang='grc' dir='ltr'>ἔχειν</span> <span class='ocrx_word' id='word_1_493' title='bbox 1405 3365 1520 3438; x_wconf 79' lang='lat'><strong>(55)</strong></span> <span class='ocrx_word' id='word_1_494' title='bbox 1561 3366 1657 3419; x_wconf 81' lang='grc' dir='ltr'><strong>καὶ</strong></span> <span class='ocrx_word' id='word_1_495' title='bbox 1683 3366 1827 3419; x_wconf 83' lang='grc' dir='ltr'>ὅσιον</span> 
     </span>
    </p>
   </div>
   <div class='ocr_carea' id='block_1_66' title="bbox 251 3455 1826 3533">
    <p class='ocr_par' dir='ltr' id='par_1_66' title="bbox 251 3455 1826 3533">
     <span class='ocr_line' id='line_1_66' title="bbox 251 3455 1826 3533; baseline -0.003 -19"><span class='ocrx_word' id='word_1_496' title='bbox 251 3460 538 3529; x_wconf 75' lang='grc' dir='ltr'>γενέσθαι,</span> <span class='ocrx_word' id='word_1_497' title='bbox 586 3459 955 3533; x_wconf 79' lang='grc' dir='ltr'>προειληφότα</span> <span class='ocrx_word' id='word_1_498' title='bbox 1003 3460 1086 3513; x_wconf 67' lang='grc' dir='ltr'>ὅτι</span> <span class='ocrx_word' id='word_1_499' title='bbox 1112 3457 1295 3512; x_wconf 88' lang='grc' dir='ltr'>πολλοί</span> <span class='ocrx_word' id='word_1_500' title='bbox 1326 3458 1431 3512; x_wconf 75' lang='grc' dir='ltr'>εἰσι</span> <span class='ocrx_word' id='word_1_501' title='bbox 1463 3455 1575 3512; x_wconf 69' lang='grc' dir='ltr'>θεοὶ</span> <span class='ocrx_word' id='word_1_502' title='bbox 1607 3459 1700 3512; x_wconf 68' lang='grc' dir='ltr'>καὶ</span> <span class='ocrx_word' id='word_1_503' title='bbox 1728 3456 1826 3528; x_wconf 75' lang='grc' dir='ltr'>οὐχ</span> 
     </span>
    </p>
   </div>
   <div class='ocr_carea' id='block_1_67' title="bbox 254 3545 1827 3622">
    <p class='ocr_par' dir='ltr' id='par_1_67' title="bbox 254 3545 1827 3622">
     <span class='ocr_line' id='line_1_67' title="bbox 254 3545 1827 3622; baseline 0 -18"><span class='ocrx_word' id='word_1_504' title='bbox 254 3545 371 3617; x_wconf 59' lang='lat' dir='ltr'><strong>sic;</strong></span> <span class='ocrx_word' id='word_1_505' title='bbox 405 3554 468 3607; x_wconf 80' lang='lat' dir='ltr'><strong>EI</strong></span> <span class='ocrx_word' id='word_1_506' title='bbox 488 3552 546 3606; x_wconf 82' lang='grc' dir='ltr'>δὲ</span> <span class='ocrx_word' id='word_1_507' title='bbox 576 3553 670 3606; x_wconf 72' lang='grc' dir='ltr'><strong>καὶ</strong></span> <span class='ocrx_word' id='word_1_508' title='bbox 709 3547 789 3616; x_wconf 75' lang='grc' dir='ltr'>εἷς</span> <span class='ocrx_word' id='word_1_509' title='bbox 808 3591 822 3616; x_wconf 93' lang='grc'><strong>,</strong></span> <span class='ocrx_word' id='word_1_510' title='bbox 850 3552 907 3605; x_wconf 84' lang='grc' dir='ltr'>ὲν</span> <span class='ocrx_word' id='word_1_511' title='bbox 942 3549 1154 3614; x_wconf 80' lang='grc' dir='ltr'>πολλοῖς</span> <span class='ocrx_word' id='word_1_512' title='bbox 1184 3550 1528 3622; x_wconf 88' lang='grc' dir='ltr'>άτοπήμασιν</span> <span class='ocrx_word' id='word_1_513' title='bbox 1559 3549 1827 3622; x_wconf 77' lang='grc' dir='ltr'>εὑρίσκων</span> 
     </span>
    </p>
   </div>
   <div class='ocr_carea' id='block_1_68' title="bbox 253 3641 1824 3712">
    <p class='ocr_par' dir='ltr' id='par_1_68' title="bbox 253 3641 1824 3712">
     <span class='ocr_line' id='line_1_68' title="bbox 253 3641 1824 3712; baseline -0.001 -16"><span class='ocrx_word' id='word_1_514' title='bbox 253 3643 437 3707; x_wconf 76' lang='grc' dir='ltr'>αὐτὸν,</span> <span class='ocrx_word' id='word_1_515' title='bbox 489 3643 580 3707; x_wconf 84' lang='grc' dir='ltr'><strong>τίς</strong></span> <span class='ocrx_word' id='word_1_516' title='bbox 631 3643 775 3707; x_wconf 80' lang='grc' dir='ltr'>ὅσιος</span> <span class='ocrx_word' id='word_1_517' title='bbox 813 3642 859 3675; x_wconf 70' lang='grc'>⁸⁸</span> <span class='ocrx_word' id='word_1_518' title='bbox 903 3641 1192 3697; x_wconf 83' lang='grc' dir='ltr'>σπουδάσει</span> <span class='ocrx_word' id='word_1_519' title='bbox 1237 3641 1512 3712; x_wconf 78' lang='grc' dir='ltr'>γενέσθαι,</span> <span class='ocrx_word' id='word_1_520' title='bbox 1564 3641 1664 3712; x_wconf 84' lang='grc' dir='ltr'>τὴν</span> <span class='ocrx_word' id='word_1_521' title='bbox 1716 3642 1824 3694; x_wconf 90' lang='grc' dir='ltr'><strong>τῶν</strong></span> 
     </span>
    </p>
   </div>
   <div class='ocr_carea' id='block_1_69' title="bbox 254 3720 1822 3808">
    <p class='ocr_par' dir='ltr' id='par_1_69' title="bbox 254 3720 1822 3808">
     <span class='ocr_line' id='line_1_69' title="bbox 254 3720 1822 3808; baseline -0.001 -20"><span class='ocrx_word' id='word_1_522' title='bbox 254 3734 392 3790; x_wconf 73' lang='grc' dir='ltr'>ὅλων</span> <span class='ocrx_word' id='word_1_523' title='bbox 421 3735 598 3808; x_wconf 76' lang='grc' dir='ltr'>ἀρχὴν</span> <span class='ocrx_word' id='word_1_524' title='bbox 637 3733 727 3789; x_wconf 82' lang='grc' dir='ltr'><strong>διὰ</strong></span> <span class='ocrx_word' id='word_1_525' title='bbox 754 3735 824 3789; x_wconf 76' lang='grc' dir='ltr'><strong>τά</strong></span> <span class='ocrx_word' id='word_1_526' title='bbox 853 3720 964 3788; x_wconf 65' lang='grc' dir='ltr'>ἴδια</span> <span class='ocrx_word' id='word_1_527' title='bbox 990 3734 1089 3805; x_wconf 84' lang='grc' dir='ltr'>τῆς</span> <span class='ocrx_word' id='word_1_528' title='bbox 1111 3733 1325 3804; x_wconf 80' lang='grc' dir='ltr'>φύσεως</span> <span class='ocrx_word' id='word_1_529' title='bbox 1355 3733 1703 3807; x_wconf 83' lang='grc' dir='ltr'>άτοπήματα,</span> <span class='ocrx_word' id='word_1_530' title='bbox 1737 3733 1822 3785; x_wconf 76' lang='grc' dir='ltr'><strong>ἑλ-</strong></span> 
     </span>
    </p>
   </div>
   <div class='ocr_carea' id='block_1_70' title="bbox 253 3825 1558 3899">
    <p class='ocr_par' dir='ltr' id='par_1_70' title="bbox 253 3825 1558 3899">
     <span class='ocr_line' id='line_1_70' title="bbox 253 3825 1558 3899; baseline 0 -19"><span class='ocrx_word' id='word_1_531' title='bbox 253 3826 418 3892; x_wconf 83' lang='grc' dir='ltr'>πίσας</span> <span class='ocrx_word' id='word_1_532' title='bbox 450 3829 526 3899; x_wconf 83' lang='grc' dir='ltr'>μὴ</span> <span class='ocrx_word' id='word_1_533' title='bbox 554 3825 881 3899; x_wconf 74' lang='grc' dir='ltr'>ἐπέρχεσθαι</span> <span class='ocrx_word' id='word_1_534' title='bbox 911 3827 981 3880; x_wconf 75' lang='grc' dir='ltr'><strong>τά</strong></span> <span class='ocrx_word' id='word_1_535' title='bbox 1011 3825 1186 3880; x_wconf 71' lang='grc' dir='ltr'>ἄλλων</span> <span class='ocrx_word' id='word_1_536' title='bbox 1215 3825 1558 3898; x_wconf 74' lang='grc' dir='ltr'>ἀδικήματας</span> 
     </span>
    </p>
   </div>
   <div class='ocr_carea' id='block_1_71' title="bbox 323 4019 1821 4095">
    <p class='ocr_par' dir='ltr' id='par_1_71' title="bbox 323 4019 1821 4095">
     <span class='ocr_line' id='line_1_71' title="bbox 323 4019 1821 4095; baseline -0.003 -18"><span class='ocrx_word' id='word_1_537' title='bbox 323 4021 508 4078; x_wconf 75' lang='lat' dir='ltr'><strong>XLIII.</strong></span> <span class='ocrx_word' id='word_1_538' title='bbox 543 4024 635 4076; x_wconf 85' lang='grc' dir='ltr'>Διδ</span> <span class='ocrx_word' id='word_1_539' title='bbox 663 4023 826 4095; x_wconf 81' lang='grc' dir='ltr'>ἀπείη</span> <span class='ocrx_word' id='word_1_540' title='bbox 850 4023 894 4056; x_wconf 86' lang='grc'>¹⁸</span> <span class='ocrx_word' id='word_1_541' title='bbox 914 4022 1208 4088; x_wconf 77' lang='grc' dir='ltr'>πιστεύειν,</span> <span class='ocrx_word' id='word_1_542' title='bbox 1243 4023 1326 4076; x_wconf 73' lang='grc' dir='ltr'>ὅτι</span> <span class='ocrx_word' id='word_1_543' title='bbox 1346 4025 1376 4075; x_wconf 85' lang='grc' dir='ltr'>ὁ</span> <span class='ocrx_word' id='word_1_544' title='bbox 1401 4019 1507 4075; x_wconf 89' lang='grc' dir='ltr'><strong>τῶν</strong></span> <span class='ocrx_word' id='word_1_545' title='bbox 1529 4021 1667 4075; x_wconf 84' lang='grc' dir='ltr'>ὅλων</span> <span class='ocrx_word' id='word_1_546' title='bbox 1723 4021 1821 4072; x_wconf 81' lang='grc' dir='ltr'><strong>Δε-</strong></span> 
     </span>
    </p>
   </div>
   <div class='ocr_carea' id='block_1_72' title="bbox 255 4111 1822 4188">
    <p class='ocr_par' dir='ltr' id='par_1_72' title="bbox 255 4111 1822 4188">
     <span class='ocr_line' id='line_1_72' title="bbox 255 4111 1822 4188; baseline -0.003 -21"><span class='ocrx_word' id='word_1_547' title='bbox 255 4116 478 4187; x_wconf 84' lang='grc' dir='ltr'>σπότης,</span> <span class='ocrx_word' id='word_1_548' title='bbox 520 4115 580 4179; x_wconf 79' lang='grc' dir='ltr'>ὃς</span> <span class='ocrx_word' id='word_1_549' title='bbox 612 4114 838 4188; x_wconf 73' lang='grc' dir='ltr'>οὐρανὸν</span> <span class='ocrx_word' id='word_1_550' title='bbox 865 4115 1045 4170; x_wconf 76' lang='grc' dir='ltr'>ἔκτισε</span> <span class='ocrx_word' id='word_1_551' title='bbox 1071 4115 1169 4170; x_wconf 70' lang='grc' dir='ltr'><strong>καὶ</strong></span> <span class='ocrx_word' id='word_1_552' title='bbox 1201 4115 1304 4186; x_wconf 79' lang='grc' dir='ltr'><strong>γῆν</strong></span> <span class='ocrx_word' id='word_1_553' title='bbox 1326 4114 1422 4168; x_wconf 68' lang='grc' dir='ltr'><strong>καὶ</strong></span> <span class='ocrx_word' id='word_1_554' title='bbox 1460 4113 1638 4166; x_wconf 83' lang='grc' dir='ltr'>πάντα</span> <span class='ocrx_word' id='word_1_555' title='bbox 1663 4111 1734 4164; x_wconf 83' lang='grc' dir='ltr'><strong>τὰ</strong></span> <span class='ocrx_word' id='word_1_556' title='bbox 1764 4113 1822 4164; x_wconf 83' lang='grc' dir='ltr'>ὲν</span> 
     </span>
    </p>
   </div>
   <div class='ocr_carea' id='block_1_73' title="bbox 253 4202 1823 4280">
    <p class='ocr_par' dir='ltr' id='par_1_73' title="bbox 253 4202 1823 4280">
     <span class='ocr_line' id='line_1_73' title="bbox 253 4202 1823 4280; baseline -0.004 -20"><span class='ocrx_word' id='word_1_557' title='bbox 253 4207 454 4272; x_wconf 76' lang='grc' dir='ltr'>αὐτοῖς,</span> <span class='ocrx_word' id='word_1_558' title='bbox 489 4207 697 4280; x_wconf 80' lang='grc' dir='ltr'>ἑτέροις</span> <span class='ocrx_word' id='word_1_559' title='bbox 731 4207 1006 4280; x_wconf 86' lang='grc' dir='ltr'>συνάρχει,</span> <span class='ocrx_word' id='word_1_560' title='bbox 1029 4207 1062 4278; x_wconf 80' lang='grc' dir='ltr'>ἢ</span> <span class='ocrx_word' id='word_1_561' title='bbox 1093 4208 1176 4260; x_wconf 80' lang='grc' dir='ltr'>ὅτι</span> <span class='ocrx_word' id='word_1_562' title='bbox 1201 4205 1470 4276; x_wconf 80' lang='grc' dir='ltr'>ψεύδεται·</span> <span class='ocrx_word' id='word_1_563' title='bbox 1495 4204 1544 4257; x_wconf 88' lang='grc' dir='ltr'><strong>εί</strong></span> <span class='ocrx_word' id='word_1_564' title='bbox 1571 4203 1681 4275; x_wconf 81' lang='grc' dir='ltr'><strong>γὰρ</strong></span> <span class='ocrx_word' id='word_1_565' title='bbox 1697 4202 1823 4272; x_wconf 77' lang='grc' dir='ltr'>ψεῦ-</span> 
     </span>
    </p>
   </div>
   <div class='ocr_carea' id='block_1_74' title="bbox 249 4294 1819 4372">
    <p class='ocr_par' dir='ltr' id='par_1_74' title="bbox 249 4294 1819 4372">
     <span class='ocr_line' id='line_1_74' title="bbox 249 4294 1819 4372; baseline -0.003 -22"><span class='ocrx_word' id='word_1_566' title='bbox 249 4299 419 4363; x_wconf 82' lang='grc' dir='ltr'>δεται,</span> <span class='ocrx_word' id='word_1_567' title='bbox 452 4300 549 4354; x_wconf 69' lang='grc' dir='ltr'><strong>καὶ</strong></span> <span class='ocrx_word' id='word_1_568' title='bbox 578 4300 664 4364; x_wconf 87' lang='grc' dir='ltr'><strong>τίς</strong></span> <span class='ocrx_word' id='word_1_569' title='bbox 693 4298 982 4372; x_wconf 73' lang='grc' dir='ltr'>ὰληθεῦει;</span> <span class='ocrx_word' id='word_1_570' title='bbox 1014 4297 1048 4370; x_wconf 81' lang='grc' dir='ltr'>ἢ</span> <span class='ocrx_word' id='word_1_571' title='bbox 1081 4299 1163 4352; x_wconf 83' lang='grc' dir='ltr'><strong>ότι</strong></span> <span class='ocrx_word' id='word_1_572' title='bbox 1205 4295 1452 4368; x_wconf 81' lang='grc' dir='ltr'>πειράζει</span> <span class='ocrx_word' id='word_1_573' title='bbox 1481 4295 1558 4359; x_wconf 86' lang='grc' dir='ltr'>ὼς</span> <span class='ocrx_word' id='word_1_574' title='bbox 1589 4294 1819 4364; x_wconf 84' lang='grc' dir='ltr'>ἀγνοῶν,</span> 
     </span>
    </p>
   </div>
   <div class='ocr_carea' id='block_1_75' title="bbox 253 4387 1817 4462">
    <p class='ocr_par' dir='ltr' id='par_1_75' title="bbox 253 4387 1817 4462">
     <span class='ocr_line' id='line_1_75' title="bbox 253 4387 1817 4462; baseline -0.002 -19"><span class='ocrx_word' id='word_1_575' title='bbox 253 4391 348 4444; x_wconf 77' lang='grc' dir='ltr'><strong>καὶ</strong></span> <span class='ocrx_word' id='word_1_576' title='bbox 375 4390 458 4456; x_wconf 88' lang='grc' dir='ltr'><strong>τίς</strong></span> <span class='ocrx_word' id='word_1_577' title='bbox 493 4389 882 4462; x_wconf 82' lang='grc' dir='ltr'>προγινώσκει;</span> <span class='ocrx_word' id='word_1_578' title='bbox 941 4391 1004 4443; x_wconf 75' lang='lat' dir='ltr'><strong>Ei</strong></span> <span class='ocrx_word' id='word_1_579' title='bbox 1049 4389 1108 4443; x_wconf 83' lang='grc' dir='ltr'>δὲ</span> <span class='ocrx_word' id='word_1_580' title='bbox 1151 4389 1466 4459; x_wconf 72' lang='grc' dir='ltr'>ἐνθυμεῖται</span> <span class='ocrx_word' id='word_1_581' title='bbox 1503 4387 1600 4440; x_wconf 71' lang='grc' dir='ltr'><strong>καὶ</strong></span> <span class='ocrx_word' id='word_1_582' title='bbox 1651 4403 1817 4456; x_wconf 89' lang='grc' dir='ltr'>μετα-</span> 
     </span>
    </p>
   </div>
   <div class='ocr_carea' id='block_1_76' title="bbox 255 4467 1814 4555">
    <p class='ocr_par' dir='ltr' id='par_1_76' title="bbox 255 4467 1814 4555">
     <span class='ocr_line' id='line_1_76' title="bbox 255 4467 1814 4555; baseline 0.004 -19"><span class='ocrx_word' id='word_1_583' title='bbox 255 4483 494 4552; x_wconf 82' lang='grc' dir='ltr'>μελείται</span> <span class='ocrx_word' id='word_1_584' title='bbox 521 4482 563 4513; x_wconf 78' lang='grc'><strong>⁸⁸</strong></span> <span class='ocrx_word' id='word_1_585' title='bbox 585 4521 601 4547; x_wconf 88' lang='grc'><strong>,</strong></span> <span class='ocrx_word' id='word_1_586' title='bbox 636 4484 732 4536; x_wconf 78' lang='grc' dir='ltr'><strong>καὶ</strong></span> <span class='ocrx_word' id='word_1_587' title='bbox 762 4467 846 4547; x_wconf 77' lang='grc' dir='ltr'><strong>τις</strong></span> <span class='ocrx_word' id='word_1_588' title='bbox 870 4482 947 4555; x_wconf 83' lang='grc' dir='ltr'>νῷ</span> <span class='ocrx_word' id='word_1_589' title='bbox 975 4483 1180 4547; x_wconf 81' lang='grc' dir='ltr'>τέλειος</span> <span class='ocrx_word' id='word_1_590' title='bbox 1210 4482 1304 4535; x_wconf 68' lang='grc' dir='ltr'><strong>καὶ</strong></span> <span class='ocrx_word' id='word_1_591' title='bbox 1335 4478 1529 4553; x_wconf 82' lang='grc' dir='ltr'>γνώμῃ</span> <span class='ocrx_word' id='word_1_592' title='bbox 1544 4479 1814 4550; x_wconf 75' lang='grc' dir='ltr'>ἔμμονοςῖ</span> 
     </span>
    </p>
   </div>
   <div class='ocr_carea' id='block_1_77' title="bbox 1927 3182 3494 3252">
    <p class='ocr_par' dir='ltr' id='par_1_77' title="bbox 1927 3182 3494 3252">
     <span class='ocr_line' id='line_1_77' title="bbox 1927 3182 3494 3252; baseline -0.001 -12"><span class='ocrx_word' id='word_1_593' title='bbox 1927 3183 2364 3240; x_wconf 88' lang='lat' dir='ltr'><strong>bene-volentiam</strong></span> <span class='ocrx_word' id='word_1_594' title='bbox 2391 3190 2698 3248; x_wconf 89' lang='lat' dir='ltr'><strong>conservet,</strong></span> <span class='ocrx_word' id='word_1_595' title='bbox 2722 3182 2923 3250; x_wconf 90' lang='lat' dir='ltr'><strong>poterit</strong></span> <span class='ocrx_word' id='word_1_596' title='bbox 2951 3182 3194 3252; x_wconf 89' lang='lat' dir='ltr'><strong>recipere</strong></span> <span class='ocrx_word' id='word_1_597' title='bbox 3218 3183 3301 3238; x_wconf 86' lang='lat' dir='ltr'><strong>vei</strong></span> <span class='ocrx_word' id='word_1_598' title='bbox 3329 3182 3494 3238; x_wconf 81' lang='lat' dir='ltr'><strong>etiam</strong></span> 
     </span>
    </p>
   </div>
   <div class='ocr_carea' id='block_1_78' title="bbox 1920 3273 3496 3346">
    <p class='ocr_par' dir='ltr' id='par_1_78' title="bbox 1920 3273 3496 3346">
     <span class='ocr_line' id='line_1_78' title="bbox 1920 3273 3496 3346; baseline 0 -15"><span class='ocrx_word' id='word_1_599' title='bbox 1920 3277 2117 3332; x_wconf 80' lang='lat' dir='ltr'><strong>audire</strong></span> <span class='ocrx_word' id='word_1_600' title='bbox 2141 3290 2264 3346; x_wconf 64' lang='lat' dir='ltr'><strong>qua</strong></span> <span class='ocrx_word' id='word_1_601' title='bbox 2288 3285 2479 3331; x_wconf 81' lang='lat' dir='ltr'><strong>contra</strong></span> <span class='ocrx_word' id='word_1_602' title='bbox 2505 3291 2630 3329; x_wconf 89' lang='lat' dir='ltr'><strong>eum</strong></span> <span class='ocrx_word' id='word_1_603' title='bbox 2661 3275 2941 3329; x_wconf 86' lang='lat' dir='ltr'><strong>dicuntur.</strong></span> <span class='ocrx_word' id='word_1_604' title='bbox 2963 3273 3082 3339; x_wconf 87' lang='lat' dir='ltr'><strong>Qua</strong></span> <span class='ocrx_word' id='word_1_605' title='bbox 3101 3274 3250 3329; x_wconf 89' lang='lat' dir='ltr'><strong>enim</strong></span> <span class='ocrx_word' id='word_1_606' title='bbox 3281 3275 3496 3331; x_wconf 81' lang='lat' dir='ltr'><strong>ratione</strong></span> 
     </span>
    </p>
   </div>
   <div class='ocr_carea' id='block_1_79' title="bbox 1925 3366 3494 3424">
    <p class='ocr_par' dir='ltr' id='par_1_79' title="bbox 1925 3366 3494 3424">
     <span class='ocr_line' id='line_1_79' title="bbox 1925 3366 3494 3424; baseline -0.001 0"><span class='ocrx_word' id='word_1_607' title='bbox 1925 3369 1976 3424; x_wconf 88' lang='lat' dir='ltr'><strong>is</strong></span> <span class='ocrx_word' id='word_1_608' title='bbox 2005 3369 2148 3423; x_wconf 86' lang='lat' dir='ltr'><strong>idem</strong></span> <span class='ocrx_word' id='word_1_609' title='bbox 2189 3367 2429 3422; x_wconf 85' lang='lat' dir='ltr'><strong>animam</strong></span> <span class='ocrx_word' id='word_1_610' title='bbox 2456 3366 2862 3422; x_wconf 87' lang='lat' dir='ltr'><strong>monarchicam</strong></span> <span class='ocrx_word' id='word_1_611' title='bbox 2895 3366 3096 3422; x_wconf 85' lang='lat' dir='ltr'><strong>habeat</strong></span> <span class='ocrx_word' id='word_1_612' title='bbox 3118 3375 3178 3422; x_wconf 84' lang='lat' dir='ltr'><strong>et</strong></span> <span class='ocrx_word' id='word_1_613' title='bbox 3196 3377 3384 3422; x_wconf 86' lang='lat' dir='ltr'><strong>sancte</strong></span> <span class='ocrx_word' id='word_1_614' title='bbox 3410 3367 3494 3422; x_wconf 83' lang='lat' dir='ltr'><strong>vi-</strong></span> 
     </span>
    </p>
   </div>
   <div class='ocr_carea' id='block_1_80' title="bbox 1927 3457 3490 3532">
    <p class='ocr_par' dir='ltr' id='par_1_80' title="bbox 1927 3457 3490 3532">
     <span class='ocr_line' id='line_1_80' title="bbox 1927 3457 3490 3532; baseline -0.002 -17"><span class='ocrx_word' id='word_1_615' title='bbox 1927 3471 2037 3526; x_wconf 85' lang='lat' dir='ltr'><strong>vat,</strong></span> <span class='ocrx_word' id='word_1_616' title='bbox 2075 3460 2173 3532; x_wconf 87' lang='lat' dir='ltr'><strong>qui</strong></span> <span class='ocrx_word' id='word_1_617' title='bbox 2205 3470 2292 3516; x_wconf 78' lang='lat' dir='ltr'><strong>est</strong></span> <span class='ocrx_word' id='word_1_618' title='bbox 2327 3469 2634 3530; x_wconf 69' lang='lat' dir='ltr'><strong>praeventus</strong></span> <span class='ocrx_word' id='word_1_619' title='bbox 2656 3457 2930 3528; x_wconf 87' lang='lat' dir='ltr'><strong>opinione,</strong></span> <span class='ocrx_word' id='word_1_620' title='bbox 2958 3458 3159 3514; x_wconf 78' lang='lat' dir='ltr'><strong>multos</strong></span> <span class='ocrx_word' id='word_1_621' title='bbox 3191 3473 3313 3514; x_wconf 91' lang='lat' dir='ltr'><strong>esse</strong></span> <span class='ocrx_word' id='word_1_622' title='bbox 3335 3459 3490 3526; x_wconf 87' lang='lat' dir='ltr'><strong>deos,</strong></span> 
     </span>
    </p>
   </div>
   <div class='ocr_carea' id='block_1_81' title="bbox 1924 3549 3492 3619">
    <p class='ocr_par' dir='ltr' id='par_1_81' title="bbox 1924 3549 3492 3619">
     <span class='ocr_line' id='line_1_81' title="bbox 1924 3549 3492 3619; baseline 0.002 -12"><span class='ocrx_word' id='word_1_623' title='bbox 1924 3569 2032 3610; x_wconf 84' lang='lat' dir='ltr'><strong>non</strong></span> <span class='ocrx_word' id='word_1_624' title='bbox 2059 3570 2226 3609; x_wconf 77' lang='lat' dir='ltr'><strong>tinum</strong></span> <span class='ocrx_word' id='word_1_625' title='bbox 2243 3553 2375 3608; x_wconf 81' lang='lat' dir='ltr'><strong>?Vci</strong></span> <span class='ocrx_word' id='word_1_626' title='bbox 2395 3553 2442 3609; x_wconf 89' lang='lat' dir='ltr'><strong>si</strong></span> <span class='ocrx_word' id='word_1_627' title='bbox 2469 3568 2611 3606; x_wconf 83' lang='lat' dir='ltr'><strong>unus</strong></span> <span class='ocrx_word' id='word_1_628' title='bbox 2635 3559 2741 3619; x_wconf 85' lang='lat' dir='ltr'><strong>est,</strong></span> <span class='ocrx_word' id='word_1_629' title='bbox 2763 3563 2887 3607; x_wconf 86' lang='lat' dir='ltr'><strong>eum</strong></span> <span class='ocrx_word' id='word_1_630' title='bbox 2907 3551 2958 3606; x_wconf 92' lang='lat' dir='ltr'><strong>in</strong></span> <span class='ocrx_word' id='word_1_631' title='bbox 2984 3550 3170 3607; x_wconf 88' lang='lat' dir='ltr'><strong>multis</strong></span> <span class='ocrx_word' id='word_1_632' title='bbox 3191 3549 3492 3610; x_wconf 71' lang='lat' dir='ltr'><strong>defectibus</strong></span> 
     </span>
    </p>
   </div>
   <div class='ocr_carea' id='block_1_82' title="bbox 1927 3645 3488 3716">
    <p class='ocr_par' dir='ltr' id='par_1_82' title="bbox 1927 3645 3488 3716">
     <span class='ocr_line' id='line_1_82' title="bbox 1927 3645 3488 3716; baseline -0.001 -15"><span class='ocrx_word' id='word_1_633' title='bbox 1927 3647 2209 3702; x_wconf 83' lang='lat' dir='ltr'><strong>inveniens</strong></span> <span class='ocrx_word' id='word_1_634' title='bbox 2259 3647 2384 3716; x_wconf 86' lang='lat' dir='ltr'><strong>quis</strong></span> <span class='ocrx_word' id='word_1_635' title='bbox 2425 3645 2628 3699; x_wconf 89' lang='lat' dir='ltr'><strong>nitetur</strong></span> <span class='ocrx_word' id='word_1_636' title='bbox 2656 3659 2782 3700; x_wconf 90' lang='lat' dir='ltr'><strong>esse</strong></span> <span class='ocrx_word' id='word_1_637' title='bbox 2809 3653 3070 3710; x_wconf 88' lang='lat' dir='ltr'><strong>sanctus,</strong></span> <span class='ocrx_word' id='word_1_638' title='bbox 3110 3645 3332 3714; x_wconf 86' lang='lat' dir='ltr'><strong>quando</strong></span> <span class='ocrx_word' id='word_1_639' title='bbox 3361 3646 3488 3715; x_wconf 87' lang='lat' dir='ltr'><strong>qui-</strong></span> 
     </span>
    </p>
   </div>
   <div class='ocr_carea' id='block_1_83' title="bbox 1923 3735 3491 3808">
    <p class='ocr_par' dir='ltr' id='par_1_83' title="bbox 1923 3735 3491 3808">
     <span class='ocr_line' id='line_1_83' title="bbox 1923 3735 3491 3808; baseline 0.001 -16"><span class='ocrx_word' id='word_1_640' title='bbox 1923 3738 2046 3793; x_wconf 89' lang='lat' dir='ltr'><strong>dem</strong></span> <span class='ocrx_word' id='word_1_641' title='bbox 2078 3738 2360 3808; x_wconf 83' lang='lat' dir='ltr'><strong>sperabit,</strong></span> <span class='ocrx_word' id='word_1_642' title='bbox 2405 3737 2650 3792; x_wconf 86' lang='lat' dir='ltr'><strong>omnium</strong></span> <span class='ocrx_word' id='word_1_643' title='bbox 2679 3735 3008 3806; x_wconf 82' lang='lat' dir='ltr'><strong>principium</strong></span> <span class='ocrx_word' id='word_1_644' title='bbox 3052 3735 3227 3791; x_wconf 85' lang='lat' dir='ltr'><strong>Deum</strong></span> <span class='ocrx_word' id='word_1_645' title='bbox 3268 3747 3491 3808; x_wconf 81' lang='lat' dir='ltr'><strong>propter</strong></span> 
     </span>
    </p>
   </div>
   <div class='ocr_carea' id='block_1_84' title="bbox 1923 3808 3493 3900">
    <p class='ocr_par' dir='ltr' id='par_1_84' title="bbox 1923 3808 3493 3900">
     <span class='ocr_line' id='line_1_84' title="bbox 1923 3808 3493 3900; baseline 0.004 -16"><span class='ocrx_word' id='word_1_646' title='bbox 1923 3840 2134 3885; x_wconf 60' lang='lat' dir='ltr'><strong>natura;</strong></span> <span class='ocrx_word' id='word_1_647' title='bbox 2173 3843 2288 3886; x_wconf 61' lang='lat' dir='ltr'><strong>suae</strong></span> <span class='ocrx_word' id='word_1_648' title='bbox 2330 3829 2462 3885; x_wconf 84' lang='lat' dir='ltr'><strong>vitia</strong></span> <span class='ocrx_word' id='word_1_649' title='bbox 2488 3869 2506 3894; x_wconf 96' lang='lat'><strong>,</strong></span> <span class='ocrx_word' id='word_1_650' title='bbox 2544 3844 2655 3885; x_wconf 85' lang='lat' dir='ltr'><strong>non</strong></span> <span class='ocrx_word' id='word_1_651' title='bbox 2689 3808 2981 3884; x_wconf 70' lang='lat' dir='ltr'><strong>vindictam</strong></span> <span class='ocrx_word' id='word_1_652' title='bbox 3027 3838 3378 3900; x_wconf 87' lang='lat' dir='ltr'><strong>sumpturum</strong></span> <span class='ocrx_word' id='word_1_653' title='bbox 3424 3835 3493 3890; x_wconf 86' lang='lat' dir='ltr'><strong>de</strong></span> 
     </span>
    </p>
   </div>
   <div class='ocr_carea' id='block_1_85' title="bbox 1921 3922 2426 3978">
    <p class='ocr_par' dir='ltr' id='par_1_85' title="bbox 1921 3922 2426 3978">
     <span class='ocr_line' id='line_1_85' title="bbox 1921 3922 2426 3978; baseline 0.006 -4"><span class='ocrx_word' id='word_1_654' title='bbox 1921 3922 2154 3977; x_wconf 88' lang='lat' dir='ltr'><strong>aliorum</strong></span> <span class='ocrx_word' id='word_1_655' title='bbox 2177 3922 2426 3978; x_wconf 76' lang='lat' dir='ltr'><strong>delictis?</strong></span> 
     </span>
    </p>
   </div>
   <div class='ocr_carea' id='block_1_86' title="bbox 1987 4010 3486 4084">
    <p class='ocr_par' dir='ltr' id='par_1_86' title="bbox 1987 4010 3486 4084">
     <span class='ocr_line' id='line_1_86' title="bbox 1987 4010 3486 4084; baseline 0.005 -20"><span class='ocrx_word' id='word_1_656' title='bbox 1987 4010 2173 4066; x_wconf 73' lang='lat' dir='ltr'><strong>XLIII.</strong></span> <span class='ocrx_word' id='word_1_657' title='bbox 2226 4011 2408 4078; x_wconf 85' lang='lat' dir='ltr'><strong>Quare</strong></span> <span class='ocrx_word' id='word_1_658' title='bbox 2449 4011 2616 4077; x_wconf 88' lang='lat' dir='ltr'><strong>absit,</strong></span> <span class='ocrx_word' id='word_1_659' title='bbox 2659 4019 2721 4066; x_wconf 84' lang='lat' dir='ltr'><strong>ut</strong></span> <span class='ocrx_word' id='word_1_660' title='bbox 2748 4010 3024 4079; x_wconf 76' lang='lat' dir='ltr'><strong>credatur,</strong></span> <span class='ocrx_word' id='word_1_661' title='bbox 3061 4014 3209 4084; x_wconf 84' lang='lat' dir='ltr'><strong>quod</strong></span> <span class='ocrx_word' id='word_1_662' title='bbox 3235 4017 3486 4072; x_wconf 84' lang='lat' dir='ltr'><strong>omnium</strong></span> 
     </span>
    </p>
   </div>
   <div class='ocr_carea' id='block_1_87' title="bbox 1923 4103 3486 4178">
    <p class='ocr_par' dir='ltr' id='par_1_87' title="bbox 1923 4103 3486 4178">
     <span class='ocr_line' id='line_1_87' title="bbox 1923 4103 3486 4178; baseline 0.004 -19"><span class='ocrx_word' id='word_1_663' title='bbox 1923 4122 2104 4162; x_wconf 84' lang='lat' dir='ltr'><strong>rerum</strong></span> <span class='ocrx_word' id='word_1_664' title='bbox 2136 4104 2420 4170; x_wconf 80' lang='lat' dir='ltr'><strong>Dominus,</strong></span> <span class='ocrx_word' id='word_1_665' title='bbox 2453 4103 2545 4173; x_wconf 91' lang='lat' dir='ltr'><strong>qui</strong></span> <span class='ocrx_word' id='word_1_666' title='bbox 2584 4103 2784 4158; x_wconf 71' lang='lat' dir='ltr'><strong>coelum</strong></span> <span class='ocrx_word' id='word_1_667' title='bbox 2828 4118 2894 4159; x_wconf 91' lang='lat' dir='ltr'><strong>ac</strong></span> <span class='ocrx_word' id='word_1_668' title='bbox 2936 4115 3140 4160; x_wconf 81' lang='lat' dir='ltr'><strong>terram</strong></span> <span class='ocrx_word' id='word_1_669' title='bbox 3185 4109 3486 4178; x_wconf 90' lang='lat' dir='ltr'><strong>omniaque</strong></span> 
     </span>
    </p>
   </div>
   <div class='ocr_carea' id='block_1_88' title="bbox 1922 4194 3487 4270">
    <p class='ocr_par' dir='ltr' id='par_1_88' title="bbox 1922 4194 3487 4270">
     <span class='ocr_line' id='line_1_88' title="bbox 1922 4194 3487 4270; baseline 0.002 -18"><span class='ocrx_word' id='word_1_670' title='bbox 1922 4198 2031 4252; x_wconf 85' lang='lat' dir='ltr'><strong>illis</strong></span> <span class='ocrx_word' id='word_1_671' title='bbox 2063 4205 2319 4262; x_wconf 83' lang='lat' dir='ltr'><strong>contenta</strong></span> <span class='ocrx_word' id='word_1_672' title='bbox 2350 4195 2622 4260; x_wconf 76' lang='lat' dir='ltr'><strong>condidit,</strong></span> <span class='ocrx_word' id='word_1_673' title='bbox 2647 4209 2770 4248; x_wconf 84' lang='lat' dir='ltr'><strong>cum</strong></span> <span class='ocrx_word' id='word_1_674' title='bbox 2795 4194 2918 4251; x_wconf 91' lang='lat' dir='ltr'><strong>aliis</strong></span> <span class='ocrx_word' id='word_1_675' title='bbox 2947 4195 3197 4266; x_wconf 88' lang='lat' dir='ltr'><strong>imperet,</strong></span> <span class='ocrx_word' id='word_1_676' title='bbox 3219 4208 3317 4254; x_wconf 89' lang='lat' dir='ltr'><strong>aut</strong></span> <span class='ocrx_word' id='word_1_677' title='bbox 3337 4201 3487 4270; x_wconf 86' lang='lat' dir='ltr'><strong>quod</strong></span> 
     </span>
    </p>
   </div>
   <div class='ocr_carea' id='block_1_89' title="bbox 1921 4285 3486 4355">
    <p class='ocr_par' dir='ltr' id='par_1_89' title="bbox 1921 4285 3486 4355">
     <span class='ocr_line' id='line_1_89' title="bbox 1921 4285 3486 4355; baseline 0.002 -12"><span class='ocrx_word' id='word_1_678' title='bbox 1921 4289 2254 4343; x_wconf 90' lang='lat' dir='ltr'><strong>mentiatur:</strong></span> <span class='ocrx_word' id='word_1_679' title='bbox 2283 4302 2409 4341; x_wconf 86' lang='lat' dir='ltr'><strong>nam</strong></span> <span class='ocrx_word' id='word_1_680' title='bbox 2445 4287 2490 4341; x_wconf 91' lang='lat' dir='ltr'><strong>si</strong></span> <span class='ocrx_word' id='word_1_681' title='bbox 2513 4285 2796 4352; x_wconf 87' lang='lat' dir='ltr'><strong>mentitur,</strong></span> <span class='ocrx_word' id='word_1_682' title='bbox 2821 4287 2946 4355; x_wconf 88' lang='lat' dir='ltr'><strong>quis</strong></span> <span class='ocrx_word' id='word_1_683' title='bbox 2973 4301 3167 4344; x_wconf 80' lang='lat' dir='ltr'><strong>verum</strong></span> <span class='ocrx_word' id='word_1_684' title='bbox 3195 4290 3364 4346; x_wconf 88' lang='lat' dir='ltr'><strong>dicit?</strong></span> <span class='ocrx_word' id='word_1_685' title='bbox 3391 4301 3486 4347; x_wconf 81' lang='lat' dir='ltr'><strong>aut</strong></span> 
     </span>
    </p>
   </div>
   <div class='ocr_carea' id='block_1_90' title="bbox 1922 4372 3484 4452">
    <p class='ocr_par' dir='ltr' id='par_1_90' title="bbox 1922 4372 3484 4452">
     <span class='ocr_line' id='line_1_90' title="bbox 1922 4372 3484 4452; baseline 0.003 -19"><span class='ocrx_word' id='word_1_686' title='bbox 1922 4372 2282 4451; x_wconf 79' lang='lat' dir='ltr'><strong>qnodtentét,</strong></span> <span class='ocrx_word' id='word_1_687' title='bbox 2313 4376 2474 4448; x_wconf 88' lang='lat' dir='ltr'><strong>quasi</strong></span> <span class='ocrx_word' id='word_1_688' title='bbox 2501 4377 2804 4448; x_wconf 80' lang='lat' dir='ltr'><strong>ignorans:</strong></span> <span class='ocrx_word' id='word_1_689' title='bbox 2838 4377 2963 4448; x_wconf 89' lang='lat' dir='ltr'><strong>quis</strong></span> <span class='ocrx_word' id='word_1_690' title='bbox 2991 4379 3136 4435; x_wconf 88' lang='lat' dir='ltr'><strong>enim</strong></span> <span class='ocrx_word' id='word_1_691' title='bbox 3166 4395 3484 4452; x_wconf 68' lang='lat' dir='ltr'><strong>praecogno—</strong></span> 
     </span>
    </p>
   </div>
   <div class='ocr_carea' id='block_1_91' title="bbox 1919 4470 3485 4540">
    <p class='ocr_par' dir='ltr' id='par_1_91' title="bbox 1919 4470 3485 4540">
     <span class='ocr_line' id='line_1_91' title="bbox 1919 4470 3485 4540; baseline 0 -11"><span class='ocrx_word' id='word_1_692' title='bbox 1919 4473 2070 4531; x_wconf 84' lang='lat' dir='ltr'><strong>scel?</strong></span> <span class='ocrx_word' id='word_1_693' title='bbox 2095 4470 2154 4527; x_wconf 89' lang='lat' dir='ltr'><strong>Si</strong></span> <span class='ocrx_word' id='word_1_694' title='bbox 2179 4481 2361 4527; x_wconf 83' lang='lat' dir='ltr'><strong>autem</strong></span> <span class='ocrx_word' id='word_1_695' title='bbox 2377 4471 2710 4535; x_wconf 87' lang='lat' dir='ltr'><strong>considerat,</strong></span> <span class='ocrx_word' id='word_1_696' title='bbox 2725 4480 2780 4526; x_wconf 91' lang='lat' dir='ltr'><strong>et</strong></span> <span class='ocrx_word' id='word_1_697' title='bbox 2800 4471 3119 4540; x_wconf 78' lang='lat' dir='ltr'><strong>pamitentia</strong></span> <span class='ocrx_word' id='word_1_698' title='bbox 3141 4472 3380 4540; x_wconf 91' lang='lat' dir='ltr'><strong>ducitur,</strong></span> <span class='ocrx_word' id='word_1_699' title='bbox 3398 4489 3485 4529; x_wconf 84' lang='lat' dir='ltr'><strong>ec-</strong></span> 
     </span>
    </p>
   </div>
   <div class='ocr_carea' id='block_1_92' title="bbox 255 4563 1829 4646">
    <p class='ocr_par' dir='ltr' id='par_1_92' title="bbox 255 4565 1816 4646">
     <span class='ocr_line' id='line_1_92' title="bbox 255 4565 1816 4646; baseline -0.003 -20"><span class='ocrx_word' id='word_1_700' title='bbox 255 4565 318 4626; x_wconf 81' lang='grc' dir='ltr'>Εί</span> <span class='ocrx_word' id='word_1_701' title='bbox 344 4574 398 4628; x_wconf 84' lang='grc' dir='ltr'>δὲ</span> <span class='ocrx_word' id='word_1_702' title='bbox 430 4575 606 4646; x_wconf 73' lang='grc' dir='ltr'>ζηλοῖ,</span> <span class='ocrx_word' id='word_1_703' title='bbox 663 4575 757 4632; x_wconf 69' lang='grc' dir='ltr'><strong>καὶ</strong></span> <span class='ocrx_word' id='word_1_704' title='bbox 801 4574 886 4639; x_wconf 82' lang='grc' dir='ltr'><strong>τίς</strong></span> <span class='ocrx_word' id='word_1_705' title='bbox 938 4575 1298 4646; x_wconf 80' lang='grc' dir='ltr'>άσύγκριτος;</span> <span class='ocrx_word' id='word_1_706' title='bbox 1343 4574 1407 4626; x_wconf 79' lang='lat' dir='ltr'><strong>Ei</strong></span> <span class='ocrx_word' id='word_1_707' title='bbox 1437 4572 1494 4626; x_wconf 88' lang='grc' dir='ltr'>δὲ</span> <span class='ocrx_word' id='word_1_708' title='bbox 1529 4569 1816 4643; x_wconf 82' lang='grc' dir='ltr'>σκληρύνει</span> 
     </span>
    </p>
   </div>
   <div class='ocr_carea' id='block_1_93' title="bbox 1935 4563 3482 4646">
    <p class='ocr_par' dir='ltr' id='par_1_93' title="bbox 1935 4563 3482 4638">
     <span class='ocr_line' id='line_1_93' title="bbox 1935 4563 3482 4638; baseline -0.001 -17"><span class='ocrx_word' id='word_1_709' title='bbox 1935 4568 2042 4638; x_wconf 54' lang='lat' dir='ltr'><strong>ruis</strong></span> <span class='ocrx_word' id='word_1_710' title='bbox 2090 4574 2270 4621; x_wconf 91' lang='lat' dir='ltr'><strong>mente</strong></span> <span class='ocrx_word' id='word_1_711' title='bbox 2326 4563 2596 4636; x_wconf 81' lang='lat' dir='ltr'><strong>perfectus</strong></span> <span class='ocrx_word' id='word_1_712' title='bbox 2643 4571 2808 4634; x_wconf 85' lang='lat' dir='ltr'><strong>atque</strong></span> <span class='ocrx_word' id='word_1_713' title='bbox 2849 4563 3082 4619; x_wconf 89' lang='lat' dir='ltr'><strong>consilio</strong></span> <span class='ocrx_word' id='word_1_714' title='bbox 3122 4565 3377 4622; x_wconf 86' lang='lat' dir='ltr'><strong>stabilis?</strong></span> <span class='ocrx_word' id='word_1_715' title='bbox 3421 4564 3482 4620; x_wconf 88' lang='lat' dir='ltr'><strong>Si</strong></span> 
     </span>
    </p>
   </div>
   <div class='ocr_carea' id='block_1_94' title="bbox 241 4665 1812 4738">
    <p class='ocr_par' dir='ltr' id='par_1_94' title="bbox 241 4665 1812 4738">
     <span class='ocr_line' id='line_1_94' title="bbox 241 4665 1812 4738; baseline -0.001 -20"><span class='ocrx_word' id='word_1_716' title='bbox 241 4667 498 4738; x_wconf 72' lang='grc' dir='ltr'>καρδίας,</span> <span class='ocrx_word' id='word_1_717' title='bbox 531 4668 626 4722; x_wconf 77' lang='grc' dir='ltr'>καὶ</span> <span class='ocrx_word' id='word_1_718' title='bbox 651 4668 736 4732; x_wconf 89' lang='grc' dir='ltr'><strong>τίς</strong></span> <span class='ocrx_word' id='word_1_719' title='bbox 769 4669 976 4738; x_wconf 78' lang='grc' dir='ltr'>σοφίζει</span> <span class='ocrx_word' id='word_1_720' title='bbox 1002 4683 1018 4732; x_wconf 77' lang='grc' dir='ltr'><strong>ς</strong></span> <span class='ocrx_word' id='word_1_721' title='bbox 1050 4668 1113 4721; x_wconf 82' lang='lat' dir='ltr'><strong>EI</strong></span> <span class='ocrx_word' id='word_1_722' title='bbox 1144 4667 1201 4722; x_wconf 80' lang='grc' dir='ltr'>δὲ</span> <span class='ocrx_word' id='word_1_723' title='bbox 1242 4666 1433 4735; x_wconf 71' lang='grc' dir='ltr'>τυφλοῖ</span> <span class='ocrx_word' id='word_1_724' title='bbox 1463 4665 1558 4718; x_wconf 74' lang='grc' dir='ltr'><strong>καὶ</strong></span> <span class='ocrx_word' id='word_1_725' title='bbox 1604 4665 1812 4733; x_wconf 77' lang='grc' dir='ltr'>κωφοί,</span> 
     </span>
    </p>
   </div>
   <div class='ocr_carea' id='block_1_95' title="bbox 251 4757 1814 4833">
    <p class='ocr_par' dir='ltr' id='par_1_95' title="bbox 251 4757 1814 4833">
     <span class='ocr_line' id='line_1_95' title="bbox 251 4757 1814 4833; baseline -0.004 -20"><span class='ocrx_word' id='word_1_726' title='bbox 251 4761 348 4815; x_wconf 73' lang='grc' dir='ltr'><strong>καὶ</strong></span> <span class='ocrx_word' id='word_1_727' title='bbox 371 4763 452 4826; x_wconf 83' lang='grc' dir='ltr'><strong>τίς</strong></span> <span class='ocrx_word' id='word_1_728' title='bbox 481 4763 712 4817; x_wconf 78' lang='grc' dir='ltr'>δέδωκεν</span> <span class='ocrx_word' id='word_1_729' title='bbox 745 4762 876 4833; x_wconf 77' lang='grc' dir='ltr'>όρᾷν</span> <span class='ocrx_word' id='word_1_730' title='bbox 907 4759 1003 4816; x_wconf 74' lang='grc' dir='ltr'><strong>καὶ</strong></span> <span class='ocrx_word' id='word_1_731' title='bbox 1029 4759 1282 4824; x_wconf 65' lang='lat' dir='ltr'><strong>autetiam);</strong></span> <span class='ocrx_word' id='word_1_732' title='bbox 1317 4759 1380 4812; x_wconf 87' lang='grc' dir='ltr'><strong>Εἰ</strong></span> <span class='ocrx_word' id='word_1_733' title='bbox 1411 4757 1466 4810; x_wconf 79' lang='grc' dir='ltr'>δὲ</span> <span class='ocrx_word' id='word_1_734' title='bbox 1495 4757 1814 4827; x_wconf 80' lang='grc' dir='ltr'>ἀποστερεῖν</span> 
     </span>
    </p>
   </div>
   <div class='ocr_carea' id='block_1_96' title="bbox 256 4847 1813 4922">
    <p class='ocr_par' dir='ltr' id='par_1_96' title="bbox 256 4847 1813 4922">
     <span class='ocr_line' id='line_1_96' title="bbox 256 4847 1813 4922; baseline -0.002 -20"><span class='ocrx_word' id='word_1_735' title='bbox 256 4853 623 4922; x_wconf 68' lang='grc' dir='ltr'>συμϐουλεύει,</span> <span class='ocrx_word' id='word_1_736' title='bbox 672 4853 765 4907; x_wconf 78' lang='grc' dir='ltr'><strong>καὶ</strong></span> <span class='ocrx_word' id='word_1_737' title='bbox 811 4852 894 4916; x_wconf 87' lang='grc' dir='ltr'><strong>τίς</strong></span> <span class='ocrx_word' id='word_1_738' title='bbox 925 4849 1264 4920; x_wconf 74' lang='grc' dir='ltr'>δικαιοσύνην</span> <span class='ocrx_word' id='word_1_739' title='bbox 1286 4849 1626 4920; x_wconf 85' lang='grc' dir='ltr'>νομιστεύει;</span> <span class='ocrx_word' id='word_1_740' title='bbox 1659 4849 1724 4901; x_wconf 70' lang='lat' dir='ltr'><strong>Et</strong></span> <span class='ocrx_word' id='word_1_741' title='bbox 1755 4847 1813 4900; x_wconf 77' lang='grc' dir='ltr'>δὲ</span> 
     </span>
    </p>
   </div>
   <div class='ocr_carea' id='block_1_97' title="bbox 1921 4653 3478 4727">
    <p class='ocr_par' dir='ltr' id='par_1_97' title="bbox 1921 4653 3478 4727">
     <span class='ocr_line' id='line_1_97' title="bbox 1921 4653 3478 4727; baseline -0.002 -14"><span class='ocrx_word' id='word_1_742' title='bbox 1921 4657 2230 4720; x_wconf 57' lang='lat' dir='ltr'><strong>aemulatur,</strong></span> <span class='ocrx_word' id='word_1_743' title='bbox 2261 4655 2385 4727; x_wconf 85' lang='lat' dir='ltr'><strong>quis</strong></span> <span class='ocrx_word' id='word_1_744' title='bbox 2409 4653 2890 4724; x_wconf 82' lang='lat' dir='ltr'><strong>incomparabilis?</strong></span> <span class='ocrx_word' id='word_1_745' title='bbox 2928 4653 2986 4709; x_wconf 90' lang='lat' dir='ltr'><strong>Si</strong></span> <span class='ocrx_word' id='word_1_746' title='bbox 3033 4654 3254 4710; x_wconf 87' lang='lat' dir='ltr'><strong>indurat</strong></span> <span class='ocrx_word' id='word_1_747' title='bbox 3288 4655 3478 4722; x_wconf 89' lang='lat' dir='ltr'><strong>corda,</strong></span> 
     </span>
    </p>
   </div>
   <div class='ocr_carea' id='block_1_98' title="bbox 1919 4744 3481 4820">
    <p class='ocr_par' dir='ltr' id='par_1_98' title="bbox 1919 4744 3481 4820">
     <span class='ocr_line' id='line_1_98' title="bbox 1919 4744 3481 4820; baseline -0.001 -16"><span class='ocrx_word' id='word_1_748' title='bbox 1919 4751 2042 4820; x_wconf 92' lang='lat' dir='ltr'><strong>quis</strong></span> <span class='ocrx_word' id='word_1_749' title='bbox 2058 4749 2271 4805; x_wconf 83' lang='lat' dir='ltr'><strong>erudit?</strong></span> <span class='ocrx_word' id='word_1_750' title='bbox 2291 4747 2348 4803; x_wconf 89' lang='lat' dir='ltr'><strong>Si</strong></span> <span class='ocrx_word' id='word_1_751' title='bbox 2369 4747 2664 4804; x_wconf 71' lang='lat' dir='ltr'><strong>caecitatem</strong></span> <span class='ocrx_word' id='word_1_752' title='bbox 2690 4755 2744 4801; x_wconf 89' lang='lat' dir='ltr'><strong>et</strong></span> <span class='ocrx_word' id='word_1_753' title='bbox 2771 4744 3334 4812; x_wconf 80' lang='lat' dir='ltr'><strong>surditateminducit,</strong></span> <span class='ocrx_word' id='word_1_754' title='bbox 3356 4745 3481 4816; x_wconf 91' lang='lat' dir='ltr'><strong>quis</strong></span> 
     </span>
    </p>
   </div>
   <div class='ocr_carea' id='block_1_99' title="bbox 1917 4836 3480 4908">
    <p class='ocr_par' dir='ltr' id='par_1_99' title="bbox 1917 4836 3480 4908">
     <span class='ocr_line' id='line_1_99' title="bbox 1917 4836 3480 4908; baseline -0.004 -10"><span class='ocrx_word' id='word_1_755' title='bbox 1917 4843 2067 4898; x_wconf 88' lang='lat' dir='ltr'><strong>dedit</strong></span> <span class='ocrx_word' id='word_1_756' title='bbox 2095 4841 2271 4898; x_wconf 88' lang='lat' dir='ltr'><strong>visum</strong></span> <span class='ocrx_word' id='word_1_757' title='bbox 2305 4848 2360 4896; x_wconf 87' lang='lat' dir='ltr'><strong>et</strong></span> <span class='ocrx_word' id='word_1_758' title='bbox 2405 4838 2690 4894; x_wconf 86' lang='lat' dir='ltr'><strong>auditum?</strong></span> <span class='ocrx_word' id='word_1_759' title='bbox 2734 4837 2793 4892; x_wconf 91' lang='lat' dir='ltr'><strong>Si</strong></span> <span class='ocrx_word' id='word_1_760' title='bbox 2823 4836 3080 4893; x_wconf 80' lang='lat' dir='ltr'><strong>fraudare</strong></span> <span class='ocrx_word' id='word_1_761' title='bbox 3110 4837 3326 4904; x_wconf 77' lang='lat' dir='ltr'><strong>suadet,</strong></span> <span class='ocrx_word' id='word_1_762' title='bbox 3353 4837 3480 4908; x_wconf 87' lang='lat' dir='ltr'><strong>quis</strong></span> 
     </span>
    </p>
   </div>
   <div class='ocr_carea' id='block_1_100' title="bbox 254 4929 1829 5016">
    <p class='ocr_par' dir='ltr' id='par_1_100' title="bbox 254 4937 1812 5016">
     <span class='ocr_line' id='line_1_100' title="bbox 254 4937 1812 5016; baseline -0.006 -16"><span class='ocrx_word' id='word_1_763' title='bbox 254 4943 528 5013; x_wconf 74' lang='grc' dir='ltr'>ἐμπαίζει,</span> <span class='ocrx_word' id='word_1_764' title='bbox 557 4945 653 4998; x_wconf 73' lang='grc' dir='ltr'><strong>καὶ</strong></span> <span class='ocrx_word' id='word_1_765' title='bbox 678 4945 763 5008; x_wconf 78' lang='grc' dir='ltr'><strong>τίς</strong></span> <span class='ocrx_word' id='word_1_766' title='bbox 791 4943 1118 5016; x_wconf 73' lang='grc' dir='ltr'>είλικρινήςς</span> <span class='ocrx_word' id='word_1_767' title='bbox 1157 4942 1220 4994; x_wconf 81' lang='lat' dir='ltr'><strong>EI</strong></span> <span class='ocrx_word' id='word_1_768' title='bbox 1239 4940 1295 4993; x_wconf 80' lang='grc' dir='ltr'>δὲ</span> <span class='ocrx_word' id='word_1_769' title='bbox 1313 4938 1593 5002; x_wconf 78' lang='grc' dir='ltr'>ἀδυνατεῖ,</span> <span class='ocrx_word' id='word_1_770' title='bbox 1614 4938 1709 4992; x_wconf 78' lang='grc' dir='ltr'>καὶ</span> <span class='ocrx_word' id='word_1_771' title='bbox 1729 4937 1812 5000; x_wconf 88' lang='grc' dir='ltr'><strong>τίς</strong></span> 
     </span>
    </p>
   </div>
   <div class='ocr_carea' id='block_1_101' title="bbox 1935 4929 3480 5016">
    <p class='ocr_par' dir='ltr' id='par_1_101' title="bbox 1935 4929 3480 5002">
     <span class='ocr_line' id='line_1_101' title="bbox 1935 4929 3480 5002; baseline -0.003 -14"><span class='ocrx_word' id='word_1_772' title='bbox 1935 4934 2184 4997; x_wconf 49' lang='lat' dir='ltr'><strong>iustitiam</strong></span> <span class='ocrx_word' id='word_1_773' title='bbox 2212 4930 2590 4989; x_wconf 87' lang='lat' dir='ltr'><strong>administrat?</strong></span> <span class='ocrx_word' id='word_1_774' title='bbox 2625 4929 2680 4986; x_wconf 93' lang='lat' dir='ltr'><strong>Si</strong></span> <span class='ocrx_word' id='word_1_775' title='bbox 2707 4929 2904 4994; x_wconf 86' lang='lat' dir='ltr'><strong>illudit,</strong></span> <span class='ocrx_word' id='word_1_776' title='bbox 2925 4929 3051 5000; x_wconf 86' lang='lat' dir='ltr'><strong>quis</strong></span> <span class='ocrx_word' id='word_1_777' title='bbox 3077 4937 3163 4985; x_wconf 87' lang='lat' dir='ltr'><strong>est</strong></span> <span class='ocrx_word' id='word_1_778' title='bbox 3187 4929 3480 5002; x_wconf 70' lang='lat' dir='ltr'><strong>sincerus?</strong></span> 
     </span>
    </p>
   </div>
   <div class='ocr_carea' id='block_1_102' title="bbox 352 5047 2215 5108">
    <p class='ocr_par' dir='ltr' id='par_1_102' title="bbox 352 5047 2215 5108">
     <span class='ocr_line' id='line_1_102' title="bbox 352 5047 2215 5108; baseline -0.007 7"><span class='ocrx_word' id='word_1_779' title='bbox 352 5084 361 5092; x_wconf 90' lang='grc'><strong>·</strong></span> <span class='ocrx_word' id='word_1_780' title='bbox 1509 5051 1748 5108; x_wconf 69' lang='lat' dir='ltr'><strong>VARI&#39;A‘J</strong></span> <span class='ocrx_word' id='word_1_781' title='bbox 1812 5047 2215 5104; x_wconf 82' lang='lat' dir='ltr'><strong>LECTIONES.</strong></span> 
     </span>
    </p>
   </div>
   <div class='ocr_carea' id='block_1_103' title="bbox 323 5138 3476 5222">
    <p class='ocr_par' dir='ltr' id='par_1_103' title="bbox 323 5138 3476 5222">
     <span class='ocr_line' id='line_1_103' title="bbox 323 5138 3476 5222; baseline 0.004 -17"><span class='ocrx_word' id='word_1_782' title='bbox 323 5151 558 5222; x_wconf 43' lang='lat' dir='ltr'><strong>reﬂuo,</strong></span> <span class='ocrx_word' id='word_1_783' title='bbox 609 5149 776 5222; x_wconf 56' lang='grc' dir='ltr'>εθεοῡ</span> <span class='ocrx_word' id='word_1_784' title='bbox 797 5151 1026 5222; x_wconf 83' lang='lat' dir='ltr'><strong>ascripsi</strong></span> <span class='ocrx_word' id='word_1_785' title='bbox 1041 5166 1107 5207; x_wconf 77' lang='lat' dir='ltr'><strong>ex</strong></span> <span class='ocrx_word' id='word_1_786' title='bbox 1128 5149 1192 5205; x_wconf 89' lang='lat'><strong>0.</strong></span> <span class='ocrx_word' id='word_1_787' title='bbox 1268 5147 1810 5222; x_wconf 59' lang='grc' dir='ltr'><strong>σρτιιιριπιλειπονεςες(ζ1</strong></span> <span class='ocrx_word' id='word_1_788' title='bbox 1842 5142 2282 5222; x_wconf 32' lang='lat' dir='ltr'><strong>femineam“.</strong></span> <span class='ocrx_word' id='word_1_789' title='bbox 2361 5143 2433 5222; x_wconf 39' lang='grc' dir='ltr'><strong>’,ᾗ</strong></span> <span class='ocrx_word' id='word_1_790' title='bbox 2463 5140 2632 5222; x_wconf 70' lang='grc' dir='ltr'>σπι-ρ</span> <span class='ocrx_word' id='word_1_791' title='bbox 2661 5142 2799 5222; x_wconf 68' lang='grc' dir='ltr'><strong>,(ιυὶ</strong></span> <span class='ocrx_word' id='word_1_792' title='bbox 2815 5139 3010 5222; x_wconf 60' lang='lat' dir='ltr'><strong>deinde</strong></span> <span class='ocrx_word' id='word_1_793' title='bbox 3033 5139 3260 5222; x_wconf 57' lang='lat' dir='ltr'><strong>9W9}-</strong></span> <span class='ocrx_word' id='word_1_794' title='bbox 3332 5138 3476 5222; x_wconf 67' lang='grc' dir='ltr'><strong>ξ,ρή-</strong></span> 
     </span>
    </p>
   </div>
   <div class='ocr_carea' id='block_1_104' title="bbox 297 5217 1692 5294">
    <p class='ocr_par' dir='ltr' id='par_1_104' title="bbox 297 5217 1692 5294">
     <span class='ocr_line' id='line_1_104' title="bbox 297 5217 1692 5294; baseline -0.001 -22"><span class='ocrx_word' id='word_1_795' title='bbox 297 5217 503 5294; x_wconf 69' lang='grc' dir='ltr'>ασινρ.</span> <span class='ocrx_word' id='word_1_796' title='bbox 538 5220 642 5273; x_wconf 80' lang='grc' dir='ltr'><strong>ὑπὸ</strong></span> <span class='ocrx_word' id='word_1_797' title='bbox 679 5221 772 5294; x_wconf 62' lang='grc' dir='ltr'><strong>σοῦ</strong></span> <span class='ocrx_word' id='word_1_798' title='bbox 803 5217 1040 5294; x_wconf 71' lang='grc' dir='ltr'>ῥηθεῖσιν</span> <span class='ocrx_word' id='word_1_799' title='bbox 1061 5217 1411 5294; x_wconf 64' lang='lat' dir='ltr'><strong>scribendum</strong></span> <span class='ocrx_word' id='word_1_800' title='bbox 1435 5227 1618 5294; x_wconf 62' lang='lat' dir='ltr'><strong>censet</strong></span> <span class='ocrx_word' id='word_1_801' title='bbox 1631 5217 1692 5294; x_wconf 53' lang='grc' dir='ltr'><strong>Ι),</strong></span> 
     </span>
    </p>
   </div>
   <div class='ocr_carea' id='block_1_105' title="bbox 1771 5215 2104 5287">
    <p class='ocr_par' dir='ltr' id='par_1_105' title="bbox 1771 5215 2104 5287">
     <span class='ocr_line' id='line_1_105' title="bbox 1771 5215 2104 5287; baseline -0.006 0"><span class='ocrx_word' id='word_1_802' title='bbox 1771 5215 2104 5287; x_wconf 59' lang='lat' dir='ltr'><strong>&quot;meum</strong></span> 
     </span>
    </p>
   </div>
   <div class='ocr_carea' id='block_1_106' title="bbox 2108 5210 3474 5284">
    <p class='ocr_par' dir='ltr' id='par_1_106' title="bbox 2108 5210 3474 5284">
     <span class='ocr_line' id='line_1_106' title="bbox 2108 5210 3474 5284; baseline -0.001 -16"><span class='ocrx_word' id='word_1_803' title='bbox 2108 5210 2212 5268; x_wconf 78' lang='grc' dir='ltr'><strong>νων</strong></span> <span class='ocrx_word' id='word_1_804' title='bbox 2241 5213 2306 5268; x_wconf 92' lang='grc'><strong>0.</strong></span> <span class='ocrx_word' id='word_1_805' title='bbox 2384 5210 2733 5284; x_wconf 61' lang='grc' dir='ltr'><strong>Η’γνιιιιριόνιιλξ</strong></span> <span class='ocrx_word' id='word_1_806' title='bbox 2861 5210 3006 5284; x_wconf 69' lang='lat' dir='ltr'><strong>Idem</strong></span> <span class='ocrx_word' id='word_1_807' title='bbox 3036 5210 3256 5284; x_wconf 74' lang='grc' dir='ltr'>δυνηθῇ.</span> <span class='ocrx_word' id='word_1_808' title='bbox 3336 5210 3474 5266; x_wconf 79' lang='lat' dir='ltr'><strong>“Ita</strong></span> 
     </span>
    </p>
   </div>
   <div class='ocr_carea' id='block_1_107' title="bbox 359 5279 3468 5363">
    <p class='ocr_par' dir='ltr' id='par_1_107' title="bbox 359 5279 3468 5363">
     <span class='ocr_line' id='line_1_107' title="bbox 359 5279 3468 5363; baseline -0.004 -17"><span class='ocrx_word' id='word_1_809' title='bbox 359 5300 430 5363; x_wconf 70' lang='lat' dir='ltr'><strong>et</strong></span> <span class='ocrx_word' id='word_1_810' title='bbox 451 5290 490 5344; x_wconf 89' lang='lat' dir='ltr'><strong>S</strong></span> <span class='ocrx_word' id='word_1_811' title='bbox 542 5306 610 5363; x_wconf 77' lang='lat' dir='ltr'><strong>ex</strong></span> <span class='ocrx_word' id='word_1_812' title='bbox 636 5279 890 5363; x_wconf 42' lang='lat' dir='ltr'><strong>conject;</strong></span> <span class='ocrx_word' id='word_1_813' title='bbox 921 5291 1255 5363; x_wconf 66' lang='grc' dir='ltr'>προκείμενα</span> <span class='ocrx_word' id='word_1_814' title='bbox 1273 5290 1353 5363; x_wconf 64' lang='grc' dir='ltr'><strong>(3.Δ</strong></span> <span class='ocrx_word' id='word_1_815' title='bbox 1377 5288 1508 5345; x_wconf 90' lang='lat' dir='ltr'><strong>Post</strong></span> <span class='ocrx_word' id='word_1_816' title='bbox 1536 5288 1651 5352; x_wconf 87' lang='grc' dir='ltr'><strong>πῶς</strong></span> <span class='ocrx_word' id='word_1_817' title='bbox 1677 5287 1714 5363; x_wconf 78' lang='lat' dir='ltr'><strong>S</strong></span> <span class='ocrx_word' id='word_1_818' title='bbox 1749 5279 2578 5363; x_wconf 43' lang='lat' dir='ltr'><strong>credideri[aliquidfttcidissg</strong></span> <span class='ocrx_word' id='word_1_819' title='bbox 2602 5283 2864 5363; x_wconf 42' lang='lat' dir='ltr'><strong>velut‘iva</strong></span> <span class='ocrx_word' id='word_1_820' title='bbox 2900 5279 3078 5363; x_wconf 69' lang='grc' dir='ltr'>μάθω.</span> <span class='ocrx_word' id='word_1_821' title='bbox 3154 5279 3374 5363; x_wconf 49' lang='lat' dir='ltr'><strong>“Evam</strong></span> 
     </span>
    </p>
   </div>
   <div class='ocr_carea' id='block_1_108' title="bbox 259 5350 3468 5432">
    <p class='ocr_par' dir='ltr' id='par_1_108' title="bbox 259 5350 3468 5432">
     <span class='ocr_line' id='line_1_108' title="bbox 259 5350 3468 5432; baseline -0.002 -20"><span class='ocrx_word' id='word_1_822' title='bbox 259 5358 300 5389; x_wconf 76' lang='lat'><strong><em>“</em></strong></span> <span class='ocrx_word' id='word_1_823' title='bbox 318 5361 478 5415; x_wconf 68' lang='grc' dir='ltr'>αὑτὸν</span> <span class='ocrx_word' id='word_1_824' title='bbox 502 5361 605 5426; x_wconf 88' lang='grc' dir='ltr'>τίς,</span> <span class='ocrx_word' id='word_1_825' title='bbox 633 5350 899 5432; x_wconf 76' lang='grc' dir='ltr'>οὐχ’όσιος</span> <span class='ocrx_word' id='word_1_826' title='bbox 920 5350 980 5415; x_wconf 66' lang='grc' dir='ltr'><strong>υξ</strong></span> <span class='ocrx_word' id='word_1_827' title='bbox 999 5350 1137 5418; x_wconf 74' lang='grc' dir='ltr'><strong>Τωιὶ</strong></span> <span class='ocrx_word' id='word_1_828' title='bbox 1169 5359 1452 5431; x_wconf 83' lang='lat' dir='ltr'><strong>legendum</strong></span> <span class='ocrx_word' id='word_1_829' title='bbox 1484 5350 1903 5421; x_wconf 56' lang='grc' dir='ltr'>θεεθῑάὑτὸνωῦ</span> <span class='ocrx_word' id='word_1_830' title='bbox 1920 5373 2002 5418; x_wconf 84' lang='grc' dir='ltr'><strong>τις</strong></span> <span class='ocrx_word' id='word_1_831' title='bbox 2033 5350 2194 5419; x_wconf 66' lang='grc' dir='ltr'>ὅσιος.</span> <span class='ocrx_word' id='word_1_832' title='bbox 2271 5353 2316 5385; x_wconf 82' lang='grc'>¹⁸</span> <span class='ocrx_word' id='word_1_833' title='bbox 2336 5355 2426 5408; x_wconf 83' lang='grc' dir='ltr'><strong>Διὸ</strong></span> <span class='ocrx_word' id='word_1_834' title='bbox 2439 5355 2486 5408; x_wconf 86' lang='grc' dir='ltr'><strong>εί</strong></span> <span class='ocrx_word' id='word_1_835' title='bbox 2510 5353 2607 5423; x_wconf 82' lang='grc' dir='ltr'>μὲν</span> <span class='ocrx_word' id='word_1_836' title='bbox 2636 5352 2802 5424; x_wconf 83' lang='grc' dir='ltr'>ἀπείη</span> <span class='ocrx_word' id='word_1_837' title='bbox 2816 5354 2876 5408; x_wconf 91' lang='grc'><strong>0.</strong></span> <span class='ocrx_word' id='word_1_838' title='bbox 2904 5350 2913 5353; x_wconf 55' lang='grc'>⁷</span> <span class='ocrx_word' id='word_1_839' title='bbox 2956 5350 3000 5383; x_wconf 84' lang='grc'><strong>¹⁶</strong></span> <span class='ocrx_word' id='word_1_840' title='bbox 3015 5352 3372 5423; x_wconf 77' lang='grc' dir='ltr'>μεταμέλεται</span> <span class='ocrx_word' id='word_1_841' title='bbox 3404 5354 3468 5405; x_wconf 82' lang='grc' dir='ltr'><strong>υ.</strong></span> 
     </span>
    </p>
   </div>
   <div class='ocr_carea' id='block_1_109' title="bbox 1544 5465 2176 5525">
    <p class='ocr_par' dir='ltr' id='par_1_109' title="bbox 1544 5465 2176 5525">
     <span class='ocr_line' id='line_1_109' title="bbox 1544 5465 2176 5525; baseline -0.005 0"><span class='ocrx_word' id='word_1_842' title='bbox 1544 5465 1909 5525; x_wconf 76' lang='lat' dir='ltr'><strong>VARIORUM</strong></span> <span class='ocrx_word' id='word_1_843' title='bbox 1945 5467 2176 5524; x_wconf 61' lang='lat' dir='ltr'><strong>NOTIE.</strong></span> 
     </span>
    </p>
   </div>
   <div class='ocr_carea' id='block_1_110' title="bbox 325 5558 3466 5649">
    <p class='ocr_par' dir='ltr' id='par_1_110' title="bbox 325 5558 3466 5649">
     <span class='ocr_line' id='line_1_110' title="bbox 325 5558 3466 5649; baseline -0.001 -27"><span class='ocrx_word' id='word_1_844' title='bbox 325 5568 433 5649; x_wconf 72' lang='lat'><strong>(55)</strong></span> <span class='ocrx_word' id='word_1_845' title='bbox 470 5567 870 5649; x_wconf 13' lang='lat'><strong>51070911776517:</strong></span> <span class='ocrx_word' id='word_1_846' title='bbox 900 5569 1341 5649; x_wconf 45' lang='lat' dir='ltr'><strong>g’rvzhr.§xsaa~.</strong></span> <span class='ocrx_word' id='word_1_847' title='bbox 1387 5563 1801 5649; x_wconf 77' lang='lat' dir='ltr'><strong>Monarchicum</strong></span> <span class='ocrx_word' id='word_1_848' title='bbox 1905 5561 2019 5649; x_wconf 23' lang='lat' dir='ltr'><strong>vel;</strong></span> <span class='ocrx_word' id='word_1_849' title='bbox 2042 5561 2136 5632; x_wconf 88' lang='lat' dir='ltr'><strong>qui</strong></span> <span class='ocrx_word' id='word_1_850' title='bbox 2173 5561 2504 5619; x_wconf 67' lang='lat' dir='ltr'><strong>monarcliirc</strong></span> <span class='ocrx_word' id='word_1_851' title='bbox 2551 5569 2605 5616; x_wconf 89' lang='lat' dir='ltr'><strong>et</strong></span> <span class='ocrx_word' id='word_1_852' title='bbox 2659 5561 2820 5617; x_wconf 88' lang='lat' dir='ltr'><strong>unius</strong></span> <span class='ocrx_word' id='word_1_853' title='bbox 2875 5560 3205 5632; x_wconf 86' lang='lat' dir='ltr'><strong>principatni</strong></span> <span class='ocrx_word' id='word_1_854' title='bbox 3265 5558 3466 5618; x_wconf 79' lang='lat' dir='ltr'><strong>faveat.</strong></span> 
     </span>
    </p>
   </div>
   <div class='ocr_carea' id='block_1_111' title="bbox 259 5637 1798 5708">
    <p class='ocr_par' dir='ltr' id='par_1_111' title="bbox 259 5637 1798 5708">
     <span class='ocr_line' id='line_1_111' title="bbox 259 5637 1798 5708; baseline -0.003 -16"><span class='ocrx_word' id='word_1_855' title='bbox 259 5637 496 5696; x_wconf 84' lang='lat' dir='ltr'><strong>animum</strong></span> <span class='ocrx_word' id='word_1_856' title='bbox 517 5641 766 5708; x_wconf 87' lang='lat' dir='ltr'><strong>appellat,</strong></span> <span class='ocrx_word' id='word_1_857' title='bbox 791 5639 872 5693; x_wconf 87' lang='lat' dir='ltr'><strong>vel</strong></span> <span class='ocrx_word' id='word_1_858' title='bbox 899 5655 1021 5692; x_wconf 88' lang='lat' dir='ltr'><strong>eum</strong></span> <span class='ocrx_word' id='word_1_859' title='bbox 1049 5639 1139 5706; x_wconf 90' lang='lat' dir='ltr'><strong>qui</strong></span> <span class='ocrx_word' id='word_1_860' title='bbox 1161 5640 1466 5693; x_wconf 85' lang='lat' dir='ltr'><strong>dominetur</strong></span> <span class='ocrx_word' id='word_1_861' title='bbox 1497 5637 1550 5691; x_wconf 91' lang='lat' dir='ltr'><strong>in</strong></span> <span class='ocrx_word' id='word_1_862' title='bbox 1580 5648 1798 5703; x_wconf 82' lang='lat' dir='ltr'><strong>corpus,</strong></span> 
     </span>
    </p>
   </div>
   <div class='ocr_carea' id='block_1_112' title="bbox 532 5732 1063 5794">
    <p class='ocr_par' dir='ltr' id='par_1_112' title="bbox 532 5732 1063 5794">
     <span class='ocr_line' id='line_1_112' title="bbox 532 5732 1063 5794; baseline -0.009 0"><span class='ocrx_word' id='word_1_863' title='bbox 532 5733 802 5794; x_wconf 66' lang='grc' dir='ltr'>Ριταοι.</span> <span class='ocrx_word' id='word_1_864' title='bbox 838 5732 954 5794; x_wconf 83' lang='lat' dir='ltr'><strong>Gu.</strong></span> <span class='ocrx_word' id='word_1_865' title='bbox 989 5733 1063 5792; x_wconf 90' lang='lat' dir='ltr'><strong>ll.</strong></span> 
     </span>
    </p>
   </div>
   <div class='ocr_carea' id='block_1_113' title="bbox 1907 5633 2044 5686">
    <p class='ocr_par' dir='ltr' id='par_1_113' title="bbox 1907 5633 2044 5686">
     <span class='ocr_line' id='line_1_113' title="bbox 1907 5633 2044 5686; baseline 0 0"><span class='ocrx_word' id='word_1_866' title='bbox 1907 5633 2044 5686; x_wconf 78' lang='lat' dir='ltr'><strong>Cor.</strong></span> 
     </span>
    </p>
   </div>
   <div class='ocr_carea' id='block_1_114' title="bbox 3231 5725 3272 5781">
    <p class='ocr_par' dir='ltr' id='par_1_114' title="bbox 3231 5725 3272 5781">
     <span class='ocr_line' id='line_1_114' title="bbox 3231 5725 3272 5781; baseline 0 -4"><span class='ocrx_word' id='word_1_867' title='bbox 3231 5725 3272 5781; x_wconf 70' lang='grc' dir='ltr'><strong>ε</strong></span> 
     </span>
    </p>
   </div>
  </div>
