3986 6164
471 271 578 329 107

1278 266 1335 319 S.
1372 261 1757 319 CLEMENTIS
1791 261 1808 316 l
1850 261 2016 319 ROM.
2055 261 2256 321 PONT.
2293 259 2516 317 OPEBA
2557 257 2782 315 DUBlA.

3591 259 3688 314 108

470 391 530 445 Si
556 386 820 443 mvaiidus
850 392 931 439 est
957 425 970 448 ,
999 382 1122 452 quis
1151 390 1233 435 est
1260 380 1634 449 omnipotens?
1680 379 1737 432 Si
1795 378 2027 446 iniustus

2145 379 2307 432 πάντα
2336 379 2589 439 δύναται;
2617 376 2679 428 Εἰ
2712 375 2768 428 δὲ
2815 373 3005 438 ἀδικεῖ,
3039 373 3133 427 καὶ
3163 373 3246 437 τίς
3283 373 3523 440 δίκαιος;
3549 375 3611 428 Ei
3637 377 3692 432 δὲ

471 493 590 547 est,
615 481 739 550 quis
767 477 982 547 justus?
1014 474 1072 528 Si
1103 473 1247 527 mala
1273 480 1421 528 creat
1445 513 1461 539 ,
1490 472 1613 539 quis
1643 471 1784 525 bona
1833 469 2028 524 faciet?

473 575 528 627 Si
552 572 689 626 mala
715 568 865 634 facit,
893 568 1016 637 quis
1040 565 1222 620 bona?
1964 559 1990 574 ‘

537 659 723 716 XLIV.
757 659 815 713 Si
837 672 966 712 vero
998 663 1237 709 montem
1287 654 1540 723 pinguem
1580 651 1809 722 appetit,
1845 651 2030 720 cujus-

468 770 593 809 nam
626 760 788 808 erunt
809 749 1043 805 cuncta?
1066 745 1125 801 Si
1157 747 1418 800 mentitur
1438 789 1452 812 ,
1478 745 1602 814 quis
1631 760 1796 798 verax
1820 743 1938 799 est?
1973 737 2031 797 Si

468 849 522 901 in
555 841 907 902 tabernaculo
937 837 1145 892 habitat
1172 878 1187 903 ,
1214 837 1340 906 quis
1369 835 1705 890 immensus?
1733 833 1791 888 Si
1819 834 2032 888 deside-

463 950 553 996 rat
584 939 865 1001 nidorem,
925 933 1193 990 sacriﬁcia
1218 973 1233 996 ,
1289 931 1542 985 victimas
1587 937 1644 983 et
1697 929 1987 996 libationes
2015 967 2030 991 ,

469 1034 593 1104 quis
635 1030 838 1085 nullius
885 1027 1168 1098 indigens,
1226 1023 1350 1094 quis
1401 1030 1653 1086 sanctus,
1687 1021 1814 1091 quis
1839 1036 2031 1090 purus,

468 1119 592 1193 quis'
619 1119 926 1192 perfectus?
951 1117 1007 1172 Si
1039 1115 1338 1170 luminibus
1362 1128 1426 1168 ac
1453 1111 1689 1166 lucernis
1710 1112 2032 1177 delectatur,

467 1216 591 1284 quis
623 1211 909 1266 luminaria
937 1210 990 1264 in
1021 1208 1160 1264 coelo
1196 1205 1512 1262 constituit?
1544 1202 1602 1258 Si
1627 1204 1682 1258 in
1711 1204 1942 1275 caligine
1968 1219 2033 1259 ac

463 1306 706 1362 tenebris
731 1312 785 1359 et
809 1302 1044 1374 procella
1068 1309 1230 1372 atque
1256 1299 1411 1354 fumo
1450 1309 1722 1366 versatur,
1753 1301 1878 1368 quis
1908 1307 2033 1354 tan-

466 1414 629 1470 quam
662 1398 844 1451 lumen
897 1394 1196 1449 maximum
1247 1407 1423 1447 :evum
1474 1392 1782 1446 illuminat?
1811 1389 1868 1445 Si
1906 1406 2032 1446 cum

469 1492 615 1547 tubis
643 1499 697 1546 et
726 1487 1206 1544 vociferationibus
1231 1494 1285 1540 et
1323 1484 1521 1555 iaculis
1551 1494 1606 1540 et
1633 1485 1845 1554 sagittis
1873 1486 2034 1539 adve-

466 1586 568 1650 nit,
619 1583 744 1653 quis
778 1590 862 1636 est
893 1579 1136 1636 omnium
1183 1587 1496 1648 exspectata
1541 1576 1945 1647 tranquillitas?
1977 1574 2034 1630 Si

466 1677 584 1748 ipse
609 1675 747 1730 bella
767 1673 962 1744 diligit,
985 1673 1109 1743 quis
1131 1687 1322 1742 pacem
1347 1671 1499 1725 vult?
1515 1669 1571 1724 Si
1600 1670 1741 1724 mala
1770 1669 1883 1739 ipse
1902 1684 2034 1724 con-

467 1728 746 1748 τη-κη
867 1728 1017 1744 υ..
1133 1728 1146 1742 .
1791 1728 1806 1739 .

465 1771 565 1835 dit,
597 1769 720 1837 quis
749 1765 881 1820 facit
907 1765 1082 1819 bona?
1107 1763 1164 1819 Si
1192 1763 1364 1818 durus
1395 1763 1541 1833 ipse,
1573 1763 1696 1832 quis
1730 1761 2036 1816 humanus?
2066 1728 2108 1782 Β

465 1860 523 1914 Si
553 1859 724 1914 ﬁdelis
745 1874 853 1912 non
884 1865 969 1912 est
994 1842 1047 1910 in
1077 1855 1386 1926 promissis,
1411 1855 1498 1908 cui
1525 1853 1813 1908 credetur?
1835 1851 1891 1906 Si
1919 1869 2036 1907 ma-

465 1953 550 2008 los
579 1961 724 2006 amat
755 1961 810 2005 et
844 1951 1121 2004 adulteros
1145 1957 1200 2004 et
1223 1947 1544 2012 homicidas,
1577 1947 1701 2016 quis
1731 1945 2034 2014 eritjustus

463 2044 664 2114 judex?
693 2040 749 2095 Si
781 2057 903 2096 eum
929 2040 1179 2110 poenitet,
1211 2037 1336 2108 quis
1377 2047 1460 2091 est
1482 2036 1776 2091 constans?
1799 2035 1857 2091 Si
1884 2035 2036 2090 deni-

465 2152 576 2204 que
605 2135 774 2188 malos
800 2133 971 2204 eligit,
1001 2131 1255 2201 quisnam
1288 2128 1522 2184 admittit
1545 2128 1759 2183 bonos?

541 2395 701 2451 XLV.
735 2394 1071 2462 Quocirca,o
1100 2391 1174 2446 ﬁli
1197 2389 1471 2452 Clemens,
1496 2384 1680 2440 inhibe
1708 2392 1780 2449 te,
1799 2396 1868 2437 ne
1889 2380 2036 2436 aliud

465 2493 534 2544 de
565 2489 672 2543 Deo
701 2487 926 2549 sentias,
955 2499 1122 2554 quam
1179 2482 1325 2552 quod
1350 2481 1466 2550 ipse
1509 2479 1662 2533 solus
1705 2476 1778 2531 sit
1815 2475 1957 2530 Deus
1983 2483 2038 2530 et

467 2583 738 2636 Dominus
769 2589 824 2633 et
849 2585 1006 2648 pater
1034 2577 1212 2629 bonus
1240 2589 1306 2628 ac
1332 2573 1516 2642 justus
1541 2577 1780 2634 creator,
1802 2568 2034 2637 patiens,

469 2675 803 2735 misericors,
827 2669 1085 2733 nutritor,
1117 2666 1416 2730 beneﬁcus,
1438 2661 1796 2717 humanitatis
1820 2659 2038 2726 legisla-

454 2777 576 2833 "tor,
625 2764 892 2820 castitatis
958 2759 1342 2823 consiliarius,
1397 2766 1665 2822 aeternus,
1712 2751 2036 2808 aeternitatis

470 2870 680 2923 auctor,
735 2853 1203 2924 incomparabilis,
1235 2851 1288 2904 in
1321 2851 1590 2904 bonorum
1623 2846 1822 2901 animis
1873 2844 2033 2899 habi-

465 2963 614 3015 tans,
648 2953 1013 3019 imperceptus
1032 2955 1087 3001 et
1116 2953 1423 3016 perceptus,
1450 2941 1544 3012 qui
1575 2941 1629 2995 in
1675 2938 1882 2993 inﬁnito
1919 2951 2036 2991 ma-

469 3059 636 3114 gnum
662 3057 836 3097 mvum
864 3049 1121 3109 tanquam
1145 3045 1390 3092 centrum
1422 3035 1556 3098 ﬁxit,
1592 3033 1684 3103 qui
1715 3031 1914 3087 omium
1939 3044 2036 3083 ex-
2065 3075 2107 3133 ϐ

464 3136 659 3208 pandit
679 3144 732 3190 et
760 3143 960 3189 terram
988 3129 1278 3199 compegit,
1307 3141 1504 3196 aquam
1533 3123 1856 3188 recondidit,
1885 3130 2034 3177 astra

470 3230 526 3282 in
575 3228 714 3283 cmlo
767 3223 1058 3295 disposuit,
1119 3231 1320 3276 terram
1352 3218 1478 3274 fecit
1511 3225 1720 3273 scatere
1767 3213 2033 3278 fontibus,

469 3321 684 3376 fructus
727 3316 1007 3388 produxit,
1044 3321 1259 3369 montes
1314 3312 1367 3367 in
1403 3311 1574 3366 altum
1615 3308 1858 3372 sustulit,
1897 3306 2035 3361 mari

469 3414 736 3468 terminos
779 3410 948 3475 dedit,
979 3416 1170 3462 ventos
1197 3420 1263 3460 ac
1312 3403 1470 3458 ﬂatus
1496 3399 1801 3462 ordinavit;
1833 3397 2039 3467 quique

471 3505 689 3576 corpori
716 3501 978 3557 ambienti
1012 3501 1066 3554 in
1092 3499 1360 3554 immenso
1404 3495 1614 3565 pelago,
1648 3507 1746 3562 per
1785 3489 2038 3559 spiritum

471 3598 686 3654 consilii
710 3596 816 3659 sui,
843 3593 1188 3648 securitatem
1224 3589 1438 3644 tribuit.

545 3687 729 3744 XLVI.
767 3686 864 3742 llic
916 3694 1103 3739 noster
1123 3682 1292 3753 judex
1321 3690 1425 3746 est,
1466 3679 1523 3733 in
1579 3691 1743 3746 quem
1774 3674 2039 3730 intuendo

474 3790 688 3852 Oportet
750 3779 964 3833 animas
1004 3783 1218 3830 nostras
1261 3772 1572 3836 emendare,
1621 3768 1806 3824 omnia
1839 3781 1934 3837 pro
1974 3781 2041 3820 eo

471 3874 733 3944 cogitare,
783 3869 882 3940 ipsi
914 3867 1263 3930 benedicere;
1297 3873 1460 3933 atque
1489 3877 1585 3932 pro
1618 3867 1768 3915 certo
1813 3859 2036 3924 habere,

475 3966 621 4035 quod
653 3979 751 4018 sua
781 3961 1037 4032 patientia
1063 3957 1460 4028 improbitatem
1491 3962 1814 4008 cunctorum
1845 3953 1900 4006 in
1938 3967 2040 4021 pu-

476 4057 676 4111 blicum
699 4055 974 4108 adducens
996 4053 1146 4107 solus
1173 4049 1384 4104 exsistit
1405 4049 1603 4102 bonus.
1646 4045 1806 4116 Isque
1850 4047 1904 4100 in
1932 4047 2041 4100 ﬁne

476 4149 717 4202 universi
749 4145 1046 4215 unicuique
1074 4143 1380 4198 facinorum
1413 4151 1604 4197 contra
1647 4141 1915 4194 rationem
1939 4139 2038 4193 ad-

477 4242 773 4294 missorum
797 4238 980 4308 justus
1027 4234 1335 4306 praesidebit
1359 4234 1545 4304 judex.

547 4322 758 4380 XLVII.
791 4323 887 4380 His
913 4322 1518 4395 ego-Clemens-auditis
1555 4323 1709 4378 dico:
1738 4319 1878 4376 Vere
1907 4320 2040 4375 illud

2133 471 2273 524 κακά
2297 469 2489 532 κτίζει,
2517 469 2611 521 καὶ
2637 468 2722 530 τίς
2753 466 2932 536 ἀγαθά
2967 466 3196 538 πράξει;
3230 467 3295 518 Εἰ
3321 466 3377 518 δὲ
3412 467 3505 519 καὶ
3533 469 3570 498 ⁸⁷
3597 486 3692 521 κα-

2131 563 2202 617 κά
2239 566 2399 626 ποιεῖ,
2424 561 2616 623 καὶτίς
2646 558 2861 628 ἀγαθά;

2200 653 2386 708 XLIV.
2417 655 2478 707 El
2509 653 2567 707 δὲ
2595 653 2667 710 τὸ,
2700 654 2822 705 πῖον
2864 650 2988 722 ὅρος
3018 649 3275 721 ἐπιθυμεῖ
3295 688 3311 713 ,
3334 649 3429 703 καὶ
3461 648 3603 712 τίνος
3629 648 3696 703 τά

2132 747 2340 812 πάντα;
2379 747 2441 799 Εἰ
2472 744 2746 815 ψεύδεται,
2797 743 2891 796 καὶ
2921 743 3004 805 τίς
3026 740 3312 813 ἀληθεύει;
3348 741 3410 793 Εἰ
3443 741 3500 792 ὲν
3529 742 3693 811 σκηνῇ

2131 841 2287 904 οίκεῖ,
2342 840 2436 893 καὶ
2464 838 2548 900 τίς
2580 835 2987 908 ἀχώρητος;Εί
3016 835 3073 887 δὲ
3113 833 3362 906 ὀρέγεται
3409 833 3514 902 73
3553 831 3700 886 κνίσ-

2133 949 2232 1002 σης
2254 933 2296 964 ¹⁸
2326 931 2420 984 καὶ
2465 929 2662 983 θυσιῶν
2688 929 2781 982 καὶ
2811 927 3066 998 θυμάτων
3105 927 3199 979 καὶ
3239 925 3573 997 προχύσεων,
3609 923 3699 976 καὶ

2130 1023 2213 1087 τίς
2237 1022 2543 1095 ἀπροσδεὴς
2575 1021 2668 1074 καὶ
2692 1021 2776 1084 τίς
2809 1020 2961 1088 άγιος
2983 1019 3076 1072 καὶ
3103 1017 3188 1080 τίς
3221 1017 3462 1086 καθαρὸς
3493 1015 3588 1068 καὶ
3619 1014 3702 1077 τίς

2131 1115 2370 1181 τέλειος;
2404 1115 2467 1168 El
2514 1114 2728 1184 λύχνοις
2762 1113 2856 1165 καὶ
2900 1110 3143 1181 λυχνίαις
3174 1111 3466 1181 τέρπεται,
3500 1108 3593 1162 καὶ
3619 1106 3702 1170 τίς

2132 1209 2260 1271 τοὺς
2292 1206 2582 1278 φωστῆρας
2625 1204 2810 1271 ἔταξεν
2838 1205 2894 1256 ὲν
2924 1202 3170 1274 οὐρανῷ;
3208 1203 3274 1254 El.
3304 1204 3361 1255 έν
3393 1202 3577 1271 γνόφῳ
3608 1200 3703 1254 καὶ

2136 1299 2311 1370 σκότῳ
2352 1299 2446 1351 καὶ
2473 1297 2669 1370 θυέλλῃ
2702 1296 2796 1350 καὶ
2828 1294 3018 1365 καπνῷ
3047 1294 3312 1357 σύνεστιν,
3348 1293 3443 1346 καὶ
3473 1292 3557 1355 τίς
3588 1291 3703 1362 φῶς

2134 1389 2209 1444 ὢν
2243 1390 2466 1459 φωτίζει
2492 1390 2582 1442 τὸν
2625 1389 2881 1461 μέγιστον
2916 1386 3119 1452 αἱῶνα;
3151 1387 3216 1438 El
3261 1384 3350 1438 διὰ
3389 1384 3704 1452 σαλπίγγων

2135 1485 2228 1537 καὶ
2259 1483 2586 1554 ἀλαλαγμῶν
2611 1483 2656 1516 ¹⁹
2680 1483 2773 1536 καὶ
2804 1479 3022 1552 βολίδων
3039 1481 3131 1533 καὶ
3162 1475 3505 1547 τοξευμάτων
3533 1493 3706 1548 προσ-

2136 1575 2373 1646 έρχεται,
2429 1575 2522 1628 καί
2551 1573 2634 1638 τίς
2665 1573 2827 1645 ἡτῶν
2854 1572 2988 1626 ὅλων
3010 1570 3368 1644 προσδόκιμος
3392 1567 3632 1640 γαλήνης
3656 1570 3705 1622 εἰ

2138 1665 2405 1736 πολέμους
2427 1667 2588 1731 αὐτὸς
2609 1667 2817 1737 ἀγαπᾷ,
2853 1666 2948 1720 καὶ
2978 1665 3062 1728 τίς
3090 1665 3310 1736 εἰρήνην
3337 1661 3477 1714 θέλει
3500 1678 3515 1725 ;
3550 1663 3600 1714 εί
3640 1661 3710 1714 τὰ

2136 1757 2282 1810 κακά
2309 1757 2469 1821 αὐτὸς
2491 1757 2686 1823 κτίζει,
2710 1759 2803 1811 καὶ
2821 1757 2902 1821 τίς
2935 1757 3113 1826 ἀγαθά
3143 1757 3460 1828 δημιουργεῖ
3482 1772 3497 1822 ;
3528 1756 3593 1808 Et
3621 1755 3713 1809 αὐ-

2134 1849 2224 1913 τὸς
2255 1849 2516 1922 ἀστοργος
2539 1851 2605 1916 ²⁰,
2641 1851 2734 1904 καὶ
2767 1850 2850 1914 τίς
2885 1849 3298 1922 φιλάνθρωπος;
3342 1851 3406 1903 Et
3440 1847 3604 1911 αὐτὸς
3624 1865 3714 1900 πι-

2139 1943 2261 2006 στὸς
2290 1942 2390 1995 οὐκ
2431 1942 2546 1995 ἔστι
2588 1942 2716 2010 περὶ
2741 1935 2815 1995 ὧν
2847 1943 3190 2012 ὑπισχνεῖται
3209 1981 3224 2005 ,
3256 1942 3351 1995 καὶ
3377 1941 3462 2004 τίς
3491 1956 3713 1993 πιστευ-

2136 2033 2392 2106 θήσεται;
2420 2035 2484 2087 Et
2529 2033 2690 2097 αὐτὸς
2722 2034 2991 2104 πονηροὺς
3026 2035 3121 2086 καὶ
3165 2028 3386 2104 μοιχοὺς
3415 2034 3510 2086 καὶ
3535 2033 3715 2102 φονεῖς

2135 2127 2342 2198 ἀγαπᾷ,
2374 2127 2469 2180 καὶ
2499 2126 2581 2189 τίς
2614 2125 2763 2178 ἔσται
2783 2127 2824 2157 ¹¹
2841 2124 3042 2188 δίκαιος
3056 2126 3249 2197 κριτής
3267 2141 3281 2188 ;
3299 2125 3536 2188 Είαύτὸς
3558 2141 3716 2194 μετα-

2139 2220 2400 2291 μελεῖται,
2434 2218 2526 2271 καὶ
2557 2217 2640 2280 τίς
2669 2216 2912 2287 βέϐαιος;
2965 2217 3029 2270 Εἰ
3061 2216 3222 2279 αὐτὸς
3259 2219 3461 2280 κακοὺς
3484 2217 3716 2286 ἐκλέγε-

2137 2329 2247 2378 ται,
2277 2312 2372 2364 καὶ
2395 2311 2480 2372 τίς
2502 2308 2741 2378 ἀγαθοὺς
2772 2308 3079 2379 προσὶεται;

2205 2401 2368 2457 XLV.
2404 2402 2516 2465 Διὸ,
2547 2395 2592 2454 ὦ
2619 2402 2809 2454 τέκνον
2842 2401 3090 2472 Κλήμης,
3139 2400 3323 2472 ἔπεχε,
3362 2400 3437 2473 μὴ
3483 2400 3622 2454 ἄλλο
3666 2419 3719 2454 τι

2137 2496 2412 2567 φρονήσῃς
2441 2494 2570 2565 περὶ
2593 2493 2686 2546 τοῦ
2723 2491 2880 2554 Θεοῦ,
2902 2492 3035 2563 nan
3055 2491 3216 2554 αὐτὸς
3251 2492 3408 2562 μόνος
3439 2493 3564 2545 ἐστὶ
3584 2493 3721 2557 Θεὸς

2139 2587 2232 2640 καὶ
2264 2586 2468 2655 Κύριος
2487 2586 2581 2637 καὶ
2599 2584 2779 2656 πατὴρ
2800 2583 3001 2652 ἀγαθὸς
3022 2585 3115 2636 καὶ
3133 2583 3336 2647 δίκαιος
3359 2583 3720 2657 δημιουργὸς,

2142 2677 2493 2749 μακρόθυμος
2515 2716 2530 2740 ,
2563 2676 2809 2746 ἐλεήμων
2833 2715 2848 2737 ,
2895 2677 3149 2746 τροφεὺς,
3183 2675 3497 2746 εὐεργέτης,
3529 2677 3722 2746 φιλαν-

2138 2768 2379 2841 θρωπίαν
2412 2767 2763 2837 νομιστεύων,
2797 2766 3015 2834 ἁγνείαν
3048 2766 3450 2836 συμϐουλεύων,
3474 2767 3722 2832 αἰώνιος,

2138 2858 2388 2921 αἰωνίους
2418 2857 2606 2922 ποιῶν,
2637 2857 2985 2929 ἀσύγκριτος,
3006 2860 3126 2920 ταῖς
3149 2858 3257 2911 τῶν
3275 2859 3495 2927 ἀγαθῶν
3517 2860 3724 2932 ψυχαῖς

2137 2949 2492 3022 οἰκιςόμενος,
2522 2947 2803 3020 άχὼρητος
2823 2951 2917 3002 καὶ
2949 2949 3312 3020 χωρούμενος,
3351 2953 3379 3004 ό
3405 2953 3464 3004 ὲν
3508 2952 3727 3025 ἀπείρῳ

2137 3042 2228 3095 τὸν
2282 3043 2453 3113 μέγαν
2500 3041 2670 3096 αἰῶνα
2722 3043 2798 3106 ὡς
2845 3042 3068 3112 κέντρον
3097 3044 3143 3074 ³³
3191 3042 3386 3114 πήξας,
3438 3045 3469 3097 ὁ
3495 3045 3729 3116 οὐρανὸν

2143 3134 2469 3204 έφαπλώσας
2501 3133 2596 3188 καὶ
2652 3135 2754 3206 γῆν
2787 3134 3046 3199 πιλὼσας,
3083 3134 3227 3205 ὕδωρ
3276 3136 3586 3206 ταμιεύσας
3610 3178 3626 3202 ,
3661 3137 3728 3191 ἀ-

2144 3247 2280 3302 στρα
2311 3229 2369 3282 ὲν
2393 3229 2604 3300 οὐρανῷ
2625 3227 2848 3292 διαθεὶς,
2871 3227 3050 3298 πηγάς
3077 3229 3146 3298 γῇ
3199 3225 3399 3298 βρύσας
3418 3265 3435 3291 ,
3473 3231 3732 3300 καρποὺς

2141 3322 2402 3391 ὲκφύσας,
2427 3321 2531 3393 ὅρη
2558 3318 2798 3390 ὐψώσας,
2825 3319 3095 3373 θάλασσαν
3116 3319 3453 3391 περιορίσας,
3487 3321 3733 3393 ἀνέμους

2142 3431 2200 3467 τε
2232 3413 2340 3485 74
2359 3414 2454 3466 καὶ
2485 3413 2769 3484 πνεύματα
2795 3411 3065 3477 διατάξας,
3082 3412 3182 3465 ότὸ
3199 3413 3454 3483 περιέχον
3479 3414 3650 3486 σῶμα
3675 3417 3735 3468 έν

2142 3506 2358 3577 ἀπείρῳ
2383 3505 2608 3574 πελάγει
2635 3505 2903 3575 πνεύματι
2951 3505 3145 3576 βουλῆς
3174 3505 3220 3536 ⁸³
3249 3505 3727 3580 ἀσφαλισάμενος.

2212 3682 2397 3738 XLVI.
2429 3677 2596 3746 Οὗτος
2627 3683 2784 3754 ήμῶν
2810 3684 3089 3755 δικαστὴς,
3122 3685 3201 3746 εἰς
3227 3684 3285 3736 δν
3313 3685 3736 3752 ἀποϐλέποντας

2144 3778 2249 3849 χρὴ
2268 3775 2368 3839 τὰς
2397 3775 2607 3829 ἑαυτῶν
2635 3775 2932 3846 κατορθοῦν
2955 3757 3153 3846 ψυχάς,
3183 3775 3357 3828 πάντα
3377 3777 3530 3850 ὑπὲρ
3566 3783 3617 3814 ιι
3643 3781 3739 3834 αὑ,

2142 3870 2236 3922 τοῦ
2265 3867 2540 3931 νοοῦντας,
2574 3868 2740 3922 αὐτὸν
2765 3867 3162 3938 εὐφημοῦντας,
3209 3869 3628 3940 πεπεισμένους
3655 3875 3738 3927 ὅτι

2142 3964 2209 4032 τῇ
2245 3960 2410 4014 αὐτοῦ
2431 3960 2783 4032 μακροθυμίᾳ
2803 3960 3019 4014 πάντων
3041 3961 3138 4032 τὴν
3161 3961 3494 4034 προπέτειαν
3527 3968 3615 4030 είς
3636 3984 3742 4038 φα·-

2144 4053 2298 4122 νερὸν
2329 4053 2478 4120 ἄγων
2512 4053 2672 4123 μόνος
2703 4052 2906 4120 ἀγαθός
2935 4052 3101 4106 ἐστιν.
3130 4053 3243 4106 Καὶ
3282 4048 3437 4118 οὗτος
3469 4056 3570 4111 ἐπὶ
3594 4059 3741 4112 τέλει

2143 4144 2237 4197 τοῦ
2265 4145 2465 4208 παντὸς
2494 4144 2708 4216 ἑκάστῳ
2725 4144 2834 4198 τῶν
2864 4143 3324 4215 τετολμηκότωνά
3355 4145 3433 4218 μὴ
3453 4149 3637 4222 ἐχρῆν
3663 4150 3742 4203 δί-

2145 4253 2297 4299 καιος
2327 4236 2827 4308 προκαθεσθήσεται
2855 4237 3067 4307 κριτής.

2213 4327 2421 4382 XLVII.
2459 4327 2640 4381 Ταῦτα
2668 4327 2779 4397 ἐγὼ
2799 4329 3027 4400 Κλήμης
3063 4327 3319 4393 ἀκούσας,
3351 4328 3497 4402 ἔφην
3517 4350 3532 4363 ο
3593 4334 3748 4407 Ἀλη-

477 4419 670 4490 religio
698 4427 808 4484 est,
834 4432 960 4472 vere
989 4417 1122 4471 illud
1151 4416 1344 4485 pietas.
1374 4414 1686 4485 lterumque
1708 4414 1832 4470 aio:
1863 4413 2042 4482 Cupe--

2150 4421 2257 4485 θῶς
2277 4420 2436 4474 τοῦτο
2461 4420 2757 4485 θεοσέϐεια,
2775 4420 2931 4474 τοῦτο
2955 4420 3167 4492 ἀληθῶς
3189 4422 3235 4453 ’⁸
3256 4421 3540 4479 εὐσέὸεια.
3571 4428 3747 4482 Πάλιν

463 4528 593 4590 [rem
622 4513 786 4582 igitur
817 4511 960 4566 scire
987 4551 1003 4576 ,
1050 4516 1380 4580 quapropter
1409 4523 1474 4563 eo
1500 4511 1662 4563 modo
1690 4507 1880 4578 scripti
1913 4514 2043 4561 sunt

447 4593 602 4659 ’libri
629 4606 789 4660 sacri.
822 4602 1039 4657 Memini
1069 4601 1270 4670 quippe
1298 4609 1350 4655 te
1387 4599 1592 4656 dixisse
1637 4601 1690 4656 id
1709 4599 1918 4654 factum
1975 4601 2044 4654 ad

479 4697 859 4768 coarguendos
913 4710 1010 4750 eos
1033 4693 1122 4763 qui
1156 4693 1360 4762 aliquid
1378 4734 1393 4758 ,
1421 4693 1568 4763 quod
1615 4693 1821 4748 dictum
1849 4691 1922 4746 sit
1949 4691 2045 4745 ad-

481 4806 673 4844 versus
702 4789 890 4851 Deum,
925 4796 1128 4842 temere
1153 4785 1415 4840 credituri
1441 4795 1617 4840 erant.
1645 4784 1752 4840 Sed
1783 4784 2044 4855 quoniam

481 4883 736 4938 concedis
760 4881 940 4948 nobis,
969 4895 1215 4950 quarere
1236 4893 1303 4934 ex
1324 4887 1376 4934 te
1399 4879 1477 4933 uti
1505 4879 1677 4944 lubet,
1706 4879 2047 4947 interrogare

481 4973 770 5037 audemus,
797 4983 848 5028 te
873 4973 1119 5042 jubente.
1141 4969 1200 5025 Si
1236 4971 1382 5041 quis,
1414 4971 1738 5026 charissime
1777 4968 1956 5034 Petre,
1991 4967 2047 5021 in

483 5065 730 5118 animum
771 5064 1048 5119 induxerit
1068 5063 1249 5119 dicere
1291 5061 1448 5118 nobis
1484 5081 1496 5116 :
1531 5061 1823 5116 Veritatem
1863 5059 2046 5115 conti-

482 5164 615 5210 nent
640 5170 763 5225 qua:
782 5156 836 5209 in
871 5155 1040 5210 Deum
1063 5155 1207 5211 dicta
1234 5169 1298 5210 ac
1325 5154 1523 5224 scripta
1567 5162 1716 5216 sunt.
1767 5153 1893 5207 licet
1943 5150 2045 5205 tibi

483 5249 770 5304 videantur
803 5247 974 5302 falsa:
1009 5263 1117 5318 quo
1148 5247 1310 5302 modo
1335 5246 1410 5301 illi
1444 5245 1938 5316 respondebimus?

2144 4532 2202 4568 τε
2236 4515 2368 4585 ἔφην
2389 4531 2402 4544 ·
2435 4511 2663 4566 Ἦθελον
2686 4513 2874 4584 μαθεῖν
2899 4507 3012 4577 οὖν,
3034 4511 3120 4566 διά
3135 4512 3188 4565 τί
3215 4511 3385 4575 οὕτως
3407 4516 3749 4591 ἐγράφησαν

2147 4607 2202 4659 αί
2237 4605 2439 4658 Βίϐλοι.
2489 4603 2786 4675 Μέμνημαι
2833 4603 2941 4676 γὰρ
2973 4603 3048 4666 ὡς
3090 4604 3245 4676 ἔφης,
3279 4605 3473 4670 ὃτιείς
3517 4609 3750 4681 ἔλεγχον

2147 4697 2255 4750 τῶν
2289 4695 2588 4768 μελλόντων
2608 4696 2812 4767 τολμᾷν
2840 4696 3112 4750 πιστεύειν
3129 4715 3181 4750 τι
3199 4699 3244 4729 ’⁸
3271 4697 3584 4770 λεγόμενον
3604 4703 3751 4758 κατὰ

2149 4788 2243 4841 τοῦ
2272 4787 2429 4841 Θεοῦ.
2466 4788 2611 4859 Πλὴν
2649 4789 2771 4842 ἐπεὶ
2800 4787 2998 4861 χαρίζῃ
3038 4791 3169 4859 ήμῖν
3211 4790 3598 4847 πυνθάνεσθαί
3653 4813 3748 4849 σου

2150 4881 2226 4943 ὡς
2261 4879 2558 4951 βουλόμεθα
2580 4881 2646 4945 ³⁷,
2683 4881 3044 4935 πυνθάνεσθαι
3074 4882 3382 4953 τολμῶμεν,
3424 4886 3529 4941 σοῦ
3564 4889 3754 4944 κελεύ-

2152 4989 2361 5036 σαντος·
2395 4974 2538 5038 εἴτις
2567 4973 2868 5046 βουληθείη,
2896 4973 3113 5044 φίλτατε
3141 4975 3334 5045 Πέτρε,
3353 4977 3549 5048 λέγειν
3579 4985 3748 5054 ἡμῖν·

2165 5066 2360 5138 Ἀληθῆ
2383 5067 2504 5120 ἐστι
2531 5066 2600 5120 τὰ
2619 5066 2994 5138 γεγραμμένα,
3013 5065 3112 5119 κᾶν
3127 5066 3171 5097 ⁸⁸
3188 5083 3269 5122 σοι
3297 5068 3478 5143 ψευδῆ
3510 5074 3653 5148 δοκῇ
3685 5075 3754 5130 τὰ

2155 5157 2294 5212 κατὰ
2321 5157 2412 5211 τοῦ
2433 5158 2567 5212 Θεοῦ
2587 5158 2841 5230 ρηθένταο
2874 5157 2990 5222 πῶς
3013 5157 3401 5232 ἀποκριθῶμεν
3436 5165 3640 5237 αὐτῷ;

1747 5355 1986 5410 νΑῐὶΙιιΕ
2053 5355 2460 5416 LECTIONES.

555 5453 598 5485 "
615 5452 672 5506 δέ
704 5451 854 5524 d_eest
875 5447 1025 5524 in‘_0.
1105 5450 1358 5524 ἠκνίσης
1384 5449 1470 5512 0.,
1497 5465 1662 5524 quam
1684 5449 1913 5524 formam
1943 5449 1981 5524 ξ
2035 5452 2596 5524 tacitecommutavit
2630 5452 2683 5524 in
2711 5450 2958 5524 κνίσσης,
2994 5460 3055 5507 ut
3082 5467 3194 5524 scr.
3221 5453 3286 5509 Ο.
3319 5451 3468 5514 Vide
3497 5459 3754 5520 Dindor.

483 5525 624 5594 ilum
653 5523 705 5575 in
732 5521 891 5594 Hom.
935 5519 1074 5574 Tum
1101 5519 1452 5594 προσχύσεων
1599 5520 1666 5594 ξ¹⁹
1699 5521 2110 5594 ὀλολυγμῶνΑΟη
2140 5593 2145 5594 ν
2178 5522 2508 5594 ὀλᾷστοργος
2540 5523 2702 5585 αὐτός

2860 5521 2902 5553 ’ί
2927 5523 3041 5576 ἐστι
3069 5521 3132 5578 0.
3238 5525 3284 5555 ³¹
3300 5523 3383 5578 Ad
3413 5543 3583 5586 oram
3621 5536 3752 5592 cod.

486 5592 671 5676 Qttob.
702 5592 774 5676 al.
797 5606 943 5676 m‘an.
958 5607 1050 5676 χρ.
1073 5588 1369 5676 ’κέντρωοψ
1395 5661 1406 5672 ,
1446 5588 1563 5645 "Ci
1587 5588 1979 5676 ἀσφαλήςφοεί
2005 5591 2200 5676 βουλῇς
2226 5588 2633 5676 Metaplirastenn
2668 5590 3277 5676 redolenabundantgue;
3305 5588 3752 5676 (forpgégcéhj;

490 5663 548 5717 S.
570 5662 727 5715 Deest
748 5663 800 5714 in
819 5660 862 5716 0
958 5660 1075 5714 "In
1099 5660 1142 5716 Ο

1185 5661 1268 5731 pr.
1295 5678 1371 5734 m,
1395 5661 1446 5714 in
1465 5677 1636 5734 marg.
1655 5661 1804 5734 ἔχοντ
1818 5661 2274 5734 Ειιάοιιέίνιηίοιθε
2291 5661 2532 5717 oceurrit
2551 5664 2691 5718 infra
2708 5678 2757 5716 c.
2778 5661 2868 5734 52.
2944 5664 2988 5694 ”
3003 5661 3216 5734 άληθῶς
3243 5661 3407 5717 τοῦτο
3419 5669 3484 5722 0.
3547 5661 3599 5704 ἱο
3623 5661 3756 5731 Ροξά

487 5732 816 5805 τιυριεωικξι
839 5731 917 5783 τό.
969 5732 1012 5764 ³⁷
1037 5730 1565 5788 νὺῦίπυνοάνεσθαί
1586 5730 1768 5796 eam;
1788 5733 2083 5802 βουλόμεθα
2115 5744 2542 5789 accesseruntex
2570 5734 2634 5789 Ο.
2711 5731 2874 5786 "xiv
2906 5733 3076 5788 om.0
3097 5730 3120 5804 ’,
3147 5734 3237 5792 uni
3269 5743 3386 5789 tum
3418 5753 3541 5798 scr.
3577 5743 3735 5800 δοκεῖ
