3986 6164
453 315 544 368 ιιι
1293 307 1349 359 S.
1385 295 1775 355 CLEMENTIS
1807 295 1824 349 l
1867 293 2029 350 ROM.
2069 291 2268 348 PONT.
2307 291 2531 346 ΟΡΕΒΑ
2561 290 2789 343 DUBIA.
3552 285 3655 340 H2

521 423 625 480 Lll.
656 420 952 491 Respondit
1003 418 1224 472 Petrus:
1255 415 1414 467 licete
1449 416 1630 482 itaque
1674 427 1778 464 non
1834 409 1994 462 credo
2025 399 2068 454 Α

2166 405 2272 460 LII.
2309 405 2417 458 Kal
2448 407 2475 458 6
2501 403 2704 474 Πέτρος
2737 399 3066 471 ἀπεκρίνατο
3092 397 3157 429 ⁸⁸·
3189 394 3395 450 Ούκοῦν
3427 395 3659 465 εὐλόγως

448 516 710 571 adversus
734 513 923 576 Deum,
951 525 1048 564 nec
1077 508 1335 562 adversus
1359 505 1537 574 justos
1566 502 1618 556 in
1648 501 1763 570 lege
1788 514 1998 554 memo-

2098 498 2220 550 οὔτε
2250 497 2388 550 κατά
2418 494 2512 550 τοῦ
2544 494 2677 547 Θεοῦ
2712 491 2978 555 πιστεύω,
3011 489 3132 544 οῦτε
3177 489 3315 542 κατὰ
3361 488 3468 541 τῶν
3502 489 3558 540 ἐν
3584 489 3658 560 τῷ

450 616 617 671 ratos,
648 606 867 674 impiam
892 615 1223 672 prwsumens
1245 597 1575 666 opinionem.
1607 593 1676 648 Ut
1698 594 1841 648 enim
1867 593 2000 648 mihi

2101 589 2247 662 νόμῳ
2294 588 2714 660 ἀναγραφέντων
2755 585 2998 649 δικαίων,
3039 581 3251 645 ἀσεϐῶς
3279 583 3494 652 φρονεῖν
3526 580 3657 652 προ-

449 697 769 767 persuadeo,
797 709 971 762 neque
1001 692 1239 744 Adainus
1265 699 1634 760 transgressor
1687 685 1808 751 fuit,
1838 700 1999 756 quem

2101 681 2387 752 λαμϐάνων
2416 680 2481 733 ³⁸.
2531 679 2617 742 Ὡς
2646 678 2755 749 γὰρ
2782 677 3103 746 πέπεισμαι,
3137 672 3258 727 οὕτε
3294 672 3462 743 ’Λδάμ
3491 690 3662 743 παρα-

449 791 545 846 Dei
577 804 769 844 manus
805 785 1204 857 parturicrunt:
1258 797 1435 852 neque
1473 779 1588 836 Noe
1641 780 1846 846 ebrius,
1908 777 2000 847 qui

2102 772 2272 844 ϐάτης
2300 768 2388 843 ἦν,
2415 773 2443 826 6
2475 770 2578 824 ὑπὸ
2609 769 2717 823 τῶν
2743 769 2836 821 τοῦ
2881 767 3015 820 Θεοῦ
3049 764 3248 836 χειρῶν
3286 763 3658 836 κυοφορηθείς·

448 898 559 949 pra:
587 880 732 937 omni
759 877 959 931 mundo
984 876 1167 946 justus
1203 873 1454 929 inventus
1476 881 1591 928 est:
1617 885 1792 942 neque
1825 869 2000 924 Abra-

2102 864 2223 918 οὔτε
2251 865 2373 917 Νῶε
2423 861 2654 934 μέθυσος
2688 856 2756 932 ἦν
2777 899 2792 924 ,
2824 861 2852 913 6
2879 859 3018 930 ὑπὲρ
3044 859 3091 888 ⁸⁰
3120 857 3295 910 πάντα
3343 857 3432 909 τὸν
3465 856 3663 926 κόσμον

446 977 643 1029 hamus
668 982 776 1027 tres
801 969 965 1025 simul
1003 968 1193 1022 habuit
1215 983 1432 1034 uxores,
1461 966 1554 1036 qui
1584 973 1804 1035 propter
1841 963 2004 1018 casti-

2102 957 2309 1020 δίκαιος
2357 954 2618 1026 εὑρεθείς·
2670 952 2793 1006 οὔτε
2821 951 2877 1004 δὲ
2913 950 3162 1022 Ἀϐραὰμ
3188 949 3363 1020 τρισὶν
3403 948 3517 1018 ἅμα
3543 964 3664 1000 συν-

444 1077 610 1121 tatem
658 1066 892 1120 donatus
926 1070 1009 1118 est
1059 1062 1352 1116 liberorum
1400 1059 1779 1114 multitudine:
1828 1071 2005 1124 neque

2161 1048 2250 1101 :t“
2284 1046 2545 1116 γυναιξὶν,
2605 1047 2634 1098 6
2663 1043 2750 1096 διά
2770 1041 3121 1114 σωφροσύνην
3154 1038 3505 1101 πολυτεκνίας
3537 1055 3669 1091 κατ-
3727 1083 3735 1096 ,

448 1159 682 1215 Iacobus
727 1167 962 1227 quatuor
1011 1154 1188 1219 duxit,
1252 1169 1484 1223 quarum
1516 1159 1571 1206 et
1615 1151 1736 1206 duae
1762 1164 2004 1215 sorores,

2106 1139 2380 1205 αξιωθείς·
2431 1137 2552 1191 οὕτε
2605 1133 2799 1189 Ἰακὼϐ
2846 1133 3097 1203 τετράσιν
3139 1129 3429 1191 ἐκοινώνει,
3470 1115 3544 1182 ὧν
3575 1128 3668 1182 δύο

450 1252 540 1322 qui
595 1221 878 1304 duodecim
929 1248 1167 1302 tribuum
1219 1221 1371 1316 pater
1401 1244 1629 1307 exstitit,
1661 1251 1715 1298 et
1763 1241 2006 1312 Magistri

2106 1234 2201 1288 καὶ
2232 1231 2453 1301 ἀδελφαὶ
2480 1231 2525 1261 δ’
2554 1227 2866 1296 ἐτύγχανον,
2899 1226 2956 1289 ὃς
2975 1223 3199 1278 δεκαδύο
3225 1222 3404 1291 φυλῶν
3421 1221 3667 1291 ὑπάρξας

449 1344 622 1400 nostri
659 1341 946 1397 adventum
1005 1339 1245 1395 futurum
1288 1335 1608 1408 designavit.
1640 1311 1871 1406 Moyses,
1898 1348 2007 1388 non

2108 1327 2288 1399 πατὴρ
2319 1325 2409 1379 καὶ
2441 1322 2538 1394 τὴν
2569 1320 2665 1374 τοῦ
2694 1317 3019 1372 Διδασκάλου
3041 1314 3193 1386 ἡμῶν
3223 1311 3520 1385 παρουσίαν
3552 1311 3669 1381 ἐσή-

449 1446 566 1492 erat
618 1434 912 1501 homicida,
946 1448 1045 1489 nec
1069 1433 1138 1487 ab
1187 1401 1456 1486 idolorum
1493 1401 1773 1484 sacerdote
1821 1424 2011 1480 didicit

2113 1435 2279 1490 μανεν
2310 1416 2501 1468 ἐλθεῖν·
2525 1411 2584 1466 οὐ
2610 1410 2848 1480 Μωῦσῆς
2869 1408 3061 1478 φονεὺς
3075 1402 3163 1477 ἦν,
3181 1405 3275 1458 καὶ
3308 1402 3457 1475 παρὰ
3483 1401 3672 1473 ἱερέως

446 1530 715 1600 judicare,
743 1527 837 1598 qui
875 1492 1130 1580 omnibus
1156 1523 1371 1580 saeculis
1403 1523 1574 1592 legem
1597 1519 1692 1575 Dei
1717 1519 2011 1590 propheta-

2110 1509 2340 1564 εἰδώλων
2353 1507 2398 1540 ⁸³
2411 1506 2613 1579 κρίνειν
2633 1501 2945 1574 ἐμάνθανεν,
2967 1502 2995 1553 6
3017 1499 3175 1551 παντὶ
3189 1495 3294 1567 77
3307 1495 3382 1567 τῷ
3406 1493 3558 1548 αἰῶνι
3581 1492 3672 1544 τὸν

448 1626 552 1691 vit,
583 1634 636 1678 et
655 1623 726 1678 ob
761 1628 960 1675 rectam
991 1616 1400 1689 intelligentiam
1434 1585 2011 1670 testimonium'ﬁdelis

2108 1601 2204 1654 τοῦ
2235 1598 2369 1654 Θεοῦ
2401 1598 2562 1668 νόμον
2595 1593 2974 1667 προφητεύσας
2999 1591 3094 1644 καὶ
3123 1589 3187 1642 δι’
3215 1587 3379 1660 ὀρθὴν
3412 1585 3672 1657 φρόνησιν

451 1715 845 1788 dispensatoris
873 1712 1098 1780 accepit.

2039 1730 2087 1792 Β
2114 1691 2302 1753 πιστὸς
2332 1687 2611 1759 οἰκονόμος
2645 1683 3033 1758 μαρτυρηθείς.

525 1769 653 1866 ίιιι.
687 1809 792 1866 Sed
831 1816 886 1864 et
923 1807 1120 1861 horum
1163 1802 1532 1870 similiumquc
1579 1796 1908 1853 solutionem
1953 1795 2007 1848 in
2040 1769 2087 1792 υ

2181 1781 2311 1836 Llll.
2342 1780 2489 1851 Πλὴν
2516 1779 2608 1832 xal
2635 1777 2837 1830 τούτων
2873 1792 2954 1828 σοι
2995 1775 3095 1846 τὴν
3123 1773 3367 1826 ἐπίλυσιν
3405 1769 3541 1843 μετὰ
3567 1769 3676 1822 τῶν

445 1918 695 1977 tempore
725 1902 818 1958 tibi
847 1899 1132 1956 exhibebo.
1167 1896 1240 1948 De
1269 1902 1496 1956 extero,
1529 1889 1811 1961 quoniam,
1841 1896 1902 1941 ut
1930 1886 2012 1940 vi-

2110 1874 2308 1946 ὁμοίων
2336 1872 2427 1926 ἐπὶ
2454 1869 2644 1943 καιροῦ
2675 1868 2914 1940 παρέξω.
2957 1866 3063 1919 Τοῦ
3093 1867 3151 1919 δὲ
3170 1863 3380 1927 λοιποῦ,
3419 1863 3494 1926 ὡς
3523 1864 3675 1933 ὁρᾷς.

455 1953 762 2060 des.riiistat
787 2007 1034 2063 vespera,
1049 2005 1170 2059 quae
1190 1987 1354 2041 hodie
1383 1985 1528 2040 dicta
1549 1992 1699 2045 sunt,
1718 1971 2008 2036 suﬁieiant.

2112 1964 2297 2035 ἐπειδὴ
2327 1963 2531 2032 ἑσπέρα
2575 1959 2916 2029 κατείληφεν,
2949 1955 3020 2010 τά
3053 1958 3290 2028 σήμερον
3326 1954 3555 2027 ῥηθέντα
3584 1953 3679 2007 αὕ-

456 2091 704 2144 Attamen
738 2039 950 2155 quoties
984 2039 1155 2144 vol‘es,
1187 2079 1255 2134 de
1291 2077 1489 2148 quibus
1539 2071 1793 2144 placebit,
1841 2067 2013 2124 ﬁden-

2111 2056 2328 2128 τάρκως
2355 2054 2542 2124 ἐχέτω.
2577 2051 2796 2105 Ἀλλοτε
2831 2051 2888 2103 δὲ
2925 2050 2973 2101 εί
3007 2048 3051 2081 ⁸⁸
3101 2048 3299 2118 βούλει,
3331 2048 3457 2118 περὶ
3486 2039 3560 2100 ὧν
3594 2045 3682 2098 θέ-

458 2191 539 2236 ter
568 2187 887 2249 percontare
929 2193 945 2242 ι
977 2189 1079 2228 nos
1107 2171 1216 2227 laeti
1261 2168 1550 2225 confestim
1594 2161 2010 2234 explicabimus.

2113 2148 2244 2211 λεις,
2291 2141 2504 2218 θαρρῶν
2549 2143 2702 2214 ἡμῶν
2750 2141 3040 2203 πυνθάνου,
3090 2141 3182 2192 καὶ
3207 2141 3366 2210 ἡμεῖς
3403 2136 3683 2208 χαίροντες

571 2228 841 2249 πνν---ηηη
863 2228 880 2232 ν
932 2228 945 2242 ..
1666 2228 1681 2234 _

457 2275 668 2342 Quibus
689 2269 848 2326 dictis
878 2266 1133 2323 surrexit.
1173 2263 1372 2332 Sicque
1395 2266 1613 2328 sumpto
1639 2255 1762 2311 cibo
1788 2254 1844 2307 in
1867 2266 2014 2308 som-

2113 2239 2322 2301 ἀόκνως
2385 2235 2727 2306 ὲπιλύσομεν.
2776 2234 2884 2286 Kal
2928 2231 3102 2284 ταῦτα
3151 2228 3316 2283 εἰπὼν
3364 2229 3684 2298 ἐγήγερται.

461 2318 668 2342 κων--υ
693 2318 846 2326 ἠπ--
879 2318 991 2323 -w-—
1013 2318 1028 2321 -
1056 2318 1109 2320 ητ
1283 2318 1299 2332 .
1523 2318 1538 2328 .

461 2381 589 2420 num
617 2363 756 2419 versi
785 2375 1008 2428 sumus;
1042 2371 1147 2412 nox
1173 2356 1317 2411 enim
1343 2353 1654 2409 advenerat.

2114 2332 2226 2386 Kal
2260 2329 2432 2403 οὓτως
2462 2327 2665 2400 τροφῆς
2703 2321 3090 2396 μεταλαϐόντες
3125 2322 3203 2384 είς
3235 2319 3399 2373 ὕπνον
3442 2318 3688 2389 ἐτράπη-

1995 2444 1998 2446 '
2122 2439 2240 2492 μεν.
2269 2418 2596 2490 Κατειλήφει
2634 2415 2742 2487 γὰρ
2771 2417 2806 2485 ή
2833 2414 2948 2481 νύξ.

1205 2500 1275 2512 ..-

2862 2555 2932 2566 ...-

1046 2648 1333 2708 HOMIIJA
1366 2645 1456 2702 Ill.

2723 2639 2965 2694 ΟΜΙΛῙΑ
3000 2639 3072 2692 Γ’.

533 2756 573 2810 ι.
624 2752 753 2807 Post
784 2750 922 2804 duas
972 2746 1136 2816 igitur
1177 2743 1316 2808 dics,
1369 2738 1530 2794 tertio
1578 2743 1761 2792 autem
1831 2734 2020 2791 illuce-

2191 2734 2233 2789 Ι.
2267 2733 2369 2787 Δύο
2399 2733 2496 2804 μὲν
2527 2726 2619 2784 οὖν
2648 2729 2966 2783 διελθουσῶν
2997 2728 3238 2801 ἡμερῶν,
3273 2724 3693 2796 ἐπιφωσκούσης

469 2855 652 2903 scente
701 2858 811 2913 quo
857 2836 1242 2908 disputandum
1291 2839 1410 2887 erat
1456 2844 1580 2886 cum
1620 2826 1876 2888 Simone,
1917 2839 2021 2897 ego

2122 2827 2178 2882 δὲ
2220 2825 2428 2897 τρίτης,
2464 2823 2599 2894 πρὸς
2625 2822 2686 2873 τὸ
2729 2820 3072 2891 διαλεχθῆναι
3103 2820 3182 2891 τῷ
3226 2819 3429 2890 Σίμωνι
3475 2817 3696 2881 ἐξυπνι-

462 2907 1153 3003 Clemens‘expergefactus
1184 2925 1546 2997 comitesque,
1589 2921 1691 2977 sub
1721 2918 2021 2975 secundum

2125 2917 2271 2980 σθεὶς
2299 2915 2409 2985 ἐγὼ
2438 2913 2666 2984 Κλήμης
2694 2912 2788 2965 καὶ
2811 2913 2861 2964 οἱ
2891 2912 3138 2975 συνόντες
3166 2913 3366 2981 ἑταῖροι
3396 2909 3441 2940 ⁸⁵
3469 2908 3574 2960 ὑπὸ
3593 2907 3696 2969 τὰς

466 3031 729 3101 gallorum
751 3036 969 3081 cantum
995 3018 1299 3076 invenimus
1325 3013 1821 3072 lucernamadhuc
1844 3013 2023 3069 lucen-

2124 3010 2378 3082 δευτέρας
2419 3004 2924 3076 τῶνάλεκτρυόνων
2957 3003 3158 3074 φωνὰς,
3203 3002 3434 3074 εὕρομεν
3467 3000 3560 3053 τὸν
3595 2999 3698 3071 μὲν

467 3061 625 3101 δὶΙΙΙυΙ
642 3061 729 3082 υΙΙΙ
751 3061 969 3081 vuln.qu
995 3061 1299 3076 ιιιννιιιιυιιυ
1327 3061 1821 3072 --νν-,-“...η....--,.ν
1845 3061 2000 3069 -,,,,.,

467 3133 597 3186 tem,
628 3119 846 3174 Petrum
892 3128 1021 3170 vero
1064 3107 1290 3184 genibus
1345 3109 1499 3165 ﬂexis
1544 3117 1813 3164 orantem.
1855 3106 2017 3160 Com-

2457 3061 2734 3168 φαίνοντα,
2763 3097 2852 3149 τὸν
2885 3097 2943 3150 δὲ
2969 3061 3175 3166 ᾖέτρον
3204 3061 3488 3162 γονυκλινῆ
3522 3061 3697 3162 προσ-

469 3214 613 3282 pleta
640 3209 805 3281 igitur
830 3220 1012 3276 prece,
1037 3214 1685 3271 conversuscernensque
1702 3213 1802 3254 nos
1832 3196 1899 3253 ad
1923 3212 2024 3252 au—

2131 3195 2433 3266 ευχόμενον.
2473 3190 2805 3253 Συντελέσας
2851 3187 2942 3242 οὖν
2969 3189 3074 3258 τὴν
3101 3187 3304 3259 δέησιν,
3339 3181 3705 3254 ἐπιστραφεὶς

469 3274 730 3359 diendu'm
762 3274 980 3370 paratos
1006 3295 1141 3352 dixit
1169 3314 1184 3350 :

2126 3289 2219 3341 καὶ
2261 3285 2384 3340 ἰδὼν
2423 3283 2570 3356 ἡμᾶς
2618 3282 2755 3355 πρὸς
2799 3281 2860 3334 τὸ
2910 3279 3142 3334 ἀκοῦσαι
3185 3277 3414 3348 ἑτοίμως
3445 3274 3700 3345 ἔχοντας,

543 3461 606 3516 ll.
645 3460 797 3516 Scire
827 3473 923 3512 vos
972 3454 1115 3522 volo,
1160 3451 1302 3522 quod
1333 3450 1430 3521 qui
1454 3464 1521 3505 ex
1568 3458 1758 3504 nostro
1796 3445 2030 3502 consilio

2129 3378 2190 3431 ε.
2238 3394 2252 3407 .

2158 3395 2260 3521 Ἥ.
2289 3465 2579 3522 Γινώσκειν
2599 3464 2742 3536 ὑμᾶς
2767 3425 2924 3528 θέλω,
2945 3465 3027 3518 ὅτι
3055 3463 3104 3516 οἱ
3129 3460 3248 3514 καθ’
3271 3458 3540 3531 ἡμετέραν
3562 3457 3703 3529 πρό-

460 3562 694 3610 ·ῐηιιιιεηι
733 3567 854 3607 cum
905 3549 1148 3611 Simone,
1195 3555 1254 3600 ut
1291 3545 1471 3615 inepta
1517 3543 1663 3598 illius
1688 3539 2029 3595 addiscentes

2131 3577 2276 3614 νοιαν
2317 3559 2566 3621 συνόντες
2599 3556 2678 3627 τῷ
2719 3557 2952 3626 Σίμωνι,
2985 3555 3132 3616 ὅπως
3173 3552 3271 3614 τὰς
3301 3550 3492 3620 βουλὰς
3528 3546 3705 3602 αὐτοῦ

475 3647 631 3702 nobis
661 3642 972 3712 subjiciam,
1004 3654 1114 3710 quo
1146 3637 1212 3692 ad
1244 3637 1450 3691 variam
1486 3634 1608 3705 ejus
1638 3631 1900 3687 malitiam
1935 3646 2031 3696 ap-

2133 3651 2492 3723 μανθάνοντες
2537 3647 2906 3702 ὑποϐάλλωσιν
2935 3647 3084 3716 ήμῖν,
3125 3646 3214 3696 ἵνα
3240 3641 3525 3711 δυνώμεθα
3564 3639 3707 3713 πρὸς

471 3751 590 3794 tare
620 3753 720 3791 nos
749 3734 1046 3806 possimus,
1076 3731 1176 3801 ipsi
1211 3731 1496 3795 miserunt,
1528 3735 1582 3782 et
1622 3724 1780 3780 nobis
1806 3724 1910 3778 ista
1938 3724 2032 3778 dc-

2136 3743 2228 3814 τὴν
2257 3742 2356 3812 τῆς
2395 3740 2593 3802 κακίας
2623 3736 2785 3791 αὑτοῦ
2830 3736 3100 3790 ποικιλίαν
3131 3733 3495 3806 ἁρμόσασθαι,
3547 3734 3710 3787 αὐτοὶ

475 3833 755 3886 clararunt
785 3846 798 3882 :
834 3826 1023 3881 Simon
1057 3823 1238 3886 hodie,
1275 3818 1732 3891 quemadmodum
1757 3815 2049 3887 promisit,‘

2135 3835 2444 3906 πέμψαντες
2473 3830 2745 3901 ἐδήλωσαν
2767 3829 2898 3898 ἡμῖν
2925 3826 3188 3894 λέγοντες·
3224 3825 3403 3894 Σίμων
3434 3823 3709 3896 σήμερον,

473 3931 700 3993 paratus
727 3927 831 3984 est,
857 3917 1043 3972 venire
1071 3929 1256 3970 coram
1285 3913 1558 3974 omnibus,
1591 3921 1652 3966 ut
1680 3909 1932 3966 ostendat
1963 3924 2030 3962 ex

2139 3926 2274 3980 καθά
2298 3921 2638 3986 συνετάξατο,
2670 3920 2886 3990 ἕτοιμός
2909 3920 3056 3973 ἐστιν
3083 3919 3190 3972 ἀπὸ
3216 3916 3322 3970 τῶν
3355 3917 3594 3988 Γραφῶν
3617 3919 3713 3970 ἐπὶ

479 4009 817 4080 Scripturis:
848 4008 990 4062 hunc
1019 4007 1109 4076 qui
1144 4004 1342 4060 caelum
1373 4011 1426 4058 et
1455 4012 1657 4057 terram
1743 4001 2036 4070 omniaque

2141 4018 2351 4072 πάντων
2395 4013 2561 4068 ἐλθὼν
2607 4011 2974 4067 ἀποδεικνύειν
2996 4052 3011 4076 ,
3065 4012 3137 4081 μὴ
3185 4010 3369 4062 τοῦτον
3425 4010 3540 4080 78
3569 4007 3715 4063 εἶναι

478 4103 535 4158 in
565 4103 633 4157 iis
656 4099 926 4155 exstantia
941 4097 1204 4161 condidit,
1223 4109 1332 4150 non
1354 4109 1476 4150 esse
1490 4093 1657 4148 Deum
1683 4107 2031 4163 supremum;

2143 4106 2265 4161 Θεὸν
2293 4103 2584 4168 ἀνώτατον,
2614 4104 2672 4168 ὃς
2695 4102 2918 4174 οὐρανὸν
2948 4101 3123 4154 ἔκτισε
3151 4100 3243 4153 καὶ
3271 4100 3372 4170 γῆν
3401 4101 3494 4152 κα¹ι
3524 4101 3717 4154 πάντα

483 4194 578 4251 sed
626 4192 794 4249 alium
819 4190 1080 4245 exsistere
1125 4186 1417 4258 quemdam
1466 4185 1800 4254 incognitum
1847 4191 1902 4238 et
1944 4197 2039 4237 su-

2145 4197 2202 4251 τά
2229 4197 2276 4228 ⁸⁸
2303 4199 2360 4250 ἐν
2387 4196 2589 4258 αὐτοῖς,
2621 4193 2758 4247 ἀλλά
2795 4193 2952 4247 ἄλλον
2977 4191 3097 4244 τινὰ
3136 4192 3409 4259 ἄγνωστον
3439 4193 3538 4244 καὶ
3572 4190 3719 4244 ἀνώ-

480 4300 751 4356 premum,
780 4281 918 4336 utin
950 4279 1311 4335 ineﬂabilibus
1339 4277 1686 4332 exsistentem
1724 4275 1891 4330 Deum
1909 4275 2038 4329 deo-

2148 4304 2315 4351 τατον,
2363 4286 2439 4349 ὡς
2485 4286 2542 4337 ὲν
2593 4285 2920 4355 ἀπορρήτοις
2966 4283 3093 4336 ὅντα
3129 4282 3258 4338 Θεὸν
3303 4281 3456 4337 θεῶν·
3507 4282 3573 4346 ὃς
3623 4282 3722 4336 δύο

483 4394 627 4443 rum,
654 4377 746 4447 qui
776 4376 915 4430 duos
943 4373 1152 4430 miserit
1180 4371 1334 4435 deos,
1363 4386 1431 4425 ex
1461 4369 1660 4440 quibus
1689 4369 1824 4423 alter
1847 4367 2034 4422 mundi

2148 4377 2348 4449 ἔπεμψε
2378 4376 2551 4438 θεοὺς,
2581 4375 2671 4444 ἀφ’
2699 4369 2772 4428 ὧν
2813 4375 2842 4426 6
2877 4374 2976 4444 μὲν
3003 4366 3083 4437 εἷς
3121 4374 3265 4425 ἐστιν
3293 4374 3320 4425 6
3354 4372 3562 4442 κόσμον
3601 4375 3722 4426 κτί-

483 4477 717 4527 creator.
748 4467 884 4522 alter
915 4465 1046 4536 legis
1078 4464 1254 4518 dator.
1303 4461 1478 4532 Atque
1513 4461 1629 4516 htec
1665 4460 1848 4515 dicere
1875 4459 2036 4513 moli-

2147 4487 2265 4533 σας,
2299 4472 2328 4523 6
2355 4469 2413 4522 δέ
2439 4468 2524 4520 ἐτε
2535 4484 2622 4539 ρος
2651 4469 2678 4520 6
2705 4467 2794 4518 τὸν
2821 4465 2980 4536 νόμον
3008 4463 3148 4527 δούς.
3192 4464 3300 4516 Kal
3326 4463 3499 4516 ταῦτα
3533 4481 3720 4534 μηχα-

487 4573 597 4624 tur,
627 4570 688 4616 ut
710 4569 909 4615 rectam
933 4557 1089 4613 ﬁdem
1116 4571 1305 4612 eorum
1335 4555 1631 4618 subvertet,
1661 4552 1755 4622 qui
1783 4567 1950 4607 unum
1976 4566 2040 4606 ac

2153 4557 2299 4608 νᾶται
2318 4554 2515 4622 λέγειν,
2539 4555 2683 4617 ὅπως
2711 4551 2818 4605 τῶν
2844 4552 2933 4605 τὸν
2963 4552 3058 4604 ἕνα
3088 4552 3178 4604 καὶ
3222 4551 3379 4622 μόνον
3410 4551 3727 4621 μελλόντων

489 4655 664 4712 solum
709 4652 874 4708 Deum
920 4658 1220 4706 creatorem
1277 4645 1402 4702 (εαξιί
1450 4655 1504 4702 et
1548 4655 1706 4700 terrae
1758 4641 2037 4698 adoraturi

2153 4647 2323 4700 σέϐειν
2365 4647 2516 4708 Θεὸν,
2553 4646 2610 4708 ὃς
2638 4643 2864 4714 οὐρανὸν
2895 4643 3074 4697 ἔκτισε
3113 4643 3208 4697 καὶ
3237 4643 3364 4713 γῆν,
3403 4643 3506 4714 τήν
3552 4644 3727 4716 ὀρθὴν

489 4758 635 4802 ειιιιῑ.

2137 4737 2455 4810 προεκλύσῃ
2483 4737 2524 4768 ⁵⁷
2556 4736 2757 4790 πίστιν.

558 4861 642 4915 Ill.
666 4859 789 4915 lliec
813 4859 1039 4914 audiens
1059 4872 1170 4926 quo
1195 4855 1357 4910 modo
1379 4870 1484 4908 non
1509 4853 1732 4908 moleste
1758 4851 2050 4906 tulissem?

2218 4853 2305 4907 Ill.
2337 4851 2519 4906 Ταῦτα
2549 4848 2786 4912 ἀκούσας
2814 4847 2930 4912 πῶς
2956 4847 3053 4900 οὐκ
3083 4847 3148 4901 ἂν
3179 4847 3466 4919 ἡθύμησας
3499 4848 3604 4901 Διδ
3634 4849 3731 4902 καὶ

489 4951 758 5017 Quocirca
799 4959 855 5005 et
897 4964 992 5004 vos
1029 4963 1240 5003 meeum
1285 4947 1642 5002 consistentes
1671 4944 1867 4999 fratres
1909 4943 2049 4998 scire

2157 4945 2292 5015 ὑμᾶς
2311 4943 2374 5007 ⁸⁸,
2395 4944 2520 5004 τοὺς
2540 4941 2797 5004 συνόντας
2815 4958 2905 5012 μοι
2925 4940 3202 5009 ἀδελφοὺς,
3225 4940 3420 4994 εἰδέναι
3450 4941 3731 5014 ἠθέλησα,

490 5042 634 5096 volui
669 5082 685 5105 ,
718 5057 826 5096 non
871 5040 1216 5096 mediocriter
1241 5038 1424 5093 animo
1454 5053 1539 5091 me
1567 5037 1768 5099 dolere,
1797 5035 1923 5090 dum
1965 5034 2038 5085 vi-

2160 5035 2225 5099 ὦς
2251 5035 2313 5088 ού
2346 5033 2579 5106 μετρίως
2607 5032 2705 5104 τὴν
2733 5033 2910 5103 ψυχὴν
2931 5030 3102 5100 ἀλγῶ,
3144 5031 3343 5102 ἐνορῶν
3371 5031 3460 5085 τὸν
3495 5033 3609 5103 μὲν
3632 5051 3734 5087 πο-

491 5133 614 5199 deo,
651 5132 928 5188 diabolum
955 5132 1175 5202 quidem
1202 5131 1269 5186 ad
1301 5130 1548 5185 homines
1590 5128 1876 5182 tentandos
1903 5125 2044 5196 vigi-

2161 5127 2312 5199 μηρὸν
2342 5126 2476 5196 πρὸς
2507 5126 2732 5196 δοκιμὴν
2764 5122 3060 5196 ἀνθρώπων
3090 5123 3448 5194 ἐγρηγορότα,
3487 5125 3629 5188 τοὺς
3674 5127 3735 5180 δὲ

495 5227 626 5291 lare,
658 5226 908 5281 homines
939 5240 1070 5281 vero
1095 5225 1253 5295 plane
1285 5224 1552 5294 negligere
1597 5221 1824 5276 salutem
1867 5234 2045 5274 suam.

2159 5217 2466 5290 ἀνθρώπους
2494 5218 2591 5288 τῆς
2620 5215 2828 5269 ἑαυτῶν
2874 5213 3142 5284 σωτηρίας
3187 5214 3326 5268 πάνυ
3356 5213 3733 5284 ἀμελοῦντας.

1745 5332 1978 5386 VARIA‘J
2044 5329 2447 5387 LECTIONES.

494 5429 612 5505 ’.ξ’
635 5427 947 5505 νιὼηπάνυ
983 5427 1180 5505 καλῶς.
1216 5429 1324 5480 Καὶ
1355 5429 1383 5480 6
1418 5427 1618 5505 ηεξ-ρος
1639 5424 2004 5505 Αάτξεκρίνατο
2033 5423 2144 5478 des.
2188 5424 2267 5505 in"
2285 5420 2346 5476 Ο.
2368 5493 2409 5505 η
2430 5422 2488 5505 "'9
2514 5417 2882 5505 προλαμὸρνει
2903 5418 2945 5471 Ο
2971 5456 2986 5482 ,
3024 5416 3212 5505 sui.
3257 5432 3427 5505 marg.
3461 5416 3557 5504 aL,
3575 5435 3732 5474 man.

499 5492 628 5577 Ῠρθα
672 5497 812 5577 κατὰ
841 5499 1004 5577 νόμου
1037 5485 1318 5577 λεγόμενα.
1352 5566 1394 5577 η
1426 5485 1613 5577 ξξέλον
1736 5485 2065 5577 V‘id:‘.‘s-upra
2088 5493 2349 5577 cum.”
2364 5493 2410 5576 :‘
2430 5485 2618 5577 Melius
2639 5485 2903 5577 fusas.
3024 5487 3069 5568 ξ’
3092 5485 3630 5577 κξὺι).ητ.ολυτεκνίας
3667 5522 3703 5577 -ῖ
3722 5519 3738 5530 -

500 5567 721 5637 ἀδελφαί
746 5555 1123 5624 desiderantur
1144 5555 1196 5620 in
1213 5565 1274 5622 0.
1351 5555 1620 5619 δἐῐδῶλου
1635 5566 1701 5637 t1.
1769 5555 2056 5637 “aufer;
2083 5562 2144 5637 6.7.
2166 5563 2232 5637 Cl
2305 5561 2538 5630 ⁸⁵ἓτεροι
2562 5555 2785 5614 amca
2821 5557 3132 5628 transcripsi
3153 5555 3276 5612 εξκο
3307 5555 3425 5625 ,qui
3451 5561 3741 5614 vocabula

500 5633 772 5703 ἄγνωστον
807 5640 898 5692 καί
928 5654 1034 5693 non
1060 5639 1294 5692 exhibet.
1363 5638 1404 5668 ⁸⁷
1441 5634 1792 5706 προσεκλύσει
1821 5635 1883 5686 C.
1959 5633 2003 5664 ’⁸⁸
2033 5634 2178 5703 ἡμᾶς
2205 5636 2270 5684 0.
