3970 6148
311 349 408 403 115

1429 349 1891 420 CLEMENTINA.
1925 383 1995 396 -
2026 354 2310 411 HOMILIA
2343 356 2430 410 Ill.

3432 365 3528 420 114

307 458 722 532 Ἐμηχανήσατο
766 459 872 536 γὰρ
917 463 1028 524 τοῖς
1073 462 1180 514 ἀπὸ
1224 461 1391 517 ἐθνῶν
1445 465 1694 535 μέλλουσι
1735 471 1843 540 περ¹

1965 472 2270 531 Gentilibus
2316 475 2484 542 enim,
2524 475 2616 545 qui
2665 485 2876 531 terrena
2935 477 3224 535 simulacra
3268 480 3528 538 credituri

293 550 400 604 τῶν
434 551 692 621 ἐπιγείων
720 550 920 617 ξοάνων
956 552 1235 607 πείθεσθαι
1263 555 1308 586 ⁵³
1341 555 1423 609 ὅτι
1462 557 1562 610 οὐκ
1595 559 1702 612 είσὶ
1730 558 1859 625 θεοὶ,

293 643 495 714 ἐτέρων
548 643 752 698 πολλῶν
797 643 935 698 θεῶν
979 645 1136 709 δόξας
1177 646 1526 716 εἰσενεγκεῖν,
1574 650 1723 715 ὅπως
1767 652 1863 704 ἐάν

293 733 606 788 παύσωνται
650 735 750 806 τῆς
791 736 942 790 κάτω
977 737 1024 768 ⁵⁰
1081 736 1538 810 πολυθεομανίας,
1583 741 1782 813 ἑτέρως
1825 743 1860 814 ἢ

292 829 386 882 καὶ
413 830 590 899 χεῖρον
619 827 760 883 κατὰ
787 829 889 899 τῆς
914 829 1008 882 τοῦ
1038 829 1172 883 Θεοῦ
1205 833 1500 904 μοναρχίας
1518 833 1694 903 λέγειν
1714 835 1859 889 ἀπα-

287 918 626 990 τηοήσονται·
660 919 747 972 ῖνα
777 921 1045 992 μηδέποτε
1067 920 1136 974 τὰ
1157 921 1258 993 τῆς
1281 923 1576 994 μοναρχίας
1600 927 1861 998 προτιμή-

288 1026 474 1073 σαντες
516 1010 801 1065 οὑπώποτε
832 1012 1016 1076 ἐλέους
1059 1017 1244 1084 τυχεῖν
1274 1014 1594 1087 δυνηθῶσιν.
1642 1017 1857 1090 Ταύτης

282 1100 335 1154 δὲ
362 1101 461 1172 τῆς
483 1102 686 1174 τόλμης
714 1104 875 1157 ἕνεκα
917 1105 946 1157 ὁ
971 1105 1152 1176 Σίμων
1181 1109 1303 1169 ταῖς
1333 1107 1553 1177 ψευδέσι
1579 1109 1688 1162 τῶν
1713 1110 1855 1180 Γρα-

280 1193 392 1262 φῶν
433 1199 760 1267 περικοπαῖς
789 1197 1133 1268 ὡπλισμένος
1167 1199 1423 1271 πολεμεῖν
1447 1202 1580 1271 ἡμῖν
1618 1202 1853 1275 προσέρ-

277 1302 448 1356 χεται.
482 1289 590 1341 Καὶ
611 1287 673 1341 τὸ
700 1289 1018 1361 δεινότερον,
1046 1291 1127 1344 ὅτι
1149 1290 1241 1361 ἀφ’
1264 1284 1340 1346 ὧν
1360 1291 1422 1346 οὐ
1447 1292 1492 1324 ⁸⁸
1521 1293 1852 1349 πεπίστευκε

275 1378 568 1450 προφητῶν
591 1380 814 1434 τοιαῦτα
856 1380 1199 1454 δογματίζειν
1231 1383 1374 1438 κατά
1396 1383 1489 1438 τοῦ
1521 1385 1687 1450 ὅντως
1717 1385 1852 1442 Θεοῦ

273 1471 335 1523 οὑ
365 1471 690 1544 πεφόϐηται.

340 1584 426 1639 lV.
477 1588 587 1642 Καὶ
629 1589 760 1660 ἡμῖν
810 1588 909 1660 μὲν
936 1591 1050 1654 τοῖς
1084 1589 1150 1644 ἐκ
1180 1590 1458 1662 προγόνων
1488 1590 1850 1663 παρειληφόσι

1962 578 2119 622 erant
2156 582 2266 623 non
2310 583 2433 626 esse
2475 568 2628 635 deos,
2665 569 3011 628 machinatus
3049 582 3134 628 est
3181 573 3527 632 introducere

1962 657 2249 728 opiniones
2298 659 2366 715 de
2415 660 2606 716 multis
2667 661 2791 717 aliis
2834 661 2976 731 diis;
3027 673 3088 719 ιιι
3119 666 3164 721 si
3205 683 3237 722 ιι
3283 671 3524 726 terrestri

1961 750 2256 805 multorum
2285 751 2511 807 deorum
2539 753 2821 808 cessarent
2856 755 3091 832 insania,
3118 758 3222 812 alia
3247 761 3331 814 vel
3356 762 3525 832 pejori

1961 841 2154 899 fraude
2193 855 2383 899 contra
2415 843 2510 901 Dei
2555 846 2931 902 monarchiam
2978 863 3044 904 ac
3083 849 3347 906 unitatem
3373 853 3523 924 loqui

1959 935 2436 1005 compellerentur,
2485 952 2576 1001 ne,
2616 937 2922 994 doctrinam
2974 939 3042 996 de
3069 955 3179 995 uno
3219 943 3524 1014 principatu

1958 1027 2183 1082 maximi
2212 1027 2493 1097 facientes,
2512 1045 2750 1101 unquam
2783 1031 2996 1100 possint
3023 1034 3284 1104 consequi
3313 1037 3525 1090 miseri-

1958 1117 2223 1174 cordiam.
2267 1119 2380 1175 lloc
2407 1121 2477 1176 ob
2501 1121 2678 1178 audax
2723 1121 2938 1180 facinus
2966 1122 3154 1180 Sitnon
3187 1125 3340 1183 falsis
3376 1127 3524 1183 Scri-

1958 1221 2240 1278 pturarum
2287 1212 2622 1268 sectionibus
2666 1223 2911 1272 armatus
2948 1217 3099 1271 venit
3127 1216 3194 1272 ad
3224 1233 3325 1274 nos
3351 1234 3523 1288 oppu-

1957 1301 2222 1370 gnandos.
2255 1301 2524 1374 Quodque
2553 1306 2936 1376 gravissimum
2967 1316 3071 1375 est,
3113 1308 3218 1364 ista
3262 1311 3522 1367 adversus

1954 1391 2126 1448 Deum
2156 1410 2344 1450 verum
2375 1411 2442 1453 ex
2470 1398 2775 1468 prOphetis,
2805 1400 3008 1471 quibus
3032 1409 3214 1457 tamen
3257 1417 3366 1460 non
3405 1418 3523 1459 cre-

1952 1485 2052 1552 dit,
2081 1488 2278 1544 docere
2306 1505 2415 1545 non
2439 1499 2677 1547 veretur.

2017 1578 2106 1635 IV.
2139 1579 2206 1634 Et
2247 1582 2466 1652 quidem
2501 1584 2792 1639 adversum
2838 1600 2961 1651 nos,
3009 1585 3104 1656 qui
3149 1601 3181 1641 a
3207 1587 3522 1658 Lmajoribus

269 1677 360 1730 τὸν
387 1678 458 1732 τὰ
487 1679 666 1734 πάντα
707 1680 968 1735 κτίσαντα
1012 1681 1120 1753 79
1154 1682 1334 1736 σέϐειν
1361 1682 1513 1749 Θεὸν,
1551 1683 1633 1737 ἐτι
1659 1683 1716 1737 δὲ
1753 1686 1843 1738 καὶ

1951 1674 2159 1727 cultutn
2188 1674 2434 1730 omnium
2479 1676 2780 1733 conditoris
2819 1675 2915 1733 Dei
2941 1678 3254 1749 accepimus
3285 1695 3384 1735 nec
3409 1698 3517 1736 non

267 1769 379 1822 τῶν
452 1771 670 1843 ἀπατᾷν
731 1773 1044 1844 δυναμένων
1111 1774 1309 1846 βίϐλων
1374 1776 1436 1829 τὸ
1501 1777 1796 1848 μυστήριον
1829 1817 1843 1843 ,

1954 1762 2371 1834 Scripturarum
2398 1766 2650 1837 decipere
2674 1767 2970 1824 valentium
2997 1769 3344 1842 mysterium,
3383 1773 3517 1828 nihil

269 1861 425 1915 οὐδὲν
469 1863 777 1935 δυνήσεται,
823 1869 936 1930 τοῖς
978 1866 1035 1920 δὲ
1065 1867 1174 1920 ἀπὸ
1219 1866 1407 1932 ἐθνῶν,
1437 1868 1538 1939 τὴν
1587 1867 1843 1923 πολύθεον

1951 1857 2150 1926 poterit
2175 1876 2188 1912 :
2223 1867 2412 1914 contra
2442 1875 2572 1916 vero
2601 1862 2850 1931 gentiles,
2882 1862 2938 1919 in
2965 1864 3262 1920 multorum
3285 1866 3514 1923 deorum

269 1955 541 2027 ὑπόληψιν
591 1956 883 2030 σύντροφον
937 1958 1172 2030 ἔχουσιν,
1224 1961 1318 2015 καὶ
1367 1960 1477 2015 τῶν
1515 1961 1746 2032 Γραφῶν
1779 1961 1850 2016 τὰ

265 2046 440 2116 ψευδῆ
485 2048 585 2100 οὐκ
613 2049 828 2114 εἰδόσιν,
866 2052 998 2105 πολὺ
1020 2053 1324 2123 δυνήσεται·
1365 2053 1426 2105 ού
1460 2053 1620 2123 μόνον
1661 2052 1846 2116 αὐτὸς,

265 2138 383 2191 ἀλλ’
410 2140 460 2192 εί
487 2142 581 2194 καὶ
605 2141 762 2206 ἄλλος
792 2160 878 2206 τις
905 2145 1016 2207 τοῖς
1043 2144 1152 2198 ἀπὸ
1196 2144 1364 2198 ἐθνῶν
1411 2143 1554 2200 κατὰ
1580 2143 1675 2198 τοῦ
1711 2143 1848 2198 Θεοῦ

265 2233 423 2286 κενόν
444 2234 490 2265 ⁸³
522 2251 645 2288 τινα
681 2236 863 2306 ὅμοιον
893 2236 1104 2307 ὀνείρῳ,
1137 2235 1405 2299 πλουσίως
1437 2236 1847 2307 κεκοσμημένον

265 2327 604 2398 ὑφηγήσεται
633 2326 821 2398 μῦθον,
853 2328 1298 2399 πιστευθήσεται,
1332 2326 1408 2396 τῷ
1433 2328 1497 2379 ἐκ
1526 2327 1731 2380 παίδων
1755 2325 1846 2380 τὸν

262 2418 390 2470 νοῦν
441 2419 620 2472 αὐτῶν
654 2419 724 2473 τὰ
769 2418 914 2474 κατὰ
956 2418 1050 2472 τοῦ
1073 2418 1211 2472 Θεοῦ
1257 2418 1526 2489 λεγόμενα
1566 2417 1845 2487 ἐθισθῆναι

261 2508 563 2580 λαμϐάνειν
592 2509 656 2562 ⁵³.
689 2510 913 2565 Σπάνιοι
938 2510 996 2564 δέ
1025 2527 1168 2574 τινες
1197 2511 1245 2562 oi
1279 2509 1377 2581 μὲν
1404 2508 1582 2563 αὐτῶν
1608 2508 1842 2573 ἔσονται,

261 2601 341 2666 ὡς
375 2602 444 2658 ἐκ
477 2601 714 2673 πλήθους
759 2603 950 2671 ὀλίγοι,
994 2603 1190 2665 οἵτινες
1220 2602 1290 2655 δι’
1319 2601 1736 2672 εὐγνωμοσύνην
1781 2601 1842 2654 οὺ

259 2694 550 2766 θελήσουσι
593 2695 734 2749 κατὰ
761 2695 854 2749 τοῦ
881 2695 951 2748 τὰ
978 2695 1158 2750 πάντα
1187 2694 1470 2758 κτίσαντος
1499 2685 1636 2748 Θεοῦ
1672 2693 1842 2748 κακὸν

259 2785 418 2854 λόγον
465 2784 598 2840 αὐτὸ
636 2785 682 2818 ⁸⁸
716 2786 821 2840 κᾶν
843 2788 847 2792 ί
868 2786 1100 2841 ἀκοῦσαι
1145 2782 1458 2860 μόνον-,οἷς
1507 2787 1689 2857 μόνοις
1733 2787 1842 2841 ἀπὸ

260 2877 431 2932 ἐθνῶν
479 2873 597 2932 οὖσι
631 2877 871 2950 σωθῆναι
913 2879 1222 2951 γενήσεται.
1254 2879 1352 2950 Μὴ
1384 2873 1476 2932 οῦν
1507 2881 1639 2950 ἡμῖν
1672 2878 1720 2912 ⁵⁵
1755 2897 1842 2944 τις

258 2969 348 3023 τὸν
381 2969 605 3041 Σίμωνα
627 2971 904 3034 παντελῶς
935 2970 1250 3042 μεμφέσθω,
1281 2970 1316 3042 ἢ
1363 2971 1457 3025 καὶ
1488 2969 1659 3026 ἄλλον
1689 2970 1837 3024 τινά·

257 3060 409 3114 οὐδὲν
442 3061 554 3136 γὰρ
593 3062 792 3127 ἀδίκως
822 3063 1052 3132 γίνεται,
1080 3063 1216 3117 ὅπου
1247 3062 1342 3116 καὶ
1369 3053 1580 3116 τὰ’τῶν
1603 3061 1836 3133 Γραφῶν

253 3151 423 3225 ψευδῆ
459 3153 695 3223 εὐλόγως
722 3153 859 3226 πρὸς
884 3155 1112 3226 δοκιμὴν
1139 3154 1330 3226 ἔχοντα
1357 3157 1632 3226 τυγχάνει.

327 3242 392 3300 V.
428 3243 604 3314 Κάγὼ
637 3245 866 3319 Κλήμης
893 3246 1131 3310 ἀκούσας
1159 3246 1314 3318 ἔφην’
1351 3247 1476 3310 Πῶς
1506 3247 1706 3317 λέγεις,
1739 3247 1838 3302 κύ-

259 3355 362 3410 ριε,
389 3339 486 3393 καὶ
505 3335 575 3391 τὰ
601 3338 708 3391 τῶν
729 3338 959 3410 Γραφῶν
983 3338 1153 3409 ψευδῆ
1181 3337 1418 3407 εὐλόγως
1445 3339 1583 3408 πρὸς
1607 3338 1838 3410 δοκιμὴν

255 3430 558 3504 ἀνθρώπων
580 3430 752 3501 ἐχειν;
782 3431 839 3483 '0
855 3430 911 3483 δὲ
930 3429 1279 3502 ἀπεκρίνατοο
1297 3429 1377 3484 Τὰ
1387 3430 1555 3501 ψευδῆ
1573 3430 1681 3485 τῶν
1699 3431 1838 3503 Γρα-

255 3523 371 3590 φῶν
417 3523 686 3593 αἰτήματι
735 3521 935 3585 κακίας
984 3522 1179 3592 δικαίῳ
1220 3523 1328 3577 τινὶ
1374 3522 1516 3594 λόγῳ
1560 3523 1837 3594 γραφῆναι

257 3615 632 3688 συνεχωρήθη.
678 3614 927 3684 Εὺλόγως
969 3614 1026 3669 δὲ
1052 3614 1098 3646 ⁵⁸
1143 3613 1287 3684 λέγω
1330 3613 1523 3679 οὕτως.
1584 3617 1673 3670 Ἐν
1715 3619 1836 3682 ταῖς

255 3708 552 3777 θεολογίαις
574 3711 603 3762 ὁ
631 3707 861 3780 πονηρὸς
888 3706 980 3762 τοῦ
1012 3705 1218 3778 ἀγαθοῦ
1249 3707 1338 3761 τὸν
1367 3707 1500 3762 Θεὸν
1542 3711 1642 3763 οὐκ
1676 3709 1834 3764 ἐλατ-

253 3817 344 3854 τον
375 3799 608 3869 ἀγαπῶν
641 3799 722 3853 ἐνὶ
773 3799 918 3870 μόνῳ
959 3798 1311 3854 ἀπολείπεται
1347 3800 1442 3853 τοῦ
1478 3800 1707 3870 ἀγαθοῦ,
1751 3802 1833 3856 ὅτι

255 3893 348 3945 καὶ
377 3892 487 3945 τῶν
531 3892 752 3960 ἀγνοίας
781 3892 930 3964 αἰτίᾳ
958 3889 1294 3946 ἀσεϐούντων
1331 3892 1392 3944 οὐ
1425 3891 1830 3962 συγγινώσκων,

255 3985 461 4055 στοργῇ
505 3985 571 4054 τῇ
603 3983 739 4055 πρὸς
778 3981 840 4036 τὸ
871 3982 1257 4054 ἀσεϐούμενον,
1286 3983 1398 4053 80
1423 3983 1532 4036 τῶν
1572 3984 1831 4038 ἀσεϐούν-

251 4091 360 4128 των
405 4074 668 4145 ἐπιθυμεῖ
703 4075 793 4128 τδν
825 4074 1068 4146 ὅλεθρον,
1113 4075 1141 4128 ὁ
1185 4073 1303 4128 se"
1335 4074 1433 4146 τὴν
1468 4073 1610 4129 ἴασιν
1649 4076 1832 4141 αὐτοῖς

251 4167 608 4238 προσφέρειν.
639 4167 695 4221 ὐ
709 4166 817 4239 γάρ
836 4165 1038 4236 ἀγαθὸς
1063 4167 1242 4220 ἰᾶσθαι
1267 4165 1474 4230 πάντας
1494 4165 1635 4220 θέλει
1656 4168 1702 4200 ⁸⁸
1711 4171 1831 4232 ταῖς

255 4257 661 4330 μεταμελείαις,
710 4256 868 4322 σώζει
898 4257 955 4310 δὲ
989 4257 1180 4328 μόνους
1222 4257 1350 4322 τοὺς
1392 4259 1695 4326 ἐγνωκότας
1739 4260 1829 4314 τὸν

250 4351 402 4404 Θεόν·
426 4351 557 4412 τοὺς
586 4349 644 4404 δὲ
671 4349 996 4419 ἀγνοοῦντας
1022 4349 1121 4403 οὐκ
1146 4350 1310 4413 ἰᾶται,
1341 4349 1438 4420 οὐχ
1464 4349 1546 4402 ὄτι
1573 4350 1634 4403 οὐ
1660 4350 1825 4417 θέλει,

249 4443 362 4497 ἀλλ’
392 4444 476 4498 ὅτι
509 4442 609 4496 οὐκ
637 4442 845 4508 ἔξεστιν
879 4440 948 4494 τὰ
973 4440 1351 4513 ήτοιμασμένα
1385 4443 1498 4504 τοῖς
1544 4441 1680 4505 υἱοῖς
1727 4443 1826 4514 τῆς

1950 1949 2210 2018 opinione
2258 1950 2520 2019 nutritus,
2568 1953 2993 2027 ignorantesque
3034 1955 3332 2029 Scripturae
3359 1975 3515 2016 men-

1949 2040 2126 2108 dacia,
2156 2043 2360 2098 valebit
2382 2044 2679 2113 plurimum
2704 2065 2719 2102 :
2749 2064 2858 2103 non
2888 2049 3052 2106 modo
3081 2050 3219 2121 ipse,
3247 2052 3342 2108 sed
3376 2061 3432 2108 et
3466 2055 3513 2109 si

1949 2133 2074 2201 quis
2116 2132 2258 2189 alius
2295 2135 2528 2192 ethnicis
2561 2153 2758 2194 vanam
2792 2141 3032 2211 aliquam
3058 2142 3114 2198 in
3156 2142 3328 2199 Deum
3358 2144 3519 2201 fabu-

1945 2223 2080 2289 lam,
2113 2225 2347 2280 similem
2379 2229 2599 2283 somnio
2642 2232 3035 2304 opulenterque
3071 2245 3322 2292 ornatam
3352 2253 3514 2293 enar-

1948 2317 2168 2383 raverit,
2195 2319 2481 2386 credetur;
2508 2321 2653 2391 quod
2678 2337 2709 2376 a
2739 2324 2972 2392 pueritia
2999 2341 3154 2382 mens
3183 2342 3377 2383 eorum
3421 2345 3514 2384 sn-

1946 2408 2042 2463 lita
2073 2416 2158 2464 est
2203 2423 2486 2466 sermones
2529 2411 2794 2470 adversus
2823 2413 2996 2470 Deum
3038 2417 3337 2488 suscipere.
3384 2419 3513 2476 Rari

1945 2508 2127 2556 autem
2163 2501 2307 2558 inter
2329 2518 2427 2560 eos
2455 2515 2636 2572 erunt,
2664 2515 2723 2561 ut
2749 2521 2781 2562 e
2808 2509 3160 2564 multitudine
3188 2511 3369 2581 pauci,
3415 2515 3514 2585 qui

1944 2593 2015 2647 ob
2040 2609 2256 2664 aequum
2289 2595 2534 2650 animum
2573 2598 2760 2653 nolent
2786 2599 2929 2655 malo
2959 2600 3012 2654 in
3045 2602 3292 2657 omnium
3329 2604 3516 2659 condi-

1943 2692 2116 2740 torem
2154 2683 2324 2740 Deum
2349 2688 2591 2742 sermoni
2617 2689 2702 2744 vel
2731 2705 2919 2746 aurem
2943 2691 3210 2749 duntaxat
3233 2697 3508 2766 praebere;

1942 2777 2144 2847 quibus
2166 2778 2300 2834 solis
2330 2779 2565 2836 ethnicis
2595 2782 2796 2836 salvari
2827 2783 3125 2856 continget.
3147 2783 3319 2842 Nemo
3347 2790 3518 2860 igitur

1943 2871 2102 2928 nobis
2124 2871 2192 2927 de
2231 2871 2455 2928 Simone
2489 2872 2708 2944 penitus
2748 2884 3138 2946 conqueratur,
3171 2879 3256 2934 vel
3282 2880 3350 2936 de
3373 2896 3512 2951 quo-

1941 2980 2109 3035 quam
2139 2964 2268 3020 alio.
2302 2963 2446 3020 Nihil
2472 2966 2618 3021 enim
2667 2967 2873 3036 injuste
2896 2969 3131 3038 accidit;
3165 2973 3511 3044 quahdoquto

1946 3057 2068 3111 dem
2108 3065 2164 3111 et
2205 3056 2613 3128 Scripturarum
2641 3060 2924 3116 mendacia
2955 3061 3080 3130 jure
3120 3063 3188 3118 ad
3228 3065 3508 3122 hominum

1863 3145 1907 3205 C
1940 3149 2316 3220 probationem
2339 3150 2519 3220 posita
2549 3160 2698 3206 sunt.

2010 3239 2077 3294 ν.
2126 3238 2249 3306 Quo
2277 3241 2466 3296 audito
2491 3256 2592 3313 ego
2620 3243 2872 3302 Clemens
2909 3247 3023 3303 dixi
3057 3266 3070 3303 :
3104 3247 3224 3313 Qua
3260 3250 3511 3319 ratione,

1938 3331 2041 3398 ais,
2073 3331 2314 3400 domine,
2357 3340 2412 3388 et
2439 3330 2846 3404 Scripturarum
2887 3339 3168 3395 mendacia
3204 3342 3403 3399 merito
3438 3346 3507 3398 ad

1939 3423 2223 3479 hominum
2270 3425 2645 3495 probationem
2674 3428 2852 3496 posita
2887 3429 3092 3485 fuisse?
3118 3429 3214 3486 llle
3248 3448 3380 3490 vero
3420 3452 3505 3491 re~

1935 3515 2155 3586 spondit
2181 3535 2196 3572 :
2227 3515 2507 3573 Mendacia
2541 3517 3042 3588 Scripturarum,ex
3068 3523 3289 3580 malitiae
3313 3537 3503 3596 postu-

1934 3607 2158 3673 latione,
2200 3609 2348 3680 justa
2376 3610 2589 3666 ratione
2627 3613 2896 3681 permissa
2927 3623 3056 3669 sunt
3085 3616 3272 3673 scribi.
3311 3617 3509 3676 Merito

1934 3710 2116 3756 autem
2139 3700 2262 3756 dico
2289 3701 2388 3758 sic.
2415 3701 2472 3756 ιιι
2502 3702 2774 3774 theologia
2800 3712 2854 3760 et
2883 3705 3142 3777 religione
3173 3709 3370 3775 malus,
3394 3725 3500 3766 non

1933 3791 2118 3848 minus
2147 3791 2378 3865 diligens
2403 3791 2576 3849 Deum
2599 3809 2762 3864 quam
2796 3795 2975 3874 bonus
3007 3797 3062 3852 in
3093 3813 3205 3853 uno
3234 3807 3446 3855 tantum
3469 3817 3502 3856 a

1931 3885 2077 3942 bono
2123 3893 2434 3955 superatur,
2479 3885 2624 3956 quod
2671 3887 2862 3944 nolens
2913 3903 3138 3959 parcere
3166 3890 3255 3956 iis,
3298 3892 3390 3962 qui
3433 3909 3498 3948 ex

1932 3977 2240 4049 ignorantia
2270 3978 2422 4048 impii
2453 3989 2602 4044 sunt,
2629 3994 2817 4035 amore
2850 3980 2904 4034 in
2937 3981 3070 4037 illud
3099 3983 3244 4052 quod
3273 3999 3380 4039 non
3405 4001 3504 4041 co-

1931 4068 2100 4138 litur,
2146 4069 2578 4140 irreligiosorum
2631 4071 2905 4128 desiderat
2961 4072 3264 4142 interitum,
3321 4076 3498 4131 bonus

1933 4175 2066 4216 vero
2092 4160 2227 4231 ipsis
2255 4161 2451 4218 ollerre
2476 4163 2790 4219 sanitatem.
2813 4162 3102 4220 Vultenim
3129 4177 3359 4223 cunctos
3381 4185 3498 4238 pte-

1929 4253 2158 4308 nitentia
2185 4269 2378 4309 sanare
2403 4273 2416 4308 :
2443 4264 2623 4311 servat
2649 4264 2830 4311 autem
2853 4271 2948 4312 eos
2972 4265 3182 4312 tantum
3207 4259 3301 4329 qui
3325 4257 3501 4314 Deum

1930 4355 2299 4417 cognoscunt;
2361 4355 2417 4401 at
2452 4362 2548 4402 eos
2611 4348 2706 4418 qui
2761 4365 2885 4404 eum
2945 4349 3198 4418 ignorant
3250 4365 3360 4405 non
3406 4367 3497 4406 sa-

1931 4446 2045 4505 nat,
2089 4453 2200 4494 non
2240 4438 2387 4509 quod
2414 4439 2569 4505 nolit,
2601 4439 2696 4495 sed
2726 4441 2856 4511 quia
2897 4456 3004 4495 non
3035 4442 3162 4498 licet
3199 4442 3341 4497 bona
3370 4442 3504 4501 ﬁliis

251 4535 532 4602 βασιλείας
551 4532 732 4605 ἀγαθά
757 4536 867 4597 τοῖς
893 4531 984 4586 διὰ
1007 4532 1069 4586 τὸ
1093 4532 1402 4604 ἀδιάκριτον
1429 4531 1644 4601 ἀλόγοις
1666 4531 1825 4598 ζώοις

1948 4529 2080 4600 egni
2108 4539 2410 4601 praeparata
2441 4531 2680 4587 tribuere
2711 4532 3050 4600 hominibus,
3077 4535 3172 4604 qui
3197 4536 3267 4590 ob
3287 4535 3496 4592 discre-

251 4626 668 4702 παρεικασθεῖσι
690 4627 1006 4698 παρασχεῖν.

1948 4623 2094 4678 ,ἰοιιίε
2118 4623 2478 4694 privationem
2509 4624 2797 4681 assimilati
2827 4635 2956 4681 sunt
2983 4627 3160 4683 brutis
3189 4627 3492 4683 animanti-

1925 4713 2049 4772 bus.

321 4812 412 4869 VI.
444 4813 552 4867 Τοῦ
591 4810 710 4875 ἐνὸς
747 4811 843 4865 καὶ
869 4808 1029 4881 μόνου
1057 4806 1215 4871 Θεοῦ,
1243 4805 1334 4861 τοῦ
1366 4807 1458 4860 τὸν
1485 4807 1690 4878 κόσμον
1723 4824 1824 4862 πε-

1996 4805 2087 4861 Vl.
2114 4804 2290 4862 Unius
2320 4821 2384 4863 ac
2413 4808 2586 4863 solius

248 4907 539 4978 ποιηκότος
582 4904 678 4958 καὶ
707 4905 855 4976 ἡμᾶς
892 4900 1174 4964 κτίσαντος
1215 4901 1308 4954 καὶ
1340 4900 1513 4954 πάντα
1545 4917 1822 4972 παρεσχη-

1948 4916 2024 4956 nos
2064 4900 2269 4956 creavit
2315 4911 2368 4956 et
2389 4903 2574 4957 omnia
2623 4904 2874 4972 praebuit,
2923 4920 2987 4960 ea
3031 4913 3227 4960 natura
3271 4914 3390 4971 est,
3430 4916 3490 4962 ut

246 5001 426 5063 κότος,
464 4997 688 5068 τοιαύτη
716 4997 956 5066 πέφυκεν
995 4994 1186 5066 φύσις,
1221 4995 1422 5058 παντὸς
1468 4995 1568 5067 ἤδη
1616 4996 1746 5050 ποτὲ
1773 4996 1818 5028 ⁸³

1948 4993 2161 5048 mimam
2191 4993 2480 5065 cujuslibet
2533 4995 2676 5050 intra
2722 4997 2939 5065 pictatis
2985 4997 3190 5053 limites
3236 4999 3399 5068 positi
3436 5009 3490 5054 et

244 5091 400 5154 ἐντὸς
424 5091 566 5160 ὅρων
605 5087 911 5150 θεοσεϐείας
944 5087 1114 5150 ὄντος,
1147 5087 1242 5139 καὶ
1271 5086 1346 5157 μὴ
1375 5085 1817 5160 βλασφημοῦντος

1951 5096 2169 5142 anetum
2181 5087 2299 5157 ejus
2313 5085 2574 5157 Spiritum
2595 5104 2702 5141 non
2728 5088 3256 5159 blasphemantismd
3276 5091 3490 5158 se,cha-

244 5183 410 5238 αὑτοῦ
443 5180 507 5236 τὸ
551 5180 701 5250 ἅγιον
741 5179 983 5250 Πνεῦμα,
1035 5180 1233 5249 στοργῇ
1260 5179 1327 5250 τῇ
1371 5178 1506 5250 πρὸς
1543 5179 1702 5233 αὐτὸν
1736 5181 1821 5246 είς

1948 5180 2093 5238 'itate
2109 5195 2238 5252 erga
2267 5181 2415 5236 hunc
2441 5180 2739 5248 hominem,
2772 5182 3032 5250 adducat,
3059 5197 3154 5254 per
3176 5192 3489 5254 respectum

1516 5313 1748 5369 VARUE
1815 5312 2220 5372 LECTIONES.

315 5409 362 5441 δ’
395 5407 805 5494 πείσθεσθαιρΣ
841 5410 891 5492 ξθ
915 5411 1208 5494 κάτωριοη
1237 5409 1486 5494 omittere
1507 5407 1736 5494 debebat
1788 5407 1874 5494 S._
1901 5407 2162 5494 Subinde
2193 5409 2294 5494 0,,
2319 5409 2806 5494 πολυθεουμοινίαςΣ
2903 5412 2950 5494 ’ξ
2981 5413 3184 5494 eti-non
3214 5420 3298 5494 est
3317 5411 3380 5494 in

243 5479 288 5514 ιι
321 5480 576 5582 καινόναῖ
605 5517 622 5544 ,
649 5477 744 5548 qui
771 5478 964 5536 deinde
984 5482 1176 5582 évsipw
1209 5495 1265 5582 οἱ
1287 5479 1460 5582 Πῦρ
1494 5477 1626 5582 εἴρω
1653 5478 1761 5582 ξιξ,
1784 5480 1877 5561 sed
1898 5480 2082 5536 statim
2104 5480 2342 5582 πλουὲίω
2360 5477 2618 5582 (allocuta:
2639 5479 2680 5536 C
2709 5521 2731 5582 ἱ
2737 5482 3015 5582 1⁵τιλουεὲίιιιρς
3031 5482 3099 5537 de
3123 5481 3488 5582 conjectura).

245 5552 504 5582 πονου-..αι
573 5566 669 5582 enim
700 5563 734 5582 η
789 5566 1073 5582 υρυλριηηη
1109 5568 1197 5582 ..λιι
1464 5559 1514 5582 lo
1629 5565 1657 5582 ιι
1745 5581 1749 5582 ,
1807 5566 1859 5582 ιη
1889 5565 2042 5582 Μαι-η
2148 5569 2219 5582 Α...
2265 5569 2373 5582 ..ιιι-ι
2405 5568 2456 5582 ιη
2509 5563 2592 5582 Inv
2624 5567 2653 5582 η
2790 5570 2888 5582 -..-
3037 5561 3233 5582 ινιηιη-ο.
3271 5568 3339 5582 ιη.
3369 5561 3385 5582 ι
3428 5569 3479 5582 ι..

244 5494 288 5514 ,ι
321 5494 507 5534 καινον
534 5494 576 5532 υ
605 5517 622 5544 ,
649 5494 744 5548 qut
771 5494 964 5536 deinde
984 5494 1176 5604 ονεέρω
1209 5495 1258 5536 c.
1287 5494 1351 5535 υ.
1382 5494 1460 5582 γον
1494 5494 1626 5602 ago;
1653 5494 1694 5532 υ
1726 5494 1761 5543 ι,
1784 5494 1877 5561 seu
1898 5494 2082 5536 Statim
2104 5494 2342 5567 Monstro
2360 5494 2618 5563 (πλουσιῳ
2639 5494 2680 5536 υ
2709 5521 2724 5544 ,
2748 5494 3015 5569 πλουσίως
3031 5494 3099 5537 de
3123 5494 3483 5564 conjecmra).

244 5548 1197 5631 Kaxocpqoévm‘p.'3tsxoapqp_vov
1223 5556 1285 5604 υ.
1359 5550 1381 5583 ⁵
1441 5549 1516 5631 Ιιξι
1558 5617 1590 5631 ﬁ
1629 5547 1752 5631 et_(_3
1783 5549 2377 5631 _tn~ma‘rg.,_}ap6avat
2393 5568 2458 5631 in
2509 5560 2682 5631 textu1
2699 5552 2757 5631 _""
2788 5551 3007 5631 auro-Ch
3037 5561 3235 5631 trullam
3271 5553 3388 5607 vult
3427 5569 3483 5631 ιιι

244 5569 472 5622 λεκοσμ
511 5569 672 5603 οεντα
700 5569 754 5618 p.
789 5569 1032 5623 κεκοσμη
1081 5569 1197 5605 ενον
1223 5569 1285 5604 υ.
1359 5569 1405 5583 ν·
1442 5569 1516 5603 ua
1541 5569 1585 5602 υ
1629 5569 1682 5604 et
1709 5569 1752 5604 υ
1807 5569 2084 5631 ιηηιηειτεη
2115 5569 2377 5620 Ααμοανει
2405 5569 2458 5605 ιιι
2509 5569 2677 5606 textu.
2710 5569 2757 5584 ν’
2788 5569 2918 5606 αυτο
2943 5569 2982 5606 ι.
3037 5569 3235 5607 mutari
3271 5569 3388 5607 vutt
3427 5569 3483 5606 In

243 5620 406 5675 αὐτόν
434 5569 521 5694 ὦ
547 5618 720 5694 adt-tot.
746 5618 1008 5694 iVFLrustra.
1035 5569 1148 5677 δὴ.
1180 5621 1325 5694 hom.
1357 5633 1439 5685 ut,
1470 5620 1513 5694 θ.
1692 5619 1743 5694 ξξ
1775 5621 1928 5694 ύμων
1952 5619 2017 5694 C.
2091 5620 2136 5652 ⁵⁵
2166 5622 2224 5677 δέ
2251 5637 2364 5694 om.
2389 5620 2454 5694 (_).
2528 5622 2572 5694 ξ’
2593 5621 2716 5694 οὐδέ
2741 5638 2794 5692 p.
2828 5626 2856 5694 ό
2884 5622 2941 5676 δέ
2973 5621 3204 5694 0._Tnnt
3238 5622 3485 5694 προσφέσ

248 5707 480 5765 ρςινΑξιξ.
507 5689 855 5765 ἐπιθυμεῖ-8,
889 5707 940 5749 c.
1057 5733 1071 5755 ,
1101 5690 1424 5765 προσφέρων
1466 5690 1530 5757 C,
1560 5688 1622 5744 Ο.
1687 5689 1745 5765 ’⁸⁸
1779 5688 1920 5743 θέλει
1949 5690 2156 5765 πάντας
2177 5695 2247 5765 ρ.
2322 5691 2367 5765 '_°
2399 5691 2473 5765 Ita
2523 5690 2579 5765 ξ,
2615 5688 2782 5765 c._D',
2821 5693 2912 5748 Ille
2942 5692 3087 5765 conj.
3110 5688 3480 5765 εξδήπόῖείου

244 5758 309 5822 0,
339 5761 622 5840 ούδήποτε.
658 5758 899 5884 διιὸἠιιιιθ
928 5761 1076 5825 ἐντὸς
1107 5758 1246 5831 ὅρων
1271 5758 1314 5815 Ο
1360 5759 1411 5814 in
1439 5769 1608 5825 textu,
1636 5760 1701 5816 ad
1723 5776 1874 5817 oram
1898 5777 2042 5816 man.
2071 5763 2141 5816 al.
2177 5761 2304 5826 ἴσως
2335 5762 2567 5826 ἑκτός.(]
2622 5763 2788 5820 edidit
2807 5765 2956 5829 ἐντὸς
2987 5758 3115 5837 ὅρὶρ.
3140 5758 3280 5820 Tum
3308 5762 3488 5835 βλααν

247 5847 550 5884 «annona-:0:
581 5847 691 5884 scr.
771 5871 786 5884 .

247 5847 550 5904 φυμουντος
581 5847 691 5886 scr.
719 5847 786 5885 U.

2661 4808 2774 4876 Dei,
2825 4811 2920 4880 qui
2978 4810 3244 4867 mundum
3277 4810 3408 4868 fecit
3433 4823 3489 4868 et
3569 4803 3580 4808 ’
