3970 6148
293 332 396 388 H7

1407 323 1866 382 CLEMENTINA.
1900 354 1970 366 —
2000 322 2287 380 HOMILIA
2324 320 2420 378 Ill.

3419 315 3520 372 HS

289 446 590 516 ἀνθρώπιον
634 444 854 514 στοργή.
912 441 1078 506 Εἰδὼς
1117 442 1174 496 δὲ
1230 441 1276 473 ⁷⁸
1319 443 1348 494 6
1392 441 1643 512 πονηρὸς,
1697 439 1854 510 ήμῶν

1966 441 2166 496 minum
2192 455 2317 511 erga
2359 438 2550 494 Deum.
2597 435 2796 491 Viden’s
2840 446 3017 491 autem
3065 435 3239 492 malus
3268 433 3524 490 festinare

293 539 632 594 σπευδόντων
658 540 768 600 τοῖς
798 535 904 589 ἀπὸ
936 533 1102 588 ἐθνῶν
1127 532 1396 587 πιστεύειν
1433 532 1710 603 μέλλουσιν
1740 530 1855 594 ἐνὸς

291 633 388 687 καὶ
422 630 581 703 μόνου
611 628 743 682 Θεοῦ
770 629 828 682 ἐν
854 628 1052 699 ψυχαῖς
1082 626 1323 698 σπείρειν
1359 626 1458 697 τὴν
1477 622 1856 677 ἀθανατοποιὸν

289 723 428 796 πρὸς
457 722 616 775 (αὐτὸν
644 719 940 791 ἀνθρώπων
971 718 1019 751 ⁷⁸
1052 718 1314 790 στοργήν,
1363 716 1527 779 αὐτὸς
1557 717 1585 770 6
1625 713 1859 785 πονηρὸς

291 814 434 869 κατά
457 813 562 866 τῶν
595 811 931 880 ἀγνοούντων
976 810 1156 864 ἱκανὸν
1194 810 1356 863 ὅπλον
1400 809 1538 880 ἔχων
1570 809 1707 880 πρὸς
1736 807 1854 861 ϐλε-

291 903 420 976 θρον
456 901 744 967 σπουδάζει
769 901 980 955 πολλῶν
1010 901 1148 956 θεῶν
1175 901 1209 971 ἢ
1242 901 1336 954 καὶ
1362 901 1479 964 ἐνὸς
1509 900 1584 963 ὡς
1613 898 1857 971 κρείττο-

290 1013 378 1059 νος
407 996 516 1067 82
558 997 777 1066 σπεῖραι
810 995 909 1066 τὴν
941 992 1206 1063 ὑπόληψιν
1225 1031 1240 1057 ,
1270 993 1357 1046 ἵνα
1382 984 1729 1054 συλλαϐόντες
1767 991 1858 1044 καὶ

289 1086 711 1158 ωμπεισθέντες
738 1085 774 1140 ἃ
809 1085 885 1156 μὴ
919 1085 1074 1156 θέμις
1095 1127 1110 1151 ,
1141 1084 1503 1148 ἀποθανόντες
1525 1085 1602 1148 ὡς
1629 1085 1720 1136 ἐπὶ
1745 1083 1859 1155 μοι-

284 1178 436 1249 χείας
457 1179 784 1251 ἐγκλήματι,
815 1179 915 1248 τῆς
945 1176 1109 1231 αὑτοῦ
1140 1176 1414 1248 βασιλείας
1457 1176 1854 1247 ἀποϐληθῶσιν.

350 1377 446 1433 1X.
492 1380 676 1448 Ἀξιος
726 1375 819 1436 οὖν
864 1381 965 1452 τῆς
1005 1381 1277 1452 ἀποϐολῆς
1308 1383 1416 1445 πᾶς
1453 1379 1595 1435 κατά
1624 1379 1722 1452 τῆς
1765 1378 1857 1432 τοῦ

279 1470 414 1525 Θεοῦ
464 1473 760 1544 μοναρχίας
787 1474 917 1527 αὐτὸ
951 1473 1109 1546 μόνον
1142 1473 1243 1528 κᾶν
1275 1473 1503 1528 ἀκοῦσαί
1537 1489 1590 1524 τι
1622 1469 1858 1524 τοιοῦτον

280 1564 536 1638 θελήσας.
582 1567 646 1620 Et
694 1567 749 1620 δὲ
785 1568 861 1630 ὡς
898 1567 1139 1638 Γραφαῖς
1179 1562 1536 1638 τεθαρρηκὼς
1584 1562 1724 1616 κατὰ
1763 1561 1856 1615 τοῦ

277 1659 416 1714 Θεοῦ
445 1661 623 1732 τολμᾷ
647 1677 731 1724 τις
760 1661 862 1713 κᾶν
895 1659 1132 1727 ἀκούειν,
1167 1659 1381 1729 πρῶτον
1412 1655 1586 1709 ἐκεῖνό
1621 1671 1708 1725 μοι
1736 1670 1858 1706 συν-

277 1753 583 1824 ενθυμείτω
621 1754 690 1820 ⁷⁵,
724 1753 829 1816 ὅτι,
870 1753 934 1807 ἀν
980 1769 1065 1815 τις
1109 1749 1326 1818 εὔλογον
1372 1747 1547 1819 ἑαυτῷ
1573 1747 1750 1818 δόγμα
1781 1746 1856 1809 ὡς
1885 1777 1930 1834 Β

278 1844 532 1915 βούλεται
575 1843 878 1916 ἀναπλάσῃ,
911 1843 1098 1896 ἔπειτα
1138 1844 1329 1906 αὐταῖς
1366 1841 1575 1914 ἐγκύψῃ
1603 1841 1672 1906 ⁷⁸,
1703 1841 1857 1894 δυνα-

276 1935 375 1998 τὸς
429 1935 581 1990 ἔσται
627 1935 828 1999 πολλὰς
863 1935 1002 2007 ὑπὲρ
1046 1930 1107 1988 οὗ
1146 1934 1419 1988 ἐπλάσατο
1462 1933 1729 2004 δόγματος
1762 1933 1855 1985 ἀπ’

277 2027 464 2082 αὐτῶν
506 2028 809 2100 μαρτυρίας
837 2028 1041 2101 φέρειν’
1075 2027 1192 2092 πῶς
1221 2023 1314 2081 οὖν
1345 2027 1438 2080 ἐπὶ
1468 2026 1694 2089 ταύταις
1719 2024 1859 2078 κατά

275 2118 375 2172 τοῦ
409 2119 540 2172 Θεοῦ
567 2118 786 2191 θαρρεῖν
814 2119 980 2187 ἐστιν,
1026 2121 1084 2173 ἐν
1113 2117 1200 2183 αἷς
1227 2121 1262 2190 ή
1290 2119 1507 2172 πάντων
1548 2117 1710 2187 βουλὴ
1748 2117 1860 2168 εἰσ-

277 2211 589 2282 ευρίσκεται
614 2228 629 2277 ;

348 2303 420 2358 X.
467 2304 675 2357 Αὐτίκα
711 2303 844 2374 γοῦν
888 2305 1073 2376 Σίμων
1119 2302 1308 2375 αὔριον
1357 2303 1487 2374 ἡμῖν
1531 2301 1777 2372 συζητεῖν
1811 2300 1856 2332 ⁷⁷

280 2397 494 2470 μέλλων
524 2397 758 2469 δημοσίᾳ.
807 2397 948 2450 κατὰ
973 2397 1073 2467 τῆς
1108 2393 1201 2447 τοῦ
1238 2393 1372 2448 Θεοῦ
1420 2392 1713 2465 μοναρχίας
1743 2391 1860 2443 τολ-

281 2491 365 2561 μᾷ
388 2490 461 2554 ⁷⁸,
495 2489 661 2542 θέλων
701 2487 902 2552 πολλὰς
933 2487 993 2552 ἐξ
1039 2486 1215 2541 αὐτῶν
1262 2487 1368 2540 τῶν
1405 2485 1636 2558 Γραφῶν
1670 2485 1860 2561 ,φωνὰς

277 2560 546 2648 ἐνεγκεῖν,
576 2580 655 2632 ὃτι
689 2579 736 2612 ⁷⁸
765 2578 948 2632 πολλοὶ
978 2579 1083 2632 εἰσὶ
1117 2578 1248 2646 θεοὶ,
1285 2574 1364 2642 εἷς
1396 2577 1454 2630 δέ
1485 2594 1568 2640 τις
1595 2560 1692 2646 οὐχ
1717 2578 1745 2629 6
1769 2575 1859 2628 τὸν

278 2673 488 2742 κόσμον
504 2671 714 2735 κτίσας,
740 2671 875 2725 ἀλλά
887 2671 932 2702 ⁸⁰
945 2671 1135 2724 τούτου
1170 2669 1458 2742 ἀνώτερος·
1481 2670 1574 2722 καὶ
1597 2667 1745 2738 ὁμῶς
1761 2666 1860 2730 τὰς

277 2764 582 2830 ἀποδείξεις
607 2764 918 2835 ἐγγράφους
935 2763 1048 2836 ἔχει
1068 2765 1386 2836 παρασχεῖν.
1417 2762 1703 2833 Καὶήμεῖς
1729 2760 1786 2813 δὲ
1801 2759 1862 2824 ἐξ

274 2857 454 2910 αὐτῶν
485 2854 683 2920 πολλὰς
705 2856 1008 2927 περικοπὰς
1032 2855 1200 2920 δεῖξαι
1229 2854 1414 2924 σαφῶς
1433 2854 1648 2925 ἔχομεν,
1677 2855 1760 2907 ὅτι
1780 2846 1860 2916 εἷς

275 2949 424 3002 ἐστιν
445 2951 476 3003 6
502 2948 547 2984 ⁸¹
564 2949 694 3013 Θεὸς
719 2944 874 3012 οὗτος
899 2950 928 3003 6
953 2949 1042 3018 τρν
1061 2949 1260 3020 κόσμον
1280 2947 1488 3014 κτίσας,
1517 2946 1612 3000 καὶ
1639 2945 1794 3009 ἄλλος
1812 2946 1858 2977 ⁸¹

276 3043 376 3095 οὐκ
404 3041 522 3094 ἔστι
551 3041 689 3112 πλὴν
716 3040 898 3095 αὐτοῦ.
941 3039 1104 3094 Ἀλλά
1131 3041 1224 3094 καὶ
1243 3041 1295 3092 εῐ
1317 3057 1402 3102 τις
1428 3038 1602 3102 ἄλλως
1633 3055 1750 3101 πως
1777 3039 1856 3090 εί-

1958 549 2082 601 nos,
2106 533 2242 588 utin
2272 546 2463 588 eorum
2496 530 2716 596 animis,
2760 529 2853 599 qui
2882 546 2947 583 ex
2979 531 3230 600 gentibus
3267 527 3524 584 credituri

1959 639 2108 694 sunt,
2134 625 2528 682 inseminemus
2556 621 2986 677 immortalitatis
3015 620 3368 690 operatricem
3393 620 3526 674 cha-

1959 719 2178 775 ritatem
2209 717 2500 772 hominum
2549 715 2602 770 in
2647 728 2816 768 unum
2845 727 2910 768 ac
2951 711 3125 767 solum
3166 712 3356 779 Deum,
3387 725 3524 781 ipse,

1959 814 2206 882 inquam,
2239 808 2513 875 diabolus,
2563 815 2751 862 contra
2790 804 3071 874 imperitos
3105 801 3437 859 sufﬁcienter
3456 802 3523 856 ad

1958 920 2150 960 necem
2201 913 2446 958 armatus
2477 942 2491 967 ,
2548 899 2741 954 nititur
2793 896 3092 952 multorum
3138 895 3364 950 deorum
3412 891 3544 950 sive

1960 998 2128 1052 unius
2172 1006 2432 1065 tanquam
2465 989 2860 1063 praestantioris
2900 987 3210 1058 opinionem
3243 985 3478 1041 inserere
3510 1003 3524 1037 :

1959 1107 2071 1162 quo
2099 1090 2372 1152 homines,
2420 1085 2654 1140 tenendo
2691 1099 2755 1138 ac
2796 1082 3065 1138 credendo
3091 1095 3212 1150 qua:
3243 1095 3351 1133 non
3381 1077 3537 1143 licet,

1960 1183 2270 1238 moriantur
2295 1179 2452 1250 quasi
2477 1170 2533 1232 in
2567 1177 2817 1232 adulterii
2839 1174 3092 1236 crimine.
3114 1183 3170 1229 et
3189 1187 3220 1227 a
3246 1186 3410 1242 regno
3434 1169 3529 1225 Dei
3621 1189 3627 1198 ·

1959 1277 2215 1348 ejiciantu
2225 1293 2268 1330 r.

2033 1368 2129 1422 1X.
2167 1366 2357 1438 itaque
2403 1364 2602 1435 dignus
2641 1370 2723 1418 est
2739 1359 2830 1431 qui
2869 1358 3176 1428 abjiciatur,
3217 1354 3530 1425 quicunque

1960 1472 2154 1520 contra
2202 1460 2298 1516 Dei
2351 1442 2859 1513 monarchiam'vel
2912 1457 3119 1505 tantum
3169 1445 3300 1516 quid
3352 1443 3541 1500 simile-

1961 1557 2153 1612 audire
2174 1553 2427 1608 voluerit.
2462 1548 2519 1605 Si
2551 1562 2681 1603 vero
2707 1587 2723 1615 ,
2758 1543 2916 1615 quasi
2944 1539 3244 1610 Scripturis
3272 1536 3526 1601 conﬁdat,

1960 1657 2151 1704 contra
2195 1644 2366 1700 Deum
2393 1642 2478 1698 vel
2507 1640 2698 1695 audire
2743 1635 2943 1706 aliquis
2971 1633 3152 1698 audet,
3183 1630 3360 1701 primo
3396 1626 3527 1682 illud

1960 1754 2173 1794 mecum
2209 1735 2519 1792 consideret
2550 1750 2564 1788 :
2600 1731 2645 1787 si
2661 1731 2783 1802 quis
2806 1729 3003 1797 dogma
3030 1722 3250 1794 aliquod
3273 1719 3377 1786 sibi
3403 1735 3530 1790 pro-

1959 1831 2136 1886 babile
2159 1844 2257 1899 pro
2272 1827 2552 1882 voluntate
2575 1819 2902 1879 conﬁnxerit
2924 1827 2979 1875 et
3009 1825 3195 1889 postea
3213 1814 3529 1886 Scripturas

1959 1921 2124 1976 fuerit
2150 1919 2404 1984 intuitus,
2447 1932 2516 1972 ex
2549 1915 2618 1970 iis
2649 1913 2846 1985 poterit
2890 1909 3059 1966 multa
3089 1907 3398 1964 testimonia
3431 1920 3529 1974 pro

1959 2013 2151 2068 ﬁctitio
2189 2025 2291 2066 suo
2319 2009 2570 2079 dogmate
2592 2006 2867 2077 proferre;
2909 2017 3020 2073 quo
3065 2000 3224 2055 modo
3264 1998 3432 2070 igitur
3474 1999 3526 2049 in

1960 2105 2029 2160 iis
2055 2103 2318 2159 adversus
2344 2099 2515 2155 Deum
2545 2098 2818 2154 conﬁdere
2855 2095 2937 2150 fas
2964 2095 3056 2161 sit,
3081 2095 3136 2148 in
3166 2093 3366 2164 quibus
3390 2106 3528 2147 cun-

1961 2205 2174 2254 ctorum
2205 2193 2467 2264 placitum
2502 2189 2823 2245 invenitur?

2029 2285 2101 2341 Χ.
2132 2283 2290 2340 Nunc
2322 2298 2451 2353 ergo
2478 2281 2690 2347 Simon,
2711 2295 2832 2334 cras
2861 2279 3149 2334 nobiscum
3173 2274 3390 2348 publice
3417 2273 3530 2326 dis-

1960 2385 2320 2446 ceptaturus,
2375 2381 2567 2429 contra
2616 2370 2711 2426 Dei
2764 2369 3140 2425 monarchiam
3198 2365 3526 2437 aggreditur,

1959 2469 2271 2537 multasque
2294 2481 2362 2521 ex
2387 2464 2522 2535 ipsis
2552 2461 2852 2533 Scripturis
2879 2475 3040 2516 voces
3070 2458 3262 2513 aﬂ’erre
3292 2456 3425 2521 vult,
3464 2455 3542 2508 de-

1959 2574 2026 2615 eo
2051 2558 2196 2629 quod
2224 2557 2380 2612 multi
2402 2557 2477 2611 dii
2503 2557 2613 2612 sint
2639 2565 2694 2611 et
2715 2570 2859 2610 unus
2887 2553 3132 2624 quidam,
3170 2565 3279 2604 non
3311 2547 3532 2619 quidem

1959 2659 2179 2707 creator
2215 2649 2442 2716 mundi,
2478 2649 2573 2704 sed
2612 2649 2706 2702 illo
2737 2646 3005 2717 superior.
3055 2643 3339 2713 Simulque
3367 2655 3532 2710 argu-

1960 2753 2143 2798 menta
2169 2759 2236 2798 ex
2265 2742 2568 2812 Scripturis
2589 2739 2886 2796 exhibebit.
2916 2737 2982 2793 Et
3007 2752 3108 2792 nos
3127 2750 3348 2806 quoque
3371 2749 3436 2789 ex
3461 2733 3530 2788 iis

1960 2836 2096 2906 ipsis
2121 2837 2293 2889 multa
2328 2834 2600 2890 evidentia
2626 2833 2868 2904 capitula
2899 2831 3185 2886 ostendere
3213 2842 3527 2899 possumus,

1959 2927 2106 2997 quod
2159 2942 2302 2982 unus
2347 2927 2419 2981 sit
2464 2925 2607 2981 Deus
2646 2925 2735 2980 hic
2773 2924 2868 2996 qui
2899 2924 3085 2979 orbem
3121 2920 3386 2985 condidit,
3430 2936 3533 2974 nec

1963 3021 2104 3075 alius
2133 3020 2205 3076 sit
2224 3027 2418 3090 praeter
2451 3035 2597 3074 eum.
2632 3017 2736 3073 Sed
2760 3027 2814 3073 et
2841 3017 2887 3072 si
2919 3016 3043 3086 quis
3075 3014 3181 3069 alio
3202 3028 3541 3084 quocunque

277 3136 398 3188 πεῖν
424 3105 661 3205 θελήσει,
682 3133 792 3198 ἕξει
817 3133 911 3188 καὶ⁵
930 3130 1092 3196 αὐτὸς
1117 3131 1177 3197 ἐξ
1196 3131 1372 3199 αὐτῶν
1387 3131 1462 3195 ὡς
1481 3131 1726 3202 βούλεται
1747 3129 1855 3200 83

1966 3113 2124 3168 modo
2180 3112 2362 3167 dicere
2401 3111 2659 3174 voluerit,
2703 3109 2926 3165 habebit
2974 3108 3136 3164 etiam
3175 3107 3223 3162 is
3267 3121 3334 3160 ex
3373 3105 3539 3175 ipsis,

278 3228 406 3298 περ)⁵
433 3221 513 3280 ὧν
559 3225 802 3296 βούλεται
830 3224 928 3288 τὰς
959 3225 1259 3290 ἀποδείξεις
1301 3227 1622 3296 παρασχεῖν.
1671 3224 1856 3278 Πάντα

277 3317 385 3390 γὰρ
413 3318 472 3372 αἱ
503 3318 715 3388 Γραφαὶ
746 3317 1012 3386 λέγουσιν,
1044 3317 1130 3370 ἵνα
1163 3316 1349 3388 μηδεὶς
1375 3317 1482 3368 τῶν
1521 3316 1856 3385 ἀγνωμόνως

279 3409 587 3481 ζητούντων
622 3410 684 3462 τὸ
721 3408 918 3480 ἀληθὲς
970 3407 1155 3478 εὖροι,
1211 3406 1326 3460 ἀλλ’
1375 3406 1403 3460 ὃ
1457 3406 1721 3476 βούλεται,
1762 3405 1856 3460 τοῦ

278 3499 512 3570 ἀληθοῦς
542 3502 657 3563 τοῖς
685 3499 990 3570 εὐγνώμοσι
1032 3497 1420 3569 τετηρημένου.
1455 3498 1855 3568 Εὑγνωμοσύνη

278 3591 336 3645 δέ
357 3593 506 3647 ἐστιν
525 3592 586 3645 τὸ
607 3591 655 3626 ⁸³
675 3591 811 3663 πρὸς
829 3591 920 3646 τὸν
946 3589 1040 3645 τοῦ
1060 3584 1197 3645 εἶναι
1211 3590 1356 3662 ἡμᾶς
1377 3591 1544 3644 αἴτιον
1555 3588 1858 3652 ἀποσώζειν

281 3687 538 3758 στοργήν.

350 3774 440 3828 XI.
480 3774 640 3828 Ὅθεν
670 3773 777 3845 πρὸ
807 3773 1026 3829 πάντων
1068 3772 1263 3827 είδέναι
1309 3771 1541 3842 ὀφείλει,
1590 3771 1672 3824 ὅτι
1704 3771 1860 3824 οὐδα-

283 3866 444 3937 μόθεν
483 3867 651 3938 αὐτὴν
689 3866 953 3938 εὑρίσκει,
982 3867 1030 3920 εί
1061 3867 1135 3936 μὴ
1165 3865 1231 3919 ἂν
1273 3864 1379 3918 ἀπὸ
1412 3864 1689 3936 προφήτου
1723 3862 1858 3934 ἀλη-

281 3956 450 4021 θείας.
499 3959 791 4030 Προφήτης
836 3958 893 4012 δὲ
923 3958 1129 4030 ἀληθής
1171 3958 1317 4010 ἐστιν
1345 3958 1374 4010 6
1407 3956 1581 4010 πάντα
1626 3955 1856 4008 πάντοτε

282 4050 464 4114 εἰδὼς,
497 4049 576 4103 ἔτι
607 4049 664 4102 δὲ
693 4051 787 4104 καὶ
816 4049 918 4114 τὰς
947 4049 1164 4104 πάντων
1192 4049 1420 4116 ἐννοίας,
1451 4047 1854 4120 ἀναμάρτητος·

282 4141 358 4205 ὡς
391 4141 522 4214 περὶ
555 4140 654 4211 τῆς
686 4141 1046 4213 προγνώσεως
1081 4140 1246 4195 αὑτοῦ
1295 4141 1370 4213 μὴ
1417 4139 1602 4203 ἁπλῶς
1641 4139 1859 4210 διαλαμ-

282 4232 489 4301 ϐάνειν,
537 4233 652 4288 ἀλλ’
680 4237 728 4288 εί
759 4234 978 4287 δύναται
1013 4235 1139 4289 ἄνευ
1172 4233 1362 4305 ἐτέρας
1392 4233 1717 4305 προφάσεως
1745 4249 1860 4286 συν-

281 4327 506 4381 εστάναι
533 4325 698 4379 αὐτοῦ
730 4326 763 4396 ή
794 4324 1117 4397 πρόγνωσις.
1149 4326 1217 4378 Ἀ
1243 4324 1354 4397 γὰρ
1383 4326 1434 4378 οἱ
1470 4323 1643 4397 ἰατροὶ
1673 4324 1859 4397 προλέ-

283 4432 492 4485 γουσιν,
538 4415 980 4488 ὑποϐεϐλημένην
1018 4415 1149 4488 ὓλην
1187 4415 1401 4487 ἔχοντες
1441 4415 1536 4470 τοῦ
1578 4415 1857 4480 νοσοῦντος

283 4507 372 4562 τὸν
406 4507 678 4578 σφυγμὸν,
721 4509 816 4562 καὶ
858 4509 909 4560 οἱ
950 4509 1046 4579 μὲν
1079 4508 1276 4580 πτηνὰ,
1315 4509 1366 4562 οἱ
1399 4508 1456 4562 δὲ
1496 4507 1729 4579 θύματα,
1763 4509 1858 4562 xal.

1961 3216 2124 3278 prout
2164 3205 2312 3261 volet
2355 3213 2410 3260 et
2459 3203 2525 3258 de
2553 3201 2753 3273 quibus
2792 3201 2958 3264 volet,
2998 3198 3348 3270 probationes
3377 3196 3528 3251 dare.

1960 3297 2158 3355 Omnia
2207 3297 2410 3368 quippe
2448 3294 2745 3365 Scriptura:
2785 3293 2976 3347 dicunt
3005 3309 3018 3345 :
3050 3306 3117 3345 ne
3145 3291 3288 3345 ullus
3313 3304 3529 3356 eorum,

1959 3391 2055 3462 qui
2078 3391 2289 3461 ingrate
2319 3396 2606 3459 quaerunt,
2637 3386 2879 3441 inveniat
2909 3384 3215 3450 veritatem,
3247 3381 3342 3437 sed
3379 3383 3531 3436 inve-

1960 3486 2077 3540 niat
2123 3483 2269 3554 quod
2300 3481 2450 3552 cupit
2489 3499 2506 3548 ;
2539 3478 2762 3534 veritate
2800 3476 2971 3547 gratis
3006 3472 3318 3530 horninibus
3354 3489 3530 3528 reser-

1959 3589 2104 3634 vata.
2138 3575 2426 3633 Gratitudo
2457 3583 2637 3628 autem
2662 3581 2785 3635 est,
2815 3582 3033 3624 servare
3055 3565 3375 3622 charitatem
3402 3581 3531 3638 erga

1959 3685 2083 3728 eum
2113 3667 2210 3741 qui
2239 3664 2537 3723 exsistendi
2567 3662 2726 3719 nobis
2757 3669 2950 3718 auctor
2979 3660 3101 3715 fuit.

2028 3761 2123 3818 X1.
2166 3760 2322 3817 Unde
2351 3768 2476 3814 ante
2504 3755 2688 3813 omnia
2726 3755 2868 3811 scire
2909 3760 3142 3824 oportet,
3171 3765 3282 3807 non
3312 3748 3531 3804 aliunde

1961 3855 2193 3911 inveniri
2239 3852 2523 3908 veritatem
2555 3890 2572 3918 ,
2643 3863 2810 3920 quam
2862 3863 2894 3902 a
2944 3844 3191 3901 veritatis
3243 3841 3526 3914 propheta.

1959 3946 2231 4017 PrOpheta
2261 3952 2443 3999 autem
2466 3955 2630 3997 verus
2655 3940 2703 3997 is
2726 3947 2811 3996 est
2837 3938 2932 4010 qui
2958 3937 3140 3995 omnia
3163 3935 3408 4001 omnino,
3446 3942 3530 3987 at—

1960 4054 2068 4111 que
2108 4038 2270 4094 etiam
2317 4044 2639 4092 cunctorum
2691 4031 3053 4102 cogitationes
3099 4027 3289 4095 novit,
3339 4037 3529 4096 estque
3619 4077 3628 4082 -

1962 4130 2360 4204 impeccabilis,
2385 4136 2448 4184 ut
2472 4127 2567 4199 qui
2597 4126 2664 4181 de
2689 4123 2786 4179 Dei
2811 4123 3018 4195 judicio
3047 4121 3119 4178 sit
3147 4119 3531 4184 certissimus;

1958 4227 2217 4297 quocirca
2243 4237 2346 4278 nos
2367 4220 2628 4276 debemus
2650 4218 2716 4274 de
2738 4216 2858 4287 ejus
2884 4213 3222 4287 praescientia
3254 4228 3363 4268 non
3392 4212 3529 4267 sim-

1959 4319 2174 4390 pliciter
2215 4314 2485 4388 judicare,
2533 4311 2627 4368 sed
2660 4310 2708 4365 si
2735 4310 2942 4378 absque
2979 4307 3088 4362 alia
3129 4318 3296 4362 causa
3343 4302 3528 4359 consi-

1960 4421 2104 4468 stere
2146 4415 2327 4480 potest
2343 4402 2685 4478 pmscientia
2707 4401 2901 4472 ipsius.
2931 4397 3189 4466 Quaedam
3217 4396 3360 4451 enim
3390 4409 3530 4464 prae-

1959 4503 2151 4559 dicunt
2194 4497 2430 4566 medici,
2474 4496 2607 4566 quia
2647 4493 2949 4564 subjectam
2993 4490 3278 4546 materiam
3328 4486 3533 4541 habent

283 4599 430 4655 6λλοι
454 4577 639 4663 Ῠάλλας
684 4598 813 4664 ὕλας
847 4577 1050 4664 πολλὰς
1080 4577 1368 4672 διαφόρους
1413 4577 1857 4672 ὑποϐεϐλημένας

1966 4591 2272 4665 aegrotantis
2300 4588 2558 4661 pulsum;
2589 4587 2717 4642 item
2744 4585 2837 4640 alii
2858 4598 3006 4650 aves,
3039 4583 3132 4638 alii
3148 4577 3538 4640 victimas,alii

285 4689 499 4762 ῑχοντες
527 4691 902 4766 προλέγουσιν,
938 4693 1033 4746 καὶ⁵
1058 4693 1330 4778 προφῆται
1361 4694 1460 4747 οὐκ
1487 4694 1641 4749 είσίν.

354 4847 468 4904 XII.
501 4850 563 4902 Et
595 4849 652 4904 δὲ
674 4849 962 4921 βουληθείη
991 4866 1072 4914 τις
1088 4849 1292 4920 λέγειν,
1318 4852 1417 4923 τὴν
1444 4852 1533 4906 διὰ
1558 4853 1666 4906 τῶν
1686 4854 1859 4909 τοιού-

1551 5005 1790 5061 VARIIE

371 5121 391 5189 ί
418 5114 496 5189 δέ
527 5115 774 5189 addidic.
805 5117 850 5173 Ο
879 5159 900 5184 ,λ
929 5187 938 5189 4
968 5117 997 5172 ὃ
1025 5117 1180 5183 εἰδώς
1197 5119 1342 5189 conj.
1376 5117 1439 5172 D.

291 5184 517 5266 μηθήῖω
540 5190 600 5239 υ·
649 5257 672 5266 -
700 5188 910 5266 "Evn?

290 5256 526 5325 (sicyau
557 5272 610 5327 p.
646 5257 726 5310 ὅτι
758 5256 821 5312 o.‘

1957 4687 2091 4742 alias
2116 4684 2317 4740 multas
2353 4691 2408 4737 et
2434 4679 2615 4735 varias
2655 4676 2914 4733 materias
2960 4675 3234 4746 subjectas
3258 4671 3388 4727 dum
3418 4671 3532 4735 ,ha—

1963 4779 2114 4846 bent,
2158 4775 2478 4848 praedicunt,
2504 4787 2605 4828 nec
2640 4780 2769 4826 sunt
2795 4770 3089 4841 prophetae.

2034 4870 2150 4926 Xll.
2195 4868 2364 4934 Quod.
2393 4867 2439 4924 si
2480 4865 2608 4936 quis
2634 4864 2816 4920 dicere
2851 4857 3529 4930 voluerit,.praascientiam

1853 5003 2258 5063 LECTIONES.

1428 5160 1439 5172 .
1566 5121 1608 5152 ‘"
1632 5119 1933 5191 ἀνθρώπων
1955 5119 2190 5176 accessit
2220 5133 2287 5171 ex
2311 5114 2377 5171 0.
2450 5115 2495 5148 ⁷⁸
2521 5113 2593 5168 Ita
2631 5111 2712 5176 3.,
2747 5110 3138 5231 mmet,pr
3152 5107 3240 5170 C',
3276 5103 3527 5160 συνενθυ-

1428 5189 1536 5231 ἳὼρι
1572 5189 1612 5231 (ἶ
1667 5190 1906 5231 Rnhim‘ln
1933 5189 2154 5231 δυνατόν
2185 5192 2245 5231 Π-
2349 5187 2394 5220 ⁷⁷
2425 5184 2704 5231 συνζητεῖν
2743 5181 2806 5231 G.
2910 5181 2956 5212 ⁷³
2981 5197 3042 5231 το
3081 5181 3184 5231 adv
3233 5180 3294 5231 θ’.
3395 5177 3440 5206 ⁷⁸
3464 5189 3524 5231 εγ

961 5203 990 5261 ῃ
1013 5189 1166 5261 Ωχθ.
1199 5189 1236 5243 8
1266 5189 1536 5261 ,Αέγκύψει
1572 5189 1641 5261 C.
1667 5189 1907 5261 Subinde
1933 5189 2154 5261 δυνατόν
2185 5192 2258 5261 0.
2339 5189 2394 5261 _'”
2425 5189 2704 5261 συνζητεῖν
2743 5189 2842 5261 ti.“
2869 5189 2956 5261 -.τῇ
2981 5189 3142 5261 τολμᾷ

975 5245 1112 5312 ἀλλά
1142 5245 1511 5315 οηιίΟίΤιιὲιι
1535 5259 1684 5330 ὁμῶς
1705 5259 1742 5314 S
1773 5299 1788 5324 ,
1811 5261 1958 5330 ὅμως
1983 5260 2046 5328 C,
2076 5257 2143 5315 Ο.
2218 5259 2308 5310 ⁸ίὸ
2339 5245 2548 5312 inserui
2571 5245 2622 5310 ὁ.
2656 5254 2740 5309 0..
2797 5251 2842 5284 δ’
2862 5250 2989 5305 ἄλλο
3016 5245 3092 5304 υ]
3131 5245 3201 5281 ’⁸³
3235 5249 3333 5320 τήν
3360 5245 3422 5300 C.

2349 5187 2394 5220 ⁷⁷
2425 5184 2704 5256 συνζητεῖν
2743 5181 2839 5256 G.“
2870 5181 2956 5256 _."_3
2980 5177 3201 5256 τολμᾷν.
3233 5180 3294 5256 0.
3365 5177 3440 5256 ﬂ"
3464 5189 3536 5241 εχ

1565 5389 1936 5450 VABIORUM.
1953 5393 2205 5451 NOTAE-

291 5599 398 5666 πης
427 5597 520 5650 καὶ
550 5593 723 5666 φόϐου
746 5594 876 5666 περὶ
906 5595 1058 5666 Θεόν,
1091 5607 1193 5650 etc.
1229 5594 1334 5648 Τοῦ
1369 5595 1522 5664 ἁγίου
1540 5595 1852 5666 Κλήμεντος

293 5664 585 5736 ἐπισκόπου
634 5664 886 5736 Ῥώμης.
921 5664 1205 5735 Αὐτάρκης
1244 5664 1723 5736 είςγσιιγτηρίανίὴ
1772 5667 1852 5728 εἰς

293 5733 422 5789 Θεὸν
452 5733 756 5808 ἀνθρώπων
787 5733 993 5805 ἀγάπη.
1030 5733 1094 5791 Εἰ

1954 5595 2098 5667 πρὸς
2119 5595 2209 5648 τὸν
2238 5594 2333 5648 τοῦ
2374 5590 2515 5667 εἶναι
2549 5596 2694 5664 ἡμᾶς
2725 5593 2915 5667 αἴτιον,
2934 5588 3240 5667 ἀποσώζειν
3276 5587 3539 5667 στοργήν

2068 5655 2136 5736 ἦς
2153 5667 2244 5718 καὶ
2263 5667 2341 5728 εἰς
2354 5655 2614 5736 δεύτερον
2634 5655 2726 5717 καὶ
2745 5655 2934 5734 ἀγήρω
2953 5660 3121 5714 αἰῶνα
3139 5655 3537 5728 διασωζόμεθα..

1030 5733 1454 5806 Εὔγνωμοσύνης
1487 5733 1592 5807 γάρ
1636 5733 1768 5803 ἐστι,
1795 5735 1853 5788 τὸ
1954 5733 2052 5792 Ιηΐ.
2079 5733 2202 5805 cap.
2229 5737 2311 5788 10.
2339 5733 2474 5789 Cor.
