3970 6148
271 246 368 302 {SI

1289 317 1295 322 ‘
1393 251 1850 312 CLEMENTINA.
1884 287 1955 300 -—
1988 258 2273 316 IIOMILIA
2306 259 2393 318 III.

3381 257 3485 311 ης

266 361 405 432 ἔφη’
459 355 661 430 Ὁρᾶτε
691 361 794 428 τὰς
823 362 1137 434 οἰκοδομὰς
1172 365 1422 436 taurae;
1475 366 1659 437 Ἀμὴν
1690 367 1823 438 ὑμῖν

1923 375 2078 429 Amen
2111 375 2230 429 dico
2263 373 2428 437 vobis,
2465 372 2601 442 lapis
2630 388 2786 441 super
2811 372 3042 440 lapidem
3075 387 3178 425 non
3215 370 3469 429 relinque-

263 452 423 522 λέγω
443 454 510 518 ’⁸,
545 454 714 519 λίθος
735 454 832 507 ἐπὶ
859 455 1029 509 λίθον
1059 457 1131 510 οὺ
1158 456 1244 527 μὴ
1272 456 1462 526 ἀφεθῇ
1486 451 1630 524 ὧδε,
1660 459 1727 526 ὃς
1757 461 1830 514 οὐ

259 543 348 613 μὴ
383 543 725 613 καθαιρεθιΐ
761 546 858 599 καὶ
887 548 959 600 οὐ
979 546 1065 616 μὴ
1093 548 1356 619 παρέλθῃ
1388 551 1426 618 ἡ
1459 551 1631 619 γενεὰ
1657 550 1829 618 αὕτη,

263 637 368 690 καὶ
402 639 441 706 ἠ
464 638 506 670 ³⁷
539 639 877 705 καθαίρεσις
906 639 1104 708 ἀρχὴν
1129 639 1403 709 λήψεται.
1451 642 1831 700 Ἐλεύσονται

261 731 379 800 τὰρ
398 729 497 784 καί
515 730 822 784 καθιοῦσιν
839 731 1116 795 ἐνταῦθα,
1139 732 1236 785 καὶ
1261 733 1828 802 περιχαρακώσουσι,

261 821 365 874 καὶ
423 822 493 875 τὰ
548 821 729 874 τέκνα
787 821 955 891 ὑμῶν
1007 823 1266 878 ἐνταῦθα
1317 824 1826 894 κατασφάξουσιν.

263 911 458 984 Ὅμως
480 913 571 966 καὶ
592 911 662 965 τὰ
687 911 812 983 ἑξῆς
841 913 1026 984 εἴρηκε
1073 917 1233 984 σαφεῖ
1261 919 1432 986 φωνῇ,
1470 917 1625 970 ἅτινα
1651 917 1831 983 αὐτοῖς

258 1003 558 1074 ὀφθαλμοῖς
588 1005 714 1058 ἰδεῖν
733 1005 778 1037 ⁸⁸
805 1003 998 1076 ἔχομεν
1015 1023 1028 1035 ·
1058 1007 1145 1059 ἵνα
1171 1007 1256 1076 ἐφ’
1278 1000 1352 1061 ὧν
1379 1009 1407 1060 6
1433 1007 1586 1076 λόγος
1607 1007 1828 1078 ἐρρέθη,

257 1096 355 1147 καὶ
379 1096 442 1148 τὸ
466 1095 628 1167 ἔργον
653 1097 894 1168 γένηται.
920 1097 1065 1168 Πρὸς
1084 1097 1192 1168 γὰρ
1217 1098 1395 1152 πίστιν
1417 1099 1720 1153 ἀκουόντων
1741 1100 1830 1155 τὸν

255 1185 414 1255 λόγον
449 1188 554 1259 τῆς
596 1187 921 1252 ἀποδείξεως
947 1191 975 1243 6
1004 1190 1103 1261 τῆς
1147 1188 1401 1260 ἀληθείας
1428 1192 1656 1244 ποιεῖται
1700 1209 1832 1262 προ-

255 1279 456 1350 φήτηςο

324 1368 470 1424 XVI.
513 1371 661 1444 Πλὴν
690 1371 873 1425 πολλοί
894 1372 1000 1426 εἰσι
1025 1373 1124 1444 τῆς
1151 1371 1357 1444 πλάνης
1385 1373 1643 1445 κήρυκες,
1671 1375 1766 1428 ἕνα
1783 1373 1830 1408 ⁹⁹

250 1461 342 1516 τὸν
388 1463 494 1534 τῆς
535 1463 732 1527 κακίας
774 1464 1017 1536 ἡγεμόνα
1057 1464 1299 1535 ἔχοντες·
1331 1458 1377 1533 ᾧ
1413 1464 1554 1535 λόγῳ
1592 1465 1706 1519 ὁ¹⁰⁰
1730 1466 1829 1537 τῆς

250 1555 516 1627 ἀληθείας
539 1555 632 1610 καὶ
668 1555 830 1619 αὐτὸς
855 1549 936 1619 εἷς
968 1555 1044 1610 ὢν
1079 1556 1178 1627 τῆς
1211 1555 1490 1620 εὐσεὸείας
1521 1555 1742 1628 ἡγεμὼν
1770 1557 1827 1610 ὲν

1915 474 2002 520 tur
2035 467 2258 536 bie,-qui
2283 482 2387 520 non
2409 467 2720 520 destruatur
2749 480 2766 518 :
2794 474 2841 518 et
2874 480 2974 518 non
3002 461 3286 530 praeteribit
3319 478 3475 532 θεησ-

1913 560 2052 613 ratio
2093 559 2231 623 Ιιιτο,
2274 558 2401 629 quin
2445 557 2732 612 destructio
2773 556 2986 608 initium
3030 565 3224 610 sumat.
3263 553 3475 608 Venient

1911 652 2050 705 enim
2075 659 2127 704 et
2153 650 2404 704 sedebunt
2427 649 2513 703 hic
2541 658 2592 703 et
2625 648 2764 702 vallo
2797 646 3230 707 circumdabant,
3256 656 3305 699 et
3335 645 3476 713 ﬁlios

1912 753 2106 797 vestros
2128 742 2452 813 jugutabunt
2481 742 2566 794 hic
2593 753 2640 793 α.
2670 739 2880 796 Pariter
2910 740 3056 793 clara
3086 754 3214 792 voce
3245 753 3475 807 sequen-

1915 837 1984 889 tia
2012 834 2385 907 [renuntiavit
2425 849 2547 903 qua:
2589 832 2722 902 ipsis
2764 831 2936 886 oculis
2971 829 3215 883 videmus
3259 845 3272 879 :
3319 837 3375 882 ut
3421 829 3475 882 in

1911 926 2107 994 quibus
2136 939 2315 980 sermo
2340 924 2518 979 dictus
2563 922 2692 989 fuit,
2723 933 2775 979 et
2818 939 2904 977 res
2943 921 3200 976 eveniret.
3228 919 3363 974 Nam
3391 936 3480 974 ve-

1911 1019 2090 1075 ritatis
2115 1017 2373 1088 propheta
2404 1017 2474 1072 ob
2509 1016 2819 1071 auditorum
2850 1015 3011 1070 ﬁdem
3053 1027 3360 1070 sermonem
3387 1012 3482 1068 de-

1913 1107 2320 1165 monstrationis
2352 1105 2499 1161 facit.

1994 1361 2135 1417 XVI.
2179 1361 2566 1420 Verumtamen
2596 1367 2751 1422 multi
2781 1376 2910 1424 sunt
2949 1369 3154 1426 erroris
3179 1385 3478 1441 praecones.

1926 1471 2094 1510 unum
2145 1456 2400 1512 habentes
2437 1459 2653 1514 malitia:
2695 1459 2886 1515 ducem
2924 1479 2938 1514 :
2983 1477 3091 1532 qua
3135 1462 3346 1518 ratione
3391 1465 3483 1533 qui

1925 1563 2069 1603 unus
2099 1548 2343 1605 veritatis
2381 1549 2537 1620 juxta
2575 1565 2641 1607 ac
2682 1552 2901 1621 pietatis
2932 1553 3044 1608 dux
3087 1562 3204 1618 est,
3251 1556 3485 1625 propriis

253 1645 408 1711 ἰδίοις
441 1650 655 1718 καιροῖς
675 1649 801 1711 τοὺς
828 1647 1036 1710 πάντας
1064 1647 1338 1718 καθαροὺς
1363 1646 1682 1718 εὑρεθέντας
1715 1646 1823 1712 ἕξει

1927 1639 2261 1708 ιιειιιροιίὺιιε
2289 1656 2481 1696 omnes
2525 1657 2689 1712 puros
2733 1643 2980 1700 inventos
3005 1644 3225 1700 habebit
3247 1646 3485 1716 propbev-

209 1731 219 1737 ”
249 1715 562 1808 προφήτας.
603 1738 666 1792 Ἠ
687 1738 745 1792 δὲ
775 1738 941 1810 πολλὴ
963 1738 1071 1792 τῶν
1101 1715 1526 1811 πεπλανημένων
1553 1739 1699 1792 αἰτία
1727 1739 1822 1808 γέ-

1927 1740 2029 1784 tas.
2061 1727 2335 1802 Prtecipua
2361 1748 2491 1787 vero
2511 1734 2713 1788 erroris
2735 1735 3030 1790 multorum
3054 1751 3218 1792 causa
3243 1715 3362 1792 haec
3378 1746 3483 1805 est,

246 1845 412 1897 γονεν
443 1827 583 1901 αὕτη
603 1829 622 1860 ¹
641 1846 656 1862 ’
702 1829 765 1884 τὸ
809 1831 882 1901 μὴ
913 1831 1174 1902 πρότερον
1203 1831 1392 1902 νοῆσαι
1419 1831 1509 1884 τδν
1535 1830 1632 1902 τῆς
1659 1831 1821 1894 συζυ-

246 1920 381 1988 γίας
402 1919 581 1989 λόγον,
616 1921 674 1975 ὃν
709 1921 814 1993 ἰδία
844 1923 970 1993 ὑμῖν
999 1922 1254 1976 ἑκάστοτε
1282 1924 1342 1976 οὐ
1373 1923 1652 1994 παύσομαι
1677 1925 1822 1978 ὲκτι-

246 2010 481 2081 θέμενος
505 2011 884 2081 κεφαλαιωδῶς
901 2030 914 2044 ·
939 2013 1072 2065 πολὺ
1099 2013 1206 2084 γὰρ
1226 2014 1287 2066 τὸ
1311 2016 1430 2067 κατ’
1460 2009 1598 2078 εἶδος
1623 2015 1816 2083 λέγειν.

257 2086 455 2174 Ὑμεῖς
497 2097 591 2158 οὖν
631 2104 738 2158 τῶν
785 2105 1088 2177 λεγομένων
1131 2105 1356 2174 γένεσθέ
1396 2123 1485 2177 μοι
1514 2107 1822 2178 φιλαληθεῖς

247 2194 459 2265 κριταί.

317 2287 436 2356 86
461 2285 622 2341 XVII.
650 2287 826 2341 Τοῢδὲ
856 2288 1036 2356 λέγειν
1060 2289 1292 2360 ἄρξομαι
1321 2289 1445 2360 ἤδη.
1483 2287 1618 2343 Θεθῦ
1638 2289 1732 2342 τοῦ
1753 2287 1823 2344 τὰ

247 2378 434 2431 πάντα
467 2380 826 2450 πεποιηκότος
852 2381 916 2433 τὸ
946 2379 1087 2450 μέγα
1119 2381 1213 2433 καὶ
1249 2381 1403 2448 ἅγιον
1441 2381 1540 2452 τῆς
1577 2379 1822 2452 προγνώ-

249 2486 396 2532 σεως
426 2469 591 2522 αὑτοῦ
620 2470 836 2541 πνεῦμα
863 2471 911 2523 εἰ
945 2470 1020 2541 μὴ
1051 2471 1128 2542 τῷ
1157 2472 1260 2524 ὑπὸ
1287 2471 1482 2543 χειρῶν
1506 2471 1670 2525 αὑτοῦ
1695 2489 1822 2525 κυο-

247 2559 544 2631 φορηθέντι
564 2560 833 2631 ἀνθρώπῳ
850 2561 960 2633 δῴη
979 2579 1063 2625 τις
1083 2563 1390 2633 ἐσχηκέναι,
1418 2562 1533 2626 πῶς
1553 2561 1631 2615 ἔτι
1653 2563 1822 2634 ἑτέρῳ

246 2669 326 2723 τῳ
346 2654 368 2684 ⁸
398 2655 464 2705 ὲκ
500 2655 746 2724 μυσαρᾶς
772 2653 1028 2722 σταγόνος
1061 2654 1366 2726 γεννηθέντι
1394 2657 1422 2708 6
1449 2655 1732 2726 ἀπονέμων
1760 2657 1822 2708 οὐ

247 2746 316 2799 τὰ
355 2745 591 2816 μέγιστα
617 2746 915 2818 ἁμαρτάνει
935 2745 1072 2810 ;Καί
1098 2746 1197 2798 οὐκ
1225 2741 1374 2816 οἶμαι
1405 2746 1567 2798 αὐτὸν
1591 2745 1825 2815 συγγνὼ-

253 2854 362 2908 μης
389 2837 681 2907 τυγχάνειν
701 2838 742 2901 ³,
789 2837 890 2892 κᾶν
944 2835 1050 2890 ὑπὸ
1081 2836 1232 2890 νόθου
1280 2838 1502 2908 Γραφῆς
1541 2837 1681 2891 κατὰ
1728 2838 1821 2891 τοῦ

250 2929 471 2982 πάντων
496 2928 707 2999 Πατρδς
726 2928 877 2982 δεινά
903 2931 1040 2981 νοεῖν
1065 2927 1394 3000 ἀπατηθείηο
1427 2931 1456 2982 6
1482 2929 1590 3000 γὰρ
1617 2930 1819 2994 εἰκόνα,

1927 1822 2073 1891 quod
2104 1839 2209 1878 non
2246 1825 2398 1894 prius
2433 1826 2833 1897 coniugationis
2861 1828 3165 1884 doctrinam
3202 1831 3483 1886 intellexe-

1923 1923 2070 1977 runt,
2105 1931 2268 1984 quam
2301 1916 2458 1972 vobis
2489 1932 2734 1972 seorsum
2771 1934 2880 1974 non
2913 1920 3140 1975 cessabo
3178 1920 3485 1991 frequenter

1920 2013 1975 2059 et
2003 2007 2314 2060 summatim
2347 2023 2638 2077 exponere.
2685 2008 2933 2081 Longum
2974 2011 3120 2065 enim
3153 2023 3236 2067 est
3271 2013 3483 2082 singula

1922 2096 2120 2152 dicere.
2155 2097 2265 2152 Vos
2292 2098 2458 2169 igitur
2486 2100 2839 2156 dicendorum
2877 2103 3012 2157 mihi
3044 2112 3216 2159 estote
3241 2105 3483 2172 veritatis

1922 2198 2169 2244 amantes
2193 2189 2426 2259 judices.

1991 2277 2153 2332 XVII.
2182 2277 2301 2333 Jam
2335 2294 2466 2334 vero
2493 2279 2671 2334 dicere
2701 2280 2976 2350 incipiam.
3006 2281 3064 2336 Si
3095 2283 3220 2351 quis
3249 2283 3480 2347 h‘omini,

1906 2385 1952 2424 -a
1980 2368 2075 2424 Dei
2105 2370 2349 2424 omnium
2381 2371 2623 2426 auctoris
2647 2372 2901 2427 manibus
2931 2372 3186 2436 formato,
3218 2390 3325 2428 non
3354 2390 3486 2430 con-

1921 2463 2186 2530 cesserit,
2231 2480 2488 2535 magnum
2539 2473 2594 2518 et
2641 2474 2891 2519 sanctum
2937 2467 3288 2535 praescientite
3339 2469 3484 2525 illius

1922 2557 2172 2625 spiritum
2205 2557 2504 2626 possidere,
2531 2572 2641 2626 quo
2677 2557 2861 2623 modo,
2906 2558 2951 2612 si
2994 2559 3148 2612 alteri
3176 2574 3241 2612 ex
3271 2559 3482 2629 impura

1921 2648 2090 2716 stirpe
2131 2657 2258 2703 nato
2305 2649 2354 2703 id
2405 2649 2677 2714 tribuerit,
2707 2664 2818 2704 non
2855 2649 3146 2719 plurimum
3179 2651 3486 2708 aberrabit?

1921 2735 2030 2793 Nec
2061 2739 2136 2792 illi
2168 2749 2300 2808 puto
2333 2741 2542 2794 veniam
2594 2741 2827 2796 dandam
2850 2782 2866 2807 ,
2899 2742 3022 2797 licet
3065 2743 3134 2797 ab
3178 2745 3482 2802 adulterina

1925 2828 2202 2901 Scriptura
2230 2833 2283 2886 in
2320 2831 2564 2887 fraudem
2592 2833 2846 2888 inductus
2874 2835 2965 2898 sit,
2999 2842 3058 2888 ut
3081 2836 3340 2898 adversus
3365 2853 3483 2890 om-

1925 2922 2076 2977 nium
2107 2921 2318 2977 Patrem
2349 2925 2485 2978 dura
2513 2925 2793 2995 cogitaret.
2827 2924 2930 2991 Qui
2972 2927 3117 2980 enim
3167 2927 3482 2999 imaginem,

249 3020 344 3072 καὶ
373 3020 552 3073 ταῦτα
591 3019 807 3073 αἰωνίου
837 3018 1120 3090 βασιλέως,
1151 3018 1398 3114 Meurig,
1425 3020 1524 3109 τῂν
1554 3021 1820 3093 ἁμαρτίαν

1925 3029 2155 3084 eamque
2197 3015 2383 3069 atterni
2416 3013 2600 3086 Regis,
2649 3015 2888 3071 aﬂ'ecerit
2917 3016 3136 3086 injuria,
3172 3028 3394 3088 peccato
3425 3036 3484 3075 se

250 3109 330 3172 εἰς
370 3111 582 3164 ἐκεῖνον
608 3109 1014 3182 ἀναφερομένην
1040 3109 1174 3179 ἔχει,
1207 3102 1380 3182 οὗπερ
1419 3102 1538 3165 καθ’
1566 3112 1821 3182 ὁμοίωσιν

1925 3106 2243 3175 implicabit,
2274 3107 2328 3160 in
2356 3123 2481 3162 eum
2509 3107 2815 3175 referendo,
2865 3109 2931 3163 ad
2963 3109 3121 3179 cujus
3168 3112 3482 3167 similitudi-

251 3201 285 3270 ἠ
312 3199 478 3255 εἰκὼν
505 3200 797 3271 ἐτύγχανεν
824 3197 976 3254 οὖσα.
1019 3200 1198 3265 Ἀλλὰ,
1228 3202 1411 3272 φησὶν,
1436 3203 1823 3274 ἀμαρτήσαντα

253 3292 547 3346 κατέλειπε
571 3292 633 3345 τὸ
671 3291 813 3344 θεῖον
841 3289 1075 3362 πνεῦμα.
1104 3292 1311 3346 Οὐκοῦν
1338 3295 1702 3365 συνήμαρτεν·
1729 3297 1824 3350 καὶ

249 3382 370 3448 πῶς
409 3386 440 3439 6
489 3382 650 3436 τοῦτο
690 3382 862 3452 λέγων
905 3383 965 3437 οὐ
1006 3383 1340 3449 κινδυνεύει;
1383 3384 1543 3438 Ἀλλά
1591 3386 1726 3456 μετά
1761 3387 1825 3440 τὸ

251 3474 568 3548 ἀμαρτῆσαι
595 3475 807 3546 εἰλήφει
831 3475 894 3528 τὸ
921 3475 1152 3546 πνεῦμα.
1204 3475 1432 3540 Ἀδίκοις
1455 3477 1562 3549 ἀρα
1588 3477 1821 3532 δέδοταιο

249 3568 344 3620 καὶ
371 3567 481 3621 ποῦ
510 3567 570 3620 τὸ
609 3567 847 3634 δίκαιον;
895 3567 1054 3620 Ἀλλά
1092 3567 1322 3632 δικαίοις
1347 3570 1441 3622 καὶ
1469 3569 1671 3633 ἀδίκοις
1700 3573 1821 3624 ἑπι-

247 3661 584 3730 χορηγεῖται.
625 3659 794 3713 Τοῦτο
836 3659 1054 3713 πάντων
1095 3659 1443 3713 ἀδικώτατον.
1489 3659 1674 3725 Οὕτως
1715 3663 1822 3715 πᾶν

246 3747 492 3821 ψεῦσμα,
523 3750 627 3805 κᾶν
655 3751 876 3822 μυρίαις
897 3752 1160 3814 ἐπινοίαις
1185 3751 1460 3823 βοηθῆται,
1487 3752 1578 3806 τὸν
1607 3751 1823 3824 ἔλεγχον

250 3839 355 3895 κᾶν
381 3844 442 3896 ὲν
481 3843 672 3915 μακρῷ
699 3843 873 3915 χρόνῳ
898 3843 1081 3897 λαϐεῖν
1105 3843 1206 3916 ἔχῃ
1227 3847 1269 3898 ⁸.

318 3933 364 3987 Χ
377 3934 509 3989 VIII.
540 3936 629 4007 Μὴ
651 3935 952 3990 ἀπατᾶσθε.
989 3936 1046 3990 '0
1065 3937 1254 4007 Πατὴρ
1273 3937 1306 4008 ἡ
1315 3937 1427 4007 μῶν
1444 3937 1595 3991 οὐδὲν
1617 3937 1819 4008 ἠγνόει.

265 4024 456 4081 Ὁπότε
477 4027 573 4080 καί
591 4029 618 4081 6
638 4027 872 4100 δημοσίᾳ
894 4029 1146 4099 κείμενος
1165 4028 1346 4099 νόμος,
1369 4029 1618 4099 ἀγνοίας⁸
1636 4031 1825 4102 ἐγκλή-

259 4133 388 4186 ματι
427 4119 521 4174 διά
561 4121 687 4184 τοὺς
734 4119 982 4185 ἀναξίους
1014 4121 1230 4174 σκέπων
1259 4121 1440 4184 αὑτὸν,
1492 4121 1659 4185 τοὺς⁸
1688 4123 1821 4193 ἀλη-

254 4206 402 4274 θείας
425 4209 780 4282 γλιχομένους
803 4213 888 4265 ὲπ’
908 4212 1067 4265 αὑτὸν
1097 4211 1405 4282 ἀναπέμπει
1429 4211 1602 4280 λέγων
1617 4229 1632 4244 ο
1667 4212 1823 4277 Ἐξέ-

252 4317 440 4358 τασον
471 4304 579 4358 τὸν
605 4304 827 4374 πατέρα
857 4319 972 4360 σου
1002 4304 1100 4358 καὶ
1129 4304 1253 4373 ἐρεῖ
1272 4321 1389 4369 σοι,
1405 4304 1546 4370 τοὺς
1567 4308 1823 4373 πρεσϐυ-

1920 3211 2044 3250 nem
2076 3196 2254 3266 imago
2277 3198 2366 3251 illa
2396 3197 2536 3252 facta
2561 3209 2663 3254 est.
2690 3199 2815 3265 Sed,
2839 3201 3035 3270 inquit,
3060 3212 3181 3272 post
3204 3216 3480 3273 peceatum

1923 3287 2139 3358 reliquit
2176 3288 2324 3342 illum
2357 3289 2574 3344 divinus
2609 3289 2868 3360 Spiritus.
2901 3293 3064 3362 Igitur
3081 3310 3204 3348 cum
3237 3297 3328 3349 illo
3356 3313 3483 3366 pec-

1921 3380 2064 3434 cavit
2092 3398 2104 3433 :
2137 3389 2189 3434 et
2212 3396 2322 3449 quo
2348 3388 2528 3450 pacto,
2554 3383 2648 3451 qui
2677 3383 2780 3437 hoc
2803 3382 2954 3449 dicit,
2985 3399 3090 3438 non
3113 3386 3485 3453 periclitatur?

1924 3468 2028 3525 Sed
2055 3481 2340 3541 postquam
2379 3473 2656 3541 peccavit,
2701 3475 2910 3544 accepit
2937 3475 3212 3546 spiritum.
3262 3477 3482 3548 Injustis

1921 3579 2051 3634 ergo
2079 3566 2312 3620 traditur
2336 3582 2348 3618 :
2379 3576 2432 3621 et
2457 3566 2550 3620 ubi
2574 3566 2824 3636 justitia?
2859 3568 2962 3624 Sed
2985 3569 3148 3639 justis
3174 3586 3237 3626 ac
3265 3573 3484 3642 injustis

1921 3657 2316 3726 suppeditatur.
2369 3656 2424 3711 Id
2473 3658 2718 3712 omnium
2772 3660 3195 3729 injustissimum
3237 3673 3339 3718 est.
3390 3663 3485 3720 Sic

1921 3749 2201 3818 quodlibet
2239 3750 2582 3804 mendacium
2604 3792 2620 3815 ,
2647 3751 2795 3807 mille
2829 3753 2952 3808 licet
2982 3753 3266 3824 adjuvetur
3314 3771 3479 3811 exco-

1923 3841 2296 3910 gitationibus,
2331 3841 2757 3898 confutationem
2788 3844 3005 3899 demum
3040 3846 3318 3902 sortietur.

1991 3930 2178 3986 XVIII.
2220 3932 2298 3988 Ne
2328 3935 2696 4004 decipiamini.
2727 3934 2932 3992 Parens
2963 3946 3146 3992 noster
3169 3938 3302 3992 nihil
3325 3939 3483 4012 igno-

1921 4025 2083 4079 ravit.
2119 4024 2574 4095 Quandoquidem
2610 4036 2665 4082 et
2698 4028 2915 4097 publice
2961 4029 3138 4097 posita
3186 4030 3272 4085 lex
3296 4073 3312 4098 ,
3359 4048 3488 4101 quze

1921 4117 2074 4171 illum
2101 4117 2418 4188 ignorantia:
2450 4120 2610 4189 culpa
2639 4121 2709 4173 ob
2738 4119 2990 4190 indignos
3019 4130 3229 4188 onerat,
3261 4133 3481 4192 propter

1920 4211 2168 4266 veritatis
2197 4211 2424 4281 cupidos
2470 4212 2538 4266 ad
2563 4210 2806 4266 eumdem
2851 4211 3096 4279 remittit,
3125 4213 3308 4269 dicens
3338 4233 3352 4269 :
3381 4214 3480 4270 In—

1924 4314 2130 4374 terroga
2178 4315 2382 4374 patrem
2432 4315 2582 4358 tuum
2620 4311 2672 4357 et
2705 4303 2841 4357 dicet
2875 4303 2999 4368 tibi,
3031 4305 3256 4358 seniores
3289 4314 3404 4359 tuos
3430 4318 3480 4362 et

252 4391 460 4462 τέρους
494 4410 629 4460 σου,
674 4396 772 4449 καὶ
803 4396 1205 4466 ἁναγτελοῦσί
1223 4397 1243 4428 ⁷
1276 4413 1391 4451 σοι.
1424 4395 1624 4450 Τοῦτον
1651 4397 1818 4468 ὲχρῆν

1923 4397 2304 4451 anmmtiabunt
2339 4395 2434 4449 tibi
2470 4397 2519 4451 ι).
2575 4391 2732 4451 Hunc
2799 4396 3083 4466 oportebat
3122 4406 3351 4466 patrem,
3379 4397 3482 4453 bos

168 4551 172 4554 _
253 4483 341 4538 τὸν
373 4488 584 4560 πατέρα
611 4486 858 4560 ζητῆσαι,
887 4489 1108 4552 τούτους
1131 4489 1258 4551 τοὺς
1291 4487 1692 4560 πρεσϐυτέρους
1711 4491 1824 4541 ὲπι-

254 4572 480 4647 ζητῆσαι
499 4581 541 4634 ⁸.
587 4580 725 4633 Ἀλλ’
751 4581 852 4633 οὐκ
884 4581 1170 4652 ἐζήτησας,
1201 4578 1343 4642 τίνος
1371 4579 1516 4632 ἐστὶν
1545 4580 1573 4632 6
1596 4579 1694 4650 τῆς
1723 4578 1820 4648 βα-

257 4668 456 4735 σιλείας
483 4672 699 4744 χρόνος,
728 4671 872 4735 τίνος
897 4673 930 4743 ή
955 4673 1064 4742 87
1086 4671 1184 4742 τῆς
1203 4669 1538 4742 προφητείας
1565 4670 1820 4742 καθέδρα,

256 4759 431 4813 καίτοι
470 4763 631 4817 αὑτοῦ
661 4764 850 4816 ἑαυτὸν
886 4762 1176 4834 μηνύοντος
1203 4760 1280 4832 τῷ
1311 4761 1517 4830 λέγειν’
1562 4761 1693 4815 Ἐπὶ
1712 4761 1819 4830 τῆς

255 4853 541 4921 καθέδρας
567 4857 862 4922 Μωῢσέως
892 4855 1199 4924 ἐκάθησαν
1219 4855 1240 4886 ⁹
1262 4855 1692 4924 οἰΓραμματεῖς
1722 4855 1820 4910 καὶ

255 4942 310 4993 οἱ
363 4946 692 5012 Φαρισαῖοι·
750 4947 945 5003 πάντα
993 4948 1107 5002 οὖν
1165 4946 1282 5000 ὅσα
1338 4947 1596 5016 λέγωσιν
1645 4947 1818 5016 ὑμῖν,

266 5104 274 5117 ·
317 5094 345 5124 ι
362 5083 555 5142 Matth.
579 5102 724 5153 xxxv,
746 5088 802 5154 2,
828 5087 927 5154 34;
959 5085 1095 5143 Luc.
1127 5099 1242 5154 nx,
1266 5085 1356 5141 43.
1431 5084 1462 5126 δ
1489 5083 1646 5141 Deut.
1681 5085 1853 5154 nni,
1879 5085 1931 5140 7.

1923 4489 2168 4544 seniores
2203 4503 2466 4558 quterere.
2506 4487 2611 4542 Sed
2643 4502 2750 4542 non
2775 4488 3062 4558 quaesiisti,
3092 4492 3377 4556 cuiusnam
3410 4491 3484 4546 sit

1920 4587 2135 4649 tempus
2166 4580 2338 4650 regni,
2361 4580 2645 4650 cujusnam
2667 4582 2961 4649 prophetiae
2982 4581 3256 4635 cathedra.
3274 4580 3479 4646 Quam-

1921 4671 2004 4726 vis
2054 4671 2168 4740 ipse
2211 4672 2448 4740 seipsum
2493 4671 2760 4741 signiﬁcet
2788 4672 3019 4727 dicendo
3051 4689 3064 4723 :
3098 4671 3266 4742 Super
3293 4673 3474 4727 cathe-

1923 4763 2074 4816 drant
2108 4762 2306 4832 Moysis
2337 4764 2579 4817 sederunt
2620 4762 2818 4818 Sc’riba:
2865 4775 2912 4818 et
2964 4763 3226 4818 Phariswi
3255 4780 3275 4818 :
3303 4767 3483 4820 omnia

1921 4855 2106 4924 igitur,
2151 4870 2468 4923 quoscunque
2509 4854 2740 4908 dixerint
2789 4856 2972 4920 vobis,
3032 4854 3215 4910 audite
3277 4856 3397 4911 illos
3430 4870 3478 4914 ο.

1927 4945 2059 5000 Illos
2107 4956 2286 5001 autem
2331 4946 2500 5012 dixit,
2550 4946 2697 5001 velut
2741 4961 2870 5014 eos,
2899 4946 3100 5017 quibus
3127 4949 3331 5006 credita
3363 4961 3484 5008 erat

2009 5097 2030 5125 α
2065 5084 2256 5140 Matth.
2297 5099 2454 5151 mu,
2492 5083 2550 5153 2,
2588 5082 2642 5140 3.

1526 5241 1762 5298 VARle
1829 5241 2231 5299 LECTIONES.

327 5383 373 5413 “
405 5384 546 5454 λέγω
581 5398 701 5454 om.
720 5382 787 5439 0.
840 5383 1146 5454 f'ilnserui

1178 5384 1210 5453 ῂ
1238 5397 1288 5453 (ζ.
1315 5379 1378 5438 0.
1406 5452 1411 5453 ν
1454 5382 1498 5414 ⁸⁸
1533 5380 1720 5453 ἰδεῖνῨΟ
1771 5398 1819 5435 (⁵.
1855 5383 1893 5437 S
1921 5423 1935 5448 ,
1965 5384 2124 5453 ef'o‘etv
2151 5383 2211 5439 C.
2288 5385 2333 5416 9’
2366 5383 2443 5439 Ita
2465 5383 2509 5439 Ο
2555 5399 2604 5440 c.
2631 5383 2694 5444 Ι),
2720 5385 2807 5439 ἵνα
2851 5383 2913 5440 ε.
2958 5382 3070 5438 Cft‘.
3106 5385 3251 5440 hom.
3301 5400 3395 5448 vn,
3423 5387 3481 5442 3.

263 5452 374 5526 ξοθό
396 5448 706 5526 deprompsi
732 5470 800 5509 ex
827 5450 891 5507 Ο.
914 5453 1112 5526 Ibidem
1143 5448 1221 5516 εἰς
1247 5451 1321 5526 ᾣν
1337 5452 1429 5526 καί
1455 5453 1614 5526 αὐτός
1641 5452 1702 5526 C:
1783 5453 1948 5523 ἀὕτη
1982 5452 2101 5526 8,λο
2130 5495 2145 5519 ,
2174 5455 2310 5526 agri;
2333 5455 2395 5509 (Σ.
2471 5456 2578 5510 ‘Ita
2602 5453 2658 5509 S.
2681 5455 2794 5509 Cir.
2827 5455 2972 5526 hom.
3004 5471 3084 5526 ιιι.
3109 5453 3199 5508 28.
3223 5454 3300 5526 τῷ
3332 5453 3478 5526 (2,0.

263 5519 548 5595 {sonitm
579 5519 668 5595 φ’,
700 5539 783 5595 pr.
808 5539 954 5595 man.
1031 5525 1054 5554 δ
1083 5522 1220 5595 Lege
1263 5521 1454 5595 ἔχειὸ.
1517 5521 1640 5595 'Ita
1665 5520 1709 5576 Ο
1752 5531 1817 5595 et
1839 5539 1903 5577 ex
1932 5519 2162 5595 conject.
2202 5523 2244 5578 C
2274 5519 2418 5592 ,'euj.
2442 5533 2622 5595 textus
2648 5525 2856 5594 ἀγνοία.
2903 5523 3016 5579 Cfr.
3049 5525 3195 5595 hom.
3231 5519 3290 5591 ιι,
3318 5524 3384 5581 48
3422 5537 3480 5582 et

263 5587 346 5666 §8.
384 5587 558 5666 :‘frije
579 5587 661 5649 O.’
701 5587 742 5626 ’⁷
764 5593 946 5666 ἐροῦσι
976 5598 1036 5645 Ο.
1111 5595 1132 5624 ³
1164 5587 1432 5666 Vocabula
1478 5593 1694 5656 τούτους
1743 5593 1868 5656 τοὺς
1918 5587 2316 5666 πρεσϐυτέρους
2341 5587 2660 5665 ἐπιζητῆσαι
2695 5587 2884 5666 ἰεςορί
2916 5613 2978 5651 ex
3003 5595 3064 5651 Ο.
3098 5587 3286 5652 Matth.
3319 5612 3478 5666 una,

266 5657 317 5711 2.
382 5663 402 5694 ⁹
439 5657 721 5722 ὲκᾶθεισαν
750 5657 838 5735 θ’,
878 5680 942 5721 cx
983 5679 1091 5736 quo
1115 5663 1334 5733 adjunxi
1363 5659 1471 5716 οὖν.
