3970 6148
493 249 592 304 125
1332 243 1390 299 S.
1432 239 1823 298 CLEMENTIS
1853 239 1874 293 1
1905 237 2071 294 ROM.
2113 236 2306 294 PONT.
2346 235 2572 292 OPEIIA
2607 233 2832 290 DUBIA.
3604 230 3738 288 126

485 361 653 417 clavis
685 359 858 429 regni,
889 359 991 412 hoc
1027 365 1124 411 est.
1137 355 1398 426 cognitio,
1424 369 1546 424 quae
1575 353 1688 407 sola
1709 359 1880 422 potest
1911 367 2034 420 ape-

2157 348 2383 402 ὶκούετε
2431 346 2645 404 αὐτῶν.
2691 346 2897 400 Αὐτῶν
2939 344 2994 398 δὲ
3017 384 3032 409 ,
3080 339 3249 407 εἶπεν,
3281 343 3358 407 ὡς
3383 342 3482 414 τὴν
3521 343 3738 400 κλεῖδα

488 454 595 507 rire
628 452 751 506 vita:
791 460 998 520 portam
1022 489 1038 514 ,
1065 464 1160 518 per
1191 463 1354 517 quam
1385 447 1556 501 solam
1591 446 1644 499 in
1674 445 1839 499 vitam
1888 452 2042 498 teter-

2157 439 2242 508 εῆς
2284 437 2559 508 βασιλείας
2601 435 3076 508 πεπιστευμένων,
3122 436 3244 506 ἥτις
3271 435 3388 488 ἐστὶ⁴
3421 435 3648 504 γνῶσις,
3686 437 3732 506 ἢ

488 559 610 597 nam
659 542 823 597 datur
863 540 1094 610 ingredi.
1127 537 1229 594 Sed
1257 538 1334 592 ait
1367 557 1379 592 :
1414 537 1556 591 Sane
1583 537 1788 590 clavem
1823 534 2039 604 quidem

2157 530 2280 600 μόνη
2305 528 2403 600 τὴν
2439 529 2612 600 πύλην
2655 529 2754 599 τῆς
2792 527 2935 599 ζωῆς
2983 526 3186 593 ἀνοῖξαι
3235 526 3455 580 δύναται
3480 566 3495 590 ,
3540 527 3609 581 δι’
3642 521 3733 597 ἧς

487 632 792 706 possident,
822 642 878 688 at
903 634 1108 688 intrare
1137 631 1442 686 volentibus
1473 645 1581 684 non
1605 629 1866 699 praebent.

2157 621 2312 692 μόνης
2342 624 2420 685 εἰς
2458 622 2557 693 τὴν
2604 620 2824 674 αἰωνίαν
2865 619 3009 691 ζωὴν
3048 618 3304 672 εἰσελθεῖν
3335 618 3502 672 ἐστιν.
3547 618 3732 671 Ἀλλά

1463 715 1467 718 ’
2143 714 2249 776 ναὶ,
2281 713 2463 783 φησὶν,
2495 712 2755 784 κρατοῦσι
2788 712 2885 782 μὲν
2905 711 2948 742 ¹⁰
2977 711 3074 782 τῆν
3104 711 3272 774 κλεῖν,
3299 711 3410 773 τοῖς
3438 709 3493 761 δὲ
3521 707 3727 779 βουλο-

2147 807 2325 876 μένοις
2351 805 2611 859 εἰσελθεῖν
2637 805 2698 858 ού
2729 803 3076 875 παρέχουσιν.

2210 895 2354 951 XIX.
2393 895 2492 948 Διά
2519 895 2699 958 τοῦτο,
2737 895 2898 965 φημὶ,
2931 893 3091 957 αὐτὸς
3117 893 3217 962 τῆς
3255 890 3520 962 καθέδρας
3551 891 3725 960 ἐγερ-

2145 986 2260 1049 θεὶς
2280 985 2345 1050 ¹¹,
2375 987 2452 1050 ὡς
2481 986 2660 1057 πατὴρ
2705 985 2846 1055 ὑπὲρ
2881 984 3114 1048 τέκνων,
3146 983 3214 1036 τὰ
3241 983 3335 1050 ἀπ’
3360 983 3400 1014 ¹¹
3429 981 3624 1044 αἰῶνος
3655 982 3726 1035 ἐν

2145 1077 2369 1149 κρυπτῷ
2404 1077 2573 1141 ἀξίοις
2602 1076 2997 1147 παραδιδόμενα
3043 1074 3350 1146 κηρύσσων,
3389 1073 3581 1143 μέχρις
3605 1071 3722 1125 αὑ-

2143 1170 2250 1223 τῶν
2281 1168 2448 1222 ἐθνῶν
2493 1169 2584 1221 τὸν
2633 1167 2778 1221 ἔλεον
2828 1166 3082 1220 ἐκτείνων
3140 1165 3233 1218 καὶ
3274 1163 3450 1234 ψυχὰς
3493 1163 3724 1217 πάντων

2146 1259 2330 1323 ἐλεῶν,
2368 1259 2495 1312 ἰδίου
2525 1259 2753 1329 αἵματος
2793 1257 3004 1328 ἠμέλει.
3045 1255 3340 1318 Μέλλοντος
3377 1253 3484 1325 γὰρ
3516 1253 3724 1316 αἰῶνος

2149 1350 2397 1420 βασιλεὺς
2443 1345 2577 1403 εἶναι
2606 1348 3009 1419 κατηξιωμένος
3059 1347 3196 1418 πρὸς
3231 1347 3321 1399 τὸν
3364 1344 3458 1399 νῦν
3505 1345 3724 1415 ἐμπρό-

2147 1441 2346 1512 θεσμος
2370 1441 2413 1472 ⁸³
2444 1441 2814 1513 παρειληφότα
2843 1439 2991 1511 νόμῳ
3033 1439 3131 1509 τὴν
3183 1436 3475 1508 βασιλείαν.
3506 1437 3620 1489 Καὶ
3649 1437 3721 1490 τὸ

2150 1533 2400 1602 μέγιστον
2430 1533 2565 1603 ὅπερ
2586 1533 2746 1586 αὑτὸν
2773 1531 2890 1584 λίαν
2911 1529 3096 1583 ἐλύπει
3123 1531 3238 1582 ἐστὶ
3263 1529 3438 1593 τοῦτο,
3461 1530 3540 1583 ὅτι
3569 1529 3721 1601 ὑπὲρ

2146 1615 2220 1677 ὧν
2246 1623 2322 1687 ὡς
2343 1623 2546 1676 τέκνων
2572 1623 2670 1694 τὴν
2699 1623 2875 1693 μάχην
2896 1623 3144 1686 ἐποιεῖτο,
3175 1623 3265 1675 ὑπ’
3291 1621 3466 1674 αὐτῶν
3494 1621 3720 1689 ἀγνοίας

2145 1715 2294 1785 αἰτίᾳ
2321 1715 2652 1785 ἐπολεμεῖτο.
2685 1714 2795 1767 Καὶ
2828 1716 2976 1784 ὅμως
3007 1713 3197 1784 ἠγάπα
3227 1713 3320 1766 καὶ
3345 1714 3470 1775 τοὺς
3495 1712 3719 1782 μισοῦν-

2145 1824 2263 1871 τας,
2291 1807 2383 1860 mi.
2411 1806 2590 1860 ἔκλαιε
2613 1806 2656 1837 ίδ
2675 1808 2801 1870 τοὺς
2828 1807 3202 1871 ἀπειθοῦντας,
3225 1807 3320 1860 καὶ
3351 1806 3559 1873 εὐλόγει
3585 1806 3718 1868 τοὺς

2147 1897 2528 1969 λοιδοροῦντας,
2546 1896 2740 1968 ηὔχετο
2757 1898 2896 1968 ὑπὲρ
2915 1897 3008 1967 ἐχθ
3017 1897 3317 1968 ραινόντων.
3340 1897 3450 1948 Καὶ
3467 1896 3528 1948 οὐ
3553 1895 3713 1966 μόνον

2147 1989 2317 2042 ταῦτα
2358 1989 2530 2042 ἐποίει
2567 1989 2644 2052 ὡς
2680 1988 2879 2060 πατὴρ,
2909 1987 3045 2041 ἀλλά
3072 1987 3167 2041 καὶ
3190 1987 3316 2051 τοὺς
3345 1986 3505 2040 αὑτοῦ
3534 1986 3712 2057 μαθη-

2147 2079 2329 2145 τάςίδ,
2373 2080 2448 2143 ὡς
2479 2080 2616 2152 πρὸς
2647 2080 2906 2149 ἀδελφοὺς
2938 2079 3187 2150 ἔχοντας,
3231 2078 3302 2132 τὰ
3338 2080 3498 2150 ὅμοια
3541 2081 3716 2132 ποιεῖν

2148 2171 2442 2224 ἐδίδασκεν.
2471 2170 2582 2241 88
2614 2169 2783 2224 Τοῦτο
2813 2171 3013 2242 πατὴρ,
3047 2170 3202 2224 τοῦτο
3227 2172 3526 2242 προφήτης·
3556 2170 3718 2224 τοῦτο

2149 2262 2366 2332 εὔλογον
2395 2263 2454 2316 τὸ
2478 2262 2638 2316 αὐτὸν
2667 2264 2809 2318 ἰδίων
2835 2263 3037 2316 τέκνων
3068 2263 3406 2333 βασιλεῦσαι,
3441 2263 3526 2315 ἵνα
3553 2265 3620 2333 τῇ
3651 2265 3718 2317 ἐκ

2151 2353 2354 2425 πατρὸς
2381 2354 2518 2426 πρὸς
2547 2355 2711 2408 τέκνα
2749 2357 2946 2425 στοργῇ
2977 2355 3070 2406 καὶ
3096 2354 3202 2407 τῶν
3229 2353 3431 2407 τέκνων
3459 2353 3596 2424 πρὸς
3621 2354 3718 2406 τὸν

559 885 700 942 XIX.
738 885 967 958 Propter
997 888 1123 954 hoc,
1151 888 1397 957 inquam,
1429 889 1545 958 ipse
1574 904 1604 943 e
1639 887 1897 942 cathedra
1922 903 2045 942 sur-

489 993 641 1047 gens,
668 979 814 1033 velut
841 989 992 1049 pater
1017 995 1114 1049 pro
1140 979 1284 1041 ﬁliis,
1314 994 1434 1048 qua:
1462 996 1492 1034 a
1522 980 1721 1035 szeculo
1749 979 1802 1033 in
1830 981 2044 1034 occulto

395 1121 398 1127 .
488 1069 666 1139 dignis
695 1080 822 1125 sunt
845 1073 1036 1126 tradita
1067 1072 1385 1141 prardicans,
1418 1071 1842 1127 misericordiam
1873 1087 2046 1140 usque

489 1161 555 1216 ad
596 1161 741 1230 ipsas
786 1172 970 1233 gentes
1019 1165 1353 1229 extendens,
1401 1165 1764 1233 misertusque
1802 1163 2042 1216 omnium

490 1253 795 1308 animarum
822 1293 837 1318 ,
879 1255 1158 1324 proprium
1207 1255 1526 1322 sanguinem
1570 1255 1822 1324 neglexit.
1856 1253 2043 1308 Futuri

487 1344 687 1415 quippe
716 1345 901 1400 saeculi
934 1361 1027 1400 rex
1057 1361 1177 1401 esse
1218 1355 1544 1402 consecutus
1571 1345 1716 1401 circa
1747 1347 1849 1400 hoc
1877 1361 2045 1401 saecu-

487 1437 634 1502 lum,
667 1438 813 1506 quod
862 1438 979 1508 lege
1015 1439 1220 1508 accepit
1257 1454 1514 1508 regnum,
1559 1446 1843 1494 accuratus
1881 1449 1962 1492 est
1991 1439 2045 1493 in

491 1528 798 1596 promissis.
831 1528 1095 1598 Quodque
1139 1545 1262 1584 eum
1307 1530 1545 1584 maxime
1581 1529 1903 1594 contristat,
1944 1529 2047 1583 hoc

488 1627 600 1683 est,
644 1620 902 1689 quoniam
946 1621 1016 1677 ab
1059 1621 1128 1676 iis
1163 1637 1258 1691 per
1292 1621 1649 1692 ignorantiam
1683 1630 2046 1691 oppugnatur.

487 1721 706 1780 propter
749 1727 890 1781 quos
939 1721 1196 1782 tanquam
1243 1713 1382 1767 ﬁlios
1420 1713 1621 1768 bellum
1649 1715 1906 1783 suscepit.
1937 1711 2042 1767 Ve-
2074 1699 2117 1753 Β

406 1811 413 1819 ”
489 1815 795 1858 rumtamen
831 1805 993 1860 etiam
1025 1821 1214 1860 osores
1248 1806 1470 1868 dilexit,
1521 1805 1669 1861 ﬂevit
1715 1807 2042 1873 incredulos,

491 1897 766 1951 benedixit
820 1899 1284 1963 conviciantilzus,
1334 1906 1388 1953 et
1437 1899 1612 1954 oravit
1645 1913 1743 1967 pro
1785 1897 2042 1953 inimicis.

490 1989 675 2060 Neque
705 1992 884 2046 solum
928 1993 1032 2046 ista
1065 1999 1122 2044 ut
1147 2000 1298 2060 pater
1339 1989 1487 2054 fecit,
1518 1989 1611 2044 sed
1655 1998 1709 2044 et
1755 1988 2048 2058 discipulos

490 2098 640 2148 suos,
663 2082 887 2137 affectos
915 2090 975 2137 ut
1000 2099 1126 2152 erga
1161 2081 1377 2147 fratres,
1403 2081 1600 2136 similia
1631 2078 1811 2135 facere
1841 2079 2044 2134 docuit.

491 2173 605 2229 l-loc
633 2187 800 2242 pater.
837 2175 941 2229 hoc
972 2175 1270 2245 propheta;
1323 2175 1428 2229 hoc
1474 2173 1670 2227 rationi
1701 2181 1785 2227 est
1818 2187 2049 2227 consen-

491 2275 750 2333 taneum,
779 2267 929 2321 illum
977 2268 1092 2322 suis
1121 2268 1248 2321 ﬁliis
1272 2267 1572 2337 imperare,
1615 2272 1677 2319 ut
1722 2279 1819 2335 per
1877 2264 2049 2332 patris

490 2375 617 2428 erga
645 2360 786 2415 lilios
829 2374 1095 2420 amorem,
1127 2375 1331 2428 perque
1362 2358 1585 2414 insitum
1616 2357 1876 2412 honorem
1908 2355 2048 2408 tilio-

493 2467 612 2505 rum
654 2467 779 2522 erga
833 2461 1074 2520 patrem,
1121 2450 1255 2505 oriri
1305 2450 1480 2519 possit
1520 2456 1718 2502 aeterna
1759 2461 1882 2516 pax.
1912 2445 2048 2500 Cum

491 2544 636 2596 enim
680 2544 856 2596 bonus
908 2544 1176 2610 imperat,
1207 2541 1350 2610 apud
1394 2540 1669 2609 subjectos
1699 2553 1886 2593 verum
1919 2553 2050 2608 gau-

492 2633 641 2687 dium
672 2633 743 2686 ob
768 2635 1149 2701 imperatorem
1186 2631 1457 2686 nascitur.

562 2804 683 2859 XX.
729 2803 926 2859 Verum
967 2806 1032 2859 ad
1077 2805 1313 2874 primum
1356 2805 1600 2859 veritatis
1630 2803 2061 2860 sermonemrcd-

490 2920 578 2961 eo.
644 2897 702 2952 Si
731 2897 804 2952 illi
830 2897 1062 2960 homini,
1092 2896 1185 2966 qui
1211 2895 1303 2950 Dei
1333 2896 1586 2951 manibus
1607 2896 1904 2965 productus
1931 2896 2051 2963 fuit,

2153 2446 2364 2516 πατέρα
2396 2444 2682 2514 ἐνδιαθέτῳ
2729 2448 2862 2516 τιμῇ
2903 2443 3117 2508 αἰώνιος
3137 2444 3181 2476 ⁸⁸
3228 2445 3414 2515 εἰρήνη
3463 2443 3717 2512 γενέσθαι

2150 2535 2369 2606 δυνηθῇ.
2400 2534 2505 2588 Τοῦ
2533 2535 2641 2606 γὰρ
2673 2535 2891 2603 εὐλόγου
2919 2535 3316 2606 βασιλεύοντος,
3346 2535 3437 2587 ἐπὶ
3461 2536 3588 2597 τοὺς
3616 2534 3717 2604 βα-

2155 2625 2531 2697 σιλευομένους
2559 2626 2763 2699 ἀληθὴς
2793 2625 2937 2697 χαρά
2966 2627 3092 2698 περὶ
3117 2627 3210 2680 τοῦ
3239 2626 3608 2698 βασιλεύοντος
3635 2626 3720 2694 γί-

2152 2735 2318 2771 νεται.

2222 2807 2340 2862 XX.
2373 2809 2520 2880 Πλὴν
2547 2809 2638 2862 ἐπὶ
2656 2765 2745 2863 τὸν
2768 2808 2981 2881 πρῶτον
3007 2809 3104 2879 τῆς
3125 2809 3382 2880 ἀληθείας
3401 2808 3657 2868 ἐπάνειμι
3675 2810 3718 2842 ’τ

2154 2900 2331 2968 λόγον.
2373 2899 2498 2953 Ἐὰν
2525 2899 2602 2971 τῷ
2631 2899 2736 2953 ὑπὸ
2773 2899 2972 2971 χειρῶν
3017 2899 3150 2953 Θεοῦ
3192 2901 3579 2972 κυοφορηθέντι
3627 2902 3722 2953 ἀν-

499 2989 635 3044 nolit
663 2987 785 3058 quis
830 2987 1130 3042 concedere
1160 2996 1220 3041 ut
1252 2996 1499 3042 sanctum
1548 2986 1750 3042 Christi
1803 2986 2051 3056 spiritum

2157 2990 2358 3063 θρώπῳ
2387 2991 2448 3043 τὸ
2479 2991 2632 3060 ἅγιον
2668 2991 2902 3062 Χριστοῦ
2957 2991 3030 3064 μὴ
3076 2991 3149 3062 δῷ
3188 3009 3270 3054 τις
3313 2991 3454 3061 ἔχειν
3481 2991 3718 3061 πνεῦμα,

497 3081 773 3148 habuerit,
802 3094 915 3150 quo
943 3089 1123 3149 pacto,
1156 3079 1200 3133 si
1230 3079 1384 3133 alteri
1406 3094 1472 3133 ex
1497 3078 1710 3147 impura
1734 3077 1902 3147 stirpe
1925 3087 2054 3132 nato

496 3174 741 3229 eumdem
771 3173 1107 3228 concesserit
1135 3172 1355 3236 habere,
1388 3187 1498 3226 non
1538 3171 1830 3248 plurimum
1856 3170 2054 3240 impius

496 3273 572 3319 est
592 3268 615 3316 ’ἐ
634 3263 865 3318 Maxime
891 3279 1020 3319 vero
1048 3265 1171 3334 pius
1203 3262 1386 3330 fuerit,
1420 3263 1466 3319 si
1497 3263 1652 3317 alteri
1681 3262 1896 3332 quidem
1929 3277 2054 3316 eum

498 3355 744 3422 Spiritum
774 3370 881 3409 non
907 3355 1178 3420 tribuerit,
1204 3354 1297 3410 sed
1326 3354 1374 3408 ei
1397 3353 1498 3408 soli
1523 3353 1836 3424 assignarit,
1865 3353 1959 3421 qui
1988 3352 2056 3406 ab

499 3446 654 3500 initio
703 3446 885 3500 smculi
909 3487 923 3511 ,
957 3446 1160 3501 formas
1193 3461 1301 3500 una
1326 3461 1451 3500 cum
1480 3444 1792 3499 nominibus
1818 3451 2055 3511 mutans,

498 3539 758 3606 percurrit
789 3539 1066 3604 saeculum,
1097 3539 1267 3592 donec
1289 3545 1482 3591 nactus
1509 3552 1607 3591 sua
1638 3543 1899 3603 tempora,
1928 3548 2056 3603 pro-

504 3641 624 3698 pter
667 3630 884 3684 labores
915 3628 1008 3683 Dei
1038 3629 1415 3684 misericordia
1446 3638 1649 3684 unctus
1673 3670 1688 3692 ,
1733 3626 1973 3695 requiem
2003 3626 2058 3680 in

504 3731 766 3777 internum
799 3721 1093 3790 possideat.
1139 3719 1238 3793 Hic
1267 3722 1476 3775 honore
1506 3720 1741 3775 donatus
1771 3725 1854 3772 est
1891 3717 2060 3786 impe-

502 3814 655 3868 randi
673 3822 726 3868 et
746 3813 1063 3867 dominandi
1083 3812 1359 3879 omnibus,
1384 3827 1506 3880 qua:
1527 3820 1812 3866 versantur
1835 3808 1889 3863 in
1913 3823 2058 3875 aere,

503 3915 649 3959 terra
679 3915 734 3960 et
761 3906 918 3974 aquis
946 3924 960 3959 :
989 3905 1055 3959 ad
1089 3905 1205 3958 ham
1247 3903 1423 3973 ipsius
1454 3917 1485 3956 a
1528 3917 1638 3971 quo
1677 3902 1840 3956 homo
1884 3898 2059 3954 factus

501 4004 587 4050 est
629 3985 814 4049 ﬂatum
865 3997 1072 4060 habuit,
1119 3994 1315 4049 animae
1346 3993 1595 4065 infragile
1640 3993 2060 4061 vestimentum,

502 4101 614 4156 quo
638 4087 962 4142 immortalis
991 4102 1111 4142 esse
1136 4096 1340 4156 posset.

574 4177 717 4234 XXI.
760 4177 929 4243 Idem,
962 4180 1055 4249 qui
1099 4180 1248 4234 solus
1277 4194 1441 4234 verus
1489 4179 1754 4248 propheta
1789 4185 1891 4243 est,
1941 4175 2063 4229 uni-

508 4271 708 4340 cuique
730 4271 951 4324 animali
980 4281 1102 4341 apte
1125 4270 1191 4325 ad
1220 4281 1493 4338 naturam,
1525 4270 1666 4325 sicut
1687 4270 1803 4338 ejus
1829 4277 2059 4332 creator,

2156 3082 2274 3146 πῶς
2302 3083 2472 3153 ἐτέρῳ
2496 3083 2604 3135 τινὶ
2631 3084 2694 3136 ὲκ
2727 3084 2972 3154 μυσαρᾶς
2999 3083 3251 3150 σταγόνος
3277 3083 3622 3153 γεγενημένῳ
3653 3085 3730 3136 δι-

2154 3174 2278 3237 δοὺς
2304 3173 2446 3243 ἔχειν
2474 3173 2535 3226 ού
2559 3172 2629 3227 τὰ
2668 3173 2896 3244 μέγιστα
2925 3174 3144 3240 ἀσεϐεῖς
3174 3173 3256 3226 Τὰ
3284 3174 3341 3227 δὲ
3373 3174 3599 3244 μέγιστα
3631 3173 3722 3227 εύ-

2157 3264 2306 3319 σεϐεῖ
2328 3265 2390 3329 ¹⁸,
2421 3263 2514 3319 ἐὰν
2554 3264 2724 3337 ἐτέρῳ
2774 3266 2871 3336 μὲν
2909 3265 2982 3337 μὴ
3015 3265 3124 3336 δῴη
3145 3266 3186 3297 ¹⁹
3215 3265 3386 3334 ἔχειν,
3420 3266 3624 3317 ἐκεῖνον
3665 3263 3721 3317 δὲ

2159 3359 2318 3430 μόνον
2347 3358 2489 3430 ἔχειν
2516 3358 2683 3428 λέγοι,
2717 3357 2776 3422 ὃς
2804 3359 2896 3412 ἀπ’
2920 3357 3092 3429 ἀρχῆς
3113 3357 3303 3418 αἰῶνος
3327 3355 3436 3427 (62)
3467 3355 3582 3425 ἅμα
3606 3357 3724 3417 τοῖς

2156 3453 2380 3523 ὀνόμασι
2416 3450 2626 3522 μορφὰς
2669 3449 2946 3504 ἀλλάσσων
2972 3449 3063 3501 τὸν
3101 3448 3268 3502 αἰῶνα
3295 3447 3496 3518 τρέχει,
3529 3446 3725 3517 μέχρις

2157 3542 2246 3595 ὅτε
2293 3542 2435 3595 ἰδίων
2479 3541 2683 3612 χρόνων
2726 3539 2901 3610 τυχὼν
2921 3577 2936 3602 ,
2987 3539 3075 3592 διά
3113 3541 3240 3602 τοὺς
3274 3539 3547 3608 καμάτους
3585 3537 3723 3590 Θεοῦ

2159 3633 2295 3688 ἐλέει
2341 3632 2608 3703 χρισθεὶς,
2638 3631 2718 3693 εἰς
2747 3631 2835 3684 ἀεὶ
2853 3631 2898 3662 ¹⁰
2927 3629 3037 3695 ἕξει
3063 3629 3160 3700 τὴν
3189 3627 3510 3693 ἀνάπαυσιν.
3553 3623 3725 3690 Οὗτος

2159 3726 2344 3795 ἄρχειν
2387 3741 2447 3777 τε
2487 3723 2580 3776 καὶ
2621 3721 2890 3793 κυριεύειν
2919 3722 3132 3774 πάντων
3157 3721 3263 3773 τῶν
3291 3723 3347 3774 ἐν
3376 3721 3497 3792 ἀέρι
3525 3721 3619 3774 καὶ
3646 3724 3723 3790 γῇ

2159 3817 2254 3870 καὶ
2271 3816 2311 3847 ἰ
2354 3815 2509 3868 ὕδασι
2536 3814 2847 3884 τετίμηται’
2882 3814 3018 3884 πρὸς
3045 3812 3252 3877 τούτοις
3280 3813 3336 3866 δέ
3365 3812 3527 3866 αὑτοῦ
3556 3813 3651 3865 τοῦ
3676 3814 3724 3844 ³⁸

2161 3906 2517 3978 πεποιηκότος
2545 3906 2636 3958 τὸν
2666 3905 2950 3977 ἄνθρωπον
2995 3905 3093 3976 τὴν
3139 3906 3304 3977 πνοὴν
3342 3905 3516 3976 ἔσχεν,
3545 3904 3724 3974 ψυχῆς

2161 3998 2432 4070 ἄρρηκτον
2462 3995 2771 4070 περιϐολὴν,
2803 3997 2950 4062 ὅπως
2977 3997 3241 4062 ἀθάνατος
3266 3993 3403 4051 εῖναι
3429 3996 3650 4068 δυνηθῇ.

2232 4135 2374 4227 XXI.
2416 4165 2582 4236 Οὗτος
2615 4171 2776 4236 αὐτὸς
2815 4171 2971 4242 μόνος
3005 4170 3210 4242 ἀληθὴς
3236 4168 3479 4242 ὑπάρξας
3510 4169 3724 4239 προφή-

2163 4283 2262 4336 της
2290 4264 2399 4337 (65)
2437 4263 2648 4334 ἑκάστῳ
2677 4261 2798 4334 ζώῳ
2824 4264 2942 4316 κατ’
2971 4260 3122 4326 ἀξίαν
3148 4262 3245 4333 τῆς
3272 4260 3511 4331 φύσεως,
3541 4257 3724 4323 καθὼς

505 4363 726 4433 prepria
764 4363 1024 4432 imposuit
1065 4364 1307 4420 nomina.
1352 4365 1508 4430 Quod
1553 4365 1696 4419 enim
1735 4359 2053 4425 nominavit,

2163 4358 2192 4409 ό
2235 4354 2546 4428 πεποιηκὼς
2585 4354 2744 4408 αὑτὸν
2765 4355 2830 4418 ’³,
2861 4353 3074 4418 οίκείως
3115 4352 3322 4406 τέθεικε
3359 4351 3426 4406 τὰ
3465 4351 3719 4421 ὀνόματα.

1757 4473 1995 4531 ἾΑΜᾸΕ
2061 4468 2353 4527 LECTION
2361 4469 2462 4524 ES.

573 4571 623 4644 '_'
654 4570 730 4644 Ita
765 4571 809 4625 0
853 4588 901 4628 c.
935 4589 1107 4644 marg.
1141 4573 1223 4638 Ci,
1256 4574 1311 4628 in
1334 4573 1446 4642 cui.
1486 4581 1630 4644 textu
1657 4565 2295 4644 xputoﬁpey._§fr._Lu3.
2327 4560 2529 4644 v.52;
2549 4559 2911 4644 Matinium,
2933 4557 3486 4644 ΙΞᾮςεάηιῖιέιῐξοίιΪ.

513 4642 552 4673 ¹¹
582 4625 901 4710 Explanavit
939 4625 1105 4699 iis?
1129 4625 1311 4698 locum
1335 4625 1454 4698 ét‘é
1486 4625 2188 4712 S—chlien'tanndvindicavit
2225 4633 2463 4712 _Baurius
2495 4631 2690 4712 ᾼῃηαί..
2734 4625 2929 4712 Iheol.
2950 4629 3196 4712 _Tubit1g.
3230 4627 3388 4692 1844,
3433 4641 3488 4696 p.

513 4711 563 4782 “7
593 4698 697 4764 ἀπό
735 4712 798 4767 Ο.
879 4715 920 4746 ¹²
949 4698 1275 4782 Legendutn,
1318 4715 1364 4767 si
1397 4713 1526 4782 quid
1554 4713 1727 4782 video,
1757 4709 2170 4782 ἐμπροθέσμωὲ
2196 4704 2281 4782 ,Αι
2308 4701 2457 4782 deest
2483 4701 2707 4782 aliquid.
2734 4701 2791 4754 '0
2829 4701 2922 4782 νῦν
2947 4698 3336 4782 ἐμπροθέσμως
3378 4698 3724 4782 παρειληφιὶδς

510 4781 658 4850 νόμῳ
686 4767 1090 4906 τὴνὲασιλείάν
1123 4767 1206 4838 est
1248 4767 1516 4838 diabolus.
1544 4780 1628 4835 Cf.
1665 4767 1812 4835 hom'.
1843 4767 1933 4844 x'v,
1963 4779 2014 4833 7.
2036 4767 2300 4828 l—Etiam
2349 4767 2614 4835 Neander,
2655 4781 2714 4826 ut
2745 4777 2933 4840 postea
2965 4767 3233 4840 cognovi,
3260 4769 3403 4850 hunc
3435 4767 3612 4845 locum
3641 4767 3726 4818 sic

510 4852 767 4906 explicat.
844 4865 980 4906 nost.
1009 4852 1154 4906 Sust.
1178 4869 1230 4906 ι).
1265 4854 1388 4906 411.
1417 4853 1544 4906 Post
1574 4851 1848 4906 βασιλείαν
1900 4847 2168 4903 excidisse
2207 4850 2364 4906 putat
2415 4842 2514 4906 τὴν
2556 4841 2734 4906 μάχην
2762 4843 3014 4905 ἐποιεῖτο,
3071 4839 3215 4906 (ιιιοά
3264 4837 3405 4906 Idem
3456 4850 3523 4906 Ψ
3561 4849 3723 4906 vers"

510 4852 767 4931 explicat,
795 4852 980 4937 ρηοξι.
1009 4852 1154 4922 Syst.
1178 4869 1230 4922 p.
1265 4854 1388 4908 411.
1417 4853 1544 4906 Post
1560 4852 1625 4976 8a

514 4936 812 5011 Insequetttt
833 4924 1046 5011 legitur.
1160 4923 1533 5011 ἐμ.προθέξμῳ
1594 4961 1625 5011 Δ.

514 5005 603 5111 ἔοι
635 4989 675 5042 C
707 5031 721 5053 ,
753 4989 926 5074 ἐφόρᾷυ
948 5012 1034 5080 μοι
1067 4993 1125 5048 S.
1196 4989 1245 5024 ³⁸
1269 4989 1474 5116 εύσεὸἓ1
1494 4991 1535 5046 C

514 5127 530 5133 _
557 5097 570 5117 .
596 5059 639 5112 0
669 5099 685 5123 ,
711 5062 965 5133 άπαρχης
993 5065 1055 5118 (λ.
1159 5063 1206 5095 ²⁶
1235 5063 1404 5117 είσαεί
1482 5102 1494 5114 .

844 4865 980 4908 nost.
1009 4852 1154 4922 Syst.
1178 4869 1230 4922 p.
1265 4854 1388 4908 411.
1417 4853 1544 4906 Post
1574 4851 1852 4922 βασιλείαν
1900 4841 2364 4922 excidissejutat
2415 4842 2514 4922 τὴν
2527 4841 2734 4922 ’μάχην
2762 4843 3014 4922 ἐποιεῖτο,

1586 4921 1625 4975 1.
1703 4921 1747 4952 ιδ
1779 4919 1984 4974 ἐκλαίει
2014 4917 2076 4972 C.
2157 4917 2201 4948 ¹⁵
2230 4917 2343 4975 τοῖς
2393 4917 2556 4964 αὑτοῦ
2594 4917 2859 4982 μαθηταῖς
2913 4917 2979 4964 υ.
3057 4917 3100 4938 "'
3131 4917 3327 4961 atwvta
3358 4917 3420 4960 υ.
3549 4917 3727 4984 επορα

1586 4999 1641 5046 et
1669 4989 1708 5044 S
1736 5032 1752 5056 ,
1782 4991 1907 5044 licet
1933 4996 2174 5043 nostram
2200 4982 2486 5056 lectionem
2513 4981 2870 5056 commendet.
2910 5044 2913 5045 ν
2948 4979 2993 5056 ’ξ
3025 4976 3100 5048 δῷ
3117 4973 3194 5056 _(_).
3239 4975 3502 5056 Ιξεὶηηάπ
3529 4974 3729 5056 ,ἀρχης

1565 5044 1610 5094 ’ί
1644 5044 1751 5114 καί
1770 5076 1821 5116 c.
1850 5058 1895 5113 Ο
1924 5098 1939 5124 ,
1967 5058 2120 5113 deest
2160 5056 2214 5111 in
2243 5051 2361 5124 cod.
2397 5050 2556 5124 Hom;
2587 5044 3016 5124 Paris._t_este‘C.

2157 4861 2168 4899 ι
2207 4850 2364 4913 putat
2415 4842 2514 4912 τὴν
2556 4837 3215 4911 μάχην’ἐποιεῖτο,’‹ιιιο‹1
3264 4837 3405 4891 idem
3456 4837 3511 4888 in
3561 4849 3723 4886 versu

2157 4915 2201 4948 η
2230 4915 2343 4984 τοῖς
2393 4910 2556 4964 αὐτοῦ
2594 4911 2859 4984 μαθηταῖς
3030 4907 3100 4984 ff
3131 4907 3328 4984 αἰωνία
3358 4905 3432 4984 C._
3483 4905 3524 4984 '_"
3549 4904 3727 4984 ἐπόρα

3117 5047 3173 5116 ¹²ν
3198 5046 3292 5100 τοῦ
3321 5043 3544 5116 adjunxi

514 5115 1286 5204 litem'deinee'ps'palmariam
1308 5115 1534 5202 largitus
1558 5141 1642 5187 est
1672 5115 2104 5201 lect.&pp'qmov
2145 5141 2200 5197 p.
2245 5121 2484 5194 ἀρρητον
2516 5119 2670 5192 Vulg.
2747 5118 2883 5174 "Ita
2911 5116 2973 5184 C,
3003 5115 3048 5171 Ο
3078 5155 3094 5180 ,
3123 5115 3252 5170 αὑτό
3284 5115 3566 5187 legendum
3597 5129 3724 5167 cen-

514 5208 597 5253 set
626 5195 684 5253 S.

1783 5304 2142 5362 VARIORUM
2176 5306 2406 5366 ΝΟΤΕ.

581 5404 693 5484 ςςε)
731 5404 960 5484 Ὃς
993 5403 1183 5484 ᾀρχῇς
1213 5401 1611 5484 ᾳίὥνοιςλῆειο.
1653 5397 1775 5484 Haec
1797 5398 2072 5484 "coniferas
2180 5399 2596 5484 Sannpsmis‘seu
2632 5397 2986 5484 Elcesaaisah
3012 5394 3523 5484 ιξῆιξίι)ιιιιιιίυ,ιιιιιριί
3537 5392 3726 5484 _Ch.r_i’-

516 5468 684 5527 velim
703 5468 826 5528 cuni
860 5468 1182 5544 Epiphanio,
1213 5472 1403 5528 ltmresi
1431 5471 1520 5534 50,
1550 5486 1670 5540 quae
1692 5477 1775 5524 est
1796 5468 2073 5523 Ebionita-

520 5559 641 5613 rum
664 5560 781 5613 cap.
815 5545 867 5598 ’5.
897 5546 1030 5598 Cor.

2177 5463 2329 5524 stunf
2362 5471 2415 5523 in
2454 5470 2661 5522 Adamo
2701 5477 2978 5536 ponerent.
3012 5463 3159 5536 Vide—7
3187 5483 3310 5520 eum
3336 5467 3443 5518 vol.
3470 5463 3521 5536 1.
3537 5480 3590 5533 p.
3635 5463 3728 5524 53.

2177 5541 2300 5600 127,
2335 5539 2455 5607 162,
2495 5539 2620 5607 Mil,
2646 5534 2769 5593 462.
2804 5535 3111 5594 Periculose
3145 5535 3450 5592 Mcthodius
3485 5534 3725 5592 Couvirii

548 5632 560 5644 -
592 5611 704 5679 (63)
732 5606 928 5678 Μόνος
948 5614 1176 5681 ἀληθὴς
1204 5613 1469 5680 ὑπάρξας
1495 5610 1812 5681 προφήτης.
1842 5607 2069 5662 Inferius
2174 5618 2309 5664 orat.
2337 5609 2388 5663 3.
2423 5606 2495 5663 lu.

526 5696 641 5749 vui,
696 5683 780 5738 10.
835 5683 888 5737 ld
923 5679 1137 5752 quoque
1194 5679 1538 5739 observatum
1586 5683 1640 5736 in
1695 5679 1963 5735 Ebiona'is
2017 5688 2071 5733 et
