3970 6148
273 329 368 385 125
442 290 446 296 ’

1343 319 1808 381 CLEMENTINA.
1843 353 1911 363 —
1947 318 2229 376 IIOMILIA
2264 318 2370 376 III.’

3395 323 3500 380 19-6

269 436 339 496 Εἴ
355 459 406 496 τι
432 440 543 512 γὰρ
569 440 945 512 ἐπωνόμασεν,
975 439 1134 494 τοῦτο
1157 436 1224 513 ἦν
1256 441 1351 494 καὶ
1381 443 1444 494 ἐκ
1471 440 1565 495 τοῦ
1604 458 1824 511 πεποιη-

1930 429 2038 491 Ἰιοο
2061 447 2116 493 et
2141 447 2260 493 erat
2291 453 2484 492 nomen
2507 441 2582 493 rei
2605 447 2798 493 creata:
2819 453 2883 494 ex
2906 446 3167 495 creatore.
3195 437 3375 509 Itaque
3390 455 3501 509 quo

269 533 419 596 κότος
445 533 613 603 δνομα
641 533 718 603 τῷ
743 517 1114 603 γεγενημένῳ.
1138 531 1251 603 89
1279 532 1368 586 Διὸ
1398 532 1514 596 πῶς
1540 531 1620 585 ἔτι
1664 531 1830 602 φυτοῦ

268 625 452 695 χρείαν
484 620 596 694 εἶχε
629 623 982 696 προσλαϐεῖν,
1024 625 1112 677 ῐνα
1137 624 1190 676 τί
1226 624 1354 676 ποτέ
1377 624 1421 656 ⁸⁸
1447 627 1590 678 ἐστιν
1618 623 1702 694 ἴδῃ
1732 641 1832 678 κα-

265 715 353 769 λὸν
386 715 420 786 ἢ
449 715 634 778 κακὸν,
669 718 718 768 εἰ
744 716 1044 769 ἐνετέλλετο
1076 715 1150 788 μὴ
1188 719 1413 785 φαγείν;
1467 716 1624 769 Ἀλλὰ
1661 715 1832 769 ταῦτα

264 807 603 860 πιστεύουσιν
629 808 680 858 οἰ
715 806 949 878 ἄκριτοι,
979 808 1029 860 οἱ
1057 807 1246 875 ἄλογον
1275 807 1464 878 θηρίον
1493 807 1628 860 Θεοῦ
1667 807 1761 859 τοῦ
1783 807 1830 838 ³⁸

263 898 534 960 κτίσαντος
558 897 755 960 αύτούς
781 915 839 950 τε
865 897 1050 951 καὶτὰ
1074 897 1249 950 πάντα
1274 897 1762 969 ὲνεργητικώτερον
1784 898 1829 929 ’⁸

261 989 574 1060 γεγενῆσθαι
603 989 895 1060 οἰηθέντες.

325 1079 486 1134 XXII.
527 1081 670 1152 Πλὴν
710 1079 882 1151 τούτῳ
919 1081 963 1111 ’⁷
1005 1079 1234 1148 σύζυγος
1279 1078 1595 1150 συνεκτίσθη
1643 1076 1828 1148 θήλεια

257 1173 427 1242 φύσις,
467 1173 602 1226 πολὺ
623 1172 922 1226 ἀποδέουσα
945 1172 1131 1236 αὑτοῦ,
1177 1172 1252 1236 ὼς
1270 1172 1424 1224 ούσία
1457 1169 1740 1242 μετουσίας
1760 1171 1824 1232 ⁸⁸,

255 1265 328 1328 ὠς
354 1264 506 1334 ἡλίου
549 1265 764 1336 σελήνη,
807 1265 883 1328 ὡς
925 1266 1101 1334 φωτὸς
1144 1264 1205 1318 τὸ
1247 1264 1376 1334 πῦρ.
1408 1263 1554 1334 Λῦτη
1599 1260 1692 1314 τοῦ
1732 1260 1826 1314 νῦν

253 1357 454 1428 κόσμου
486 1358 562 1420 ὡς
581 1357 768 1430 θήλεια
802 1357 988 1429 ὁμοίου
1028 1359 1288 1428 ἄρχουσα,
1328 1355 1518 1428 πρώτη
1562 1353 1826 1425 προφῆτις

250 1442 386 1500 εἶναι
436 1447 822 1511 πεπίστευται,
873 1447 1013 1521 μετὰ
1055 1448 1270 1501 πάντων
1313 1447 1421 1499 τῶν
1453 1447 1510 1499 ἐν
1551 1447 1825 1516 γεννητοῖς

249 1540 524 1609 γυναικῶν
552 1541 886 1612 προφητείαν
917 1539 1374 1610 ἐπαγγελλομένη.
1414 1539 1471 1591 '0
1511 1538 1568 1590 δὲ
1618 1536 1820 1608 ἕτερος,

249 1633 324 1697 ὡς
359 1634 476 1697 υίὸς
506 1631 792 1704 ἀνθρώπου
836 1632 1009 1704 ἄρσην
1036 1631 1132 1695 ὢν,
1164 1631 1255 1684 καὶ
1285 1630 1354 1683 τὰ
1387 1629 1708 1700 διαφέροντα
1747 1627 1822 1691 ὡς

247 1725 433 1797 ἄρσενι
459 1726 538 1798 τῷ
565 1725 808 1798 μέλλοντι
827 1724 982 1779 αῐῶνι
1016 1721 1343 1796 προφητεύει
1375 1723 1440 1779 ⁸³.

316 1905 508 1960 XXIII.
538 1905 641 1960 Δύο
670 1900 770 1962 οῦν
791 1906 920 1976 ἡμῖν
953 1904 1166 1974 γενικαὶ
1202 1902 1442 1956 ἔστωσαν
1468 1903 1817 1973 προφητεῖαιο

244 1999 278 2070 ἡ
311 1997 414 2069 μὲν
459 1999 716 2070 ἀρσενική
742 1996 818 2028 ³⁰·
852 1997 948 2050 καὶ
993 1995 1280 2067 διωρίσθω,
1312 1995 1394 2048 ὅτι
1429 1995 1462 2065 ἡ
1497 1993 1592 2064 μὲν
1631 1991 1821 2064 πρώτη

244 2089 421 2160 ἄρσην
441 2085 574 2142 οὖσα
602 2088 827 2160 δευτέρα
844 2086 936 2142 τοῦ
962 2085 1148 2140 λοιποῦ
1176 2085 1429 2140 τέτακται
1449 2084 1587 2137 κατὰ
1613 2083 1704 2136 τὸν
1725 2083 1824 2152 τῆς

243 2180 472 2251 προόδου
499 2180 678 2248 λόγον,
710 2181 744 2250 ἡ
777 2179 833 2232 δὲ
863 2179 1088 2251 δευτέρα
1114 2177 1277 2248 θῆλυς
1304 2172 1438 2230 οὖσα
1468 2173 1657 2247 πρώτη
1688 2172 1821 2244 ὡρί-

246 2271 345 2342 σθη
391 2271 646 2343 ἔρχεσθαι
695 2273 753 2324 ἐν
806 2273 874 2342 τῇ
916 2269 1022 2324 τῶν
1067 2267 1335 2336 συζυγῶν
1383 2266 1715 2338 προελεύσει.
1759 2265 1824 2317 Ἦ

245 2364 344 2434 μὲν
373 2359 467 2417 οῦν
507 2364 564 2415 ἐν
591 2364 866 2433 γεννητοῖς
894 2359 1164 2426 γυναικῶν
1208 2354 1362 2422 οῦσα,
1385 2359 1461 2421 ὡς
1501 2355 1823 2428 θήλειαν-τοῦ

240 2453 337 2507 νῦν
384 2454 591 2524 κόσμου
617 2452 662 2484 ³⁸
689 2450 1126 2521 ἐπαγγελλομένη
1158 2450 1224 2514 ³²,
1254 2449 1514 2520 ἀρσενικὴ
1552 2442 1691 2501 εἶναι
1736 2465 1826 2499 πι-

241 2543 534 2598 στεύεσθαι
567 2543 730 2597 θέλει.
761 2542 852 2594 Διὸ
872 2541 1176 2595 κλέπτουσα
1201 2539 1271 2593 τὰ
1298 2538 1393 2592 τοῦ
1421 2540 1646 2610 ἄρσενος
1667 2538 1826 2610 σπέρ-

242 2653 411 2706 ματα,
453 2635 687 2697 καὶτοῖς
732 2633 882 2696 ἰδίοις
906 2633 1005 2703 τῆς
1035 2631 1234 2703 σαρκὸς
1270 2631 1575 2701 σπέρμασιν
1608 2630 1826 2682 ἐπισκέ-

240 2742 420 2780 πουσα
457 2726 522 2789 ³³,
555 2725 631 2788 ὡς
658 2725 754 2779 ὅλα
783 2725 890 2779 ῐδια
911 2723 1228 2794 συνεκφέρει
1253 2721 1325 2776 τὰ
1354 2723 1686 2793 γεννήματα,
1715 2721 1826 2791 90

238 2818 383 2871 τοῦτ’
426 2817 545 2872 ἐστι
577 2816 650 2870 τὰ
688 2817 942 2889 χρήματα
965 2816 1032 2880 ³⁸,
1066 2817 1160 2869 καὶ
1186 2816 1277 2868 τὸν
1307 2816 1551 2886 παρόντα
1587 2816 1825 2884 ἐπίγειον

240 2908 473 2962 πλοῦτον
522 2909 598 2972 ὡς
648 2911 848 2980 προῖκα
895 2907 1084 2962 δώσειν
1124 2907 1548 2976 ἐπαγγέλλεται,
1592 2908 1671 2979 τῷ
1724 2924 1822 2961 τα-

239 3004 330 3074 χεῖ
349 3003 410 3058 τὸ
435 3001 608 3076 βραδὺ
637 3001 702 3068 ⁸⁸,
730 3001 793 3056 τὸ
811 3000 992 3075 ’βραχὺ
1029 3000 1108 3075 τῷ
1152 2999 1358 3074 μείζονι
1383 2999 1684 3070 ὑπαλλάξαι
1731 2999 1822 3056 θέ-

240 3095 426 3151 λουσα.

308 3209 504 3264 XXIV.
543 3211 776 3275 Πολλοὺς
799 3209 978 3282 μέντοι
1009 3210 1163 3275 θεοὺς
1195 3211 1373 3279 λέγειν
1399 3211 1493 3264 καὶ
1520 3211 1739 3264 ἀκούειν
1760 3211 1823 3264 ού

246 3302 404 3375 μόνον
438 3303 717 3374 τολμῶσα,
755 3302 891 3356 ἀλλὰ
918 3303 1010 3355 καὶ
1035 3303 1170 3374 αὑτὴ
1197 3302 1445 3370 γενέσθαι
1476 3302 1827 3368 πιστεύουσα,

242 3396 334 3447 καὶ
385 3394 562 3447 ἐλπίδι
611 3395 705 3448 τοῦ
759 3393 1030 3463 γενέσθαι,
1077 3393 1107 3446 δ
1160 3394 1234 3464 μὴ
1289 3392 1401 3464 ἔχει
1451 3392 1632 3463 φύσιν,
1675 3395 1771 3448 καὶ
1800 3395 1829 3448 ὃ

239 3485 351 3557 ἔχει
380 3485 888 3559 προσαπολλύουσα,
921 3485 1014 3539 καὶ
1041 3487 1114 3549 ὡς
1142 3485 1329 3557 θήλεια
1367 3485 1653 3558 ἐμμηνίοις
1679 3486 1725 3518 ³⁸
1751 3503 1828 3556 γι-

239 3579 446 3650 νομένη
481 3579 750 3650 προφάσει
773 3577 968 3631 θυσιῶν
989 3578 1463 3649 αἱμάσσεται,κώ
1505 3577 1678 3641 οὕτως
1701 3579 1828 3643 τοὺς

234 3670 518 3740 ψαύοντας
547 3673 718 3742 αὐτῆς
753 3670 990 3741 μολύνει.
1041 3671 1208 3724 Ἑπάν
1241 3671 1297 3724 δὲ
1337 3669 1672 3724 συλλαϐοῦσα
1701 3672 1828 3736 τοὺς

234 3761 614 3832 προσκαίρους
644 3762 800 3832 τίκτῃ
829 3761 873 3792 ⁸⁷
907 3761 1168 3832 βασιλεῖς,
1195 3763 1321 3825 τοὺς
1353 3755 1490 3832 αἷμα
1518 3757 1653 3816 πολῦ
1678 3761 1827 3833 χέον-

237 3869 340 3916 τας
367 3853 574 3924 ἐγείρει
605 3853 888 3923 πολέμους.
924 3853 1062 3916 Τοὺς
1090 3853 1148 3906 δὲ
1181 3855 1310 3924 παρ’
1363 3853 1530 3924 αὐτῆς
1559 3853 1750 3924 μαθεῖν
1781 3854 1826 3888 ³⁸

239 3944 504 4015 ἀλήθειαν
540 3943 893 4015 ὀρεγομένους
940 3943 1018 4015 τῷ
1065 3942 1135 3996 τὰ
1179 3945 1356 3998 πάντα
1393 3943 1571 4012 λέγειν
1608 3945 1824 4000 ἐναντία

153 4047 155 4050 ‘
239 4038 335 4090 καὶ
385 4035 592 4098 πολλὰς
625 4036 718 4088 καὶ⁵
761 4035 1046 4106 διαφόρους
1083 4034 1690 4107 παρέχειν,ὑπουργίας,
1725 4035 1820 4104 C1;-

238 4129 474 4193 τοῦντας
516 4127 603 4181 ἀεὶ
631 4127 676 4159 ³⁸
702 4128 795 4180 καὶ
825 4126 989 4198 μηδὲν
1021 4125 1368 4198 εὑρίσκοντας
1416 4126 1608 4197 μέχρις
1656 4125 1822 4180 αὑτοῦ

243 4221 478 4276 θανάτου
508 4219 844 4291 καθίστησιν.
892 4220 1007 4272 Ἀπ’
1040 4219 1213 4291 ἀρχῆς
1247 4221 1357 4291 γὰρ
1395 4218 1696 4290 ἀνθρώποις
1725 4237 1821 4272 τυ-

243 4313 396 4382 φλοῖς
457 4311 683 4366 θανάτου
741 4313 913 4364 κεῖται
973 4311 1242 4381 πρόφασις
1264 4327 1279 4341 ⁸
1343 4310 1520 4364 πλάνα
1570 4311 1678 4383 γὰρ
1729 4313 1823 4366 καὶ

1932 529 2093 583 modo
2134 531 2311 585 adhuc
2346 545 2569 585 necesse.
2606 531 2799 586 habuit
2825 531 3076 586 arborem
3109 533 3398 604 attingere,
3441 545 3501 589 ut

1931 621 2096 675 sciret
2123 622 2384 692 quidnam
2409 623 2480 676 sit
2511 623 2715 676 bonum
2745 623 2829 677 vel
2853 623 3082 690 malum,
3109 625 3155 679 si
3181 625 3498 680 mandatum

1927 715 2138 784 accepit
2166 730 2275 769 non
2312 715 2546 770 edendi?
2581 714 2780 770 Verum
2824 715 2942 768 lure
2981 718 3208 770 credunt
3237 717 3330 786 qui
3355 717 3500 786 judi-

1929 806 2014 860 cio
2044 815 2253 870 carent,
2287 807 2381 876 qui
2405 807 2744 861 arbitrantur
2765 805 2983 860 brutum
3003 806 3206 859 animal
3226 808 3500 877 potentius

1929 895 2098 953 fuisse
2124 897 2256 964 Deo,
2286 898 2529 968 ipsorum
2558 899 2911 968 omniumque
2937 897 3240 954 conditore.

1997 1077 2161 1134 XXII.
2192 1077 2461 1134 Ceterum
2485 1092 2608 1132 cum
2641 1092 2706 1132 eo
2744 1075 2943 1146 conjnx
2982 1086 3163 1130 creata
3191 1085 3274 1130 est
3307 1083 3500 1130 natura

1927 1167 2180 1236 feminea,
2209 1169 2441 1229 multum
2488 1185 2554 1224 eo
2605 1169 2869 1235 deterior;
2919 1167 3130 1236 distans
3159 1167 3228 1222 ab
3257 1183 3342 1230 eo,
3379 1177 3501 1222 tan-

1925 1277 2090 1332 quam
2123 1262 2424 1318 substantia
2452 1263 2522 1316 ab
2548 1261 2836 1327 accidenti,
2859 1268 3120 1331 tanquam
3146 1276 3177 1315 a
3206 1259 3320 1315 sole
3349 1261 3501 1326 luna,

1927 1362 2183 1424 tanquam
2215 1370 2245 1409 a
2277 1355 2396 1410 luce
2417 1355 2575 1426 ignis.
2609 1353 2701 1408 Illa
2735 1354 2865 1409 huic
2895 1355 3099 1408 mundo
3126 1354 3273 1407 velut
3301 1351 3501 1407 femina

1925 1445 2089 1500 simili
2122 1447 2416 1516 imperans,
2441 1447 2625 1516 .prima
2668 1447 3009 1516 prophetissa
3043 1461 3168 1501 esse
3197 1447 3416 1510 meruit,
3448 1455 3504 1500 et

1922 1551 2047 1591 cum
2085 1539 2340 1593 omnibus
2363 1539 2456 1607 qui
2493 1538 2635 1592 inter
2684 1547 2843 1592 natos
2885 1537 3173 1591 mulierum
3222 1546 3350 1591 sunt
3375 1552 3503 1606 pro-

1922 1629 2159 1700 phetiam
2191 1632 2496 1685 annuntiat.
2522 1631 2670 1685 Alter
2694 1645 2845 1694 vero,
2878 1629 3034 1700 quasi
3069 1630 3211 1683 tilius
3242 1629 3501 1692 hominis,

1855 1763 1898 1818 Β
1926 1737 2042 1777 mas
2074 1731 2179 1785 est,
2216 1733 2270 1780 et
2318 1722 2504 1780 futuro
2553 1723 2752 1781 saeculo
2797 1724 2946 1779 velut
2997 1723 3242 1778 mascqu
3285 1724 3502 1792 egregia

1923 1815 2230 1884 prOphetat.

1989 1903 2179 1960 XXIII.
2213 1906 2343 1962 Duae
2377 1907 2541 1977 igitur
2603 1909 2762 1964 nobis
2794 1908 2906 1964 sint
2950 1908 3228 1979 generales
3267 1907 3502 1978 prophe—

1921 1995 2008 2051 tia:
2054 2015 2068 2051 :
2109 1999 2278 2054 altera
2309 2000 2528 2070 quidem
2579 2003 2862 2062 mascula;
2900 2009 2960 2054 ut
3003 2010 3210 2055 certum
3247 2000 3318 2055 sit
3347 2001 3494 2070 quod

1921 2087 2092 2157 prima
2124 2092 2366 2146 mascula
2405 2099 2508 2158 est,
2539 2101 2593 2147 et
2627 2102 2687 2147 ut
2727 2094 2962 2148 secunda
2996 2094 3251 2164 deinceps
3286 2092 3498 2146 ratione

1922 2197 2248 2254 pmgressus
2283 2185 2600 2251 collocatur,
2648 2187 2882 2240 secunda
2913 2201 3063 2252 vero,
3113 2199 3234 2255 quae
3278 2192 3362 2238 est
3413 2182 3493 2236 fe-

1923 2274 2092 2341 mina,
2124 2276 2297 2344 prima
2339 2276 2393 2330 in
2431 2277 2874 2346 coniugationum
2910 2277 3140 2330 adventu
3191 2275 3376 2329 venire
3408 2275 3504 2328 de-

1923 2365 2072 2420 ﬁnita
2111 2376 2213 2422 est.
2247 2365 2324 2422 Ea
2355 2383 2505 2438 ergo,
2545 2384 2667 2423 cum
2713 2368 2851 2422 inter
2895 2379 3052 2422 natos
3087 2367 3373 2420 mulierum
3407 2366 3500 2430 sit,

1923 2466 1986 2512 ut
2041 2456 2240 2512 femina
2277 2460 2527 2528 praesenti
2558 2460 2760 2514 mundo
2815 2458 3218 2522 annuntiatrix,
3262 2458 3503 2512 mascula

1923 2563 2044 2602 esse
2073 2550 2220 2604 credi
2255 2550 2389 2604 vult.
2441 2549 2622 2616 Quare
2663 2551 2872 2606 semina
2912 2550 3142 2605 masculi
3195 2549 3499 2618 suppilans,

1923 2640 2148 2711 suisque
2170 2643 2351 2697 carnis
2387 2643 2687 2698 seminibus
2718 2645 2978 2714 obtegens
3012 2652 3269 2712 tanquam
3316 2643 3498 2697 omnia

1923 2748 2023 2789 sua
2061 2735 2437 2800 comproducit
2484 2737 2749 2806 germina,
2782 2737 2884 2790 hoc
2927 2747 3010 2792 est
3035 2752 3167 2806 opes
3197 2755 3210 2790 :
3244 2745 3296 2791 et
3328 2745 3501 2790 terre-

1923 2837 2063 2881 stres
2101 2827 2200 2882 has
2235 2827 2454 2882 divitias
2486 2829 2643 2900 quasi
2683 2828 2864 2885 dotem
2896 2829 3145 2884 daturam
3179 2843 3238 2882 se
3283 2827 3504 2898 pollice-

1923 2925 2035 2983 ων,
2061 2927 2116 2972 et
2150 2919 2366 2977 tandum
2385 2937 2509 2978 cum
2537 2923 2732 2988 veloci,
2753 2937 2980 2994 parvum
3008 2937 3132 2976 cum
3164 2935 3362 2992 magno
3387 2920 3498 2974 vult

1923 3021 2283 3067 commutare.

2002 3209 2192 3264 XXIV.
2225 3209 2292 3265 Et
2314 3226 2445 3267 vero
2474 3212 2676 3267 multos
2712 3212 2844 3267 deos
2885 3226 2994 3265 non
3036 3211 3210 3266 solum
3242 3211 3422 3266 dicere
3450 3220 3504 3267 ei.

1929 3303 2120 3358 audire
2154 3303 2432 3366 sustinuit,
2466 3303 2559 3358 sed
2591 3312 2648 3358 et
2681 3303 2798 3372 ipsa
2834 3303 2994 3356 talem
3029 3317 3088 3356 se
3111 3301 3349 3356 futuram
3385 3318 3504 3356 cre—

1929 3395 2103 3452 didit:
2139 3405 2301 3467 atque
2331 3410 2426 3465 spe
2458 3395 2742 3455 evadendi,
2773 3393 2921 3463 quod
2967 3401 3160 3448 natura
3199 3409 3308 3448 non
3352 3403 3504 3464 pote-

1929 3497 2035 3553 rat,
2068 3489 2232 3546 etiam
2263 3488 2406 3559 quod
2432 3487 2665 3542 habebat
2699 3487 2961 3558 perdidit;
3011 3494 3067 3541 et
3111 3486 3268 3556 quasi
3299 3485 3499 3540 femina

1928 3581 1984 3636 in
2047 3580 2348 3636 menstruis
2393 3579 2788 3636 sacriﬁciorum
2834 3579 3124 3634 occasione
3161 3588 3501 3643 cruentatur,

1927 3674 2114 3744 sicque
2138 3681 2420 3744 tangentes
2447 3687 2567 3728 eam
2599 3672 2867 3742 inquinat.
2910 3671 3046 3726 Cum
3087 3679 3267 3726 autem
3303 3685 3502 3725 conce-

1925 3767 2026 3837 pit,
2053 3782 2117 3822 ac
2145 3765 2470 3835 temporales
2516 3780 2671 3835 reges
2706 3765 2912 3837 genuit,
2947 3764 3086 3819 bella
3124 3765 3354 3819 suscitat
3381 3779 3504 3832 quae

1925 3861 2155 3915 multum
2178 3856 2460 3929 sanguinis
2491 3857 2742 3913 fundunt.
2776 3857 2948 3913 Porro
2973 3857 3201 3927 cupidos
3230 3855 3502 3912 discenda!

1925 3952 1995 4008 ab
2048 3967 2113 4007 ea
2161 3950 2427 4016 veritatis,
2481 3951 2629 4021 quod
2681 3949 2957 4005 contraria
3005 3948 3189 4003 omnia
3248 3948 3401 4013 dicit,
3449 3960 3504 4004 et

1924 4044 2094 4100 multa
2139 4054 2192 4100 et
2223 4044 2373 4100 varia
2402 4044 2604 4114 praebet
2631 4041 2964 4106 ministeria,
3007 4055 3252 4110 quaerere
3287 4056 3503 4109 semper

1924 4130 2168 4208 nihilque
2195 4136 2440 4192 invenire
2464 4151 2640 4206 usque
2681 4135 2748 4190 ad
2776 4143 3006 4188 mortem
3048 4132 3196 4186 facit.
3233 4130 3315 4186 Ab
3344 4132 3500 4185 initio

1924 4230 2068 4284 enim
2111 4230 2271 4285 caecis
2303 4229 2618 4284 hominibus
2667 4227 2844 4296 posita
2878 4232 2964 4280 est
3010 4225 3202 4279 mortis
3247 4224 3498 4288 occasio;

1924 4322 2058 4378 falsa
2105 4323 2373 4392 siquidem
2405 4331 2459 4378 et
2487 4321 2650 4376 dubia
2683 4329 2740 4376 et
2775 4319 2996 4390 obliqua
3021 4317 3285 4388 praedicit,
3313 4316 3502 4386 sicque

242 4404 523 4475 ἀμφίϐολα
557 4404 649 4457 καὶ
682 4402 809 4468 λοξὰ
851 4403 1264 4476 προφητεύουσα
1315 4405 1440 4465 τοὺς
1474 4405 1823 4470 πιστεύοντας

1930 4416 2204 4474 credentes
2223 4416 2444 4486 decipit.

245 4497 458 4567 ἀπατᾷ.

314 4607 484 4665 XXV.
538 4608 627 4662 Διὸ
660 4609 707 4641 ⁸ο
739 4609 816 4680 τῷ
865 4610 1188 4682 πρωτοτόκῳ
1229 4611 1400 4682 αὐτῆς
1460 4613 1818 4685 ἀμφατερίζον

245 4701 512 4772 ἐπέθηκεν
539 4703 568 4754 ὁ
604 4701 764 4771 νόμος
799 4702 968 4772 ὄνομα
1001 4702 1066 4765 ⁸⁸,
1100 4702 1372 4756 καλέσασα
1413 4704 1580 4757 Κάῖν·
1629 4705 1658 4757 ὃ
1701 4705 1821 4777 διχῇ

246 4792 364 4860 ἔχει
395 4792 492 4863 τῆς
523 4794 814 4864 ἑρμηνείας
858 4795 956 4866 τὴν
1003 4795 1246 4865 ἐκδοχὴν.
1297 4796 1687 4867 Ἐρμηνεύεται
1715 4799 1823 4871 γὰρ

1995 4612 2162 4671 XXV.
2191 4613 2459 4680 Quocirca
2498 4612 2862 4683 primogenito
2899 4625 3000 4666 suo
3047 4609 3134 4664 lex
3177 4605 3496 4676 ambiguum

1924 4705 2180 4776 imposuit
2210 4721 2431 4770 nomen,
2465 4713 2520 4759 et
2555 4703 2787 4759 Cainum
2818 4701 3049 4758 vocavit.
3105 4698 3259 4765 Quod
3299 4712 3497 4752 nomen

1924 4799 2126 4871 duplici
2160 4797 2624 4869 interpretationis
2670 4813 2835 4854 sensu
2881 4793 3165 4864 accipitur.
3197 4789 3498 4861 Exponitur

1505 4969 1742 5027 VARUS
1811 4971 2213 5031 LECTIONES.

320 5083 372 5164 ’.ἢ
406 5083 520 5134 ποτ’
660 5083 1195 5164 ιείςιίοηεωμκακὸν,
1223 5086 1606 5164 ξίιὲνετέλλετο
1635 5091 1710 5162 μὴ
1740 5094 1933 5164 φαγεῖν
1967 5115 1979 5148 ;
2010 5093 2129 5164 erui
2165 5109 2229 5146 ex
2258 5093 2447 5164 notula
2476 5091 2763 5159 marginali
2793 5090 2916 5145 eod.
2948 5088 2993 5164 Ο
3030 5129 3057 5164 ,
3093 5090 3146 5146 in
3169 5090 3286 5164 cui.
3307 5099 3495 5164 Atextu

246 5153 482 5243 legitur,
502 5153 578 5243 uati
607 5169 694 5243 ap;
814 5175 827 5210 :
860 5157 1057 5243 κακόνβ
1091 5155 1422 5243 ἐνετέλλετοὶ
1451 5153 1712 5243 Ψιίιηιξῃί
1738 5153 2106 5243 interrogandi
2143 5165 2360 5243 signum
2392 5163 2447 5216 in
2474 5153 2997 5243 punctumumutavit
3160 5153 3332 5243 ’ςέο-ὖ
3360 5176 3497 5230 pra:-

246 5223 487 5297 termisit
515 5221 571 5276 S.
645 5221 694 5255 “
722 5225 1210 5297 _I:vsp_yertxdrrapov
1234 5223 1298 5280 Ο.
1375 5227 1419 5257 ¹⁷

1459 5226 1615 5298 Quod
1646 5228 1686 5284 S
1748 5226 1995 5298 adnotat,
2034 5233 2074 5288 C
2137 5226 2377 5289 edidisse
2407 5226 2588 5296 τοῦτο,
2633 5232 2871 5296 intellige
2921 5232 2987 5286 de
3035 5231 3116 5286 Cl.
3195 5233 3245 5265 "
3283 5226 3494 5286 Sensus

244 5292 524 5373 ςειιξιςίξθίν
555 5300 615 5373 ιξι
638 5292 888 5373 ,Υοιιιίξιῧ
925 5297 1053 5373 ξώξ
1078 5292 1266 5373 οὖςίας
1311 5292 1588 5373 μετουσία.
1619 5370 1628 5373 _
1666 5300 1711 5331 "
1751 5299 1825 5355 Ita
1857 5301 1902 5355 Ο
1932 5346 1947 5368 ,
1975 5292 2034 5357 ut
2061 5302 2172 5373 jam
2200 5312 2343 5358 recte
2366 5292 2619 5357 viderunt
2643 5301 2685 5353 Ι)
2739 5292 3086 5373 etNeander,
3127 5301 3400 5373 πρωτεύει
3426 5301 3490 5373 ᾳ.

246 5361 293 5394 ³⁸
332 5363 594 5434 ἀρῤενική
633 5362 696 5418 C.

248 5431 294 5463 ”
339 5433 557 5552 ῥηματα

246 5506 334 5552 ys!
364 5518 394 5552 τ
459 5503 645 5552 ϐοαδυ-
675 5519 696 5552 1

805 5364 850 5396 ³¹
883 5366 960 5435 τῷ
995 5366 1091 5419 νῦν
1120 5364 1322 5435 κόσμῳ
1349 5365 1414 5422 Ι).

1534 5371 1578 5400 ³³
1614 5370 2168 5444 ἐπαγγελλομένουγο.
2205 5373 2733 5444 δυιήηιὶεᾷἀρρενική
2765 5372 2827 5444 C_.
2902 5372 2950 5444 ξ’
2989 5370 3395 5444 ἐπισκέπτουσα
3417 5370 3484 5424 0.

758 5434 804 5466 ³⁸
839 5436 905 5510 eo,
932 5434 1128 5510 βραδύὲ
1150 5434 1298 5510 quod
1317 5435 1466 5510 deest
1517 5438 1571 5492 in
1618 5434 1744 5510 cod.
1770 5434 1971 5496 'I’ari's.
1996 5453 2050 5497 et
2079 5443 2122 5496 0
2153 5483 2172 5507 ,
2205 5444 2416 5498 addidit
2448 5442 2486 5496 S
2513 5434 2758 5496 'auetor'c
2790 5442 2850 5496 D.
2891 5442 2932 5496 C
2993 5444 3238 5497 voluerat
3267 5460 3278 5493 :
3304 5440 3381 5510 τῷ
3401 5459 3496 5510 τα-

246 5501 753 5584 χεῖ-τὸμβραδύιιςτῷ
785 5501 986 5574 μείζονι
1012 5507 1072 5584 τὸ
1097 5501 1468 5584 ἦττον-ὑπαλλ.
1585 5527 1641 5584 τ..
1658 5508 1706 5561 λ.
1754 5581 1763 5584 _
1789 5511 1832 5542 "
1858 5512 1917 5563 ἐν
1951 5501 2165 5584 μηνίοις
2205 5512 2268 5566 C.
2335 5513 2390 5584 Α³⁷
2407 5512 2483 5584 Ita
2506 5512 2550 5566 Ο
2592 5529 2649 5584 r.
2687 5512 2724 5566 S
2752 5554 2768 5584 ν,
2810 5512 2981 5566 τίκτει
3161 5512 3205 5543 ³⁸
3236 5511 3310 5565 Ita
3340 5501 3392 5584 et
3422 5509 3469 5584 ρ

249 5574 303 5652 in
345 5580 516 5652 lex-tn).
548 5574 697 5652 μαθῇ
735 5574 990 5652 marg.
1182 5576 1558 5652 eodem‘omisi
1581 5579 1642 5634 Ci
1668 5649 1677 5652 _
1703 5581 1773 5632 τά
1811 5589 1933 5633 ante
1951 5574 2196 5636 ἐναντία.
2230 5582 2532 5637 Articulum
2568 5583 2860 5636 delendum
2893 5598 3013 5637 esse
3033 5583 3146 5652 jam
3195 5582 3402 5636 notavit
3422 5580 3484 5652 S.

250 5641 298 5673 ”
333 5643 448 5693 αίεί
478 5641 539 5696 C.

254 5710 522 5771 ἐπέθηκεν
559 5718 585 5766 ὁ
620 5715 780 5777 νόμος
817 5717 876 5768 Ο.

653 5643 700 5726 ξθ
721 5645 799 5695 Δι’
823 5645 855 5726 ξ
888 5643 962 5699 Cf
1038 5646 1078 5677 “
1114 5646 1240 5702 Dedi
1271 5645 1537 5718 ἐπέθηκεν
1565 5652 1592 5703 ὁ
1623 5649 1783 5722 νόμος
1808 5651 1985 5722 ὄνομα
2041 5653 2244 5723 Iogiccs
2294 5653 2502 5708 ratione
2551 5653 2806 5709 inductus
2827 5695 2840 5721 ,
2899 5643 3164 5726 ἐπέθηκεν
3193 5651 3362 5724 ὃνομα
3393 5651 3457 5707 C.
