3986 6164
487 321 588 377 127

1331 322 1393 376 5.
1439 325 1834 384 CLEMENTIS
1867 327 1887 382 Ι
1922 326 2089 400 ROM.
2124 324 2324 384 ΡΟΝΤ.
2360 328 2584 384 OPERA
2618 330 2842 386 DUBIA.

3626 330 3728 386 i28

480 437 624 490 enim
676 444 729 490 et
781 438 1039 510 possessio
1096 445 1150 492 et
1203 440 1492 508 mtuulatio,
1546 443 1690 512 quod
1739 445 1792 498 in
1848 446 2044 500 futuris

2162 441 2254 494 καὶ
2287 443 2498 513 κτῆσις
2529 448 2572 479 ⁸³
2599 449 2710 522 (6-1)
2744 452 2836 506 καὶ
2860 452 3058 522 ζῆλος,
3083 455 3159 518 ὡς
3185 453 3378 525 ζηλοῦν
3399 453 3564 508 αὐτοῦ
3598 455 3725 524 μέλ·

480 532 835 588 murrulaturus
874 540 1020 585 esset
1070 532 1151 586 vel
1194 533 1495 602 mulierem,
1540 537 1620 589 vel
1655 538 2046 606 possessiones,

479 625 562 676 vel
597 639 836 677 amorem
871 635 1151 693 parentum
1185 641 1309 696 erga
1335 629 1502 682 illam.
1538 628 1692 694 Quod
1745 631 1790 684 si
1837 631 2047 685 nullum

477 732 666 769 eorum
727 716 830 782 sit,
887 717 1049 772 etiam
1103 722 1182 774 sic
1232 730 1379 775 recte
1429 723 1793 790 possessionis
1849 740 2045 779 nomen

477 810 702 864 sortitus
754 820 855 864 est.
905 809 1039 864 Nam
1081 829 1204 865 eum
1249 814 1481 882 primum
1522 818 1778 885 possedit,
1819 819 1961 887 quod
1995 828 2049 873 et

478 900 581 968 ipsi
609 903 954 957 commodum
989 903 1109 958 fuit.
1152 904 1275 960 Fuit
1299 916 1477 961 autem
1514 909 1784 964 homicida
1818 919 1874 964 et
1904 927 2050 966 mcu-

475 993 604 1060 dax,
635 1003 836 1049 etcum
865 999 1099 1065 peccatis
1149 999 1427 1068 quiescere
1461 1016 1636 1070 neque
1671 1018 1701 1057 a
1744 1004 2046 1074 principatu

475 1084 662 1139 voluit.
711 1085 815 1140 Sed
859 1098 914 1142 ct
956 1090 1048 1158 qui
1093 1105 1159 1144 ex
1212 1091 1357 1146 illius
1404 1093 1748 1148 successione
1777 1100 2046 1166 progressi

474 1188 624 1244 sunt,
648 1180 805 1248 primi
830 1182 1058 1236 adulteri
1095 1184 1389 1248 exstitere;
1424 1193 1478 1238 et
1505 1186 1756 1253 psalteria
1788 1187 2050 1242 citharas-

471 1287 580 1340 qne
605 1274 997 1341 temperabant,
1022 1291 1121 1329 nec
1148 1291 1252 1328 non
1279 1276 1597 1332 bellicorum
1641 1295 1918 1334 armorum
1951 1297 2048 1336 ex-

475 1379 696 1419 cusores
726 1364 849 1420 facti
882 1376 1028 1421 sunt.
1068 1367 1273 1423 Idcirco
1296 1377 1350 1423 et
1375 1381 1711 1439 posterorum
1743 1374 2044 1441 prophetia,

473 1457 733 1512 adulteris
763 1468 816 1512 et
849 1459 1120 1528 psalteriis
1153 1461 1330 1530 plena,
1364 1463 1501 1516 clam
1536 1479 1632 1534 per
1653 1465 1955 1537 voluptates
1977 1467 2046 1522 ad

471 1547 608 1602 bella
640 1550 952 1605 concitavit.

537 1638 728 1696 XXVI.
778 1642 879 1708 Qui
937 1659 1065 1699 vero
1109 1645 1251 1702 inter
1301 1647 1441 1703 lilios
1491 1649 1774 1705 hominum
1827 1651 2043 1707 insitam

2159 531 2336 599 λοντος
2366 537 2424 592 ἐν
2453 542 2566 605 τοῖς
2591 542 2863 614 ἐσομένοις
2890 545 2924 616 ἢ
2957 549 3191 615 γυναῖκα
3216 545 3250 616 ἦ
3279 547 3533 616 κτήματα
3561 545 3595 617 ἢ
3629 547 3726 617 τὴν

2155 624 2263 680 τῶν
2290 628 2489 697 γονέων
2519 633 2654 703 πρὸς
2679 634 2846 709 αὐτὴν
2869 639 3106 709 στοργήν
3138 637 3268 708 (65).
3299 638 3362 690 Εἰ
3394 637 3450 691 δὲ
3480 639 3589 708 ἄρα
3618 637 3722 707 91

2151 723 2314 793 μηδὲν
2346 722 2552 776 τούτων
2579 723 2824 794 γένηται,
2859 726 2954 778 καί
2977 724 3150 788 οὕτως
3175 725 3235 778 τὸ
3263 725 3448 796 κτῆμα
3477 725 3727 794 λέγεσθαι

2148 815 2328 877 καλῶς
2375 817 2767 870 ἐπιτέτευκται.
2819 817 2990 870 Αὑτὸν
3030 817 3140 889 γὰρ
3185 818 3400 889 πρῶτον
3437 820 3724 889 ἐκτήσατο,
3783 856 3795 868 .

2147 911 2283 978 ὅπερ
2311 909 2446 980 αὐτῇ
2474 909 2519 940 ⁸³
2546 911 2640 963 καὶ
2679 909 3092 980 ἐχρησίμευσεν.
3127 911 3324 974 Φονεὺς
3355 911 3464 982 γάρ
3519 907 3588 982 ἦν
3633 913 3726 964 καὶ

2146 1001 2384 1071 ψεύστης
2416 1001 2511 1055 καί
2548 1001 2687 1072 μετὰ
2718 1001 2998 1072 ἁμαρτιῶν
3029 1002 3319 1071 ἡσυχάζειν
3351 1004 3486 1074 μηδὲ
3521 1003 3615 1055 ἐπὶ
3649 1002 3726 1072 τῷ

2145 1096 2334 1167 ἄρχειν
2366 1095 2555 1149 θέλων.
2585 1096 2704 1148 Ἔτι
2737 1095 2843 1166 μὴν
2871 1095 2963 1148 καὶ
2998 1097 3049 1148 οἰ
3081 1095 3188 1149 ἀπὸ
3212 1097 3311 1166 τῆς
3336 1095 3524 1148 τούτου
3555 1095 3725 1148 διαδο-

2146 1188 2246 1258 κῆς
2274 1187 2696 1258 προεληλυθότες
2725 1187 2930 1260 πρῶτοι
2961 1189 3137 1259 μοιχοὶ
3161 1187 3433 1256 ἐγένοντοο
3467 1187 3560 1239 καὶ
3590 1186 3726 1256 ψαλ·

2144 1281 2307 1352 τήρια
2337 1282 2432 1333 καὶ
2463 1280 2691 1352 κιθάρας
2733 1281 3037 1351 ἡρμόσαντο
3066 1281 3134 1345 ιδ,
3174 1283 3268 1334 καὶ
3299 1281 3516 1351 χαλκεῖς
3545 1280 3724 1334 ὅπλων

2144 1373 2454 1444 πολεμικῶν
2486 1373 2748 1442 ἐγένοντο.
2789 1372 2879 1426 Διδ
2913 1373 3006 1426 καὶ
3045 1374 3080 1443 ἡ
3110 1372 3218 1427 τῶν
3249 1373 3487 1442 ἐγγόνων
3513 1390 3725 1444 προφη-

2144 1465 2283 1530 τεία,
2321 1465 2525 1537 μοιχῶν
2566 1467 2659 1519 καὶ
2701 1455 3010 1536 ψαλτηρίων
3046 1465 3317 1536 γέμουσα,
3359 1463 3723 1528 λανθανόντως

2143 1559 2232 1612 διά
2259 1559 2367 1612 τῶν
2388 1558 2725 1630 ἡδυπαθειῶν
2756 1558 2831 1621 ὡς
2851 1557 2976 1620 τοὺς
2999 1557 3266 1627 πολέμους
3292 1557 3515 1627 ἐγείρει.

2168 1660 2171 1665 ’
2212 1649 2402 1704 XXVI.
2445 1653 2503 1703 ὐ
2546 1651 2603 1704 δὲ
2647 1651 2706 1703 ἐν
2749 1652 2884 1713 υἱοῖς
2927 1648 3230 1721 ἀνθρώπων
3265 1649 3597 1719 προφητείαν
3624 1649 3722 1719 ἐμ-

469 1733 805 1803 propbetiam
861 1737 1056 1793 animae
1106 1741 1382 1811 propriam
1439 1743 1750 1809 obtinebat,
1792 1761 2046 1814 expresse

2149 1760 2312 1812 φυτον
2351 1743 2527 1813 ψυχῆς
2582 1743 2717 1796 ἰδίαν
2759 1742 2919 1813 ἔχων,
2977 1741 3155 1814 ῥητῶς
3198 1741 3286 1811 ,ὼς
3335 1741 3508 1812 ἄρσην
3544 1741 3593 1774 ⁴⁵⁸
3625 1740 3720 1794 τοῦ

471 1838 529 1881 ιιι
566 1829 863 1896 masculus,
907 1830 1075 1887 futuri
1125 1835 1308 1889 saeculi
1356 1851 1506 1905 spem
1558 1836 1825 1901 indicans,
1873 1839 2041 1895 filium

469 1935 626 1974 suum
683 1923 892 1976 vocavit
936 1923 1105 1991 Abel,
1164 1925 1309 1994 quod
1349 1927 1556 1997 abSque
1615 1929 1723 1984 ulla
1775 1931 2044 2001 ambigui-

466 2020 576 2066 tate
611 2014 835 2069 vertitur
854 2015 1046 2071 luctus.
1073 2015 1226 2074 Filiis
1253 2019 1399 2074 enim
1433 2021 1548 2076 suis
1573 2022 1760 2077 tribuit
1788 2023 1914 2079 flere
1937 2024 2046 2080 fra-

468 2114 578 2161 tres
609 2122 738 2162 suos
783 2109 877 2178 qui
918 2109 1125 2179 decepti
1170 2110 1390 2169 fuerint.
1441 2112 1557 2169 Non
1593 2117 1872 2182 mentitur,
1912 2118 2042 2174 dum

465 2199 732 2268 promittit
773 2203 883 2258 illis
923 2205 1354 2261 consolationem
1388 2207 1442 2262 in
1485 2207 1668 2264 futuro
1697 2212 1918 2267 saeculo.
1955 2213 2044 2268 Ait

467 2307 633 2346 ιιιιιιιιι
665 2293 837 2348 solum
874 2294 1042 2352 Deum
1091 2299 1387 2369 rogandum
1416 2315 1538 2356 esse
1573 2318 1586 2356 :
1618 2301 1750 2358 deos
1795 2320 1893 2359 nec
1929 2304 2044 2374 ipse

465 2383 616 2449 dicit,
651 2403 825 2457 neque
858 2389 1012 2445 alteri
1055 2391 1254 2447 dicenti
1303 2393 1494 2449 credit.
1526 2393 1735 2449 Bonum
1767 2396 1910 2465 quod
1945 2399 2042 2452 ha-

466 2476 554 2530 bet
579 2488 778 2546 servat,
803 2481 1146 2552 ampliusque
1165 2495 1344 2555 auget.
1373 2483 1670 2549 Sacriﬁcia,
1697 2489 2038 2557 sanguinem,

464 2569 750 2626 libationes
780 2573 893 2626 odit
923 2592 935 2628 :
972 2584 1174 2639 castos,
1207 2593 1397 2646 puros,
1434 2588 1652 2634 sanctos
1694 2580 1885 2650 diligit.
1929 2581 2039 2636 Ex-

465 2661 692 2729 stinguit
727 2679 943 2718 arartnn
980 2665 1182 2736 ignem,
1238 2667 1378 2722 bella
1412 2669 1610 2736 abolet,
1637 2668 1796 2724 docet
1828 2687 2037 2741 pacem,

463 2752 770 2808 castitatem
813 2757 1075 2825 praecipit,
1105 2768 1323 2826 peccata
1352 2760 1554 2829 expiat,
1593 2762 1811 2830 nuptias
1840 2765 2035 2832 sancit,

465 2845 853 2914 continentiam
892 2849 1159 2915 concedit,
1191 2866 1382 2906 omnes
1408 2852 1475 2906 ad
1516 2852 1828 2922 pudicitiam
1867 2855 2038 2909 addu-

465 2937 559 3000 cit,
599 2938 978 2995 misericordes
1017 2939 1168 3007 facit,
1209 2943 1475 3013 justitiam
1527 2944 1789 3010 decernit,
1821 2962 2037 3001 eorum-

464 3045 569 3096 que
622 3030 892 3098 perfectos
945 3033 1260 3104 consignat,
1310 3044 1363 3090 et
1426 3039 1684 3107 requietis
1727 3056 2033 3097 sermonem

465 3122 698 3190 profert;
754 3135 902 3180 certa
962 3128 1265 3196 prophetat,
1310 3129 1456 3184 clara
1498 3105 1650 3197 dicit,
1688 3133 1863 3204 ignem
1903 3151 2032 3206 sup-
2060 3105 2104 3164 c

468 3215 612 3281 plicii
661 3226 921 3272 zeternum
983 3219 1295 3288 frequenter
1337 3215 1752 3290 commemorat,
1802 3243 2028 3297 regnum

469 3304 556 3357 Dei
595 3308 814 3363 assidue
862 3311 1172 3378 annuntiat,
1206 3315 1455 3371 caelestes
1507 3317 1726 3374 divitias
1774 3323 2028 3387 ostendit,

464 3400 690 3466 gloriam
727 3412 1038 3473 perpetuam
1073 3406 1377 3476 pollicetur,
1412 3412 1616 3479 peccati
1641 3411 2028 3485 indulgentiam

463 3509 624 3561 opere
650 3497 1009 3552 demonstrat.

535 3583 745 3640 XXVII.
775 3587 916 3654 Quid
944 3605 1082 3660 Opus
1108 3601 1190 3648 est
1224 3592 1436 3647 verbis?
1480 3592 1596 3648 Mas
1645 3603 1793 3650 totus
1831 3598 2030 3654 veritas

461 3687 566 3743 est,
603 3677 801 3734 femina
830 3691 938 3736 tota
966 3684 1209 3739 seductio
1232 3702 1246 3741 :
1283 3687 1375 3755 qui
1410 3697 1590 3741 antem
1618 3702 1680 3742 ex
1707 3691 1949 3744 masculo
1973 3703 2029 3748 et

463 3770 662 3825 femina
721 3775 875 3828 (irtus
929 3787 1032 3840 est,
1078 3778 1272 3844 partim
1318 3779 1603 3844 mentitur,
1663 3783 1859 3850 partim
1901 3800 2025 3840 vera

465 3863 734 3930 przedieat.
761 3865 981 3922 Femina
1009 3868 1175 3934 enim,
1209 3870 1485 3938 proprium
1525 3860 1842 3942 sanguinem
1881 3877 2026 3933 velut

463 3956 686 4010 rubrum
727 3958 903 4028 ignem
951 3960 1073 4014 albo
1108 3963 1332 4016 masculi
1366 3963 1586 4032 cingens
1630 3967 1856 4032 semine,
1897 3969 2026 4026 alie-

462 4046 547 4101 nis
597 4047 923 4107 fulcimentis
960 4053 1380 4108 imbecillitatem
1423 4057 1628 4110 ossium
1663 4073 1886 4114 suorum
1930 4064 2022 4116 lir-

462 4148 574 4193 niat
607 4159 618 4194 :
655 4157 719 4196 ac
739 4146 1065 4214 temporario
1093 4146 1274 4201 carnis
1299 4144 1428 4201 flore
1455 4148 1714 4204 delectata
1739 4150 2022 4210 brevibus-

2147 1836 2426 1907 μέλλοντος
2445 1834 2638 1898 αἰῶνος
2659 1835 2757 1898 τὰς
2785 1834 3004 1898 ἐλπίδας
3035 1834 3272 1906 μηνύων,
3293 1834 3383 1887 τὸν
3412 1833 3576 1886 αὑτοῦ
3605 1835 3721 1887 υἱὸν

2142 1928 2580 1999 προσηγόρευσεν
2612 1925 2786 1989 Ἀϐἐλ,
2809 1926 2838 1980 ὃ
2865 1927 2990 1981 ἄνευ
3024 1926 3206 1997 πάσης
3223 1924 3549 1996 ἀμφιϐολίας
3572 1924 3719 1980 Πέγ-

2143 2024 2244 2088 θος
2272 2019 2647 2091 ἑρμηνεύεται.
2676 2020 2896 2073 Πενθεῖν
2915 2019 3022 2090 γὰρ
3047 2022 3158 2082 τοῖς
3189 2018 3352 2072 αὐτοῦ
3385 2019 3520 2082 υἱοῖς
3550 2018 3723 2090 παρέ-

2141 2134 2226 2188 χει
2283 2116 2408 2178 τοὺς
2463 2111 2914 2183 ἐξαπατωμένους
2970 2110 3229 2178 ἀδελφοὺς
3272 2110 3468 2164 αὐτῶν.
3532 2109 3720 2178 Ἀψευ-

2144 2211 2259 2262 στεῖ
2280 2209 2326 2239 ⁵⁸
2356 2207 2538 2270 αὐτοῖς
2568 2207 2625 2259 ἐν
2655 2205 2734 2276 τῷ
2773 2203 3016 2274 μέλλοντι
3048 2201 3201 2254 αἰῶνι
3248 2200 3344 2271 τὴν
3374 2199 3720 2272 παράκλησιν

2141 2300 2564 2372 ὑπισχνούμενος
2590 2298 2657 2352 ⁵⁷.
2692 2296 2823 2351 Θεὸν
2848 2296 2942 2349 ἕνα
2975 2295 3130 2365 μόνον
3163 2296 3333 2347 αἰτεῖν
3353 2294 3528 2362 λέγει·
3564 2294 3718 2357 θεοὺς

2141 2393 2266 2448 οὔτε
2288 2393 2448 2457 αὐτὸς
2479 2391 2527 2424 ⁸⁸
2549 2391 2718 2458 λέγει,
2745 2388 2867 2442 οὔτε
2898 2387 3042 2458 ἄλλῳ
3070 2385 3280 2456 λέγοντι
3307 2385 3570 2439 πιστεύει.
3605 2387 3719 2438 Κα-

2139 2487 2229 2542 λὸν
2265 2487 2294 2540 ὃ
2337 2485 2450 2556 ἔχει
2490 2486 2648 2556 τηρεῖ
2675 2483 2769 2536 καὶ
2801 2481 2893 2534 ἐπὶ
2910 2479 3126 2534 πλείονα
3155 2477 3327 2543 αὔξει.
3361 2477 3582 2543 Θυσίας,
3617 2478 3704 2530 αῖ-

2141 2597 2307 2650 ματα.
2331 2577 2560 2641 σπονδὰς
2578 2578 2752 2646 μισεῖ·
2772 2574 2987 2643 ἁγνοὺς,
3006 2571 3298 2643 καθαροὺς,
3314 2570 3490 2634 ὁσίους
3503 2571 3711 2640 ἀγαπᾷ.

2139 2669 2258 2740 Πῦρ
2291 2668 2488 2738 βωμῶν
2511 2667 2808 2730 σϐέννυσιν,
2836 2665 3096 2736 πολέμους
3125 2665 3406 2734 καταργεῖ,
3428 2663 3646 2732 εἰρήνην
3668 2661 3714 2693 ⁸⁸

2136 2762 2409 2826 διδάσκει,
2482 2758 2830 2830 σωφροσύνην
2884 2755 3222 2818 ἐντέλλεται,
3287 2753 3386 2816 τὰς
3444 2754 3716 2826 ἁμαρτίας

2137 2852 2409 2924 καθαίρει,
2455 2851 2632 2922 γάμον
2677 2849 3020 2921 νομιστεύει,
3070 2845 3392 2917 ἐγκράτειαν
3421 2849 3714 2916 συγχωρεῖ,

2137 2952 2216 3012 είς
2244 2946 2458 3018 ἁγνείαν
2487 2946 2694 3008 πάντας
2723 2944 2869 3012 ἄγει,
2893 2940 3271 3011 ἐλεημονικοὺς
3317 2939 3478 3000 ποιεῖ,
3508 2937 3714 2991 δικαιο-

2141 3041 2302 3113 σύνην
2332 3037 2657 3111 νομιστεύει,
2678 3034 2921 3105 τοὺς92
2945 3032 3179 3094 τελείους
3201 3029 3378 3086 αὐτῶν
3402 3029 3714 3101 σφραγίζει,

2135 3137 2230 3191 καὶ
2256 3135 2347 3188 τὸν
2374 3133 2472 3204 τῆς
2500 3128 2859 3191 ἀναπαύσεως
2890 3126 3046 3194 λόγον
3089 3123 3355 3193 ἐκφαίνει,
3406 3121 3545 3194 ῥητὰ
3576 3138 3715 3192 προ-

2137 3229 2379 3300 φητεύει,
2411 3224 2552 3296 σαφῆ
2575 3222 2742 3291 λέγει,
2778 3219 2888 3292 πῦρ
2926 3217 3139 3272 αἰώνιον
3186 3217 3454 3280 κολάσεως
3493 3217 3716 3281 πυκνῶς

2137 3320 2559 3392 ὑπομιμνήσκει,
2593 3314 2866 3386 βασιλείαν
2898 3310 3032 3365 Θεοῦ
3069 3309 3303 3379 συνεχῶς
3335 3309 3713 3377 καταγγέλλει,

2135 3411 2359 3468 πλοῦτον
2407 3410 2654 3481 οὐράνιον
2707 3405 2918 3478 μηνύει,
2968 3403 3120 3470 δόξαν
3181 3404 3536 3472 ἀναφαίρετον
3583 3404 3713 3456 ὑπι-

2135 3505 2455 3579 σχνεῖται⁸⁰,
2479 3505 2577 3576 τῆς
2601 3501 2873 3574 ἁμαρτίας
2904 3500 3004 3570 τὴν
3033 3499 3223 3568 ἄφεσιν
3248 3498 3391 3569 ἔργῳ
3420 3496 3709 3551 δείκνυσιν.

2206 3596 2419 3651 XXVII.
2446 3596 2555 3650 Kal.
2579 3594 2632 3647 τί
2678 3594 2757 3646 δεῖ
2792 3591 3003 3660 λέγειν;
3045 3591 3103 3644 '0
3140 3591 3312 3662 ἄρσην
3339 3591 3381 3620 ⁸⁸
3411 3589 3545 3653 ὅλως
3575 3590 3712 3661 ἀλή-

2137 3691 2274 3756 θεια,
2304 3692 2338 3762 ή
2371 3689 2560 3760 θήλεια
2597 3687 2692 3759 ὅλη
2723 3686 2921 3755 πλάνη,
2962 3685 2991 3737 ό
3031 3682 3088 3736 δὲ
3129 3682 3190 3748 ἐξ
3219 3684 3441 3754 ἄρσενος
3475 3684 3568 3736 καὶ
3610 3683 3712 3754 θηέ-

2133 3784 2280 3847 λείας
2319 3779 2555 3851 γεγονὼς
2601 3779 2638 3833 ἃ.
2687 3779 2782 3850 μὲν
2831 3776 3103 3847 ψεύδεται,
3145 3775 3182 3828 ἃ
3215 3775 3272 3828 δὲ
3322 3774 3595 3847 ἀληθεύει.
3644 3777 3713 3830 Ἡ

2131 3877 2240 3948 γὰρ
2287 3875 2493 3948 θήλεια,
2544 3873 2655 3943 ἰδίῳ
2693 3871 2882 3941 αἵματι
2917 3869 3103 3940 ὥσπερ
3133 3867 3347 3939 ἐρυθρῷ
3388 3870 3522 3940 πυρὶ
3556 3886 3713 3939 περι-

2131 3969 2399 4023 ϐάλλουσα
2436 3967 2497 4020 τὸ
2533 3963 2625 4018 τοῦ
2665 3966 2888 4036 ἄρσενος
2912 3962 3101 4015 λευκὸν
3147 3961 3385 4033 σπέρμα,
3412 3961 3714 4034 ἀλλοτρίοις

2129 4063 2447 4136 ἑρείσμασιν
2477 4059 2676 4113 ὀστέων
2708 4059 2769 4110 τὸ
2803 4057 3025 4119 ἀσθενὲς
3057 4055 3227 4126 αὐτῆς
3262 4055 3586 4127 συνίστησιν,
3617 4060 3712 4112 καὶ

2127 4155 2205 4227 τῷ
2233 4154 2334 4224 τῆς
2363 4152 2562 4225 σαρκὸς
2589 4149 2909 4224 προσκαίρῳ
2938 4147 3089 4204 ἄνθει
3118 4147 3407 4220 τέρπουσα,
3441 4147 3534 4201 καὶ
3570 4147 3711 4220 βρα-

1739 4283 1976 4343 VARle
2043 4287 2443 4345 LEC-TIONES.

534 4399 582 4470 ff
619 4394 691 4449 lla
730 4397 792 4470 ρ,
853 4403 907 4450 et
934 4411 1009 4470 ex
1062 4396 1292 4466 conject.
1359 4395 1600 4470 C,c_uj.
1655 4399 1778 4470 cod.
1837 4401 2028 4465 κτίσις.

2142 4403 2200 4459 Γιτ.
2255 4405 2389 4460 Gen.
2443 4418 2518 4469 tv,
2569 4402 2620 4457 l.
2696 4401 2742 4434 “
2765 4401 2842 4456 Ita
2895 4399 2959 4464 O,
3003 4415 3052 4454 c.
3099 4399 3187 4467 D,
3225 4399 3360 4470 αὐτή
3395 4398 3477 4470 C.
3537 4398 3710 4470 “sed.

463 4467 684 4537 κιθάραι
729 4466 771 4520 C
802 4509 816 4532 ,
855 4466 952 4537 qui
1000 4476 1183 4537 postea
1239 4482 1345 4521 ser.
1403 4466 1469 4519 δι’
1516 4468 1562 4520 ὅ.

1687 4469 1732 4500 ⁸⁸
1770 4470 1926 4543 ᾇρσιν
1984 4475 2044 4524 Ο.

2147 4475 2166 4505 ⁸
2201 4468 2511 4543 decuma
2544 4476 2604 4526 0.
2665 4473 2780 4538 Qua
2827 4473 3053 4543 lectione
3079 4479 3324 4543 receptag
3350 4468 3704 4543 scribendum

461 4536 607 4591 esse,
639 4537 854 4591 videtur
883 4555 896 4590 :
929 4536 1152 4623 llavOsi’v
1214 4537 1338 4623 γὰρ.
1364 4540 1486 4618 τοῖς.
1514 4536 1677 4590 αὑτοῦ
1719 4536 1903 4623 ὐἱοῖξυ
1938 4543 2185 4623 παρέχει.
2210 4536 2334 4608 τοὺς
2390 4536 3137 4623 ἐξαπατωμένους-αδελφοὺς
3179 4536 3386 4623 αὐτῶν,
3418 4539 3707 4623 άψευῌστείν

464 4608 668 4672 αὐτοῖς,
690 4625 746 4660 κ.
775 4623 827 4660 τ.
863 4607 913 4659 λ.
939 4605 1018 4658 Eo
1050 4616 1252 4675 spectat
1279 4605 1339 4659 (2i
1365 4607 1677 4675 conjectura
1707 4609 1929 4681 dt'suoij,
1952 4605 2053 4680 qua

465 4689 524 4730 ut
559 4677 603 4730 0
663 4698 675 4732 :
708 4676 1184 4733 ὐπισγνουμένους.
1227 4676 1485 4733 Deinci'ns
1513 4676 1710 4733 λέγειν.
1743 4628 1966 4733 1θεούςίὲ
1999 4699 2012 4733 :
2045 4682 2053 4733 1

2153 4614 2192 4668 S
2242 4605 2743 4684 parum—intelleiit.
2818 4613 2860 4642 δ”
2893 4611 2969 4669 ιω
2993 4605 3140 4680 conj.
3175 4609 3216 4664 C
3249 4651 3264 4673 ,
3297 4611 3436 4664 idem
3464 4605 3516 4662 in
3549 4619 3702 4690 textu

2144 4703 2241 4733 ων.
2274 4683 2429 4733 θεούς
2463 4683 2502 4733 S
2556 4698 2601 4733 c.
2646 4682 2700 4733 D.
2777 4683 2823 4714 "
2860 4680 3054 4733 αὐτούς
3083 4686 3144 4733 Ο.
3221 4680 3264 4712 ’⁸⁸
3307 4681 3526 4733 εἰρήνην
3556 4679 3679 4732 ιιιο

465 4689 524 4730 ιιι
559 4677 603 4730 0
663 4698 675 4732 :
708 4676 1184 4747 ὑπισχνουμένους.
1227 4676 1485 4747 Deinci'ps
1513 4676 1710 4746 λέγειν,

463 4748 678 4802 additur
703 4747 768 4801 ad
793 4745 987 4802 orm;
1048 4748 1094 4778 ⁶⁰
1117 4745 1191 4799 lta
1225 4746 1264 4799 Ι)

463 4819 522 4871 Cl
575 4818 779 4889 ἄρσενι
817 4818 956 4872 unde
987 4816 1024 4871 S
1078 4818 1453 4888 corrigendus.
1491 4816 1629 4871 Tum
1661 4820 1781 4883 ὅλος
1818 4816 1883 4877 Ο.

1781 4682 1902 4743 εούς
1927 4681 1966 4735 (2
1999 4699 2012 4745 ;
2045 4681 2429 4751 λέγωνξθεούς
2463 4683 2502 4737 S
2556 4698 2601 4738 c.
2646 4682 2700 4734 D.

2777 4683 2823 4714 "
2860 4680 3054 4743 αὐτούς
3221 4680 3280 4766 δέ.
3307 4681 3526 4766 εέρήνην
3556 4680 3609 4732 ἱιι
3633 4679 3679 4732 0

1314 4748 1480 4816 proba
1491 4756 1604 4824 nte,
1737 4751 2051 4824 ὑποσχεῖται

2181 4755 2246 4808 Et
2275 4754 2680 4824 Onooxseauegi
2706 4767 2867 4824 posse
2901 4759 3052 4806 notat
3078 4751 3163 4806 Cl.
3240 4751 3283 4783 "
3316 4747 3431 4804 Non
3463 4747 3504 4804 (Γ.
3535 4791 3551 4815 ,
3601 4751 3699 4804 sed

1733 4932 2097 4991 VARIORUM
2127 4933 2372 4993 NOTAE.

540 5037 648 5108 (64)
691 5040 1098 5117 Ἐρμηνεύετᾳι
1127 5037 1362 5117 κτῆσις.
1388 5040 1546 5117 Ratio
1575 5045 1908 5117 etymologiae
1936 5047 2031 5101 de-

2142 5049 2413 5114 ldamum,
2447 5058 2507 5103 ut
2533 5057 2585 5103 et
2618 5048 2670 5104 in
2698 5047 3052 5113 Theodorito,
3085 5046 3376 5110 Eucherio,
3403 5057 3566 5117 atque
3594 5047 3701 5102 lsi-

467 5109 705 5182 claratur
740 5111 880 5182 iGen.
928 5128 998 5172 Iv,
1037 5113 1090 5173 t,
1129 5111 1364 5181 hincque
1406 5115 1549 5182 apud
1584 5109 1782 5170 nfultos
1811 5109 2028 5173 Patres.

467 5181 572 5237 Sed
629 5181 904 5249 paululum
958 5183 1242 5250 detorquet
1295 5182 1353 5240 S.
1393 5183 1713 5241 Ambrosius
1751 5187 1846 5242 lib.
1896 5202 1912 5239 ι
1953 5186 2028 5243 De

463 5253 616 5327 Abele
673 5263 720 5306 et
773 5253 1081 5327 Cuinorap.
1130 5259 1178 5310 l.
1206 5257 1340 5311 Cain
1382 5256 1566 5327 dictus
1597 5265 1685 5327 est
1721 5257 2024 5327 acquisitio,

461 5325 598 5393 quod
646 5324 953 5396 omniasibi
991 5327 1277 5395 acquirerct
1310 5341 1328 5378 :
1362 5335 1484 5396 post
1511 5324 1845 5396 Philonem;
1866 5328 2026 5396 cujus

465 5395 576 5447 haec
608 5403 732 5448 sunt
765 5394 1057 5449 initiolihri
1095 5398 1161 5450 de
1204 5394 1488 5451 sacriﬁciis
1534 5395 1716 5450 Abelis
1744 5406 1798 5450 et
1821 5394 1978 5451 Caiui
2006 5415 2020 5462 ;

465 5464 1055 5538 Kdtivﬁntxalodpsvo;
1074 5466 1284 5536 κτῆσις,
1321 5465 1470 5538 παρὰ
1500 5465 1561 5538 το
1591 5465 1660 5518 τὰ
1692 5467 1897 5538 πάνταγ
1931 5484 2026 5519 κε-

465 5534 688 5605 κτῆσθαι
707 5534 916 5600 δοκεῖν,
943 5546 1001 5590 ιιι
1037 5534 1244 5590 mittam
1275 5537 1375 5590 alia
1405 5534 1651 5605 ejusdem
1698 5537 1841 5590 libri.
1869 5537 2025 5603 Quod

465 5603 700 5659 deterius
729 5607 922 5674 potiori
953 5607 1197 5662 insidiari
1231 5609 1400 5660 soleat
1439 5603 1496 5675 Vp.
1541 5605 1664 5658 161.
1717 5605 2023 5660 Notandum

465 5685 643 5744 autem
702 5685 804 5734 est.
859 5675 1021 5730 Evam
1067 5676 1154 5729 hic
1201 5687 1252 5730 et
1301 5677 1440 5744 apud
1480 5677 1928 5744 tilirysostomum
1961 5693 2024 5730 ac

465 5741 805 5813 l‘rocopinm,
837 5747 1111 5816 imponere
1144 5741 1349 5801 nomen
1373 5746 1570 5811 Cai'lo;
1596 5741 1723 5816 cap.
1763 5764 1886 5801 vero
1917 5747 1985 5800 4:).
2005 5789 2018 5812 ,

2131 5119 2266 5174 doro
2299 5139 2311 5174 :
2342 5120 2494 5188 juxta
2525 5121 2653 5173 illud
2686 5117 2746 5172 Β.
2781 5119 3069 5188 Augustini
3103 5134 3192 5182 xv,
3234 5117 3312 5170 De
3343 5118 3553 5172 civitate
3577 5118 3700 5180 Dei,

2131 5190 2296 5244 0.17:
2329 5190 2463 5242 Cain
2500 5200 2674 5242 autem
2708 5190 3087 5256 interpretatur
3111 5190 3410 5257 possessio;
3439 5189 3577 5240 unde
3616 5189 3705 5240 di-

2129 5269 2270 5312 ctum
2291 5269 2367 5312 est
2395 5261 2606 5328 quando
2629 5268 2784 5311 natus
2808 5269 2906 5323 est,
2937 5259 3044 5310 sive
3065 5274 3099 5328 ιι
3134 5267 3306 5326 patre,
3338 5261 3443 5312 sive
3467 5275 3499 5310 a
3530 5268 3704 5314 matre

2128 5329 2242 5397 ejus
2268 5344 2285 5381 :
2315 5348 2334 5380 ι
2370 5327 2638 5398 Αεᾳιιὶδίυῖ
2661 5329 2920 5398 hominem
2949 5343 3040 5396 per
3066 5327 3250 5381 Deum.
3293 5347 3317 5398 ι
3343 5327 3483 5384 Co'r.

2199 5399 2313 5468 (65)
2353 5400 2414 5452 Ἠ
2458 5396 2572 5468 τὴν
2609 5397 2729 5451 τῶν
2758 5398 3157 5468 γονέῳνᾷπρὸς
3185 5397 3377 5468 αὐτὴν
3411 5396 3698 5466 στοργήν.

2132 5466 2311 5524 Facile
2341 5479 2456 5523 erat
2480 5466 2954 5538 corrigerei‘A6éA.
2979 5466 3085 5521 Sed
3111 5484 3209 5521 nos
3233 5467 3284 5521 in
3317 5469 3437 5522 istis
3457 5469 3703 5538 Apocry-

2133 5540 2256 5609 phis
2301 5555 2443 5612 aegre
2473 5540 2766 5612 quidquam
2813 5550 3110 5612 mutamus.
3143 5538 3275 5612 Quis
3301 5539 3447 5592 enim
3478 5541 3582 5612 scit
3610 5557 3700 5612 an

2132 5608 2240 5664 non
2269 5608 2542 5679 alludatur
2565 5608 2630 5663 ad
2659 5608 2896 5679 aliquam
2922 5610 3158 5666 fabulam
3195 5608 3261 5664 de
3293 5624 3464 5664 uxore
3487 5610 3700 5675 Abelis,

2133 5687 2226 5734 aut
2254 5678 2358 5733 alia
2389 5679 2643 5734 muliere?
2668 5677 2743 5734 lo.
