3986 6164
249 285 350 336 i2!)

1385 281 1843 340 CLEMENTINA.
1888 313 1950 324 —
1988 281 2272 338 llOMlLlA
2305 284 2392 339 lll.

3410 288 3511 346 £30

247 398 419 470 χείαις
450 402 668 473 ἡδοναῖς
709 401 809 455 τοῦ
848 399 1102 472 λογισμοῦ
1151 401 1248 472 τὴν
1300 401 1451 472 ἰσχὺν
1489 401 1826 462 ὑποσυλῶσα,

1933 415 2040 470 que
2085 401 2451 472 voluptatibus
2497 401 2606 455 vim
2654 399 2848 457 mentis
2879 399 3187 471 deprmdata
3229 401 3414 472 plures
3454 404 3508 457 in

244 496 371 559 τοὺς
404 493 658 557 πλείονας
687 495 770 558 είς
805 493 1043 564 μοιχείαν
1069 493 1214 562 ἄγει,
1246 493 1338 545 καὶ
1369 491 1541 556 οὕτως
1583 492 1674 546 τοῦ
1709 492 1834 564 μέλ-

247 589 432 651 λοντος
461 587 628 640 καλοῦ
655 587 932 658 στερίσκει
981 585 1234 656 νυμφίου.
1271 586 1474 657 Νύμφη
1507 585 1615 657 γάρ
1661 588 1773 638 ἐστι
1805 588 1833 639 ό

246 684 359 746 πᾶς
390 681 439 714 ⁹¹
471 679 775 752 ἄνθρωπος,
809 678 1007 732 ὁπόταν
1052 677 1146 732 τοῦ
1202 677 1435 750 ἀληθοῦς
1477 679 1524 710 ⁸³
1556 679 1830 750 προφήτου

244 774 434 846 λευκῷ
449 775 585 845 λόγῳ
603 771 864 844 ἀληθείας
884 772 1235 844 σπειρόμενος
1254 772 1552 844 φωτίζηται
1568 771 1658 824 τὸν
1685 769 1826 824 νοῦν.

319 865 557 921 XXVIII.
587 864 678 918 Διδ
698 863 746 896 ⁵⁸
772 865 891 928 ἐνὸς
929 863 1089 936 μόνου
1136 862 1231 916 τοῦ
1274 864 1375 935 τῆς
1416 864 1669 936 ἀληθείας
1699 881 1832 936 προ-

246 960 426 1030 φήτου
453 957 668 1011 ἀκούειν
699 957 800 1021 δεῖ,
833 957 1010 1010 εἰδότα
1049 957 1129 1010 ὅτι
1161 957 1190 1009 ὁ
1219 957 1346 1025 παρ’
1382 955 1567 1027 ἐτέρου
1605 957 1832 1027 σπαρείς

245 1050 425 1120 λόγος,
452 1049 696 1122 μοιχείας
726 1049 977 1120 ἔγκλημα
1002 1045 1180 1103 λαϐὼν
1209 1049 1275 1114 ⁸⁵,
1297 1049 1371 1112 ὡς
1403 1049 1506 1102 ὑπὸ
1535 1048 1763 1118 νυμφίου
1785 1049 1830 1081 ³⁸

242 1145 348 1216 τῆς
385 1143 660 1215 βασιλείας
709 1141 874 1196 αὑτοῦ
902 1141 1241 1195 ἐκϐάλλεται.
1280 1141 1404 1204 Τοῖς
1439 1140 1498 1193 δὲ
1527 1139 1588 1192 τὸ
1621 1141 1828 1212 μυστή-

248 1253 359 1309 ριον
388 1236 588 1290 εἰδόσιν
621 1235 724 1289 ὑπὸ
749 1235 986 1306 ψυχικῆς
1023 1233 1268 1305 μοιχείας
1301 1233 1394 1286 καὶ
1432 1232 1657 1295 θάνατος
1685 1232 1831 1300 γίνε-

241 1347 353 1384 ται.
396 1329 630 1383 Ὀπόταν
657 1329 701 1360 ’τ
732 1329 766 1399 ἡ
803 1327 950 1398 ψυχὴ
984 1328 1072 1396 ὑφ’
1101 1325 1302 1397 ἐτέρων
1349 1327 1554 1398 σπαρῇ,
1595 1325 1711 1378 τότε
1754 1325 1829 1390 ὡς

243 1421 591 1493 πορνεύσασα
617 1421 651 1492 ἢ
682 1419 1078 1491 μοιχευσαμένη
1101 1419 1204 1472 ὑπὸ
1219 1417 1313 1471 τοῦ
1331 1417 1634 1489 πνεύματος
1661 1417 1826 1487 ἐγκα-

241 1513 578 1574 ταλείπεται,
609 1512 716 1582 93
759 1512 852 1566 καὶ
895 1509 1068 1575 οὕτως
1112 1511 1172 1564 τὸ
1222 1510 1464 1582 ἔμψυχον
1510 1512 1688 1583 σῶμα,
1732 1511 1825 1566 τοῦ

242 1604 508 1671 ζωοποιοῦ
564 1607 872 1674 πνεύματος
935 1603 1310 1674 χωρισθέντος,
1358 1605 1440 1668 είς
1476 1605 1523 1636 ⁵⁵³
1561 1607 1663 1677 γῆν
1697 1607 1827 1660 ἀνα-

240 1699 446 1761 λύεται,
475 1699 571 1751 καὶ
615 1697 708 1750 τοῦ
755 1697 1148 1768 ἁμαρτήματος
1179 1697 1212 1766 ὴ
1259 1699 1379 1751 κατ’
1409 1696 1564 1764 ἀξίαν
1607 1699 1826 1763 κόλασις
1860 1733 1901 1787 Β

241 1793 299 1842 ἐν
334 1791 415 1862 τῷ
457 1791 560 1862 τῆς
597 1789 828 1862 κρίσεως
865 1789 1041 1862 καιρῷ
1082 1789 1388 1844 ἀποδίδοται
1420 1794 1487 1864 τῇ
1513 1793 1656 1864 ψυχῇ
1693 1793 1827 1864 μετά

238 1885 340 1953 τὴν
366 1883 463 1936 τοῦ
509 1882 760 1954 σώματος
790 1882 1067 1937 ἀνάλυσιν
1122 1882 1310 1956 ὥσπερ
1337 1885 1422 1936 ἐπ’
1456 1884 1754 1956 ἀνθρώπων
1793 1887 1826 1957 ἡ

240 1977 335 2028 ἐπὶ
359 1975 572 2047 μοιχεία
593 1975 909 2046 φωραθεῖσα
932 1973 1148 2047 πρῶτον
1170 1976 1278 2029 τῶν
1297 1978 1458 2031 οίκων
1487 1977 1824 2043 ἐκϐάλλεται,

240 2061 344 2120 εἶθ’
377 2067 598 2139 ὕστερον
631 2068 725 2120 ἐπὶ
752 2066 1017 2142 καταδίκῃ
1047 2068 1310 2140 κρίνεται.

315 2159 509 2214 XXIX.
547 2159 653 2213 Τοῦ
689 2160 900 2232 Πέτρου
929 2160 1118 2214 τοῦτον
1149 2161 1434 2232 μέλλοντος
1453 2163 1584 2235 ἡμῖν
1607 2163 1828 2228 τελείως

239 2253 521 2321 ἐκφαίνειν
553 2251 645 2306 τὸν
668 2253 928 2326 μυστικὸν
949 2252 1104 2324 λόγον
1126 2253 1192 2320 ⁸⁸,
1213 2256 1480 2326 Ζακχαῖος
1505 2249 1609 2326 ἦκε
1631 2255 1822 2324 λέγων’

242 2346 384 2416 ’Πδη
421 2345 634 2409 λοιπὸν,
671 2340 716 2399 ὦ
744 2345 940 2418 Πέτρε,
968 2346 1170 2418 ξκαιρὸς
1199 2345 1336 2418 πρὸς
1361 2347 1422 2400 τὸ
1449 2346 1685 2400 ἐκϐάντα
1712 2348 1826 2401 δια-

238 2437 504 2509 λεχθῆναί
534 2455 616 2491 σε.
647 2437 823 2501 Πολὺς
849 2436 960 2509 γὰρ
983 2437 1076 2491 ἐπὶ
1109 2437 1208 2509 τῆς
1230 2438 1400 2510 αὑλῆς
1424 2440 1827 2512 συναθροισθεὶς

241 2531 514 2601 ἀναμένει
554 2548 615 2584 σε
656 2531 825 2602 ὄχλος,
872 2525 935 2586 οὑ
973 2531 1032 2584 ἐν
1075 2530 1226 2603 μέσῳ
1257 2533 1335 2596 ὡς
1359 2533 1700 2605 πολέμαρχος
1734 2535 1825 2588 ὑπ’

241 2622 414 2677 αὑτοῦ
443 2623 909 2696 δορυφορούμενος
940 2623 1141 2695 ἕστηκε
1185 2623 1391 2696 Σίμων.
1435 2625 1495 2681 '0
1539 2627 1598 2680 δὲ
1623 2628 1826 2700 Πέτρος

242 2717 504 2780 ἀκούσας,
536 2717 699 2788 εὐχῆς
719 2717 880 2788 χάριν
922 2716 1226 2789 ὑποχωρεῖν
1247 2717 1294 2749 ⁴⁰
1335 2735 1425 2790 μοι
1460 2719 1723 2785 κελεύσας
1750 2721 1826 2786 ὠς

246 2810 416 2879 μήπω
440 2808 685 2879 εἰληφότι
715 2809 778 2862 τὸ
805 2807 940 2880 πρὸς
963 2809 1235 2880 σωτηρίαν
1261 2809 1562 2883 βάπτισμα,
1587 2815 1699 2877 τοῖς
1721 2813 1822 2886 ήδη

242 2901 470 2963 τελείοις
497 2900 622 2971 ἔφη’
671 2901 1016 2973 Ἐγερθέντες
1043 2901 1348 2975 εὑξὼμεθα,
1386 2903 1473 2958 ἵνα
1497 2907 1527 2959 ό
1554 2906 1684 2970 Θεὸς
1711 2909 1825 2970 τοῖς

1935 491 2268 546 adulterium
2312 493 2481 558 ducit,
2526 493 2714 562 sicque
2763 493 2940 563 privat
2981 495 3242 562 prteclaro
3281 509 3509 564 sponso,

1931 599 2093 654 quem
2155 585 2390 639 habituri
2433 593 2609 639 erant.
2662 583 2798 637 Nam
2845 584 3070 654 quilibet
3107 585 3273 640 homo
3310 601 3508 656 sponsa

1932 684 2036 740 est,
2079 677 2297 746 quando
2318 676 2428 731 veri
2449 676 2723 746 propheta:
2752 676 2982 730 candido
2997 677 3238 732 veritatis
3259 692 3511 734 sermone

1933 779 2260 839 conspersus
2294 779 2473 824 mente
2508 769 2869 823 illuminatur.

1999 858 2238 916 XXVI“.
2281 861 2620 931 Quapropter
2679 878 2846 916 unum
2882 862 3059 916 solum
3086 862 3325 919 veritatis
3379 878 3500 934 pro-

1930 953 2146 1021 phetam
2181 955 2490 1008 auscultare
2544 961 2780 1024 Oportet,
2815 954 3208 1024 scicndumque
3241 965 3325 1009 cst
3364 957 3505 1025 quod

1931 1043 2000 1097 ab
2024 1045 2131 1099 alio
2159 1045 2461 1100 seminatus
2489 1063 2692 1112 sermo,
2729 1047 2977 1101 adulterii
3011 1057 3230 1117 sumpto
3259 1048 3507 1113 crimine,

1929 1142 2188 1204 tanquam
2217 1152 2246 1190 a
2279 1153 2480 1207 sponso
2511 1154 2539 1192 e
2577 1153 2745 1209 regno
2777 1139 2895 1208 ejus
2923 1139 3162 1207 ejicitnr.
3209 1139 3280 1194 lis
3327 1150 3506 1194 autem

1932 1226 2026 1296 qui
2059 1228 2375 1298 mysterium
2407 1239 2803 1299 cognoverunt,
2839 1247 2935 1299 per
2956 1231 3154 1286 anima:
3182 1232 3505 1287 adulterium

1929 1327 1983 1374 et
2009 1335 2155 1375 mors
2181 1321 2465 1392 contingit.
2495 1321 2713 1377 Scilicet
2731 1339 2854 1377 cum
2879 1325 3061 1378 anima
3093 1325 3160 1380 ab
3181 1325 3300 1380 aliis
3323 1343 3509 1382 semen

1929 1414 2218 1482 acceperit,
2256 1422 2385 1468 tunc
2416 1416 2564 1470 velut
2595 1415 2856 1471 fornicata
2889 1428 2982 1471 aut
3017 1418 3342 1472 adulterium
3375 1435 3507 1489 ope-

1928 1514 2045 1560 rata
2083 1506 2352 1561 descritur
2389 1523 2419 1562 a
2453 1509 2645 1576 spiritu
2689 1527 2703 1563 :
2741 1519 2902 1579 atque
2947 1510 3020 1564 ita
3065 1526 3263 1582 corpus
3297 1513 3509 1570 anima-

1929 1608 2066 1667 tum,
2103 1600 2285 1654 ablato
2310 1601 2645 1656 viviticatore
2676 1601 2894 1672 spiritu,
2929 1602 2981 1656 in
3015 1612 3215 1656 terram
3250 1603 3506 1658 dissolvi-

1930 1701 2040 1757 tur,
2079 1701 2132 1747 et
2162 1693 2365 1762 peccati
2409 1693 2676 1764 condigna
2727 1693 2991 1763 supplicia
3031 1704 3275 1764 tempore
3313 1695 3506 1765 judicii

1929 1785 2304 1840 retribuuntur
2351 1785 2546 1839 animae
2581 1795 2707 1855 post
2756 1787 3150 1855 separationcm
3186 1803 3218 1842 a
3257 1804 3502 1858 corpore.

1927 1879 2396 1946 Quemadmodum
2445 1879 2585 1934 inter
2643 1879 2926 1946 homines,
2963 1895 3083 1949 quae
3137 1879 3190 1932 in
3241 1880 3506 1936 adulterio

1927 1971 2259 2041 deprehensa
2298 1979 2402 2037 est,
2431 1971 2667 2040 primum
2698 1970 2904 2026 aedibus
2944 1969 3180 2042 ejicitur,
3210 1987 3274 2026 ac
3311 1972 3506 2027 deinde

1927 2063 2377 2119 condemnatione
2399 2064 2712 2118 mulctatur.

2001 2156 2190 2216 XXIX.
2251 2160 2500 2232 Cumque
2556 2161 2749 2218 Petrus
2792 2165 2937 2220 hunc
2974 2163 3150 2236 ipsum
3207 2166 3500 2238 mysticum

1927 2269 2230 2309 sermonem
2260 2253 2498 2324 perfecte
2535 2254 2696 2308 nobis
2745 2255 3124 2312 declaraturus
3149 2266 3330 2324 esset,
3367 2257 3504 2314 Zac—

1927 2348 2110 2402 chaaus
2133 2347 2280 2401 venit
2306 2346 2550 2416 dixitque
2583 2365 2595 2399 :
2625 2344 2744 2400 Jam
2773 2363 2939 2412 nunc,
2964 2346 3143 2413 Petre,
3175 2359 3390 2420 tempus
3419 2359 3504 2404 est

1927 2448 1986 2494 ut
2022 2454 2185 2495 exeas
2205 2437 2273 2494 ad
2301 2439 2700 2494 disserendum.
2733 2438 2900 2494 Multa
2922 2440 3068 2496 enim
3094 2441 3250 2495 turba
3275 2442 3327 2496 in
3359 2443 3502 2498 atrio

1925 2538 2254 2600 congregata
2305 2529 2550 2599 operitur
2598 2539 2671 2594 te,
2710 2529 2764 2584 in
2809 2531 2968 2601 cujus
3015 2532 3196 2586 medio
3241 2542 3498 2604 tanquam

1926 2619 2052 2675 belli
2089 2619 2198 2674 dux
2225 2618 2294 2674 ab
2328 2620 2519 2674 eadem
2564 2629 2840 2690 protectus
2890 2636 2956 2676 ac
2981 2622 3218 2693 stipatus
3256 2623 3502 2679 constitit

1927 2708 2135 2764 Simon.
2162 2708 2281 2776 Quo
2307 2709 2518 2776 audito,
2542 2708 2737 2766 Petrus
2765 2713 3031 2768 orationis
3061 2714 3234 2784 gratia
3251 2715 3502 2770 secedere

1925 2817 2014 2858 me
2045 2803 2233 2874 jussit,
2274 2811 2336 2857 ut
2387 2803 2481 2873 qui
2514 2802 2758 2858 nondum
2798 2805 3129 2874 accepissem
3175 2807 3368 2863 salutis
3399 2807 3498 2862 ba-
3587 2855 3596 2868 .

1922 2896 2146 2968 ptisma,
2178 2904 2232 2950 et
2264 2895 2331 2950 ad
2366 2894 2479 2964 jam
2529 2895 2801 2966 baptismo
2833 2896 3103 2966 perfectos
3137 2899 3276 2953 dixit
3307 2917 3320 2954 :
3359 2899 3496 2956 Sur-

241 2991 618 3056 ἀνεκλείπτοις
639 2992 806 3046 αὑτοῦ
827 2994 1129 3066 οίκτιρμοῖς
1148 3012 1271 3048 συνε
1281 2996 1458 3070 ργήσῃ
1478 3014 1567 3068 μοι
1585 2997 1822 3069 ὁρμῶντι

1930 2997 2112 3060 gentes
2141 3001 2384 3050 oremus,
2426 2995 2484 3040 ut
2516 2984 2660 3042 Deus
2692 3003 2792 3057 pro
2819 2989 2936 3044 suis
2962 2991 3242 3062 perpetuis
3273 2993 3499 3050 misera~

242 3082 384 3154 πρὸς
414 3083 687 3154 σωτηρίαν
703 3100 812 3136 των
837 3084 928 3137 ὑπ’
950 3083 1114 3138 αὑτοῦ
1146 3067 1819 3158 κτισθέντωνάνθρῶπων.

1930 3077 2164 3132 tionibus
2213 3077 2508 3148 opituletur
2557 3079 2714 3146 mihi,
2757 3080 2852 3150 qui
2897 3081 3101 3150 prodeo
3143 3085 3216 3140 ob
3263 3086 3494 3142 salutem

243 3174 356 3226 Καὶ
383 3173 540 3226 τοῦτ’
568 3174 610 3205 ⁸⁸
635 3173 806 3227 εἰπὼν
833 3173 1148 3246 εὐξάμενος,
1171 3175 1317 3248 ἐξῄει
1339 3178 1422 3241 είς
1448 3177 1538 3231 τὸν
1561 3177 1822 3251 ὕπαιθρον

241 3265 346 3334 τῆς
379 3265 550 3336 αὐλῆς
609 3265 775 3319 τόπον
830 3266 1002 3337 μέγαν
1049 3267 1178 3322 ὅντα
1199 3309 1214 3335 ,
1249 3269 1376 3323 ἔνθα
1407 3269 1822 3342 συνεληλυθότες

242 3351 386 3426 ἦσαν
411 3357 596 3411 πολλοὶ
620 3358 712 3411 τοῦ
739 3358 1069 3413 ἐποπτεῦσαι
1098 3359 1277 3433 χάριν,
1307 3361 1403 3431 τῆς
1433 3361 1755 3436 διακρίσεως
1777 3366 1822 3396 ⁸³

242 3448 413 3501 αὑτοῦ
439 3449 534 3502 ἐπὶ
575 3449 635 3502 τὸ
680 3451 934 3505 σπεύδειν
984 3451 1079 3506 τοῦ
1123 3453 1342 3508 ἀκούειν
1376 3455 1822 3530 σπουδαιοτέρους

241 3542 628 3611 πεποιηκυίας.

316 3634 487 3690 XXX.
522 3636 656 3700 Στάς
680 3630 796 3701 οῦν,
843 3637 939 3691 καὶ⁵
982 3637 1104 3692 ίδὼν
1142 3638 1280 3710 μετὰ
1313 3639 1495 3714 πάσης
1523 3642 1570 3674 ⁸⁸
1593 3643 1821 3716 ἡσυχίας

238 3726 337 3782 τδν
371 3729 549 3785 πάντα
575 3731 700 3786 λαὸν
729 3732 813 3795 είς
836 3731 997 3785 αὑτὸν
1022 3729 1357 3798 ἀτενίζοντα,
1389 3733 1609 3804 Σίμωνα
1641 3735 1698 3789 δὲ
1726 3736 1820 3789 τὸν

240 3819 440 3888 Μάγον
473 3822 550 3885 εἰς
581 3822 744 3892 μέσον
773 3822 982 3876 ἑστῶτα
1003 3862 1018 3885 ,
1064 3821 1156 3875 τοῦ
1185 3821 1364 3891 λέγειν
1391 3822 1590 3894 ἤρξατο
1625 3823 1813 3890 οὑτως·

242 3910 454 3984 Εἰρήνη
483 3915 566 3983 εἴη
597 3915 757 3967 πᾶσιν
783 3915 911 3985 ὑμῖν
945 3916 1058 3977 τοῖς
1089 3915 1317 3985 ἑτοίμως
1342 3913 1390 3946 ⁸⁸
1425 3914 1605 3985 έχουσι
1641 3915 1819 3983 δεξιὰς

238 3999 442 4056 διδόναι
467 4002 578 4074 95
601 4006 668 4074 τῇ
697 4003 791 4056 τοῦ
831 4003 967 4056 Θεοῦ
1003 4003 1248 4075 ἀληθείᾳ,
1278 4005 1345 4076 ἢν
1377 4005 1540 4060 αὑτοῦ
1575 4006 1818 4079 μεγάλην

241 4111 301 4146 τε
335 4095 431 4147 καὶ
455 4094 782 4164 ἀσύγκριτον
803 4097 860 4148 ὲν
887 4095 967 4167 τῷ
989 4095 1083 4149 νῦν
1112 4095 1303 4167 κόσμῳ
1333 4097 1682 4170 ὑπάρχουσαν
1718 4099 1819 4154 δω-

243 4185 374 4257 ρεὰν
394 4186 426 4237 ὑ
452 4186 774 4250 ἀποστείλας
790 4188 957 4258 ἡμᾶς,
980 4187 1074 4240 τοῦ
1101 4189 1157 4240 ἐν
1180 4188 1418 4261 ὑπεροχῇ
1449 4192 1818 4264 συμφέροντος

240 4277 479 4348 ἀψευδὴς
507 4277 765 4350 ὑπάρχων
792 4279 1092 4351 προφήτης,
1120 4277 1322 4350 ταύτην
1357 4282 1490 4352 ἡμῖν
1519 4283 1817 4337 ἐνετείλατο

239 4368 514 4440 προφάσει
583 4370 949 4440 προσηγορίας
1001 4370 1109 4442 πρὸ
1157 4370 1266 4424 τῶν
1327 4373 1425 4443 τῆς
1473 4372 1814 4438 διδασκαλίας

240 4462 417 4528 λόγων
455 4461 585 4531 ὑμῖν
638 4461 1081 4530 ἐπιφθέγγεσθαι,
1129 4463 1236 4528 ἵνα,
1263 4463 1358 4518 ἐὰν
1463 4481 1548 4529 τις
1582 4466 1641 4518 ὲν
1683 4465 1812 4536 ὑμῖν
1845 4445 1888 4499 θ

1924 3167 2206 3222 hominum
2235 3183 2374 3238 quos
2398 3170 2623 3225 creavit.
2653 3168 2834 3242 thue
2863 3173 2976 3229 hzec
3004 3175 3220 3231 locutus
3243 3189 3346 3244 est,
3372 3195 3500 3234 ora--

1922 3263 2072 3317 tione
2124 3261 2304 3329 facta,
2357 3263 2490 3318 exiit
2544 3264 2598 3318 in
2658 3265 2781 3319 atrii
2841 3267 3020 3322 locum
3084 3271 3386 3327 subdialcm
3443 3282 3498 3329 et

1921 3369 2200 3425 magnum,
2246 3370 2356 3425 quo
2399 3355 2556 3410 multi
2595 3367 2965 3412 convenerant
2993 3361 3272 3428 spectandi
3302 3379 3492 3430 causa;

1920 3462 2045 3502 nam
2076 3447 2196 3518 ejus
2225 3448 2528 3517 disputatio
2557 3447 2800 3517 fecerat,
2844 3462 2904 3506 ut
2941 3452 3313 3524 diligentiores
3345 3456 3496 3512 festi-

1919 3547 2116 3593 narent
2143 3538 2209 3592 ad
2234 3539 2591 3594 audiendum.

1988 3649 2158 3707 XXX.
2192 3650 2354 3709 Stans
2385 3669 2536 3724 ergo,
2579 3671 2919 3726 cernensque
2960 3656 3276 3713 universum
3321 3674 3495 3730 popu-

1920 3743 2030 3798 lum
2067 3745 2325 3799 universo
2367 3763 2490 3801 cum
2538 3747 2756 3803 silentio
2792 3749 2982 3806 oculos
3021 3749 3074 3804 in
3107 3750 3284 3820 ipsum
3313 3753 3482 3821 conji-

1917 3851 2060 3904 cere,
2092 3853 2156 3892 ac
2188 3836 2466 3894 Simonem
2502 3839 2718 3912 Magum
2755 3842 2809 3896 in
2837 3843 3016 3897 medio
3043 3853 3222 3909 stare,
3261 3844 3408 3900 hunc
3437 3849 3488 3899 in

1917 3929 2139 3984 modum
2174 3929 2328 4000 loqui
2371 3933 2537 4002 erepit
2572 3949 2584 3985 :
2621 3931 2734 3988 Pax
2774 3934 2844 3988 sit
2873 3933 3133 3989 omnibus
3176 3935 3355 4000 vobis,
3395 3938 3488 4006 qui

1915 4021 2088 4090 parati
2117 4021 2252 4076 estis
2280 4022 2532 4078 dexteras
2563 4024 2698 4080 dare
2730 4025 2951 4080 veritati
2992 4025 3110 4093 Dei,
3151 4042 3341 4097 quam,
3373 4045 3492 4082 ma-

1917 4130 2086 4185 gnum
2115 4130 2310 4186 nempe
2338 4131 2403 4170 ac
2433 4117 2862 4188 incomparabile
2892 4118 3012 4188 ejus
3035 4135 3234 4175 munus
3284 4121 3336 4174 in
3388 4121 3493 4176 hoc

1916 4207 2142 4274 mundo,
2171 4217 2231 4262 ut
2255 4208 2602 4265 salutationis
2640 4225 2807 4267 causa
2847 4211 3001 4267 vobis
3042 4221 3170 4267 ante
3207 4228 3490 4270 sermones

1914 4297 2174 4352 doctrinae
2199 4298 2586 4366 acclamemus,
2617 4302 2872 4371 praecepit
2896 4301 3053 4358 nobis
3083 4303 3178 4373 qui
3210 4304 3360 4358 misit
3384 4320 3486 4360 nos

1917 4405 2078 4445 verus
2122 4390 2434 4447 excellentis
2487 4392 2614 4447 boni
2671 4393 2971 4463 propheta;
3029 4409 3144 4465 quo
3190 4396 3235 4452 si
3287 4395 3491 4466 aliquis

1918 4483 2058 4537 inter
2084 4498 2182 4538 vos
2217 4485 2289 4539 sit
2340 4484 2485 4539 filius
2529 4484 2703 4554 pacis,
2747 4501 2846 4556 per
2893 4487 3197 4543 doctrinam
3242 4498 3487 4542 nostram

241 4555 463 4624 εἰρήνης
496 4553 705 4618 τέκνον,
727 4554 812 4608 διὰ
824 4554 931 4626 τῆς
967 4555 1314 4620 διδασκαλίας
1342 4558 1500 4630 ἡμῶν
1530 4559 1811 4632 καταλάϐῃ

1930 4590 2022 4644 pax
2056 4589 2182 4631 eum
2215 4576 2632 4646 complectatur;
2655 4577 2702 4632 si
2740 4577 2864 4648 quis
2886 4588 3066 4654 autem
3098 4589 3336 4634 vestrum
3361 4594 3485 4633 eam

240 4641 403 4694 αὑτδν
447 4643 483 4713 η
520 4643 740 4714 εἰρήνη,
785 4644 835 4696 εί
867 4643 925 4697 δὲ
963 4645 1172 4734 ’ταύτην
1216 4646 1399 4701 λαϐεῖν
1427 4649 1581 4719 ὑμῶν
1602 4667 1686 4714 τις
1735 4652 1810 4723 μὴ

1930 4667 2159 4736 tccipere
2184 4666 2339 4734 nolit,
2389 4677 2519 4724 tunc
2564 4683 2698 4734 nos,
2731 4648 2964 4726 excusso
3016 4671 3068 4726 in
3113 4671 3485 4726 testimonium

241 4733 405 4796 θέλοι,
435 4735 557 4787 τότε
583 4737 740 4806 ἡμεῖς
762 4737 1213 4809 ἀποτιναξάμενοι
1251 4741 1330 4803 εἰς
1371 4742 1675 4814 μαρτυρίαν
1701 4743 1810 4798 τῶν

1930 4758 2137 4828 pulvere
2163 4759 2359 4830 pedum
2386 4768 2724 4826 nostrorum,
2771 4775 2934 4830 quem
2966 4761 3250 4817 collectum
3295 4777 3361 4816 ex
3396 4763 3484 4815 iti-

241 4825 419 4878 ποδῶν
446 4825 603 4896 ἡμῶν
623 4825 714 4879 τὸν
742 4827 806 4882 ἐκ
833 4828 944 4882 τῶν
983 4830 1116 4884 ὁδῶν
1156 4833 1448 4904 κονιορτὸν,
1485 4834 1544 4888 ὃν
1573 4835 1660 4888 διὰ
1687 4837 1815 4900 τοὺς

1930 4825 2108 4903 Ῑιετυηι
2137 4848 2415 4904 laboribus
2445 4833 2642 4905 salutis
2681 4858 2878 4905 vestra:
2905 4865 3036 4921 ergo
3069 4851 3384 4916 attulimus,
3414 4854 3482 4906 ad

238 4914 522 4986 καμάτους
550 4915 910 4986 βαστάξαντες
937 4921 983 4955 ⁸³
1003 4922 1309 4992 ἠνέγκαμεν
1339 4923 1474 4994 πρὸς
1494 4925 1638 4996 ὑμᾶς
1665 4926 1814 4991 ὅπως

1930 4939 2143 4994 diorum
2174 4939 2368 4994 domos
2403 4953 2467 4994 ac
2497 4939 2746 4996 civitates
2781 4942 3042 4998 abeamus
3069 4954 3120 4999 ι.

241 5007 476 5078 σωθῆτε,
511 5008 592 5072 είς
617 5009 816 5080 ἐτέρων
854 5011 1103 5083 ἀπίωμεν
1131 5012 1305 5077 οίκίας
1322 5016 1413 5068 καὶ
1442 5015 1641 5079 πόλεις.

310 5157 336 5183 ι
363 5141 560 5199 Matth.
591 5161 648 5214 x,
680 5144 954 5212 12;Marc.
980 5163 1054 5213 vi,
1092 5147 1182 5218 ll;
1206 5147 1340 5204 Luc.
1366 5166 1421 5217 x,
1454 5151 1509 5207 5.

1502 5281 1739 5340 VARUE
1804 5285 2210 5344 LECTIONES.

303 5435 357 5520 '_'_
379 5433 467 5520 Cn
496 5435 832 5520 hzechvetztit’,
854 5437 1047 5520 μυξρεί
1081 5439 1212 5520 legi
1239 5439 1513 5520 nvoluerir
1536 5442 1668 5520 ,πᾶς
1725 5444 1772 5496 ὁ.
1834 5443 1912 5520 S_.'
1949 5445 2119 5520 'l‘um__
2140 5447 2295 5520 ὁπότέ
2322 5450 2388 5504 ἄν
2438 5446 2627 5520 Υιιιεη
2699 5449 2744 5520 Ρ
2780 5449 2980 5520 ἀληθοῦ
3013 5439 3082 5506 ’0.
3156 5452 3204 5486 ⁸⁸
3237 5455 3315 5508 Δι’
3344 5455 3372 5509 ὃ
3407 5454 3473 5514 C.

239 5507 283 5594 2
311 5505 400 5594 ὲια
423 5503 470 5561 Ο
494 5521 575 5594 ἐξ,
601 5503 920 5594 λαϐεῖν
937 5505 1014 5594 C.
1043 5593 1051 5594 7
1079 5503 1209 5591 f‘ln
1235 5507 1454 5594 Onesse‘.
1467 5503 1678 5594 videtur
1699 5515 1983 5594 μοιχείαςέ
2027 5586 2040 5594 _
2074 5517 2299 5594 "_61:6r_‘
2327 5503 2394 5574 ἀν
2430 5517 2492 5573 C.
2543 5503 2572 5520 υ
2589 5519 2636 5551 ⁸⁸
2657 5519 2722 5594 τά
2743 5522 2823 5585 είς
2840 5503 2910 5594 fl.
2930 5503 3188 5592 illeg'erim
3214 5503 3333 5580 τότε
3349 5503 3472 5592 ἐιξξ

239 5577 372 5668 :9
411 5576 1240 5668 resvertiiéxeeeiis:
1272 5578 1363 5668 9-,,
1407 5576 1826 5668 ’ἴέθπτδκωεῆσάί
1857 5576 2081 5668 α-ζυοεη
2108 5587 2387 5668 ὼςίμήπω
2424 5605 2641 5668 μοίρης
2671 5591 2748 5655 ὡς
2785 5576 2951 5668 sitne
2985 5576 3188 5668 οἳῗζῖί
3219 5576 3472 5668 ὲὰξττὶῖῐ

241 5605 277 5609 ⁷·
308 5605 372 5632 bl
426 5605 620 5629 τυυιυν
647 5605 774 5630 autc
795 5605 950 5644 Λυγυν
991 5605 1149 5659 υιιιιδι
1190 5605 1240 5634 υ.
1272 5605 1336 5635 υ.
1410 5605 1451 5611 "
1475 5605 1578 5634 υπο
1615 5605 1826 5652 ωρησαι
1857 5605 1919 5640 ι...
1948 5605 2078 5642 Heln
2108 5605 2185 5650 ως
2498 5607 2514 5640 ι
2543 5605 2641 5660 pro
2671 5605 2748 5655 ως
2985 5605 3048 5647 0.
3139 5605 3182 5627 ’⁸
3219 5605 3372 5653 ταῦτ’
3407 5605 3470 5656 υ,

238 5648 282 5732 ςξ
406 5661 601 5732 vocem
625 5644 898 5732 διάκρισις
915 5656 1065 5732 (verti
1105 5649 1235 5732 ‘vult
1274 5666 1368 5732 per
1404 5605 1783 5732 ,ςπεειλξηιὶρῃι
1846 5657 1937 5732 vel
1968 5659 2362 5732 eminentiam,‘
2386 5605 2494 5714 cllo
2525 5658 2541 5711 |
2593 5660 2722 5715 Cor.
2785 5677 2860 5727 tv.
2902 5659 2955 5718 7.
3068 5663 3115 5697 ⁸³
3169 5667 3370 5732 πολλῆς
3405 5671 3470 5726 υ.

241 5717 283 5747 ⁸³
311 5717 548 5779 ἑτοίμοις
573 5716 704 5769 edit.
728 5715 790 5769 Cl
844 5725 896 5770 ct
915 5715 954 5769 S
997 5728 1182 5773 contra
1213 5715 1582 5777 auctoritatem
1611 5723 1765 5777 codd.
1844 5725 1887 5756 ⁸⁸
1917 5726 2166 5797 κάμπους
2198 5715 2562 5798 βαστάσαντες
2586 5735 2652 5782 0.
