3970 6148
230 281 325 335 15⁸5

1301 270 1761 328 CLEMENTINA.
1797 301 1866 312 —
1899 268 2191 324 HOMILIA
2227 266 2313 325 ΙΙΙ.

3347 268 3446 323 1Ξῶ

226 395 423 464 φύσεις,
449 392 634 464 δχλον·
675 393 754 446 ἔτι
787 409 846 444 τε
879 390 1044 463 ὀρέων
1093 390 1270 462 πλήθη
1300 391 1394 442 καὶ
1441 387 1573 460 ὕψη,
1619 387 1782 441 λίθων

1904 404 1951 442 ιο
1983 385 2292 451 instinctus,
2317 395 2569 451 naturas,
2611 383 3009 438 multitudinem
3048 425 3059 435 .
3095 393 3275 438 utnec
3301 398 3456 436 mun-

224 486 503 558 διαφορὰς,
564 487 765 557 μυχοὺς
809 484 852 515 ⁸¹
903 483 1191 554 φοϐεροὺς,
1240 481 1451 552 πηγὰς,
1487 481 1784 551 τὶοταμοὺς.

226 579 430 650 λίμνας,
459 577 748 641 θαλάσσας,
774 576 1016 646 λιμένας,
1045 575 1263 646 νήσους,
1286 573 1436 638 ὕλας,
1463 571 1786 642 οἰκουμένην

225 688 280 724 τε
310 674 482 725 πᾶσαν
511 670 604 723 καὶ
628 669 914 740 ἀοικήτους
941 667 1157 730 τόπους.

292 869 502 925 XXXV.
536 871 683 923 Πόσα
708 870 765 923 δὲ
795 871 889 924 καὶ
916 869 1050 924 ἀλλα
1078 869 1327 938 ἄγνωστα
1353 868 1627 939 τυγχάνει,
1663 886 1783 922 στο-

223 963 422 1034 χασμὸν
448 956 744 1035 ἀνθρώπων
763 961 1163 1032 ὲκπεφευγόταῑ
1189 961 1308 1014 Τῶν
1327 960 1382 1014 δὲ
1401 961 1461 1015 ἐν
1488 960 1788 1031 καταλήψει

222 1054 382 1107 ὄντων
404 1054 486 1117 τίς
515 1053 816 1127 ἀνθρώπων
852 1053 946 1108 ἕνα
977 1055 1102 1126 ὅρον
1146 1050 1323 1108 οἶδενί
1362 1055 1519 1123 Λέγω
1553 1055 1630 1120 δὲ,
1671 1055 1789 1117 πῶς

219 1145 437 1218 οὐρανὸς
457 1146 700 1210 εἱλεῖται,
720 1145 837 1209 πῶς
857 1146 1030 1217 ἄστρα
1059 1146 1300 1218 φέρεται,
1323 1146 1417 1199 καὶ
1439 1147 1587 1210 τίνας
1606 1146 1788 1216 έχουσι

219 1237 312 1300 τὰς
341 1237 555 1310 μορφὰς
585 1237 682 1290 καὶ
722 1235 816 1290 τοῦ
862 1237 962 1308 ζῇν
1005 1236 1114 1308 τὴν·
1143 1236 1422 1302 σύστασιν,
1468 1237 1612 1300 τίνες
1651 1254 1710 1290 τε
1739 1240 1787 1291 οἱ

218 1328 412 1382 τούτων
460 1327 718 1400 ἀερώδεις
761 1329 956 1400 τρίϐοι.
1005 1329 1176 1382 Πόθεν
1220 1347 1279 1383 τε
1327 1330 1422 1383 καὶ
1467 1331 1536 1382 τά
1575 1329 1789 1400 ἀνέμων

219 1420 500 1491 πνεύματα
527 1421 894 1492 περιωθεῖται,
935 1421 1028 1475 καὶ
1053 1421 1344 1494 διαφόρους
1369 1422 1479 1491 ἔχει
1515 1421 1614 1486 τάς
1638 1423 1790 1494 ὲνερ-

217 1512 384 1579 γείας.
441 1511 567 1576 Πῶς
593 1513 640 1545 ⁸⁸
667 1511 968 1577 ἀνελλιπῶς
1023 1513 1278 1585 βρύουσιν
1314 1515 1370 1567 αἱ
1425 1513 1628 1584 πηγαὶ,
1696 1514 1790 1567 καὶ

216 1603 424 1657 ἀένναοι
446 1604 493 1636 ⁸³
522 1605 757 1676 ποταμοὶ
793 1605 1064 1676 γινόμενοι
1094 1606 1173 1670 είς
1205 1605 1478 1659 θάλασσαν
1506 1605 1787 1658 καταντῶ-

1890 478 2027 532 tium
2067 476 2424 547 frequentiam
2469 485 2522 531 et
2558 475 2894 542 altitudines,
2937 475 3174 544 lapidum
3225 473 3460 527 diversi-

1887 579 2046 633 tates,
2097 582 2252 624 antra
2313 569 2594 632 terribilia,
2643 566 2859 632 fontes,
2911 566 3144 633 ﬂuvios,
3204 565 3457 636 paludes,

1886 661 2082 726 maria,
2105 670 2314 730 portus,
2340 661 2569 727 insulas,
2609 659 2794 725 silvas,
2819 658 3242 727 universumque
3269 656 3458 710 orbem

1888 754 2259 819 habitabilem,
2293 768 2402 809 una
2425 768 2551 808 cum
2580 752 2715 807 locis
2738 749 3209 806 iuhabilabilibus.

1955 885 2174 942 XXXV.
2209 885 2425 954 Quanta
2455 900 2586 940 vero
2615 893 2669 939 et
2695 884 2801 939 alia
2830 883 3172 953 ignorantur,
3206 880 3458 935 humani-

1888 993 1994 1048 que
2042 965 2208 1031 animi
2287 976 2460 1031 aciem
2517 975 2764 1045 fugiunt!
2841 972 3044 1027 Eorum
3098 981 3279 1025 autem
3336 987 3460 1039 quae

1888 1078 2315 1136 cognoscuntur,
2341 1067 2466 1138 quis
2505 1065 2788 1119 hominum
2823 1063 2904 1118 vel
2940 1077 3106 1116 unam
3156 1060 3305 1115 novit
3331 1061 3462 1114 defi-

1888 1159 2182 1214 nitionem!
2242 1158 2362 1225 Quo
2411 1157 2594 1224 modo,
2642 1155 2886 1226 inquam.
2938 1156 3136 1210 coelum
3183 1154 3460 1215 volvitur;

1888 1265 1996 1318 quo
2030 1250 2191 1304 modo
2216 1257 2363 1304 astra
2389 1248 2705 1311 decurrunt,
2754 1254 2809 1300 et
2838 1261 2976 1315 quas
3010 1245 3215 1300 habent
3257 1245 3465 1299 formas

1889 1339 2139 1411 undeque
2188 1341 2398 1406 vivunt,
2448 1356 2513 1394 ac
2539 1355 2788 1410 quaenam
2819 1353 3004 1394 eorum
3047 1337 3209 1392 aeria:
3236 1337 3462 1392 semitae.

1888 1430 2018 1486 Item
2054 1432 2196 1487 unde
2223 1441 2509 1488 ventorum
2536 1423 2712 1486 ﬂatus'
2741 1431 3134 1495 obtruduntur,
3175 1430 3466 1498 variasque

1889 1513 2090 1578 habent
2113 1524 2278 1579 vires.
2310 1523 2430 1590 Quo
2461 1523 2624 1577 modo
2649 1523 3017 1577 indesinenter
3047 1519 3226 1575 fontes
3252 1529 3467 1574 scatent

1888 1624 1943 1669 et
1968 1613 2119 1670 fluvii
2146 1616 2394 1685 perpetui
2423 1616 2489 1670 ad
2523 1631 2675 1679 mare
2702 1614 3073 1680 descendunt;
3110 1622 3164 1668 et
3198 1627 3296 1667 nec
3324 1613 3468 1666 unde

219 1712 318 1758 σιν,
345 1697 441 1749 καὶ
475 1688 596 1748 οὔτε
624 1695 745 1749 ὅθεν
791 1695 1037 1768 ἔρχονται
1076 1696 1352 1750 κενοῦνται
1381 1697 1446 1761 ⁸⁸,
1486 1695 1608 1750 οὔτε
1652 1698 1786 1750 ὅπου

1904 1709 2114 1762 veniunt
2160 1709 2408 1764 vacuitas
2459 1707 2540 1774 lit,
2594 1722 2697 1762 nec
2745 1723 2855 1776 quo
2906 1707 3108 1760 abeunt
3163 1703 3465 1774 plenitudo.

217 1788 544 1858 ἀπέρχονται
591 1787 908 1864 πληροῦσιν.
963 1788 1140 1860 Μέχρι
1191 1787 1296 1842 ποῦ
1342 1787 1436 1841 τοῦ
1482 1789 1790 1860 ἀπεράντου

215 1881 486 1952 ταρτάρου
515 1881 576 1938 τὸ
606 1881 828 1952 ἄπειρον
851 1879 1038 1951 βάθος·
1062 1881 1154 1934 ἐπὶ
1177 1880 1282 1951 τίνι
1304 1881 1410 1952 ἄρα
1444 1882 1793 1952 ὲπαιωρεῖται

216 1975 243 2023 ό
272 1973 450 2026 πάντα
477 1973 744 2045 περιέχων
769 1973 1012 2045 οὐρανός·
1022 2019 1040 2048 ι
1067 1972 1179 2036 ταῦς
1230 1973 1337 2044 97
1375 1973 1508 2044 νέφη
1541 1969 1601 2037 ἐξ
1633 1973 1794 2044 ἀέρος

219 2061 394 2135 βρύει,
420 2066 512 2118 καὶ
536 2066 614 2128 είς
637 2065 772 2136 ἀέρα
802 2057 1239 2136 συμπίνεται’τίς
1261 2064 1419 2134 φύσις
1451 2063 1687 2136 βροντῶν
1700 2065 1794 2117 καὶ

219 2157 533 2230 ἀστραπῶν,
577 2158 789 2227 χιόνων,
829 2156 1091 2229 χαλάζης,
1122 2157 1374 2228 ὁμίχλης,
1423 2145 1792 2228 κρυστάλλων,

219 2251 562 2320 καταιγίδων,
587 2249 805 2322 ὄμϐρων
820 2289 846 2314 ,-
867 2250 1044 2320 νεφῶν
1081 2249 1495 2321 αἰωρουμένων·
1537 2249 1632 2302 καὶ
1678 2247 1795 2311 πῶς

221 2342 384 2410 φυτὰ,
428 2341 540 2407 ζῶα
568 2342 823 2396 πλάσσειο
850 2342 947 2396 καὶ
970 2341 1144 2395 ταῦτα
1171 2341 1452 2412 διαφοραῖς
1496 2339 1798 2412 ἀναριθμή-

219 2421 332 2498 ⁶τοις
358 2436 512 2506 πάσῃ
541 2435 798 2506 ἀκριϐείᾳ
833 2434 1070 2505 συνεχῶς
1099 2432 1502 2504 ἀποτελούμενα
1529 2432 1579 2465 ⁸⁵

293 2653 533 2708 XXXVI.
570 2655 760 2726 Ὅμως
783 2654 878 2708 ὲάν
903 2671 988 2718 τις
1040 2655 1102 2708 τὸ
1139 2655 1247 2708 πᾶν
1277 2653 1521 2725 ἀκριϐῶς
1553 2653 1798 2726 λογισμῷ

225 2748 405 2819 συνιδῇ
428 2747 497 2810 ⁸⁸,
546 2748 764 2818 εὑρήσει
791 2737 858 2800 δι’
879 2747 1161 2819 ἄνθρωπον
1179 2747 1270 2800 τὸν
1280 2746 1412 2800 Θεὸν
1441 2746 1794 2818 πεποιηκότα.

225 2843 286 2893 Oi
313 2841 420 2912 γὰρ
457 2839 654 2912 ὄμϐροι
685 2839 912 2911 καρπῶν
939 2840 1100 2892 ἕνεκα
1125 2838 1382 2908 γίνονται,
1406 2840 1494 2894 ἵνα
1512 2839 1798 2910 ἄνθρωπος

223 2933 506 3005 μεταλάϐῃ
537 2933 605 2997 ⁸⁷,
635 2935 729 2986 καὶ
749 2932 862 2998 ζῶα
892 2937 1095 3004 τραφῇ,
1126 2935 1272 2996 ὅπως
1301 2931 1571 3004 ἀνθρώπῳ
1601 2928 1796 3004 χρησιὲ

1895 1797 2194 1868 Quousque
2221 1800 2466 1868 pervenit
2496 1798 2749 1853 immensi
2794 1797 2985 1852 tartari
3036 1795 3306 1850 infinitum
3340 1809 3470 1865 pro-

1898 1889 2148 1944 fundum.
2209 1889 2384 1961 Super
2434 1906 2546 1960 quo
2595 1890 2946 1960 suspenditur
3023 1888 3264 1952 coelum,
3320 1887 3469 1957 quod

1894 1983 2076 2036 omnia
2103 1983 2364 2037 continet.
2387 1981 2504 2048 Qua
2529 1983 2744 2037 ratione
2768 1982 2939 2036 nubes
2960 1996 3027 2035 ex
3049 1996 3172 2034 aere
3195 1978 3466 2040 diilluunt,

1895 2073 2031 2128 etin
2075 2089 2258 2128 aerem
2293 2074 2651 2128 imbibuutur.
2685 2073 2815 2140 Quae
2837 2082 3032 2127 natura
3076 2072 3375 2126 tonitruum
3416 2077 3471 2122 et

1893 2163 2201 2235 fulgurum,
2255 2165 2487 2231 nivium,
2536 2166 2838 2235 grandinis,
2893 2163 3134 2229 nebulae,
3183 2161 3374 2232 glaciei
3416 2167 3472 2214 et

1895 2254 2315 2324 crystallorum,
2368 2255 2755 2323 procellarum,
2810 2254 3067 2308 imbrium
3134 2253 3472 2321 nubiumque

1896 2360 2314 2415 suspensarum.
2372 2344 2440 2399 Et
2494 2361 2604 2415 quo
2642 2355 2800 2416 pacto
2841 2346 3039 2415 planta:
3086 2343 3391 2398 formentur
3417 2351 3472 2397 et

1897 2435 2177 2500 animalia,
2231 2444 2396 2505 atque
2433 2437 2549 2491 haec
2573 2436 2876 2489 innumeris
2912 2433 3320 2489 diversitatibus
3346 2448 3468 2487 om-

1897 2524 2061 2596 nique
2088 2527 2370 2597 diligentia
2396 2528 2656 2584 continue
2684 2525 2953 2584 confecta.

1966 2661 2208 2716 XXXVI.
2234 2659 2420 2732 Itaque
2446 2662 2540 2732 qui
2565 2663 2879 2716 universum
2926 2668 3182 2716 accurate
3222 2659 3476 2716 conside-

1897 2755 2118 2819 raverit,
2152 2754 2413 2822 inveniet,
2442 2754 2683 2809 hominis
2713 2769 2882 2808 causa
2925 2754 2977 2808 id
3003 2753 3204 2808 factum
3231 2752 3400 2808 fuisse
3440 2768 3472 2806 a

1898 2849 2030 2904 Deo.
2059 2845 2195 2902 Nam
2227 2847 2429 2902 imbres
2455 2855 2674 2916 propter
2701 2844 2884 2915 fruges
2915 2844 3073 2907 fiunt.
3105 2853 3165 2899 ut
3188 2844 3355 2898 homo
3384 2858 3477 2896 su-

1900 2949 2013 2996 mat
2039 2948 2094 2994 et
2121 2938 2308 2994 bestiae
2361 2937 2697 3003 nutriantur,
2743 2951 2853 3005 quo
2885 2935 3094 2990 homini
3140 2935 3473 2998 inserviant;

228 3025 384 3096 μεύῃ·
417 3025 516 3077 καὶ
535 3024 684 3094 ἥλιος
727 3023 905 3094 φαίνει
937 3025 1030 3078 καὶ
1063 3025 1109 3056 ⁸⁸
1136 3025 1224 3078 τὸν
1256 3025 1392 3098 ἀέρα
1421 3026 1502 3089 εἰς
1527 3026 1799 3098 τέσσαρας

1904 3032 1982 3086 sol
2007 3037 2228 3100 apparet
2259 3044 2324 3083 ac
2345 3027 2508 3094 lucet,
2537 3037 2591 3083 et
2612 3042 2792 3082 aerem
2823 3026 2876 3081 in
2913 3035 3147 3096 quatuor
3175 3024 3302 3081 anni
3340 3033 3477 3079 tem-

224 3116 427 3188 τροπὰς
459 3116 674 3188 τρέπει,
711 3117 798 3170 ἵνα
826 3117 1056 3180 ἕκαστος
1084 3117 1275 3189 καιρὸς
1301 3116 1369 3170 τὰ
1393 3116 1499 3170 ῐδια
1529 3115 1799 3189 ἀνθρώπῳ

227 3210 506 3282 παρασχῇ·
560 3209 655 3260 καὶ
694 3208 865 3278 πηγαὶ
904 3207 1156 3278 βρύουσιν
1194 3209 1261 3272 ⁸⁸,
1295 3207 1380 3261 ἵνα
1410 3209 1560 3280 πόμα
1590 3209 1802 3282 ἀνθρώ-

226 3317 346 3365 ποις
365 3300 519 3371 δοθῇ.
567 3299 706 3352 Ἀλλ’
760 3298 840 3352 ἔτι
897 3298 1002 3371 μὴν
1041 3298 1183 3353 κοιτά
1211 3299 1274 3353 τὸ
1327 3300 1549 3355 δυνατὸν
1597 3301 1682 3364 τίς
1709 3301 1804 3354 ἐπὶ

227 3392 324 3462 τῆς
378 3392 614 3456 κτίσεως
658 3391 937 3462 κυριεύει;
973 3391 1108 3462 Οὐχὶ
1154 3390 1474 3463 ἄνθρωπος,
1529 3392 1586 3457 ὃς
1616 3392 1803 3462 σοφίαν

230 3485 469 3557 εἴληφεν,
513 3485 626 3557 Δγῆν
678 3487 966 3554 γεωργεῖν,
1031 3483 1305 3536 θάλασσαν
1340 3483 1493 3536 πλεῖν
1516 3521 1534 3548 ,
1591 3484 1802 3556 νηκτὰ,

229 3551 425 3650 πτηνὰ,
471 3551 638 3648 θηρία
670 3551 945 3648 ἀγρεύειν,
980 3577 1195 3647 ἄστρων
1227 3575 1422 3647 δρόμον
1446 3551 1802 3646 λογιστεύειν,

226 3670 326 3740 γῆν
351 3668 724 3740 μεταλλεύειν,
754 3668 1027 3722 θάλασσαν
1061 3666 1268 3739 σήθειν,
1332 3667 1516 3731 πόλεις
1549 3668 1803 3740 ἐγείρειν,

231 3760 472 3830 βασιλεῖς
509 3761 555 3794 ⁹⁰
582 3759 806 3832 ὁρίζειν,
858 3760 1054 3830 νόμους
1089 3759 1330 3823 τάσσειν,
1385 3759 1644 3826 δικάζειν,
1675 3759 1806 3814 Θεὸν

231 3853 468 3924 ἀόρατον
497 3855 656 3916 νοεῖν,
690 3851 935 3921 ἀγγέλων
965 3851 1201 3924 ὀνόματα
1224 3851 1532 3924 γνωρίζειν,
1551 3851 1807 3923 δαίμονας

230 3944 580 4005 ἀπελαύνειν,
631 3943 819 4007 νόσους
864 3943 1206 4015 φαρμακίαις
1255 3944 1546 4015 πειρᾶσθαι
1588 3943 1804 4009 παύειν,

233 4037 373 4089 κατά
401 4037 450 4090 δ’
488 4035 703 4089 ἰοϐόλων
766 4035 1010 4108 ἑρπετῶν
1043 4034 1298 4100 ἐπαοιδὰς
1329 4036 1626 4108 εὑρίσκειν,
1658 4037 1806 4091 ἀντι-

236 4130 469 4193 παθείας
491 4130 726 4183 ἐπινοεῖν
747 4145 765 4195 ;

305 4353 572 4410 XXXVII.
611 4353 674 4405 Ei
700 4351 756 4404 δὲ
782 4351 1137 4422 εὐγνωμονεϊς
1167 4349 1235 4415 ⁹¹,
1253 4347 1810 4420 ἄνθρωπε,νενοηκὼς
1841 4389 1886 4444 D

1902 3131 2142 3194 pestates
2172 3121 2356 3186 vertit,
2382 3129 2440 3174 ut
2463 3135 2802 3190 unaquaeque
2830 3127 3122 3187 tempestas
3151 3133 3273 3186 qua;
3313 3117 3478 3172 habet

1904 3215 2111 3272 homini
2142 3215 2436 3283 largiatur;
2470 3211 2648 3267 fontes
2673 3212 2979 3266 scaturiuut
2999 3253 3013 3275 ,
3061 3219 3122 3264 ut
3150 3219 3310 3279 potus
3338 3225 3478 3280 prae-

1903 3308 2096 3362 beatur
2117 3304 2450 3360 hominibus.
2484 3303 2564 3357 Ad
2598 3303 2733 3365 hate,
2758 3303 3034 3371 quisnam,
3062 3310 3326 3370 quantum
3354 3303 3471 3357 ﬁeri

1904 3405 2100 3467 potest,
2131 3394 2446 3450 dominatur
2471 3394 2524 3447 in
2550 3393 2899 3448 creaturam?
2942 3392 3133 3446 Nonne
3157 3393 3361 3447 homo?
3381 3409 3477 3462 qut

1906 3488 2232 3544 industriam
2262 3485 2471 3555 accepit
2492 3483 2702 3539 colendi
2729 3491 2952 3550 terram,
2983 3482 3270 3550 navigandi
3302 3474 3474 3549 mare,

1906 3575 2154 3647 capiendi
2180 3574 2380 3646 pisces,
2415 3589 2565 3641 aves,
2606 3571 2781 3640 feras;
2834 3571 3170 3642 expendendi
3201 3579 3476 3626 astrorum

1906 3683 2154 3735 cursum,
2182 3664 2460 3722 scrutandi
2487 3675 2708 3732 terram,
2735 3665 2972 3720 findendi
3002 3680 3172 3729 mare,
3205 3664 3477 3720 condendi

1906 3762 2090 3827 urbes,
2120 3759 2442 3830 designandi
2471 3773 2646 3830 reges,
2690 3758 2898 3814 ferendi
2955 3759 3121 3830 leges,
3171 3759 3476 3829 judicaudi,

1907 3853 2078 3906 Deum
2102 3851 2430 3908 invisibilem
2471 3852 2877 3921 cognoscendi,
2904 3851 3108 3906 sciendi
3133 3851 3353 3904 nomina
3377 3866 3480 3904 an-

1907 3945 2175 4015 gelorum,
2236 3943 2540 4012 expellendi
2593 3943 2890 4010 daemones,
2945 3941 3181 3997 tentandi
3229 3943 3481 3998 remediis

1908 4034 2127 4088 morbos
2158 4035 2368 4101 sedare,
2401 4033 2712 4089 inveniendi
2761 4033 3161 4088 incantationes
3191 4034 3476 4089 adversum

1907 4135 2204 4199 venenatos
2234 4137 2534 4197 serpentes,
2563 4126 3026 4182 animadvertendi
3078 4141 3259 4181 rerum
3287 4139 3480 4182 mutuo

1909 4235 1969 4275 se
1989 4219 2320 4290 abigentium
2346 4219 2781 4291 repugnantiam.

1985 4351 2252 4407 XXXVII.
2283 4351 2438 4419 Quod
2483 4352 2530 4408 si
2577 4360 2792 4422 gratum
2835 4360 2886 4405 te
2914 4359 3163 4420 praestas,
3195 4349 3380 4416 homo,
3428 4361 3482 4403 et

239 4450 329 4505 τὸν
355 4449 413 4501 ἐν
444 4448 611 4516 πᾶσιν
645 4443 1078 4516 εὐεργετήσαντά
1107 4459 1168 4496 σε
1215 4441 1366 4504 θεὸν,
1403 4442 1498 4494 καὶ
1537 4439 1799 4504 ἀθάνατος

1913 4441 2168 4512 intelligis
2192 4441 2287 4516 tibi
2314 4441 2371 4496 in
2416 4441 2675 4496 omnibus
2727 4440 3028 4495 beneficum
3065 4438 3256 4507 Deum,
3317 4440 3479 4493 etiam

239 4539 409 4613 ἀνῇς,
425 4514 536 4593 τῶν
551 4538 639 4591 διὰ
660 4537 719 4590 σὲ
743 4513 1070 4591 κτισθέντων
1091 4536 1156 4589 δι’
1186 4533 1599 4606 εὐγνωμοσύνην
1622 4533 1734 4604 98
1751 4532 1799 4586 τί

1921 4513 2273 4591 immortalis,
2301 4534 2517 4599 evades,
2549 4547 2746 4604 resque
2799 4540 2891 4587 tua
2937 4545 3105 4586 causa
3158 4531 3387 4586 conditae
3412 4531 3482 4584 ob

240 4633 516 4704 διαμένειν
578 4631 828 4702 ἐχόντων.
881 4630 992 4682 Καὶ
1045 4628 1140 4683 νῦν
1181 4628 1238 4682 δὲ
1296 4626 1547 4697 γενέσθαι
1583 4625 1812 4681 δύνασαι

242 4726 534 4796 ἄφθαρτος,
568 4723 662 4776 ὲάν
687 4720 923 4792 ἐπιγνῷς
953 4720 1010 4774 ὃν
1042 4720 1249 4784 ἔλαθες,
1276 4719 1371 4772 ὲάν
1412 4720 1703 4790 ἀγαπήσῃς
1750 4718 1810 4774 ὃν

241 4817 533 4881 κατέλιπες
562 4817 630 4880 ⁸³,
660 4817 754 4870 ὲάν
782 4813 928 4886 αὐτῷ
953 4813 1098 4885 μόνῳ
1124 4813 1421 4885 προσεύχῃ,
1447 4811 1526 4884 τῷ
1579 4813 1624 4844 ’³
1653 4810 1811 4882 σῶμά

242 4925 340 4962 σου
372 4908 468 4961 καὶ
495 4907 668 4978 ψυχὴν
699 4906 925 4961 κολάσαι
967 4905 1062 4958 κα)⁸
1113 4904 1278 4957 σῶσαι
1324 4902 1684 4974 δυναμένῳ⁹⁸.
1716 4901 1808 4955 Διὸ

240 4998 351 5071 πρὸ
380 4997 595 5052 πάντων
613 4997 812 5060 ὲννοοῦ,
840 4997 922 5050 ὅτι
953 4995 1127 5059 οὐδεὶς
1156 4993 1306 5065 αὐτῷ
1336 4993 1614 5066 συνάρχει,
1633 4992 1808 5057 οὐδεὶς

242 5091 342 5162 τῆς
375 5088 541 5142 αὑτοῦ
587 5091 830 5142 κοινωνεῖ
871 5086 1185 5158 ὀνομασίας,
1235 5086 1393 5139 τοῦτο
1437 5085 1467 5138 ὃ
1495 5087 1560 5157 δὴ
1591 5085 1808 5154 λέγεται

243 5180 398 5245 Θεός.
449 5180 624 5242 Μόνος
683 5181 792 5250 γὰρ
855 5178 1016 5242 αὐτὸς
1071 5179 1164 5232 καὶ
1219 5177 1431 5246 λέγεται
1493 5177 1590 5231 καὶ
1635 5175 1804 5230 ἔστιν.

1919 4623 2304 4695 gratitudinem
2338 4637 2688 4692 perseverare
2738 4621 3036 4674 habebunt.
3067 4616 3135 4673 Et
3164 4634 3292 4673 vero
3337 4633 3483 4672 nunc

1918 4714 2270 4783 incorruptus
2295 4711 2408 4766 fieri
2427 4720 2602 4781 potes,
2635 4711 2683 4764 si
2714 4725 2874 4779 quem
2899 4707 3159 4780 ignorasti
3193 4722 3479 4777 agnoscas,

1917 4808 1964 4862 si
1992 4794 2153 4877 quem
2189 4804 2454 4874 reliquisti
2481 4801 2696 4872 diligas,
2730 4800 2775 4855 si
2828 4801 2877 4855 ei
2920 4801 3013 4854 uni
3060 4799 3352 4869 supplices,
3387 4800 3482 4868 qui

1915 4912 2115 4968 corpus
2138 4906 2291 4951 tuum
2319 4903 2373 4949 et
2396 4894 2634 4948 animam
2661 4891 2928 4961 supplicio
2951 4890 3164 4946 afﬁcere
3191 4898 3244 4945 et
3267 4906 3484 4945 servare

1915 4998 2108 5060 potest.
2141 4987 2320 5055 Quare
2342 4994 2468 5041 ante
2497 4984 2682 5039 omnia
2709 4985 2910 5054 cogita,
2940 4983 3210 5038 neminem
3243 4998 3364 5038 cum
3392 4983 3484 5036 illo

1916 5082 2204 5152 imperare,
2243 5079 2520 5134 neminem
2550 5078 2673 5131 cum
2700 5091 2768 5130 eo
2787 5090 3135 5130 communem
3164 5074 3365 5129 habere
3387 5091 3483 5143 ap-

1916 5173 2284 5245 pellationem,
2318 5170 2372 5226 id
2429 5183 2623 5238 nempe
2650 5167 2797 5238 quod
2852 5175 3080 5222 vocatur
3123 5165 3284 5222 Deus.
3320 5165 3483 5218 Solus

1502 5312 1591 5366 VA
1600 5311 1738 5367 ΜΕ
1801 5306 2208 5367 LECTIONES.

319 5452 364 5484 “
406 5449 697 5524 udxoucﬂ.
722 5451 898 5524 πηνάς
923 5465 979 5520 p.
1217 5449 1282 5505 0.
1326 5519 1361 5524 __
1387 5447 1728 5524 "semp.
1830 5446 2088 5524 υάέναοι
2116 5443 2178 5524 (ξε
2281 5440 2619 5524 ⁸¹χκὶνονί⁹ντται
2831 5441 2879 5524 ξξ
2897 5439 2970 5524 Ita
3003 5455 3174 5524 marg.
3213 5440 3273 5496 Ci
3291 5481 3320 5524 .,
3366 5451 3477 5514 cuj.

251 5509 427 5602 ιειμιέ
458 5509 970 5602 ἀΜξλουμέντιξιὲι
991 5509 1405 5602 ρειεῖσιςνίδη
1437 5522 1491 5602 ρ,
1631 5517 1712 5602 s..
1745 5517 1969 5602 ,συνείδῃ
1995 5512 2634 5602 c-..:ie=:e§n.9a-.
2665 5509 2772 5602 ος..
2799 5509 3223 5602 ,ετξεενεετέξρε
3257 5509 3479 5602 es

248 5576 444 5662 ὀρέπῂ,
479 5576 570 5646 καί
602 5576 797 5662 ἵνα.’κ.
920 5588 1047 5662 λ,
1121 5590 1166 5622 ⁸⁹
1188 5576 1438 5662 βρύουσίν
1460 5587 1586 5662 S,_O
1615 5628 1630 5653 ,
1663 5576 1894 5662 βρύωσιν
2068 5576 2267 5662 ’_°Lege
2291 5576 2655 5662 βασιλὲξέᾳςαι.
2731 5576 3241 5662 ῗεὺγνωμόνειςύ.
3285 5581 3482 5662 "staf-

254 5651 464 5723 ἐλειπες
519 5663 581 5716 C.
657 5651 706 5693 ’ί
720 5660 781 5714 τό
823 5660 884 5714 C.
960 5659 1006 5691 ’⁸⁵
1021 5651 1296 5730 δυναμένῳ
1329 5661 1420 5712 καὶ
1465 5651 1634 5713 σῶσαι
1663 5651 1729 5713 Ὁ.
1781 5658 1912 5716 Dein
1949 5654 2103 5714 ὶνκτῦ
2135 5651 2420 5726 ι).”ὲν’νοοῦ
2457 5652 2522 5707 Cl
2548 5692 2566 5720 ,
2598 5667 2705 5710 non
2729 5651 2770 5710 C
2806 5694 2820 5724 ,
2854 5667 2911 5708 ut
2940 5653 3078 5708 ialso
3107 5657 3388 5710 annotavit
3414 5656 3470 5709 S.
