  <div class='ocr_page' id='page_1' title='image "/cluster/home/n/w/nwhite01/storage/ocr_20150623/2/mdp.39015005182426/078.png"; bbox 0 0 3986 6164; ppageno 0'>
   <div class='ocr_carea' id='block_1_1' title="bbox 325 261 430 316">
    <p class='ocr_par' dir='ltr' id='par_1_1' title="bbox 325 261 430 316">
     <span class='ocr_line' id='line_1_1' title="bbox 325 261 430 316; baseline 0.019 -2"><span class='ocrx_word' id='word_1_1' title='bbox 325 261 430 316; x_wconf 73' lang='grc'><strong>157</strong></span> 
     </span>
    </p>
   </div>
   <div class='ocr_carea' id='block_1_2' title="bbox 1463 243 2438 302">
    <p class='ocr_par' dir='ltr' id='par_1_2' title="bbox 1463 243 2438 302">
     <span class='ocr_line' id='line_1_2' title="bbox 1463 243 2438 302; baseline -0.002 -1"><span class='ocrx_word' id='word_1_2' title='bbox 1463 243 1920 302; x_wconf 69' lang='lat' dir='ltr'><strong>CLEMENTINA.</strong></span> <span class='ocrx_word' id='word_1_3' title='bbox 1945 275 2014 287; x_wconf 92' lang='lat'>—</span> <span class='ocrx_word' id='word_1_4' title='bbox 2032 244 2313 300; x_wconf 75' lang='lat' dir='ltr'><strong>HOMILIA</strong></span> <span class='ocrx_word' id='word_1_5' title='bbox 2348 243 2438 299; x_wconf 77' lang='lat' dir='ltr'><strong>Ill.</strong></span> 
     </span>
    </p>
   </div>
   <div class='ocr_carea' id='block_1_3' title="bbox 3471 240 3574 294">
    <p class='ocr_par' dir='ltr' id='par_1_3' title="bbox 3471 240 3574 294">
     <span class='ocr_line' id='line_1_3' title="bbox 3471 240 3574 294; baseline -0.01 0"><span class='ocrx_word' id='word_1_6' title='bbox 3471 240 3574 294; x_wconf 69' lang='lat'><strong>158</strong></span> 
     </span>
    </p>
   </div>
   <div class='ocr_carea' id='block_1_4' title="bbox 319 339 1916 438">
    <p class='ocr_par' dir='ltr' id='par_1_4' title="bbox 319 357 1911 438">
     <span class='ocr_line' id='line_1_4' title="bbox 319 357 1911 438; baseline -0.009 -14"><span class='ocrx_word' id='word_1_7' title='bbox 319 372 477 426; x_wconf 81' lang='grc' dir='ltr'>λεται</span> <span class='ocrx_word' id='word_1_8' title='bbox 508 365 570 421; x_wconf 89' lang='grc' dir='ltr'><strong>τὸ</strong></span> <span class='ocrx_word' id='word_1_9' title='bbox 598 366 760 429; x_wconf 87' lang='grc' dir='ltr'>τέλος</span> <span class='ocrx_word' id='word_1_10' title='bbox 805 362 1106 438; x_wconf 77' lang='grc' dir='ltr'>ἀκρισῶσαι</span> <span class='ocrx_word' id='word_1_11' title='bbox 1136 359 1302 424; x_wconf 80' lang='grc' dir='ltr'><strong>θέλει,</strong></span> <span class='ocrx_word' id='word_1_12' title='bbox 1335 359 1370 432; x_wconf 75' lang='grc' dir='ltr'>ἢ</span> <span class='ocrx_word' id='word_1_13' title='bbox 1403 358 1498 412; x_wconf 78' lang='grc' dir='ltr'>ἐπὶ</span> <span class='ocrx_word' id='word_1_14' title='bbox 1540 358 1620 430; x_wconf 83' lang='grc' dir='ltr'><strong>τῷ</strong></span> <span class='ocrx_word' id='word_1_15' title='bbox 1648 357 1721 428; x_wconf 79' lang='grc' dir='ltr'>μὴ</span> <span class='ocrx_word' id='word_1_16' title='bbox 1771 357 1911 411; x_wconf 85' lang='grc' dir='ltr'><strong>κατά</strong></span> 
     </span>
    </p>
   </div>
   <div class='ocr_carea' id='block_1_5' title="bbox 2024 339 3586 438">
    <p class='ocr_par' dir='ltr' id='par_1_5' title="bbox 2024 353 3586 425">
     <span class='ocr_line' id='line_1_5' title="bbox 2024 353 3586 425; baseline -0.001 -13"><span class='ocrx_word' id='word_1_17' title='bbox 2024 359 2153 422; x_wconf 80' lang='lat' dir='ltr'><strong>vult,</strong></span> <span class='ocrx_word' id='word_1_18' title='bbox 2197 364 2293 412; x_wconf 86' lang='lat' dir='ltr'><strong>aut</strong></span> <span class='ocrx_word' id='word_1_19' title='bbox 2319 355 2576 412; x_wconf 73' lang='lat' dir='ltr'><strong>convenit</strong></span> <span class='ocrx_word' id='word_1_20' title='bbox 2606 369 2726 410; x_wconf 89' lang='lat' dir='ltr'><strong>eam</strong></span> <span class='ocrx_word' id='word_1_21' title='bbox 2753 353 2824 409; x_wconf 90' lang='lat' dir='ltr'><strong>ob</strong></span> <span class='ocrx_word' id='word_1_22' title='bbox 2845 369 2960 409; x_wconf 88' lang='lat' dir='ltr'><strong>rem</strong></span> <span class='ocrx_word' id='word_1_23' title='bbox 2997 354 3307 425; x_wconf 72' lang='lat' dir='ltr'><strong>pmnitenti,</strong></span> <span class='ocrx_word' id='word_1_24' title='bbox 3333 371 3454 424; x_wconf 64' lang='lat' dir='ltr'><strong>quae</strong></span> <span class='ocrx_word' id='word_1_25' title='bbox 3476 371 3586 410; x_wconf 84' lang='lat' dir='ltr'><strong>non</strong></span> 
     </span>
    </p>
   </div>
   <div class='ocr_carea' id='block_1_6' title="bbox 323 448 1918 534">
    <p class='ocr_par' dir='ltr' id='par_1_6' title="bbox 323 448 1918 534">
     <span class='ocr_line' id='line_1_6' title="bbox 323 448 1918 534; baseline -0.009 -17"><span class='ocrx_word' id='word_1_26' title='bbox 323 463 554 534; x_wconf 80' lang='grc' dir='ltr'><strong>γνώμην</strong></span> <span class='ocrx_word' id='word_1_27' title='bbox 587 459 860 514; x_wconf 79' lang='grc' dir='ltr'>ἀποϐάντι</span> <span class='ocrx_word' id='word_1_28' title='bbox 897 453 1332 529; x_wconf 78' lang='grc' dir='ltr'><strong>μεταμελομένου</strong></span> <span class='ocrx_word' id='word_1_29' title='bbox 1362 453 1403 504; x_wconf 88' lang='grc'><strong>⁸.</strong></span> <span class='ocrx_word' id='word_1_30' title='bbox 1459 451 1570 506; x_wconf 84' lang='lat' dir='ltr'><strong>Kal</strong></span> <span class='ocrx_word' id='word_1_31' title='bbox 1617 450 1679 504; x_wconf 90' lang='grc' dir='ltr'><strong>τὸ</strong></span> <span class='ocrx_word' id='word_1_32' title='bbox 1713 448 1918 521; x_wconf 88' lang='grc' dir='ltr'>γεγρά-</span> 
     </span>
    </p>
   </div>
   <div class='ocr_carea' id='block_1_7' title="bbox 326 545 1917 626">
    <p class='ocr_par' dir='ltr' id='par_1_7' title="bbox 326 545 1917 626">
     <span class='ocr_line' id='line_1_7' title="bbox 326 545 1917 626; baseline -0.009 -16"><span class='ocrx_word' id='word_1_33' title='bbox 326 558 482 626; x_wconf 81' lang='grc' dir='ltr'>φθαι·</span> <span class='ocrx_word' id='word_1_34' title='bbox 535 553 647 608; x_wconf 76' lang='grc' dir='ltr'><strong>Καὶ</strong></span> <span class='ocrx_word' id='word_1_35' title='bbox 708 550 1030 622; x_wconf 64' lang='grc' dir='ltr'>ὠσφράνθη</span> <span class='ocrx_word' id='word_1_36' title='bbox 1075 550 1292 616; x_wconf 84' lang='grc' dir='ltr'>Κύριος</span> <span class='ocrx_word' id='word_1_37' title='bbox 1341 547 1544 616; x_wconf 78' lang='grc' dir='ltr'>ὀσμὴν</span> <span class='ocrx_word' id='word_1_38' title='bbox 1592 545 1917 614; x_wconf 60' lang='lat' dir='ltr'><strong>100mm-</strong></span> 
     </span>
    </p>
   </div>
   <div class='ocr_carea' id='block_1_8' title="bbox 325 634 1915 715">
    <p class='ocr_par' dir='ltr' id='par_1_8' title="bbox 325 634 1915 715">
     <span class='ocr_line' id='line_1_8' title="bbox 325 634 1915 715; baseline -0.011 -9"><span class='ocrx_word' id='word_1_39' title='bbox 325 652 483 715; x_wconf 78' lang='grc' dir='ltr'>δίας,</span> <span class='ocrx_word' id='word_1_40' title='bbox 541 646 758 709; x_wconf 77' lang='grc' dir='ltr'>ἐνδεοῦς</span> <span class='ocrx_word' id='word_1_41' title='bbox 789 648 968 709; x_wconf 79' lang='grc' dir='ltr'>ἐστιν,</span> <span class='ocrx_word' id='word_1_42' title='bbox 1003 644 1098 698; x_wconf 71' lang='grc' dir='ltr'><strong>καὶ</strong></span> <span class='ocrx_word' id='word_1_43' title='bbox 1151 641 1214 695; x_wconf 91' lang='grc' dir='ltr'><strong>τὸ</strong></span> <span class='ocrx_word' id='word_1_44' title='bbox 1275 639 1369 694; x_wconf 78' lang='grc' dir='ltr'><strong>ἐπὶ</strong></span> <span class='ocrx_word' id='word_1_45' title='bbox 1414 639 1606 710; x_wconf 79' lang='grc' dir='ltr'>κνίσσῃ</span> <span class='ocrx_word' id='word_1_46' title='bbox 1640 637 1660 669; x_wconf 82' lang='grc'><strong>⁷</strong></span> <span class='ocrx_word' id='word_1_47' title='bbox 1696 634 1915 707; x_wconf 84' lang='grc' dir='ltr'>σαρκῶν</span> 
     </span>
    </p>
   </div>
   <div class='ocr_carea' id='block_1_9' title="bbox 328 729 1914 814">
    <p class='ocr_par' dir='ltr' id='par_1_9' title="bbox 328 729 1914 814">
     <span class='ocr_line' id='line_1_9' title="bbox 328 729 1914 814; baseline -0.01 -19"><span class='ocrx_word' id='word_1_48' title='bbox 328 742 586 814; x_wconf 77' lang='grc' dir='ltr'>ἡσθῆναι,</span> <span class='ocrx_word' id='word_1_49' title='bbox 618 739 721 792; x_wconf 80' lang='grc' dir='ltr'><strong>οὑκ</strong></span> <span class='ocrx_word' id='word_1_50' title='bbox 754 736 980 807; x_wconf 84' lang='grc' dir='ltr'>ἀγαθοῦ.</span> <span class='ocrx_word' id='word_1_51' title='bbox 1031 735 1106 789; x_wconf 83' lang='grc' dir='ltr'>Τὸ</span> <span class='ocrx_word' id='word_1_52' title='bbox 1136 735 1193 789; x_wconf 83' lang='grc' dir='ltr'>δὲ</span> <span class='ocrx_word' id='word_1_53' title='bbox 1228 731 1534 806; x_wconf 75' lang='grc' dir='ltr'>πειράζειν,</span> <span class='ocrx_word' id='word_1_54' title='bbox 1585 730 1660 793; x_wconf 84' lang='grc' dir='ltr'><strong>ῶς</strong></span> <span class='ocrx_word' id='word_1_55' title='bbox 1709 729 1914 798; x_wconf 79' lang='grc' dir='ltr'>γέγρα-</span> 
     </span>
    </p>
   </div>
   <div class='ocr_carea' id='block_1_10' title="bbox 335 819 1914 898">
    <p class='ocr_par' dir='ltr' id='par_1_10' title="bbox 335 819 1914 898">
     <span class='ocr_line' id='line_1_10' title="bbox 335 819 1914 898; baseline -0.009 -12"><span class='ocrx_word' id='word_1_56' title='bbox 335 849 501 886; x_wconf 82' lang='grc' dir='ltr'>πται·</span> <span class='ocrx_word' id='word_1_57' title='bbox 542 831 652 884; x_wconf 77' lang='grc' dir='ltr'><strong>Καὶ</strong></span> <span class='ocrx_word' id='word_1_58' title='bbox 679 831 965 898; x_wconf 80' lang='grc' dir='ltr'><strong>ἐπείρασε</strong></span> <span class='ocrx_word' id='word_1_59' title='bbox 993 831 1210 897; x_wconf 80' lang='grc' dir='ltr'>Κύριος</span> <span class='ocrx_word' id='word_1_60' title='bbox 1258 826 1365 880; x_wconf 77' lang='grc' dir='ltr'>τὸν</span> <span class='ocrx_word' id='word_1_61' title='bbox 1434 823 1710 893; x_wconf 78' lang='grc' dir='ltr'>Ἀϐραὰμ,</span> <span class='ocrx_word' id='word_1_62' title='bbox 1739 819 1914 875; x_wconf 86' lang='grc' dir='ltr'>κακοῦ</span> 
     </span>
    </p>
   </div>
   <div class='ocr_carea' id='block_1_11' title="bbox 334 919 1514 994">
    <p class='ocr_par' dir='ltr' id='par_1_11' title="bbox 334 919 1514 994">
     <span class='ocr_line' id='line_1_11' title="bbox 334 919 1514 994; baseline -0.006 -16"><span class='ocrx_word' id='word_1_63' title='bbox 334 927 432 979; x_wconf 80' lang='grc' dir='ltr'>καὶ</span> <span class='ocrx_word' id='word_1_64' title='bbox 465 924 523 977; x_wconf 88' lang='grc' dir='ltr'><strong>τὸ</strong></span> <span class='ocrx_word' id='word_1_65' title='bbox 553 923 706 986; x_wconf 81' lang='grc' dir='ltr'>τέλος</span> <span class='ocrx_word' id='word_1_66' title='bbox 736 923 836 994; x_wconf 80' lang='grc' dir='ltr'>τῆς</span> <span class='ocrx_word' id='word_1_67' title='bbox 863 922 1140 994; x_wconf 79' lang='grc' dir='ltr'>ὑπομονῆς</span> <span class='ocrx_word' id='word_1_68' title='bbox 1177 919 1514 989; x_wconf 86' lang='grc' dir='ltr'>ἀγνοοῦντος.</span> 
     </span>
    </p>
   </div>
   <div class='ocr_carea' id='block_1_12' title="bbox 405 1007 1916 1087">
    <p class='ocr_par' dir='ltr' id='par_1_12' title="bbox 405 1007 1916 1087">
     <span class='ocr_line' id='line_1_12' title="bbox 405 1007 1916 1087; baseline -0.007 -16"><span class='ocrx_word' id='word_1_69' title='bbox 405 1017 516 1072; x_wconf 81' lang='lat' dir='ltr'><strong>XL.</strong></span> <span class='ocrx_word' id='word_1_70' title='bbox 569 1016 754 1087; x_wconf 81' lang='grc' dir='ltr'>Ὀμῶς</span> <span class='ocrx_word' id='word_1_71' title='bbox 783 1016 805 1047; x_wconf 83' lang='grc'><strong>⁸</strong></span> <span class='ocrx_word' id='word_1_72' title='bbox 835 1017 865 1069; x_wconf 98' lang='lat'><strong>6</strong></span> <span class='ocrx_word' id='word_1_73' title='bbox 921 1015 1104 1087; x_wconf 87' lang='grc' dir='ltr'>Σίμων</span> <span class='ocrx_word' id='word_1_74' title='bbox 1161 1013 1331 1067; x_wconf 86' lang='grc' dir='ltr'>πολλά</span> <span class='ocrx_word' id='word_1_75' title='bbox 1377 1011 1486 1066; x_wconf 86' lang='grc' dir='ltr'><strong>ἀπὸ</strong></span> <span class='ocrx_word' id='word_1_76' title='bbox 1513 1011 1624 1064; x_wconf 90' lang='grc' dir='ltr'><strong>τῶν</strong></span> <span class='ocrx_word' id='word_1_77' title='bbox 1682 1007 1916 1081; x_wconf 78' lang='grc' dir='ltr'>Γραφῶν</span> 
     </span>
    </p>
   </div>
   <div class='ocr_carea' id='block_1_13' title="bbox 333 1103 1912 1175">
    <p class='ocr_par' dir='ltr' id='par_1_13' title="bbox 333 1103 1912 1175">
     <span class='ocr_line' id='line_1_13' title="bbox 333 1103 1912 1175; baseline -0.008 -9"><span class='ocrx_word' id='word_1_78' title='bbox 333 1113 508 1166; x_wconf 86' lang='grc' dir='ltr'>ἐδόκει</span> <span class='ocrx_word' id='word_1_79' title='bbox 541 1111 808 1164; x_wconf 76' lang='grc' dir='ltr'>δεικνύειν</span> <span class='ocrx_word' id='word_1_80' title='bbox 835 1110 927 1162; x_wconf 87' lang='grc' dir='ltr'><strong>τὸν</strong></span> <span class='ocrx_word' id='word_1_81' title='bbox 955 1108 1088 1161; x_wconf 83' lang='grc' dir='ltr'>Θεὸν</span> <span class='ocrx_word' id='word_1_82' title='bbox 1125 1107 1290 1160; x_wconf 73' lang='grc' dir='ltr'>παντὶ</span> <span class='ocrx_word' id='word_1_83' title='bbox 1320 1105 1483 1160; x_wconf 80' lang='grc' dir='ltr'>πάθει</span> <span class='ocrx_word' id='word_1_84' title='bbox 1532 1103 1912 1175; x_wconf 83' lang='grc' dir='ltr'>ὑποκείμενον.</span> 
     </span>
    </p>
   </div>
   <div class='ocr_carea' id='block_1_14' title="bbox 333 1195 1918 1275">
    <p class='ocr_par' dir='ltr' id='par_1_14' title="bbox 333 1195 1918 1275">
     <span class='ocr_line' id='line_1_14' title="bbox 333 1195 1918 1275; baseline -0.008 -16"><span class='ocrx_word' id='word_1_85' title='bbox 333 1207 446 1260; x_wconf 91' lang='lat' dir='ltr'><strong>Kal</strong></span> <span class='ocrx_word' id='word_1_86' title='bbox 485 1207 515 1258; x_wconf 92' lang='lat'><strong>6</strong></span> <span class='ocrx_word' id='word_1_87' title='bbox 543 1205 751 1275; x_wconf 81' lang='grc' dir='ltr'><strong>Πέτρος</strong></span> <span class='ocrx_word' id='word_1_88' title='bbox 779 1202 915 1275; x_wconf 89' lang='grc' dir='ltr'>πρὸς</span> <span class='ocrx_word' id='word_1_89' title='bbox 959 1203 980 1233; x_wconf 86' lang='grc'><strong><em>⁹</em></strong></span> <span class='ocrx_word' id='word_1_90' title='bbox 1012 1199 1183 1254; x_wconf 89' lang='grc' dir='ltr'>ταῦτα</span> <span class='ocrx_word' id='word_1_91' title='bbox 1236 1199 1363 1270; x_wconf 77' lang='grc' dir='ltr'>ἔφη·</span> <span class='ocrx_word' id='word_1_92' title='bbox 1412 1198 1475 1250; x_wconf 77' lang='grc' dir='ltr'><strong>Εἰ</strong></span> <span class='ocrx_word' id='word_1_93' title='bbox 1513 1196 1678 1270; x_wconf 83' lang='grc' dir='ltr'>μηδὲν</span> <span class='ocrx_word' id='word_1_94' title='bbox 1727 1195 1918 1265; x_wconf 82' lang='grc' dir='ltr'>ἀγαπᾷ</span> 
     </span>
    </p>
   </div>
   <div class='ocr_carea' id='block_1_15' title="bbox 328 1285 1919 1366">
    <p class='ocr_par' dir='ltr' id='par_1_15' title="bbox 328 1285 1919 1366">
     <span class='ocr_line' id='line_1_15' title="bbox 328 1285 1919 1366; baseline -0.009 -13"><span class='ocrx_word' id='word_1_95' title='bbox 328 1300 362 1352; x_wconf 83' lang='lat'><strong>6</strong></span> <span class='ocrx_word' id='word_1_96' title='bbox 390 1299 562 1362; x_wconf 83' lang='grc' dir='ltr'>κακὸς</span> <span class='ocrx_word' id='word_1_97' title='bbox 595 1299 691 1352; x_wconf 74' lang='lat' dir='ltr'><strong>xal</strong></span> <span class='ocrx_word' id='word_1_98' title='bbox 725 1295 866 1350; x_wconf 89' lang='grc' dir='ltr'>πάνυ</span> <span class='ocrx_word' id='word_1_99' title='bbox 913 1294 1186 1366; x_wconf 86' lang='grc' dir='ltr'>μοχθηρὸς</span> <span class='ocrx_word' id='word_1_100' title='bbox 1212 1292 1296 1362; x_wconf 80' lang='grc' dir='ltr'><strong>ἐφ’</strong></span> <span class='ocrx_word' id='word_1_101' title='bbox 1326 1285 1407 1355; x_wconf 75' lang='grc' dir='ltr'>οἷς</span> <span class='ocrx_word' id='word_1_102' title='bbox 1451 1289 1756 1362; x_wconf 82' lang='grc' dir='ltr'>ἁμαρτάνει</span> <span class='ocrx_word' id='word_1_103' title='bbox 1798 1288 1919 1340; x_wconf 84' lang='grc' dir='ltr'>ἐαυ-</span> 
     </span>
    </p>
   </div>
   <div class='ocr_carea' id='block_1_16' title="bbox 331 1381 1916 1460">
    <p class='ocr_par' dir='ltr' id='par_1_16' title="bbox 331 1381 1916 1460">
     <span class='ocr_line' id='line_1_16' title="bbox 331 1381 1916 1460; baseline -0.006 -16"><span class='ocrx_word' id='word_1_104' title='bbox 331 1390 424 1444; x_wconf 85' lang='grc' dir='ltr'><strong>τὸν</strong></span> <span class='ocrx_word' id='word_1_105' title='bbox 457 1390 725 1460; x_wconf 75' lang='grc' dir='ltr'>ἐλέγχειν,</span> <span class='ocrx_word' id='word_1_106' title='bbox 753 1386 1051 1459; x_wconf 83' lang='grc' dir='ltr'>ἀπόκριναί</span> <span class='ocrx_word' id='word_1_107' title='bbox 1086 1403 1196 1457; x_wconf 85' lang='grc' dir='ltr'>μοι.</span> <span class='ocrx_word' id='word_1_108' title='bbox 1227 1384 1338 1438; x_wconf 91' lang='lat' dir='ltr'><strong>Kal</strong></span> <span class='ocrx_word' id='word_1_109' title='bbox 1369 1386 1397 1437; x_wconf 87' lang='lat'><strong>6</strong></span> <span class='ocrx_word' id='word_1_110' title='bbox 1429 1383 1612 1455; x_wconf 88' lang='grc' dir='ltr'>Σίμων</span> <span class='ocrx_word' id='word_1_111' title='bbox 1640 1383 1764 1454; x_wconf 71' lang='grc' dir='ltr'>ἔφη·</span> <span class='ocrx_word' id='word_1_112' title='bbox 1801 1381 1916 1435; x_wconf 81' lang='grc' dir='ltr'><strong>Οὐκ</strong></span> 
     </span>
    </p>
   </div>
   <div class='ocr_carea' id='block_1_17' title="bbox 329 1470 1917 1554">
    <p class='ocr_par' dir='ltr' id='par_1_17' title="bbox 329 1470 1917 1554">
     <span class='ocr_line' id='line_1_17' title="bbox 329 1470 1917 1554; baseline -0.006 -16"><span class='ocrx_word' id='word_1_113' title='bbox 329 1484 550 1554; x_wconf 80' lang='grc' dir='ltr'>ἀγαπᾷ.</span> <span class='ocrx_word' id='word_1_114' title='bbox 602 1481 714 1536; x_wconf 97' lang='lat' dir='ltr'><strong>Kal</strong></span> <span class='ocrx_word' id='word_1_115' title='bbox 764 1483 793 1535; x_wconf 88' lang='lat'><strong>6</strong></span> <span class='ocrx_word' id='word_1_116' title='bbox 824 1481 1032 1552; x_wconf 81' lang='grc' dir='ltr'>Πέτρος</span> <span class='ocrx_word' id='word_1_117' title='bbox 1082 1478 1207 1548; x_wconf 77' lang='grc' dir='ltr'>ἔφη·</span> <span class='ocrx_word' id='word_1_118' title='bbox 1240 1477 1368 1541; x_wconf 89' lang='grc' dir='ltr'><strong>Πῶς</strong></span> <span class='ocrx_word' id='word_1_119' title='bbox 1407 1477 1450 1508; x_wconf 82' lang='grc'><strong>¹⁰</strong></span> <span class='ocrx_word' id='word_1_120' title='bbox 1479 1470 1573 1528; x_wconf 84' lang='grc' dir='ltr'><strong>οῦν</strong></span> <span class='ocrx_word' id='word_1_121' title='bbox 1623 1475 1792 1539; x_wconf 83' lang='grc' dir='ltr'>κακὸς</span> <span class='ocrx_word' id='word_1_122' title='bbox 1823 1475 1917 1528; x_wconf 71' lang='grc' dir='ltr'><strong>καὶ</strong></span> 
     </span>
    </p>
   </div>
   <div class='ocr_carea' id='block_1_18' title="bbox 337 1567 1916 1646">
    <p class='ocr_par' dir='ltr' id='par_1_18' title="bbox 337 1567 1916 1646">
     <span class='ocr_line' id='line_1_18' title="bbox 337 1567 1916 1646; baseline -0.005 -18"><span class='ocrx_word' id='word_1_123' title='bbox 337 1574 612 1646; x_wconf 88' lang='grc' dir='ltr'>μοχθηρὸς</span> <span class='ocrx_word' id='word_1_124' title='bbox 640 1573 778 1627; x_wconf 82' lang='grc' dir='ltr'>εἶναι</span> <span class='ocrx_word' id='word_1_125' title='bbox 805 1571 1023 1626; x_wconf 86' lang='grc' dir='ltr'>δύναται</span> <span class='ocrx_word' id='word_1_126' title='bbox 1049 1573 1076 1624; x_wconf 90' lang='lat'><strong>6</strong></span> <span class='ocrx_word' id='word_1_127' title='bbox 1100 1570 1250 1634; x_wconf 86' lang='grc' dir='ltr'>Θεὸς,</span> <span class='ocrx_word' id='word_1_128' title='bbox 1297 1569 1457 1639; x_wconf 85' lang='grc' dir='ltr'>είπερ</span> <span class='ocrx_word' id='word_1_129' title='bbox 1499 1567 1664 1621; x_wconf 82' lang='grc' dir='ltr'>αὑτοῦ</span> <span class='ocrx_word' id='word_1_130' title='bbox 1695 1567 1916 1639; x_wconf 82' lang='grc' dir='ltr'>λήμμα-</span> 
     </span>
    </p>
   </div>
   <div class='ocr_carea' id='block_1_19' title="bbox 2018 447 3586 517">
    <p class='ocr_par' dir='ltr' id='par_1_19' title="bbox 2018 447 3586 517">
     <span class='ocr_line' id='line_1_19' title="bbox 2018 447 3586 517; baseline -0.004 -11"><span class='ocrx_word' id='word_1_131' title='bbox 2018 451 2318 507; x_wconf 90' lang='lat' dir='ltr'><strong>secundum</strong></span> <span class='ocrx_word' id='word_1_132' title='bbox 2337 449 2662 504; x_wconf 86' lang='lat' dir='ltr'><strong>sententiam</strong></span> <span class='ocrx_word' id='word_1_133' title='bbox 2686 447 2934 516; x_wconf 78' lang='lat' dir='ltr'><strong>contigit.</strong></span> <span class='ocrx_word' id='word_1_134' title='bbox 2959 447 3113 514; x_wconf 87' lang='lat' dir='ltr'><strong>Quod</strong></span> <span class='ocrx_word' id='word_1_135' title='bbox 3135 449 3298 502; x_wconf 89' lang='lat' dir='ltr'><strong>etiam</strong></span> <span class='ocrx_word' id='word_1_136' title='bbox 3325 447 3586 517; x_wconf 73' lang='lat' dir='ltr'><strong>scriptum</strong></span> 
     </span>
    </p>
   </div>
   <div class='ocr_carea' id='block_1_20' title="bbox 2017 538 3588 609">
    <p class='ocr_par' dir='ltr' id='par_1_20' title="bbox 2017 538 3588 609">
     <span class='ocr_line' id='line_1_20' title="bbox 2017 538 3588 609; baseline -0.003 -12"><span class='ocrx_word' id='word_1_137' title='bbox 2017 551 2119 609; x_wconf 87' lang='lat' dir='ltr'><strong>est,</strong></span> <span class='ocrx_word' id='word_1_138' title='bbox 2144 552 2193 597; x_wconf 89' lang='lat' dir='ltr'><strong>et</strong></span> <span class='ocrx_word' id='word_1_139' title='bbox 2223 542 2475 595; x_wconf 81' lang='lat' dir='ltr'><strong>odoratus</strong></span> <span class='ocrx_word' id='word_1_140' title='bbox 2534 548 2611 595; x_wconf 76' lang='lat' dir='ltr'><strong>est</strong></span> <span class='ocrx_word' id='word_1_141' title='bbox 2655 538 2915 593; x_wconf 72' lang='lat' dir='ltr'><strong>Dominus</strong></span> <span class='ocrx_word' id='word_1_142' title='bbox 2953 539 3162 594; x_wconf 84' lang='lat' dir='ltr'><strong>odorem</strong></span> <span class='ocrx_word' id='word_1_143' title='bbox 3220 540 3503 593; x_wconf 75' lang='lat' dir='ltr'><strong>suavitatis</strong></span> <span class='ocrx_word' id='word_1_144' title='bbox 3535 551 3588 603; x_wconf 74' lang='grc' dir='ltr'>ι,</span> 
     </span>
    </p>
   </div>
   <div class='ocr_carea' id='block_1_21' title="bbox 2017 628 3588 703">
    <p class='ocr_par' dir='ltr' id='par_1_21' title="bbox 2017 628 3588 703">
     <span class='ocr_line' id='line_1_21' title="bbox 2017 628 3588 703; baseline -0.003 -15"><span class='ocrx_word' id='word_1_145' title='bbox 2017 632 2312 703; x_wconf 82' lang='lat' dir='ltr'><strong>indigentis</strong></span> <span class='ocrx_word' id='word_1_146' title='bbox 2345 640 2449 696; x_wconf 89' lang='lat' dir='ltr'><strong>est,</strong></span> <span class='ocrx_word' id='word_1_147' title='bbox 2508 639 2562 686; x_wconf 91' lang='lat' dir='ltr'><strong>et</strong></span> <span class='ocrx_word' id='word_1_148' title='bbox 2596 628 2787 684; x_wconf 82' lang='lat' dir='ltr'><strong>nidore</strong></span> <span class='ocrx_word' id='word_1_149' title='bbox 2841 630 3092 684; x_wconf 89' lang='lat' dir='ltr'><strong>carnium</strong></span> <span class='ocrx_word' id='word_1_150' title='bbox 3142 630 3422 696; x_wconf 89' lang='lat' dir='ltr'><strong>delectari,</strong></span> <span class='ocrx_word' id='word_1_151' title='bbox 3478 645 3588 684; x_wconf 90' lang='lat' dir='ltr'><strong>non</strong></span> 
     </span>
    </p>
   </div>
   <div class='ocr_carea' id='block_1_22' title="bbox 2017 719 3589 791">
    <p class='ocr_par' dir='ltr' id='par_1_22' title="bbox 2017 719 3589 791">
     <span class='ocr_line' id='line_1_22' title="bbox 2017 719 3589 791; baseline -0.003 -12"><span class='ocrx_word' id='word_1_152' title='bbox 2017 732 2101 779; x_wconf 90' lang='lat' dir='ltr'><strong>est</strong></span> <span class='ocrx_word' id='word_1_153' title='bbox 2129 724 2280 778; x_wconf 89' lang='lat' dir='ltr'><strong>boni.</strong></span> <span class='ocrx_word' id='word_1_154' title='bbox 2305 722 2542 778; x_wconf 86' lang='lat' dir='ltr'><strong>Tentare</strong></span> <span class='ocrx_word' id='word_1_155' title='bbox 2597 729 2803 788; x_wconf 90' lang='lat' dir='ltr'><strong>autem,</strong></span> <span class='ocrx_word' id='word_1_156' title='bbox 2858 722 3003 777; x_wconf 89' lang='lat' dir='ltr'><strong>sicut</strong></span> <span class='ocrx_word' id='word_1_157' title='bbox 3065 721 3326 791; x_wconf 90' lang='lat' dir='ltr'><strong>scriptum</strong></span> <span class='ocrx_word' id='word_1_158' title='bbox 3371 729 3484 777; x_wconf 85' lang='lat' dir='ltr'><strong>est:</strong></span> <span class='ocrx_word' id='word_1_159' title='bbox 3518 719 3589 775; x_wconf 82' lang='lat' dir='ltr'><strong>Et</strong></span> 
     </span>
    </p>
   </div>
   <div class='ocr_carea' id='block_1_23' title="bbox 2017 813 3590 883">
    <p class='ocr_par' dir='ltr' id='par_1_23' title="bbox 2017 813 3590 883">
     <span class='ocr_line' id='line_1_23' title="bbox 2017 813 3590 883; baseline -0.001 -13"><span class='ocrx_word' id='word_1_160' title='bbox 2017 816 2234 870; x_wconf 75' lang='lat' dir='ltr'><strong>tentavit</strong></span> <span class='ocrx_word' id='word_1_161' title='bbox 2261 815 2513 868; x_wconf 80' lang='lat' dir='ltr'><strong>Dominus</strong></span> <span class='ocrx_word' id='word_1_162' title='bbox 2574 814 2932 869; x_wconf 73' lang='lat' dir='ltr'><strong>Abrahamum</strong></span> <span class='ocrx_word' id='word_1_163' title='bbox 2961 813 3012 880; x_wconf 71' lang='grc' dir='ltr'>δ,</span> <span class='ocrx_word' id='word_1_164' title='bbox 3056 813 3186 868; x_wconf 88' lang='lat' dir='ltr'><strong>mali</strong></span> <span class='ocrx_word' id='word_1_165' title='bbox 3237 822 3340 878; x_wconf 89' lang='lat' dir='ltr'><strong>est,</strong></span> <span class='ocrx_word' id='word_1_166' title='bbox 3381 829 3443 868; x_wconf 88' lang='lat' dir='ltr'><strong>ac</strong></span> <span class='ocrx_word' id='word_1_167' title='bbox 3469 814 3590 883; x_wconf 86' lang='lat' dir='ltr'><strong>ejus</strong></span> 
     </span>
    </p>
   </div>
   <div class='ocr_carea' id='block_1_24' title="bbox 2017 906 2906 979">
    <p class='ocr_par' dir='ltr' id='par_1_24' title="bbox 2017 906 2906 979">
     <span class='ocr_line' id='line_1_24' title="bbox 2017 906 2906 979; baseline -0.002 -18"><span class='ocrx_word' id='word_1_168' title='bbox 2017 910 2110 979; x_wconf 93' lang='lat' dir='ltr'><strong>qui</strong></span> <span class='ocrx_word' id='word_1_169' title='bbox 2141 909 2353 977; x_wconf 84' lang='lat' dir='ltr'><strong>ignoret</strong></span> <span class='ocrx_word' id='word_1_170' title='bbox 2381 906 2586 961; x_wconf 86' lang='lat' dir='ltr'><strong>exitum</strong></span> <span class='ocrx_word' id='word_1_171' title='bbox 2611 906 2906 976; x_wconf 60' lang='lat' dir='ltr'><strong>patientia.</strong></span> 
     </span>
    </p>
   </div>
   <div class='ocr_carea' id='block_1_25' title="bbox 2088 1005 3586 1078">
    <p class='ocr_par' dir='ltr' id='par_1_25' title="bbox 2088 1005 3586 1078">
     <span class='ocr_line' id='line_1_25' title="bbox 2088 1005 3586 1078; baseline 0.001 -17"><span class='ocrx_word' id='word_1_172' title='bbox 2088 1007 2204 1062; x_wconf 78' lang='lat' dir='ltr'><strong>XL.</strong></span> <span class='ocrx_word' id='word_1_173' title='bbox 2238 1007 2441 1078; x_wconf 83' lang='lat' dir='ltr'><strong>Sicque</strong></span> <span class='ocrx_word' id='word_1_174' title='bbox 2477 1007 2666 1062; x_wconf 81' lang='lat' dir='ltr'><strong>Simon</strong></span> <span class='ocrx_word' id='word_1_175' title='bbox 2689 1007 2878 1062; x_wconf 92' lang='lat' dir='ltr'><strong>multis</strong></span> <span class='ocrx_word' id='word_1_176' title='bbox 2903 1022 2970 1061; x_wconf 90' lang='lat' dir='ltr'><strong>ex</strong></span> <span class='ocrx_word' id='word_1_177' title='bbox 3016 1005 3301 1076; x_wconf 88' lang='lat' dir='ltr'><strong>Scriptura</strong></span> <span class='ocrx_word' id='word_1_178' title='bbox 3328 1007 3463 1062; x_wconf 86' lang='lat' dir='ltr'><strong>locis</strong></span> <span class='ocrx_word' id='word_1_179' title='bbox 3493 1021 3586 1062; x_wconf 87' lang='lat' dir='ltr'><strong>as-</strong></span> 
     </span>
    </p>
   </div>
   <div class='ocr_carea' id='block_1_26' title="bbox 2018 1097 3587 1169">
    <p class='ocr_par' dir='ltr' id='par_1_26' title="bbox 2018 1097 3587 1169">
     <span class='ocr_line' id='line_1_26' title="bbox 2018 1097 3587 1169; baseline -0.001 -16"><span class='ocrx_word' id='word_1_180' title='bbox 2018 1099 2252 1169; x_wconf 89' lang='lat' dir='ltr'><strong>sumptis</strong></span> <span class='ocrx_word' id='word_1_181' title='bbox 2281 1099 2565 1153; x_wconf 79' lang='lat' dir='ltr'><strong>videbatur</strong></span> <span class='ocrx_word' id='word_1_182' title='bbox 2577 1098 2810 1168; x_wconf 90' lang='lat' dir='ltr'><strong>probare</strong></span> <span class='ocrx_word' id='word_1_183' title='bbox 2833 1139 2848 1164; x_wconf 92' lang='lat'><strong>,</strong></span> <span class='ocrx_word' id='word_1_184' title='bbox 2873 1097 3045 1152; x_wconf 89' lang='lat' dir='ltr'><strong>Deum</strong></span> <span class='ocrx_word' id='word_1_185' title='bbox 3069 1098 3217 1151; x_wconf 88' lang='lat' dir='ltr'><strong>omni</strong></span> <span class='ocrx_word' id='word_1_186' title='bbox 3252 1099 3587 1166; x_wconf 85' lang='lat' dir='ltr'><strong>perpessioni</strong></span> 
     </span>
    </p>
   </div>
   <div class='ocr_carea' id='block_1_27' title="bbox 2017 1189 3589 1258">
    <p class='ocr_par' dir='ltr' id='par_1_27' title="bbox 2017 1189 3589 1258">
     <span class='ocr_line' id='line_1_27' title="bbox 2017 1189 3589 1258; baseline -0.001 -14"><span class='ocrx_word' id='word_1_187' title='bbox 2017 1205 2140 1245; x_wconf 93' lang='lat' dir='ltr'><strong>esse</strong></span> <span class='ocrx_word' id='word_1_188' title='bbox 2173 1191 2492 1245; x_wconf 84' lang='lat' dir='ltr'><strong>obnoxium.</strong></span> <span class='ocrx_word' id='word_1_189' title='bbox 2551 1189 2616 1244; x_wconf 85' lang='lat' dir='ltr'><strong>Et</strong></span> <span class='ocrx_word' id='word_1_190' title='bbox 2667 1189 2864 1245; x_wconf 82' lang='lat' dir='ltr'><strong>Petrus</strong></span> <span class='ocrx_word' id='word_1_191' title='bbox 2894 1191 2961 1246; x_wconf 86' lang='lat' dir='ltr'><strong>ad</strong></span> <span class='ocrx_word' id='word_1_192' title='bbox 3015 1191 3133 1245; x_wconf 67' lang='lat' dir='ltr'><strong>haec</strong></span> <span class='ocrx_word' id='word_1_193' title='bbox 3159 1191 3299 1244; x_wconf 81' lang='lat' dir='ltr'><strong>dixit</strong></span> <span class='ocrx_word' id='word_1_194' title='bbox 3329 1209 3342 1243; x_wconf 87' lang='lat'><strong>:</strong></span> <span class='ocrx_word' id='word_1_195' title='bbox 3382 1190 3465 1243; x_wconf 84' lang='lat' dir='ltr'><strong>An</strong></span> <span class='ocrx_word' id='word_1_196' title='bbox 3491 1189 3589 1258; x_wconf 89' lang='lat' dir='ltr'><strong>qui</strong></span> 
     </span>
    </p>
   </div>
   <div class='ocr_carea' id='block_1_28' title="bbox 2019 1279 3591 1350">
    <p class='ocr_par' dir='ltr' id='par_1_28' title="bbox 2019 1279 3591 1350">
     <span class='ocr_line' id='line_1_28' title="bbox 2019 1279 3591 1350; baseline 0.001 -18"><span class='ocrx_word' id='word_1_197' title='bbox 2019 1279 2197 1334; x_wconf 88' lang='lat' dir='ltr'><strong>malus</strong></span> <span class='ocrx_word' id='word_1_198' title='bbox 2235 1295 2300 1334; x_wconf 88' lang='lat' dir='ltr'><strong>ac</strong></span> <span class='ocrx_word' id='word_1_199' title='bbox 2329 1280 2489 1350; x_wconf 86' lang='lat' dir='ltr'><strong>plane</strong></span> <span class='ocrx_word' id='word_1_200' title='bbox 2542 1280 2827 1350; x_wconf 88' lang='lat' dir='ltr'><strong>improbus</strong></span> <span class='ocrx_word' id='word_1_201' title='bbox 2883 1289 2988 1346; x_wconf 88' lang='lat' dir='ltr'><strong>est,</strong></span> <span class='ocrx_word' id='word_1_202' title='bbox 3019 1281 3334 1335; x_wconf 82' lang='lat' dir='ltr'><strong>nullatenus</strong></span> <span class='ocrx_word' id='word_1_203' title='bbox 3379 1280 3510 1335; x_wconf 84' lang='lat' dir='ltr'><strong>velit</strong></span> <span class='ocrx_word' id='word_1_204' title='bbox 3531 1295 3591 1333; x_wconf 89' lang='lat' dir='ltr'><strong>se</strong></span> 
     </span>
    </p>
   </div>
   <div class='ocr_carea' id='block_1_29' title="bbox 2018 1369 3594 1443">
    <p class='ocr_par' dir='ltr' id='par_1_29' title="bbox 2018 1369 3594 1443">
     <span class='ocr_line' id='line_1_29' title="bbox 2018 1369 3594 1443; baseline 0.001 -19"><span class='ocrx_word' id='word_1_205' title='bbox 2018 1369 2134 1439; x_wconf 89' lang='lat' dir='ltr'><strong>ipse</strong></span> <span class='ocrx_word' id='word_1_206' title='bbox 2191 1386 2418 1442; x_wconf 79' lang='lat' dir='ltr'><strong>arguere</strong></span> <span class='ocrx_word' id='word_1_207' title='bbox 2467 1371 2519 1425; x_wconf 90' lang='lat' dir='ltr'><strong>in</strong></span> <span class='ocrx_word' id='word_1_208' title='bbox 2575 1372 2643 1426; x_wconf 91' lang='lat' dir='ltr'><strong>iis</strong></span> <span class='ocrx_word' id='word_1_209' title='bbox 2691 1387 2813 1442; x_wconf 63' lang='lat' dir='ltr'><strong>quae</strong></span> <span class='ocrx_word' id='word_1_210' title='bbox 2855 1382 3062 1443; x_wconf 89' lang='lat' dir='ltr'><strong>peccat,</strong></span> <span class='ocrx_word' id='word_1_211' title='bbox 3096 1372 3367 1441; x_wconf 83' lang='lat' dir='ltr'><strong>responde</strong></span> <span class='ocrx_word' id='word_1_212' title='bbox 3414 1369 3594 1425; x_wconf 76' lang='lat' dir='ltr'><strong>mihi?</strong></span> 
     </span>
    </p>
   </div>
   <div class='ocr_carea' id='block_1_30' title="bbox 2018 1459 3589 1530">
    <p class='ocr_par' dir='ltr' id='par_1_30' title="bbox 2018 1459 3589 1530">
     <span class='ocr_line' id='line_1_30' title="bbox 2018 1459 3589 1530; baseline 0.001 -18"><span class='ocrx_word' id='word_1_213' title='bbox 2018 1459 2318 1530; x_wconf 81' lang='lat' dir='ltr'><strong>Respondit</strong></span> <span class='ocrx_word' id='word_1_214' title='bbox 2349 1461 2578 1515; x_wconf 91' lang='lat' dir='ltr'><strong>Simon:</strong></span> <span class='ocrx_word' id='word_1_215' title='bbox 2621 1460 2846 1516; x_wconf 83' lang='lat' dir='ltr'><strong>Minime</strong></span> <span class='ocrx_word' id='word_1_216' title='bbox 2888 1462 3035 1516; x_wconf 86' lang='lat' dir='ltr'><strong>velit.</strong></span> <span class='ocrx_word' id='word_1_217' title='bbox 3090 1461 3316 1530; x_wconf 81' lang='lat' dir='ltr'><strong>Excepit</strong></span> <span class='ocrx_word' id='word_1_218' title='bbox 3347 1459 3546 1515; x_wconf 85' lang='lat' dir='ltr'><strong>Petrus</strong></span> <span class='ocrx_word' id='word_1_219' title='bbox 3571 1477 3589 1514; x_wconf 88' lang='lat'><strong>:</strong></span> 
     </span>
    </p>
   </div>
   <div class='ocr_carea' id='block_1_31' title="bbox 2019 1552 3594 1624">
    <p class='ocr_par' dir='ltr' id='par_1_31' title="bbox 2019 1552 3594 1624">
     <span class='ocr_line' id='line_1_31' title="bbox 2019 1552 3594 1624; baseline -0.001 -18"><span class='ocrx_word' id='word_1_220' title='bbox 2019 1567 2130 1622; x_wconf 88' lang='lat' dir='ltr'><strong>quo</strong></span> <span class='ocrx_word' id='word_1_221' title='bbox 2168 1552 2331 1607; x_wconf 92' lang='lat' dir='ltr'><strong>modo</strong></span> <span class='ocrx_word' id='word_1_222' title='bbox 2380 1553 2546 1623; x_wconf 82' lang='lat' dir='ltr'><strong>igitur</strong></span> <span class='ocrx_word' id='word_1_223' title='bbox 2576 1554 2754 1609; x_wconf 86' lang='lat' dir='ltr'><strong>malus</strong></span> <span class='ocrx_word' id='word_1_224' title='bbox 2803 1569 2866 1609; x_wconf 84' lang='lat' dir='ltr'><strong>ac</strong></span> <span class='ocrx_word' id='word_1_225' title='bbox 2924 1553 3208 1624; x_wconf 92' lang='lat' dir='ltr'><strong>improbus</strong></span> <span class='ocrx_word' id='word_1_226' title='bbox 3256 1568 3380 1608; x_wconf 88' lang='lat' dir='ltr'><strong>esse</strong></span> <span class='ocrx_word' id='word_1_227' title='bbox 3411 1559 3594 1621; x_wconf 88' lang='lat' dir='ltr'><strong>potest</strong></span> 
     </span>
    </p>
   </div>
   <div class='ocr_carea' id='block_1_32' title="bbox 331 1643 1916 1738">
    <p class='ocr_par' dir='ltr' id='par_1_32' title="bbox 331 1643 1916 1736">
     <span class='ocr_line' id='line_1_32' title="bbox 331 1643 1916 1736; baseline -0.006 -14"><span class='ocrx_word' id='word_1_228' title='bbox 331 1643 387 1722; x_wconf 75' lang='grc' dir='ltr'><strong>τι</strong></span> <span class='ocrx_word' id='word_1_229' title='bbox 410 1643 465 1700; x_wconf 21' lang='lat'><strong>7‘“</strong></span> <span class='ocrx_word' id='word_1_230' title='bbox 606 1669 727 1721; x_wconf 81' lang='grc' dir='ltr'>κατ’</span> <span class='ocrx_word' id='word_1_231' title='bbox 758 1666 920 1720; x_wconf 79' lang='grc' dir='ltr'>αὐτοῦ</span> <span class='ocrx_word' id='word_1_232' title='bbox 965 1664 1111 1719; x_wconf 85' lang='grc' dir='ltr'>κακὰ</span> <span class='ocrx_word' id='word_1_233' title='bbox 1139 1662 1366 1736; x_wconf 79' lang='grc' dir='ltr'>δημοσίᾳ</span> <span class='ocrx_word' id='word_1_234' title='bbox 1392 1661 1669 1734; x_wconf 81' lang='grc' dir='ltr'>γραφέντα</span> <span class='ocrx_word' id='word_1_235' title='bbox 1717 1677 1916 1732; x_wconf 87' lang='grc' dir='ltr'>προσε-</span> 
     </span>
    </p>
   </div>
   <div class='ocr_carea' id='block_1_33' title="bbox 2024 1643 3589 1738">
    <p class='ocr_par' dir='ltr' id='par_1_33' title="bbox 2024 1643 3589 1716">
     <span class='ocr_line' id='line_1_33' title="bbox 2024 1643 3589 1716; baseline 0.001 -19"><span class='ocrx_word' id='word_1_236' title='bbox 2024 1643 2188 1711; x_wconf 89' lang='lat' dir='ltr'><strong>Deus,</strong></span> <span class='ocrx_word' id='word_1_237' title='bbox 2233 1659 2357 1700; x_wconf 91' lang='lat' dir='ltr'><strong>cum</strong></span> <span class='ocrx_word' id='word_1_238' title='bbox 2418 1646 2590 1716; x_wconf 89' lang='lat' dir='ltr'><strong>ipsius</strong></span> <span class='ocrx_word' id='word_1_239' title='bbox 2642 1647 2925 1700; x_wconf 77' lang='lat' dir='ltr'><strong>voluntate</strong></span> <span class='ocrx_word' id='word_1_240' title='bbox 2974 1645 3267 1715; x_wconf 80' lang='lat' dir='ltr'><strong>Opprobria</strong></span> <span class='ocrx_word' id='word_1_241' title='bbox 3316 1645 3374 1697; x_wconf 91' lang='lat' dir='ltr'><strong>in</strong></span> <span class='ocrx_word' id='word_1_242' title='bbox 3435 1645 3589 1698; x_wconf 79' lang='lat' dir='ltr'><strong>illuni</strong></span> 
     </span>
    </p>
   </div>
   <div class='ocr_carea' id='block_1_34' title="bbox 333 1753 1914 1832">
    <p class='ocr_par' dir='ltr' id='par_1_34' title="bbox 333 1753 1914 1832">
     <span class='ocr_line' id='line_1_34' title="bbox 333 1753 1914 1832; baseline -0.006 -18"><span class='ocrx_word' id='word_1_243' title='bbox 333 1760 469 1832; x_wconf 85' lang='grc' dir='ltr'>τέθη</span> <span class='ocrx_word' id='word_1_244' title='bbox 496 1777 512 1824; x_wconf 88' lang='grc'>;</span> <span class='ocrx_word' id='word_1_245' title='bbox 535 1761 646 1813; x_wconf 91' lang='lat' dir='ltr'><strong>Kal</strong></span> <span class='ocrx_word' id='word_1_246' title='bbox 668 1760 697 1812; x_wconf 90' lang='lat'><strong>6</strong></span> <span class='ocrx_word' id='word_1_247' title='bbox 729 1759 931 1829; x_wconf 89' lang='grc' dir='ltr'>Σίμων·</span> <span class='ocrx_word' id='word_1_248' title='bbox 980 1757 1283 1828; x_wconf 85' lang='grc' dir='ltr'>Ἐνδέχεται</span> <span class='ocrx_word' id='word_1_249' title='bbox 1313 1755 1386 1828; x_wconf 84' lang='grc' dir='ltr'>μὴ</span> <span class='ocrx_word' id='word_1_250' title='bbox 1418 1756 1462 1786; x_wconf 76' lang='grc'>⁸⁸</span> <span class='ocrx_word' id='word_1_251' title='bbox 1490 1753 1631 1808; x_wconf 86' lang='grc' dir='ltr'>κατὰ</span> <span class='ocrx_word' id='word_1_252' title='bbox 1653 1753 1914 1826; x_wconf 88' lang='grc' dir='ltr'>προαίρε-</span> 
     </span>
    </p>
   </div>
   <div class='ocr_carea' id='block_1_35' title="bbox 337 1846 1916 1920">
    <p class='ocr_par' dir='ltr' id='par_1_35' title="bbox 337 1846 1916 1920">
     <span class='ocr_line' id='line_1_35' title="bbox 337 1846 1916 1920; baseline -0.005 -13"><span class='ocrx_word' id='word_1_253' title='bbox 337 1871 424 1907; x_wconf 88' lang='grc' dir='ltr'><strong>σιν</strong></span> <span class='ocrx_word' id='word_1_254' title='bbox 483 1852 648 1906; x_wconf 79' lang='grc' dir='ltr'>αὐτοῦ</span> <span class='ocrx_word' id='word_1_255' title='bbox 702 1851 791 1920; x_wconf 80' lang='grc' dir='ltr'><strong>ὑφ’</strong></span> <span class='ocrx_word' id='word_1_256' title='bbox 838 1850 1037 1920; x_wconf 82' lang='grc' dir='ltr'>ἐτέρας</span> <span class='ocrx_word' id='word_1_257' title='bbox 1095 1849 1377 1919; x_wconf 88' lang='grc' dir='ltr'>δυνάμεως</span> <span class='ocrx_word' id='word_1_258' title='bbox 1436 1847 1528 1902; x_wconf 84' lang='grc' dir='ltr'><strong>τὸν</strong></span> <span class='ocrx_word' id='word_1_259' title='bbox 1583 1849 1702 1900; x_wconf 82' lang='grc' dir='ltr'>κατ’</span> <span class='ocrx_word' id='word_1_260' title='bbox 1752 1846 1916 1916; x_wconf 74' lang='grc' dir='ltr'>αύτοῦ</span> 
     </span>
    </p>
   </div>
   <div class='ocr_carea' id='block_1_36' title="bbox 335 1935 1917 2018">
    <p class='ocr_par' dir='ltr' id='par_1_36' title="bbox 335 1935 1917 2018">
     <span class='ocr_line' id='line_1_36' title="bbox 335 1935 1917 2018; baseline -0.003 -21"><span class='ocrx_word' id='word_1_261' title='bbox 335 1946 616 2018; x_wconf 78' lang='grc' dir='ltr'>γραφῆναι</span> <span class='ocrx_word' id='word_1_262' title='bbox 673 1943 913 2014; x_wconf 73' lang='grc' dir='ltr'>ἔλεγχον.</span> <span class='ocrx_word' id='word_1_263' title='bbox 948 1942 1059 1995; x_wconf 91' lang='lat' dir='ltr'><strong>Kal</strong></span> <span class='ocrx_word' id='word_1_264' title='bbox 1110 1943 1139 1994; x_wconf 92' lang='lat'><strong>6</strong></span> <span class='ocrx_word' id='word_1_265' title='bbox 1171 1940 1376 2012; x_wconf 80' lang='grc' dir='ltr'>Πέτρος</span> <span class='ocrx_word' id='word_1_266' title='bbox 1409 1939 1532 2011; x_wconf 76' lang='grc' dir='ltr'>ἔφη·</span> <span class='ocrx_word' id='word_1_267' title='bbox 1575 1938 1798 2012; x_wconf 91' lang='grc' dir='ltr'>Πρῶτον</span> <span class='ocrx_word' id='word_1_268' title='bbox 1823 1935 1917 1993; x_wconf 86' lang='grc' dir='ltr'><strong>οῦν</strong></span> 
     </span>
    </p>
   </div>
   <div class='ocr_carea' id='block_1_37' title="bbox 332 2030 1918 2110">
    <p class='ocr_par' dir='ltr' id='par_1_37' title="bbox 332 2030 1918 2110">
     <span class='ocr_line' id='line_1_37' title="bbox 332 2030 1918 2110; baseline -0.006 -18"><span class='ocrx_word' id='word_1_269' title='bbox 332 2038 495 2092; x_wconf 87' lang='grc' dir='ltr'>τοῦτο</span> <span class='ocrx_word' id='word_1_270' title='bbox 530 2039 877 2110; x_wconf 81' lang='grc' dir='ltr'>ζητήσωμεν.</span> <span class='ocrx_word' id='word_1_271' title='bbox 915 2036 978 2088; x_wconf 82' lang='lat' dir='ltr'><strong>Ei</strong></span> <span class='ocrx_word' id='word_1_272' title='bbox 1042 2033 1142 2105; x_wconf 83' lang='grc' dir='ltr'><strong>μὲν</strong></span> <span class='ocrx_word' id='word_1_273' title='bbox 1190 2033 1296 2086; x_wconf 82' lang='grc' dir='ltr'><strong>ὑπὸ</strong></span> <span class='ocrx_word' id='word_1_274' title='bbox 1335 2033 1436 2104; x_wconf 82' lang='grc' dir='ltr'><strong>τῆς</strong></span> <span class='ocrx_word' id='word_1_275' title='bbox 1495 2031 1688 2085; x_wconf 74' lang='grc' dir='ltr'>ἑαυτοῦ</span> <span class='ocrx_word' id='word_1_276' title='bbox 1725 2030 1918 2102; x_wconf 83' lang='grc' dir='ltr'>βουλῆς</span> 
     </span>
    </p>
   </div>
   <div class='ocr_carea' id='block_1_38' title="bbox 337 2123 1916 2200">
    <p class='ocr_par' dir='ltr' id='par_1_38' title="bbox 337 2123 1916 2200">
     <span class='ocr_line' id='line_1_38' title="bbox 337 2123 1916 2200; baseline -0.005 -16"><span class='ocrx_word' id='word_1_277' title='bbox 337 2129 531 2184; x_wconf 82' lang='grc' dir='ltr'>ἐαυτὸν</span> <span class='ocrx_word' id='word_1_278' title='bbox 562 2129 810 2200; x_wconf 75' lang='grc' dir='ltr'>ἧλεγξεν,</span> <span class='ocrx_word' id='word_1_279' title='bbox 835 2127 910 2191; x_wconf 83' lang='grc' dir='ltr'>ὡς</span> <span class='ocrx_word' id='word_1_280' title='bbox 942 2126 1154 2197; x_wconf 83' lang='grc' dir='ltr'>φθάσας</span> <span class='ocrx_word' id='word_1_281' title='bbox 1205 2124 1675 2196; x_wconf 84' lang='grc' dir='ltr'>συνωμολόγησας,</span> <span class='ocrx_word' id='word_1_282' title='bbox 1714 2123 1916 2196; x_wconf 88' lang='grc' dir='ltr'>μοχθη-</span> 
     </span>
    </p>
   </div>
   <div class='ocr_carea' id='block_1_39' title="bbox 335 2215 1918 2293">
    <p class='ocr_par' dir='ltr' id='par_1_39' title="bbox 335 2215 1918 2293">
     <span class='ocr_line' id='line_1_39' title="bbox 335 2215 1918 2293; baseline -0.005 -18"><span class='ocrx_word' id='word_1_283' title='bbox 335 2222 437 2293; x_wconf 76' lang='grc' dir='ltr'><strong>ρὸς</strong></span> <span class='ocrx_word' id='word_1_284' title='bbox 467 2221 568 2274; x_wconf 79' lang='grc' dir='ltr'><strong>οὐκ</strong></span> <span class='ocrx_word' id='word_1_285' title='bbox 599 2222 769 2283; x_wconf 83' lang='grc' dir='ltr'>ἐστιν,</span> <span class='ocrx_word' id='word_1_286' title='bbox 821 2221 873 2272; x_wconf 80' lang='grc' dir='ltr'><strong>εί</strong></span> <span class='ocrx_word' id='word_1_287' title='bbox 903 2219 960 2271; x_wconf 83' lang='grc' dir='ltr'>δὲ</span> <span class='ocrx_word' id='word_1_288' title='bbox 994 2219 1084 2288; x_wconf 78' lang='grc' dir='ltr'><strong>ὑφ’</strong></span> <span class='ocrx_word' id='word_1_289' title='bbox 1107 2216 1301 2289; x_wconf 87' lang='grc' dir='ltr'>ἐτέρας</span> <span class='ocrx_word' id='word_1_290' title='bbox 1332 2216 1636 2287; x_wconf 89' lang='grc' dir='ltr'>δυνάμεως,</span> <span class='ocrx_word' id='word_1_291' title='bbox 1661 2215 1918 2288; x_wconf 79' lang='grc' dir='ltr'>ζητητέον</span> 
     </span>
    </p>
   </div>
   <div class='ocr_carea' id='block_1_40' title="bbox 331 2305 1918 2386">
    <p class='ocr_par' dir='ltr' id='par_1_40' title="bbox 331 2305 1918 2386">
     <span class='ocr_line' id='line_1_40' title="bbox 331 2305 1918 2386; baseline -0.006 -19"><span class='ocrx_word' id='word_1_292' title='bbox 331 2314 434 2366; x_wconf 73' lang='grc' dir='ltr'>καὶ</span> <span class='ocrx_word' id='word_1_293' title='bbox 470 2315 633 2386; x_wconf 70' lang='grc' dir='ltr'>παντὶ</span> <span class='ocrx_word' id='word_1_294' title='bbox 665 2312 842 2365; x_wconf 86' lang='grc' dir='ltr'>σθένει</span> <span class='ocrx_word' id='word_1_295' title='bbox 897 2310 1234 2378; x_wconf 80' lang='grc' dir='ltr'>ἐξεταστέον,</span> <span class='ocrx_word' id='word_1_296' title='bbox 1291 2309 1364 2380; x_wconf 89' lang='grc' dir='ltr'>μή</span> <span class='ocrx_word' id='word_1_297' title='bbox 1410 2325 1494 2371; x_wconf 90' lang='grc' dir='ltr'><strong>τις</strong></span> <span class='ocrx_word' id='word_1_298' title='bbox 1542 2306 1704 2361; x_wconf 80' lang='grc' dir='ltr'>αὑτὸν</span> <span class='ocrx_word' id='word_1_299' title='bbox 1760 2305 1918 2377; x_wconf 84' lang='grc' dir='ltr'>μόνον</span> 
     </span>
    </p>
   </div>
   <div class='ocr_carea' id='block_1_41' title="bbox 332 2397 1810 2476">
    <p class='ocr_par' dir='ltr' id='par_1_41' title="bbox 332 2397 1810 2476">
     <span class='ocr_line' id='line_1_41' title="bbox 332 2397 1810 2476; baseline -0.007 -16"><span class='ocrx_word' id='word_1_300' title='bbox 332 2407 542 2476; x_wconf 83' lang='grc' dir='ltr'>ἀγαθὸν</span> <span class='ocrx_word' id='word_1_301' title='bbox 584 2405 714 2460; x_wconf 70' lang='grc' dir='ltr'>ὄντα</span> <span class='ocrx_word' id='word_1_302' title='bbox 745 2405 838 2458; x_wconf 73' lang='grc' dir='ltr'><strong>ἐπὶ</strong></span> <span class='ocrx_word' id='word_1_303' title='bbox 881 2406 1013 2457; x_wconf 77' lang='grc' dir='ltr'>πᾶσι</span> <span class='ocrx_word' id='word_1_304' title='bbox 1043 2405 1155 2466; x_wconf 87' lang='grc' dir='ltr'>τοῖς</span> <span class='ocrx_word' id='word_1_305' title='bbox 1191 2403 1380 2464; x_wconf 84' lang='grc' dir='ltr'>κακοῖς</span> <span class='ocrx_word' id='word_1_306' title='bbox 1429 2399 1698 2452; x_wconf 81' lang='grc' dir='ltr'>ὑπέϐαλεν</span> <span class='ocrx_word' id='word_1_307' title='bbox 1745 2397 1810 2450; x_wconf 79' lang='grc'>⁸³.</span> 
     </span>
    </p>
   </div>
   <div class='ocr_carea' id='block_1_42' title="bbox 407 2551 1918 2633">
    <p class='ocr_par' dir='ltr' id='par_1_42' title="bbox 407 2551 1918 2633">
     <span class='ocr_line' id='line_1_42' title="bbox 407 2551 1918 2633; baseline -0.005 -17"><span class='ocrx_word' id='word_1_308' title='bbox 407 2562 551 2617; x_wconf 75' lang='lat' dir='ltr'><strong>XLI.</strong></span> <span class='ocrx_word' id='word_1_309' title='bbox 595 2563 703 2616; x_wconf 90' lang='lat' dir='ltr'><strong>Kal</strong></span> <span class='ocrx_word' id='word_1_310' title='bbox 751 2563 779 2614; x_wconf 97' lang='lat'><strong>6</strong></span> <span class='ocrx_word' id='word_1_311' title='bbox 816 2561 1020 2633; x_wconf 85' lang='grc' dir='ltr'>Σίμων·</span> <span class='ocrx_word' id='word_1_312' title='bbox 1065 2559 1339 2632; x_wconf 85' lang='grc' dir='ltr'>Πρόδηλος</span> <span class='ocrx_word' id='word_1_313' title='bbox 1395 2551 1448 2610; x_wconf 79' lang='grc' dir='ltr'>εἷ</span> <span class='ocrx_word' id='word_1_314' title='bbox 1500 2555 1755 2626; x_wconf 80' lang='grc' dir='ltr'>φεύγων,</span> <span class='ocrx_word' id='word_1_315' title='bbox 1807 2553 1918 2609; x_wconf 79' lang='grc' dir='ltr'><strong>ἀπὸ</strong></span> 
     </span>
    </p>
   </div>
   <div class='ocr_carea' id='block_1_43' title="bbox 333 2647 1913 2728">
    <p class='ocr_par' dir='ltr' id='par_1_43' title="bbox 333 2647 1913 2728">
     <span class='ocr_line' id='line_1_43' title="bbox 333 2647 1913 2728; baseline -0.006 -18"><span class='ocrx_word' id='word_1_316' title='bbox 333 2656 448 2710; x_wconf 81' lang='grc' dir='ltr'><strong>τῶν</strong></span> <span class='ocrx_word' id='word_1_317' title='bbox 483 2655 715 2728; x_wconf 70' lang='grc' dir='ltr'>Γραιρῶν</span> <span class='ocrx_word' id='word_1_318' title='bbox 743 2655 836 2708; x_wconf 85' lang='grc' dir='ltr'><strong>τὸν</strong></span> <span class='ocrx_word' id='word_1_319' title='bbox 894 2651 1032 2707; x_wconf 76' lang='grc' dir='ltr'>κατὰ</span> <span class='ocrx_word' id='word_1_320' title='bbox 1064 2651 1197 2705; x_wconf 88' lang='grc' dir='ltr'>Θεοῦ</span> <span class='ocrx_word' id='word_1_321' title='bbox 1233 2668 1325 2703; x_wconf 88' lang='grc' dir='ltr'><strong>σου</strong></span> <span class='ocrx_word' id='word_1_322' title='bbox 1385 2648 1614 2703; x_wconf 86' lang='grc' dir='ltr'>ἀκοῦσαι</span> <span class='ocrx_word' id='word_1_323' title='bbox 1674 2647 1913 2719; x_wconf 73' lang='grc' dir='ltr'>ἔλεγχον.</span> 
     </span>
    </p>
   </div>
   <div class='ocr_carea' id='block_1_44' title="bbox 336 2739 1916 2819">
    <p class='ocr_par' dir='ltr' id='par_1_44' title="bbox 336 2739 1916 2819">
     <span class='ocr_line' id='line_1_44' title="bbox 336 2739 1916 2819; baseline -0.008 -18"><span class='ocrx_word' id='word_1_324' title='bbox 336 2749 452 2801; x_wconf 84' lang='lat' dir='ltr'><strong>Kal</strong></span> <span class='ocrx_word' id='word_1_325' title='bbox 507 2749 536 2800; x_wconf 92' lang='lat'><strong>6</strong></span> <span class='ocrx_word' id='word_1_326' title='bbox 581 2748 805 2819; x_wconf 82' lang='grc' dir='ltr'>Πέτρος·</span> <span class='ocrx_word' id='word_1_327' title='bbox 859 2745 1030 2807; x_wconf 79' lang='grc' dir='ltr'>Αὐτός</span> <span class='ocrx_word' id='word_1_328' title='bbox 1089 2760 1178 2814; x_wconf 91' lang='grc' dir='ltr'><strong>μοι</strong></span> <span class='ocrx_word' id='word_1_329' title='bbox 1224 2742 1386 2813; x_wconf 77' lang='grc' dir='ltr'>φαίνῃ</span> <span class='ocrx_word' id='word_1_330' title='bbox 1428 2740 1586 2794; x_wconf 88' lang='grc' dir='ltr'>τοῦτο</span> <span class='ocrx_word' id='word_1_331' title='bbox 1621 2739 1810 2794; x_wconf 89' lang='grc' dir='ltr'>ποιῶν.</span> <span class='ocrx_word' id='word_1_332' title='bbox 1855 2739 1916 2792; x_wconf 83' lang='lat'><strong>&#39;0</strong></span> 
     </span>
    </p>
   </div>
   <div class='ocr_carea' id='block_1_45' title="bbox 336 2833 1917 2914">
    <p class='ocr_par' dir='ltr' id='par_1_45' title="bbox 336 2833 1917 2914">
     <span class='ocr_line' id='line_1_45' title="bbox 336 2833 1917 2914; baseline -0.008 -18"><span class='ocrx_word' id='word_1_333' title='bbox 336 2843 452 2914; x_wconf 82' lang='grc' dir='ltr'><strong>γάρ</strong></span> <span class='ocrx_word' id='word_1_334' title='bbox 489 2841 643 2906; x_wconf 79' lang='grc' dir='ltr'>τάξιν</span> <span class='ocrx_word' id='word_1_335' title='bbox 689 2839 970 2912; x_wconf 79' lang='grc' dir='ltr'>ζητήσεως</span> <span class='ocrx_word' id='word_1_336' title='bbox 1024 2836 1238 2906; x_wconf 78' lang='grc' dir='ltr'>φεύγων</span> <span class='ocrx_word' id='word_1_337' title='bbox 1286 2835 1532 2898; x_wconf 80' lang='grc' dir='ltr'>ἐξέτασιν</span> <span class='ocrx_word' id='word_1_338' title='bbox 1594 2833 1768 2907; x_wconf 83' lang='grc' dir='ltr'>ἀληθῆ</span> <span class='ocrx_word' id='word_1_339' title='bbox 1823 2849 1917 2902; x_wconf 92' lang='grc' dir='ltr'>γε-</span> 
     </span>
    </p>
   </div>
   <div class='ocr_carea' id='block_1_46' title="bbox 337 2922 1918 3006">
    <p class='ocr_par' dir='ltr' id='par_1_46' title="bbox 337 2922 1918 3006">
     <span class='ocr_line' id='line_1_46' title="bbox 337 2922 1918 3006; baseline -0.011 -13"><span class='ocrx_word' id='word_1_340' title='bbox 337 2936 526 2992; x_wconf 86' lang='grc' dir='ltr'>νέσθαι</span> <span class='ocrx_word' id='word_1_341' title='bbox 557 2935 618 2988; x_wconf 84' lang='grc' dir='ltr'><strong>οὺ</strong></span> <span class='ocrx_word' id='word_1_342' title='bbox 648 2933 914 3006; x_wconf 83' lang='grc' dir='ltr'>βούλεται.</span> <span class='ocrx_word' id='word_1_343' title='bbox 940 2929 1101 2983; x_wconf 86' lang='grc' dir='ltr'>Ὅθεν</span> <span class='ocrx_word' id='word_1_344' title='bbox 1124 2929 1276 2997; x_wconf 80' lang='lat'><strong>101</strong></span> <span class='ocrx_word' id='word_1_345' title='bbox 1302 2925 1409 2996; x_wconf 80' lang='grc' dir='ltr'><strong>ἐγὼ</strong></span> <span class='ocrx_word' id='word_1_346' title='bbox 1434 2928 1500 2998; x_wconf 76' lang='grc' dir='ltr'>τῇ</span> <span class='ocrx_word' id='word_1_347' title='bbox 1525 2925 1673 2990; x_wconf 77' lang='grc' dir='ltr'>τάξει</span> <span class='ocrx_word' id='word_1_348' title='bbox 1707 2922 1918 2997; x_wconf 86' lang='grc' dir='ltr'>χρώμε-</span> 
     </span>
    </p>
   </div>
   <div class='ocr_carea' id='block_1_47' title="bbox 2020 1736 3590 1808">
    <p class='ocr_par' dir='ltr' id='par_1_47' title="bbox 2020 1736 3590 1808">
     <span class='ocr_line' id='line_1_47' title="bbox 2020 1736 3590 1808; baseline -0.001 -16"><span class='ocrx_word' id='word_1_349' title='bbox 2020 1736 2330 1807; x_wconf 89' lang='lat' dir='ltr'><strong>conscripta</strong></span> <span class='ocrx_word' id='word_1_350' title='bbox 2369 1739 2586 1807; x_wconf 90' lang='lat' dir='ltr'><strong>publice</strong></span> <span class='ocrx_word' id='word_1_351' title='bbox 2613 1738 2860 1808; x_wconf 86' lang='lat' dir='ltr'><strong>apposita</strong></span> <span class='ocrx_word' id='word_1_352' title='bbox 2912 1739 3042 1792; x_wconf 86' lang='lat' dir='ltr'><strong>sint.</strong></span> <span class='ocrx_word' id='word_1_353' title='bbox 3073 1737 3152 1792; x_wconf 86' lang='lat' dir='ltr'><strong>Ac</strong></span> <span class='ocrx_word' id='word_1_354' title='bbox 3183 1736 3372 1792; x_wconf 92' lang='lat' dir='ltr'><strong>Simon</strong></span> <span class='ocrx_word' id='word_1_355' title='bbox 3403 1757 3415 1790; x_wconf 91' lang='lat'><strong>:</strong></span> <span class='ocrx_word' id='word_1_356' title='bbox 3443 1736 3590 1792; x_wconf 86' lang='lat' dir='ltr'><strong>Fieri</strong></span> 
     </span>
    </p>
   </div>
   <div class='ocr_carea' id='block_1_48' title="bbox 2017 1830 3591 1900">
    <p class='ocr_par' dir='ltr' id='par_1_48' title="bbox 2017 1830 3591 1900">
     <span class='ocr_line' id='line_1_48' title="bbox 2017 1830 3591 1900; baseline -0.001 -15"><span class='ocrx_word' id='word_1_357' title='bbox 2017 1838 2195 1900; x_wconf 88' lang='lat' dir='ltr'><strong>potest</strong></span> <span class='ocrx_word' id='word_1_358' title='bbox 2237 1839 2298 1884; x_wconf 90' lang='lat' dir='ltr'><strong>ut</strong></span> <span class='ocrx_word' id='word_1_359' title='bbox 2331 1831 2478 1884; x_wconf 90' lang='lat' dir='ltr'><strong>illius</strong></span> <span class='ocrx_word' id='word_1_360' title='bbox 2514 1831 2867 1900; x_wconf 89' lang='lat' dir='ltr'><strong>reprehensio</strong></span> <span class='ocrx_word' id='word_1_361' title='bbox 2921 1838 3113 1884; x_wconf 90' lang='lat' dir='ltr'><strong>contra</strong></span> <span class='ocrx_word' id='word_1_362' title='bbox 3149 1830 3323 1900; x_wconf 90' lang='lat' dir='ltr'><strong>ipsius</strong></span> <span class='ocrx_word' id='word_1_363' title='bbox 3375 1838 3591 1886; x_wconf 83' lang='lat' dir='ltr'><strong>senten-</strong></span> 
     </span>
    </p>
   </div>
   <div class='ocr_carea' id='block_1_49' title="bbox 2018 1911 3592 1992">
    <p class='ocr_par' dir='ltr' id='par_1_49' title="bbox 2018 1911 3592 1992">
     <span class='ocr_line' id='line_1_49' title="bbox 2018 1911 3592 1992; baseline -0.001 -16"><span class='ocrx_word' id='word_1_364' title='bbox 2018 1922 2150 1977; x_wconf 86' lang='lat' dir='ltr'><strong>tiam</strong></span> <span class='ocrx_word' id='word_1_365' title='bbox 2177 1922 2248 1976; x_wconf 91' lang='lat' dir='ltr'><strong>ab</strong></span> <span class='ocrx_word' id='word_1_366' title='bbox 2278 1923 2382 1977; x_wconf 88' lang='lat' dir='ltr'><strong>alia</strong></span> <span class='ocrx_word' id='word_1_367' title='bbox 2418 1923 2618 1977; x_wconf 78' lang='lat' dir='ltr'><strong>virtute</strong></span> <span class='ocrx_word' id='word_1_368' title='bbox 2645 1922 2716 1977; x_wconf 88' lang='lat' dir='ltr'><strong>sit</strong></span> <span class='ocrx_word' id='word_1_369' title='bbox 2755 1923 2980 1992; x_wconf 86' lang='lat' dir='ltr'><strong>scripta.</strong></span> <span class='ocrx_word' id='word_1_370' title='bbox 3020 1922 3165 1977; x_wconf 85' lang='lat' dir='ltr'><strong>Dixit</strong></span> <span class='ocrx_word' id='word_1_371' title='bbox 3193 1911 3436 1977; x_wconf 41' lang='lat' dir='ltr'><strong>Petrus&#39;:</strong></span> <span class='ocrx_word' id='word_1_372' title='bbox 3471 1922 3592 1976; x_wconf 85' lang='lat' dir='ltr'><strong>Pri-</strong></span> 
     </span>
    </p>
   </div>
   <div class='ocr_carea' id='block_1_50' title="bbox 2017 2014 3591 2084">
    <p class='ocr_par' dir='ltr' id='par_1_50' title="bbox 2017 2014 3591 2084">
     <span class='ocr_line' id='line_1_50' title="bbox 2017 2014 3591 2084; baseline -0.001 -17"><span class='ocrx_word' id='word_1_373' title='bbox 2017 2029 2168 2068; x_wconf 87' lang='lat' dir='ltr'><strong>mum</strong></span> <span class='ocrx_word' id='word_1_374' title='bbox 2191 2029 2322 2084; x_wconf 84' lang='lat' dir='ltr'><strong>ergo</strong></span> <span class='ocrx_word' id='word_1_375' title='bbox 2351 2015 2454 2069; x_wconf 84' lang='lat' dir='ltr'><strong>hoc</strong></span> <span class='ocrx_word' id='word_1_376' title='bbox 2498 2029 2836 2084; x_wconf 66' lang='lat' dir='ltr'><strong>quaaramus.</strong></span> <span class='ocrx_word' id='word_1_377' title='bbox 2879 2014 2935 2070; x_wconf 90' lang='lat' dir='ltr'><strong>Si</strong></span> <span class='ocrx_word' id='word_1_378' title='bbox 2974 2030 3076 2074; x_wconf 89' lang='lat' dir='ltr'><strong>suo</strong></span> <span class='ocrx_word' id='word_1_379' title='bbox 3106 2015 3326 2084; x_wconf 88' lang='lat' dir='ltr'><strong>quidem</strong></span> <span class='ocrx_word' id='word_1_380' title='bbox 3357 2015 3591 2079; x_wconf 83' lang='lat' dir='ltr'><strong>consilio</strong></span> 
     </span>
    </p>
   </div>
   <div class='ocr_carea' id='block_1_51' title="bbox 2019 2103 3588 2175">
    <p class='ocr_par' dir='ltr' id='par_1_51' title="bbox 2019 2103 3588 2175">
     <span class='ocr_line' id='line_1_51' title="bbox 2019 2103 3588 2175; baseline -0.002 -15"><span class='ocrx_word' id='word_1_381' title='bbox 2019 2119 2078 2160; x_wconf 88' lang='lat' dir='ltr'><strong>se</strong></span> <span class='ocrx_word' id='word_1_382' title='bbox 2114 2103 2496 2174; x_wconf 86' lang='lat' dir='ltr'><strong>reprehendit,</strong></span> <span class='ocrx_word' id='word_1_383' title='bbox 2535 2115 2591 2160; x_wconf 90' lang='lat' dir='ltr'><strong>ut</strong></span> <span class='ocrx_word' id='word_1_384' title='bbox 2637 2113 2694 2160; x_wconf 91' lang='lat' dir='ltr'><strong>tu</strong></span> <span class='ocrx_word' id='word_1_385' title='bbox 2758 2106 2912 2175; x_wconf 88' lang='lat' dir='ltr'><strong>prius</strong></span> <span class='ocrx_word' id='word_1_386' title='bbox 2970 2106 3118 2161; x_wconf 89' lang='lat' dir='ltr'><strong>ultro</strong></span> <span class='ocrx_word' id='word_1_387' title='bbox 3160 2105 3449 2160; x_wconf 90' lang='lat' dir='ltr'><strong>confessus</strong></span> <span class='ocrx_word' id='word_1_388' title='bbox 3506 2120 3588 2169; x_wconf 89' lang='lat' dir='ltr'><strong>es,</strong></span> 
     </span>
    </p>
   </div>
   <div class='ocr_carea' id='block_1_52' title="bbox 2019 2197 3593 2268">
    <p class='ocr_par' dir='ltr' id='par_1_52' title="bbox 2019 2197 3593 2268">
     <span class='ocr_line' id='line_1_52' title="bbox 2019 2197 3593 2268; baseline -0.001 -16"><span class='ocrx_word' id='word_1_389' title='bbox 2019 2197 2303 2268; x_wconf 92' lang='lat' dir='ltr'><strong>improbus</strong></span> <span class='ocrx_word' id='word_1_390' title='bbox 2339 2212 2450 2251; x_wconf 93' lang='lat' dir='ltr'><strong>non</strong></span> <span class='ocrx_word' id='word_1_391' title='bbox 2483 2205 2603 2262; x_wconf 88' lang='lat' dir='ltr'><strong>est;</strong></span> <span class='ocrx_word' id='word_1_392' title='bbox 2635 2197 2720 2252; x_wconf 91' lang='lat' dir='ltr'><strong>sin</strong></span> <span class='ocrx_word' id='word_1_393' title='bbox 2768 2213 2898 2252; x_wconf 88' lang='lat' dir='ltr'><strong>vero</strong></span> <span class='ocrx_word' id='word_1_394' title='bbox 2917 2198 3024 2252; x_wconf 90' lang='lat' dir='ltr'><strong>alia</strong></span> <span class='ocrx_word' id='word_1_395' title='bbox 3055 2197 3275 2263; x_wconf 85' lang='lat' dir='ltr'><strong>virtute,</strong></span> <span class='ocrx_word' id='word_1_396' title='bbox 3309 2198 3593 2266; x_wconf 84' lang='lat' dir='ltr'><strong>inquiren—</strong></span> 
     </span>
    </p>
   </div>
   <div class='ocr_carea' id='block_1_53' title="bbox 2017 2286 3590 2353">
    <p class='ocr_par' dir='ltr' id='par_1_53' title="bbox 2017 2286 3590 2353">
     <span class='ocr_line' id='line_1_53' title="bbox 2017 2286 3590 2353; baseline -0.002 -11"><span class='ocrx_word' id='word_1_397' title='bbox 2017 2287 2147 2342; x_wconf 92' lang='lat' dir='ltr'><strong>dum</strong></span> <span class='ocrx_word' id='word_1_398' title='bbox 2177 2294 2264 2342; x_wconf 89' lang='lat' dir='ltr'><strong>est</strong></span> <span class='ocrx_word' id='word_1_399' title='bbox 2319 2302 2384 2342; x_wconf 91' lang='lat' dir='ltr'><strong>ac</strong></span> <span class='ocrx_word' id='word_1_400' title='bbox 2415 2287 2672 2343; x_wconf 82' lang='lat' dir='ltr'><strong>omnibus</strong></span> <span class='ocrx_word' id='word_1_401' title='bbox 2714 2286 2928 2342; x_wconf 80' lang='lat' dir='ltr'><strong>viribus</strong></span> <span class='ocrx_word' id='word_1_402' title='bbox 2962 2288 3410 2353; x_wconf 82' lang='lat' dir='ltr'><strong>examinandum,</strong></span> <span class='ocrx_word' id='word_1_403' title='bbox 3458 2303 3590 2340; x_wconf 90' lang='lat' dir='ltr'><strong>num</strong></span> 
     </span>
    </p>
   </div>
   <div class='ocr_carea' id='block_1_54' title="bbox 2017 2377 3591 2448">
    <p class='ocr_par' dir='ltr' id='par_1_54' title="bbox 2017 2377 3591 2448">
     <span class='ocr_line' id='line_1_54' title="bbox 2017 2377 3591 2448; baseline 0 -18"><span class='ocrx_word' id='word_1_404' title='bbox 2017 2377 2144 2448; x_wconf 88' lang='lat' dir='ltr'><strong>quis</strong></span> <span class='ocrx_word' id='word_1_405' title='bbox 2171 2392 2320 2443; x_wconf 76' lang='lat' dir='ltr'><strong>eum,</strong></span> <span class='ocrx_word' id='word_1_406' title='bbox 2351 2377 2444 2447; x_wconf 90' lang='lat' dir='ltr'><strong>qui</strong></span> <span class='ocrx_word' id='word_1_407' title='bbox 2481 2378 2631 2433; x_wconf 89' lang='lat' dir='ltr'><strong>solus</strong></span> <span class='ocrx_word' id='word_1_408' title='bbox 2657 2379 2838 2434; x_wconf 88' lang='lat' dir='ltr'><strong>bonus</strong></span> <span class='ocrx_word' id='word_1_409' title='bbox 2888 2377 3111 2443; x_wconf 89' lang='lat' dir='ltr'><strong>existat,</strong></span> <span class='ocrx_word' id='word_1_410' title='bbox 3152 2378 3410 2432; x_wconf 88' lang='lat' dir='ltr'><strong>omnibus</strong></span> <span class='ocrx_word' id='word_1_411' title='bbox 3431 2377 3591 2431; x_wconf 83' lang='lat' dir='ltr'><strong>malis</strong></span> 
     </span>
    </p>
   </div>
   <div class='ocr_carea' id='block_1_55' title="bbox 2019 2470 2330 2538">
    <p class='ocr_par' dir='ltr' id='par_1_55' title="bbox 2019 2470 2330 2538">
     <span class='ocr_line' id='line_1_55' title="bbox 2019 2470 2330 2538; baseline -0.006 -13"><span class='ocrx_word' id='word_1_412' title='bbox 2019 2470 2330 2538; x_wconf 88' lang='lat' dir='ltr'><strong>subjecerit.</strong></span> 
     </span>
    </p>
   </div>
   <div class='ocr_carea' id='block_1_56' title="bbox 2089 2561 3594 2631">
    <p class='ocr_par' dir='ltr' id='par_1_56' title="bbox 2089 2561 3594 2631">
     <span class='ocr_line' id='line_1_56' title="bbox 2089 2561 3594 2631; baseline 0 -17"><span class='ocrx_word' id='word_1_413' title='bbox 2089 2561 2224 2616; x_wconf 80' lang='lat' dir='ltr'><strong>XLI.</strong></span> <span class='ocrx_word' id='word_1_414' title='bbox 2255 2561 2321 2617; x_wconf 88' lang='lat' dir='ltr'><strong>Et</strong></span> <span class='ocrx_word' id='word_1_415' title='bbox 2349 2562 2580 2617; x_wconf 88' lang='lat' dir='ltr'><strong>Simon:</strong></span> <span class='ocrx_word' id='word_1_416' title='bbox 2625 2561 2971 2618; x_wconf 77' lang='lat' dir='ltr'><strong>Manifestum</strong></span> <span class='ocrx_word' id='word_1_417' title='bbox 3012 2570 3096 2617; x_wconf 88' lang='lat' dir='ltr'><strong>est</strong></span> <span class='ocrx_word' id='word_1_418' title='bbox 3124 2571 3175 2616; x_wconf 90' lang='lat' dir='ltr'><strong>te</strong></span> <span class='ocrx_word' id='word_1_419' title='bbox 3210 2561 3594 2631; x_wconf 85' lang='lat' dir='ltr'><strong>reprehensio-</strong></span> 
     </span>
    </p>
   </div>
   <div class='ocr_carea' id='block_1_57' title="bbox 2009 2653 3589 2724">
    <p class='ocr_par' dir='ltr' id='par_1_57' title="bbox 2009 2653 3589 2724">
     <span class='ocr_line' id='line_1_57' title="bbox 2009 2653 3589 2724; baseline -0.003 -14"><span class='ocrx_word' id='word_1_420' title='bbox 2009 2669 2142 2724; x_wconf 81' lang='lat' dir='ltr'><strong>nem</strong></span> <span class='ocrx_word' id='word_1_421' title='bbox 2180 2654 2274 2709; x_wconf 88' lang='lat' dir='ltr'><strong>Del</strong></span> <span class='ocrx_word' id='word_1_422' title='bbox 2319 2655 2397 2709; x_wconf 92' lang='lat' dir='ltr'><strong>tui</strong></span> <span class='ocrx_word' id='word_1_423' title='bbox 2427 2670 2495 2709; x_wconf 83' lang='lat' dir='ltr'><strong>ex</strong></span> <span class='ocrx_word' id='word_1_424' title='bbox 2527 2653 2830 2723; x_wconf 87' lang='lat' dir='ltr'><strong>Scripturis</strong></span> <span class='ocrx_word' id='word_1_425' title='bbox 2854 2655 2997 2708; x_wconf 89' lang='lat' dir='ltr'><strong>nolle</strong></span> <span class='ocrx_word' id='word_1_426' title='bbox 3025 2654 3238 2708; x_wconf 89' lang='lat' dir='ltr'><strong>audire.</strong></span> <span class='ocrx_word' id='word_1_427' title='bbox 3265 2653 3345 2708; x_wconf 86' lang='lat' dir='ltr'><strong>Ac</strong></span> <span class='ocrx_word' id='word_1_428' title='bbox 3373 2653 3589 2706; x_wconf 85' lang='lat' dir='ltr'><strong>Petrus:</strong></span> 
     </span>
    </p>
   </div>
   <div class='ocr_carea' id='block_1_58' title="bbox 2018 2741 3590 2813">
    <p class='ocr_par' dir='ltr' id='par_1_58' title="bbox 2018 2741 3590 2813">
     <span class='ocr_line' id='line_1_58' title="bbox 2018 2741 3590 2813; baseline -0.001 -17"><span class='ocrx_word' id='word_1_429' title='bbox 2018 2741 2102 2797; x_wconf 89' lang='lat' dir='ltr'><strong>Tu</strong></span> <span class='ocrx_word' id='word_1_430' title='bbox 2132 2743 2250 2813; x_wconf 88' lang='lat' dir='ltr'><strong>ipse</strong></span> <span class='ocrx_word' id='word_1_431' title='bbox 2279 2743 2333 2798; x_wconf 88' lang='lat' dir='ltr'><strong>id</strong></span> <span class='ocrx_word' id='word_1_432' title='bbox 2363 2743 2546 2800; x_wconf 90' lang='lat' dir='ltr'><strong>facere</strong></span> <span class='ocrx_word' id='word_1_433' title='bbox 2601 2745 2735 2798; x_wconf 82' lang='lat' dir='ltr'><strong>mibi</strong></span> <span class='ocrx_word' id='word_1_434' title='bbox 2757 2745 2984 2799; x_wconf 80' lang='lat' dir='ltr'><strong>videris.</strong></span> <span class='ocrx_word' id='word_1_435' title='bbox 3012 2744 3116 2810; x_wconf 90' lang='lat' dir='ltr'><strong>Qui</strong></span> <span class='ocrx_word' id='word_1_436' title='bbox 3163 2743 3308 2798; x_wconf 92' lang='lat' dir='ltr'><strong>enim</strong></span> <span class='ocrx_word' id='word_1_437' title='bbox 3343 2743 3590 2798; x_wconf 83' lang='lat' dir='ltr'><strong>ordinem</strong></span> 
     </span>
    </p>
   </div>
   <div class='ocr_carea' id='block_1_59' title="bbox 2017 2835 3590 2906">
    <p class='ocr_par' dir='ltr' id='par_1_59' title="bbox 2017 2835 3590 2906">
     <span class='ocr_line' id='line_1_59' title="bbox 2017 2835 3590 2906; baseline 0.001 -17"><span class='ocrx_word' id='word_1_438' title='bbox 2017 2836 2341 2906; x_wconf 68' lang='lat' dir='ltr'><strong>quaestionis</strong></span> <span class='ocrx_word' id='word_1_439' title='bbox 2387 2835 2556 2905; x_wconf 75' lang='lat' dir='ltr'><strong>fugit,</strong></span> <span class='ocrx_word' id='word_1_440' title='bbox 2613 2853 2841 2892; x_wconf 77' lang='lat' dir='ltr'><strong>examen</strong></span> <span class='ocrx_word' id='word_1_441' title='bbox 2883 2851 3074 2891; x_wconf 82' lang='lat' dir='ltr'><strong>verum</strong></span> <span class='ocrx_word' id='word_1_442' title='bbox 3131 2835 3247 2890; x_wconf 83' lang='lat' dir='ltr'><strong>ﬁeri</strong></span> <span class='ocrx_word' id='word_1_443' title='bbox 3289 2851 3403 2890; x_wconf 85' lang='lat' dir='ltr'><strong>non</strong></span> <span class='ocrx_word' id='word_1_444' title='bbox 3451 2836 3590 2890; x_wconf 78' lang='lat' dir='ltr'><strong>vult.</strong></span> 
     </span>
    </p>
   </div>
   <div class='ocr_carea' id='block_1_60' title="bbox 2025 2926 3594 2998">
    <p class='ocr_par' dir='ltr' id='par_1_60' title="bbox 2025 2926 3594 2998">
     <span class='ocr_line' id='line_1_60' title="bbox 2025 2926 3594 2998; baseline -0.002 -15"><span class='ocrx_word' id='word_1_445' title='bbox 2025 2926 2177 2983; x_wconf 86' lang='lat' dir='ltr'><strong>Unde</strong></span> <span class='ocrx_word' id='word_1_446' title='bbox 2197 2941 2319 2998; x_wconf 75' lang='lat' dir='ltr'><strong>ego,</strong></span> <span class='ocrx_word' id='word_1_447' title='bbox 2345 2929 2439 2998; x_wconf 90' lang='lat' dir='ltr'><strong>qui</strong></span> <span class='ocrx_word' id='word_1_448' title='bbox 2471 2928 2664 2982; x_wconf 91' lang='lat' dir='ltr'><strong>ordine</strong></span> <span class='ocrx_word' id='word_1_449' title='bbox 2694 2938 2848 2993; x_wconf 89' lang='lat' dir='ltr'><strong>utor,</strong></span> <span class='ocrx_word' id='word_1_450' title='bbox 2878 2938 2934 2983; x_wconf 89' lang='lat' dir='ltr'><strong>et</strong></span> <span class='ocrx_word' id='word_1_451' title='bbox 2970 2929 3094 2982; x_wconf 76' lang='lat' dir='ltr'><strong>volo</strong></span> <span class='ocrx_word' id='word_1_452' title='bbox 3133 2929 3370 2997; x_wconf 90' lang='lat' dir='ltr'><strong>primum</strong></span> <span class='ocrx_word' id='word_1_453' title='bbox 3403 2927 3594 2981; x_wconf 11' lang='lat' dir='ltr'><strong>consil-</strong></span> 
     </span>
    </p>
   </div>
   <div class='ocr_carea' id='block_1_61' title="bbox 337 3015 1916 3101">
    <p class='ocr_par' dir='ltr' id='par_1_61' title="bbox 337 3015 1916 3101">
     <span class='ocr_line' id='line_1_61' title="bbox 337 3015 1916 3101; baseline -0.02 -13"><span class='ocrx_word' id='word_1_454' title='bbox 337 3051 451 3097; x_wconf 88' lang='grc' dir='ltr'>νος,</span> <span class='ocrx_word' id='word_1_455' title='bbox 484 3032 578 3086; x_wconf 73' lang='grc' dir='ltr'>καὶ</span> <span class='ocrx_word' id='word_1_456' title='bbox 610 3027 932 3101; x_wconf 82' lang='grc' dir='ltr'>βουλόμενος</span> <span class='ocrx_word' id='word_1_457' title='bbox 973 3021 1187 3094; x_wconf 87' lang='grc' dir='ltr'>πρῶτον</span> <span class='ocrx_word' id='word_1_458' title='bbox 1243 3017 1332 3071; x_wconf 89' lang='grc' dir='ltr'><strong>τὸν</strong></span> <span class='ocrx_word' id='word_1_459' title='bbox 1367 3017 1687 3089; x_wconf 73' lang='grc' dir='ltr'>συγγραφέα</span> <span class='ocrx_word' id='word_1_460' title='bbox 1719 3015 1916 3088; x_wconf 78' lang='grc' dir='ltr'>νοηθῆ-</span> 
     </span>
    </p>
   </div>
   <div class='ocr_carea' id='block_1_62' title="bbox 2024 3015 3593 3101">
    <p class='ocr_par' dir='ltr' id='par_1_62' title="bbox 2024 3019 3593 3090">
     <span class='ocr_line' id='line_1_62' title="bbox 2024 3019 3593 3090; baseline 0 -16"><span class='ocrx_word' id='word_1_461' title='bbox 2024 3019 2199 3074; x_wconf 85' lang='lat' dir='ltr'><strong>derari</strong></span> <span class='ocrx_word' id='word_1_462' title='bbox 2227 3019 2572 3089; x_wconf 82' lang='lat' dir='ltr'><strong>scriptorem,</strong></span> <span class='ocrx_word' id='word_1_463' title='bbox 2621 3019 2907 3074; x_wconf 82' lang='lat' dir='ltr'><strong>manifeste</strong></span> <span class='ocrx_word' id='word_1_464' title='bbox 2953 3021 3114 3090; x_wconf 88' lang='lat' dir='ltr'><strong>cupio</strong></span> <span class='ocrx_word' id='word_1_465' title='bbox 3144 3028 3292 3075; x_wconf 88' lang='lat' dir='ltr'><strong>recta</strong></span> <span class='ocrx_word' id='word_1_466' title='bbox 3321 3021 3412 3075; x_wconf 84' lang='lat' dir='ltr'><strong>via‘</strong></span> <span class='ocrx_word' id='word_1_467' title='bbox 3440 3021 3593 3074; x_wconf 88' lang='lat' dir='ltr'><strong>ince-</strong></span> 
     </span>
    </p>
   </div>
   <div class='ocr_carea' id='block_1_63' title="bbox 333 3109 1919 3196">
    <p class='ocr_par' dir='ltr' id='par_1_63' title="bbox 333 3109 1919 3196">
     <span class='ocr_line' id='line_1_63' title="bbox 333 3109 1919 3196; baseline -0.011 -16"><span class='ocrx_word' id='word_1_468' title='bbox 333 3144 452 3188; x_wconf 84' lang='grc' dir='ltr'>ναι,</span> <span class='ocrx_word' id='word_1_469' title='bbox 487 3120 752 3196; x_wconf 78' lang='grc' dir='ltr'>πρόδηλός</span> <span class='ocrx_word' id='word_1_470' title='bbox 807 3119 923 3189; x_wconf 78' lang='grc' dir='ltr'>εἰμι</span> <span class='ocrx_word' id='word_1_471' title='bbox 955 3115 1054 3186; x_wconf 80' lang='grc' dir='ltr'>τὴν</span> <span class='ocrx_word' id='word_1_472' title='bbox 1088 3112 1298 3166; x_wconf 76' lang='grc' dir='ltr'>εὐθεῖαν</span> <span class='ocrx_word' id='word_1_473' title='bbox 1330 3110 1533 3164; x_wconf 83' lang='grc' dir='ltr'>ὁδεύειν</span> <span class='ocrx_word' id='word_1_474' title='bbox 1567 3109 1753 3164; x_wconf 81' lang='grc' dir='ltr'>θέλων.</span> <span class='ocrx_word' id='word_1_475' title='bbox 1807 3109 1919 3164; x_wconf 85' lang='grc' dir='ltr'><strong>Καὶ</strong></span> 
     </span>
    </p>
   </div>
   <div class='ocr_carea' id='block_1_64' title="bbox 336 3200 1915 3287">
    <p class='ocr_par' dir='ltr' id='par_1_64' title="bbox 336 3200 1915 3287">
     <span class='ocr_line' id='line_1_64' title="bbox 336 3200 1915 3287; baseline -0.011 -15"><span class='ocrx_word' id='word_1_476' title='bbox 336 3219 369 3272; x_wconf 86' lang='lat'><strong>6</strong></span> <span class='ocrx_word' id='word_1_477' title='bbox 399 3217 604 3287; x_wconf 87' lang='grc' dir='ltr'>Σίμων·</span> <span class='ocrx_word' id='word_1_478' title='bbox 677 3209 1041 3282; x_wconf 81' lang='grc' dir='ltr'>Ὀμολόγησον</span> <span class='ocrx_word' id='word_1_479' title='bbox 1099 3205 1336 3276; x_wconf 86' lang='grc' dir='ltr'>πρῶτον,</span> <span class='ocrx_word' id='word_1_480' title='bbox 1392 3201 1507 3271; x_wconf 79' lang='grc' dir='ltr'>εἴγε</span> <span class='ocrx_word' id='word_1_481' title='bbox 1547 3201 1618 3256; x_wconf 83' lang='grc' dir='ltr'><strong>τά</strong></span> <span class='ocrx_word' id='word_1_482' title='bbox 1646 3201 1789 3256; x_wconf 76' lang='grc' dir='ltr'>κατὰ</span> <span class='ocrx_word' id='word_1_483' title='bbox 1812 3200 1915 3254; x_wconf 82' lang='grc' dir='ltr'><strong>τοῦ</strong></span> 
     </span>
    </p>
   </div>
   <div class='ocr_carea' id='block_1_65' title="bbox 2021 3108 3593 3182">
    <p class='ocr_par' dir='ltr' id='par_1_65' title="bbox 2021 3108 3593 3182">
     <span class='ocr_line' id='line_1_65' title="bbox 2021 3108 3593 3182; baseline 0.001 -18"><span class='ocrx_word' id='word_1_484' title='bbox 2021 3109 2173 3166; x_wconf 88' lang='lat' dir='ltr'><strong>dere.</strong></span> <span class='ocrx_word' id='word_1_485' title='bbox 2205 3108 2344 3164; x_wconf 84' lang='lat' dir='ltr'><strong>Tum</strong></span> <span class='ocrx_word' id='word_1_486' title='bbox 2383 3109 2573 3165; x_wconf 89' lang='lat' dir='ltr'><strong>Simon</strong></span> <span class='ocrx_word' id='word_1_487' title='bbox 2599 3130 2613 3164; x_wconf 89' lang='lat'><strong>:</strong></span> <span class='ocrx_word' id='word_1_488' title='bbox 2644 3109 2830 3165; x_wconf 88' lang='lat' dir='ltr'><strong>Primo</strong></span> <span class='ocrx_word' id='word_1_489' title='bbox 2857 3110 3050 3176; x_wconf 74' lang='lat' dir='ltr'><strong>fatere,</strong></span> <span class='ocrx_word' id='word_1_490' title='bbox 3079 3127 3147 3166; x_wconf 85' lang='lat' dir='ltr'><strong>an</strong></span> <span class='ocrx_word' id='word_1_491' title='bbox 3180 3128 3307 3167; x_wconf 74' lang='lat' dir='ltr'><strong>vera</strong></span> <span class='ocrx_word' id='word_1_492' title='bbox 3339 3113 3448 3168; x_wconf 90' lang='lat' dir='ltr'><strong>sint</strong></span> <span class='ocrx_word' id='word_1_493' title='bbox 3471 3128 3593 3182; x_wconf 82' lang='lat' dir='ltr'><strong>qua:</strong></span> 
     </span>
    </p>
   </div>
   <div class='ocr_carea' id='block_1_66' title="bbox 2021 3203 3595 3275">
    <p class='ocr_par' dir='ltr' id='par_1_66' title="bbox 2021 3203 3595 3275">
     <span class='ocr_line' id='line_1_66' title="bbox 2021 3203 3595 3275; baseline 0.001 -15"><span class='ocrx_word' id='word_1_494' title='bbox 2021 3205 2218 3275; x_wconf 83' lang='lat' dir='ltr'><strong>scripta</strong></span> <span class='ocrx_word' id='word_1_495' title='bbox 2246 3214 2378 3259; x_wconf 92' lang='lat' dir='ltr'><strong>sunt</strong></span> <span class='ocrx_word' id='word_1_496' title='bbox 2408 3203 2461 3258; x_wconf 92' lang='lat' dir='ltr'><strong>in</strong></span> <span class='ocrx_word' id='word_1_497' title='bbox 2501 3204 2690 3259; x_wconf 90' lang='lat' dir='ltr'><strong>mundi</strong></span> <span class='ocrx_word' id='word_1_498' title='bbox 2729 3206 2982 3275; x_wconf 87' lang='lat' dir='ltr'><strong>opificem</strong></span> <span class='ocrx_word' id='word_1_499' title='bbox 3010 3221 3110 3260; x_wconf 89' lang='lat' dir='ltr'><strong>nec</strong></span> <span class='ocrx_word' id='word_1_500' title='bbox 3135 3207 3208 3260; x_wconf 77' lang='lat' dir='ltr'><strong>sit</strong></span> <span class='ocrx_word' id='word_1_501' title='bbox 3230 3208 3476 3261; x_wconf 87' lang='lat' dir='ltr'><strong>omnium</strong></span> <span class='ocrx_word' id='word_1_502' title='bbox 3498 3224 3595 3261; x_wconf 88' lang='lat' dir='ltr'><strong>su-</strong></span> 
     </span>
    </p>
   </div>
   <div class='ocr_carea' id='block_1_67' title="bbox 335 3293 1916 3382">
    <p class='ocr_par' dir='ltr' id='par_1_67' title="bbox 335 3293 1916 3382">
     <span class='ocr_line' id='line_1_67' title="bbox 335 3293 1916 3382; baseline -0.012 -17"><span class='ocrx_word' id='word_1_503' title='bbox 335 3305 674 3382; x_wconf 84' lang='grc' dir='ltr'>δημιουργοῦ</span> <span class='ocrx_word' id='word_1_504' title='bbox 723 3301 1082 3374; x_wconf 84' lang='grc' dir='ltr'>γεγραμμένα</span> <span class='ocrx_word' id='word_1_505' title='bbox 1125 3296 1295 3368; x_wconf 82' lang='grc' dir='ltr'>ἀληθῆ</span> <span class='ocrx_word' id='word_1_506' title='bbox 1355 3297 1494 3358; x_wconf 87' lang='grc' dir='ltr'>ἐστι,</span> <span class='ocrx_word' id='word_1_507' title='bbox 1552 3293 1648 3347; x_wconf 72' lang='grc' dir='ltr'>καὶ</span> <span class='ocrx_word' id='word_1_508' title='bbox 1674 3295 1774 3348; x_wconf 87' lang='grc' dir='ltr'><strong>ούκ</strong></span> <span class='ocrx_word' id='word_1_509' title='bbox 1802 3293 1916 3346; x_wconf 80' lang='grc' dir='ltr'>ἔστι</span> 
     </span>
    </p>
   </div>
   <div class='ocr_carea' id='block_1_68' title="bbox 2024 3293 3626 3382">
    <p class='ocr_par' dir='ltr' id='par_1_68' title="bbox 2024 3294 3626 3367">
     <span class='ocr_line' id='line_1_68' title="bbox 2024 3294 3626 3367; baseline 0.004 -17"><span class='ocrx_word' id='word_1_510' title='bbox 2024 3311 2261 3366; x_wconf 84' lang='lat' dir='ltr'><strong>premus.</strong></span> <span class='ocrx_word' id='word_1_511' title='bbox 2293 3312 2416 3352; x_wconf 91' lang='lat' dir='ltr'><strong>cum</strong></span> <span class='ocrx_word' id='word_1_512' title='bbox 2461 3296 2617 3366; x_wconf 82' lang='lat' dir='ltr'><strong>juxta</strong></span> <span class='ocrx_word' id='word_1_513' title='bbox 2649 3294 2962 3367; x_wconf 85' lang='lat' dir='ltr'><strong>Scripturas</strong></span> <span class='ocrx_word' id='word_1_514' title='bbox 2992 3297 3142 3350; x_wconf 89' lang='lat' dir='ltr'><strong>omni</strong></span> <span class='ocrx_word' id='word_1_515' title='bbox 3172 3299 3431 3367; x_wconf 74' lang='lat' dir='ltr'><strong>nequitiae</strong></span> <span class='ocrx_word' id='word_1_516' title='bbox 3456 3301 3591 3354; x_wconf 86' lang='lat' dir='ltr'><strong>sub-</strong></span> <span class='ocrx_word' id='word_1_517' title='bbox 3621 3351 3626 3356; x_wconf 90' lang='lat'><strong>.</strong></span> 
     </span>
    </p>
   </div>
   <div class='ocr_carea' id='block_1_69' title="bbox 337 3385 1918 3467">
    <p class='ocr_par' dir='ltr' id='par_1_69' title="bbox 337 3385 1918 3467">
     <span class='ocr_line' id='line_1_69' title="bbox 337 3385 1918 3467; baseline -0.021 -8"><span class='ocrx_word' id='word_1_518' title='bbox 337 3404 451 3458; x_wconf 76' lang='grc' dir='ltr'><strong>τῶν</strong></span> <span class='ocrx_word' id='word_1_519' title='bbox 477 3401 614 3456; x_wconf 78' lang='grc' dir='ltr'>ὅλων</span> <span class='ocrx_word' id='word_1_520' title='bbox 648 3397 938 3467; x_wconf 86' lang='grc' dir='ltr'>ἀνώτερος,</span> <span class='ocrx_word' id='word_1_521' title='bbox 973 3390 1114 3445; x_wconf 77' lang='grc' dir='ltr'>κατὰ</span> <span class='ocrx_word' id='word_1_522' title='bbox 1145 3389 1246 3454; x_wconf 80' lang='grc' dir='ltr'>τὰς</span> <span class='ocrx_word' id='word_1_523' title='bbox 1263 3388 1487 3460; x_wconf 77' lang='grc' dir='ltr'>Γραφὰς</span> <span class='ocrx_word' id='word_1_524' title='bbox 1518 3387 1666 3458; x_wconf 75' lang='grc' dir='ltr'>πάσῃ</span> <span class='ocrx_word' id='word_1_525' title='bbox 1700 3385 1918 3440; x_wconf 82' lang='grc' dir='ltr'>ὑποκεί-</span> 
     </span>
    </p>
   </div>
   <div class='ocr_carea' id='block_1_70' title="bbox 339 3480 1917 3567">
    <p class='ocr_par' dir='ltr' id='par_1_70' title="bbox 339 3480 1917 3567">
     <span class='ocr_line' id='line_1_70' title="bbox 339 3480 1917 3567; baseline -0.014 -16"><span class='ocrx_word' id='word_1_526' title='bbox 339 3512 506 3567; x_wconf 61' lang='grc' dir='ltr'>μενος</span> <span class='ocrx_word' id='word_1_527' title='bbox 534 3489 824 3565; x_wconf 79' lang='grc' dir='ltr'>μοχθηρίᾳ,</span> <span class='ocrx_word' id='word_1_528' title='bbox 881 3486 976 3540; x_wconf 68' lang='grc' dir='ltr'><strong>καὶ</strong></span> <span class='ocrx_word' id='word_1_529' title='bbox 1009 3484 1232 3554; x_wconf 70' lang='grc' dir='ltr'>ὕστερον</span> <span class='ocrx_word' id='word_1_530' title='bbox 1294 3481 1599 3554; x_wconf 80' lang='grc' dir='ltr'>ζητήσομεν</span> <span class='ocrx_word' id='word_1_531' title='bbox 1641 3480 1732 3532; x_wconf 89' lang='grc' dir='ltr'><strong>τὸν</strong></span> <span class='ocrx_word' id='word_1_532' title='bbox 1789 3495 1917 3548; x_wconf 87' lang='grc' dir='ltr'>συγ-</span> 
     </span>
    </p>
   </div>
   <div class='ocr_carea' id='block_1_71' title="bbox 338 3571 1916 3660">
    <p class='ocr_par' dir='ltr' id='par_1_71' title="bbox 338 3571 1916 3660">
     <span class='ocr_line' id='line_1_71' title="bbox 338 3571 1916 3660; baseline -0.011 -19"><span class='ocrx_word' id='word_1_533' title='bbox 338 3587 649 3660; x_wconf 66' lang='grc' dir='ltr'>γράψαντα.</span> <span class='ocrx_word' id='word_1_534' title='bbox 682 3583 792 3635; x_wconf 86' lang='lat' dir='ltr'><strong>Kal</strong></span> <span class='ocrx_word' id='word_1_535' title='bbox 818 3581 846 3632; x_wconf 88' lang='lat'><strong>6</strong></span> <span class='ocrx_word' id='word_1_536' title='bbox 870 3578 1094 3649; x_wconf 81' lang='grc' dir='ltr'>Πέτρος·</span> <span class='ocrx_word' id='word_1_537' title='bbox 1151 3576 1268 3628; x_wconf 79' lang='grc' dir='ltr'>Ἵνα</span> <span class='ocrx_word' id='word_1_538' title='bbox 1301 3574 1376 3644; x_wconf 82' lang='grc' dir='ltr'>μὴ</span> <span class='ocrx_word' id='word_1_539' title='bbox 1407 3573 1564 3639; x_wconf 77' lang='grc' dir='ltr'>δόξω,</span> <span class='ocrx_word' id='word_1_540' title='bbox 1613 3571 1916 3640; x_wconf 83' lang='grc' dir='ltr'>ἀντιλέγειν</span> 
     </span>
    </p>
   </div>
   <div class='ocr_carea' id='block_1_72' title="bbox 343 3663 1912 3751">
    <p class='ocr_par' dir='ltr' id='par_1_72' title="bbox 343 3663 1912 3751">
     <span class='ocr_line' id='line_1_72' title="bbox 343 3663 1912 3751; baseline -0.012 -15"><span class='ocrx_word' id='word_1_541' title='bbox 343 3700 443 3736; x_wconf 84' lang='grc' dir='ltr'><strong>σου</strong></span> <span class='ocrx_word' id='word_1_542' title='bbox 475 3683 541 3751; x_wconf 79' lang='grc' dir='ltr'>τῇ</span> <span class='ocrx_word' id='word_1_543' title='bbox 595 3675 787 3746; x_wconf 78' lang='grc' dir='ltr'>ἀταξίᾳ</span> <span class='ocrx_word' id='word_1_544' title='bbox 821 3673 896 3743; x_wconf 82' lang='grc' dir='ltr'>μὴ</span> <span class='ocrx_word' id='word_1_545' title='bbox 949 3667 1118 3723; x_wconf 83' lang='grc' dir='ltr'>θέλων</span> <span class='ocrx_word' id='word_1_546' title='bbox 1158 3667 1222 3728; x_wconf 61' lang='grc'>⁸⁵,</span> <span class='ocrx_word' id='word_1_547' title='bbox 1264 3666 1465 3736; x_wconf 78' lang='grc' dir='ltr'>ζητεῖν,</span> <span class='ocrx_word' id='word_1_548' title='bbox 1527 3663 1912 3734; x_wconf 86' lang='grc' dir='ltr'>ἀποκρίνομαι.</span> 
     </span>
    </p>
   </div>
   <div class='ocr_carea' id='block_1_73' title="bbox 352 3756 1917 3843">
    <p class='ocr_par' dir='ltr' id='par_1_73' title="bbox 352 3756 1917 3843">
     <span class='ocr_line' id='line_1_73' title="bbox 352 3756 1917 3843; baseline -0.013 -15"><span class='ocrx_word' id='word_1_549' title='bbox 352 3772 500 3842; x_wconf 83' lang='grc' dir='ltr'>Ἐγὼ</span> <span class='ocrx_word' id='word_1_550' title='bbox 526 3776 666 3843; x_wconf 83' lang='grc' dir='ltr'>φημι</span> <span class='ocrx_word' id='word_1_551' title='bbox 711 3770 793 3821; x_wconf 76' lang='grc' dir='ltr'>ὅτι</span> <span class='ocrx_word' id='word_1_552' title='bbox 850 3766 898 3818; x_wconf 81' lang='grc' dir='ltr'><strong>εἰ</strong></span> <span class='ocrx_word' id='word_1_553' title='bbox 940 3761 1012 3816; x_wconf 82' lang='grc' dir='ltr'>τὰ</span> <span class='ocrx_word' id='word_1_554' title='bbox 1061 3759 1202 3814; x_wconf 83' lang='grc' dir='ltr'><strong>κατά</strong></span> <span class='ocrx_word' id='word_1_555' title='bbox 1233 3758 1326 3811; x_wconf 90' lang='grc' dir='ltr'><strong>τοῦ</strong></span> <span class='ocrx_word' id='word_1_556' title='bbox 1368 3756 1502 3810; x_wconf 85' lang='grc' dir='ltr'>Θεοῦ</span> <span class='ocrx_word' id='word_1_557' title='bbox 1559 3756 1917 3828; x_wconf 81' lang='grc' dir='ltr'>γεγραμμένα</span> 
     </span>
    </p>
   </div>
   <div class='ocr_carea' id='block_1_74' title="bbox 337 3848 1917 3934">
    <p class='ocr_par' dir='ltr' id='par_1_74' title="bbox 337 3848 1917 3934">
     <span class='ocr_line' id='line_1_74' title="bbox 337 3848 1917 3934; baseline -0.013 -14"><span class='ocrx_word' id='word_1_558' title='bbox 337 3852 518 3934; x_wconf 76' lang='grc' dir='ltr'>ἀληθῆ</span> <span class='ocrx_word' id='word_1_559' title='bbox 552 3863 656 3934; x_wconf 76' lang='grc' dir='ltr'>εἴη,</span> <span class='ocrx_word' id='word_1_560' title='bbox 711 3859 864 3912; x_wconf 85' lang='grc' dir='ltr'>οῦπω</span> <span class='ocrx_word' id='word_1_561' title='bbox 912 3855 1004 3908; x_wconf 88' lang='grc' dir='ltr'><strong>τὸν</strong></span> <span class='ocrx_word' id='word_1_562' title='bbox 1053 3853 1182 3906; x_wconf 85' lang='grc' dir='ltr'>Θεὸν</span> <span class='ocrx_word' id='word_1_563' title='bbox 1214 3851 1449 3904; x_wconf 83' lang='grc' dir='ltr'>δείκνυσι</span> <span class='ocrx_word' id='word_1_564' title='bbox 1491 3849 1778 3921; x_wconf 84' lang='grc' dir='ltr'>μοχθηρόν.</span> <span class='ocrx_word' id='word_1_565' title='bbox 1807 3848 1917 3900; x_wconf 89' lang='lat' dir='ltr'><strong>Kal</strong></span> 
     </span>
    </p>
   </div>
   <div class='ocr_carea' id='block_1_75' title="bbox 335 3942 1638 4030">
    <p class='ocr_par' dir='ltr' id='par_1_75' title="bbox 335 3942 1638 4030">
     <span class='ocr_line' id='line_1_75' title="bbox 335 3942 1638 4030; baseline -0.015 -17"><span class='ocrx_word' id='word_1_566' title='bbox 335 3959 369 4012; x_wconf 78' lang='grc' dir='ltr'><strong>ὁ</strong></span> <span class='ocrx_word' id='word_1_567' title='bbox 397 3957 579 4030; x_wconf 85' lang='grc' dir='ltr'>Σίμων</span> <span class='ocrx_word' id='word_1_568' title='bbox 607 3955 730 4024; x_wconf 73' lang='grc' dir='ltr'>ἐφη·</span> <span class='ocrx_word' id='word_1_569' title='bbox 767 3949 891 4013; x_wconf 89' lang='grc' dir='ltr'><strong>Πῶς</strong></span> <span class='ocrx_word' id='word_1_570' title='bbox 918 3947 1074 4001; x_wconf 86' lang='grc' dir='ltr'>τοῦτο</span> <span class='ocrx_word' id='word_1_571' title='bbox 1100 3945 1359 4016; x_wconf 83' lang='grc' dir='ltr'>συστῆσαι</span> <span class='ocrx_word' id='word_1_572' title='bbox 1383 3942 1638 4009; x_wconf 85' lang='grc' dir='ltr'>δύνασαι;</span> 
     </span>
    </p>
   </div>
   <div class='ocr_carea' id='block_1_76' title="bbox 413 4034 1918 4112">
    <p class='ocr_par' dir='ltr' id='par_1_76' title="bbox 413 4034 1918 4112">
     <span class='ocr_line' id='line_1_76' title="bbox 413 4034 1918 4112; baseline -0.015 -4"><span class='ocrx_word' id='word_1_573' title='bbox 413 4046 576 4107; x_wconf 74' lang='lat' dir='ltr'><strong>XL“.</strong></span> <span class='ocrx_word' id='word_1_574' title='bbox 615 4046 724 4100; x_wconf 81' lang='lat' dir='ltr'><strong>Kal</strong></span> <span class='ocrx_word' id='word_1_575' title='bbox 750 4046 778 4097; x_wconf 93' lang='lat'><strong>6</strong></span> <span class='ocrx_word' id='word_1_576' title='bbox 810 4041 1040 4112; x_wconf 86' lang='grc' dir='ltr'>Πέτρος·</span> <span class='ocrx_word' id='word_1_577' title='bbox 1074 4040 1198 4090; x_wconf 85' lang='grc' dir='ltr'>’Ότι</span> <span class='ocrx_word' id='word_1_578' title='bbox 1235 4041 1356 4100; x_wconf 79' lang='grc' dir='ltr'>ταῖς</span> <span class='ocrx_word' id='word_1_579' title='bbox 1403 4035 1563 4088; x_wconf 81' lang='grc' dir='ltr'>αὐτὸν</span> <span class='ocrx_word' id='word_1_580' title='bbox 1610 4034 1796 4098; x_wconf 85' lang='grc' dir='ltr'>κακῶς</span> <span class='ocrx_word' id='word_1_581' title='bbox 1832 4034 1918 4087; x_wconf 88' lang='grc' dir='ltr'>λε-</span> 
     </span>
    </p>
   </div>
   <div class='ocr_carea' id='block_1_77' title="bbox 2015 3389 3592 3460">
    <p class='ocr_par' dir='ltr' id='par_1_77' title="bbox 2015 3389 3592 3460">
     <span class='ocr_line' id='line_1_77' title="bbox 2015 3389 3592 3460; baseline 0.001 -17"><span class='ocrx_word' id='word_1_582' title='bbox 2015 3389 2215 3460; x_wconf 85' lang='lat' dir='ltr'><strong>jaceat,</strong></span> <span class='ocrx_word' id='word_1_583' title='bbox 2269 3396 2324 3444; x_wconf 89' lang='lat' dir='ltr'><strong>et</strong></span> <span class='ocrx_word' id='word_1_584' title='bbox 2377 3398 2568 3458; x_wconf 89' lang='lat' dir='ltr'><strong>postea</strong></span> <span class='ocrx_word' id='word_1_585' title='bbox 2614 3389 2936 3458; x_wconf 87' lang='lat' dir='ltr'><strong>scriptorem</strong></span> <span class='ocrx_word' id='word_1_586' title='bbox 2991 3401 3325 3458; x_wconf 73' lang='lat' dir='ltr'><strong>qumramus.</strong></span> <span class='ocrx_word' id='word_1_587' title='bbox 3395 3389 3592 3446; x_wconf 85' lang='lat' dir='ltr'><strong>Petrus</strong></span> 
     </span>
    </p>
   </div>
   <div class='ocr_carea' id='block_1_78' title="bbox 2021 3479 3592 3550">
    <p class='ocr_par' dir='ltr' id='par_1_78' title="bbox 2021 3479 3592 3550">
     <span class='ocr_line' id='line_1_78' title="bbox 2021 3479 3592 3550; baseline 0.001 -14"><span class='ocrx_word' id='word_1_588' title='bbox 2021 3490 2252 3536; x_wconf 89' lang='lat' dir='ltr'><strong>autem:</strong></span> <span class='ocrx_word' id='word_1_589' title='bbox 2298 3479 2376 3534; x_wconf 85' lang='lat' dir='ltr'><strong>Ne</strong></span> <span class='ocrx_word' id='word_1_590' title='bbox 2433 3480 2619 3534; x_wconf 86' lang='lat' dir='ltr'><strong>videar</strong></span> <span class='ocrx_word' id='word_1_591' title='bbox 2672 3480 2970 3550; x_wconf 89' lang='lat' dir='ltr'><strong>inquirere,</strong></span> <span class='ocrx_word' id='word_1_592' title='bbox 3020 3480 3216 3535; x_wconf 86' lang='lat' dir='ltr'><strong>nolens</strong></span> <span class='ocrx_word' id='word_1_593' title='bbox 3279 3481 3592 3537; x_wconf 71' lang='lat' dir='ltr'><strong>confusioni</strong></span> 
     </span>
    </p>
   </div>
   <div class='ocr_carea' id='block_1_79' title="bbox 2021 3569 3591 3641">
    <p class='ocr_par' dir='ltr' id='par_1_79' title="bbox 2021 3569 3591 3641">
     <span class='ocr_line' id='line_1_79' title="bbox 2021 3569 3591 3641; baseline 0.002 -17"><span class='ocrx_word' id='word_1_594' title='bbox 2021 3579 2129 3626; x_wconf 63' lang='lat' dir='ltr'><strong>tum</strong></span> <span class='ocrx_word' id='word_1_595' title='bbox 2149 3570 2546 3636; x_wconf 87' lang='lat' dir='ltr'><strong>contradicere,</strong></span> <span class='ocrx_word' id='word_1_596' title='bbox 2568 3571 2892 3640; x_wconf 85' lang='lat' dir='ltr'><strong>respondeo.</strong></span> <span class='ocrx_word' id='word_1_597' title='bbox 2924 3569 3034 3639; x_wconf 79' lang='lat' dir='ltr'><strong>Ego</strong></span> <span class='ocrx_word' id='word_1_598' title='bbox 3061 3570 3150 3624; x_wconf 83' lang='lat' dir='ltr'><strong>aio</strong></span> <span class='ocrx_word' id='word_1_599' title='bbox 3175 3572 3342 3641; x_wconf 86' lang='lat' dir='ltr'><strong>quod,</strong></span> <span class='ocrx_word' id='word_1_600' title='bbox 3375 3573 3591 3627; x_wconf 78' lang='lat' dir='ltr'><strong>etiamsi</strong></span> 
     </span>
    </p>
   </div>
   <div class='ocr_carea' id='block_1_80' title="bbox 2021 3661 3589 3734">
    <p class='ocr_par' dir='ltr' id='par_1_80' title="bbox 2021 3661 3589 3734">
     <span class='ocr_line' id='line_1_80' title="bbox 2021 3661 3589 3734; baseline -0.001 -16"><span class='ocrx_word' id='word_1_601' title='bbox 2021 3678 2144 3734; x_wconf 64' lang='lat' dir='ltr'><strong>qua:</strong></span> <span class='ocrx_word' id='word_1_602' title='bbox 2166 3664 2432 3718; x_wconf 82' lang='lat' dir='ltr'><strong>adversus</strong></span> <span class='ocrx_word' id='word_1_603' title='bbox 2468 3661 2641 3716; x_wconf 90' lang='lat' dir='ltr'><strong>Deum</strong></span> <span class='ocrx_word' id='word_1_604' title='bbox 2672 3661 2874 3731; x_wconf 87' lang='lat' dir='ltr'><strong>scripta</strong></span> <span class='ocrx_word' id='word_1_605' title='bbox 2911 3671 3059 3725; x_wconf 90' lang='lat' dir='ltr'><strong>sunt,</strong></span> <span class='ocrx_word' id='word_1_606' title='bbox 3091 3671 3276 3716; x_wconf 90' lang='lat' dir='ltr'><strong>essent</strong></span> <span class='ocrx_word' id='word_1_607' title='bbox 3302 3679 3452 3728; x_wconf 78' lang='lat' dir='ltr'><strong>vera,</strong></span> <span class='ocrx_word' id='word_1_608' title='bbox 3482 3680 3589 3718; x_wconf 89' lang='lat' dir='ltr'><strong>non</strong></span> 
     </span>
    </p>
   </div>
   <div class='ocr_carea' id='block_1_81' title="bbox 2021 3752 3594 3810">
    <p class='ocr_par' dir='ltr' id='par_1_81' title="bbox 2021 3752 3594 3810">
     <span class='ocr_line' id='line_1_81' title="bbox 2021 3752 3594 3810; baseline -0.001 0"><span class='ocrx_word' id='word_1_609' title='bbox 2021 3765 2205 3810; x_wconf 86' lang='lat' dir='ltr'><strong>tamen</strong></span> <span class='ocrx_word' id='word_1_610' title='bbox 2266 3755 2430 3810; x_wconf 90' lang='lat' dir='ltr'><strong>etiam</strong></span> <span class='ocrx_word' id='word_1_611' title='bbox 2503 3753 2582 3808; x_wconf 91' lang='lat' dir='ltr'><strong>sic</strong></span> <span class='ocrx_word' id='word_1_612' title='bbox 2650 3752 2820 3807; x_wconf 89' lang='lat' dir='ltr'><strong>Deum</strong></span> <span class='ocrx_word' id='word_1_613' title='bbox 2887 3753 3238 3809; x_wconf 88' lang='lat' dir='ltr'><strong>ostenderent</strong></span> <span class='ocrx_word' id='word_1_614' title='bbox 3301 3769 3423 3809; x_wconf 91' lang='lat' dir='ltr'><strong>esse</strong></span> <span class='ocrx_word' id='word_1_615' title='bbox 3491 3757 3594 3810; x_wconf 83' lang='lat' dir='ltr'><strong>im-</strong></span> 
     </span>
    </p>
   </div>
   <div class='ocr_carea' id='block_1_82' title="bbox 2021 3845 3594 3918">
    <p class='ocr_par' dir='ltr' id='par_1_82' title="bbox 2021 3845 3594 3918">
     <span class='ocr_line' id='line_1_82' title="bbox 2021 3845 3594 3918; baseline 0 -16"><span class='ocrx_word' id='word_1_616' title='bbox 2021 3848 2275 3918; x_wconf 91' lang='lat' dir='ltr'><strong>probum.</strong></span> <span class='ocrx_word' id='word_1_617' title='bbox 2339 3845 2406 3899; x_wconf 86' lang='lat' dir='ltr'><strong>Et</strong></span> <span class='ocrx_word' id='word_1_618' title='bbox 2453 3847 2643 3900; x_wconf 79' lang='lat' dir='ltr'><strong>Simon</strong></span> <span class='ocrx_word' id='word_1_619' title='bbox 2687 3845 2870 3902; x_wconf 85' lang='lat' dir='ltr'><strong>dixit:</strong></span> <span class='ocrx_word' id='word_1_620' title='bbox 2914 3845 3034 3912; x_wconf 91' lang='lat' dir='ltr'><strong>Quo</strong></span> <span class='ocrx_word' id='word_1_621' title='bbox 3077 3847 3241 3900; x_wconf 91' lang='lat' dir='ltr'><strong>modo</strong></span> <span class='ocrx_word' id='word_1_622' title='bbox 3299 3855 3457 3916; x_wconf 81' lang='lat' dir='ltr'><strong>potes</strong></span> <span class='ocrx_word' id='word_1_623' title='bbox 3487 3848 3594 3903; x_wconf 85' lang='lat' dir='ltr'><strong>hoc</strong></span> 
     </span>
    </p>
   </div>
   <div class='ocr_carea' id='block_1_83' title="bbox 2020 3940 2302 3995">
    <p class='ocr_par' dir='ltr' id='par_1_83' title="bbox 2020 3940 2302 3995">
     <span class='ocr_line' id='line_1_83' title="bbox 2020 3940 2302 3995; baseline -0.004 -1"><span class='ocrx_word' id='word_1_624' title='bbox 2020 3940 2302 3995; x_wconf 84' lang='lat' dir='ltr'><strong>astruere?</strong></span> 
     </span>
    </p>
   </div>
   <div class='ocr_carea' id='block_1_84' title="bbox 2094 4031 3591 4102">
    <p class='ocr_par' dir='ltr' id='par_1_84' title="bbox 2094 4031 3591 4102">
     <span class='ocr_line' id='line_1_84' title="bbox 2094 4031 3591 4102; baseline -0.001 -16"><span class='ocrx_word' id='word_1_625' title='bbox 2094 4032 2254 4087; x_wconf 82' lang='lat' dir='ltr'><strong>XLII.</strong></span> <span class='ocrx_word' id='word_1_626' title='bbox 2306 4034 2376 4087; x_wconf 77' lang='lat' dir='ltr'><strong>At</strong></span> <span class='ocrx_word' id='word_1_627' title='bbox 2426 4032 2674 4088; x_wconf 89' lang='lat' dir='ltr'><strong>Petrus:</strong></span> <span class='ocrx_word' id='word_1_628' title='bbox 2728 4031 2998 4098; x_wconf 86' lang='lat' dir='ltr'><strong>Quoniam</strong></span> <span class='ocrx_word' id='word_1_629' title='bbox 3057 4031 3327 4086; x_wconf 86' lang='lat' dir='ltr'><strong>contraria</strong></span> <span class='ocrx_word' id='word_1_630' title='bbox 3389 4031 3591 4102; x_wconf 85' lang='lat' dir='ltr'><strong>scripta</strong></span> 
     </span>
    </p>
   </div>
   <div class='ocr_carea' id='block_1_85' title="bbox 337 4118 1916 4212">
    <p class='ocr_par' dir='ltr' id='par_1_85' title="bbox 337 4118 1916 4212">
     <span class='ocr_line' id='line_1_85' title="bbox 337 4118 1916 4212; baseline -0.014 -16"><span class='ocrx_word' id='word_1_631' title='bbox 337 4141 568 4212; x_wconf 87' lang='grc' dir='ltr'>γούσαις</span> <span class='ocrx_word' id='word_1_632' title='bbox 597 4138 798 4206; x_wconf 81' lang='grc' dir='ltr'>φωναῖς</span> <span class='ocrx_word' id='word_1_633' title='bbox 819 4133 863 4163; x_wconf 84' lang='grc'><strong>¹³</strong></span> <span class='ocrx_word' id='word_1_634' title='bbox 880 4130 949 4184; x_wconf 86' lang='grc' dir='ltr'>τὰ</span> <span class='ocrx_word' id='word_1_635' title='bbox 977 4128 1192 4182; x_wconf 76' lang='grc' dir='ltr'>ἐναντία</span> <span class='ocrx_word' id='word_1_636' title='bbox 1210 4125 1537 4196; x_wconf 83' lang='grc' dir='ltr'>γέγραπται,</span> <span class='ocrx_word' id='word_1_637' title='bbox 1566 4118 1626 4178; x_wconf 75' lang='grc' dir='ltr'>οὗ</span> <span class='ocrx_word' id='word_1_638' title='bbox 1652 4125 1694 4154; x_wconf 82' lang='grc'><strong>¹⁶</strong></span> <span class='ocrx_word' id='word_1_639' title='bbox 1714 4123 1916 4176; x_wconf 79' lang='grc' dir='ltr'>εἵνεκεν</span> 
     </span>
    </p>
   </div>
   <div class='ocr_carea' id='block_1_86' title="bbox 2024 4118 3594 4212">
    <p class='ocr_par' dir='ltr' id='par_1_86' title="bbox 2024 4124 3594 4196">
     <span class='ocr_line' id='line_1_86' title="bbox 2024 4124 3594 4196; baseline -0.004 -14"><span class='ocrx_word' id='word_1_640' title='bbox 2024 4136 2153 4182; x_wconf 87' lang='lat' dir='ltr'><strong>sunt</strong></span> <span class='ocrx_word' id='word_1_641' title='bbox 2183 4127 2249 4180; x_wconf 87' lang='lat' dir='ltr'><strong>iis</strong></span> <span class='ocrx_word' id='word_1_642' title='bbox 2271 4125 2498 4181; x_wconf 82' lang='lat' dir='ltr'><strong>vocibus</strong></span> <span class='ocrx_word' id='word_1_643' title='bbox 2531 4141 2654 4196; x_wconf 68' lang='lat' dir='ltr'><strong>quae</strong></span> <span class='ocrx_word' id='word_1_644' title='bbox 2677 4124 2788 4179; x_wconf 85' lang='lat' dir='ltr'><strong>Deo</strong></span> <span class='ocrx_word' id='word_1_645' title='bbox 2822 4126 3196 4195; x_wconf 89' lang='lat' dir='ltr'><strong>obloquuntur</strong></span> <span class='ocrx_word' id='word_1_646' title='bbox 3226 4143 3238 4177; x_wconf 91' lang='lat'><strong>:</strong></span> <span class='ocrx_word' id='word_1_647' title='bbox 3266 4133 3594 4194; x_wconf 84' lang='lat' dir='ltr'><strong>quapropter</strong></span> 
     </span>
    </p>
   </div>
   <div class='ocr_carea' id='block_1_87' title="bbox 333 4216 1912 4300">
    <p class='ocr_par' dir='ltr' id='par_1_87' title="bbox 333 4216 1912 4300">
     <span class='ocr_line' id='line_1_87' title="bbox 333 4216 1912 4300; baseline -0.013 -12"><span class='ocrx_word' id='word_1_648' title='bbox 333 4233 449 4288; x_wconf 74' lang='grc' dir='ltr'>οὐδ’</span> <span class='ocrx_word' id='word_1_649' title='bbox 504 4229 760 4300; x_wconf 75' lang='grc' dir='ltr'>ὁπότερον</span> <span class='ocrx_word' id='word_1_650' title='bbox 811 4221 1169 4295; x_wconf 74' lang='grc' dir='ltr'>βεϐαιωθῆναι</span> <span class='ocrx_word' id='word_1_651' title='bbox 1197 4219 1436 4273; x_wconf 84' lang='grc' dir='ltr'>δύναται.</span> <span class='ocrx_word' id='word_1_652' title='bbox 1474 4218 1584 4271; x_wconf 86' lang='lat' dir='ltr'><strong>Kal</strong></span> <span class='ocrx_word' id='word_1_653' title='bbox 1630 4219 1660 4269; x_wconf 78' lang='grc' dir='ltr'>ὁ</span> <span class='ocrx_word' id='word_1_654' title='bbox 1701 4216 1912 4286; x_wconf 89' lang='grc' dir='ltr'>Σίμων·</span> 
     </span>
    </p>
   </div>
   <div class='ocr_carea' id='block_1_88' title="bbox 339 4308 1918 4389">
    <p class='ocr_par' dir='ltr' id='par_1_88' title="bbox 339 4308 1918 4389">
     <span class='ocr_line' id='line_1_88' title="bbox 339 4308 1918 4389; baseline -0.013 -9"><span class='ocrx_word' id='word_1_655' title='bbox 339 4327 468 4388; x_wconf 85' lang='grc' dir='ltr'><strong>Πῶς</strong></span> <span class='ocrx_word' id='word_1_656' title='bbox 513 4317 748 4389; x_wconf 80' lang='grc' dir='ltr'>οῦν,τῶν</span> <span class='ocrx_word' id='word_1_657' title='bbox 777 4314 1008 4388; x_wconf 77' lang='grc' dir='ltr'>Γραφῶν</span> <span class='ocrx_word' id='word_1_658' title='bbox 1045 4312 1154 4366; x_wconf 89' lang='grc' dir='ltr'><strong>τῶν</strong></span> <span class='ocrx_word' id='word_1_659' title='bbox 1201 4311 1298 4383; x_wconf 84' lang='grc' dir='ltr'>μὲν</span> <span class='ocrx_word' id='word_1_660' title='bbox 1337 4310 1497 4364; x_wconf 76' lang='grc' dir='ltr'>αὐτὸν</span> <span class='ocrx_word' id='word_1_661' title='bbox 1538 4310 1705 4362; x_wconf 83' lang='grc' dir='ltr'>κακὸν</span> <span class='ocrx_word' id='word_1_662' title='bbox 1734 4308 1918 4376; x_wconf 89' lang='grc' dir='ltr'>λεγου-</span> 
     </span>
    </p>
   </div>
   <div class='ocr_carea' id='block_1_89' title="bbox 341 4400 1914 4478">
    <p class='ocr_par' dir='ltr' id='par_1_89' title="bbox 341 4400 1914 4478">
     <span class='ocr_line' id='line_1_89' title="bbox 341 4400 1914 4478; baseline -0.013 -6"><span class='ocrx_word' id='word_1_663' title='bbox 341 4419 453 4473; x_wconf 84' lang='grc' dir='ltr'><strong>σῶν</strong></span> <span class='ocrx_word' id='word_1_664' title='bbox 479 4417 547 4478; x_wconf 74' lang='grc' dir='ltr'>ίτ,</span> <span class='ocrx_word' id='word_1_665' title='bbox 579 4412 688 4466; x_wconf 86' lang='grc' dir='ltr'><strong>τῶν</strong></span> <span class='ocrx_word' id='word_1_666' title='bbox 725 4412 782 4465; x_wconf 86' lang='grc' dir='ltr'>δὲ</span> <span class='ocrx_word' id='word_1_667' title='bbox 813 4408 1040 4477; x_wconf 84' lang='grc' dir='ltr'>ἀγαθὸν,</span> <span class='ocrx_word' id='word_1_668' title='bbox 1085 4405 1146 4459; x_wconf 83' lang='grc' dir='ltr'><strong>τὸ</strong></span> <span class='ocrx_word' id='word_1_669' title='bbox 1173 4404 1368 4476; x_wconf 83' lang='grc' dir='ltr'>ἀληθὲς</span> <span class='ocrx_word' id='word_1_670' title='bbox 1401 4401 1546 4455; x_wconf 71' lang='grc' dir='ltr'>ἐστιν</span> <span class='ocrx_word' id='word_1_671' title='bbox 1592 4400 1914 4468; x_wconf 73' lang='grc' dir='ltr'>ἐπιγνῶναις</span> 
     </span>
    </p>
   </div>
   <div class='ocr_carea' id='block_1_90' title="bbox 327 4488 1916 4576">
    <p class='ocr_par' dir='ltr' id='par_1_90' title="bbox 327 4488 1916 4576">
     <span class='ocr_line' id='line_1_90' title="bbox 327 4488 1916 4576; baseline -0.014 -13"><span class='ocrx_word' id='word_1_672' title='bbox 327 4509 437 4564; x_wconf 87' lang='lat' dir='ltr'><strong>Kal</strong></span> <span class='ocrx_word' id='word_1_673' title='bbox 457 4509 486 4560; x_wconf 90' lang='lat'><strong>6</strong></span> <span class='ocrx_word' id='word_1_674' title='bbox 514 4506 746 4576; x_wconf 88' lang='grc' dir='ltr'>Πέτρος·</span> <span class='ocrx_word' id='word_1_675' title='bbox 781 4502 942 4554; x_wconf 85' lang='grc' dir='ltr'>Ὅσαι</span> <span class='ocrx_word' id='word_1_676' title='bbox 975 4497 1083 4550; x_wconf 87' lang='grc' dir='ltr'><strong>τῶν</strong></span> <span class='ocrx_word' id='word_1_677' title='bbox 1115 4495 1344 4568; x_wconf 76' lang='grc' dir='ltr'>ι’ραφῶν</span> <span class='ocrx_word' id='word_1_678' title='bbox 1371 4492 1546 4561; x_wconf 67' lang='grc' dir='ltr'>φωναὶ</span> <span class='ocrx_word' id='word_1_679' title='bbox 1568 4488 1916 4561; x_wconf 69' lang='grc' dir='ltr'>συμφωνοῦσι</span> 
     </span>
    </p>
   </div>
   <div class='ocr_carea' id='block_1_91' title="bbox 337 4579 1914 4671">
    <p class='ocr_par' dir='ltr' id='par_1_91' title="bbox 337 4579 1914 4671">
     <span class='ocr_line' id='line_1_91' title="bbox 337 4579 1914 4671; baseline -0.014 -18"><span class='ocrx_word' id='word_1_680' title='bbox 337 4604 406 4671; x_wconf 78' lang='grc' dir='ltr'>τῇ</span> <span class='ocrx_word' id='word_1_681' title='bbox 435 4599 524 4652; x_wconf 75' lang='grc' dir='ltr'>ὑπ’</span> <span class='ocrx_word' id='word_1_682' title='bbox 558 4594 722 4649; x_wconf 77' lang='grc' dir='ltr'>αὐτοῦ</span> <span class='ocrx_word' id='word_1_683' title='bbox 750 4591 1014 4662; x_wconf 83' lang='grc' dir='ltr'>γενομένῃ</span> <span class='ocrx_word' id='word_1_684' title='bbox 1046 4587 1240 4652; x_wconf 82' lang='grc' dir='ltr'>κτίσει,</span> <span class='ocrx_word' id='word_1_685' title='bbox 1277 4585 1491 4656; x_wconf 85' lang='grc' dir='ltr'>ἀληθεῖς</span> <span class='ocrx_word' id='word_1_686' title='bbox 1531 4584 1684 4635; x_wconf 85' lang='grc' dir='ltr'>εἰσιν·</span> <span class='ocrx_word' id='word_1_687' title='bbox 1709 4583 1831 4634; x_wconf 80' lang='grc' dir='ltr'>ὅσαι</span> <span class='ocrx_word' id='word_1_688' title='bbox 1860 4579 1914 4631; x_wconf 82' lang='grc' dir='ltr'>δὲ</span> 
     </span>
    </p>
   </div>
   <div class='ocr_carea' id='block_1_92' title="bbox 341 4671 1911 4756">
    <p class='ocr_par' dir='ltr' id='par_1_92' title="bbox 341 4671 1911 4756">
     <span class='ocr_line' id='line_1_92' title="bbox 341 4671 1911 4756; baseline -0.014 -12"><span class='ocrx_word' id='word_1_689' title='bbox 341 4689 585 4744; x_wconf 81' lang='grc' dir='ltr'>ἐναντίαι</span> <span class='ocrx_word' id='word_1_690' title='bbox 605 4729 620 4753; x_wconf 88' lang='grc'><strong>,</strong></span> <span class='ocrx_word' id='word_1_691' title='bbox 664 4685 876 4756; x_wconf 81' lang='grc' dir='ltr'>ψευδεῖς</span> <span class='ocrx_word' id='word_1_692' title='bbox 929 4679 1302 4750; x_wconf 80' lang='grc' dir='ltr'>τυγχάνουσιν.</span> <span class='ocrx_word' id='word_1_693' title='bbox 1351 4676 1459 4730; x_wconf 88' lang='lat' dir='ltr'><strong>Kal</strong></span> <span class='ocrx_word' id='word_1_694' title='bbox 1499 4677 1526 4727; x_wconf 88' lang='lat'><strong>6</strong></span> <span class='ocrx_word' id='word_1_695' title='bbox 1563 4675 1744 4744; x_wconf 79' lang='grc' dir='ltr'>Σίμων</span> <span class='ocrx_word' id='word_1_696' title='bbox 1789 4671 1911 4742; x_wconf 72' lang='grc' dir='ltr'>ἔφη·</span> 
     </span>
    </p>
   </div>
   <div class='ocr_carea' id='block_1_93' title="bbox 341 4763 1914 4843">
    <p class='ocr_par' dir='ltr' id='par_1_93' title="bbox 341 4763 1914 4843">
     <span class='ocr_line' id='line_1_93' title="bbox 341 4763 1914 4843; baseline -0.012 -9"><span class='ocrx_word' id='word_1_697' title='bbox 341 4780 468 4843; x_wconf 88' lang='grc' dir='ltr'><strong>Πῶς</strong></span> <span class='ocrx_word' id='word_1_698' title='bbox 497 4777 723 4832; x_wconf 84' lang='grc' dir='ltr'>δύνασαι</span> <span class='ocrx_word' id='word_1_699' title='bbox 753 4772 1164 4843; x_wconf 81' lang='grc' dir='ltr'>ἐναντιουμένας</span> <span class='ocrx_word' id='word_1_700' title='bbox 1191 4770 1410 4830; x_wconf 83' lang='grc' dir='ltr'>ἑαυταῖς</span> <span class='ocrx_word' id='word_1_701' title='bbox 1448 4765 1614 4830; x_wconf 78' lang='grc' dir='ltr'>δεῖξαι</span> <span class='ocrx_word' id='word_1_702' title='bbox 1644 4763 1743 4828; x_wconf 79' lang='grc' dir='ltr'>τὰς</span> <span class='ocrx_word' id='word_1_703' title='bbox 1770 4765 1914 4834; x_wconf 83' lang='grc' dir='ltr'>Γρα-</span> 
     </span>
    </p>
   </div>
   <div class='ocr_carea' id='block_1_94' title="bbox 339 4856 1916 4946">
    <p class='ocr_par' dir='ltr' id='par_1_94' title="bbox 339 4856 1916 4946">
     <span class='ocr_line' id='line_1_94' title="bbox 339 4856 1916 4946; baseline -0.015 -17"><span class='ocrx_word' id='word_1_704' title='bbox 339 4876 480 4946; x_wconf 54' lang='lat' dir='ltr'><strong>(pag;</strong></span> <span class='ocrx_word' id='word_1_705' title='bbox 527 4870 638 4925; x_wconf 88' lang='lat' dir='ltr'><strong>Kal</strong></span> <span class='ocrx_word' id='word_1_706' title='bbox 675 4870 704 4922; x_wconf 88' lang='lat'><strong>6</strong></span> <span class='ocrx_word' id='word_1_707' title='bbox 738 4867 940 4938; x_wconf 86' lang='grc' dir='ltr'>Πέτρος</span> <span class='ocrx_word' id='word_1_708' title='bbox 972 4864 1094 4934; x_wconf 70' lang='grc' dir='ltr'>ἔφη·</span> <span class='ocrx_word' id='word_1_709' title='bbox 1148 4861 1251 4914; x_wconf 87' lang='grc' dir='ltr'>Τὸν</span> <span class='ocrx_word' id='word_1_710' title='bbox 1296 4859 1464 4928; x_wconf 78' lang='grc' dir='ltr'>Ἀδὰμ</span> <span class='ocrx_word' id='word_1_711' title='bbox 1501 4857 1697 4927; x_wconf 81' lang='grc' dir='ltr'>τυφλὸν</span> <span class='ocrx_word' id='word_1_712' title='bbox 1740 4856 1916 4924; x_wconf 87' lang='grc' dir='ltr'>λέγεις</span> 
     </span>
    </p>
   </div>
   <div class='ocr_carea' id='block_1_95' title="bbox 337 4948 1919 5038">
    <p class='ocr_par' dir='ltr' id='par_1_95' title="bbox 337 4948 1919 5038">
     <span class='ocr_line' id='line_1_95' title="bbox 337 4948 1919 5038; baseline -0.014 -17"><span class='ocrx_word' id='word_1_713' title='bbox 337 4962 690 5038; x_wconf 79' lang='grc' dir='ltr'>γεγενῆσθαι,</span> <span class='ocrx_word' id='word_1_714' title='bbox 725 4961 860 5032; x_wconf 75' lang='grc' dir='ltr'>ὅπερ</span> <span class='ocrx_word' id='word_1_715' title='bbox 888 4959 987 5012; x_wconf 83' lang='grc' dir='ltr'><strong>οὐκ</strong></span> <span class='ocrx_word' id='word_1_716' title='bbox 1010 4953 1097 5029; x_wconf 80' lang='grc' dir='ltr'>ἦν.</span> <span class='ocrx_word' id='word_1_717' title='bbox 1131 4955 1206 5008; x_wconf 79' lang='grc' dir='ltr'><strong>Οὐ</strong></span> <span class='ocrx_word' id='word_1_718' title='bbox 1239 4953 1346 5025; x_wconf 72' lang='grc' dir='ltr'>γὰρ</span> <span class='ocrx_word' id='word_1_719' title='bbox 1376 4951 1440 5006; x_wconf 79' lang='grc' dir='ltr'>ἂν</span> <span class='ocrx_word' id='word_1_720' title='bbox 1467 4950 1650 5021; x_wconf 80' lang='grc' dir='ltr'>τυφλῷ</span> <span class='ocrx_word' id='word_1_721' title='bbox 1678 4948 1919 5002; x_wconf 77' lang='grc' dir='ltr'>ἐντελλό-</span> 
     </span>
    </p>
   </div>
   <div class='ocr_carea' id='block_1_96' title="bbox 412 5130 1393 5205">
    <p class='ocr_par' dir='ltr' id='par_1_96' title="bbox 412 5130 1393 5205">
     <span class='ocr_line' id='line_1_96' title="bbox 412 5130 1393 5205; baseline -0.016 -5"><span class='ocrx_word' id='word_1_722' title='bbox 412 5158 438 5187; x_wconf 83' lang='grc' dir='ltr'>ι</span> <span class='ocrx_word' id='word_1_723' title='bbox 470 5144 608 5200; x_wconf 82' lang='lat' dir='ltr'><strong>Gen.</strong></span> <span class='ocrx_word' id='word_1_724' title='bbox 629 5153 752 5205; x_wconf 76' lang='grc' dir='ltr'>νιη,</span> <span class='ocrx_word' id='word_1_725' title='bbox 779 5137 871 5192; x_wconf 71' lang='grc'><strong>21.</strong></span> <span class='ocrx_word' id='word_1_726' title='bbox 951 5133 1135 5189; x_wconf 68' lang='lat' dir='ltr'><strong>bGen.</strong></span> <span class='ocrx_word' id='word_1_727' title='bbox 1173 5146 1306 5188; x_wconf 73' lang='lat' dir='ltr'><strong>un,</strong></span> <span class='ocrx_word' id='word_1_728' title='bbox 1343 5130 1393 5184; x_wconf 82' lang='grc' dir='ltr'><strong>ί.</strong></span> 
     </span>
    </p>
   </div>
   <div class='ocr_carea' id='block_1_97' title="bbox 2019 4215 3592 4289">
    <p class='ocr_par' dir='ltr' id='par_1_97' title="bbox 2019 4215 3592 4289">
     <span class='ocr_line' id='line_1_97' title="bbox 2019 4215 3592 4289; baseline -0.004 -15"><span class='ocrx_word' id='word_1_729' title='bbox 2019 4228 2276 4274; x_wconf 89' lang='lat' dir='ltr'><strong>neutrum</strong></span> <span class='ocrx_word' id='word_1_730' title='bbox 2307 4227 2490 4289; x_wconf 90' lang='lat' dir='ltr'><strong>potest</strong></span> <span class='ocrx_word' id='word_1_731' title='bbox 2525 4226 2734 4273; x_wconf 90' lang='lat' dir='ltr'><strong>certum</strong></span> <span class='ocrx_word' id='word_1_732' title='bbox 2768 4233 2832 4274; x_wconf 90' lang='lat' dir='ltr'><strong>ac</strong></span> <span class='ocrx_word' id='word_1_733' title='bbox 2859 4218 3076 4272; x_wconf 85' lang='lat' dir='ltr'><strong>firmum</strong></span> <span class='ocrx_word' id='word_1_734' title='bbox 3109 4217 3284 4273; x_wconf 87' lang='lat' dir='ltr'><strong>reddi.</strong></span> <span class='ocrx_word' id='word_1_735' title='bbox 3329 4215 3466 4271; x_wconf 90' lang='lat' dir='ltr'><strong>Tum</strong></span> <span class='ocrx_word' id='word_1_736' title='bbox 3501 4216 3592 4270; x_wconf 67' lang='lat' dir='ltr'><strong>Si.-</strong></span> 
     </span>
    </p>
   </div>
   <div class='ocr_carea' id='block_1_98' title="bbox 2019 4310 3589 4384">
    <p class='ocr_par' dir='ltr' id='par_1_98' title="bbox 2019 4310 3589 4384">
     <span class='ocr_line' id='line_1_98' title="bbox 2019 4310 3589 4384; baseline -0.005 -13"><span class='ocrx_word' id='word_1_737' title='bbox 2019 4314 2334 4381; x_wconf 78' lang='lat' dir='ltr'><strong>moanua</strong></span> <span class='ocrx_word' id='word_1_738' title='bbox 2375 4328 2506 4384; x_wconf 75' lang='lat' dir='ltr'><strong>ergo</strong></span> <span class='ocrx_word' id='word_1_739' title='bbox 2560 4313 2773 4367; x_wconf 89' lang='lat' dir='ltr'><strong>ratione</strong></span> <span class='ocrx_word' id='word_1_740' title='bbox 2820 4327 3010 4367; x_wconf 80' lang='lat' dir='ltr'><strong>verum</strong></span> <span class='ocrx_word' id='word_1_741' title='bbox 3061 4313 3390 4382; x_wconf 81' lang='lat' dir='ltr'><strong>cognoscere</strong></span> <span class='ocrx_word' id='word_1_742' title='bbox 3439 4310 3589 4375; x_wconf 89' lang='lat' dir='ltr'><strong>licet,</strong></span> 
     </span>
    </p>
   </div>
   <div class='ocr_carea' id='block_1_99' title="bbox 2020 4401 3592 4475">
    <p class='ocr_par' dir='ltr' id='par_1_99' title="bbox 2020 4401 3592 4475">
     <span class='ocr_line' id='line_1_99' title="bbox 2020 4401 3592 4475; baseline -0.006 -12"><span class='ocrx_word' id='word_1_743' title='bbox 2020 4424 2144 4463; x_wconf 92' lang='lat' dir='ltr'><strong>cum</strong></span> <span class='ocrx_word' id='word_1_744' title='bbox 2173 4423 2239 4462; x_wconf 87' lang='lat' dir='ltr'><strong>ex</strong></span> <span class='ocrx_word' id='word_1_745' title='bbox 2282 4404 2583 4475; x_wconf 88' lang='lat' dir='ltr'><strong>Scripturis</strong></span> <span class='ocrx_word' id='word_1_746' title='bbox 2614 4404 2736 4457; x_wconf 75' lang='lat' dir='ltr'><strong>alia:</strong></span> <span class='ocrx_word' id='word_1_747' title='bbox 2763 4402 2933 4456; x_wconf 89' lang='lat' dir='ltr'><strong>Deum</strong></span> <span class='ocrx_word' id='word_1_748' title='bbox 2969 4403 3173 4457; x_wconf 91' lang='lat' dir='ltr'><strong>malum</strong></span> <span class='ocrx_word' id='word_1_749' title='bbox 3207 4403 3425 4468; x_wconf 86' lang='lat' dir='ltr'><strong>dicant,</strong></span> <span class='ocrx_word' id='word_1_750' title='bbox 3471 4401 3592 4454; x_wconf 75' lang='lat' dir='ltr'><strong>alia:</strong></span> 
     </span>
    </p>
   </div>
   <div class='ocr_carea' id='block_1_100' title="bbox 2023 4493 3588 4563">
    <p class='ocr_par' dir='ltr' id='par_1_100' title="bbox 2023 4493 3588 4563">
     <span class='ocr_line' id='line_1_100' title="bbox 2023 4493 3588 4563; baseline -0.006 -8"><span class='ocrx_word' id='word_1_751' title='bbox 2023 4499 2275 4555; x_wconf 85' lang='lat' dir='ltr'><strong>bonum?</strong></span> <span class='ocrx_word' id='word_1_752' title='bbox 2331 4497 2396 4551; x_wconf 86' lang='lat' dir='ltr'><strong>Et</strong></span> <span class='ocrx_word' id='word_1_753' title='bbox 2447 4497 2644 4551; x_wconf 86' lang='lat' dir='ltr'><strong>Petrus</strong></span> <span class='ocrx_word' id='word_1_754' title='bbox 2698 4513 2712 4550; x_wconf 89' lang='lat'><strong>:</strong></span> <span class='ocrx_word' id='word_1_755' title='bbox 2764 4493 3116 4563; x_wconf 65' lang='lat' dir='ltr'><strong>Quaecunque</strong></span> <span class='ocrx_word' id='word_1_756' title='bbox 3179 4493 3588 4563; x_wconf 86' lang='lat' dir='ltr'><strong>Scripturarum</strong></span> 
     </span>
    </p>
   </div>
   <div class='ocr_carea' id='block_1_101' title="bbox 2021 4585 3588 4658">
    <p class='ocr_par' dir='ltr' id='par_1_101' title="bbox 2021 4585 3588 4658">
     <span class='ocr_line' id='line_1_101' title="bbox 2021 4585 3588 4658; baseline -0.003 -14"><span class='ocrx_word' id='word_1_757' title='bbox 2021 4594 2184 4648; x_wconf 83' lang='lat' dir='ltr'><strong>verba</strong></span> <span class='ocrx_word' id='word_1_758' title='bbox 2210 4607 2338 4647; x_wconf 91' lang='lat' dir='ltr'><strong>cum</strong></span> <span class='ocrx_word' id='word_1_759' title='bbox 2376 4589 2655 4646; x_wconf 90' lang='lat' dir='ltr'><strong>creatione</strong></span> <span class='ocrx_word' id='word_1_760' title='bbox 2686 4589 2755 4643; x_wconf 91' lang='lat' dir='ltr'><strong>ab</strong></span> <span class='ocrx_word' id='word_1_761' title='bbox 2785 4587 2905 4658; x_wconf 91' lang='lat' dir='ltr'><strong>ipso</strong></span> <span class='ocrx_word' id='word_1_762' title='bbox 2933 4585 3072 4641; x_wconf 86' lang='lat' dir='ltr'><strong>facta</strong></span> <span class='ocrx_word' id='word_1_763' title='bbox 3089 4586 3445 4647; x_wconf 85' lang='lat' dir='ltr'><strong>concordant,</strong></span> <span class='ocrx_word' id='word_1_764' title='bbox 3460 4600 3588 4640; x_wconf 81' lang='lat' dir='ltr'><strong>vera</strong></span> 
     </span>
    </p>
   </div>
   <div class='ocr_carea' id='block_1_102' title="bbox 2023 4676 3590 4754">
    <p class='ocr_par' dir='ltr' id='par_1_102' title="bbox 2023 4676 3590 4754">
     <span class='ocr_line' id='line_1_102' title="bbox 2023 4676 3590 4754; baseline -0.006 -16"><span class='ocrx_word' id='word_1_765' title='bbox 2023 4693 2173 4749; x_wconf 87' lang='lat' dir='ltr'><strong>sunt,</strong></span> <span class='ocrx_word' id='word_1_766' title='bbox 2203 4698 2542 4754; x_wconf 63' lang='lat' dir='ltr'><strong>quaecunque</strong></span> <span class='ocrx_word' id='word_1_767' title='bbox 2565 4695 2698 4736; x_wconf 83' lang='lat' dir='ltr'><strong>vero</strong></span> <span class='ocrx_word' id='word_1_768' title='bbox 2729 4697 2852 4736; x_wconf 90' lang='lat' dir='ltr'><strong>cum</strong></span> <span class='ocrx_word' id='word_1_769' title='bbox 2881 4696 2943 4735; x_wconf 91' lang='lat' dir='ltr'><strong>ea</strong></span> <span class='ocrx_word' id='word_1_770' title='bbox 2976 4687 3240 4750; x_wconf 81' lang='lat' dir='ltr'><strong>pugnant,</strong></span> <span class='ocrx_word' id='word_1_771' title='bbox 3279 4676 3436 4732; x_wconf 87' lang='lat' dir='ltr'><strong>falsa.</strong></span> <span class='ocrx_word' id='word_1_772' title='bbox 3481 4677 3590 4730; x_wconf 88' lang='lat' dir='ltr'><strong>Ex-</strong></span> 
     </span>
    </p>
   </div>
   <div class='ocr_carea' id='block_1_103' title="bbox 2023 4763 3588 4846">
    <p class='ocr_par' dir='ltr' id='par_1_103' title="bbox 2023 4763 3588 4846">
     <span class='ocr_line' id='line_1_103' title="bbox 2023 4763 3588 4846; baseline -0.005 -15"><span class='ocrx_word' id='word_1_773' title='bbox 2023 4777 2166 4846; x_wconf 91' lang='lat' dir='ltr'><strong>cepit</strong></span> <span class='ocrx_word' id='word_1_774' title='bbox 2195 4774 2384 4829; x_wconf 89' lang='lat' dir='ltr'><strong>Simon</strong></span> <span class='ocrx_word' id='word_1_775' title='bbox 2412 4791 2425 4826; x_wconf 88' lang='lat'><strong>:</strong></span> <span class='ocrx_word' id='word_1_776' title='bbox 2453 4771 2556 4840; x_wconf 88' lang='lat' dir='ltr'><strong>Qui</strong></span> <span class='ocrx_word' id='word_1_777' title='bbox 2597 4773 2887 4827; x_wconf 87' lang='lat' dir='ltr'><strong>ostendere</strong></span> <span class='ocrx_word' id='word_1_778' title='bbox 2932 4777 3086 4840; x_wconf 88' lang='lat' dir='ltr'><strong>potes</strong></span> <span class='ocrx_word' id='word_1_779' title='bbox 3136 4763 3241 4823; x_wconf 87' lang='lat' dir='ltr'><strong>sibi</strong></span> <span class='ocrx_word' id='word_1_780' title='bbox 3278 4769 3588 4823; x_wconf 83' lang='lat' dir='ltr'><strong>contrarias</strong></span> 
     </span>
    </p>
   </div>
   <div class='ocr_carea' id='block_1_104' title="bbox 2023 4860 3590 4938">
    <p class='ocr_par' dir='ltr' id='par_1_104' title="bbox 2023 4860 3590 4938">
     <span class='ocr_line' id='line_1_104' title="bbox 2023 4860 3590 4938; baseline -0.005 -12"><span class='ocrx_word' id='word_1_781' title='bbox 2023 4885 2144 4926; x_wconf 91' lang='lat' dir='ltr'><strong>esse</strong></span> <span class='ocrx_word' id='word_1_782' title='bbox 2184 4867 2531 4938; x_wconf 86' lang='lat' dir='ltr'><strong>Scripturas?</strong></span> <span class='ocrx_word' id='word_1_783' title='bbox 2558 4865 2854 4937; x_wconf 82' lang='lat' dir='ltr'><strong>Respondit</strong></span> <span class='ocrx_word' id='word_1_784' title='bbox 2880 4863 3111 4917; x_wconf 74' lang='lat' dir='ltr'><strong>Petrus:</strong></span> <span class='ocrx_word' id='word_1_785' title='bbox 3140 4860 3409 4916; x_wconf 82' lang='lat' dir='ltr'><strong>Adamum</strong></span> <span class='ocrx_word' id='word_1_786' title='bbox 3452 4862 3590 4918; x_wconf 85' lang='lat' dir='ltr'><strong>dicis</strong></span> 
     </span>
    </p>
   </div>
   <div class='ocr_carea' id='block_1_105' title="bbox 2022 4951 3587 5024">
    <p class='ocr_par' dir='ltr' id='par_1_105' title="bbox 2022 4951 3587 5024">
     <span class='ocr_line' id='line_1_105' title="bbox 2022 4951 3587 5024; baseline -0.005 -8"><span class='ocrx_word' id='word_1_787' title='bbox 2022 4975 2224 5016; x_wconf 63' lang='lat' dir='ltr'><strong>cazcum</strong></span> <span class='ocrx_word' id='word_1_788' title='bbox 2282 4960 2572 5013; x_wconf 86' lang='lat' dir='ltr'><strong>formatum</strong></span> <span class='ocrx_word' id='word_1_789' title='bbox 2629 4956 2831 5019; x_wconf 87' lang='lat' dir='ltr'><strong>fuisse;</strong></span> <span class='ocrx_word' id='word_1_790' title='bbox 2889 4953 3034 5024; x_wconf 84' lang='lat' dir='ltr'><strong>quod</strong></span> <span class='ocrx_word' id='word_1_791' title='bbox 3092 4962 3272 5007; x_wconf 90' lang='lat' dir='ltr'><strong>tamen</strong></span> <span class='ocrx_word' id='word_1_792' title='bbox 3319 4951 3411 5008; x_wconf 92' lang='lat' dir='ltr'><strong>ille</strong></span> <span class='ocrx_word' id='word_1_793' title='bbox 3477 4970 3587 5008; x_wconf 92' lang='lat' dir='ltr'><strong>non</strong></span> 
     </span>
    </p>
   </div>
   <div class='ocr_carea' id='block_1_106' title="bbox 1605 5228 2316 5289">
    <p class='ocr_par' dir='ltr' id='par_1_106' title="bbox 1605 5228 2316 5289">
     <span class='ocr_line' id='line_1_106' title="bbox 1605 5228 2316 5289; baseline -0.007 -2"><span class='ocrx_word' id='word_1_794' title='bbox 1605 5234 1844 5289; x_wconf 74' lang='lat' dir='ltr'><strong>VARUE</strong></span> <span class='ocrx_word' id='word_1_795' title='bbox 1913 5228 2316 5289; x_wconf 73' lang='lat' dir='ltr'><strong>LECTlO-NES.</strong></span> 
     </span>
    </p>
   </div>
   <div class='ocr_carea' id='block_1_107' title="bbox 411 5351 1916 5465">
    <p class='ocr_par' dir='ltr' id='par_1_107' title="bbox 411 5371 1916 5465">
     <span class='ocr_line' id='line_1_107' title="bbox 411 5371 1916 5465; baseline -0.001 1"><span class='ocrx_word' id='word_1_796' title='bbox 411 5395 434 5423; x_wconf 87' lang='grc'><strong>·</strong></span> <span class='ocrx_word' id='word_1_797' title='bbox 461 5371 1764 5465; x_wconf 40' lang='grc' dir='ltr'><strong>μετᾳμιλομένοὲτ,ανοδβνῗδθίβξΡέσξέψῖῗιίζ·</strong></span> <span class='ocrx_word' id='word_1_798' title='bbox 1799 5390 1916 5465; x_wconf 48' lang='lat' dir='ltr'><strong>&quot;se:</strong></span> 
     </span>
    </p>
   </div>
   <div class='ocr_carea' id='block_1_108' title="bbox 2024 5351 3581 5465">
    <p class='ocr_par' dir='ltr' id='par_1_108' title="bbox 2024 5351 3581 5465">
     <span class='ocr_line' id='line_1_108' title="bbox 2024 5351 3581 5442; baseline -0.011 -19"><span class='ocrx_word' id='word_1_799' title='bbox 2024 5370 2231 5442; x_wconf 65' lang='lat' dir='ltr'><strong>lqpévq)</strong></span> <span class='ocrx_word' id='word_1_800' title='bbox 2264 5368 2306 5421; x_wconf 69' lang='grc' dir='ltr'><strong>(ἶ</strong></span> <span class='ocrx_word' id='word_1_801' title='bbox 2335 5404 2350 5428; x_wconf 95' lang='grc'><strong>,</strong></span> <span class='ocrx_word' id='word_1_802' title='bbox 2373 5359 2846 5435; x_wconf 84' lang='grc' dir='ltr'>μεταμελουμένου</span> <span class='ocrx_word' id='word_1_803' title='bbox 2887 5357 3048 5428; x_wconf 79' lang='lat' dir='ltr'><strong>Epit.,</strong></span> <span class='ocrx_word' id='word_1_804' title='bbox 3075 5353 3496 5428; x_wconf 78' lang='grc' dir='ltr'>μεταμελομένῳ</span> 
     </span>
     <span class='ocr_line' id='line_1_109' title="bbox 2024 5427 3581 5465; baseline 0 0"><span class='ocrx_word' id='word_1_805' title='bbox 2024 5442 2027 5465; x_wconf 63' lang='grc' dir='ltr'><em>ξ</em></span> <span class='ocrx_word' id='word_1_806' title='bbox 2093 5438 2287 5465; x_wconf 62' lang='grc' dir='ltr'>η....-ι’</span> <span class='ocrx_word' id='word_1_807' title='bbox 2327 5437 2370 5465; x_wconf 87' lang='lat' dir='ltr'><strong>n</strong></span> <span class='ocrx_word' id='word_1_808' title='bbox 2407 5434 2532 5465; x_wconf 76' lang='lat' dir='ltr'><strong>Dnul</strong></span> <span class='ocrx_word' id='word_1_809' title='bbox 2560 5431 2786 5465; x_wconf 69' lang='grc' dir='ltr'><strong>νηηρηοτιυ</strong></span> <span class='ocrx_word' id='word_1_810' title='bbox 2810 5428 2926 5465; x_wconf 71' lang='lat' dir='ltr'><strong>Fnh</strong></span> <span class='ocrx_word' id='word_1_811' title='bbox 2974 5445 3003 5465; x_wconf 74' lang='grc' dir='ltr'>ιι</span> <span class='ocrx_word' id='word_1_812' title='bbox 3047 5429 3115 5465; x_wconf 59' lang='grc' dir='ltr'><strong>ΧΩ</strong></span> <span class='ocrx_word' id='word_1_813' title='bbox 3139 5427 3378 5465; x_wconf 75' lang='lat' dir='ltr'><strong>mlinnnit</strong></span> <span class='ocrx_word' id='word_1_814' title='bbox 3399 5441 3581 5465; x_wconf 62' lang='grc' dir='ltr'>νηνωρ·</span> 
     </span>
    </p>
   </div>
   <div class='ocr_carea' id='block_1_109' title="bbox 337 5443 1767 5518">
    <p class='ocr_par' dir='ltr' id='par_1_109' title="bbox 337 5443 1767 5518">
     <span class='ocr_line' id='line_1_110' title="bbox 337 5443 1767 5518; baseline -0.016 1"><span class='ocrx_word' id='word_1_815' title='bbox 337 5443 537 5518; x_wconf 61' lang='grc' dir='ltr'><strong>ηυξ.</strong></span> <span class='ocrx_word' id='word_1_816' title='bbox 574 5443 1217 5514; x_wconf 68' lang='grc' dir='ltr'>ἰᾶεπιέειοιιόὺοηίεὴί</span> <span class='ocrx_word' id='word_1_817' title='bbox 1258 5445 1484 5518; x_wconf 46' lang='grc' dir='ltr'>κνίσσει,</span> <span class='ocrx_word' id='word_1_818' title='bbox 1511 5443 1551 5498; x_wconf 89' lang='lat' dir='ltr'>C</span> <span class='ocrx_word' id='word_1_819' title='bbox 1591 5443 1767 5518; x_wconf 70' lang='grc' dir='ltr'>κνίσῃ.</span> 
     </span>
    </p>
   </div>
   <div class='ocr_carea' id='block_1_110' title="bbox 340 5523 1027 5616">
    <p class='ocr_par' dir='ltr' id='par_1_110' title="bbox 340 5523 1027 5616">
     <span class='ocr_line' id='line_1_111' title="bbox 340 5523 1027 5616; baseline 0 0"><span class='ocrx_word' id='word_1_820' title='bbox 340 5536 474 5616; x_wconf 56' lang='grc' dir='ltr'><strong>δέκα</strong></span> <span class='ocrx_word' id='word_1_821' title='bbox 482 5531 741 5616; x_wconf 47' lang='lat' dir='ltr'><strong>eadem:</strong></span> <span class='ocrx_word' id='word_1_822' title='bbox 803 5525 850 5616; x_wconf 72' lang='grc' dir='ltr'>ιῖ</span> <span class='ocrx_word' id='word_1_823' title='bbox 892 5523 1027 5616; x_wconf 66' lang='grc' dir='ltr'>ἶτρίὲἓ</span> 
     </span>
    </p>
   </div>
   <div class='ocr_carea' id='block_1_111' title="bbox 1843 5425 3586 5511">
    <p class='ocr_par' dir='ltr' id='par_1_111' title="bbox 1843 5425 3586 5511">
     <span class='ocr_line' id='line_1_112' title="bbox 1843 5425 3586 5511; baseline -0.012 -16"><span class='ocrx_word' id='word_1_824' title='bbox 1843 5445 1866 5474; x_wconf 73' lang='grc'>⁸</span> <span class='ocrx_word' id='word_1_825' title='bbox 1890 5425 1964 5496; x_wconf 75' lang='grc' dir='ltr'><strong>1ῑὲ</strong></span> <span class='ocrx_word' id='word_1_826' title='bbox 1994 5440 2033 5495; x_wconf 84' lang='lat' dir='ltr'><strong>S</strong></span> <span class='ocrx_word' id='word_1_827' title='bbox 2061 5425 2388 5511; x_wconf 38' lang='lat' dir='ltr'><strong>Emicat):</strong></span> <span class='ocrx_word' id='word_1_828' title='bbox 2407 5425 2538 5511; x_wconf 70' lang='lat' dir='ltr'><strong>Posl</strong></span> <span class='ocrx_word' id='word_1_829' title='bbox 2558 5425 2786 5511; x_wconf 60' lang='grc' dir='ltr'>γραῲῶν</span> <span class='ocrx_word' id='word_1_830' title='bbox 2802 5425 2947 5511; x_wconf 61' lang='lat' dir='ltr'><strong>Epit.</strong></span> <span class='ocrx_word' id='word_1_831' title='bbox 2974 5445 3022 5482; x_wconf 92' lang='lat' dir='ltr'><strong>c.</strong></span> <span class='ocrx_word' id='word_1_832' title='bbox 3047 5425 3116 5482; x_wconf 78' lang='lat'><strong>&#39;58</strong></span> <span class='ocrx_word' id='word_1_833' title='bbox 3138 5425 3382 5511; x_wconf 68' lang='lat' dir='ltr'><strong>adjungit</strong></span> <span class='ocrx_word' id='word_1_834' title='bbox 3399 5425 3586 5511; x_wconf 61' lang='grc' dir='ltr'>κακῶς</span> 
     </span>
    </p>
   </div>
   <div class='ocr_carea' id='block_1_112' title="bbox 1113 5494 1916 5574">
    <p class='ocr_par' dir='ltr' id='par_1_112' title="bbox 1113 5494 1915 5574">
     <span class='ocr_line' id='line_1_113' title="bbox 1113 5494 1915 5574; baseline -0.011 -1"><span class='ocrx_word' id='word_1_835' title='bbox 1113 5494 1488 5574; x_wconf 47' lang='lat' dir='ltr'><strong>attingas</strong></span> <span class='ocrx_word' id='word_1_836' title='bbox 1520 5494 1698 5570; x_wconf 55' lang='lat' dir='ltr'><strong>wchI.</strong></span> <span class='ocrx_word' id='word_1_837' title='bbox 1783 5513 1826 5544; x_wconf 77' lang='grc' dir='ltr'>η</span> <span class='ocrx_word' id='word_1_838' title='bbox 1843 5513 1915 5565; x_wconf 74' lang='lat' dir='ltr'><strong>SI!</strong></span> 
     </span>
    </p>
   </div>
   <div class='ocr_carea' id='block_1_113' title="bbox 2024 5494 3586 5574">
    <p class='ocr_par' dir='ltr' id='par_1_113' title="bbox 2024 5494 3586 5574">
     <span class='ocr_line' id='line_1_114' title="bbox 2024 5494 3586 5574; baseline -0.01 -13"><span class='ocrx_word' id='word_1_839' title='bbox 2024 5494 2321 5565; x_wconf 46' lang='lat' dir='ltr'><strong>itatt&#39;tm&#39;est</strong></span> <span class='ocrx_word' id='word_1_840' title='bbox 2345 5503 2535 5574; x_wconf 60' lang='grc' dir='ltr'>ἑαυτόν</span> <span class='ocrx_word' id='word_1_841' title='bbox 2558 5494 2610 5556; x_wconf 70' lang='lat' dir='ltr'><strong>ili</strong></span> <span class='ocrx_word' id='word_1_842' title='bbox 2755 5494 2952 5574; x_wconf 76' lang='lat' dir='ltr'><strong>ad_cuj.</strong></span> <span class='ocrx_word' id='word_1_843' title='bbox 2988 5514 3140 5574; x_wconf 70' lang='lat' dir='ltr'><strong>oram</strong></span> <span class='ocrx_word' id='word_1_844' title='bbox 3167 5498 3236 5550; x_wconf 90' lang='lat' dir='ltr'><strong>al.</strong></span> <span class='ocrx_word' id='word_1_845' title='bbox 3269 5511 3416 5574; x_wconf 76' lang='lat' dir='ltr'><strong>man.</strong></span> <span class='ocrx_word' id='word_1_846' title='bbox 3453 5494 3586 5574; x_wconf 77' lang='grc' dir='ltr'>ἴσως</span> 
     </span>
    </p>
   </div>
   <div class='ocr_carea' id='block_1_114' title="bbox 338 5566 1916 5666">
    <p class='ocr_par' dir='ltr' id='par_1_114' title="bbox 338 5566 1916 5666">
     <span class='ocr_line' id='line_1_115' title="bbox 338 5566 1916 5666; baseline -0.013 -9"><span class='ocrx_word' id='word_1_847' title='bbox 338 5566 750 5666; x_wconf 46' lang='grc' dir='ltr'><strong>ζάιῦἒμνᾝωίίε</strong></span> <span class='ocrx_word' id='word_1_848' title='bbox 1615 5600 1756 5666; x_wconf 56' lang='grc' dir='ltr'>ματιῄ</span> <span class='ocrx_word' id='word_1_849' title='bbox 1778 5581 1916 5666; x_wconf 60' lang='lat' dir='ltr'><strong>Epit.</strong></span> 
     </span>
    </p>
   </div>
   <div class='ocr_carea' id='block_1_115' title="bbox 2024 5566 3586 5666">
    <p class='ocr_par' dir='ltr' id='par_1_115' title="bbox 2024 5566 3586 5666">
     <span class='ocr_line' id='line_1_116' title="bbox 2024 5566 3586 5666; baseline -0.01 -32"><span class='ocrx_word' id='word_1_850' title='bbox 2024 5596 2090 5635; x_wconf 75' lang='lat' dir='ltr'><strong>im</strong></span> <span class='ocrx_word' id='word_1_851' title='bbox 2121 5577 2388 5666; x_wconf 47' lang='grc' dir='ltr'>πρρετέολη</span> <span class='ocrx_word' id='word_1_852' title='bbox 2428 5571 2571 5666; x_wconf 39' lang='lat' dir='ltr'><strong>epit.</strong></span> <span class='ocrx_word' id='word_1_853' title='bbox 2593 5571 2688 5666; x_wconf 38' lang='lat' dir='ltr'><strong>ﬂ&quot;.</strong></span> <span class='ocrx_word' id='word_1_854' title='bbox 2712 5567 2977 5666; x_wconf 34' lang='lat' dir='ltr'><strong>pq‘gieﬁ</strong></span> <span class='ocrx_word' id='word_1_855' title='bbox 3017 5568 3315 5666; x_wconf 42' lang='grc' dir='ltr'><strong>Εξξιοίιεεὲ</strong></span> <span class='ocrx_word' id='word_1_856' title='bbox 3331 5566 3586 5666; x_wconf 52' lang='grc' dir='ltr'>ᾱεεειρὶΙιι</span> 
     </span>
    </p>
   </div>
   <div class='ocr_carea' id='block_1_116' title="bbox 338 5632 1916 5740">
    <p class='ocr_par' dir='ltr' id='par_1_116' title="bbox 338 5632 1916 5740">
     <span class='ocr_line' id='line_1_117' title="bbox 338 5632 1916 5740; baseline -0.01 -18"><span class='ocrx_word' id='word_1_857' title='bbox 338 5632 499 5740; x_wconf 40' lang='lat' dir='ltr'><strong>curii.</strong></span> <span class='ocrx_word' id='word_1_858' title='bbox 591 5632 1402 5740; x_wconf 49' lang='lat' dir='ltr'><strong>&quot;6.1221135;ipi&#39;ii&#39;:&quot;3‘:ﬁ§s&#39;</strong></span> <span class='ocrx_word' id='word_1_859' title='bbox 1430 5632 1916 5724; x_wconf 57' lang='grc' dir='ltr'><strong>ξιξὲᾇὶίῗῑέόιῗὲῥέ</strong></span> 
     </span>
    </p>
   </div>
   <div class='ocr_carea' id='block_1_117' title="bbox 2024 5632 3574 5740">
    <p class='ocr_par' dir='ltr' id='par_1_117' title="bbox 2024 5632 3574 5714">
     <span class='ocr_line' id='line_1_118' title="bbox 2024 5632 3574 5714; baseline -0.013 -8"><span class='ocrx_word' id='word_1_860' title='bbox 2024 5632 2092 5708; x_wconf 60' lang='lat' dir='ltr'><strong>Ie}</strong></span> <span class='ocrx_word' id='word_1_861' title='bbox 2131 5632 2310 5704; x_wconf 67' lang='grc' dir='ltr'>θέλειν</span> <span class='ocrx_word' id='word_1_862' title='bbox 2343 5632 2403 5712; x_wconf 64' lang='grc' dir='ltr'>(ί,</span> <span class='ocrx_word' id='word_1_863' title='bbox 2453 5632 2510 5696; x_wconf 77' lang='grc' dir='ltr'>ῡ.</span> <span class='ocrx_word' id='word_1_864' title='bbox 2581 5632 2895 5714; x_wconf 20' lang='grc' dir='ltr'>ληγραῲαῖς</span> <span class='ocrx_word' id='word_1_865' title='bbox 2933 5638 2996 5693; x_wconf 84' lang='grc' dir='ltr'>Ο.</span> <span class='ocrx_word' id='word_1_866' title='bbox 3066 5632 3117 5668; x_wconf 78' lang='grc'><strong>’¹⁶</strong></span> <span class='ocrx_word' id='word_1_867' title='bbox 3138 5638 3234 5690; x_wconf 87' lang='grc' dir='ltr'><strong>τοῦ</strong></span> <span class='ocrx_word' id='word_1_868' title='bbox 3278 5635 3317 5690; x_wconf 91' lang='lat' dir='ltr'><strong>S</strong></span> <span class='ocrx_word' id='word_1_869' title='bbox 3391 5652 3440 5691; x_wconf 76' lang='grc' dir='ltr'><strong>ε.</strong></span> <span class='ocrx_word' id='word_1_870' title='bbox 3492 5632 3574 5696; x_wconf 85' lang='lat' dir='ltr'><strong>Cl,</strong></span> 
     </span>
    </p>
   </div>
   <div class='ocr_carea' id='block_1_118' title="bbox 344 5729 1266 5800">
    <p class='ocr_par' dir='ltr' id='par_1_118' title="bbox 344 5729 1266 5800">
     <span class='ocr_line' id='line_1_119' title="bbox 344 5729 1266 5800; baseline -0.021 -1"><span class='ocrx_word' id='word_1_871' title='bbox 344 5729 505 5798; x_wconf 63' lang='lat' dir='ltr'><strong>lna&#39;e.</strong></span> <span class='ocrx_word' id='word_1_872' title='bbox 623 5742 662 5772; x_wconf 85' lang='lat'><strong>&quot;</strong></span> <span class='ocrx_word' id='word_1_873' title='bbox 684 5733 957 5800; x_wconf 85' lang='grc' dir='ltr'>λεγουσῶν</span> <span class='ocrx_word' id='word_1_874' title='bbox 989 5729 1170 5793; x_wconf 81' lang='grc' dir='ltr'>κακῶς</span> <span class='ocrx_word' id='word_1_875' title='bbox 1204 5733 1266 5782; x_wconf 90' lang='lat'><strong>0.</strong></span> 
     </span>
    </p>
   </div>
   <div class='ocr_carea' id='block_1_119' title="bbox 708 5823 1286 5891">
    <p class='ocr_par' dir='ltr' id='par_1_119' title="bbox 708 5823 1286 5891">
     <span class='ocr_line' id='line_1_120' title="bbox 708 5823 1286 5891; baseline -0.009 0"><span class='ocrx_word' id='word_1_876' title='bbox 708 5830 984 5891; x_wconf 67' lang='lat' dir='ltr'><strong>Pnnoc.</strong></span> <span class='ocrx_word' id='word_1_877' title='bbox 1035 5824 1152 5886; x_wconf 80' lang='lat' dir='ltr'><strong>Gn.</strong></span> <span class='ocrx_word' id='word_1_878' title='bbox 1210 5823 1286 5886; x_wconf 88' lang='grc' dir='ltr'><strong>Π.</strong></span> 
     </span>
    </p>
   </div>
   <div class='ocr_carea' id='block_1_120' title="bbox 3327 5799 3365 5855">
    <p class='ocr_par' dir='ltr' id='par_1_120' title="bbox 3327 5799 3365 5855">
     <span class='ocr_line' id='line_1_121' title="bbox 3327 5799 3365 5855; baseline 0 -5"><span class='ocrx_word' id='word_1_879' title='bbox 3327 5799 3365 5855; x_wconf 67' lang='grc' dir='ltr'>ξι</span> 
     </span>
    </p>
   </div>
  </div>
