3986 6164
427 334 530 390 “3
1244 330 1302 386 S.
1343 326 1726 384 CLEMENTIS
1762 327 1976 382 IROM.

2093 325 2216 382 lNT.
2252 327 2483 384 OPERA
2513 329 2738 387 DUBIA.
3566 338 3667 393 NI

427 447 625 518 templo
666 446 844 516 posita
893 445 978 500 lex
1019 445 1309 516 reperitur,
1338 453 1538 516 etpost
1567 445 1705 506 alios
1741 446 1990 502 similiter

2093 459 2183 506 νος
2211 443 2551 516 εὑρίσκεται,
2585 447 2679 499 καὶ
2719 445 2835 516 μεθ’
2878 445 3033 516 105
3065 446 3230 518 ἕτερά
3264 463 3367 501 που
3403 450 3667 503 πεντακό-

423 539 748 610 quingentos
793 553 968 592 annos
1007 536 1523 606 remansit-sicque
1572 539 1675 592 sub
1701 535 1992 591 Nabucho—

2093 552 2181 587 σια
2212 534 2307 605 ἔτη
2341 535 2584 607 φέρεται,
2621 537 2714 590 καὶ
2745 537 2838 590 ἐπὶ
2868 537 2960 589 τοῦ
2993 537 3463 610 Ναϐουχοδονόσορ
3493 535 3667 603 οὕτως

422 634 697 689 donosore
739 629 903 700 periit
946 615 1214 710 incendio.
1267 627 1333 682 Et
1375 638 1554 683 tamen
1605 637 1727 698 post
1767 628 1989 699 Moysen

2092 619 2427 696 ἐμπρησθεὶς
2459 627 2506 658 ⁸³
2531 625 2851 680 ἀπόλλυται.
2901 627 3010 680 Καὶ
3049 628 3198 698 ὅμως
3247 629 3384 698 μετά
3424 630 3666 700 Μωῦσῆν

415 726 640 800 scripta,
665 733 720 780 et
763 739 905 794 saepe
943 723 1220 793 deperdita
1267 723 1432 778 etiam
1469 721 1672 794 Moysis
1700 724 1989 794 praescien-

2091 716 2319 786 γραφεὶς
2346 717 2440 770 καὶ
2465 715 2726 780 πολλάκις
2758 716 3053 782 ἀπολωλὼς
3080 719 3180 790 τὴν
3203 718 3296 771 τοῦ
3328 721 3665 784 Μωῦσέως⁶⁸

423 818 551 872 tiam
584 815 830 888 professa
862 823 966 879 est,
995 815 1125 886 quia
1177 815 1268 869 ille
1299 814 1422 884 ejus
1462 814 1816 870 abolitionem
1844 830 1987 886 pra:-

2090 806 2395 878 πρόγνωσιν
2425 809 2520 862 καὶ
2550 803 2704 872 οὗτος
2724 809 3093 881 ὡμολόγησεν,
3121 811 3202 863 ὅτι
3235 811 3328 866 τὸν
3358 812 3664 883 ἀφανισμὸν

418 915 609 970 videns
639 929 746 969 non
774 928 894 968 com
907 913 1092 983 posuit
1119 928 1239 968 eam
1272 931 1286 968 :
1315 913 1409 983 qui
1442 923 1623 968 autem
1663 929 1988 984 composue-

2090 899 2253 953 αὐτοῦ
2292 899 2558 972 προειδὼς
2589 901 2690 954 οὐκ
2731 901 2990 972 ἔγραψεν
3039 903 3088 954 οἱ
3139 903 3197 956 δὲ
3241 904 3551 976 γράψαντες
3587 905 3664 976 τῷ

416 1014 547 1062 runt
571 1005 716 1076 quod
744 1005 1091 1060 abolitionem
1120 1019 1228 1059 non
1255 1005 1632 1074 praeviderent,
1656 1002 1709 1056 in
1726 1001 1986 1074 ignoran-

2089 991 2177 1044 τὸν
2242 991 2547 1064 ἀφανισμὸν
2615 992 2689 1064 μὴ
2756 993 3162 1065 προεγνωκέναι
3234 995 3321 1049 ἐπ’
3389 997 3663 1066 ἀγνωσίας

425 1098 500 1154 tia
569 1105 696 1153 sunt
724 1095 1083 1167 deprehensi,
1115 1095 1344 1165 ideoque
1369 1094 1644 1164 prophetae
1667 1109 1776 1148 non
1805 1101 1982 1148 erant.

1508 1094 1644 1150 betae
1667 1109 1776 1148 non
1805 1101 1982 1148 erant.
2085 1081 2453 1152 ἐλεγχθέντες,
2488 1086 2766 1157 προφῆται
2793 1085 2895 1139 οὐκ
2919 1080 3082 1157 ἦσαν.

484 1207 718 1264 XLVIII.
759 1207 898 1263 Tum
947 1207 1184 1263 Simon:
1234 1205 1707 1277 Quandoquidem,
1743 1221 1865 1275 quae
1915 1206 1985 1262 ad

2151 1192 2385 1250 XLVIII.
2426 1196 2536 1250 Καὶ
2565 1197 2594 1249 6
2629 1197 2832 1268 Σίμων’
2881 1198 3098 1270 Ἐπειδὴ
3132 1197 3200 1252 τά
3238 1198 3366 1271 περὶ
3397 1197 3554 1264 Θεοῦ,
3585 1199 3662 1264 ὡς

414 1303 584 1358 Deum
608 1302 899 1373 pertinent,
923 1310 983 1356 ut
1005 1301 1212 1369 dixisti,
1235 1299 1580 1372 intelligenda
1603 1307 1820 1355 suntex
1842 1313 1987 1354 com-

2087 1285 2238 1359 ἔφης,
2273 1289 2338 1341 ὲκ
2381 1289 2481 1361 τῆς
2513 1289 2650 1359 πρὸς
2680 1290 2779 1361 τὴν
2819 1290 2997 1345 κτίσιν
3017 1336 3019 1338 .
3042 1290 3358 1362 παραϐολῆς
3389 1289 3504 1344 ἐστι
3535 1291 3661 1361 νοῆ-

413 1397 699 1467 paratione
737 1394 804 1448 ad
836 1393 1186 1461 creationem,
1217 1410 1328 1465 quo
1371 1393 1536 1448 modo
1573 1392 1784 1462 reliqua
1824 1389 1979 1460 legis,

2087 1397 2202 1446 σαι,
2249 1381 2369 1445 πῶς
2410 1381 2479 1436 τά
2522 1381 2685 1436 λοιπά
2728 1382 2788 1436 ἐν
2834 1381 2912 1454 τῷ
2961 1383 3140 1455 νόμῳ,
3193 1383 3257 1435 ἐκ
3309 1382 3661 1454 παραδόσεως

411 1503 534 1559 qua:
556 1502 622 1542 ex
669 1485 871 1557 Moysis
903 1485 1195 1544 traditione
1240 1493 1296 1540 et
1338 1500 1466 1540 vera
1505 1493 1654 1550 sunt,
1685 1484 1778 1538 sed
1827 1482 1980 1538 falsis

2087 1471 2358 1538 Μωῦσέως
2390 1473 2436 1506 ⁸⁸
2491 1473 2621 1529 ὄντα
2666 1475 2760 1529 καὶ
2809 1475 2981 1548 ἀληθῆ
3025 1475 3358 1546 τυγχάνοντα
3407 1475 3500 1528 καὶ
3546 1478 3661 1539 τοῖς

409 1583 694 1655 permista,
719 1580 968 1653 dignos'ci
1000 1581 1263 1650 possunt?
1285 1579 1366 1634 Ad
1393 1579 1510 1635 haec
1539 1579 1734 1634 Petrus
1758 1595 1773 1632 :
1795 1576 1982 1644 Quod-

2085 1562 2298 1633 ψευδέσι
2339 1565 2649 1637 μεμιγμένα
2695 1567 2992 1637 ἐπιγνῶναι
3029 1568 3146 1620 ἐστι
3190 1566 3441 1632 δυνατόν;
3491 1566 3600 1620 Καὶ
3629 1566 3659 1619 6

409 1654 558 1740 dam,
591 1671 790 1743 inquit,
831 1671 1129 1742 capitulum
1181 1671 1235 1726 in
1276 1671 1476 1741 scripta
1519 1671 1633 1740 lege
1675 1668 1977 1727 secundum

2085 1654 2285 1727 Πέτρος
2316 1655 2420 1726 ἐφη
2443 1673 2457 1686 ·
2494 1657 2774 1730 Περικοπή
2791 1676 2876 1722 τις
2907 1659 2966 1712 ἐν
2989 1656 3069 1729 τῷ
3090 1657 3354 1729 γραφέντι
3378 1656 3527 1727 νόμῳ
3562 1674 3659 1728 με-

409 1765 502 1820 Dei
546 1764 942 1835 providentiam
994 1762 1289 1819 salubriter
1333 1769 1820 1817 commemoratum
1870 1768 1974 1826 est,

2083 1746 2146 1800 τὰ
2175 1748 2274 1820 τὴν
2295 1747 2342 1779 ⁵⁸
2373 1748 2468 1803 τοῦ
2498 1749 2633 1804 Θεοῦ
2680 1751 2935 1822 πρόνοιαν
2983 1750 3297 1813 ἀπταίστως
3345 1751 3657 1822 ἐπεμνημο-

408 1867 470 1912 ιιι
514 1857 660 1912 clare
703 1863 1008 1926 appareret,
1038 1869 1292 1924 quaenam
1343 1868 1374 1907 e
1403 1851 1620 1922 scriptis
1670 1867 1796 1908 vera
1846 1851 1974 1918 sint,

2084 1839 2259 1912 νεύθη,
2291 1838 2420 1893 ὥστ’
2449 1840 2515 1894 ἂν
2551 1843 2736 1912 σαφῶς
2766 1843 2935 1909 δεῖξαι
2964 1843 3072 1897 τῶν
3102 1843 3498 1915 γεγραμμένων
3528 1845 3658 1901 ποῖά

406 1964 656 2021 quaenam
688 1947 844 2003 falsa.
867 1945 934 2002 Et
955 1945 1142 2018 Simon
1171 1965 1184 2000 :
1214 1944 1499 2012 Quodnam
1537 1943 1668 1998 illud
1697 1943 1788 2009 sit,
1819 1942 1977 1998 nobis

2080 1930 2223 1984 ἐστιν
2254 1930 2448 2004 ἀληθῆ,
2482 1936 2612 1986 ποῖα
2645 1934 2702 1987 δὲ
2722 1933 2910 2006 ψευδῆ.
2945 1936 3054 1989 Καὶ
3084 1935 3112 1987 ό
3133 1935 3348 2006 Σίμων’
3380 1935 3477 2000 Τίς
3507 1937 3654 1992 ἐστιν

406 2042 609 2097 indica.

2075 2021 2234 2094 αὕτη,
2271 2024 2507 2096 μήνυσον
2542 2026 2695 2097 ἡμῖν.

475 2152 662 2207 XLIX.
703 2151 1003 2222 Respondit
1039 2150 1231 2207 Petrus
1270 2168 1285 2204 :
1325 2147 1445 2204 Jam
1499 2149 1642 2206 dico.
1699 2146 1974 2218 Scriptum

2147 2135 2334 2193 XLIX.
2373 2139 2483 2191 Καὶ
2524 2140 2554 2191 6
2600 2138 2803 2210 Πέτρος
2842 2136 2946 2210 ἔφη
2968 2156 2982 2170 ο
3025 2141 3237 2195 Αὐτίκα
3271 2140 3409 2219 ἐρῶ.
3443 2141 3652 2213 Γέγρα-

403 2253 485 2298 est
511 2243 565 2298 in
597 2244 774 2314 primo
803 2243 940 2312 legis
965 2241 1261 2307 volumine,
1293 2239 1437 2293 circa
1487 2237 1648 2293 finem
1678 2254 1694 2291 :
1729 2237 1850 2292 Non
1879 2237 1973 2291 de-

2077 2244 2206 2282 πται
2235 2229 2293 2281 ἐν
2323 2229 2402 2300 τῷ
2434 2229 2634 2302 πρώτῳ
2665 2231 2759 2285 τοῦ
2793 2232 2956 2303 νόμου
2992 2232 3178 2305 βιϐλίῳ
3203 2233 3338 2306 πρὸς
3355 2234 3397 2266 ⁸⁷
3424 2238 3536 2298 τοῖς
3561 2251 3651 2287 τε-

401 2335 540 2406 ﬁciet
557 2337 796 2404 princeps
826 2333 890 2387 de
918 2330 1085 2398 Iuda,
1104 2347 1264 2401 neque
1289 2330 1399 2384 dua:
1425 2329 1489 2384 de
1519 2329 1802 2399 femoribus
1823 2329 1972 2398 ejus;

2079 2318 2357 2384 λευταίοις·
2382 2323 2500 2375 Οὐκ
2515 2323 2780 2391 ἐκλείψει
2791 2323 2989 2394 ἅρχων
3005 2325 3074 2390 ἐξ
3099 2327 3311 2392 Ἰούδα,
3333 2327 3473 2381 οὐδὲ
3483 2329 3653 2397 ᾐτού-

399 2423 562 2477 donec
587 2422 760 2477 ueuiat
775 2421 925 2490 cujus
947 2429 1066 2473 est:
1084 2429 1133 2474 et
1149 2420 1258 2489 ipse
1303 2421 1622 2489 exspectatio
1674 2421 1905 2488 gentium
1923 2432 1972 2474 ιι.

2067 2429 2252 2482 μενος
2277 2413 2346 2467 ἐκ
2374 2412 2492 2467 τῶν
2495 2415 2702 2484 μηρῶν
2721 2417 3047 2484 αὑτοῦ,ἓως
3066 2417 3142 2472 ἂν
3169 2421 3315 2488 ἔλθῃ
3348 2419 3418 2473 οὗ
3451 2420 3640 2474 ἐστιν’

401 2513 458 2567 Si
497 2514 622 2583 quis
649 2528 779 2583 ergo
809 2528 957 2578 eum,
984 2510 1076 2581 qui
1098 2509 1247 2563 venit
1272 2519 1398 2578 post
1418 2508 1687 2564 defectum
1711 2509 1974 2578 principis

2075 2503 2171 2558 καὶ
2203 2505 2384 2571 αὐτὸς
2404 2506 2734 2574 προσδοκία
2757 2508 2966 2563 ἐθνῶν.
3000 2510 3124 2564 Ἐάν
3150 2529 3234 2575 τις
3254 2508 3347 2565 οὖν
3367 2513 3478 2576 τὸν,
3512 2517 3649 2584 μετά

398 2621 464 2661 ac
491 2605 648 2661 ducis
677 2605 745 2660 de
783 2602 944 2670 Iuda,
975 2603 1177 2673 quique
1208 2617 1236 2655 a
1285 2601 1535 2670 gentibus
1577 2604 1972 2670 exspectandus

2071 2594 2161 2647 τὸν
2201 2595 2249 2630 ’⁵⁵³
2297 2596 2356 2660 ἐξ
2398 2597 2570 2652 ’ἰούδα
2622 2598 2862 2668 ὲκλεῖψαι
2905 2601 3138 2672 ἄρχοντα
3185 2604 3277 2656 καὶ
3326 2603 3645 2674 ἡγούμενον,

402 2704 539 2760 erat,
563 2701 741 2763 potest
767 2705 1115 2763 cOgnoscere,
1145 2691 1232 2744 ille
1261 2691 1660 2759 percapitulum
1687 2700 1739 2746 et
1766 2707 1861 2762 per
1883 2709 1968 2758 ea,

2074 2685 2364 2756 ἐληλυθότα
2430 2689 2524 2741 καὶ
2567 2690 2670 2742 ὑπὸ
2732 2690 2899 2743 ἐθνῶν
2947 2692 3342 2762 προσδοκᾶσθαι
3388 2695 3648 2764 μέλλοντα

401 2801 523 2856 quae
548 2790 864 2849 evenerunt,
897 2785 1158 2852 agnoscet
1188 2796 1376 2836 verum
1414 2795 1537 2837 esse
1571 2782 1722 2837 illum
1755 2784 1847 2854 qui
1879 2800 1963 2839 ve-

2076 2778 2258 2849 νοῆσαι
2289 2779 2508 2850 δυνηθῇ,
2539 2777 2694 2844 οὗτος
2735 2783 2834 2853 τὴν
2867 2786 3172 2856 περικοπὴν
3193 2787 3239 2816 ⁴⁹
3274 2787 3338 2838 ὲκ
3369 2786 3476 2838 τῶν
3509 2787 3650 2841 ἀπο-

401 2878 502 2943 ιιίι,
533 2875 694 2945 cujus
715 2874 980 2930 doctrina:
1023 2873 1376 2943 acquiescens
1419 2873 1574 2942 sciet,
1619 2891 1867 2944 quamam
1914 2878 1966 2932 in

2069 2869 2422 2924 τελεσθέντων
2475 2871 2650 2942 ἀληθῆ
2673 2873 2763 2926 τὸν
2789 2874 3082 2945 ἐληλυθότα
3117 2878 3274 2948 106
3311 2878 3609 2946 ἐπιγνῶναι
3627 2894 3643 2911 ⁶

405 2965 705 3037 Scripturis
737 2980 864 3020 vera
897 2963 1007 3019 sint
1046 2972 1100 3018 et
1139 2978 1388 3034 quaenam
1418 2960 1576 3019 falsa.
1607 2965 1687 3019 Ac
1733 2965 1920 3020 Simon
1952 2989 1964 3022 :

2072 2956 2130 3015 οῦ
2176 2964 2243 3033 τῇ
2292 2961 2608 3034 διδασκαλίᾳ
2659 2965 2974 3036 πειθόμενος
3025 2967 3291 3036 γνώσεται
3352 2969 3474 3022 τίνα
3528 2969 3646 3026 ἐστὶ

398 3057 665 3130 Intelligo,
694 3057 841 3127 quod
870 3053 1058 3112 Jesum
1102 3063 1342 3110 vestrum
1385 3056 1522 3111 dicis
1553 3057 1710 3125 quasi
1746 3071 1776 3110 a
1815 3054 1966 3110 Scri-

2070 3051 2174 3106 τῶν
2201 3053 2434 3124 Γραῳῶν
2463 3055 2532 3108 τά
2564 3055 2757 3128 ἀληθῆ,
2787 3058 2910 3112 τίνα
2938 3059 2994 3112 δὲ
3024 3058 3094 3112 τὰ
3128 3060 3319 3131 ψευδῆ.
3357 3061 3466 3114 Καὶ
3498 3064 3526 3116 6
3557 3063 3644 3115 Σί-

397 3159 557 3219 ptura
589 3148 973 3219 prophetatum
1001 3164 1015 3201 :
1048 3140 1102 3202 id
1128 3161 1259 3218 ergo
1290 3145 1365 3200 ita
1391 3145 1590 3200 habere
1613 3146 1964 3203 concedatur.

2072 3161 2187 3214 μων
2211 3161 2225 3175 ο
2260 3145 2489 3217 Συνίημι
2527 3147 2608 3200 ὅτι
2646 3148 2736 3201 τὸν
2781 3149 2826 3181 ⁵ο
2887 3149 3090 3221 Ἰησοῦν
3134 3153 3285 3223 ὑμῶν
3330 3154 3526 3223 λέγεις,
3567 3157 3646 3219 ὡς

397 3242 496 3298 Dic
528 3242 713 3313 itaque
757 3255 869 3312 quo
899 3239 1062 3297 modo
1088 3253 1186 3294 vos
1213 3238 1459 3294 docuerit
1483 3237 1794 3294 discernere
1820 3237 1968 3294 Scri-

2070 3236 2228 3290 αὐτὸν
2287 3237 2393 3290 ὑπὸ
2463 3239 2562 3311 τῆς
2610 3238 2832 3312 Γραφῆς
2893 3243 3331 3314 προφητευθέντα
3353 3263 3366 3276 ·
3415 3247 3644 3301 δεδόσθω

396 3343 607 3406 plura,"
2065 3328 2350 3399 τοιγαροῦν
2382 3327 2555 3394 οὕτως
2587 3330 2750 3402 ἐχειν.
2785 3333 2924 3401 Λέγε
2960 3333 3156 3399 τοίνυν,
3198 3335 3315 3400 πῶς
3360 3337 3503 3409 ὑμᾶς
3527 3338 3646 3393 δια-

2065 3421 2268 3490 κρίνειν
2297 3421 2395 3486 τὰς
2419 3421 2642 3495 Γραφάς
2673 3424 2939 3492 ἐδίδαξενς

467 3509 531 3564 L.
570 3508 635 3564 Et
664 3509 858 3565 Petrus
888 3526 901 3564 :
934 3507 1090 3575 Quod
1117 3523 1248 3564 vera
1278 3524 1404 3565 cum
1446 3507 1603 3565 falsis
1643 3510 1805 3566 mista
1849 3510 1967 3567 fue-

2134 3511 2197 3566 L.
2240 3514 2348 3567 Kal.
2393 3516 2422 3566 6
2472 3515 2704 3588 Πέτροςο
2744 3518 2867 3570 Ὅτι
2905 3519 3166 3590 μέμικται
3197 3521 3267 3575 τά
3311 3522 3482 3594 ἀληθῆ
3525 3526 3641 3588 τοῖς

395 3601 527 3668 rint,
556 3599 780 3655 memini
810 3602 878 3654 ab
905 3615 990 3664 eo,
1010 3612 1135 3654 cum
1168 3597 1497 3655 Sadducazos
1520 3610 1818 3667 accusaret,
1845 3603 1963 3658 dic-

2065 3604 2333 3676 ψευδέσιν,
2363 3609 2648 3680 μέμνημαί
2677 3627 2779 3664 που
2813 3611 2974 3665 αὑτὸν
3006 3611 3325 3684 αἰτιώμενον
3357 3616 3482 3678 τοὺς
3506 3615 3639 3671 Σαδ-

396 3703 512 3748 ιιιιιι
543 3693 618 3748 ita
647 3711 661 3748 :
692 3691 817 3746 Ideo
846 3692 1058 3756 erratis,
1082 3693 1364 3748 nescientes
1385 3709 1507 3748 vera
1535 3693 1966 3776 Scripturarum,

2064 3697 2342 3763 δουκαίους
2371 3701 2541 3753 εἰπεῖν
2566 3718 2580 3731 °
2614 3703 2717 3755 Διὰ
2743 3703 2916 3757 τοῦτο
2943 3704 3275 3769 πλανᾶσθε,
3299 3707 3385 3776 μὴ
3417 3707 3638 3774 ειδότες

394 3792 608 3854 propter
653 3782 792 3853 quod
834 3782 1092 3851 ignoratis
1131 3782 1378 3836 virtutem
1423 3783 1520 3838 Dei
1559 3785 1609 3840 δ.
1669 3783 1725 3838 Si
1782 3769 1966 3840 autem

2064 3792 2134 3845 τὰ
2163 3791 2358 3861 ἀληθῆ
2392 3793 2508 3846 τῶν
2523 3792 2796 3862 Γραφῶν,
2825 3794 2896 3848 οὗ
2926 3794 3212 3850 Ικείν-εκεν·
3231 3769 3495 3866 ἀγίνοεῖτε
3523 3769 3638 3860 the;

395 3875 617 3947 objecit,
656 3890 752 3930 eos
778 3890 907 3929 vera
939 3872 1346 3943 Scripturarum
1389 3876 1621 3943 nescire,
1665 3877 1799 3932 falsa
1825 3893 1963 3948 quo-

2060 3881 2316 3952 δύναμιν
2343 3883 2448 3937 τοῦ
2483 3884 2650 3938 Θεοῦ.
2685 3885 2747 3938 Εἰ
2787 3886 2843 3939 δὲ
2889 3888 2956 3940 τὰ
2983 3887 3155 3961 ἀληθῆ
3183 3890 3290 3944 τῶν
3317 3891 3550 3961 Γραφῶν
3569 3893 3634 3945 ἀ-

393 3979 502 4035 que
549 3963 956 4033 Scripturarum
1001 3977 1124 4018 esse
1170 3974 1410 4034 apparet.
1448 3963 1553 4021 Sed
1594 3977 1647 4021 et
1687 3968 1958 4026 dicendo:

2061 3977 2234 4044 γνοεῖν
2261 3976 2456 4040 αὐτοὺς
2483 3976 2936 4050 ὑπέϐαλεν,δῆλον
2953 3981 3030 4044 ὡς
3060 3982 3226 4035 ὄντων
3252 3982 3478 4053 ψευδῶν.
3516 3984 3635 4038 Ἀλ-

394 4055 576 4110 Estote
622 4054 773 4126 probi
805 4056 1093 4126 trapezitw,
1142 4055 1418 4122 ostendit,
1461 4056 1514 4111 in
1565 4056 1861 4130 Scripturis
1907 4073 1962 4118 et

2062 4067 2128 4121 λὰ
2158 4068 2252 4121 καὶ
2279 4070 2334 4121 ἐν
2368 4067 2446 4139 τῷ
2492 4069 2654 4141 φῆναι
2678 4087 2692 4100 ο
2733 4071 2986 4126 Γίνεσθε
3035 4073 3364 4141 τραπεζῖται
3394 4075 3440 4107 ⁸²
3479 4075 3636 4130 δόκι-

394 4148 596 4219 probos
641 4147 909 4204 contineri
951 4161 1230 4203 sermones
1247 4156 1302 4202 et
1331 4147 1681 4205 adulterinos.
1715 4151 1961 4224 Cumque

2061 4177 2177 4228 μοι,
2224 4160 2300 4223 ὡς
2330 4159 2568 4232 δοκίμων
2608 4162 2704 4215 καὶ
2757 4161 3026 4235 κιϐδήλων
3071 4164 3244 4234 λόγων
3287 4166 3474 4220 ὄντων.
3521 4168 3635 4222 Καὶ

391 4242 472 4297 ait
505 4261 518 4297 :
552 4239 728 4307 Quare
756 4257 859 4296 non
891 4240 1182 4312 intelligitis
1205 4242 1343 4312 quod
1373 4242 1429 4295 in
1442 4239 1731 4312 Scripturis
1759 4247 1959 4302 rationi

2062 4249 2136 4321 τῷ
2168 4251 2215 4282 ⁸⁸
2263 4253 2434 4305 εἰπεῖν
2456 4269 2471 4282 ο
2529 4253 2634 4307 Διά
2663 4255 2720 4307 τι
2764 4256 2836 4309 οὐ
2867 4256 3057 4310 νοεῖτε
3104 4256 3168 4311 τὸ
3213 4259 3472 4329 εὔλογον
3514 4259 3636 4314 τῶν

393 4349 678 4389 consonum
701 4334 819 4393 est?
868 4333 1165 4388 ﬁrmiorem
1213 4332 1389 4388 reddit
1432 4333 1673 4390 animum
1723 4336 1958 4396 hominis

2060 4341 2304 4412 Γραφῶγ
2342 4343 2483 4416 (77);
2540 4343 2881 4418 βεϐαιότερον
2915 4347 3011 4401 τοῦ
3061 4347 3396 4421 αὐθαιρέτως
3428 4351 3634 4419 εὐγνω⁴

391 4425 486 4495 qui
491 4423 746 4511 ﬁcandide
771 4424 1068 4495 intelligere
1096 4424 1229 4478 vult.

1987 4479 2032 4511 η
2063 4433 2349 4504 μονοῦντος
2375 4436 2554 4508 τίθησι
2586 4436 2676 4491 τὸν
2707 4438 2832 4492 νοῦν
2865 4438 2929 4492 ⁸⁸.

462 4515 550 4572 Ll.
591 4517 746 4585 Quod
792 4527 974 4582 autem
1039 4515 1441 4586 Scripturarum
1492 4521 1828 4590 propositum
1887 4526 1954 4580 ad
1986 4515 2031 4535 "

2135 4524 2216 4581 LI.
2257 4528 2331 4581 T6
2371 4528 2428 4583 δὲ
2477 4530 2571 4583 καὶ
2619 4529 2726 4583 τῶν
2776 4532 3008 4604 Γραφῶν
3039 4532 3397 4604 προκείμενον
3449 4535 3495 4568 ⁸⁸
3537 4535 3632 4590 ἐπὶ

462 4704 488 4731 ι
520 4691 656 4747 Gen.
690 4708 836 4760 χιιι,
865 4691 952 4747 10.
1030 4692 1058 4731 ι’
1089 4690 1276 4748 Matth.
1310 4711 1444 4761 xxu,
1471 4695 1563 4750 29.

1679 4858 1910 4914 VARUE
1954 4859 2356 4919 LECTIONES.

461 4996 508 5028 ⁸³
530 4993 840 5069 ἐμπρησθὲν
863 4992 963 5069 0.,
991 4990 1303 5069 ⁶⁶Μῳῦσέος
1317 4995 1379 5047 0.
1402 4991 1478 5048 Ita
1503 4995 1990 5069 con_sta_nter.‘Tum
2018 4997 2203 5069 οὕτως,
2217 4995 2421 5069 mavult
2443 4995 2502 5069 S.
2576 4997 2622 5029 ⁸⁸
2634 4998 2947 5069 Μωΰσέκρ
2976 5038 2990 5061 ,
3009 4999 3101 5069 qui
3129 4999 3326 5056 deinde
3340 4999 3628 5069 τυγχάνον-

389 5084 498 5121 ται.
563 5060 576 5066 ’
600 5060 764 5139 *δ”τῆν
789 5079 897 5139 om.
924 5060 970 5118 0
989 5101 1013 5139 Δ,
1046 5063 1139 5139 qui
1165 5073 1277 5117 tum
1302 5079 1408 5139 δεῖ.
1434 5063 1658 5139 προνοίᾳ
1673 5065 1972 5139 ἀπταίστῳ,
2037 5067 2084 5105 ⁸⁷
2102 5066 2207 5139 πρό
2227 5067 2315 5139 0._
2354 5067 2400 5139 ‘f
2413 5068 2505 5120 τόν
2530 5081 2640 5121 om.
2677 5066 2739 5122 C.
2825 5060 3066 5124 “Locus
3094 5084 3339 5126 mancus.
3372 5060 3625 5139 suppleri

391 5084 498 5121 ται.
609 5080 764 5135 ’ντην
789 5080 897 5117 om.
924 5080 970 5118 U
997 5101 1013 5125 ,
1046 5080 1139 5132 qut
1165 5080 1277 5117 tum
1302 5080 1408 5118 scr.
1434 5081 1475 5116 π
1604 5080 1658 5135 ta
1673 5080 1972 5136 απταιστῳ.
2037 5080 2084 5105 ’⁷
2102 5080 2207 5138 προ
2227 5080 2290 5120 υ.
2354 5080 2400 5099 ⁵⁵
2413 5080 2505 5120 τον
2530 5081 2640 5121 om.
2677 5080 2739 5122 υ.
2825 5080 2869 5099 ’⁸
2887 5080 3066 5124 Locus
3094 5084 3339 5126 mancus.
3372 5080 3625 5139 Suppleri

391 5145 567 5208 potest
600 5136 704 5189 hoc
734 5134 894 5188 modo
929 5151 943 5186 :
975 5133 1268 5208 Δυνήσετᾳι
1299 5080 1672 5208 0610;th
1705 5137 2038 5208 περικοπὴν,
2054 5153 2107 5190 κ.
2127 5154 2176 5190 τ.
2195 5137 2244 5208 λ..
2277 5135 2579 5208 C._Locum
2609 5151 2865 5192 mancum
2885 5152 3006 5192 esse
3035 5153 3143 5192 non
3176 5151 3324 5208 puto,
3362 5141 3452 5194 sed
3488 5154 3629 5193 non-

392 5201 525 5260 nihil
553 5213 852 5275 corruptus
879 5211 986 5264 est,
1025 5201 1186 5270 atque
1223 5203 1324 5257 hac
1361 5205 1573 5258 ratione
1600 5201 1876 5260 sanandus
1906 5223 1918 5260 τ
1951 5201 2162 5276 νοῆσαι·
2215 5206 2416 5310 δυνηθῇ
2468 5201 2620 5271 οὗτος
2661 5209 2727 5278 τῇ
2756 5211 3027 5279 περικοπῇ
3058 5211 3120 5261 ἐκ
3143 5201 3272 5274 τῶν,
3307 5201 3361 5263 κ.
3394 5227 3444 5262 τ.
3475 5209 3524 5261 λ.
3557 5208 3619 5263 D.

392 5277 432 5308 ιε
459 5273 912 5310 ,ιι-Αυηπιηαιω-ιηίαἰι
960 5271 998 5310 Ω
1095 5271 1247 5310 Mar-m1
1283 5272 1320 5310 Ω
1367 5289 1397 5310 n
1453 5273 1511 5310 ΠΙ
1569 5274 1686 5310 cina
1717 5275 1850 5310 nmhl
1929 5278 2250 5310 onnlnnilnin
2424 5275 2537 5310 ’lln
2571 5275 2616 5310 ﬂ
2673 5293 2701 5310 η
2774 5275 2812 5310 ε
2903 5280 3248 5310 ρηηπονρῒρ...
3313 5280 3370 5310 PI
3483 5279 3619 5310 ωητ.

391 5277 432 5308 ⁸⁸
459 5277 548 5329 τόν
571 5271 941 5350 praetermisit!
960 5271 1017 5327 S.
1095 5271 1247 5325 ⁶¹τοῦ
1283 5272 1338 5327 S.
1367 5289 1416 5328 c.
1453 5273 1532 5328 CI.
1569 5274 1686 5328 sine
1717 5275 1872 5330 codd.
1927 5271 2269 5332 auctoritate.
2333 5271 2345 5279 ’
2388 5271 2540 5332 "’Ita
2571 5275 2616 5333 Ο
2672 5271 2727 5332 οἷ
2774 5271 2856 5341 δ’,
2903 5271 3266 5349 τραπεζεῐται
3313 5280 3392 5335 CI.
3483 5279 3625 5350 ⁸³τῷ

387 5354 445 5416 8,
479 5354 524 5411 0
551 5396 566 5421 ,
590 5356 652 5408 τό
679 5354 740 5409 C.
839 5353 885 5385 “
917 5349 970 5408 ἵν
997 5352 1072 5422 (id
1102 5362 1185 5409 est
1214 5351 1417 5425 ἱησοῦν)
1443 5356 1503 5406 0.
1580 5353 1627 5386 ⁸⁵
1643 5354 2015 5426 προκειμένων
2041 5353 2103 5410 C.

1681 5505 2041 5562 VARIOIIUM
2076 5506 2305 5564 ΝΟΤᾸΕ.

430 5623 574 5749 ῚΠἹ)
606 5625 790 5752 Aedes!
827 5627 899 5682 οὐ
946 5621 1133 5680 νοεῖτε
1186 5621 1246 5676 τὸ
1297 5621 1546 5692 εὔλογον
1600 5619 1721 5676 τῶν
1759 5619 2030 5690 Γραφῶν.
2061 5618 2236 5678 Verba
2265 5621 2546 5691 cujusdam
2590 5626 2909 5696 apocryphi.
2949 5622 3109 5682 Forte
3142 5624 3418 5697 Evangelii
3456 5625 3622 5688 Bllio-

431 5711 646 5752 tarum.
722 5712 812 5752 or.
2138 5751 2143 5752 ,

390 5711 646 5752 nuarum.
677 5711 812 5752 U01.
