3986 6164
363 225 468 284 145

1508 223 1975 287 CLEMENTINA.
2009 256 2082 269 -
2112 225 2396 287 HOMILIA
2430 227 2521 284 lll.

3526 228 3624 284 M6

363 349 722 420 γραμματεῖς
754 346 874 400 καὶ
914 343 1262 408 διδασκάλους
1300 343 1564 415 πέμπειν,
1604 343 1682 408 ὡς
1722 343 1819 398 τοῦ
1867 343 1947 400 δν-

2056 346 2264 402 scribas
2289 346 2614 402 etdoctorcs
2672 345 2900 407 remittit
2955 385 2971 413 ,
3010 344 3221 402 clarum
3242 357 3328 401 est
3355 345 3628 400 remittere

366 460 476 506 τως
507 442 553 472 ⁵⁸
585 439 757 512 νόμου
801 437 1006 501 εἰδότας
1043 437 1112 490 τὰ
1153 435 1348 507 ἀληθῆ,
1391 435 1548 507 δῆλόν
1584 435 1751 490 ἐστιν.
1784 435 1858 489 Τὸ
1899 436 1958 490 δὲ

367 535 463 590 καὶ
493 534 671 587 εἰπεῖν
697 531 864 586 αὐτόν
890 547 904 561 ·
939 532 1059 585 Οὐκ
1101 529 1293 598 ἦλθον
1343 528 1676 583 καταλῦσαι
1717 528 1825 584 τὸν
1858 530 1958 583 νό-

363 643 506 698 μον,
552 624 649 678 καὶ
681 622 966 694 φαίνεσθαι
1005 621 1168 675 αὐτὸν
1215 619 1566 685 καταλύοντα,
1603 619 1956 692 σημαίνοντος

351 713 462 790 ἦν,
494 717 595 781 ὅτι,
620 714 658 770 ἃ
688 713 1002 786 κατέλυσεν,
1034 712 1135 766 οὐκ
1181 708 1249 784 ἦν
1289 711 1383 764 τοῦ
1435 711 1620 782 νόμου.
1657 711 1730 766 Τὸ
1763 712 1820 766 δὲ
1860 711 1956 766 καὶ

371 812 548 863 εἰπεῖν
567 823 583 840 ο
621 807 684 861 '0
717 806 976 876 οὐρανὸς
1001 804 1102 860 καὶ
1128 805 1167 874 ἠ
1199 803 1278 874 γῆ
1299 803 1791 872 παρελεύσονται,
1817 803 1957 858 ἰῶτα

370 899 443 955 δὲ
476 898 516 933 ⁸⁷
549 899 617 954 ἐν
641 898 677 965 ἢ
702 899 814 969 μία
839 898 1046 967 κεραία
1069 897 1140 951 οὐ
1160 895 1246 965 μὴ
1274 883 1542 966 παρέλθῃ
1570 895 1686 950 ἀπὸ
1722 895 1828 950 τοῦ
1854 896 1954 951 νό-

363 1009 514 1064 μου·
550 991 619 1046 τὰ
645 992 751 1065 πρὸ
783 989 1012 1063 οὐρανοῦ
1038 990 1134 1044 καὶ
1162 990 1266 1061 γῆς
1297 989 1682 1062 παρερχόμενα
1713 988 1952 1062 ὲσήμανε

370 1087 448 1158 μὴ
482 1085 614 1140 ὄντα
648 1083 741 1138 τοῦ
773 1084 943 1146 ὅντως
973 1082 1159 1154 νόμου.

441 1177 598 1247 107
630 1174 740 1230 LII.
791 1173 945 1228 Ἐπεὶ
984 1167 1078 1228 οὖν
1109 1171 1336 1246 οὐρανοῦ
1389 1171 1485 1227 καὶ
1528 1171 1631 1241 γῆς
1663 1170 1743 1225 ἔτι
1795 1189 1950 1226 συνε-

366 1267 591 1322 στώτων
623 1267 899 1340 παρῆλθον
935 1265 1134 1332 θυσίαι,
1169 1265 1454 1336 βασιλεῖαι,
1497 1265 1554 1318 αἱ
1587 1266 1644 1318 ὲν
1677 1268 1952 1336 γεννητοῖς

361 1359 639 1429 γυναικῶν
659 1360 1005 1432 προφητεῖαι,
1041 1359 1135 1412 καὶ
1152 1359 1254 1413 ὅσα
1283 1357 1328 1390 ⁵⁸
1348 1355 1592 1423 τοιαῦτα,
1615 1357 1689 1421 ὡς
1706 1356 1805 1410 οὐκ
1823 1357 1952 1411 ὄντα

360 1452 497 1506 Θεοῦ
520 1451 938 1524 προστάγματα,
962 1450 1112 1504 ένθεν
1143 1449 1274 1519 γοῦν
1297 1449 1446 1519 λέγει
1471 1466 1486 1480 ·
1521 1448 1697 1505 Πᾶσα
1715 1449 1947 1518 φυτεία,

362 1543 444 1611 ἢν
479 1546 592 1598 οὐκ
623 1543 956 1612 ἐφύτευσεν
987 1545 1020 1597 ό
1071 1543 1271 1613 Πατὴρ
1313 1545 1346 1597 ὀ
1378 1541 1675 1610 οὐράνιος,
1721 1540 1951 1610 ἐκριζω-

361 1635 632 1704 θιξσεται.
666 1635 764 1690 Διὰ
793 1635 952 1689 τοῦτο
979 1635 1141 1698 αὐτὸς
1173 1634 1378 1708 ἀληθὴς
1409 1633 1485 1688 ὣν
1517 1634 1804 1708 προφήτης
1835 1633 1949 1686 ἕλε-

2059 446 2318 508 tanquam
2347 437 2415 492 ad
2443 451 2539 493 eos
2567 437 2666 508 qui
2705 453 2850 493 verae
2876 439 3011 509 legis
3031 436 3632 511 veracoguoscebanta.

2057 530 2212 598 Quod
2244 531 2408 587 etiam
2473 530 2590 602 ipse
2642 529 2723 586 ait
2749 548 2772 584 :~
2802 528 2926 583 Non
2971 530 3088 584 veni
3133 529 3329 584 solvere
3369 528 3532 600 legem
3570 527 3624 592 δ,

2055 634 2109 678 et
2136 633 2313 677 tamen
2345 621 2682 692 conspicitur
2709 621 2939 690 solvere,
2968 620 3021 676 id
3049 620 3405 692 significantis
3433 629 3539 687 est,
3563 633 3630 676 ea

2055 729 2177 784 quae
2208 713 2372 769 solvit
2416 730 2525 768 non
2565 713 2893 784 pertinuisse
2933 711 3003 767 ad
3049 711 3246 784 legem.
3299 710 3404 767 Sed
3447 719 3503 766 et
3541 709 3628 767 dl-

2055 807 2227 863 cendo
2258 824 2272 860 :
2302 804 2504 861 Caelum
2529 815 2578 860 et
2605 814 2747 860 terra
2796 803 3120 872 transibunt,
3171 803 3260 857 sed
3310 804 3423 858 iota
3464 818 3630 857 unum

2055 910 2147 954 aut
2174 915 2312 953 unus
2354 915 2487 969 apex
2524 915 2626 952 non
2661 895 2952 968 praeteribit
2992 914 3026 950 a
3063 895 3171 968 lege
3200 906 3261 962 ες
3317 895 3631 952 manifesta-

2052 991 2148 1057 vit,
2175 1006 2314 1045 verae
2340 989 2474 1061 legis
2502 1005 2608 1044 non
2637 1005 2760 1046 esse
2784 989 2875 1045 illa
2906 1004 3028 1060 quae
3052 997 3179 1045 ante
3209 988 3409 1044 cmlum
3439 996 3495 1043 et
3521 997 3630 1044 ter-

2054 1099 2170 1138 ram
2200 1082 2551 1136 transierunt.

2123 1169 2233 1225 LII.
2275 1170 2504 1237 Quando
2539 1169 2702 1240 igitur
2726 1169 2866 1226 coelo
2893 1179 2946 1225 et
2974 1177 3119 1224 terra
3149 1168 3330 1224 adhuc
3359 1167 3630 1223 stantibus

2053 1262 2387 1318 transierunt
2420 1261 2712 1326 sacriﬁcia,
2739 1277 2928 1332 regna,
2954 1261 3274 1332 prophetiae,
3321 1275 3445 1332 quae
3489 1259 3632 1315 inter

2052 1363 2210 1410 natos
2239 1354 2553 1420 mulierum,
2586 1365 2639 1410 et
2663 1369 2786 1424 quas
2814 1355 2900 1411 his
2935 1354 3155 1420 similia,
3186 1353 3343 1425 quasi
3372 1368 3496 1425 quas
3517 1368 3629 1408 non

2051 1456 2236 1504 essent
2276 1446 2372 1502 Dei
2400 1446 2690 1514 mandata;
2724 1446 2850 1502 inde
2884 1462 3013 1519 ergo
3041 1447 3117 1503 ait
3149 1465 3162 1501 :
3198 1446 3382 1503 Omnis
3412 1446 3630 1517 planta-

2053 1543 2144 1609 tio,
2190 1557 2350 1613 quam
2399 1557 2503 1594 non
2534 1540 2791 1610 plantavit
2843 1539 3010 1594 Pater
3059 1539 3302 1607 caelestis,
3331 1536 3631 1593 eradicabio

2053 1645 2138 1690 tur
2170 1633 2221 1690 ἀ.
2283 1633 2508 1704 Propter
2559 1635 2663 1689 hoc
2700 1634 2836 1704 ipse,
2903 1649 3064 1688 verus
3117 1633 3406 1704 propheta,
3445 1630 3628 1687 dixit:

361 1697 459 1799 γεν
481 1746 496 1760 ο
543 1728 690 1798 Ἐγώ
713 1730 830 1798 ειμι
860 1728 900 1796 ἠ
932 1728 1095 1795 πύλη
1118 1726 1230 1796 τῆς
1260 1697 1412 1796 ξωῆς
1432 1744 1445 1756 ·
1479 1729 1512 1781 ὀ
1540 1697 1616 1780 δι’
1823 1727 1947 1780 εἱσ-

2054 1727 2166 1798 Ego
2204 1743 2321 1781 sum
2346 1697 2504 1797 porta
2553 1727 2674 1781 vita:
2701 1697 2738 1780 ε·
2757 1727 2848 1796 qui
2877 1741 2968 1794 per
2996 1741 3076 1778 me
3116 1697 3324 1792 introit,
3356 1697 3542 1778 introit
3573 1723 3629 1777 in

360 1824 688 1893 ερχόμενος
722 1819 1054 1889 εἰσέρχεται
1103 1821 1190 1884 εἷς
1228 1817 1342 1888 τὴν
1371 1816 1522 1885 ζωήν
1544 1835 1557 1848 ο
1613 1818 1690 1881 ὡς
1719 1815 1821 1871 οὐκ
1858 1816 1949 1871 οὕ-

364 1932 466 1986 σης
498 1915 693 1985 ἑτέρας
724 1914 824 1984 τῆς
857 1910 1049 1976 σώζειν
1075 1910 1379 1983 δυναμένης
1405 1909 1772 1974 διδασκαλίας.
1796 1909 1887 1964 Διὸ
1905 1911 1950 1942 ⁸³

362 2009 458 2062 καὶ
489 2007 617 2061 ἐϐόα
647 2005 820 2075 λέγων
842 2022 857 2036 ο
888 2004 1066 2060 Δεῦτε
1099 2003 1247 2073 πρὸς
1268 2003 1346 2074 μὲ
1375 2003 1594 2070 πάντες
1624 2005 1679 2058 οἱ
1706 2002 1951 2058 κοπιῶν-

359 2117 480 2166 τες,
513 2097 814 2163 τουτέστιν,
857 2097 908 2151 οἱ
957 2096 1058 2171 τὴν
1107 2096 1363 2167 ἀλήθειαν
1413 2095 1701 2168 ζητοῦντες
1741 2095 1836 2149 καὶ
1874 2095 1948 2168 μὴ

360 2192 708 2264 εὑρίσκοντες
757 2190 947 2262 αὐτήν.
996 2189 1108 2244 Καὶ
1158 2189 1347 2243 πάλινο
1408 2189 1485 2243 Τὰ
1536 2189 1650 2258 ἐμὰ
1688 2188 1950 2257 πρόϐατα

358 2284 564 2338 ἀκούει
595 2283 643 2314 ⁸⁸
692 2280 803 2351 τῆς
849 2280 1000 2352 ἐμῆς
1037 2280 1261 2352 φωνῆς.
1301 2280 1413 2335 Καὶ
1450 2279 1635 2336 ἄλλοτε
1658 2296 1672 2310 ·
1713 2278 1950 2348 Ζητεῖτε

358 2375 464 2434 καὶ
490 2375 821 2445 εὑρίσκετε,
868 2373 944 2438 ὠς
979 2374 1060 2448 μὴ
1089 2372 1371 2447 προδήλως
1407 2371 1667 2446 κειμένης
1687 2373 1788 2446 τῆς
1815 2371 1948 2443 ἀλη-

358 2466 538 2530 θείας.

433 2557 570 2615 LIII.
625 2557 780 2614 Ἀλλὰ
799 2559 895 2617 καὶ
922 2557 984 2628 ἐξ
1011 2556 1256 2633 οὐρανῶν
1288 2557 1332 2589 ⁸⁸
1366 2555 1576 2630 μάρτυς
1603 2555 1754 2628 φωνὴ
1787 2555 1948 2626 ἡκού-

358 2651 466 2725 σθη
495 2651 761 2720 λέγουσα·
809 2651 996 2719 Οὗτός
1033 2649 1206 2704 ἐστιν
1246 2651 1279 2704 ό
1325 2649 1458 2715 Υἱός
1486 2665 1607 2718 μου
1639 2647 1684 2679 ⁸³
1727 2651 1760 2703 ὀ
1800 2648 1947 2717 ἀγα-

357 2742 583 2812 πητὸς,
630 2744 718 2810 είς
757 2741 831 2797 ὃν
878 2742 1212 2808 εὐδόκησα,
1256 2741 1470 2796 τούτου
1521 2739 1786 2795 ἀκούετε.
1835 2739 1947 2794 Καὶ

358 2833 497 2910 πρὸς
542 2833 752 2898 τούτοις
802 2833 1081 2887 ὲπιπλεῖον
1141 2833 1338 2897 αὐτοὺς
1387 2831 1433 2863 ⁸³
1499 2830 1946 2903 πεπλανημένους

358 2925 574 2994 ἐλέγξαι
607 2925 777 2980 θέλων
806 2927 933 2990 τοὺς
975 2926 1282 2997 προφήτας,
1315 2923 1458 2996 παρ’
1488 2916 1562 2976 ὧν
1583 2923 1646 2994 δὴ
1700 2920 1947 2994 μεμαθη-

2052 1818 2215 1870 vitam
2245 1827 2293 1884 ο,
2340 1815 2470 1886 quia
2516 1831 2623 1870 non
2686 1823 2772 1870 est
2813 1815 2923 1869 alia
2967 1814 3242 1882 doctrina,
3296 1828 3420 1884 quae
3459 1813 3632 1884 possit

2050 1909 2262 1964 salvum
2291 1908 2490 1964 facere.
2537 1906 2806 1975 Quocirca
2845 1908 3141 1972 clamabat,
3177 1907 3405 1964 dicens:
3450 1905 3630 1966 Venite

2051 2001 2121 2053 ad
2145 2016 2247 2065 me,
2275 2015 2450 2053 omnes
2479 1999 2568 2071 qui
2626 1999 2881 2054 laboratis
2934 1999 2978 2068 ί,
3003 2001 3107 2056 Ιιοο
3155 2008 3260 2067 est,
3294 1999 3386 2071 qui
3430 1997 3630 2069 quaeri-

2051 2092 2122 2146 tis
2150 2091 2456 2158 veritatem,
2504 2105 2606 2147 nec
2648 2091 2906 2147 invenitis
2948 2108 3090 2148 eam.
3123 2091 3190 2148 Et
3226 2091 3420 2148 iterum
3453 2109 3468 2146 z
3497 2089 3628 2146 Oves

2051 2200 2180 2238 mea:
2228 2200 2402 2239 vocem
2451 2201 2619 2240 meam
2658 2185 2884 2239 audiunt
2930 2187 2977 2240 ε.
3008 2183 3077 2240 Et
3124 2185 3260 2241 alias
3315 2203 3330 2240 :
3391 2183 3629 2248 Quwrite

2048 2286 2098 2330 et
2164 2277 2436 2331 invenietis
2466 2277 2532 2343 h;
2582 2278 2731 2347 quod
2783 2277 2985 2333 veritas
3043 2277 3189 2333 clare
3239 2291 3349 2331 non
3402 2275 3475 2330 sit
3523 2288 3625 2345 po-

2050 2370 2174 2426 sita.

2118 2548 2251 2607 LIII.
2295 2549 2403 2606 Sed
2453 2559 2507 2606 et
2551 2550 2619 2606 de
2667 2549 2820 2606 caelis
2857 2535 3014 2605 testis
3040 2563 3148 2604 vox
3176 2546 3362 2603 audita
3408 2556 3512 2614 est,
3541 2544 3626 2602 di-

2047 2658 2218 2700 cens:
2253 2643 2357 2700 Hic
2393 2655 2470 2699 est
2515 2642 2690 2698 Filius
2745 2659 2888 2698 meus
2935 2642 3181 2709 dilectus,
3240 2641 3293 2695 in
3346 2655 3447 2711 quo
3494 2640 3626 2694 mihi

2047 2735 2384 2805 complacui:
2434 2737 2608 2806 ipsum
2639 2736 2819 2790 audite
2867 2737 2912 2790 ί.
2979 2733 3046 2788 Et
3095 2733 3274 2790 adhuc
3314 2732 3490 2804 magis
3530 2733 3626 2789 de-

2046 2839 2354 2885 monstrare
2380 2830 2570 2885 volens
2622 2830 2774 2900 ipsos
2821 2827 3114 2899 prophetas
3156 2841 3391 2891 errasse,
3439 2840 3468 2880 a
3500 2825 3625 2896 qui-

2044 2923 2148 2979 bus
2169 2939 2227 2979 se
2240 2924 2498 2980 didicisse
2523 2923 2885 2988 allirmabant,
2910 2937 3006 2977 eos
3025 2929 3274 2976 mortuos
3298 2934 3421 2975 esse
3448 2919 3502 2974 in
3530 2919 3626 2974 de-

357 3019 514 3072 κέναι
543 3018 844 3083 ἐϐεϐαίουν,
874 3017 1273 3090 ἐπιθυμοῦντας
1306 3016 1578 3088 ἀληθείας,
1609 3017 1704 3069 καὶ
1740 3015 1813 3087 μὴ
1845 3032 1942 3086 με-

2053 3017 2246 3073 siderio
2263 3025 2317 3072 et
2331 3032 2438 3071 non
2457 3017 2509 3070 in
2533 3015 2843 3087 cognitione
2856 3014 3100 3069 veritatis
3123 3010 3517 3084 pronuntiavit,
3539 3009 3626 3068 his

359 3111 675 3184 μαθηκὰτας
699 3110 1126 3181 τελευτήσαντας
1150 3109 1463 3182 ἀπεφήνατο
1490 3105 1683 3161 εἰπών·
1715 3107 1944 3162 Πολλοὶ

357 3203 660 3275 προφῆται
689 3202 786 3258 καὶ
808 3202 1089 3268 βασιλεῖς
1118 3202 1504 3271 ἐπεθύμησαν
1537 3199 1684 3254 ἰδεῖν
1709 3199 1749 3254 ἀ
1776 3199 1945 3269 ὑμεῖς

352 3295 639 3363 βλέπετε,
666 3295 764 3349 καὶ
790 3295 1050 3350 ἀκοῦσαι
1074 3294 1113 3347 d
1136 3293 1306 3363 ὑμεῖς
1332 3293 1610 3357 ἀκούετε,
1641 3291 1740 3347 καί
1783 3290 1946 3361 ἀμὴν

353 3386 512 3457 λέγω
537 3386 701 3458 ὑμῖν,
735 3387 872 3441 οὔτε
901 3385 1064 3441 εἶδον
1093 3385 1158 3450 ⁸⁸,
1191 3385 1327 3440 οὔτε
1355 3383 1649 3454 ἥκουσαν.
1687 3385 1808 3437 Ἔτι
1839 3383 1944 3456 μὴν

354 3478 569 3550 ἔλεγεν·
625 3477 772 3550 Ἐγώ
791 3481 907 3549 εἰμι
933 3477 1068 3547 περὶ
1101 3476 1173 3532 οὗ
1207 3476 1471 3547 Μωῦσῆς
1496 3474 1946 3546 προεφήτευσεν

355 3571 573 3626 εἰπών’
618 3570 939 3641 Προφήτην
980 3569 1168 3641 ἐγερεῖ
1205 3569 1249 3602 ⁸⁸
1301 3569 1444 3639 ὑμῖν
1479 3569 1693 3638 Κύριος
1728 3571 1760 3623 ό
1787 3569 1946 3640 108

357 3661 505 3730 Θεὸς
533 3662 723 3733 ήμῶν,
740 3663 808 3717 ἐκ
830 3663 948 3717 τῶν
972 3661 1249 3732 ἀδελφῶν
1267 3663 1454 3732 ὑμῶν,
1477 3660 1678 3731 ὥσπερ
1695 3663 1792 3716 καὶ
1818 3663 1942 3732 ἐμὲ,

355 3753 545 3809 αὐτοῦ
570 3755 815 3809 ἀκούετε
836 3755 984 3809 κατά
1003 3753 1214 3808 πάντα·
1247 3752 1315 3820 ὃς
1339 3753 1417 3809 ἂν
1444 3753 1513 3807 δὲ
1538 3754 1583 3786 ⁸⁸
1604 3753 1690 3825 μὴ
1710 3755 1944 3828 ἀκούσῃ

352 3845 468 3902 τοῦ
503 3845 810 3916 προφήτου
837 3847 1092 3910 ἐκείνου,
1122 3846 1520 3901 ἀποθανεῖται.

427 3957 565 4014 LIV.
608 3960 772 4014 Ὅθεν
795 3959 1053 4014 ἀδύνατόν
1079 3960 1227 4014 ἐστιν
1254 3960 1383 4016 ἄνευ
1431 3959 1532 4031 τῆς
1563 3958 1754 4014 τούτου
1799 3960 1946 4014 διδα-

355 4051 590 4113 σκαλίας
603 4051 828 4126 ἀληθείᾳ
842 4051 1090 4125 σωζούσῃ
1109 4053 1417 4124 ἐπιστῆναι,
1437 4051 1540 4106 κᾶν
1564 4053 1656 4107 τὸν
1676 4052 1849 4107 αίῶνά
1861 4071 1945 4118 τις

353 4147 518 4218 ζητῇ,
540 4145 672 4200 ἔνθα
686 4146 748 4200 τὸ
767 4146 929 4219 ζητού
938 4164 1094 4218 μενον
1114 4146 1216 4200 οὐκ
1237 4145 1383 4201 ἐστιν
1400 4162 1415 4177 °
1449 4141 1517 4217 ἦν
1530 4146 1588 4199 δὲ
1607 4146 1700 4200 καὶ
1725 4146 1870 4201 ἐστιν
1885 4148 1942 4201 ὲν

352 4238 434 4309 τῷ
449 4237 625 4310 Ἰησοῦ
641 4237 795 4310 ήμῶν
813 4239 974 4310 λόγῳ.
1000 4238 1146 4310 Πλὴν
1191 4237 1399 4309 τάληθῆ
1413 4239 1456 4271 ⁸⁷
1480 4239 1576 4292 τοῦ
1595 4239 1760 4310 νόμου
1787 4238 1944 4305 εἰδὼς

353 4329 734 4393 Σαδδουκαίοις
781 4329 1231 4400 πυνθανομένοις,
1271 4330 1392 4384 καθ’
1425 4329 1483 4384 ὃν
1511 4330 1669 4399 λόγον
1701 4332 1941 4403 Μωῦσῆς

352 4421 496 4476 ἑπτὰ
525 4420 899 4494 συνεχώρησεν
927 4425 1144 4492 γαμεῖν,
1180 4421 1286 4493 ἔφη
1309 4439 1323 4454 ·
1357 4421 1620 4491 Μωυσῆς
1646 4423 1797 4476 κατὰ
1825 4423 1939 4491 τὴν

351 4514 842 4583 σκληροκαρδίαν
877 4513 1044 4585 ὑμῶν
1089 4515 1418 4584 ἐπέτρεψεν
1452 4514 1614 4583 ὑμῖν.
1653 4515 1778 4571 Ἀπ’
1830 4516 1936 4584 ἀρ-

351 4606 472 4676 χῆς
491 4607 606 4676 γὰρ
630 4607 816 4674 οὕτως
838 4609 950 4662 οὐκ
974 4605 1230 4676 ἐγένετο.
1266 4607 1328 4660 '0
1349 4607 1459 4677 γὰρ
1487 4607 1700 4674 κτίσας
1721 4608 1820 4661 ἀπ’
1843 4608 1939 4676 ἀρ-

352 4697 473 4766 κῆς
497 4697 609 4753 τὸν
633 4698 964 4768 ἄνθρωπον,
991 4699 1178 4770 ἄρσεν
1207 4698 1307 4754 καί
1333 4699 1489 4769 θῆλυ
1521 4700 1810 4770 ἐποίησεν
1838 4703 1938 4756 αὐ·

351 4793 480 4847 τόν.

424 4937 452 4965 l
477 4925 667 4980 Matth.
702 4943 860 4992 ut",
891 4927 944 4984 2.

426 4995 457 5035 δ
486 4997 685 5051 Matth.
719 5013 772 5063 ν,
801 4999 888 5052 I7.

426 5065 676 5138 figatur.
711 5083 862 5122 xxw.
904 5069 1008 5138 35;
1040 5085 1098 5138 ν,
1133 5069 1215 5128 I8.

421 5133 451 5172 ἀ
477 5135 672 5192 Matth.
705 5154 797 5202 xv,
835 5139 922 5195 15.

426 5217 452 5246 ο
477 5205 642 5262 Joan.
672 5224 728 5273 ι,
769 5209 822 5263 9.

430 5274 452 5316 ί
481 5275 676 5332 Matth.
700 5295 776 5345 ιι,
808 5278 899 5338 28.

2045 3109 2226 3166 verbis
2261 3127 2277 3163 :
2315 3108 2475 3162 Multi
2522 3108 2786 3178 propheta:
2827 3117 2877 3161 et
2936 3121 3078 3176 reges
3129 3105 3404 3175 cupierunt
3451 3103 3624 3158 videre

2044 3218 2162 3274 qua
2199 3218 2285 3256 vos
2312 3200 2497 3254 videtis
2528 3211 2577 3254 et
2604 3200 2791 3253 audire
2819 3214 2935 3270 qua:
2972 3214 3059 3252 vos
3100 3197 3298 3251 auditis
3329 3211 3349 3249 :
3389 3204 3440 3250 et
3469 3211 3621 3250 amen

2045 3295 2162 3348 dico
2194 3294 2357 3357 vobis,
2390 3309 2550 3363 neque
2579 3292 2820 3346 viderunt
2869 3306 3032 3360 neque
3082 3289 3367 3343 audierunt
3398 3285 3445 3341 ἱ.
3476 3287 3624 3343 Dixit

2045 3395 2302 3457 praeterea
2333 3403 2346 3440 :
2384 3383 2496 3455 Ego
2529 3401 2645 3438 sum
2682 3383 2746 3436 de
2783 3397 2883 3452 quo
2929 3380 3134 3450 Moyses
3161 3382 3511 3450 prophetavit,
3535 3381 3620 3434 di-

2046 3495 2164 3533 cens
2209 3494 2227 3532 :
2275 3476 2596 3546 Prophetam
2643 3473 2917 3529 suscitabit
2970 3472 3111 3527 vobis
3166 3470 3424 3525 Dominus
3477 3471 3616 3525 Deus

2047 3581 2220 3625 uoster
2245 3586 2310 3624 ex
2337 3567 2594 3639 fratribus
2639 3567 2852 3630 vestris,
2885 3565 3023 3619 sicut
3057 3579 3169 3628 me;
3196 3564 3369 3632 ipsum
3408 3564 3466 3616 in
3505 3579 3620 3616 om-

2046 3664 2198 3716 nibus
2241 3662 2443 3715 audite.
2489 3660 2594 3725 Qui
2652 3668 2830 3713 autem
2881 3673 2985 3710 non
3036 3657 3269 3711 audierit
3309 3656 3616 3727 prophetam

2043 3753 2219 3820 illum,
2251 3753 2506 3808 morietur
2531 3751 2580 3807 κ.

2115 3955 2250 4012 LIV.
2287 3955 2468 4023 Quare
2511 3953 2848 4027 imposébile
2878 3962 2980 4020 est,
3014 3968 3131 4008 sme
3164 3953 3337 4024 ipsius
3369 3953 3619 4011 doctrina

2045 4049 2337 4106 salutiferae
2386 4049 2637 4104 insistere
2689 4046 2929 4114 veritati,
2951 4047 3203 4116 quamvis
3245 4046 3300 4101 in
3353 4057 3618 4104 aeternum

2043 4144 2167 4214 quis
2199 4151 2430 4213 quaerat,
2463 4140 2553 4196 ubi
2579 4141 2726 4210 quod
2758 4140 3020 4210 quieritur
3052 4155 3163 4195 non
3189 4141 3460 4207 consistit,
3483 4155 3617 4196 con-

2048 4233 2190 4290 stitit
2234 4243 2417 4290 autem
2466 4242 2520 4288 et
2561 4231 2815 4288 consistit
2848 4233 2904 4286 in
2953 4230 3082 4295 Iesu
3115 4233 3290 4287 nostri
3340 4247 3613 4288 sermone.

2045 4329 2230 4398 Itaque
2263 4343 2387 4383 cum
2431 4327 2596 4382 sciret
2637 4340 2764 4392 vera
2813 4325 2968 4396 legis,
3015 4311 3337 4380 Sadducaais'
3378 4324 3614 4380 interro-

2042 4419 2317 4490 gantibus,
2365 4433 2472 4489 qua
2515 4417 2730 4473 ratione
2773 4415 2986 4489 Moyses
3034 4416 3438 4471 matrimonium
3486 4430 3610 4471 cum

2038 4518 2242 4583 septem
2277 4507 2602 4565 contrahere
2641 4507 3018 4578 permisisset,
3055 4505 3374 4576 respondit:
3405 4503 3612 4574 Moyses

2039 4601 2108 4655 ad
2131 4601 2386 4655 duritiam
2415 4609 2643 4656 vestram
2685 4601 2924 4671 permisit
2967 4598 3131 4654 vobis.
3173 4598 3252 4652 Ab
3291 4597 3444 4653 initio
3475 4598 3614 4650 enim

2037 4695 2262 4765 nonfuit
2284 4693 2386 4754 sic.
2404 4691 2510 4758 Qui
2533 4693 2673 4747 enim
2699 4693 2762 4746 ab
2784 4693 2940 4748 initio
2961 4693 3154 4754 creavit
3182 4691 3616 4758 hominemmtas-

2037 4787 2216 4846 culum
2240 4795 2290 4842 et
2319 4785 2570 4856 feminam
2592 4785 2716 4856 fecit
2737 4802 2857 4840 eum
2885 4783 2930 4840 ι.

2114 4923 2143 4963 ι
2171 4917 2327 4974 Joan.
2362 4936 2414 4984 x,
2437 4919 2528 4973 27.

2111 4990 2136 5028 ⁸³
2161 4991 2352 5054 Matth.
2375 5005 2475 5056 vn,
2511 4989 2562 5044 7.

2111 5064 2138 5102 ἱ-
2171 5061 2362 5115 Matth.
2396 5075 2532 5126 xvu,
2563 5060 2616 5114 5.

2107 5131 2140 5186 ι,
2160 5131 2352 5186 Matth.
2392 5145 2517 5186 xm.
2545 5130 2647 5196 I7;
2674 5128 2808 5184 Luc.
2837 5144 2894 5193 ι,
2925 5128 3015 5184 Ξὼ.

2110 5204 2142 5243 Ιι
2167 5201 2327 5256 Joan.
2356 5217 2411 5268 ν,
2436 5202 2536 5266 ως
2561 5200 2682 5255 Act.
2722 5215 2804 5265 ιιι,
2839 5199 2931 5254 22.

2107 5271 2126 5311 ι
2156 5272 2350 5328 Matth.
2382 5286 2519 5337 χχιι,
2545 5269 2651 5336 25.;
2674 5285 2787 5335 XIX,
2819 5269 2874 5336 8,
2898 5271 2952 5325 4.

1657 5434 1740 5490 VA
1749 5433 1892 5490 RIE
1935 5430 2341 5489 LECTIONES.

429 5566 477 5598 "
493 5569 648 5644 ᾇντος
662 5567 747 5644 _C._
813 5568 928 5644 ’τδέ
963 5568 1098 5644 add._
1124 5567 1267 5644 τερ.
1294 5570 1376 5644 Λδθ
1395 5570 1496 5644 ὅσα
1523 5568 1722 5644 excidit
1744 5585 1839 5644 ap.
1857 5570 1921 5644 ει
1974 5583 2028 5628 et
2049 5573 2106 5629 S.
2150 5643 2160 5644 ί
2185 5574 2228 5606 ⁸⁸
2253 5574 2322 5628 δι’
2346 5575 2374 5626 ὅ
2402 5574 2464 5644 t3.
2492 5573 2627 5644 πρὸς
2657 5573 2726 5644 μέ
2754 5589 2861 5629 om.
2905 5574 2969 5629 0.
3047 5565 3514 5644 °°_dxov.io_uot_(s_it_:)
3539 5567 3602 5644 9:

349 5637 393 5709 ξ
456 5637 690 5709 οὐρανοῦ
714 5641 776 5692 Ο.

351 5701 403 5762 0
431 5744 449 5774 ,
472 5701 540 5762 ιη’
560 5708 718 5777 cujus
744 5725 916 5780 marg.
950 5701 1202 5764 inonetur
1225 5701 1247 5762 τί
1272 5710 1398 5765 νόθα
1424 5711 1562 5764 κατὰ
1587 5701 1769 5784 νόμου.

881 5639 1255 5709 ⁶¹μουὸΥἱός
1283 5639 1348 5712 Ω.
1441 5639 1638 5712 ε”πτφύςΔ
1666 5642 1728 5693 o.
1780 5639 1942 5699 ὀι-ιω
1975 5647 2016 5697 o
2061 5661 2109 5701 c.
2142 5643 2180 5700 s
2210 5685 2224 5712 ,
2258 5643 2448 5699 ιδονο.

2553 5635 2785 5716 ιέγείρη
2823 5646 2881 5699 0.
2951 5643 2994 5678 ⁸⁸
3010 5642 3100 5698 καί
3131 5644 3190 5696 0.
3271 5641 3313 5672 ⁸⁷
3331 5635 3622 5711 τέιιδάληθῆΔ
