3986 6164
380 299 479 356 147

1249 296 1306 352 S.
1343 293 1738 353 CLEMENTIS
1767 293 1790 348 ι
1820 291 1991 349 ROM.
2029 287 2231 348 PONT.
2265 287 2494 345 OPERA
2522 288 2746 345 DUBIA.

3523 286 3624 342 M8

450 414 561 471 LV.
604 413 676 470 Iis
715 428 845 468 vero
899 413 994 485 qui
1064 410 1419 479 arbitrantur,
1486 409 1944 489 quemadmodum

2117 401 2228 460 LV.
2270 404 2395 468 Τοῖς
2439 403 2496 457 δὲ
2527 403 2858 473 νομίζουσιν,
2889 400 2965 466 ὡς
2992 400 3050 455 αἰ
3092 397 3306 471 Γραφαί
3343 397 3625 451 διδάσκου·ι

379 509 576 563 docent
626 504 941 576 Scriptum,
981 503 1152 560 Deum
1203 505 1410 575 iurare,
1463 503 1639 558 dicit:
1675 499 1757 556 Sit
1777 517 1946 555 sermo

377 611 568 666 vester,
593 607 694 663 est,
721 607 836 665 est;
870 606 921 651 et
956 614 1093 662 non,
1126 612 1261 660 non;
1299 595 1439 666 quod
1471 596 1611 650 enim
1654 593 1735 650 his
1776 592 1946 647 abun-

379 692 597 746 dantius
629 700 729 755 est,
756 707 788 742 a
823 688 962 744 malo
984 698 1059 743 est
1083 699 1132 744 ⁸.
1193 687 1258 743 Et
1290 687 1356 743 iis
1387 686 1480 757 qui
1533 686 1747 753 dicunt,
1775 683 1948 739 Abra-

379 782 624 850 hamum,
658 780 903 837 Isaacum
954 789 1008 835 et
1053 779 1316 836 Jacobum
1365 793 1487 834 esse
1527 788 1799 846 mortuos,
1828 777 1942 832 ait:

380 870 504 928 Non
532 880 608 926 est
640 871 780 926 Deus
810 879 1160 937 mortuorum,
1185 869 1274 924 sed
1302 869 1583 923 viventium
1609 868 1660 924 1'.
1719 868 1791 923 Iis
1848 882 1949 922 au-

379 973 486 1019 tem
513 964 606 1034 qui
644 963 812 1017 Deum
855 969 1049 1032 putant
1084 975 1206 1016 esse
1250 968 1592 1026 tentatorem,
1627 960 1767 1016 sicut
1795 959 1948 1014 aiunt

378 1055 693 1124 Scriptum,
750 1053 882 1109 dicit
913 1061 1236 1109 tentatorem
1268 1066 1391 1110 esse
1430 1051 1727 1118 diabolum,
1762 1050 1857 1122 qui
1892 1059 1948 1106 et

376 1145 604 1202 tentavit
629 1160 779 1200 eum‘
826 1143 898 1201 Iis
930 1158 1058 1199 vero
1099 1143 1194 1214 qui
1241 1141 1410 1198 Deum
1442 1142 1791 1213 suspicantur
1834 1157 1944 1197 non

373 1237 652 1308 praescire,
705 1235 826 1291 iniit
872 1254 886 1292 :
926 1234 1038 1291 Scit
1097 1235 1235 1289 enim
1264 1233 1431 1289 Pater
1479 1243 1646 1291 vester
1695 1235 1942 1302 ctelestis,

373 1331 498 1398 quia
519 1329 599 1384 his
619 1329 858 1382 omnibus
883 1328 1149 1400 indigetis,
1187 1339 1466 1398 antequam
1487 1329 1678 1400 petatis
1731 1345 1850 1383 eum
1893 1341 1942 1384 ο.

373 1420 442 1476 Et
467 1421 534 1478 iis
561 1422 655 1491 qui
692 1421 849 1492 juxta
882 1419 1193 1490 Scripturas
1217 1422 1448 1479 credunt
1481 1421 1653 1477 Deum
1685 1436 1796 1477 non
1827 1437 1945 1478 om-

374 1515 464 1569 nia
501 1528 722 1570 cernere
753 1532 766 1567 :
807 1511 990 1579 Orate,
1019 1512 1218 1582 inquit,
1247 1514 1304 1567 in
1333 1511 1663 1581 abscondito,
1700 1524 1751 1568 et
1780 1514 1944 1569 Pater

371 1612 557 1670 vester,
590 1605 680 1674 qui
713 1601 852 1656 videt
880 1601 1209 1667 abscondita,
1238 1600 1415 1656 reddet
1443 1603 1586 1658 vobis
1623 1601 1673 1655 ἀ.

2051 513 2155 561 σιν,
2185 497 2266 551 ὅτι
2291 499 2321 551 6
2346 495 2478 560 Θεὸς
2507 495 2717 568 ὀμνύει,
2739 495 2844 566 ἔφη
2860 512 2873 524 ·
2893 495 3090 548 Ἔστω
3104 490 3272 562 ὑμῶν
3290 491 3353 544 τὸ
3368 491 3470 544 ναι
3475 530 3489 556 ,
3502 491 3624 558 ναί,

2047 587 2146 642 καί
2174 587 2220 620 ⁸⁸
2245 587 2310 643 τὸ
2343 587 2436 653 οὔ,
2471 587 2543 642 οὗ
2568 605 2582 618 ·
2619 585 2682 641 τὸ
2715 586 2826 658 γὰρ
2849 584 3144 655 περισσὸν
3166 584 3390 638 τούτων
3420 584 3488 638 ἐκ
3520 583 3626 638 τοῦ

2047 681 2312 750 πονηροῦ
2343 681 2532 736 ἐστιν.
2556 680 2668 735 Καὶ
2709 683 2822 743 τοίς
2847 679 3095 750 λέγουσιν
3134 677 3214 732 ὅτι
3259 676 3507 749 Ἀϐραὰμ
3535 677 3629 732 καὶ

2059 773 2244 828 Ἰσαὰκ
2277 774 2370 828 καὶ
2403 773 2448 809 ⁸⁸
2488 771 2682 827 Ἰακὼϐ
2712 773 2981 827 ἀπέθανον
3003 771 3072 836 ⁷⁰,
3100 769 3205 842 ἔφη
3228 786 3244 802 ·
3310 773 3431 824 Οὐκ
3456 771 3629 825 ἐστιν

2049 867 2193 934 Θεὸς
2222 866 2470 936 νεκρῶν,
2515 867 2677 922 ἀλλὰ
2719 865 2965 926 ζώντων.
3001 866 3127 928 Τοῖς
3155 864 3212 917 δὲ
3243 863 3507 935 οἰομένοις
3546 863 3627 919 ὅτι

2044 961 2073 1013 6
2103 958 2234 1023 Θεὸς
2261 959 2530 1031 πειράζει,
2560 959 2636 1022 ὡς
2666 960 2722 1012 αἰ
2754 957 2968 1031 Γραιφαί
2998 955 3267 1026 λέγουσιν,
3299 955 3430 1027 ἔφη·
3467 956 3494 1007 ὁ
3532 973 3629 1008 πο-

2045 1050 2207 1122 νηρός
2237 1051 2386 1104 ἐστιν
2422 1053 2450 1105 6
2482 1049 2777 1123 πειράζων,
2811 1052 2838 1104 6
2867 1050 2961 1104 καὶ
3002 1049 3162 1103 αὑτὸν
3192 1049 3482 1120 πειράσας·
3514 1053 3630 1111 τοῖς

2043 1141 2101 1197 δὲ
2126 1143 2172 1175 τί
2219 1143 2710 1215 ὑπολαμϐάνουσιν,
2757 1144 2837 1197 ὅτι
2883 1145 2911 1196 6
2954 1142 3106 1206 Θεὸςκ
3135 1142 3194 1196 οὐ
3242 1141 3625 1214 προγινώσκει,

2045 1233 2148 1306 ἔφη
2173 1252 2187 1265 ·
2227 1235 2360 1290 Οἵδε
2391 1235 2503 1306 γὰρ
2554 1239 2586 1290 ό
2636 1235 2837 1303 Πατὴρ
2874 1234 3042 1304 ὑμῶν
3068 1235 3114 1267 ⁷³
3157 1237 3189 1289 d
3233 1233 3510 1301 οὐράνιος
3538 1233 3628 1286 ὅτι

2044 1325 2281 1396 χρῄζετε
2312 1328 2538 1382 τούτων
2563 1327 2862 1393 ἁπάντων,
2899 1327 3042 1396 πρὶν
3083 1327 3272 1383 αὑτὸν
3315 1326 3624 1392 ἀξιώσετε.

2045 1419 2171 1482 Τοῖς
2211 1418 2269 1474 δὲ
2310 1419 2678 1486 πιστεύουσιν,
2721 1419 2797 1483 ὡς
2828 1421 2884 1472 αἰ
2918 1420 3077 1490 109
3103 1421 3317 1492 Γραφαὶ
3357 1419 3626 1488 λέγουσιν,

2041 1508 2124 1562 ὅτι
2156 1510 2229 1582 μὴ
2261 1511 2440 1566 πάντα
2473 1510 2680 1582 βλέπει,
2843 1513 2918 1544 ⁷³⁸
2965 1512 3068 1566 Ἐν
3111 1510 3190 1578 τῷ
3242 1510 3482 1580 κρυπτῷ
3525 1512 3628 1564 εὗ-

2042 1605 2245 1670 χεσθε,
2277 1599 2396 1656 εἶπε
2423 1600 2624 1670 ",‘xai
2670 1608 2703 1660 ὀ
2736 1604 2940 1675 Πατὴρ
2975 1604 3162 1676 ὑμῶν,
3199 1607 3232 1661 ό
3268 1603 3519 1670 βλέπων
3558 1603 3630 1657 τὰ

2043 1696 2294 1763 κρυπτὰ,
2337 1695 2634 1752 ἀποδώσει
2658 1697 2817 1768 ὑμῖν.

441 1777 577 1835 LVI.
627 1778 1082 1834 Existimantibus
1130 1793 1294 1848 porro
1346 1777 1518 1834 Deum
1548 1795 1661 1836 non
1693 1795 1815 1836 esse
1843 1782 1942 1836 bo—

2117 1785 2250 1842 [Νι.
2291 1789 2334 1841 Τ
2337 1792 2415 1851 οἷς
2449 1788 2506 1842 δὲ
2536 1790 2800 1860 οἰομένοις
2831 1790 2993 1844 αὐτὸν
3026 1790 3100 1862 μὴ
3134 1789 3336 1859 ἀγαθὸν
3364 1783 3521 1852 εἶναι,
3552 1787 3628 1851 ὡς

372 1889 505 1928 num
529 1912 545 1938 ,
579 1881 639 1927 ut
665 1871 820 1928 aiunt
844 1868 1173 1939 Scripturte,
1198 1870 1273 1924 ita
1298 1870 1511 1925 locutus
1539 1881 1621 1927 est
1647 1890 1661 1927 :
1685 1870 1727 1923 Α
1759 1887 1862 1942 quo
1883 1887 1948 1927 ea:

375 1964 524 2018 nobis
547 1962 692 2032 ﬁlius
713 1971 847 2032 petet
874 1978 1084 2032 panem,
1102 1961 1338 2032 nunquid
1368 1961 1594 2032 lapidem
1617 1965 1842 2033 porriget
1866 1963 1952 2017 ei?

376 2059 480 2110 Aut
506 2063 555 2108 et
595 2053 792 2125 piscem
827 2061 982 2122 petet,
1028 2051 1264 2123 nunquid
1287 2063 1573 2122 serpentem
1596 2055 1646 2107 ei
1678 2055 1950 2124 porriget?

376 2141 439 2199 Si
476 2160 599 2216 ergo
627 2160 750 2213 vos,
790 2159 910 2197 cum
948 2144 1064 2197 sitis
1087 2142 1219 2198 mali
1238 2183 1254 2209 ,
1301 2145 1464 2200 nostis
1495 2145 1630 2198 bona
1653 2145 1792 2200 dona
1819 2146 1948 2200 dare

372 2236 501 2308 ﬁliis
525 2236 735 2304 vestris,
769 2242 966 2306 quanto
1004 2236 1170 2307 magis
1200 2232 1363 2291 Pater
1392 2237 1611 2293 caelestis
1641 2236 1786 2291 dabit
1815 2236 1950 2291 bona

371 2327 661 2399 petentibus
682 2343 736 2382 se
757 2336 807 2382 et
835 2326 1150 2397 facientibus
1200 2329 1520 2386 voluntatem
1561 2348 1713 2386 suam
1742 2333 1805 2387 εἳ
1854 2331 1953 2386 As-

373 2417 684 2472 serentibns
719 2425 939 2482 autem,
968 2431 1094 2471 eum
1122 2418 1177 2473 in
1212 2419 1414 2490 templo
1453 2435 1598 2486 esse,
1621 2421 1797 2475 dixit:
1831 2419 1950 2474 Νο-

375 2508 466 2562 lite
504 2509 694 2579 jurare
736 2524 828 2576 per
870 2510 1089 2578 cadum,
1123 2511 1249 2580 quia
1278 2512 1496 2566 thronus
1528 2511 1625 2565 Dei
1655 2520 1760 2578 est,
1792 2528 1952 2582 neque

371 2619 464 2672 per
487 2613 701 2670 terram,
727 2608 852 2676 quia
880 2605 1165 2662 scabellum
1187 2615 1266 2658 est
1286 2606 1478 2674 pedum
1505 2605 1617 2672 eius
1645 2604 1690 2660 ί.
1729 2603 1798 2658 Et
1819 2622 1952 2674 prae-

374 2697 758 2764 sumentihus,
792 2695 962 2752 Deum
1010 2695 1297 2752 sacriﬁciis
1341 2696 1632 2763 delectari,
1658 2696 1736 2750 ait
1768 2714 1782 2750 :
1815 2696 1950 2751 Deus

373 2786 802 2840 miscricordiam
858 2787 969 2840 vult
998 2829 1014 2854 ,
1051 2795 1102 2842 et
1133 2803 1236 2840 non
1273 2787 1540 2858 sacriﬁcia
1567 2829 1583 2855 ,
1633 2791 1952 2860 agnitionem

375 2893 548 2946 suam,
565 2888 616 2932 et
639 2894 740 2934 non
765 2881 1076 2935 holocausta
1113 2880 1161 2933 ⁸.

447 3049 608 3110 LVII.
634 3052 718 3109 Ad
760 3069 856 3112 eos
902 3066 1125 3126 autem,
1178 3059 1272 3130 qui
1304 3061 1606 3115 secundum
1639 3059 1949 3131 Scripturas

379 3144 552 3226 Deum
592 3161 716 3203 esse
754 3149 960 3204 malum
989 3151 1240 3217 credunt,
1271 3152 1386 3207 ait:
1418 3151 1500 3206 Ne
1527 3169 1608 3208 me
1631 3153 1825 3208 dicatis
1856 3154 1946 3208 bo-

376 3251 522 3304 num,
563 3253 696 3293 unus
726 3244 916 3294 etenim
962 3240 1126 3297 bonus
1155 3252 1232 3296 est
1263 3243 1314 3298 δ.
1373 3241 1440 3298 Et
1500 3260 1733 3301 rursus:
1765 3243 1946 3300 Estote

378 3325 501 3380 boni
537 3337 585 3381 et
627 3331 988 3386 misericordes
1008 3375 1024 3400 ,
1053 3334 1190 3387 sicut
1221 3332 1419 3402 Pater,
1465 3335 1554 3406 qui
1585 3337 1638 3389 in
1663 3337 1806 3391 cwlis
1834 3350 1942 3404 est,

378 3421 469 3490 qui
497 3420 660 3475 solem
683 3424 818 3476 oriri
859 3424 991 3494 facit
1031 3441 1186 3495 super
1217 3427 1376 3481 bonos
1416 3438 1469 3482 et
1513 3429 1680 3483 malos
1701 3471 1716 3498 ,
1745 3440 1795 3484 et
1821 3432 1945 3502 plu-

377 3511 517 3565 viam
542 3511 769 3567 demittit
786 3532 941 3586 super
952 3516 1128 3587 justas
1150 3527 1199 3571 et
1229 3519 1457 3588 injustas
1491 3533 1538 3576 ι.
1586 3522 1666 3576 Ad
1689 3538 1943 3591 eosvero,

377 3602 472 3672 qui
505 3602 559 3656 in
587 3617 708 3658 eam
739 3603 987 3660 fraudem
1022 3607 1226 3664 inducti
1263 3619 1412 3680 sunt,
1457 3621 1518 3666 ut
1547 3628 1670 3667 cum
1702 3612 1949 3684 Scriptu-

377 3695 458 3748 ris
495 3705 755 3751 censeant
801 3699 1005 3754 multos
1042 3715 1162 3756 esse
1193 3701 1356 3770 deos,
1387 3703 1470 3759 sic
1492 3705 1737 3775 loquitur
1762 3725 1775 3761 :
1803 3707 1945 3761 Audi

379 3783 573 3851 Israel,
598 3785 858 3843 Dominus
882 3787 1023 3844 Deus
1048 3802 1169 3847 tuus
1199 3791 1340 3847 Deus
1362 3811 1497 3850 unus
1525 3808 1602 3851 est
1632 3795 1678 3852 i.

447 3875 629 3933 LVIII.
655 3877 841 3951 Itaque
865 3878 1079 3948 Simon,
1106 3883 1410 3955 intelligens
1433 3889 1576 3957 quod
1598 3887 1794 3946 Petrus
1821 3907 1947 3948 eum

379 3980 597 4042 cogeret
631 3971 930 4044 Scripturis
954 3977 1033 4032 uti
1063 3978 1524 4049 quemadmodum
1553 3983 1740 4038 docuit
1765 3983 1945 4053 Jesus,

379 4062 791 4132 inquisitionem
818 4069 993 4124 noluit
1015 4073 1220 4127 versari
1242 4073 1387 4129 circa
1399 4089 1706 4131 sermonem
1730 4079 1796 4133 de
1809 4077 1946 4146 Deo,

378 4154 506 4211 licet
532 4155 728 4214 Petrus
753 4170 954 4231 rogatu
986 4162 1161 4233 ipsius
1201 4166 1492 4220 consilium
1526 4176 1790 4223 mutasset
1813 4213 1828 4237 ,
1859 4169 1947 4224 in-

378 4245 842 4319 quisitionemque
858 4253 1222 4310 concessisset
1254 4269 1350 4325 per
1378 4255 1857 4327 interrogationem
1885 4275 1949 4315 ac

379 4340 795 4409 responsionem
849 4344 987 4400 lieri.
1043 4345 1316 4403 Caeterum
1369 4348 1665 4420 disputatio
1714 4365 1810 4420 per
1839 4361 1948 4408 tres

2047 1878 2104 1931 αἰ
2125 1878 2340 1950 Γραιφαί
2367 1879 2634 1950 λέγουσιν,
2657 1881 2789 1952 ἔφη’
2831 1883 2970 1936 Τίνα
2985 1880 3152 1952 ὑμῶν
3171 1881 3216 1913 ⁷⁸
3245 1879 3475 1946 αἰτήσει
3498 1877 3628 1944 υἱὸς

2046 1968 2248 2038 ἄρτον,
2271 1970 2359 2042 μὴ
2393 1973 2566 2026 λίθον
2596 1971 2872 2028 ἐπιδώσει
2900 1973 3101 2040 αὐτῷ;
3131 1972 3168 2042 ἢ
3199 1971 3297 2028 καὶ
3336 1970 3508 2041 ἰχθὺν
3539 1972 3627 2023 al-

2047 2063 2240 2132 τήσει,
2289 2065 2376 2137 μὴ
2431 2065 2571 2135 ὄφιν
2623 2064 2901 2120 ἐπιδώσει
2934 2065 3135 2134 αὺτῷ;
3185 2068 3238 2121 εὶ
3288 2065 3401 2120 οὖν
3432 2065 3625 2134 ὑμεῖς,

2047 2159 2300 2228 πονηροὶ
2323 2159 2514 2226 ὄντες,
2547 2158 2750 2214 οἴδατε
2777 2158 3005 2228 δόματα
3036 2158 3226 2226 ἀγαθὰ
3257 2157 3486 2211 διδόναι
3507 2156 3629 2223 τοῖς

2047 2250 2282 2317 τέκνοις
2335 2249 2524 2321 ὑμῶν,
2583 2249 2751 2315 πόσῳ
2794 2247 3033 2318 μᾶλλον
3083 2251 3115 2304 ό
3166 2247 3367 2316 Πατὴρ
3397 2246 3564 2319 ὑμῶν
3595 2249 3629 2300 ὀ

2049 2340 2328 2409 οὐράνιος
2362 2339 2536 2394 δώσει
2558 2340 2747 2409 ἀγαθὰ
2777 2340 2898 2409 τοῖς
2924 2339 3296 2410 αἰτουμένοις
3313 2339 3498 2393 αὐτὸν
3531 2337 3629 2392 καί

2049 2431 2174 2499 τοῖς
2203 2432 2445 2486 ποιοῦσι
2490 2432 2556 2486 τὸ
2603 2431 2831 2502 θέλημα
2887 2433 3071 2489 αὐτοῦ
3091 2449 3112 2499 ;
3159 2433 3284 2494 Τοῖς
3316 2432 3371 2485 δὲ
3402 2431 3628 2485 αὐτδνπ

2048 2522 2547 2595 διαδεὸαιουμένοις
2577 2525 2635 2582 ὲν
2663 2524 2776 2595 ναῷ
2802 2526 2976 2591 εἶναι,
3033 2525 3165 2597 ἔφη·
3223 2523 3322 2593 Μὴ
3371 2524 3630 2591 όμόσητε

2049 2614 2156 2668 τὸν
2175 2614 2454 2683 οὐρανὸν,
2479 2615 2566 2669 ὅτι
2587 2616 2798 2682 θρόνος
2823 2616 2955 2670 ἐστί
2979 2617 3084 2672 τοῦ
3107 2615 3251 2669 Θεοῦ
3266 2617 3332 2681 ⁷⁷,
3347 2613 3499 2684 μήτε
3516 2613 3631 2680 τὴν

2048 2702 2194 2772 γῆν,
2231 2703 2318 2756 ὅτι
2341 2703 2672 2758 ὑποπόδιον
2702 2703 2823 2758 τῶν
2843 2703 3045 2758 ποδῶν
3071 2704 3260 2758 αὑτοῦ
3280 2703 3469 2756 ἐστιν.
3505 2704 3631 2765 Τοῖς

2049 2792 2107 2845 δὲ
2141 2791 2503 2862 προλαϐοῦσιν
2526 2831 2542 2857 ,
2576 2794 2656 2846 ὅτι
2704 2792 2903 2847 θυσιῶν
2947 2795 3199 2867 ὀρέγεται
3231 2797 3259 2849 6
3287 2795 3419 2858 Θεὸς
3442 2834 3457 2860 ν
3489 2795 3627 2866 ἔφη’

2063 2888 2125 2941 '0
2181 2887 2326 2954 Θεὸς
2367 2888 2540 2953 ἕλεος
2580 2887 2739 2942 θέλει
2771 2888 2870 2942 καὶ
2903 2891 2974 2944 οὐ
3007 2889 3223 2958 θυσίας
3252 2929 3267 2956 ,
3302 2889 3633 2959 ἐπίγνωσιν

2050 2976 2236 3033 αὐτοῦ
2263 2977 2361 3031 καὶ
2381 2979 2493 3046 οὐχ
2523 2977 3001 3050 ὁλοκαυτώματα.

2125 3067 2282 3123 LVII.
2305 3071 2432 3133 Τοῖς
2449 3068 2506 3122 δὲ
2527 3069 2868 3140 πειθομένοις
2897 3072 3062 3125 κακὸν
3091 3072 3250 3127 αὐτὸν
3284 3068 3538 3139 sive”.ch
3571 3076 3628 3127 αἰ

2009 3161 2017 3177 "
2050 3161 2265 3234 Γραφαί
2299 3161 2581 3230 λέγουσιν,
2618 3161 2751 3233 ἔφη·
2786 3161 2882 3230 Μή
2909 3181 2985 3234 με
3016 3162 3223 3234 λέγετε
3242 3164 3288 3196 ⁷⁸
3321 3165 3571 3232 ἀγαθόν·
3595 3166 3630 3217 ὁ

2043 3252 2154 3324 γὰρ
2184 3251 2402 3322 ἀγαθὸς
2433 3253 2521 3320 εἷς
2553 3253 2742 3308 ἐστιν.
2772 3255 2882 3310 Καὶ
2917 3255 3075 3309 πάλιν
3098 3257 3167 3289 ’³ο
3199 3255 3454 3310 Γίνεσθε
3484 3254 3630 3324 ἀγα-

2045 3345 2138 3400 θοί
2170 3345 2269 3402 καὶ
2299 3347 2701 3416 οἰκτίρμονες,
2743 3348 2823 3414 ὡς
2851 3350 2884 3403 ό
2916 3347 3120 3418 Πατὴρ
3151 3351 3183 3402 ό
3210 3348 3279 3402 ἐν
3308 3347 3432 3414 τοῖς
3450 3349 3628 3416 οὐρα-

2044 3440 2207 3509 νοῖς,
2242 3439 2311 3507 ὃς
2341 3441 2661 3497 ἀνατέλλει
2719 3441 2825 3496 τὸν
2874 3442 3050 3510 ἣλιον
3096 3440 3188 3494 ἐπ’
3240 3438 3481 3509 ἀγαθοῖς
3530 3437 3628 3493 καὶ

2045 3531 2353 3600 πονηροῖς,
2387 3531 2485 3586 καὶ
2516 3534 2682 3603 φέρει
2703 3532 2750 3565 ⁸ο
2783 3531 2889 3588 τὸν
2915 3531 3093 3588 ὑετὸν
3115 3531 3214 3585 ἐπὶ
3245 3531 3494 3597 δικαίοις
3529 3531 3629 3584 καὶ

2046 3623 2290 3692 ἀδίκοις.
2306 3626 2432 3688 Τοῖς
2449 3625 2505 3678 δὲ
2535 3627 2718 3698 ὴπατη
2727 3625 2910 3697 μένοις
2931 3624 3158 3688 πολλοὺς
3180 3623 3334 3687 θεοὺς
3357 3625 3622 3687 ὑπονοεῖν,

2045 3715 2121 3777 ὼς
2147 3716 2203 3770 αἱ
2221 3707 2436 3787 Γραιραὶ
2465 3715 2711 3785 λέγουσιν
2735 3757 2749 3781 ,
2778 3716 2904 3788 ἔφη’
2944 3719 3180 3783 Ἀκουε,
3217 3715 3488 3785 Ἰσραὴλ,
3509 3717 3626 3771 Κύ-

2047 3821 2175 3872 ριος
2208 3808 2242 3860 ό
2277 3807 2420 3871 Θεός
2451 3822 2568 3860 σου
2591 3806 2634 3839 ⁸⁸
2666 3807 2881 3873 Κύριος
2910 3807 2996 3874 εἷς
3023 3807 3211 3862 ἐστιν.

2121 3898 2281 3967 llo
2335 3897 2511 3952 LVIII.
2551 3900 2738 3971 Ὅμως
2765 3903 2792 3954 6
2813 3901 3018 3971 Σίμων,
3053 3900 3276 3954 συνιδὼν
3308 3902 3388 3954 ὅτι
3422 3901 3626 3972 Πέτρος

2047 3990 2208 4043 αὐτὸν
2230 3990 2451 4060 συνάγει
2478 3994 2599 4055 ταῖς
2632 3992 2876 4064 Γραφαῖς
2909 3993 3140 4065 χρῆσθαι
3169 3993 3244 4056 ὡς
3287 3993 3492 4064 Ἰησοῦς
3521 3993 3628 4046 έδί-

2045 4080 2226 4147 δαξεν,
2261 4083 2342 4145 εἰς
2373 4083 2472 4153 τὴν
2491 4083 2537 4114 "
2571 4084 2697 4155 περὶ
2727 4083 2860 4138 Θεοῦ
2904 4083 3061 4152 λόγον
3089 4083 3336 4148 ἐξέτασιν
3371 4082 3626 4153 γενέσθαι

2046 4171 2147 4224 οὐκ
2181 4171 2471 4242 ἠθέλησεν,
2506 4173 2680 4227 καίτοι
2726 4192 2790 4245 γε
2843 4175 3206 4246 μεταθεμένου
3242 4174 3338 4228 τοῦ
3379 4176 3585 4248 Πέτρου
3608 4215 3624 4242 ,

2047 4262 2124 4325 ὡς
2151 4263 2312 4326 αὐτὸς
2342 4264 2524 4335 Σίμων
2543 4262 2793 4335 ἠξίωσεν,
2822 4261 2964 4340 πρὸς
2992 4266 3185 4322 πεῦσιν
3215 4269 3309 4322 καὶ
3336 4268 3627 4340 ἀπόκρισιν

2047 4355 2301 4425 γενέσθαι
2320 4359 2420 4431 τὴν
2438 4359 2703 4424 ἐξέτασιν.
2730 4360 2875 4431 Πλὴν
2891 4363 2924 4431 ἡ
2946 4360 3172 4433 ζήτησις
3191 4361 3358 4433 τριῶν
3385 4361 3624 4433 ἐπεκρά-

379 4429 498 4486 dies
550 4431 786 4488 duravit.
842 4435 1050 4502 Quarto
1099 4453 1280 4494 autem
1327 4440 1701 4508 illucescente,
1752 4441 1941 4498 Simon

2049 4463 2209 4517 τησεν
2231 4429 2605 4522 ἡμερῶν(78).
2646 4429 3100 4521 Ἐπιφῴσπούσης
3138 4450 3194 4504 δὲ
3225 4429 3324 4524 τῆς
3363 4429 3627 4524 τετάρτης

380 4532 538 4579 nocte
555 4540 747 4582 versus
776 4527 981 4625 Tyrum
1007 4530 1305 4588 Phoenicia:
1331 4534 1594 4606 profugit.
1625 4533 1736 4593 Nec
1757 4539 1944 4596 multis

449 4649 476 4711 ξ
513 4637 702 4711 tIlittth.
732 4660 786 4711 ν,
817 4644 906 4700 57.

458 4709 486 4748 ι’
511 4708 701 4779 Matth.
735 4708 868 4779 xsn,
900 4716 989 4772 52.

458 4789 482 4852 ς
512 4777 706 4852 Matth.
740 4800 815 4851 γι,
847 4777 900 4852 8,
937 4786 1024 4842 5‘2.

450 4845 480 4884 ‘
517 4847 706 4920 Matth.
735 4845 820 4920 νι,
851 4845 906 4912 6.

455 4929 481 4956 ο
518 4917 708 4977 Matth.
736 4917 835 4993 vri,
866 4927 990 4982 9-H
1015 4946 1030 4993 ;
1060 4927 1194 4985 Luc.
1225 4947 1302 4994 ιι,
1323 4931 1506 4987 11-15.

2053 4538 2232 4610 νύχιος
2263 4539 2339 4604 ὡς
2364 4541 2457 4595 ἐπὶ
2487 4526 2660 4613 Τύρον
2691 4543 2791 4616 τῆς
2814 4543 3063 4615 Φοινίκης
3081 4542 3413 4615 ἐξώρμησεν.
3436 4545 3546 4598 Καὶ
3564 4543 3625 4597 οὗ

2130 4661 2147 4700 ί
2192 4659 2383 4714 Matth.
2415 4676 2467 4721 ν,
2501 4659 2590 4724 54,
2614 4660 2702 4717 '55.

2130 4734 2155 4772 ε
2191 4729 2380 4784 Matth.
2412 4747 2487 4796 Ix,
2519 4730 2620 4793 1'5;
2647 4747 2746 4799 xu,
2776 4731 2828 4785 7.

2124 4799 2150 4838 ιι
2191 4800 2380 4855 Matth.
2416 4816 2528 4863 xu,
2554 4801 2652 4866 i7;
2681 4800 2813 4858 Luc.
2844 4803 3093 4869 “111,19

2130 4873 2147 4912 ί
2193 4871 2326 4926 Luc.
2359 4888 2435 4936 νι,
2467 4871 2563 4934 '56;
2593 4870 2782 4929 Matth.
2815 4889 2868 4939 ν,
2897 4873 2988 4928 45.

2126 4939 2141 4990 i
2175 4941 2343 4997 Marc.
2370 4958 2469 5010 xu,
2495 4941 2584 4997 29.

1676 5044 1913 5127 unus:
1951 5053 2357 5113 LECTIONES.

454 5129 500 5162 ⁸⁸
519 5131 612 5184 καί
647 5131 852 5190 inserui
895 5153 944 5193 c.
977 5137 1041 5194 0.
1118 5141 1268 5196 σ’καί
1311 5158 1419 5197 om.
1469 5143 1530 5199 Ο.
1580 5146 1668 5201 hic
1712 5157 1766 5202 ct

550 5203 650 5290 ob}
667 5203 977 5290 ⁹ἕστινῖιῖυς
997 5211 1301 5290 Ξί-Γραφαί
1332 5198 1748 5290 λέγουᾷσιγίξέμφῆ

385 5269 524 5326 Tum
557 5271 826 5338 ἀξιώσητε
859 5277 922 5332 C.
956 5269 970 5272 ’
997 5281 1044 5312 ⁷³
1065 5281 1090 5332 ἕ

385 5315 524 5396 itii:
549 5315 972 5404 smmi).
1049 5315 1432 5407 τῖνὸεέἓέσῖἷὶν
1459 5315 1593 5411 εοὲ

383 5410 426 5442 ⁸¹
447 5411 602 5482 ὑμῶν
633 5412 690 5469 C.
771 5415 818 5448 ⁸³
835 5416 913 5474 Ita
947 5418 1030 5488 S.,
1057 5421 1149 5474 τόν
1179 5423 1240 5490 C,
1267 5421 1327 5478 Ο.

1810 5148 2178 5223 ροειβιακώϐ.
2235 5153 2302 5223 ,τρο
2337 5152 2414 5208 Ita
2444 5153 2586 5223 conj.
2617 5152 2658 5208 C
2687 5196 2702 5220 ,
2727 5152 2996 5207 ἀπέθανεν
3047 5152 3119 5208 id.
3173 5153 3226 5206 in
3261 5160 3433 5223 textu,
3462 5163 3523 5208 ut
3555 5151 3620 5223 0.

1789 5221 1911 5294 des.
1948 5221 2119 5294 in_0.‘
2169 5222 2285 5275 ⁷¹δέ
2317 5221 2779 5294 praetermiserunt
2828 5223 2911 5294 Cl,
2943 5231 2996 5278 et
3028 5223 3084 5294 S.
3161 5224 3207 5256 "
3237 5222 3390 5294 ὑμῶν
3418 5239 3527 5278 om.
3556 5222 3620 5279 Ο.

1096 5299 1167 5352 φη
1199 5298 1308 5362 orn.
1345 5283 1406 5338 Ο.
1483 5285 1618 5341 "Ita
1660 5283 1700 5341 S
1738 5283 1756 5353 ζ
1789 5289 1956 5345 εἰπών
1991 5291 2053 5358 C,
2088 5291 2150 5348 Ο.
2227 5283 2439 5365 ⁷⁵ὐμῶν
2477 5293 2680 5348 excidit
2716 5310 2802 5364 ap.
2855 5292 2919 5347 Cl
2962 5303 3015 5349 et
3039 5293 3095 5348 S.

1107 5353 1432 5430 .GE‘QUEO’TW
1459 5354 1593 5411 C01.
1700 5360 1746 5391 ⁷⁸
1776 5360 1899 5430 λέγε
1944 5363 2000 5415 Ο.
2115 5365 2160 5396 ⁷⁸
2175 5362 2436 5430 Credller,
2465 5362 2632 5420 Bcitr.
2663 5363 2705 5430 Ι,
2737 5364 2841 5419 309
2864 5361 2922 5418 S.
3034 5365 3095 5409 ⁸⁰ι

3196 5294 3242 5326 ⁷⁸
3285 5294 3625 5363 Repetuntur

2115 5361 2436 5432 "Crediier,
2465 5362 2632 5420 Bcitr.
2663 5363 2705 5433 I,
2737 5361 2841 5419 309
2864 5361 2922 5418 S.
3034 5365 3222 5436 ⁸⁰φέρε
3256 5367 3315 5432 Ο,
3341 5361 3620 5420 mendose.

1679 5538 2040 5597 VARIORUM
2074 5543 2304 5602 ΝΟΤέΕ.

430 5687 453 5698 ’⁸
527 5687 630 5706 0‘
707 5691 776 5706 Λι
880 5687 971 5706 ο“ι·

390 5687 493 5743 τῶν
524 5687 817 5761 διαλεχθεὶς
835 5687 1006 5764 αὐτῷξ
1035 5687 1170 5750 (lor.

457 5616 1018 5714 (79“:qmgllfyﬁtc
1037 5625 1246 5714 Πτριῶν
1301 5626 1714 5698 ἐπεκράτησεν
1772 5634 2016 5702 ἡμερῶν.
2057 5637 2282 5694 Constit.
2317 5641 2541 5709 apostol.
2572 5641 2666 5698 lib.
2706 5657 2783 5711 γι,
2809 5656 2930 5713 cap.
2955 5642 3027 5699 8':
3060 5644 3169 5698 Καὶ
3195 5642 3373 5714 τρίτον
3400 5643 3490 5698 ἐπ’
3517 5644 3617 5701 αὒ-
