3970 6148
307 266 402 324 ιιι

1420 258 1879 320 CLEMENTINA.
1914 293 1981 301 —
2013 256 2309 320 HOMILIA
2344 260 2429 318 ιιι.

3446 262 3544 320 ιω

308 377 443 455 μετά
468 377 670 443 πολλὰς
685 378 895 453 ἡμέρας
913 372 1076 451 ἦλθόν
1094 395 1241 445 τινες
1260 378 1369 433 τῶν
1399 380 1663 452 προόδων,
1685 378 1878 449 Πέτρῳ

1995 386 2104 445 )οει
2145 378 2343 434 diebus
2373 386 2636 434 venerunt
2668 378 2891 447 quidam
2940 393 3129 435 eorum
3155 419 3170 446 ,
3216 379 3312 448 qui
3356 380 3548 450 praeire

305 474 577 543 λέγοντες·
613 472 795 543 Σίμων
840 471 1051 544 μεγάλα
1089 471 1367 544 θαυμάσια
1399 473 1456 525 ἐν
1499 471 1659 545 Τύρῳ
1707 469 1877 525 ποιῶν

307 566 530 629 πολλοὺς
553 565 660 617 τῶν
692 565 808 618 ἐκεῖ
833 563 1207 637 κατεπλήξατο
1230 605 1246 629 ,
1279 564 1372 619 καί
1402 581 1462 617 σε
1504 564 1724 629 πολλαῖς
1760 564 1877 619 δια-

308 657 487 719 ϐολαῖς
518 656 791 727 μισεῖσθαι
821 655 1095 725 ἐποίησεν.

377 747 509 802 LIX.
560 747 745 802 Ταῦτα
776 746 1015 812 ἀκούσας
1042 748 1071 799 6
1102 746 1336 817 Πέτρος,
1362 748 1428 817 τῇ
1469 746 1697 817 ἐπιούσῃ
1724 743 1881 798 νυκτὶ

307 841 414 895 τῶν
459 838 742 912 ἀκροατῶν
778 838 870 893 τὸν
900 839 1055 910 δχλον
1100 838 1370 892 συνελθεῖν
1417 838 1698 909 ἐποίησεν·
1729 836 1881 907 ὁμῶς

311 932 649 988 συνελθοῦσιν
693 933 831 1004 ἔφη’
879 931 1187 1004 Ὀρμῶντός
1214 948 1318 1003 μου
1348 932 1393 964 ⁸⁸
1424 932 1504 996 είς
1537 930 1608 984 τὰ
1640 929 1766 1001 ἔθνη
1812 928 1884 983 τὰ

311 1025 531 1090 πολλοὺς
561 1025 719 1090 θεοὺς
746 1024 973 1095 λέγοντα
999 1064 1014 1091 ,
1048 1023 1282 1097 κηρῦξαι
1316 1025 1409 1079 καὶ
1454 1022 1662 1089 διδάξαι
1689 1025 1772 1077 ὅτι
1802 1015 1883 1088 εἷς

307 1118 451 1171 ἐστιν
475 1119 505 1171 6
528 1116 683 1181 Θεὸς,
719 1116 781 1181 δς
824 1116 1051 1189 οὐρανὸν
1092 1116 1271 1169 ἔκτισε
1311 1116 1406 1169 καὶ
1434 1115 1539 1186 γῆν
1589 1115 1684 1169 καὶ¹
1713 1114 1782 1167 τά
1826 1113 1884 1167 ἐν

302 1210 487 1275 αὐτοῖς
527 1209 707 1265 πάντα
739 1249 755 1274 ,
811 1211 959 1274 ὅπως
1006 1210 1388 1281 ἀγαπήσαντες
1439 1209 1602 1264 αὐτὸν
1648 1207 1883 1278 σωθῆναι

300 1299 623 1372 δυνηθῶσιν,
654 1299 999 1371 προλαϐοῦσα
1028 1301 1062 1371 ἡ
1097 1299 1268 1353 κακία
1305 1297 1385 1370 τῷ
1405 1298 1451 1330 ⁸⁵
1477 1298 1577 1369 τῆς
1628 1296 1885 1366 συζυγίας

300 1393 454 1465 νόμῳ
500 1392 896 1465 προαπέστειλε
946 1392 1204 1464 Σίμωνα,
1234 1391 1324 1446 ἵνα
1363 1393 1413 1445 οί
1450 1390 1721 1463 ἄνθρωποι
1747 1428 1762 1453 ,
1790 1389 1885 1441 ἐὰν

298 1487 430 1551 τοὺς
460 1485 685 1553 πολλοὺς
729 1484 884 1549 θεοὺς
913 1485 1093 1553 λέγειν
1139 1484 1477 1549 παύσωνται,
1526 1482 1886 1553 καταγνόντες

299 1579 412 1633 τῶν
456 1579 552 1633 ἐπὶ
594 1578 699 1648 γῆς
746 1576 1055 1649 λεγομένων
1078 1617 1096 1641 ,
1129 1578 1188 1629 ὲν
1234 1574 1447 1648 οὐρανῷ
1479 1573 1704 1637 πολλοὺς
1730 1572 1886 1635 θεοὺς

302 1664 443 1723 εἶναι
477 1666 771 1739 νομίσωσιν
791 1666 839 1698 ⁸⁸
860 1683 874 1696 ο
910 1666 998 1720 ῖνα
1029 1664 1297 1736 μηδέποτε
1328 1663 1391 1717 τὸ
1434 1665 1534 1735 τῆς
1588 1662 1885 1734 μοναρχίας

1978 471 2248 539 solebant,
2279 481 2335 527 et
2355 471 2615 527 dixerunt
2643 470 2804 525 Petro
2831 489 2844 524 :
2876 469 3065 525 Simon
3091 486 3316 543 magnas
3342 474 3546 542 praesti-

1980 561 2097 630 gias
2128 562 2257 633 Tyri
2283 563 2498 619 edendo
2528 564 2732 620 multos
2764 562 3068 618 incolarum
3100 562 3352 633 perculit,
3388 574 3547 635 teque

1978 656 2168 710 multis
2190 655 2481 710 calumniis
2508 656 2759 710 odiosum
2789 654 3039 709 reddidit.

2052 745 2190 801 LIX.
2229 746 2361 813 Qum
2410 757 2697 818 postquam
2746 747 2953 802 audivit
2994 744 3209 813 Petrus,
3241 745 3550 818 insequenti

1980 848 2141 895 nocte
2194 838 2507 895 auditorum
2563 839 2777 894 turbam
2829 836 2955 894 fecit
3002 838 3334 905 convenire,
3384 847 3552 908 atque

1981 934 2329 1005 congregatis
2358 933 2498 988 dixit
2531 951 2545 989 :
2579 932 2717 989 Cum
2764 948 2866 1004 ego
2890 946 3242 1003 properarem
3273 931 3339 986 ad
3363 940 3551 1001 gentes

1981 1042 2104 1097 quae
2137 1026 2339 1081 multos
2364 1026 2497 1082 deos
2508 1025 3250 1096 asserunt,praedicaturuset
3267 1022 3548 1090 docturus,

1983 1134 2152 1175 unum
2168 1134 2289 1174 esse
2301 1117 2471 1174 Deum
2488 1127 2790 1175 creatorem
2803 1117 2927 1173 coeli
2949 1123 3004 1169 et
3027 1124 3185 1171 terrae
3197 1115 3553 1186 omniumque

1984 1228 2108 1283 quae
2138 1211 2190 1267 in
2222 1211 2291 1268 iis
2321 1212 2693 1281 continentur,
2723 1227 2833 1283 quo
2860 1211 3058 1269 dilecto
3078 1218 3303 1282 possent
3323 1210 3550 1265 salutem

1985 1299 2271 1370 consequi,
2295 1301 2635 1371 praeveniens
2666 1300 2870 1356 malitia
2900 1316 2967 1356 ex
3010 1299 3414 1372 coniugationis
3440 1300 3558 1371 lege

1985 1393 2250 1463 praemisit
2296 1392 2576 1449 Simonem
2609 1433 2625 1460 ,
2680 1400 2741 1448 ut
2777 1393 3029 1449 homines
3056 1432 3072 1458 ,
3104 1393 3151 1449 si
3183 1392 3321 1449 forte
3352 1392 3556 1449 multos

1986 1484 2142 1553 deos,
2165 1484 2439 1541 damnatis
2468 1486 2536 1542 iis
2567 1486 2659 1555 qui
2687 1485 2742 1539 in
2772 1494 2920 1541 terra
2943 1486 3221 1552 dicuntur,
3246 1486 3559 1541 desinerent

1986 1574 2260 1632 afﬁrmare
2284 1618 2301 1644 ,
2326 1576 2440 1647 jam
2478 1578 2683 1633 multos
2711 1580 2764 1632 in
2820 1577 2960 1633 coelo
3008 1580 3243 1633 existere
3268 1585 3554 1648 putarent;

1987 1684 2120 1739 quo,
2155 1669 2284 1724 dum
2317 1666 2651 1725 monarchize
2678 1685 2773 1727 seu
2820 1669 3045 1727 unitatis
3072 1670 3167 1725 Dei
3196 1671 3398 1725 bonum
3430 1671 3557 1725 nul-

301 1761 637 1832 τιμήσαντες
670 1758 833 1812 καλὸν
866 1758 946 1821 είς
968 1756 1030 1810 τὸ
1055 1756 1315 1822 παντελὲς
1341 1756 1479 1828 μετά
1507 1756 1725 1811 κόλασιν
1752 1756 1886 1809 ἀπό-

1995 1761 2203 1817 latenus
2238 1761 2293 1816 in
2323 1763 2498 1831 pretio
2531 1762 2752 1831 habent,
2779 1763 2834 1818 in
2862 1771 3181 1833 perpetuum
3203 1771 3327 1833 post
3354 1762 3561 1834 suppli-

300 1848 524 1905 λωνται.
553 1850 664 1905 Καὶ
687 1848 749 1902 τὸ
776 1848 1091 1915 δεινότατον,
1127 1847 1249 1901 ἐπεὶ
1265 1847 1470 1920 ἀληθὴς
1489 1847 1643 1917 λόγος
1667 1847 1885 1918 ἀπαρά-

303 1942 505 2016 ϐλητον
539 1943 692 2013 ίσχὺν
723 1940 867 2012 ἔχει,
894 1937 1292 2011 προλαμϐάνων
1326 1940 1446 2001 ταῖς
1467 1936 1740 2001 διαϐολαῖς
1769 1935 1890 1990 πεί-

306 2035 392 2090 θει
428 2034 623 2097 αὐτοὺς
653 2033 811 2098 αὐτὸ,
850 2033 1004 2101 ιιι
1044 2031 1179 2103 μηδὲ
1204 2031 1303 2102 τὴν
1324 2031 1497 2102 ἀρχὴν
1529 2028 1887 2095 ἀναδέξασθαί

306 2144 412 2198 μου
424 2126 489 2159 ⁸⁸-
501 2127 573 2198 μή
590 2143 706 2189 πως
719 2126 747 2179 6
761 2124 1057 2179 διαϐἀλλων
1072 2124 1231 2188 αὐτὸς
1242 2122 1320 2195 τῷ
1339 2123 1452 2177 δντι
1470 2123 1713 2187 διάϐολος
1732 2122 1887 2193 ἐλεγ-

303 2220 409 2291 χθῇ
436 2258 453 2284 ,
497 2219 591 2273 κα)⁸
637 2218 667 2272 6
714 2216 921 2290 ἀληθὴς
951 2216 1105 2285 λόγος
1152 2216 1488 2285 ἀναδειχθεὶς
1534 2215 1888 2286 πιστευθῆναι

302 2310 525 2383 δυνηθῇ.
559 2310 681 2383 Χρὴ
720 2304 813 2363 οὗν
863 2326 931 2380 με
962 2308 1172 2378 ταχέως
1216 2309 1379 2361 αὐτὸν
1428 2308 1847 2364 ὲπικαταλαϐεῖν
1871 2350 1887 2377 ,

303 2404 396 2458 ῐνα
423 2404 497 2476 μή
525 2406 560 2475 ή
591 2402 811 2475 διαϐολὴ
834 2401 1198 2474 ὲγχρονίσασα
1224 2400 1507 2465 παντελῶς
1528 2401 1744 2457 πάντων
1766 2403 1888 2459 ἑπι-

305 2495 559 2567 κρατήσῃ
577 2494 643 2548 ⁸⁷.

376 2582 493 2638 LX.
546 2583 700 2638 Ἐπεὶ
724 2576 818 2638 οῦν
847 2583 929 2637 δεῖ
958 2600 1077 2638 τινα
1112 2583 1293 2656 ὁρίσαι
1323 2585 1438 2639 ἀντ’
1470 2585 1605 2657 ἐμοῦ
1638 2586 1731 2641 τὸν
1754 2586 1891 2658 ὲμδν

302 2674 723 2745 ἀναπληροῦντα
757 2675 923 2730 τόπον
948 2713 963 2739 ,
1000 2676 1100 2746 μιᾷ
1138 2676 1454 2748 προαιρέσει
1484 2675 1765 2747 δεηθῶμεν
1794 2675 1889 2731 τοῦ

302 2767 442 2821 Θεοῦ
466 2767 513 2800 ⁸⁸
558 2768 607 2821 ot
653 2768 855 2832 πάντες
878 2806 895 2832 ,
923 2768 1073 2829 ὅπως
1115 2765 1224 2819 τῶν
1256 2766 1425 2821 ὄντων
1465 2768 1525 2822 ὲν
1569 2771 1699 2841 ἡμῖν
1730 2768 1821 2823 τὸν
1842 2768 1888 2801 ⁸⁹

304 2859 593 2931 κρείττονα
622 2859 785 2924 αὐτὸς
822 2858 1087 2930 πρόδηλον
1115 2860 1317 2931 ποιήσῃ
1340 2899 1355 2925 ,
1387 2860 1477 2914 (va
1507 2860 1599 2913 ἐπὶ
1625 2862 1724 2932 τῆς
1752 2862 1888 2934 Χρι-

306 2951 434 3005 στοῦ
470 2950 734 3023 καθέδρας
765 2951 1047 3015 καθεσθεὶς
1077 2952 1177 3023 τὴν
1210 2950 1377 3006 αὑτοῦ
1422 2952 1757 3023 Ἐκκλησίαν
1795 2953 1887 3007 εὑ-

1987 1851 2073 1907 cia
2107 1852 2398 1907 intereant.
2430 1852 2701 1924 Quodque
2747 1853 3043 1924 pessimum
3078 1862 3161 1910 est
3184 1895 3201 1921 ,
3226 1854 3355 1925 quia
3398 1870 3560 1911 verus

1989 1956 2170 1998 sermo
2220 1942 2710 2013 incomparabilem
2764 1943 2927 1999 habet
2957 1943 3064 1999 vim
3087 1985 3103 2013 ,
3130 1944 3439 2015 anticipans
3469 1942 3562 1998 Si-

1989 2049 2120 2089 mon
2170 2035 2462 2093 calumniis
2506 2038 2797 2109 persuadet
2840 2039 3156 2095 hominibus
3210 2055 3278 2095 ne
3321 2054 3408 2094 me
3448 2038 3563 2095 ullo

1990 2125 2156 2181 modo
2187 2126 2479 2195 recipiant,
2510 2143 2579 2183 ne
2608 2127 2779 2197 forte,
2814 2130 2910 2201 qui
2946 2131 3341 2195 calumniatur,
3372 2145 3562 2185 revera

1989 2229 2111 2270 esse
2143 2214 2513 2272 calumniator
2543 2217 3016 2288 deprehendatur,
3051 2229 3106 2276 et
3145 2234 3214 2275 ne
3245 2235 3408 2275 verus
3447 2234 3565 2275 ser—

1992 2322 2082 2362 mo
2106 2348 2123 2375 ,
2160 2322 2286 2363 cum
2338 2308 2505 2364 fuerit
2549 2308 2854 2380 patefactus
2876 2349 2893 2377 ,
2921 2312 3070 2369 credi
3114 2311 3305 2383 possit.
3338 2307 3567 2382 Oportet

1987 2412 2119 2469 ergo
2144 2413 2231 2454 me
2258 2398 2369 2454 cito
2404 2401 2682 2456 hominem
2719 2398 2965 2472 assequi,
2982 2410 3042 2457 ut
3067 2417 3135 2457 ne
3146 2400 3423 2457 calumnia
3448 2399 3565 2456 diu-

1992 2490 2100 2547 tius
2138 2491 2429 2548 immorata
2468 2508 2658 2552 omnes
2684 2496 2900 2566 penitus
2932 2494 3172 2552 invadat.

2062 2579 2177 2637 LX.
2230 2581 2502 2649 Quoniam
2539 2585 2705 2654 igitur
2752 2600 2982 2642 necesse
3007 2596 3095 2643 est
3121 2584 3322 2656 aliquis
3359 2584 3567 2640 consti-

1990 2680 2176 2727 tuatur
2207 2674 2301 2744 qui
2325 2690 2508 2731 meum
2538 2676 2789 2746 suppleat
2822 2676 3026 2744 locum,
3060 2692 3171 2733 uno
3189 2676 3375 2731 animo
3393 2674 3565 2731 Deum

1990 2766 2174 2823 cuncti
2207 2781 2462 2832 oremus,
2496 2775 2558 2822 ut
2593 2782 2783 2823 eorum
2819 2766 2915 2838 qui
2951 2768 3092 2823 inter
3132 2782 3235 2824 nos
3267 2775 3395 2822 sunt
3427 2782 3568 2838 prae-

1992 2860 2395 2915 stantissimum
2443 2858 2795 2927 manifestet,
2843 2875 2956 2935 quo
2999 2858 3197 2918 sedens
3251 2861 3307 2919 in
3360 2858 3568 2919 Christi

1991 2949 2252 3005 cathedra
2306 2950 2480 3020 ipsius
2529 2948 2831 3008 Ecclesiam
2882 2953 2970 3023 pie
3019 2952 3382 3009 administret.
3431 2952 3570 3020 Quis

304 3042 487 3107 σεϐῶς
529 3044 807 3115 οίκονομῇ.
856 3043 952 3106 Τίς
996 3043 1107 3116 ἄρα
1154 3043 1503 3116 ὁρισθήσεται
1547 3043 1727 3109 ;Θεοῦ
1780 3043 1888 3116 γὰρ

1995 3054 2179 3099 autem
2209 3041 2618 3115 designabitur?
2650 3044 2745 3100 Dei
2792 3045 2993 3116 quippe
3024 3045 3408 3115 pronuntiatur
3438 3059 3568 3100 con-

306 3132 479 3205 βουλῇ
502 3135 549 3167 ⁹⁰
570 3134 950 3189 ἀναδείκνυται
979 3134 1249 3207 μακάριος
1284 3135 1313 3188 6
1345 3134 1630 3207 ἅνθρωπος
1652 3136 1885 3204 ἐκεῖνος,

307 3227 371 3284 ὃν
419 3229 759 3300 καταστήσει
799 3229 829 3282 6
875 3226 1062 3300 κύριος
1094 3226 1261 3282 αὑτοῦ
1308 3226 1403 3281 ἐπὶ
1452 3227 1552 3299 τῆς
1601 3227 1896 3300 θεραπείας

301 3321 413 3375 τῶν
473 3310 771 3374 συνδούλων
817 3317 983 3374 αὑτοῦ
1007 3360 1025 3384 ,
1050 3318 1146 3373 τοῦ
1186 3318 1386 3373 διδόναι
1430 3319 1611 3384 αὐτοῖς
1642 3319 1739 3385 τὰς
1768 3338 1894 3393 τρο-

304 3410 411 3481 φὰς
456 3410 517 3464 έν
560 3409 738 3481 καιρῷ
774 3408 951 3463 αὐτῶν
976 3448 991 3473 ,
1033 3410 1107 3482 μὴ
1163 3408 1509 3481 ἐννοούμενον
1538 3411 1631 3465 καὶ
1671 3410 1896 3482 λέγοντα

305 3501 364 3554 εν
416 3501 489 3572 τῇ
537 3499 737 3572 καρδίᾳ
790 3496 1286 3571 αὑτοῦσιΧρονίζει
1333 3499 1362 3553 6
1407 3498 1594 3571 κύριός
1647 3517 1749 3573 μου
1810 3500 1897 3555 ἐλ-

306 3590 452 3646 θεῖν·
492 3592 587 3645 καὶ
633 3587 871 3663 ἄρξηται
902 3590 1125 3644 τύπτειν
1168 3590 1294 3654 τοὺς
1322 3590 1663 3656 »συνδούλους
1705 3592 1892 3660 αὑτοῦ,

307 3680 506 3736 ἐσθίων
532 3681 627 3735 καὶ
651 3680 822 3734 πίνων
851 3679 992 3751 μετά
1016 3696 1077 3733 τε
1107 3679 1152 3713 ⁸⁸
1178 3678 1392 3751 πόρνων
1431 3682 1525 3735 καὶ
1560 3681 1891 3753 μεθυόντωνο

309 3773 406 3827 καὶ
446 3772 570 3843 ἡξει
596 3772 625 3826 6
657 3770 845 3845 κύριος
872 3772 919 3803 ³⁸
950 3769 1045 3824 τοῦ
1072 3768 1258 3825 δούλου
1279 3771 1490 3826 ἐκείνου
1522 3774 1580 3827 ὲν
1612 3772 1731 3845 ῶρᾳ
1832 3790 1894 3829 ου

310 3865 593 3937 προσδοκᾷ
615 3902 631 3930 ,
665 3864 761 3919 καὶ
787 3865 846 3919 ὲν
876 3863 1061 3936 ήμὲρᾳ
1151 3863 1216 3919 οὐ
1246 3863 1542 3934 γινώσκει,
1576 3866 1671 3920 καὶ
1694 3866 1897 3937 διχοτο-

313 3958 482 4029 μήσει
513 3956 696 4021 αὐτὸν,
727 3956 821 4011 καὶ
848 3955 914 4011 τδ
932 3954 1196 4011 ἀπιστοῦν
1223 3955 1391 4012 αὑτοῦ
1425 3956 1591 4029 μέρος
1624 3956 1764 4029 μετά
1788 3957 1897 4011 τῶν

310 4047 630 4121 ὑποκριτῶν
662 4048 836 4120 θήσει.
850 4069 872 4105 ι

382 4138 525 4196 LXI.
552 4140 617 4195 Εἰ
643 4139 701 4195 δέ
730 4158 815 4205 τις
833 4138 942 4194 τῶν
964 4138 1346 4208 παρεστώτων,
1367 4140 1584 4194 διοικεῖν
1602 4140 1896 4211 δυνάμενος

310 4231 410 4304 τὴν
440 4232 830 4304 ἀγνωμοσύνην
857 4231 965 4287 τῶν
990 4231 1317 4305 ἀνθρώπων,
1354 4232 1763 4297 ὑποστέλλεται,
1797 4232 1896 4303 τῆς

313 4322 482 4378 αὑτοῦ
503 4324 860 4389 ἀναπαύσεως
880 4324 1181 4393 φροντίζων
1204 4324 1393 4395 μόνης,
1414 4324 1509 4377 καὶ
1535 4322 1701 4387 αὐτὸς
1728 4340 1897 4393 προσ-

1995 3134 2121 3191 silio
2155 3135 2352 3191 beatus
2384 3136 2476 3190 ille
2511 3137 2697 3202 homo,
2728 3152 2892 3206 quem
2922 3136 3215 3193 constituet
3240 3136 3361 3208 ejus
3390 3134 3567 3191 domi-

1995 3244 2101 3284 nus
2133 3244 2297 3298 super
2326 3227 2658 3284 famulitium
2692 3243 3083 3287 conservorum
3117 3243 3342 3284 suorum
3364 3268 3380 3294 ,
3404 3235 3465 3280 ut
3478 3226 3569 3282 det

1994 3321 2105 3377 illis
2138 3321 2323 3377 cibum
2352 3320 2408 3375 in
2440 3329 2719 3391 tempore,
2750 3319 2845 3390 qui
2879 3334 2987 3374 non
3017 3320 3219 3389 cogitat
3251 3333 3315 3374 ac
3345 3317 3477 3373 dicit
3509 3318 3568 3372 in

1994 3408 2160 3464 corde
2174 3424 2347 3466 suozr
2369 3410 2573 3464 Moram
2612 3408 2745 3465 facit
2774 3408 3029 3464 dominus
3061 3424 3217 3464 meus
3248 3407 3435 3463 venire
3469 3425 3485 3463 :
3518 3406 3568 3463 si

1995 3501 2143 3558 enim
2175 3501 2257 3557 sic
2287 3502 2520 3573 cmperit
2553 3513 2839 3574 percutere
2861 3517 3191 3567 conservos,
3229 3500 3568 3558 manducans

1994 3603 2049 3651 et
2067 3594 2262 3651 bibens
2296 3610 2421 3651 cum
2457 3595 2841 3653 meretricibus
2872 3611 2937 3651 ae
2964 3594 3225 3661 ebriosis,
3262 3593 3443 3649 veniet
3468 3594 3569 3650 do-

1996 3685 2182 3742 minus
2209 3686 2353 3742 servi
2374 3686 2524 3743 illius
2550 3687 2607 3742 in
2634 3688 2769 3743 hora
2817 3702 2926 3758 qua
2955 3703 3064 3742 non
3100 3695 3282 3757 sperat
3309 3694 3363 3741 et
3396 3686 3450 3741 in
3478 3686 3569 3743 die

1997 3793 2108 3848 quo
2152 3778 2326 3834 nescit
2359 3819 2375 3845 ,
2412 3786 2468 3833 et
2498 3777 2705 3834 dividet
2736 3794 2861 3833 eum
2888 3820 2903 3845 ,
2934 3786 3255 3848 partemque
3294 3776 3415 3847 ejus
3444 3775 3570 3832 inﬁ-

1994 3869 2169 3926 delem
2202 3878 2365 3942 ponet
2394 3885 2522 3926 cum
2555 3870 2854 3943 hypocritis
2888 3883 2938 3925 ο.
2975 3887 2994 3920 ι

2068 4137 2206 4194 LXI.
2240 4136 2397 4206 Quod
2425 4124 2472 4193 si
2516 4137 2641 4209 quis
2668 4137 2964 4193 astantium
2989 4177 3004 4199 .
3032 4153 3156 4193 cum
3189 4137 3363 4209 possit
3390 4135 3568 4192 homi-

1996 4248 2128 4288 num
2162 4230 2563 4301 improbitatem
2597 4244 2811 4300 regere,
2848 4236 3027 4284 tamen
3055 4230 3340 4294 detrectat,
3371 4228 3439 4284 de
3466 4243 3569 4284 sua

2000 4321 2177 4377 solum
2204 4321 2387 4391 quiete
2415 4320 2688 4376 sollicitus
2711 4361 2728 4387 ,
2762 4328 2817 4376 et
2847 4320 2965 4390 ipse
3010 4329 3293 4391 exspectet
3326 4318 3519 4375 audire
3548 4337 3564 4374 :

313 4414 528 4470 δοκάτω
538 4414 669 4469 ἀκοῦ
678 4432 784 4470 σαι·
804 4416 991 4470 Δοῦλε
1001 4413 1226 4483 πονηρὲ
1237 4414 1334 4467 καὶ
1350 4413 1585 4483 ὀκνηρέ,
1602 4413 1722 4468 ἔδει
1742 4429 1814 4467 σε
1827 4412 1888 4466 τὸ

2001 4410 2154 4467 Serve
2201 4412 2339 4467 male
2367 4421 2417 4467 et
2454 4413 2637 4483 piger,
2690 4412 2920 4484 oportuit
2968 4420 3015 4466 te
3056 4413 3262 4467 tradere
3288 4412 3569 4482 pecuniam

320 4506 364 4578 ι
376 4507 483 4577 12
504 4506 786 4576 ἀργύριόν
798 4524 915 4576 μου
929 4505 1249 4575 προϐαλεῖν
1259 4505 1357 4559 ἐπὶ
1377 4504 1496 4559 τῶν
1513 4501 1889 4575 τραπεᾷτῶν,

313 4596 417 4655 καὶ
447 4596 565 4668 ἐγὼ
584 4597 661 4652 ἂν
679 4596 871 4652 ἐλθὼν
889 4596 1121 4666 ἔπραξα
1139 4596 1204 4651 τὸ
1224 4598 1370 4667 ἐμόν
1383 4615 1395 4626 ·
1416 4596 1696 4652 ἐκϐάλετε
1715 4596 1762 4628 ’³
1788 4596 1893 4651 τὸν

315 4689 561 4759 ἀχρεῖον
570 4688 893 4757 ὃοῦλονείς
910 4690 975 4745 τὸ
992 4691 1211 4759 σκότος
1223 4692 1287 4745 τὸ
1307 4690 1616 4760 ἐξώτερον.
1630 4689 1739 4744 Καὶ
1751 4690 1894 4745 εὐλό-

319 4798 454 4849 γως.
495 4781 598 4835 Σοῦ
626 4782 736 4854 γάρ
755 4821 771 4847 ,
798 4782 981 4855 φησὶν,
1014 4781 1289 4855 ἄνθρωπε,
1318 4784 1444 4847 τοὺς
1475 4782 1663 4851 λόγους
1690 4800 1789 4853 μου
1816 4782 1892 4846 ὡς

321 4872 584 4945 ἀργύριον
616 4874 709 4927 ἐπὶ
740 4873 1080 4945 τραπεζιτῶν
1123 4874 1362 4944 βαλεῖν⁹⁸
1391 4875 1484 4928 καὶ
1520 4874 1596 4937 ῶς
1633 4874 1891 4946 χρήματα

316 4963 630 5035 δοκιμάσαι.
686 4966 761 5019 Τὸ
809 4961 903 5019 οὖν
946 4966 1148 5038 πλῆθος
1177 4966 1285 5020 τῶν
1316 4965 1520 5019 πιστῶν
1564 4967 1644 5019 δεῖ
1675 4967 1753 5020 ἐνί
1784 4983 1889 5020 τινι

318 5055 642 5120 πείθεσθαι,
676 5058 764 5112 ἵνα
801 5057 972 5122 οὕτως
1019 5060 1078 5113 ὲν
1110 5058 1332 5130 ὁμονοίᾳ
1370 5058 1626 5112 διατελεῖν
1666 5059 1887 5130 δυνηθῇ.

318 5149 397 5203 Τὸ
426 5146 534 5219 γὰρ
578 5148 657 5211 είς
695 5149 867 5222 ἀρχὴν
913 5151 1039 5222 μιᾶς
1078 5150 1244 5221 λῆγον
1273 5150 1552 5215 ἐξουσίας,
1598 5151 1894 5223 μοναρχίας

1998 4519 2168 4557 meam
2202 4502 2574 4557 nummulariis
2595 4543 2611 4568 ,
2638 4512 2688 4557 et
2727 4519 2819 4574 ego
2869 4504 3073 4557 veniens
3106 4503 3391 4573 exegissem
3428 4501 3568 4572 quod

1999 4611 2171 4650 meum
2198 4604 2294 4650 est.
2331 4594 2524 4665 Ejicite
2552 4595 2795 4649 inutilem
2839 4613 3043 4650 servum
3070 4595 3123 4649 in
3156 4596 3390 4649 tenebras
3417 4605 3566 4650 exte-

2000 4687 2163 4742 riores
2195 4687 2244 4741 ι).
2310 4685 2375 4741 Ει
2425 4687 2642 4743 merito.
2704 4685 2883 4741 Tuum
2917 4688 3060 4742 enim
3086 4728 3101 4753 ,
3133 4686 3343 4757 inquit,
3380 4694 3496 4752 est,
3533 4701 3568 4740 o

1998 4778 2185 4846 homo,
2220 4778 2454 4849 probare
2477 4777 2642 4833 verba
2670 4794 2821 4846 mea,
2858 4788 3114 4849 tanquam
3137 4777 3281 4848 apud
3310 4792 3570 4833 nummu—
3620 4776 3623 4779 ’

2000 4869 2167 4927 larios
2196 4877 2478 4941 argentum
2511 4878 2567 4925 et
2600 4871 2887 4942 pecuniam
2927 4870 3179 4940 pendere.
3214 4868 3403 4941 Itaque
3430 4869 3568 4925 fide-

1998 4962 2132 5017 lium
2168 4962 2458 5019 multitudo
2489 4963 2583 5019 uni
2617 4963 2779 5018 debet
2811 4963 3054 5030 credere,
3093 4972 3153 5017 ut
3182 4963 3255 5018 ita
3280 4962 3456 5033 possit
3487 4963 3568 5017 vi—

1998 5070 2125 5112 vere
2156 5057 2519 5114 concorditer.
2569 5056 2727 5124 Quod
2773 5056 2917 5111 enim
2968 5055 3021 5109 in
3082 5056 3249 5112 unius
3282 5056 3567 5127 potestatis

2000 5147 2291 5219 imperium
2324 5149 2546 5216 desinit,
2587 5148 2921 5205 monarchiaa
2958 5147 3462 5221 repraesentatione,
3492 5146 3569 5202 fa-

392 5298 422 5328 ι
460 5283 653 5341 Matth.
684 5301 835 5352 xxiv,
862 5286 962 5353 48;
988 5286 1120 5343 Luc.
1144 5304 1245 5356 xu,
1268 5288 1357 5343 42.
1447 5289 1473 5329 δ
1513 5286 1703 5343 Matth.
1733 5302 1869 5353 xxv,
1893 5283 1993 5351 26;
2021 5287 2155 5345 Luc.
2192 5305 2309 5357 xix,
2337 5290 2430 5345 22.

1615 5442 1855 5499 VARIE
1902 5443 2307 5500 LECTIONES.

330 5603 445 5745 of
462 5607 665 5729 ὲῗὲξῗῗέ
686 5603 1101 5745 δϐθέἒῖῗὲῶῖέξ
1130 5617 1205 5727 “ii.

330 5743 385 5774 "
426 5743 637 5801 ἐκείνου
670 5748 873 5804 excidit
902 5741 1081 5815 ap.“
1129 5752 1181 5797 et
1211 5741 1264 5799 S.

1308 5674 1353 5706 "
1368 5674 1458 5726 τόν
1482 5672 1590 5727 oin.
1636 5672 1695 5727 C.

812 5603 963 5664 ὒντός
1000 5618 1099 5673 μου
1130 5617 1181 5672 p.
1207 5602 1483 5675 ὁρμῶντὸς
1519 5620 1619 5675 μου
1649 5604 1709 5658 Ο.
1787 5603 1833 5636 ⁸⁸
1849 5604 1997 5677 αὐτῷ
2022 5604 2082 5660 C.
2162 5600 2533 5707 ⁸⁵νοᾶιίσουσιν
2560 5600 2621 5657 C.
2699 5599 2743 5631 ⁸⁸
2764 5600 2904 5670 Lege
2929 5600 2996 5673 μέ
3021 5599 3079 5655 S.
3155 5596 3564 5668 ⁸⁷ὲπικρατήσει

823 5672 1100 5707 amamus“
1144 5671 1183 5707 [Ἴ
1308 5674 1458 5707 σορκ..
1482 5689 1567 5707 ηπ.
1636 5672 1675 5707 r
1811 5675 1947 5707 tot...
1975 5675 2018 5707 n
2072 5690 2101 5707 η
2155 5670 2194 5707 n
2306 5673 2433 5707 mna
2462 5672 2501 5707 ρ
2636 5674 2676 5706 .ι
2718 5672 2776 5707 σι
2811 5671 3271 5707 Momm-micarum
3307 5667 3367 5707 ﬁt
3412 5676 3465 5707 pl
3499 5662 3556 5707 8-

1343 5674 1458 5726 ’τόν
1482 5670 1590 5727 oin.
1636 5672 1695 5727 C.
1811 5670 2018 5731 ⁹⁰1ιιιὈ
2072 5690 2102 5729 c
2154 5670 2194 5723 D
2224 5711 2239 5734 ,
2274 5670 2525 5741 βουλ’.(].

1343 5744 1389 5776 ’³
1406 5744 1665 5813 ἐμϐάλετε
1690 5748 1749 5800 0.
1808 5748 1851 5779 ’⁸
1870 5747 2050 5818 βαλεῖν
2080 5743 2303 5813 adjunxi
2325 5760 2373 5799 c.

2636 5674 2676 5706 ιι
2718 5672 2778 5724 τε
2811 5662 3275 5742 praetermiserunt
3307 5662 3367 5736 Cl
3412 5662 3474 5722 et
3499 5662 3557 5719 S.
