3970 6148
382 306 477 363 151

1226 302 1284 358 s.
1328 286 1719 357 CLEHENTIS
1753 298 1774 353 ι
1805 295 1973 354 non.
2008 294 2209 354 PONT.
2243 293 2473 352 OP-ERA
2503 290 2730 348 num.

3517 251 3626 335 es

381 426 457 479 cit
498 429 556 476 ut
587 418 817 490 subjec‘ti
849 433 947 490 per
969 417 1174 473 bonum
1199 415 1448 472 ordinem
1483 414 1736 470 fruantur
1766 427 1940 484 pace:

2060 412 2232 477 εἰκόνι,
2260 410 2386 472 τοὺς
2418 407 2740 467 ύπείκοντας
2768 400 2916 473 αἰτίᾳ
2949 396 3204 490 εὐταξίας
3235 393 3456 490 εἰρήνης
3486 393 3625 490 amo-

381 514 475 585 qui
510 527 640 567 vero
674 525 866 566 omnes
899 509 1093 564 volunt
1145 508 1435 578 imperare,
1469 523 1571 563 nec
1603 507 1698 562 uni
1731 507 1831 562 soli
1852 521 1945 562 ce-

378 607 507 659 dere
539 645 553 670 ,
597 602 669 657 ob
720 600 1048 659 divisionem
1109 599 1327 670 penitus
1383 599 1676 656 concidant
1724 611 1946 654 necesse

377 706 484 752 est.

455 795 612 852 LXII.
648 792 753 852 Sed
783 803 835 849 et
861 803 913 850 te
940 791 1304 864 persuadeant
1332 807 1454 859 quae
1485 799 1609 848 ante
1636 790 1823 846 oculos
1849 804 1945 860 po.

382 888 489 944 sita
531 888 911 943 obversantur.
962 883 1182 940 Scilicet
1233 899 1380 938 nunc
1411 926 1426 948 ,
1480 897 1604 938 cum
1647 881 1805 936 multi
1851 895 1948 950 per

381 996 599 1035 omnem
639 987 836 1034 terram
869 977 979 1032 sint
1021 992 1204 1048 reges,
1257 975 1478 1031 assidue
1505 975 1645 1029 bella
1669 974 1944 1029 oriuntur.

384 1071 776 1142 Unusquisque
802 1070 946 1125 enim
970 1068 1316 1124 occasionem
1351 1068 1417 1122 ad
1453 1066 1653 1123 bellum
1685 1065 1854 1121 sumit
1881 1079 1950 1119 ex

382 1161 606 1218 alterius
632 1161 885 1230 imperio.
913 1159 970 1215 Si
993 1168 1178 1215 autem
1209 1174 1352 1215 unus
1389 1168 1533 1214 esset
1561 1156 1750 1212 mundi
1776 1155 1950 1225 impe-

381 1262 563 1320 rator,
601 1252 693 1309 ille
739 1252 1021 1308 desinente
1063 1251 1295 1306 bellandi
1325 1265 1487 1307 causa
1519 1258 1775 1304 aeternam
1807 1248 1948 1304 obti-

383 1349 536 1396 neret
565 1357 772 1412 pacem.
809 1340 1049 1412 Denique
1073 1342 1140 1395 iis
1162 1341 1255 1411 qui
1287 1340 1452 1395 vitam
1479 1346 1790 1410 perpetuam
1817 1354 1949 1393 con-

382 1443 712 1502 sequentur,
771 1446 941 1486 unum
1001 1430 1145 1486 Deus
1175 1431 1232 1485 in
1275 1430 1369 1485 illo
1412 1429 1616 1484 saeculo
1667 1427 1950 1484 constituit

383 1523 624 1578 universi
662 1539 841 1594 regem
869 1563 883 1589 ,
909 1531 968 1578 ut
992 1537 1086 1592 per
1114 1520 1490 1577 monarchiam
1533 1535 1639 1590 pax
1669 1519 1949 1575 exoriatur

383 1605 612 1671 stabilis.
650 1615 854 1672 Debent
890 1616 1079 1686 itaque
1108 1614 1293 1670 cuncti
1345 1629 1513 1668 unum
1560 1623 1819 1682 tanquam
1847 1611 1950 1666 vite

383 1709 576 1763 ducem
609 1709 799 1778 sequi,
829 1708 1018 1777 sicque
1072 1705 1168 1762 Dei
1217 1704 1513 1774 imaginem
1557 1705 1826 1758 honorare
1858 1720 1873 1756 :
1902 1702 1950 1756 is

2050 503 2233 557 λαύειν
2283 500 2524 572 τίθησιν·
2583 497 2644 551 τὸ
2706 495 2763 548 δέ
2792 493 2837 527 ⁸⁸
2871 493 3079 554 πάντας
3116 485 3512 560 φιλαρχοῦντας
3542 486 3624 540 ἐνὶ

2053 593 2198 665 μόνῳ
2216 589 2430 656 ὑπεῖξαι
2462 589 2536 662 μὴ
2570 587 2742 642 θέλειν
2762 627 2776 652 ,
2805 586 2898 638 καὶ
2933 583 3084 655 αἰτίᾳ
3103 583 3149 614 ’⁸
3174 580 3490 652 διαιρέσεως
3509 577 3626 649 (79)

2049 685 2268 747 πάντως
2299 683 2394 738 καὶ
2425 678 2742 752 περιπεσεῖν
2763 678 2806 710 ’⁷
2841 677 3072 748 ἔχουσιν.

2120 775 2422 832 ιΧ11.Ἀλλ’
2438 775 2518 828 ἔτι
2535 774 2639 845 μὴν
2660 770 2886 824 πειθέτω
2897 768 2966 821 τὰ
2976 769 3104 840 παρ’
3116 764 3412 835 ὀφθαλμοῖς
3421 762 3630 834 τιθέμεν

2050 885 2117 923 να
2135 869 2202 933 ⁸⁸,
2223 868 2342 932 πῶς
2357 867 2451 921 νῦν
2473 864 2680 920 πολλῶν
2699 861 2839 916 κατά
2859 862 3036 914 πᾶσαν
3059 859 3158 930 τὴν
3177 858 3278 928 γῆν
3290 856 3458 909 ὅντων
3473 854 3630 926 βασι-

2049 959 2182 1013 λέων
2204 957 2439 1028 συνεχῶς
2459 955 2678 1026 πόλεμοι
2692 954 2948 1023 γίνονται.
2972 950 3123 1019 Ἔχει
3138 947 3244 1018 γὰρ
3258 945 3487 1006 ἕκαστος
3506 942 3636 1014 πρό-

2051 1064 2213 1121 φασιν
2231 1051 2310 1113 εἰς
2329 1048 2562 1119 πόλεμον
2585 1046 2682 1116 τὴν
2703 1044 2886 1114 ἐτέρου
2907 1042 3102 1113 ἀρχὴν.
3136 1037 3260 1091 Ἐὰν
3279 1035 3337 1089 δὲ
3359 1028 3440 1098 εἷς
3535 1031 3633 1085 τοῦ

2050 1143 2250 1206 παντὸς
2281 1138 2501 1212 ἡγεμὼν
2520 1178 2534 1205 ,
2568 1134 2629 1193 οὗ
2661 1138 2865 1191 εἵνεκεν
2901 1133 3125 1204 πολεμεῖ
3155 1133 3255 1184 οὐκ
3289 1128 3428 1199 ἔχων
3458 1125 3630 1180 ἀΐδιον

2048 1235 2148 1308 τὴν
2179 1234 2400 1306 εἰρήνην
2431 1231 2562 1303 ἔχει.
2594 1229 2774 1299 Πέρας
2806 1226 2935 1297 γοῦν
2965 1228 2994 1280 ὁ
3017 1224 3150 1287 Θεὸς
3180 1225 3296 1284 τοῖς
3338 1216 3634 1308 καταξιουῗ

2053 1305 2241 1398 μένοις
2261 1324 2476 1378 αἰωνίου
2501 1323 2646 1393 ζωῆς
2668 1320 2763 1373 Eva
2791 1321 2848 1374 ἐν
2868 1317 2946 1388 τῷ
2964 1317 3085 1370 τότε
3114 1312 3270 1368 αἰῶνι
3297 1308 3520 1382 βασιλέα
3536 1305 3633 1359 τοῦ

2055 1418 2259 1480 παντὸς
2289 1415 2611 1486 καθίστη-σιν
2635 1453 2650 1476 ,
2702 1413 2790 1465 ἵνα
2845 1410 2994 1480 αἰτίᾳ
3047 1404 3342 1478 μοναρχίας
3389 1402 3635 1463 ᾶπτωτος

2055 1509 2246 1579 εἰρήνη
2291 1507 2514 1578 γένηται
2535 1505 2600 1557 ’⁸.
2642 1503 2764 1574 Χρὴ
2797 1497 2888 1555 οῦν
2921 1499 2999 1553 ἐνί
3031 1515 3134 1552 τινι
3184 1498 3259 1561 ὡς
3507 1491 3636 1552 τοὺς

2054 1597 2264 1660 πάντας
2286 1595 2533 1660 ἔπεσθαι,
2555 1595 2630 1657 ὡς
2659 1592 2843 1645 εἰκόνα
2865 1587 2997 1643 Θεοῦ
3032 1584 3431 1658 προτιμῶντας,
3456 1579 3547 1633 τὸν
3576 1579 3638 1634 δὲ

2055 1686 2250 1758 ὁδηγὸν
2283 1681 2422 1738 εἶναι
2452 1683 2553 1754 τῆς
2584 1682 2666 1745 εἰς
2694 1681 2791 1750 τὴν
2825 1679 2986 1746 ἁγίαν
3014 1674 3170 1728 πόλιν
3195 1670 3466 1741 εἰσιούσης
3495 1665 3639 1719 εἰσό-

383 1810 563 1855 autem
615 1799 809 1855 ductor
854 1799 994 1854 scire
1039 1798 1200 1854 debet
1243 1797 1424 1865 viam,
1466 1811 1575 1867 qua
1626 1795 1864 1850 intratur
1895 1794 1952 1848 in

2060 1779 2145 1833 δου
2178 1779 2538 1849 ἐπιστήμονα.

384 1901 630 1947 sanctam
664 1890 958 1946 civitatem.

455 1984 639 2040 LXlll.
670 1984 842 2051 Quem
881 1999 1012 2040 vero
1056 1983 1228 2040 alium
1278 1997 1345 2038 ex
1396 1980 1701 2037 astantibus
1733 1979 1950 2050 eligam,

383 2091 548 2146 quam
579 2075 900 2131 Zacchaeum
921 2117 937 2142 ,
995 2077 1140 2146 apud
1182 2091 1343 2147 quem
1387 2082 1443 2130 et
1474 2073 1738 2129 Dominus
1771 2081 1956 2127 noster

385 2167 662 2236 ingressus
685 2167 886 2222 mansit
913 2209 928 2235 ,
954 2166 1210 2236 judicans
1241 2167 1464 2238 dignum
1495 2181 1617 2222 esse
1651 2165 1746 2236 qui
1777 2165 1956 2219 salva-

384 2259 570 2313 retur?
615 2258 736 2324 Quo
768 2259 917 2314 dicto
963 2275 1186 2314 manum
1221 2258 1474 2330 praesenti
1513 2257 1775 2312 Zacchaeo
1831 2253 1956 2325 inji-

371 2351 557 2432 piens,
611 2351 837 2421 cogebat
885 2366 1011 2412 cum
1067 2352 1122 2406 in
1173 2367 1274 2407 sua
1331 2351 1585 2406 cathedra
1640 2351 1847 2404 sedere.
1885 2347 1956 2402 At

385 2439 678 2499 Zacchaaus
708 2443 960 2498 accidens
989 2443 1054 2498 ad
1085 2442 1249 2514 pedes
1276 2441 1395 2511 ejus
1417 2440 1647 2512 rogabat
1701 2438 1778 2493 uti
1806 2437 1956 2508 prin-

384 2537 569 2607 cipatu
619 2538 801 2608 ipsum
854 2539 1110 2593 liberaret
1142 2555 1155 2592 :
1195 2537 1468 2605 simulque
1501 2534 1860 2604 pollicebatur
1890 2546 1957 2586 ac

384 2627 598 2699 dicebat
633 2646 646 2682 :
677 2626 1030 2698 Quaecunque
1081 2627 1175 2696 qui
1209 2636 1404 2696 praeest
1437 2625 1618 2679 facere
1647 2625 1838 2688 debet,
1874 2622 1956 2677 fa-

388 2719 554 2786 ciam,
591 2727 804 2773 tantum
834 2719 971 2772 mihi
1013 2717 1155 2774 dona
1200 2733 1309 2772 non
1345 2718 1542 2772 habere
1585 2717 1691 2771 hoc
1713 2730 1952 2770 nomen:

383 2825 576 2866 vereor
605 2810 748 2866 enim
800 2809 1139 2881 principatus
1183 2826 1381 2866 nomen
1423 2809 1665 2877 induere,
1694 2810 1953 2882 quoniam

386 2904 584 2960 acerba
621 2903 824 2959 invidia
856 2912 910 2959 et
931 2903 1177 2975 periculo
1197 2903 1457 2960 abundat.

457 3061 643 3118 LXIV.
674 3060 821 3118 Dixit
839 3061 1060 3119 Petrus:
1091 3060 1150 3118 Si
1171 3063 1277 3120 hoc
1305 3063 1533 3130 vereris,
1560 3064 1671 3121 noli
1701 3064 1954 3135 princeps

385 3156 592 3222 vocari,
620 3156 715 3212 sed
740 3157 1074 3212 constitutus
1099 3156 1218 3227 (seu
1249 3156 1582 3231 praefectus),
1610 3173 1728 3214 eam
1756 3159 1957 3228 quippe

387 3249 806 3319 appellationem
845 3248 1109 3306 Dominus
1138 3249 1412 3305 concessit
1467 3264 1566 3319 per
1613 3249 1729 3305 haec
1751 3250 1952 3306 verba:

385 3339 582 3396 Beatus
617 3341 706 3396 ille
727 3341 900 3408 homo,
927 3358 1078 3412 quem
1101 3342 1218 3411 ejus
1238 3342 1481 3396 dominus
1503 3343 1782 3396 constituet
1803 3359 1958 3412 super

386 3433 713 3502 fantulitium
735 3451 1098 3490 conservorum
1145 3451 1361 3490 suorum
1385 3447 1436 3490 ι.
1476 3432 1633 3500 Quod
1660 3435 1707 3490 si
1731 3434 1957 3489 omnino

384 3525 592 3596 refugis
615 3526 836 3597 agnosci
885 3541 985 3597 pro
1006 3541 1070 3582 eo
1091 3527 1184 3597 qui
1219 3527 1418 3582 habeat
1439 3527 1777 3597 gubernandi
1804 3538 1958 3598 pote-

386 3627 601 3685 statem,
625 3618 879 3689 ignorare
906 3619 1134 3686 videris,
1159 3618 1463 3689 professam
1491 3620 1834 3689 praesidentis
1859 3635 1955 3690 po-

385 3719 634 3767 testatem
667 3711 899 3765 multum
927 3711 1110 3767 valere
1162 3713 1230 3767 ad
1275 3712 1704 3784 persuadendam
1734 3712 1956 3770 ﬂecten-

384 3803 620 3874 damque
669 3803 899 3874 plebem.
950 3801 1013 3857 Ei
1066 3805 1266 3875 quippe
1319 3817 1580 3878 tanquam
1631 3816 1956 3878 potestatem

385 3897 582 3967 adepto
603 3896 836 3952 credunt
859 3897 1101 3968 singuli,
1158 3901 1553 3956 conscientiam
1604 3917 1704 3972 pro
1761 3917 1957 3972 magna

389 3989 716 4044 necessitate
762 3989 1043 4046 habentes.
1093 3990 1233 4057 Quid
1263 4008 1414 4060 vero,
1471 4011 1654 4049 nonne
1705 4004 1760 4051 et
1811 4005 1956 4051 certo

385 4081 519 4148 scis,
543 4089 594 4136 te
616 4095 726 4136 non
773 4089 831 4134 ut
855 4081 1130 4152 principes
1165 4085 1404 4155 gentium
1439 4087 1710 4155 imperare
1737 4088 1954 4154 debere,

385 4172 479 4228 sed
511 4181 568 4226 ut
606 4186 824 4228 servum
853 4174 1163 4231 ministrare
1213 4176 1530 4234 hominibus
1555 4219 1571 4246 ,
1638 4188 1696 4234 ut
1745 4189 1954 4249 patrem

387 4267 526 4321 tueri
545 4265 743 4336 injuria
768 4265 1012 4334 allectos,
1038 4277 1102 4323 ut
1121 4269 1393 4324 medicum
1423 4271 1660 4336 visitare,
1688 4280 1748 4326 ut
1773 4283 1957 4342 pasto-

383 4373 502 4428 rem
531 4359 828 4426 custodire,
862 4375 972 4415 uno
999 4361 1186 4427 verbo,
1217 4371 1447 4419 cunctas
1489 4379 1589 4434 pro
1635 4365 1953 4420 eorumdem

2126 1976 2459 2036 LXlll.T£va
2495 1974 2552 2029 δὲ
2593 1972 2748 2028 ἄλλον
2780 1973 3077 2045 αἰρὴσομαι
3115 1969 3223 2022 τῶν
3251 1965 3530 2039 παρόντων
3550 2004 3565 2029 ,
3599 1963 3636 2035 ἢ

2055 2073 2344 2143 Ζακχαῖον,
2366 2067 2502 2138 πρὸς
2534 2065 2689 2135 113
2719 2063 2777 2116 ὃν
2808 2064 2902 2116 καὶ
2937 2065 2964 2115 ὁ
2997 2061 3200 2132 Κύριος
3233 2056 3389 2130 ἡμῶν
3425 2057 3491 2088 ⁸⁸⁸
3520 2059 3639 2109 εἰσ-

2063 2164 2155 2220 ιὼν
2193 2161 2536 2218 ἀνεπαύσατο
2557 2199 2570 2224 ,
2604 2157 2697 2212 τοῦ
2742 2155 3008 2221 σώζεσθαι
3053 2153 3247 2226 κρίνας
3278 2147 3425 2215 ἄξιον
3459 2145 3640 2216 εἷναι;

2056 2257 2167 2312 Καὶ
2197 2256 2354 2309 τοῦτο
2387 2251 2556 2307 εἰπὼν
2582 2291 2596 2318 ,
2669 2248 2980 2320 παρεστῶτι
3032 2246 3110 2317 τῷ
3152 2243 3405 2314 Ζακχαίῳ
3437 2241 3641 2295 ἐπιϐα-

2055 2347 2162 2404 λὼν
2220 2349 2319 2420 τὴν
2365 2348 2522 2418 χεῖρα
2551 2383 2566 2412 ,
2635 2341 2882 2406 ἐϐιάζετο
2949 2340 3039 2393 ἐπὶ
3093 2337 3194 2409 τὴν
3247 2335 3412 2390 αὑτοῦ
3475 2333 3644 2388 καθε-

2059 2443 2250 2514 σθῆναι
2313 2438 2601 2510 καθέδραν.
2648 2436 2705 2490 Ὁ
2754 2434 2812 2487 δὲ
2860 2433 3127 2501 Ζακχαῖος
3169 2425 3495 2514 προσπεσὼν
3523 2427 3642 2514 τοῖς

2057 2512 2214 2586 ποσὶν
2235 2527 2398 2584 αὐτοῦ
2430 2528 2627 2592 ἐδέετο,
2658 2526 2806 2587 ὅπως
2837 2521 2930 2575 τοῦ
2957 2521 3144 2593 ἀρχειν
3176 2517 3336 2572 αὐτὸν
3365 2512 3638 2584 ἀπολύσῃ,

2060 2622 2198 2694 μετὰ
2220 2621 2313 2674 τοῦ
2339 2616 2712 2688 ὑπισχνεῖσθαι
2741 2614 2836 2668 ml.
2862 2612 3060 2680 λέγειν,
3085 2611 3165 2664 ὅτι
3185 2608 3358 2661 ὁπόσα
3381 2604 3509 2660 ποτέ
3526 2605 3636 2676 χρὴ

2054 2716 2145 2769 τὸν
2191 2715 2426 2786 ἄρχοντα
2474 2713 2646 2764 ποιεῖν
2668 2750 2683 2776 ,
2731 2709 2940 2780 ποιήσω
2961 2746 2976 2770 ,
3015 2704 3173 2776 μόνον
3223 2720 3310 2774 μοι
3360 2701 3421 2754 τὸ
3463 2699 3638 2770 ὄνομα

2055 2803 2215 2858 τοῦτο
2271 2803 2345 2876 μὴ
2406 2801 2549 2872 ἔχειν
2605 2798 2854 2870 χάρισαι·
2910 2794 3240 2866 εὐλαϐοῦμαι
3285 2791 3392 2863 γὰρ
3433 2791 3493 2843 τὸ
3535 2788 3638 2859 τῆς

2056 2896 2230 2968 ἀρχῆς
2282 2889 2604 2946 ἐνδύσασθαι
2664 2889 2862 2960 ὄνομα*
2908 2884 3105 2957 πικροῦ
3134 2883 3243 2955 γὰρ
3294 2881 3488 2951 φθόνου
3538 2879 3639 2934 καὶ

2055 2985 2300 3041 κινδύνου
2329 2985 2509 3054 γέμει.

2128 3077 2317 3134 LXIV.
2350 3078 2461 3130 Καὶ
2487 3077 2515 3130 ὁ
2536 3074 2744 3146 Πέτρος
2765 3071 2890 3147 ἔφη’
2923 3069 2988 3125 Εἰ
3021 3067 3180 3123 τοῦτο
3201 3063 3422 3135 εὐλαϐῇ,
3448 3061 3638 3134 ἄρχων

2063 3172 2160 3245 μὲν
2189 3170 2262 3242 μὴ
2305 3167 2494 3232 καλοῦ,
2528 3165 2666 3220 ἀλλά
2687 3168 2716 3220 ὁ
2751 3161 3051 3228 καθεστὼς,
3097 3157 3258 3213 τοῦτο
3289 3155 3383 3211 τοῦ
3423 3152 3640 3224 Κυρίου

2058 3263 2348 3325 δεδωκότος
2377 3259 2652 3331 λέγεσθαι,
2683 3256 2761 3328 τῷ
2792 3257 2986 3309 εἰπεῖν’
3017 3250 3318 3318 Μακάριος
3350 3250 3384 3302 ὁ
3414 3245 3640 3314 ἅνθρω-

2058 3368 2172 3421 πος
2195 3352 2424 3417 ἐκεῖνος
2445 3393 2459 3419 ,
2494 3350 2567 3406 ὃν
2592 3346 2960 3414 καταστήσει
3001 3347 3035 3402 ὁ
3063 3345 3266 3410 κύριος
3297 3339 3482 3394 αὐτοῦ
3535 3337 3642 3392 ἐπὶ

2059 3447 2169 3516 τῆς
2201 3444 2514 3513 θεραπείας
2543 3441 2660 3496 τῶν
2690 3438 3049 3496 συνδούλων
3078 3434 3286 3490 αὐτοῦ.
3310 3433 3376 3486 Εἰ
3407 3431 3466 3485 δὲ
3497 3446 3641 3484 πανι-

2059 3539 2226 3604 τελῶς
2256 3539 2318 3591 ού
2352 3536 2524 3598 θέλεις
2551 3533 2856 3604 γνωσθῆναι
2909 3529 2991 3583 ὅτι
3023 3526 3272 3593 ἐξουσίαν
3317 3523 3640 3594 διοικήσεως

2059 3630 2224 3702 ἔχεις,
2258 3630 2472 3698 ἀγνοεῖν
2525 3643 2614 3697 μοι
2651 3625 2851 3693 ἔοικας,
2897 3623 2979 3675 ὅτι
3035 3623 3068 3693 ὴ
3101 3615 3504 3690 ὁμολογουμένη
3539 3613 3640 3666 τοῦ

2003 3746 2032 3777 n
2060 3720 2534 3794 προκαθεζομένου
2565 3717 2784 3785 ἐξουσία
2816 3715 2949 3769 πολύ
2977 3733 3030 3768 τι
3061 3713 3278 3766 δύναται
3304 3708 3436 3780 πρὸς
3459 3707 3638 3760 δυσω-

2059 3816 2189 3869 πίαν
2221 3814 2314 3867 τοῦ
2347 3811 2605 3884 πλήθους.
2669 3810 2757 3874 Ὡς
2792 3810 2808 3840 ⁸
2842 3807 2950 3880 γὰρ
2973 3805 3216 3876 εἰληφότι
3255 3803 3351 3874 τὴν
3383 3799 3636 3864 ἐξουσίαν

2056 3907 2287 3969 ἕκαστος
2319 3905 2599 3966 πείθεται,
2639 3903 2716 3964 ὡς
2750 3899 2989 3972 μεγάλην
3020 3897 3264 3967 ἀνάγκην
3310 3893 3411 3964 τὴν
3455 3888 3634 3944 συνεί-

2057 4000 2212 4071 δησιν
2250 3998 2406 4068 ἔχων.
2445 3995 2509 4048 Τί
2540 3995 2598 4049 δὲ
2630 3995 2752 4064 οὐχὶ
2798 3993 2892 4046 καὶ
2924 3988 3181 4060 ἀσφαλῶς
3210 3985 3515 4056 γινώσκεις,
3551 3981 3638 4033 ὅτι

2057 4092 2155 4163 οὐχ
2186 4092 2261 4156 ὡς
2279 4093 2327 4144 οἰ
2367 4090 2621 4162 ἄρχοντες
2665 4085 2773 4140 τῶν
2803 4084 2971 4139 ἐθνῶν
3000 4083 3187 4154 ἄρχειν
3218 4081 3378 4152 ἔχεις,
3412 4076 3526 4130 ἀλλ’
3557 4074 3634 4137 ὡς

2057 4184 2240 4249 δοῦλος
2264 4185 2445 4248 αὐτοῖς
2481 4178 2786 4253 ὑπηρετῶν,
2831 4179 2906 4242 ὡς
2952 4177 3134 4247 πατὴρ
3183 4169 3552 4242 ἀδικουμένοις
3585 4169 3630 4232 ',

2059 4278 2135 4341 ὡς
2170 4278 2349 4350 ἰατρὸς
2397 4273 2895 4344 ἐπισκεπτόμενος,
2947 4269 3023 4333 ὡς
3073 4267 3276 4338 ποιμὴν
3321 4262 3630 4334 φυλάσσων,

2062 4369 2295 4424 συνελὼν
2315 4371 2425 4442 ἐρῶ
2445 4411 2460 4435 ,
2493 4368 2594 4432 τὰς
2630 4367 2808 4430 πάσας
2845 4363 2985 4434 ὑπὲρ
3015 4362 3114 4434 τῆς
3153 4358 3331 4413 αὐτῶν
3362 4353 3636 4427 σωτηρίας

386 4455 562 4510 salute
607 4453 888 4523 suscipere
940 4467 1104 4511 curas
1121 4455 1144 4510 ’ἶ
1190 4455 1274 4510 An
1331 4464 1492 4526 putas
1539 4456 1793 4526 ignorare
1847 4473 1953 4524 me,

2060 4463 2345 4536 φροντίδας
2384 4461 2556 4533 ἔχωνς
2608 4461 2729 4514 Ὅτι
2766 4458 2867 4511 οἴει
2907 4457 3119 4528 ἀγνοεῖν
3157 4470 3245 4524 με,
3279 4451 3423 4515 οἴους
3453 4447 3637 4519 καμά-

384 4547 574 4618 quales
595 4556 647 4602 te
673 4546 995 4616 compellam
1022 4547 1238 4604 labores
1269 4563 1508 4616 sumere,
1536 4549 1664 4603 dum
1690 4558 1742 4604 te
1771 4549 1895 4606 volo
1921 4566 1954 4604 a

2060 4573 2186 4620 τους
2215 4553 2567 4620 ἀναδέξασθαί
2600 4570 2658 4606 σε
2692 4549 2965 4623 βιάζομαι,
3001 4547 3105 4602 ὑπὸ
3135 4545 3305 4617 ὁχλων
3355 4538 3636 4614 κρίνεσθαί

382 4641 540 4726 plebe
568 4639 827 4710 judicari,
881 4639 971 4694 cui
1005 4640 1222 4708 placere
1275 4655 1437 4694 nemo
1471 4640 1587 4696 ullo
1633 4641 1815 4697 studio
1855 4659 1955 4714 po-

388 4742 522 4802 test;
555 4749 678 4789 cum
704 4733 942 4788 maxime
960 4731 1080 4787 ﬁeri
1117 4741 1301 4802 queat,
1335 4742 1415 4800 ut,
1440 4733 1534 4803 qui
1582 4732 1720 4789 bene
1760 4749 1955 4804 Opera-

387 4834 496 4895 tur,
526 4826 639 4883 Deo
666 4835 856 4897 gratus
875 4825 1094 4882 existat.
1129 4823 1398 4892 Quocirca
1427 4841 1526 4884 oro
1558 4835 1630 4894 te,
1668 4834 1729 4882 ut
1756 4827 1955 4883 alacri-

456 4953 485 4982 a
518 4941 708 4998 Matth.
744 4959 896 5012 xxiv,
928 4944 1023 5014 ﬂ;
1054 4941 1188 4999 Luc.
1223 4959 1323 5014 xu,
1349 4940 1444 4999 44.

2066 4647 2227 4719 lliI
2251 4664 2311 4700 σε
2343 4646 2529 4711 ἀξιῶν,
2563 4640 2644 4708 οἷς
2661 4643 2852 4716 ἀρέσαι
2878 4641 3000 4696 τινὰ
3021 4640 3297 4712 ἀμήχανον
3317 4653 3331 4703 ;
3353 4633 3470 4704 Θεῷ
3492 4631 3550 4685 δέ
3570 4623 3636 4683 εὖ

2062 4740 2369 4812 πράττοντα
2400 4739 2421 4770 ⁸
2451 4734 2945 4793 δυνατάνιατον.Διὸ
2963 4733 3151 4804 δέομαι
3172 4728 3464 4805 προθύμως
3503 4725 3636 4778 ἀνα-

2060 4829 2333 4897 δέξασθαι,
2357 4831 2443 4887 διά
2477 4830 2607 4885 Θεὸν
2625 4829 2667 4896 ⁸,
2697 4829 2784 4883 διὰ
2799 4826 3059 4902 Χριστὸν,
3095 4823 3235 4893 ὑπὲρ
3266 4822 3363 4890 τῆς
3389 4813 3634 4886 ἀδελφῶν

1687 5035 1919 5092 VARUS
1954 5035 2360 5094 LECTIONES.

450 5153 502 5186 "
520 5151 832 5227 Legendum
851 5155 931 5227 τῷ
961 5156 1021 5210 δέ
1052 5157 1111 5212 S.
1185 5157 1422 5212 ⁹⁶αίτίαν
1449 5172 1566 5221 var.
1609 5156 1735 5211 lect.
1797 5170 1885 5226 ap.
1931 5154 2182 5227 Turrian.
2229 5152 2337 5207 Pro
2365 5156 2517 5225 epist.
2545 5151 2733 5224 pontii.
2759 5167 2814 5218 v,
2873 5149 2954 5227 9._
3003 5149 3048 5227 ’ἶ
3076 5147 3261 5227 πεσεῖν
3285 5143 3347 5199 C.
3425 5142 3471 5227 ξδ
3486 5140 3636 5227 γινό-

389 5222 625 5326 ltili

724 5225 769 5255 ⁹⁹
803 5213 1027 5298 γένηται
1093 5231 1154 5283 0.
1194 5227 1292 5298 ,lta
1338 5213 1622 5298 legendum
1677 5241 1800 5298 esse
1833 5213 1994 5298 'notat
2041 5225 2079 5279 S
2108 5213 2472 5298 ,Aquanqnarn
2497 5213 2577 5298 _e't
2633 5213 2748 5292 Ipse
2789 5213 3157 5298 repetitdect.
3188 5215 3250 5269 Ci
3316 5213 3628 5298 γεγέωται,

435 5293 628 5367 θ-ὴμῶν
655 5283 1018 5367 όθςξιέρῖοι
1097 5297 1212 5367 ’τῷ
1239 5283 1684 5366 εοηὶοὍ--δθίι·
1715 5297 1815 5367 τήν
1860 5297 1984 5367 θαά.
2023 5312 2072 5352 c-
2111 5283 2196 5367 '9:
2253 5283 2673 5367 ῗξῖακηδόμὶνοξ
2708 5283 2928 5367 ςοηὶ-’θ
2955 5329 2970 5354 ν
2995 5287 3291 5367 ἀῖὶώμενές
3322 5285 3416 5367 '9‘.
3431 5283 3634 5367 δεδέξοαεν

388 5349 686 5438 υἰῶῦᾼοοηῇ.
721 5349 807 5420 Cl.
835 5349 947 5437 Ego
976 5349 1690 5437 scribendum'putaverini
1729 5349 2080 5438 ἀδικούμενος
2112 5365 2171 5421 S.
2246 5365 2415 5418 ³Θεὸν
2437 5349 2595 5416 ’δὲἐὗ
2631 5349 2938 5433 πράττοντα
2958 5349 3184 5411 ’πείθεὶν
3215 5356 3276 5411 C.
3353 5351 3477 5407 δδιά
3497 5349 3630 5405 Θεόν

387 5449 500 5491 om.
523 5435 584 5489 Ο.

1694 5527 2058 5584 VARIORUM
2092 5526 2320 5586 NOTAE.

457 5645 572 5716 (79)
609 5647 718 5700 Καὶ
745 5648 901 5714 αἰτίᾳ
923 5641 1280 5715 διαιρέσεως.
1314 5645 1486 5704 Habet
1531 5643 1837 5703 Turrianus
1900 5644 1997 5700 lib.
2036 5659 2086 5712 ν,
2147 5646 2250 5700 Pro
2289 5639 2536 5712 epistolis
2565 5637 2882 5710 pontiﬁcum
2921 5653 3042 5710 cap.
3093 5638 3161 5704 9,
3202 5634 3410 5703 αἰτίαν,
3445 5632 3637 5692 minus

389 5714 700 5788 benc.‘,‘.or.
