3970 6148
311 265 412 326 155

1428 267 1958 342 unusunus.—

1980 269 2270 330 HOMILIA
2298 267 2386 332 III.
3436 282 3542 341 154

311 349 576 454 σωτηρίας
599 421 615 448 ,
670 372 810 453 ὖπὲρ
839 379 1016 434 αὐτῶν
1046 381 1067 412 ³
1100 381 1412 453 οἰκονομίας
1442 384 1536 438 καὶ
1581 387 1680 456 σῆς
1728 385 1860 456 ὠφε-

1977 397 2058 442 ter
2087 389 2463 460 episcopatum
2500 390 2790 460 suscipias,
2823 399 3042 462 propter
3069 392 3349 451 Christum
3369 435 3386 464 ,
3438 413 3540 469 pro

217 514 222 518 -
307 473 471 538 λείας.

375 648 534 706 LXV.
570 650 678 704 Καὶ
705 647 767 702 τὸ
796 647 982 720 ἕτερον
1014 649 1071 704 δὲ
1089 649 1324 718 λόγισαι,
1353 650 1458 716 ὅτι,
1481 649 1669 724 ὥσπερ
1694 653 1874 724 κάμα-

305 759 396 796 τον
428 743 519 796 καὶ
565 741 806 795 κίνδυνον
849 741 963 813 ἔχει
1011 742 1073 795 τὸ
1108 742 1209 812 τὴν
1264 742 1503 814 Χριστοῦ
1550 745 1873 817 Ἐκκλησίαν

305 837 620 905 οἰκονομεῖν,
662 834 900 906 τοσούτῳ
936 833 1137 906 μείζων
1178 835 1206 888 ὁ
1241 835 1448 906 μισθός·
1500 836 1614 890 ἀλλ’
1650 836 1729 890 ἔτι
1765 839 1872 910 μὴν

307 928 395 980 καὶ
422 929 452 998 ή
486 925 704 990 κόλασις
729 927 928 998 μείζων
953 925 1034 997 τῷ
1063 927 1342 998 δυναμένῳ
1375 929 1468 980 καὶ
1497 928 1868 1000 ἀπειθήσαντι.

303 1016 560 1088 Βούλομαι
589 1013 702 1082 οὖν,
724 1017 1194 1090 πολυμαθέστερον
1212 1018 1367 1082 εἰδώς
1381 1035 1440 1072 σε
1458 1019 1567 1073 τῶν
1590 1019 1873 1091 παρεστώ-

299 1125 422 1171 των,
459 1108 722 1172 δανείζειν
744 1093 774 1140 ”⁶
807 1109 978 1172 καλὰς
1009 1107 1250 1180 γνώμας,
1279 1108 1346 1173 ἃς
1372 1111 1524 1182 παρὰ
1551 1111 1645 1165 τοῦ
1666 1113 1869 1183 Κυρίου

298 1200 674 1254 πεπίστευσαιο
729 1203 873 1266 Ἵνα,
903 1202 1010 1267 Εὖ,
1045 1201 1230 1257 δοῦλε
1295 1201 1478 1273 ἀγαθὲ
1522 1201 1622 1256 καί
1672 1201 1868 1266 πιστὲ,

296 1291 554 1366 ἀκούσῃς,
588 1293 684 1346 καὶ
719 1293 795 1364 μὴ
827 1295 848 1327 ’ί
882 1292 1073 1366 ὥσπερ
1105 1295 1134 1349 ὁ
1165 1294 1226 1347 τὸ
1253 1293 1311 1346 ἓν
1329 1293 1651 1366 ἀποκρύψας
1677 1293 1872 1347 τάλαν-

293 1399 403 1448 τον,
436 1383 690 1455 ἔγκλημα
736 1384 916 1440 λαϐὼν
963 1386 1184 1440 κολάσει
1215 1385 1516 1450 ὑπεύθυνος
1567 1386 1865 1458 ἀναφανῇς.

294 1474 356 1526 El
382 1475 440 1529 δὲ
477 1477 553 1547 μὴ
589 1475 767 1546 βούλει
801 1477 1004 1546 ἀγαθὸς
1029 1476 1201 1548 φύλαξ
1224 1478 1556 1550 καταστῆναι
1576 1478 1598 1511 ⁸
1623 1479 1718 1550 τῆς
1756 1480 1873 1532 Ἐκ-

290 1565 537 1638 κλησίας,
566 1567 752 1640 ἕτερον
771 1569 892 1621 ἀντὶ
925 1567 1020 1622 σοῦ
1046 1569 1302 1642 μήνυσον,
1339 1568 1432 1624 σοῦ
1466 1569 1869 1640 πολυμαθέστε-

294 1675 384 1729 ρον
413 1660 507 1712 καὶ
538 1659 876 1731 πιστότερον.
915 1661 1051 1714 Ἀλλ’
1072 1661 1093 1693 ⁹
1115 1661 1177 1716 οὐ
1200 1660 1410 1724 δώσεις·
1438 1662 1502 1716 σὺ
1531 1661 1641 1734 γὰρ
1674 1659 1865 1733 καὶτῷ

1976 478 2206 536 fratrum
2231 481 2426 549 salute,
2451 496 2552 552 pro
2581 484 2893 539 earumdem
2925 486 3338 557 gubernatione,
3363 497 3417 546 et
3446 500 3540 550 tua

1973 573 2227 630 utilitate.

2046 663 2212 720 LXV.
2239 665 2401 721 Aliud
2429 665 2592 722 etiam
2623 676 2838 738 reputa,
2867 671 3033 739 quod,
3081 673 3224 728 sicut
3255 674 3440 731 labore
3483 685 3542 734 et

1973 756 2220 826 periculo
2249 773 2360 814 non
2397 768 2564 826 caret,
2621 760 2928 831 gubernare
2972 760 3271 820 Ecclesiam
3309 768 3537 833 Christi,

1972 863 2038 904 eo
2066 850 2244 919 major
2292 859 2376 905 est
2408 866 2639 917 merces,
2689 853 2783 907 scd
2813 862 2866 907 et
2915 855 3092 924 major
3139 871 3298 925 paena
3338 859 3388 914 ei
3444 863 3539 932 qui

1971 949 2175 1010 potest,
2203 951 2424 996 recusat
2466 951 2670 997 tamen.
2707 943 2881 1014 Cupio
2925 945 3110 1016 igitur,
3137 948 3231 1017 qui
3278 957 3328 1004 te
3368 953 3536 1006 sciam

1971 1032 2270 1087 astantium
2293 1034 2749 1102 eruditissimum,
2781 1036 2979 1092 faenori
3003 1039 3096 1093 des
3132 1040 3390 1108 pulchras
3408 1059 3537 1098 sen-

1973 1125 2192 1191 tentias,
2230 1141 2352 1195 quat
2401 1127 2498 1182 tibi
2549 1143 2580 1182 a
2612 1127 2842 1185 Domino
2873 1131 3083 1186 traditae
3111 1141 3278 1200 sunt;
3327 1144 3386 1190 ut
3434 1152 3537 1190 au-

1971 1215 2126 1271 dias:
2153 1215 2298 1287 Euge
2321 1235 2463 1273 serve
2489 1219 2618 1274 bone
2643 1230 2691 1274 et
2722 1221 2894 1290 ﬁdelis
2922 1234 2972 1291 ι,
3022 1233 3075 1279 et
3124 1240 3254 1292 non,
3277 1229 3540 1295 quemad-

1972 1307 2196 1362 modum
2219 1310 2314 1379 qui
2336 1326 2506 1365 unum
2543 1312 2803 1368 talentum
2835 1315 3141 1381 abscondit,
3184 1318 3539 1388 opprobrium,

1969 1397 2134 1466 feras,
2157 1411 2213 1456 et
2233 1402 2504 1460 obnoxius
2527 1406 2792 1474 supplicio
2813 1407 3127 1464 declareris.
3156 1407 3251 1464 Sin
3275 1425 3404 1465 vero
3426 1427 3535 1466 non

1967 1492 2055 1548 vis
2086 1492 2266 1549 bonus
2288 1493 2544 1551 Ecclesia:
2566 1497 2824 1553 constitui
2871 1508 3058 1554 custos
3079 1539 3095 1567 ,
3131 1501 3300 1556 alium
3355 1517 3455 1572 pro
3485 1512 3538 1558 te

1967 1583 2168 1650 indica,
2196 1585 2291 1655 qui
2315 1595 2366 1642 te
2387 1585 2459 1643 sit
2485 1587 2699 1643 doctior
2728 1605 2794 1646 ac
2815 1589 3046 1684 fidelior.
3087 1590 3194 1647 Sed
3217 1608 3326 1647 non
3355 1593 3534 1664 dabis,

1968 1684 2024 1732 tu
2052 1677 2199 1731 enim
2222 1685 2425 1733 etcum
2449 1677 2681 1735 Domino
2712 1677 2964 1738 versatus
2985 1698 3045 1738 es
3067 1699 3132 1739 ac
3156 1685 3340 1740 vidisti
3368 1686 3536 1740 mira-

289 1750 482 1822 Κυρίῳ
528 1752 710 1822 συνῆς,
746 1754 840 1806 καὶ
887 1752 986 1816 τάς
1017 1752 1352 1825 θαυμασίους
1390 1753 1616 1826 πράξεις
1652 1754 1860 1827 ἱστόρη-

1967 1768 2095 1824 bilia
2119 1783 2307 1841 opera,
2337 1780 2391 1827 et
2409 1770 2666 1828 Ecclesiae
2701 1773 3228 1832 administrationem
3271 1779 3532 1835 didicisti.

289 1856 409 1906 σας,
441 1844 534 1896 καὶ
562 1843 819 1915 διοίκησιν
858 1845 1180 1918 Ἑκκλησίας
1211 1845 1551 1918 μεμάθηκας.

359 1933 546 1990 LXVI.
582 1937 692 1990 Καὶ
726 1937 818 1992 σοῦ
841 1938 940 2009 μὲν
965 1937 1126 2011 ἔργον
1148 1939 1266 1994 ἐστὶ
1295 1938 1536 1995 κελεύειν
1563 1938 1600 1995 ἀ
1632 1939 1733 2007 δεῖ,
1755 1939 1866 1996 τῶν

285 2026 532 2096 ἀδελφῶν
557 2029 620 2094 ¹⁰,
657 2030 905 2086 ὑπείκειν
942 2033 1036 2088 καὶ
1083 2032 1158 2104 μὴ
1207 2032 1473 2088 ἀπειθεῖν.
1520 2031 1867 2098 Ὑπείξαντες

287 2119 388 2192 μὲν
421 2117 513 2176 οὖν
548 2121 902 2194 σωθήσονται,
951 2123 1347 2197 ἀπειθήσαντες
1381 2125 1440 2178 δὴ
1475 2125 1580 2179 ὑπὸ
1608 2125 1702 2180 τοῦ
1734 2127 1867 2196 Χρι-

287 2210 416 2263 στοῦ
449 2213 492 2245 ¹¹
514 2214 957 2286 κολασθήσονται,
979 2217 1062 2270 ὅτι
1083 2218 1112 2270 ό
1131 2215 1599 2288 προκαθεζόμενος
1627 2215 1864 2288 Χριστοῦ

283 2303 448 2359 τόπον
482 2306 856 2363 πεπίστευται.
881 2307 972 2360 Διὸ
1001 2307 1117 2380 ἦτοι
1142 2309 1326 2380 τιμὴῆ
1361 2308 1518 2380 ὕϐρις
1531 2308 1626 2363 τοῦ
1659 2326 1866 2382 προκα-

284 2394 574 2468 θεζομένου
601 2399 680 2460 είς
695 2399 928 2469 Χριστὸν
949 2399 1200 2470 φέρεται,
1227 2400 1382 2470 115
1408 2399 1516 2454 ἀπὸ
1539 2400 1596 2454 δὲ
1627 2399 1863 2473 Χριστοῦ

282 2489 366 2552 είς
399 2489 532 2542 θεὸν
564 2490 608 2522 ¹¹
642 2491 992 2563 ἀναφέρεται.
1042 2491 1211 2548 Τοῦτο
1243 2492 1300 2548 δὲ
1345 2493 1574 2566 εἴρηκα,
1631 2494 1717 2548 ἵνα
1768 2493 1863 2548 καὶ

283 2581 440 2634 αὐτοὶ
463 2583 514 2634 οί
539 2582 758 2653 ἀδελφοὶ
794 2583 896 2653 τῆς
922 2584 1058 2655 πρὸς
1085 2585 1146 2636 σὲ
1180 2585 1461 2649 ἀπειθείας
1492 2585 1584 2640 τὸν
1621 2585 1861 2642 κίνδυνον

281 2672 464 2727 αὐτῶν
502 2675 545 2706 ⁸³
597 2675 672 2746 μὴ
721 2675 1024 2744 ἀγνοιῖισιν,
1081 2677 1164 2732 ὅτι
1195 2677 1256 2740 ὃς
1306 2675 1371 2731 ἄν
1418 2694 1500 2732 σοι
1546 2677 1860 2735 κελεύσαντι

278 2766 576 2841 ἀπειθήσῃ,
626 2766 847 2838 Χριστῷ
879 2767 1093 2823 ἀπειθεῖ
1122 2768 1185 2835 ¹⁸,
1219 2767 1438 2840 Χριστῷ
1464 2767 1521 2822 δὲ
1557 2767 1860 2842 ἀπειθήσας

279 2852 412 2912 Θεὸν
434 2859 782 2932 παροργίξει.

349 2950 565 3006 LXVII.
597 2951 717 3024 Χρὴ
743 2945 836 3008 οῦν
866 2952 966 3024 τὴν
1003 2951 1351 3024 Ἐκκλησίαν,
1369 2952 1446 3017 ὡς
1462 2952 1616 3008 πόλιν
1648 2953 1706 3009 ὲν
1731 2951 1858 3024 ὕψει

277 3043 740 3116 οἰκοδομουμένην
770 3045 834 3111 ³⁸,
869 3045 1113 3114 φιλόθεον
1132 3044 1277 3116 εχειν
1296 3045 1450 3114 τάξιν
1479 3047 1575 3100 καὶ
1592 3045 1857 3118 διοίκησιν

278 3136 470 3208 καλήν.
507 3136 621 3209 Πρὸ
648 3137 864 3191 πάντων
895 3139 924 3191 ό
961 3137 1258 3202 ἐπίσκοπος
1288 3138 1365 3201 ὡς
1397 3137 1578 3208 ἄρχων
1626 3137 1755 3210 περὶΙ
1778 3130 1854 3192 ὧν

277 3227 424 3298 λέγει
475 3229 772 3282 ἀκουέσθω·
819 3230 869 3282 οί
902 3229 1262 3301 πρεσϐύτεροι
1295 3227 1366 3283 τὰ
1402 3228 1734 3300 κελευόμενα
1773 3228 1858 3299 γί-

277 3319 465 3374 νεσθαι
499 3321 541 3351 ¹⁶
577 3320 1040 3385 σπουδαζέτωσαν·
1071 3321 1120 3376 οἱ
1153 3321 1389 3378 διάκονοι
1431 3319 1856 3392 ὲκπεριερχόμε-

278 3429 357 3465 νοι
387 3412 502 3466 τῶν
534 3411 776 3480 ἀδελφῶν
805 3411 875 3465 τά
901 3409 1126 3482 σώματα
1161 3411 1254 3467 καὶ
1284 3411 1383 3474 τὰς
1409 3410 1590 3481 ψυχὰς
1635 3413 1859 3464 ἐπισκε-

278 3505 624 3569 πτέσθωσαν,
659 3505 753 3558 καὶ
764 3503 841 3574 τῷ
869 3503 1151 3574 ὲπισκόπῳ
1169 3503 1719 3558 ἀντιϐαλλέτωσανοοί
1746 3503 1858 3557 λοι-

280 3597 372 3648 ποὶ
404 3596 608 3659 πάντες
635 3595 855 3664 ἀδελφοὶ
885 3595 947 3648 τὸ
974 3595 1275 3648 ἀδικεῖσθαι
1308 3595 1768 3666 ἀναδεχέσθωσαψ
1805 3597 1855 3650 εξ

278 3685 335 3740 δὲ
368 3687 649 3760 κρίνεσθαι
692 3687 903 3740 θέλουσι
946 3688 1076 3759 περὶ
1107 3680 1181 3741 ὧν
1225 3687 1570 3754 ἀδικοῦνται,
1622 3686 1856 3741 ἐπὶτῶν

277 3781 669 3852 πρεσϐυτέρων
693 3779 1231 3851 συμϐιϐαζέσθωσαν·
1267 3781 1359 3835 τὸν
1389 3780 1446 3833 δὲ
1480 3779 1856 3852 συμϐιϐασμδν

277 3871 331 3924 οἱ
371 3872 732 3943 πρεσϐύτεροι
753 3871 830 3944 τῷ
856 3872 1138 3942 ὲπισκόπῳ
1171 3872 1748 3944 προσαναφερέτωσαν.

349 3985 583 4040 LXVIII.
615 3987 770 4040 Νέων
795 3987 852 4040 δὲ
887 3988 960 4059 μὴ
992 3987 1147 4058 μόνον
1168 3987 1640 4055 κατεπειγέτωσαν
1661 3987 1702 4020 "
1728 3985 1854 4053 τοὺς

278 4079 520 4150 γάμους,
535 4077 668 4132 ἀλλά
695 4081 788 4133 καὶ
817 4079 925 4132 τῶν
946 4077 1384 4150 προϐεϐηκότων,
1419 4081 1491 4150 μή
1514 4095 1630 4144 πως
1658 4078 1854 4142 ζέουσα

277 4173 312 4240 ὴ
348 4168 531 4243 ὄρεξις
563 4170 831 4243 προφάσει
864 4171 1119 4242 πορνείας
1149 4170 1182 4241 ἢ
1219 4170 1462 4242 μοιχείας
1476 4171 1661 4243 λοιμὸν
1686 4187 1853 4242 προσ-

279 4262 484 4335 ενέγκῃ
518 4262 562 4295 ¹⁸
586 4265 654 4334 τῇ
701 4262 1013 4334 Ἐκκλησία.
1070 4263 1240 4334 ’Υπὲρ
1278 4263 1457 4316 πᾶσαν
1521 4261 1631 4334 γὰρ
1674 4263 1854 4334 ἀμαρ-

277 4353 400 4408 τίαν
433 4355 469 4427 ἠ
498 4355 596 4426 τῆς
631 4354 875 4426 μοιχείας
920 4353 1142 4408 ἀσέϐεια
1169 4353 1288 4425 Θεῷ
1331 4353 1644 4424 ὲστύγηται,
1677 4355 1759 4407 ὅτι
1789 4354 1850 4409 οὐ

2036 1927 2223 1986 LXVI.
2258 1928 2389 1986 Tuae
2423 1931 2589 2002 igitur
2615 1943 2800 2004 partes
2835 1945 2984 2002 sunt,
3036 1936 3229 2006 jubere
3277 1953 3363 2004 ea,
3411 1955 3535 2008 qua:

1965 2030 2212 2092 oportet;
2245 2033 2431 2094 partes
2461 2024 2717 2094 fratrum,
2747 2028 3016 2098 subjicere
3043 2044 3102 2084 se
3122 2037 3177 2085 et
3216 2045 3325 2084 non
3356 2031 3530 2086 refra-

1964 2114 2103 2185 gari.
2138 2115 2502 2186 Subjicientes
2532 2135 2661 2192 ergo
2707 2137 2766 2177 se
2795 2123 2930 2177 salvi
2977 2122 3144 2178 fient:
3198 2123 3532 2196 refragantes

1963 2221 2096 2260 vero
2120 2223 2150 2262 a
2177 2206 2398 2266 Christo
2430 2211 2766 2280 punientur;
2797 2214 3058 2283 quoniam
3105 2215 3198 2285 qui
3254 2219 3531 2286 praesidet,

1963 2295 2171 2354 Christi
2199 2299 2379 2356 locum
2410 2303 2638 2371 accepit.
2673 2303 2855 2369 Quare
2887 2305 3232 2374 praesidentis
3285 2308 3399 2363 sive
3425 2310 3533 2364 ho-

1964 2405 2066 2446 nor
2113 2390 2228 2446 sive
2275 2394 2605 2448 contumelia
2656 2394 2723 2449 ad
2773 2395 3055 2450 Christum
3102 2397 3359 2463 refertur,
3413 2410 3468 2455 et
3498 2416 3530 2456 a

1963 2480 2185 2539 Christo
2218 2483 2287 2538 ad
2313 2482 2505 2538 Deum.
2563 2483 2620 2539 Id
2655 2495 2838 2541 autem
2892 2489 3219 2558 prolocutus
3275 2507 3420 2560 sum,
3469 2501 3532 2549 ut

1961 2576 2068 2647 ipsi
2089 2593 2307 2651 quoque
2325 2576 2522 2633 fratres
2547 2594 2654 2633 non
2683 2565 3182 2649 ignorent,'quanto
3203 2581 3255 2635 in
3286 2583 3532 2652 periculo

1959 2679 2246 2726 versentur
2269 2670 2362 2741 qui
2389 2669 2487 2725 tibi
2519 2686 2627 2725 non
2653 2671 3127 2741 obtemperahunt.
3153 2670 3289 2726 Nam
3314 2673 3408 2744 qui
3432 2675 3532 2730 tibi

1953 2762 2169 2832 jubenti
2201 2779 2309 2817 non
2333 2762 2754 2834 obtemperabit,
2784 2763 3009 2818 Christo
3040 2779 3149 2818 non
3197 2765 3430 2833 obedict,
3477 2775 3533 2822 et

1957 2855 2086 2911 dum
2117 2871 2228 2911 non
2253 2854 2438 2910 obedit
2458 2854 2702 2921 Christo,
2729 2853 2902 2910 Deum
2926 2856 2994 2911 ad
3027 2856 3166 2910 iram
3206 2857 3417 2913 incitat.

2027 2947 2238 3004 LXVII.
2265 2947 2488 3018 Oportet
2510 2962 2641 3018 ergo
2673 2957 2732 3004 ut
2753 2946 3019 3016 Ecclesia,
3049 2949 3199 3004 velut
3246 2951 3442 3007 civitas
3469 2951 3526 3007 in

1958 3041 2176 3097 excelso
2195 3040 2487 3108 aedificata,
2511 3039 2622 3097 Deo
2642 3040 2868 3112 dignum
2899 3041 3098 3096 habeat
3119 3041 3365 3097 ordinem
3387 3057 3527 3112 prte-

1959 3132 2276 3204 claramque
2319 3132 2874 3189 administrationem.
2919 3132 3059 3187 Ante
3107 3134 3291 3188 omnia
3310 3135 3527 3204 episco-

1957 3241 2082 3296 pus,
2111 3225 2258 3280 velut
2296 3234 2500 3291 rector,
2531 3224 2586 3278 in
2616 3225 2685 3280 iis
2721 3239 2845 3293 qua:
2895 3223 3029 3278 dicit
3058 3225 3343 3292 audiatur;
3395 3241 3526 3296 pre-

1956 3315 2159 3387 sbyteri
2191 3325 2386 3373 curent
2407 3316 2525 3370 fieri
2555 3331 2678 3386 quae
2700 3315 2994 3382 jubentur;
3045 3315 3262 3370 diaconi
3288 3317 3528 3372 circum-

1957 3407 2299 3463 ambulantes
2327 3406 2676 3463 considerent
2697 3405 2928 3460 fratrum
2955 3421 3182 3476 corpora
3201 3415 3256 3461 et
3287 3408 3522 3478 animas,

1957 3508 2120 3568 atque
2145 3499 2402 3571 episcopo
2423 3498 2776 3564 denuntient;
2823 3497 3021 3568 reliqui
3076 3512 3268 3554 omnes
3317 3498 3516 3556 fratres

1957 3590 2095 3646 allici
2119 3591 2320 3662 injuria
2357 3590 2662 3661 suscipiant
2682 3590 2950 3657 libenter;
2977 3590 3124 3660 quod
3151 3591 3197 3646 si
3241 3592 3308 3646 de
3342 3592 3431 3658 iis,
3466 3593 3522 3647 in

1955 3685 2156 3755 quibus
2205 3685 2406 3755 injuria
2437 3683 2767 3749 afﬁciuntur,
2795 3681 3024 3753 cupiunt
3063 3681 3322 3752 judicari,
3377 3684 3520 3754 apud

1953 3779 2299 3849 presbyteros
2324 3777 2704 3843 concilientur,
2731 3783 2786 3830 et
2829 3775 3130 3847 presbyteri
3185 3776 3522 3833 conciliatio-

1955 3885 2079 3926 nem
2098 3870 2166 3926 ad
2204 3869 2522 3941 episcopum
2551 3868 2811 3925 referant.

2026 3988 2258 4046 LXVIII.
2283 3988 2404 4044 Non
2434 3991 2598 4047 modo
2627 3999 2808 4046 autem
2860 3988 3090 4059 juvenes
3117 3987 3186 4043 ad
3236 3987 3519 4043 matrimo-

1953 4083 2106 4139 nium
2144 4083 2493 4152 compellant,
2517 4083 2608 4138 sed
2641 4091 2697 4138 et
2726 4091 2857 4137 natu
2881 4089 3188 4152 provectos,
3207 4095 3277 4135 ne
3304 4079 3519 4137 fervens

1955 4175 2225 4246 cupiditas
2255 4189 2352 4244 per
2381 4174 2800 4230 fornicationem
2825 4175 2908 4228 vel
2940 4172 3268 4228 adulterium
3309 4183 3516 4243 pestem

1954 4267 2010 4322 in
2059 4266 2358 4324 Ecclesiam
2411 4266 2630 4322 inferat.
2662 4265 2837 4336 Super
2867 4281 3029 4320 omne
3058 4266 3203 4320 enim
3234 4273 3516 4335 peccatum

1953 4359 2207 4429 impietas
2231 4358 2484 4415 adulterii
2536 4360 2664 4415 odio
2700 4374 2730 4414 a
2785 4358 2897 4414 Deo
2945 4349 3200 4414 habetur:
3231 4357 3360 4429 quia
3406 4373 3517 4414 non

283 4444 446 4515 μόνον
471 4444 634 4500 αὐτὸν
660 4446 753 4501 τὸν
783 4446 1176 4518 ἁμαρτήσαντα
1200 4446 1434 4519 ἀναιρεῖ,
1455 4445 1590 4500 ἀλλά
1619 4447 1712 4500 καὶ
1724 4446 1851 4510 τοὺς

1967 4451 2131 4507 solum
2180 4452 2438 4507 interficit
2480 4451 2659 4522 ipsum
2721 4460 3060 4520 peccatorem
3092 4451 3184 4506 sed
3218 4459 3273 4506 et
3321 4465 3518 4505 conve-

281 4537 743 4609 συνεστιωμένους
793 4539 888 4593 καὶ
931 4538 1454 4610 συναμιλλωμένουςο
1508 4537 1681 4612 λύσσῃ
1739 4537 1847 4612 γὰρ

279 4626 478 4694 ἔοικεν,
511 4630 592 4684 δτι
622 4631 722 4702 τῆς
751 4631 884 4694 ίδίας
917 4631 1111 4702 μανίας
1143 4631 1475 4703 μεταδιδόναι
1518 4631 1677 4700 φύσιν
1713 4631 1848 4702 ἔχει.

281 4721 644 4796 Σωφροσύνης
667 4716 762 4781 οὖν
791 4723 950 4795 χάριν
969 4723 1344 4778 σπευδέτωσαν
1357 4726 1485 4789 τοὺς
1503 4725 1712 4797 γάμους
1731 4728 1852 4781 ὲπι-

281 4813 457 4870 τελεῖν
475 4817 550 4889 μὴ
579 4815 737 4887 μόνον
757 4816 808 4870 οί
826 4815 1203 4889 πρεσϐύτεροι,
1225 4817 1360 4872 ἀλλά
1374 4818 1467 4872 καὶ
1489 4819 1532 4888 ι
1545 4819 1648 4891 16
1659 4820 1709 4872 οί
1725 4819 1852 4874 πάν-

281 4920 396 4968 ειιες⁹
416 4906 451 4976 ἠ
475 4906 583 4980 γάρ
609 4906 704 4962 τοῦ
725 4908 1122 4981 μοιχησαμένου
1152 4909 1397 4982 ἁμαρτία
1437 4910 1530 4964 ἐπὶ
1559 4910 1684 4974 τοὺς
1714 4911 1851 4965 πάν‹

279 5011 387 5060 ⁴τας
403 4997 576 5052 ἐλθεῖν
598 5000 854 5074 βιάζεται,
889 5001 964 5056 Τὸ
979 5002 1022 5038 ¹⁹
1044 4995 1138 5060 οὖν
1149 5001 1398 5058 σπεύδειν
1415 5007 1710 5075 σωφρονεῖν
1718 4995 1849 5070 ’τοὺς

356 5170 387 5202 ι
420 5156 612 5222 Matth.
648 5175 776 5229 xxv,
801 5159 892 5225 21.

1952 4551 2165 4600 scentes
2214 4558 2279 4600 ac
2332 4559 2678 4615 congressos.
2717 4542 2907 4598 Rabiei
2944 4543 3144 4612 quippe
3163 4550 3248 4598 est
3298 4542 3514 4610 similis,

1950 4635 2393 4706 quandoquidem
2424 4651 2455 4690 a
2486 4645 2682 4691 natura
2719 4635 2902 4701 habet,
2931 4643 2994 4689 ut
3023 4649 3180 4690 suam
3205 4634 3516 4688 communi-

1950 4737 2036 4784 cet
2057 4729 2347 4784 insaniam.
2376 4727 2520 4798 Ergo
2545 4736 2765 4798 propter
2789 4727 3092 4783 castitatem
3119 4725 3377 4781 festinent
3400 4741 3504 4779 nu-

1949 4821 2093 4890 ptias
2122 4820 2415 4876 conciliare
2435 4837 2545 4876 non
2575 4821 2737 4876 modo
2757 4820 3084 4891 presbyteri,
3118 4834 3304 4874 verum
3345 4817 3510 4872 etiam

1950 4926 2171 4981 omnes;
2196 4928 2324 4968 nam
2350 4912 2554 4968 macchi
2577 4913 2832 4968 delictum
2857 4913 2923 4968 ad
2953 4928 3145 4968 omnes
3196 4909 3510 4967 necessario

1951 5006 2121 5062 venit.
2167 5005 2350 5062 Prima
2381 5021 2510 5079 ergo
2540 5005 2915 5062 misericordia
2948 5013 3052 5074 est,
3079 5004 3276 5061 fratres
3311 5003 3380 5059 ad
3408 5017 3511 5074 pu-

1563 5277 1800 5336 VARIE
1839 5280 2244 5340 LECTIONES.

360 5385 384 5458 ξ
433 5385 577 5458 ὑπὲρ
609 5386 743 5458 τῆςῌ
775 5386 952 5446 αὐτῶν
1011 5389 1074 5446 C.

717 5388 952 5478 .-Ξίξτῶν
1006 5389 1170 5478 9;...
1211 5388 1476 5478 ,ἷδανίίὶἱι
1537 5391 1604 5476 .0-
1635 5461 1691 5478 ..
1721 5393 1859 5478 ,⁷μὺ

293 5456 415 5512 vult
436 5456 862 5513 κατασταθῆναι.

1006 5459 1180 5515 ’ἀλλά
1208 5461 1268 5516 0.

1923 5412 2032 5452 non
2105 5397 2354 5452 omittere
2415 5394 2645 5452 debebat
2719 5393 2758 5450 S

1418 5461 1462 5494 ¹⁶
1471 5460 1598 5533 τοὺς
1624 5460 1885 5533 ἀδελφούς
1917 5469 1978 5520 0.

2839 5407 2914 5451 ε..
2959 5389 3042 5448 Cl.
3199 5390 3223 5423 ⁸
3279 5388 3323 5443 D
3401 5387 3506 5451 legi

2127 5467 2168 5498 ¹¹
2189 5467 2393 5538 Κυρίου
2425 5465 2488 5538 C.
2527 5537 2537 5538 ί
2637 5464 2790 5538 ¹ν¹τοῦ
2828 5465 2932 5538 Χρ.
2967 5465 3048 5538 εἰς
3087 5460 3210 5538 τὸν-
3242 5459 3376 5538 Θεόν

291 5525 340 5558 ¹³
358 5523 442 5606 Ita_
470 5525 514 5579 D
556 5523 890 5606 approbante
909 5526 955 5606 ρ
990 5547 1006 5597 ;
1036 5531 1184 5606 αὐτῷ
1214 5530 1256 5606 C
1275 5571 1305 5606 λ
1329 5531 1424 5603 qui
1451 5523 1592 5601 conj.
1626 5523 1803 5606 αὐτόν.
1864 5523 1926 5568 ’⁸⁸
1944 5534 2022 5591 Ita
2064 5535 2102 5590 S
2129 5577 2144 5601 ,
2186 5523 2380 5606 ἀπὲιθῇ
2413 5537 2472 5603 C,
2511 5537 2570 5590 0.
2650 5537 2692 5568 ¹⁸
2707 5523 3149 5606 οἰκοδομημένιιινΔ
3169 5531 3211 5588 C
3241 5573 3257 5598 ,
3309 5530 3495 5602 ᾠκοδο-

295 5597 1106 5701 ὓηὲληνὲζ,ἓ,ουη.¹ἱνγινέῧθᾶξρδις

361 5667 712 5740 προσενέγκαι
743 5667 806 5724 C.
885 5669 927 5703 "
943 5668 1038 5724 τοῦ
1069 5670 1130 5727 C.

1213 5601 1401 5663 "Post
1426 5602 1896 5674 κατεπειγὲτωσαν
1927 5615 2244 5677 repetuntur
2274 5609 2328 5664 in

2456 5607 2583 5664 vbb.
2613 5607 2702 5664 τὸν
2723 5607 2780 5664 δὲ
2810 5603 3182 5677 συμϐιϐασμόν
3213 5611 3496 5675 expuncta-
