  <div class='ocr_page' id='page_1' title='image "/cluster/home/n/w/nwhite01/storage/ocr_20150623/2/mdp.39015005182426/087.png"; bbox 0 0 3986 6164; ppageno 0'>
   <div class='ocr_carea' id='block_1_1' title="bbox 392 291 499 351">
    <p class='ocr_par' dir='ltr' id='par_1_1' title="bbox 392 291 499 351">
     <span class='ocr_line' id='line_1_1' title="bbox 392 291 499 351; baseline -0.019 0"><span class='ocrx_word' id='word_1_1' title='bbox 392 291 499 351; x_wconf 69' lang='grc'><strong>155</strong></span> 
     </span>
    </p>
   </div>
   <div class='ocr_carea' id='block_1_2' title="bbox 1235 284 2750 351">
    <p class='ocr_par' dir='ltr' id='par_1_2' title="bbox 1235 284 2750 351">
     <span class='ocr_line' id='line_1_2' title="bbox 1235 284 2750 351; baseline 0.005 -10"><span class='ocrx_word' id='word_1_2' title='bbox 1235 284 1294 341; x_wconf 82' lang='grc'>8.</span> <span class='ocrx_word' id='word_1_3' title='bbox 1335 285 1721 345; x_wconf 78' lang='lat' dir='ltr'><strong>CLEMENTIS</strong></span> <span class='ocrx_word' id='word_1_4' title='bbox 1758 287 1777 343; x_wconf 97' lang='lat' dir='ltr'><strong>I</strong></span> <span class='ocrx_word' id='word_1_5' title='bbox 1816 288 1980 345; x_wconf 69' lang='lat' dir='ltr'><strong>80M.</strong></span> <span class='ocrx_word' id='word_1_6' title='bbox 2026 288 2224 345; x_wconf 82' lang='lat' dir='ltr'><strong>PONT.</strong></span> <span class='ocrx_word' id='word_1_7' title='bbox 2265 288 2493 346; x_wconf 76' lang='lat' dir='ltr'><strong>OPERA</strong></span> <span class='ocrx_word' id='word_1_8' title='bbox 2529 289 2750 351; x_wconf 82' lang='lat' dir='ltr'><strong>DUBIA.</strong></span> 
     </span>
    </p>
   </div>
   <div class='ocr_carea' id='block_1_3' title="bbox 3530 299 3634 357">
    <p class='ocr_par' dir='ltr' id='par_1_3' title="bbox 3530 299 3634 357">
     <span class='ocr_line' id='line_1_3' title="bbox 3530 299 3634 357; baseline 0.01 -1"><span class='ocrx_word' id='word_1_9' title='bbox 3530 299 3634 357; x_wconf 74' lang='lat'><strong>{56</strong></span> 
     </span>
    </p>
   </div>
   <div class='ocr_carea' id='block_1_4' title="bbox 390 399 1982 485">
    <p class='ocr_par' dir='ltr' id='par_1_4' title="bbox 390 399 1963 475">
     <span class='ocr_line' id='line_1_4' title="bbox 390 399 1963 475; baseline -0.004 -9"><span class='ocrx_word' id='word_1_10' title='bbox 390 408 636 467; x_wconf 88' lang='lat' dir='ltr'><strong>dicitiam</strong></span> <span class='ocrx_word' id='word_1_11' title='bbox 657 402 955 475; x_wconf 85' lang='lat' dir='ltr'><strong>impellere,</strong></span> <span class='ocrx_word' id='word_1_12' title='bbox 979 399 1244 473; x_wconf 89' lang='lat' dir='ltr'><strong>quoniam</strong></span> <span class='ocrx_word' id='word_1_13' title='bbox 1273 401 1470 458; x_wconf 82' lang='lat' dir='ltr'><strong>animae</strong></span> <span class='ocrx_word' id='word_1_14' title='bbox 1494 412 1580 460; x_wconf 87' lang='lat' dir='ltr'><strong>est</strong></span> <span class='ocrx_word' id='word_1_15' title='bbox 1618 402 1852 471; x_wconf 83' lang='lat' dir='ltr'><strong>medela,</strong></span> <span class='ocrx_word' id='word_1_16' title='bbox 1906 410 1963 459; x_wconf 88' lang='lat' dir='ltr'><strong>at</strong></span> 
     </span>
    </p>
   </div>
   <div class='ocr_carea' id='block_1_5' title="bbox 2066 399 3636 485">
    <p class='ocr_par' dir='ltr' id='par_1_5' title="bbox 2066 400 3636 485">
     <span class='ocr_line' id='line_1_5' title="bbox 2066 400 3636 485; baseline 0.01 -30"><span class='ocrx_word' id='word_1_17' title='bbox 2066 400 2345 470; x_wconf 76' lang='grc' dir='ltr'>ἀδελφοὺς,</span> <span class='ocrx_word' id='word_1_18' title='bbox 2366 402 2523 457; x_wconf 90' lang='grc' dir='ltr'>τοῦτο</span> <span class='ocrx_word' id='word_1_19' title='bbox 2554 402 2743 476; x_wconf 81' lang='grc' dir='ltr'>πρώτη</span> <span class='ocrx_word' id='word_1_20' title='bbox 2778 404 3138 480; x_wconf 69' lang='grc' dir='ltr'>ὲλεημοσύνηυ</span> <span class='ocrx_word' id='word_1_21' title='bbox 3164 406 3342 481; x_wconf 82' lang='grc' dir='ltr'>ψυχῆς</span> <span class='ocrx_word' id='word_1_22' title='bbox 3369 409 3488 485; x_wconf 86' lang='grc' dir='ltr'>’γάρ</span> <span class='ocrx_word' id='word_1_23' title='bbox 3518 413 3636 471; x_wconf 69' lang='grc' dir='ltr'>ἔστι</span> 
     </span>
    </p>
   </div>
   <div class='ocr_carea' id='block_1_6' title="bbox 390 496 1246 569">
    <p class='ocr_par' dir='ltr' id='par_1_6' title="bbox 390 496 1246 569">
     <span class='ocr_line' id='line_1_6' title="bbox 390 496 1246 569; baseline -0.012 -6"><span class='ocrx_word' id='word_1_24' title='bbox 390 504 549 563; x_wconf 86' lang='lat' dir='ltr'><strong>cibus</strong></span> <span class='ocrx_word' id='word_1_25' title='bbox 581 497 828 569; x_wconf 88' lang='lat' dir='ltr'><strong>corporis</strong></span> <span class='ocrx_word' id='word_1_26' title='bbox 852 506 937 554; x_wconf 88' lang='lat' dir='ltr'><strong>est</strong></span> <span class='ocrx_word' id='word_1_27' title='bbox 958 496 1246 553; x_wconf 89' lang='lat' dir='ltr'><strong>recreatio.</strong></span> 
     </span>
    </p>
   </div>
   <div class='ocr_carea' id='block_1_7' title="bbox 462 675 1959 748">
    <p class='ocr_par' dir='ltr' id='par_1_7' title="bbox 462 675 1959 748">
     <span class='ocr_line' id='line_1_7' title="bbox 462 675 1959 748; baseline -0.005 -9"><span class='ocrx_word' id='word_1_28' title='bbox 462 681 651 740; x_wconf 82' lang='lat' dir='ltr'><strong>LXIX.</strong></span> <span class='ocrx_word' id='word_1_29' title='bbox 678 680 946 735; x_wconf 69' lang='lat' dir='ltr'><strong>Caaterum</strong></span> <span class='ocrx_word' id='word_1_30' title='bbox 973 677 1020 733; x_wconf 87' lang='lat' dir='ltr'><strong>si</strong></span> <span class='ocrx_word' id='word_1_31' title='bbox 1050 675 1247 733; x_wconf 75' lang='lat' dir='ltr'><strong>fratres</strong></span> <span class='ocrx_word' id='word_1_32' title='bbox 1272 685 1487 732; x_wconf 88' lang='lat' dir='ltr'><strong>vestros</strong></span> <span class='ocrx_word' id='word_1_33' title='bbox 1533 675 1792 748; x_wconf 75' lang='lat' dir='ltr'><strong>diligatis,</strong></span> <span class='ocrx_word' id='word_1_34' title='bbox 1826 676 1959 733; x_wconf 88' lang='lat' dir='ltr'><strong>nihil</strong></span> 
     </span>
    </p>
   </div>
   <div class='ocr_carea' id='block_1_8' title="bbox 390 772 1961 840">
    <p class='ocr_par' dir='ltr' id='par_1_8' title="bbox 390 772 1961 840">
     <span class='ocr_line' id='line_1_8' title="bbox 390 772 1961 840; baseline -0.008 -2"><span class='ocrx_word' id='word_1_35' title='bbox 390 795 581 838; x_wconf 90' lang='lat' dir='ltr'><strong>eorum</strong></span> <span class='ocrx_word' id='word_1_36' title='bbox 606 774 887 840; x_wconf 72' lang='lat' dir='ltr'><strong>auferetis,</strong></span> <span class='ocrx_word' id='word_1_37' title='bbox 931 773 1043 828; x_wconf 92' lang='lat' dir='ltr'><strong>imo</strong></span> <span class='ocrx_word' id='word_1_38' title='bbox 1064 781 1243 827; x_wconf 88' lang='lat' dir='ltr'><strong>vestra</strong></span> <span class='ocrx_word' id='word_1_39' title='bbox 1281 772 1786 828; x_wconf 81' lang='lat' dir='ltr'><strong>communicabitis:</strong></span> <span class='ocrx_word' id='word_1_40' title='bbox 1834 786 1961 827; x_wconf 89' lang='lat' dir='ltr'><strong>esu-</strong></span> 
     </span>
    </p>
   </div>
   <div class='ocr_carea' id='block_1_9' title="bbox 390 865 1962 937">
    <p class='ocr_par' dir='ltr' id='par_1_9' title="bbox 390 865 1962 937">
     <span class='ocr_line' id='line_1_9' title="bbox 390 865 1962 937; baseline -0.008 -7"><span class='ocrx_word' id='word_1_41' title='bbox 390 876 595 930; x_wconf 91' lang='lat' dir='ltr'><strong>rientes</strong></span> <span class='ocrx_word' id='word_1_42' title='bbox 628 868 904 933; x_wconf 88' lang='lat' dir='ltr'><strong>nutrietis,</strong></span> <span class='ocrx_word' id='word_1_43' title='bbox 936 866 1249 921; x_wconf 88' lang='lat' dir='ltr'><strong>sitientibus</strong></span> <span class='ocrx_word' id='word_1_44' title='bbox 1279 866 1588 936; x_wconf 84' lang='lat' dir='ltr'><strong>praebebitis</strong></span> <span class='ocrx_word' id='word_1_45' title='bbox 1618 874 1830 937; x_wconf 89' lang='lat' dir='ltr'><strong>potum,</strong></span> <span class='ocrx_word' id='word_1_46' title='bbox 1876 865 1962 919; x_wconf 91' lang='lat' dir='ltr'><strong>in-</strong></span> 
     </span>
    </p>
   </div>
   <div class='ocr_carea' id='block_1_10' title="bbox 390 956 1961 1029">
    <p class='ocr_par' dir='ltr' id='par_1_10' title="bbox 390 956 1961 1029">
     <span class='ocr_line' id='line_1_10' title="bbox 390 956 1961 1029; baseline -0.005 -7"><span class='ocrx_word' id='word_1_47' title='bbox 390 967 569 1022; x_wconf 85' lang='lat' dir='ltr'><strong>ductis</strong></span> <span class='ocrx_word' id='word_1_48' title='bbox 592 964 791 1026; x_wconf 90' lang='lat' dir='ltr'><strong>nudos,</strong></span> <span class='ocrx_word' id='word_1_49' title='bbox 816 959 1110 1016; x_wconf 87' lang='lat' dir='ltr'><strong>visitabitis</strong></span> <span class='ocrx_word' id='word_1_50' title='bbox 1124 968 1467 1029; x_wconf 57' lang='lat' dir='ltr'><strong>aegrotantes,</strong></span> <span class='ocrx_word' id='word_1_51' title='bbox 1487 973 1706 1015; x_wconf 83' lang='lat' dir='ltr'><strong>carcere</strong></span> <span class='ocrx_word' id='word_1_52' title='bbox 1734 956 1961 1014; x_wconf 88' lang='lat' dir='ltr'><strong>inclusis</strong></span> 
     </span>
    </p>
   </div>
   <div class='ocr_carea' id='block_1_11' title="bbox 390 1051 1959 1123">
    <p class='ocr_par' dir='ltr' id='par_1_11' title="bbox 390 1051 1959 1123">
     <span class='ocr_line' id='line_1_11' title="bbox 390 1051 1959 1123; baseline -0.006 -10"><span class='ocrx_word' id='word_1_53' title='bbox 390 1054 726 1114; x_wconf 89' lang='lat' dir='ltr'><strong>succurretis</strong></span> <span class='ocrx_word' id='word_1_54' title='bbox 752 1068 850 1123; x_wconf 91' lang='lat' dir='ltr'><strong>pro</strong></span> <span class='ocrx_word' id='word_1_55' title='bbox 880 1052 1111 1116; x_wconf 88' lang='lat' dir='ltr'><strong>viribus,</strong></span> <span class='ocrx_word' id='word_1_56' title='bbox 1144 1051 1463 1122; x_wconf 80' lang='lat' dir='ltr'><strong>peregrinos</strong></span> <span class='ocrx_word' id='word_1_57' title='bbox 1508 1051 1561 1105; x_wconf 88' lang='lat' dir='ltr'><strong>in</strong></span> <span class='ocrx_word' id='word_1_58' title='bbox 1584 1058 1767 1106; x_wconf 91' lang='lat' dir='ltr'><strong>vestra</strong></span> <span class='ocrx_word' id='word_1_59' title='bbox 1818 1057 1959 1104; x_wconf 87' lang='lat' dir='ltr'><strong>tecta</strong></span> 
     </span>
    </p>
   </div>
   <div class='ocr_carea' id='block_1_12' title="bbox 389 1144 1959 1219">
    <p class='ocr_par' dir='ltr' id='par_1_12' title="bbox 389 1144 1959 1219">
     <span class='ocr_line' id='line_1_12' title="bbox 389 1144 1959 1219; baseline -0.002 -15"><span class='ocrx_word' id='word_1_60' title='bbox 389 1148 702 1219; x_wconf 84' lang='lat' dir='ltr'><strong>suscipietis</strong></span> <span class='ocrx_word' id='word_1_61' title='bbox 733 1147 1016 1213; x_wconf 84' lang='lat' dir='ltr'><strong>lubenter,</strong></span> <span class='ocrx_word' id='word_1_62' title='bbox 1064 1146 1337 1201; x_wconf 87' lang='lat' dir='ltr'><strong>neminem</strong></span> <span class='ocrx_word' id='word_1_63' title='bbox 1370 1144 1499 1200; x_wconf 92' lang='lat' dir='ltr'><strong>odio</strong></span> <span class='ocrx_word' id='word_1_64' title='bbox 1532 1144 1959 1216; x_wconf 86' lang='lat' dir='ltr'><strong>prosequemini.</strong></span> 
     </span>
    </p>
   </div>
   <div class='ocr_carea' id='block_1_13' title="bbox 390 1239 1960 1310">
    <p class='ocr_par' dir='ltr' id='par_1_13' title="bbox 390 1239 1960 1310">
     <span class='ocr_line' id='line_1_13' title="bbox 390 1239 1960 1310; baseline -0.002 -14"><span class='ocrx_word' id='word_1_65' title='bbox 390 1242 511 1308; x_wconf 79' lang='lat' dir='ltr'><strong>Quo</strong></span> <span class='ocrx_word' id='word_1_66' title='bbox 543 1241 708 1296; x_wconf 92' lang='lat' dir='ltr'><strong>modo</strong></span> <span class='ocrx_word' id='word_1_67' title='bbox 738 1249 920 1294; x_wconf 89' lang='lat' dir='ltr'><strong>autem</strong></span> <span class='ocrx_word' id='word_1_68' title='bbox 954 1240 1041 1310; x_wconf 89' lang='lat' dir='ltr'><strong>pie</strong></span> <span class='ocrx_word' id='word_1_69' title='bbox 1062 1239 1245 1293; x_wconf 91' lang='lat' dir='ltr'><strong>vivere</strong></span> <span class='ocrx_word' id='word_1_70' title='bbox 1273 1246 1547 1309; x_wconf 81' lang='lat' dir='ltr'><strong>oporteat,</strong></span> <span class='ocrx_word' id='word_1_71' title='bbox 1591 1253 1689 1294; x_wconf 88' lang='lat' dir='ltr'><strong>vos</strong></span> <span class='ocrx_word' id='word_1_72' title='bbox 1720 1245 1960 1293; x_wconf 88' lang='lat' dir='ltr'><strong>attentos</strong></span> 
     </span>
    </p>
   </div>
   <div class='ocr_carea' id='block_1_14' title="bbox 389 1329 1963 1397">
    <p class='ocr_par' dir='ltr' id='par_1_14' title="bbox 389 1329 1963 1397">
     <span class='ocr_line' id='line_1_14' title="bbox 389 1329 1963 1397; baseline -0.001 -9"><span class='ocrx_word' id='word_1_73' title='bbox 389 1343 571 1389; x_wconf 82' lang='lat' dir='ltr'><strong>vester</strong></span> <span class='ocrx_word' id='word_1_74' title='bbox 619 1332 837 1388; x_wconf 85' lang='lat' dir='ltr'><strong>docebit</strong></span> <span class='ocrx_word' id='word_1_75' title='bbox 876 1333 1112 1387; x_wconf 90' lang='lat' dir='ltr'><strong>animus.</strong></span> <span class='ocrx_word' id='word_1_76' title='bbox 1155 1330 1356 1386; x_wconf 66' lang='lat' dir='ltr'><strong>Verum</strong></span> <span class='ocrx_word' id='word_1_77' title='bbox 1400 1339 1527 1386; x_wconf 90' lang='lat' dir='ltr'><strong>ante</strong></span> <span class='ocrx_word' id='word_1_78' title='bbox 1576 1330 1781 1397; x_wconf 90' lang='lat' dir='ltr'><strong>omnia,</strong></span> <span class='ocrx_word' id='word_1_79' title='bbox 1827 1329 1874 1385; x_wconf 89' lang='lat' dir='ltr'><strong>si</strong></span> <span class='ocrx_word' id='word_1_80' title='bbox 1907 1338 1963 1386; x_wconf 90' lang='lat' dir='ltr'><strong>et</strong></span> 
     </span>
    </p>
   </div>
   <div class='ocr_carea' id='block_1_15' title="bbox 389 1423 1960 1494">
    <p class='ocr_par' dir='ltr' id='par_1_15' title="bbox 389 1423 1960 1494">
     <span class='ocr_line' id='line_1_15' title="bbox 389 1423 1960 1494; baseline -0.002 -14"><span class='ocrx_word' id='word_1_81' title='bbox 389 1428 543 1482; x_wconf 85' lang='lat' dir='ltr'><strong>vobis</strong></span> <span class='ocrx_word' id='word_1_82' title='bbox 569 1426 751 1480; x_wconf 90' lang='lat' dir='ltr'><strong>dicere</strong></span> <span class='ocrx_word' id='word_1_83' title='bbox 775 1440 997 1479; x_wconf 89' lang='lat' dir='ltr'><strong>necesse</strong></span> <span class='ocrx_word' id='word_1_84' title='bbox 1028 1425 1119 1488; x_wconf 85' lang='lat' dir='ltr'><strong>sit,</strong></span> <span class='ocrx_word' id='word_1_85' title='bbox 1148 1423 1461 1494; x_wconf 85' lang='lat' dir='ltr'><strong>frequenter</strong></span> <span class='ocrx_word' id='word_1_86' title='bbox 1483 1423 1771 1479; x_wconf 85' lang='lat' dir='ltr'><strong>convenite</strong></span> <span class='ocrx_word' id='word_1_87' title='bbox 1791 1463 1808 1490; x_wconf 93' lang='lat'><strong>,</strong></span> <span class='ocrx_word' id='word_1_88' title='bbox 1849 1423 1960 1478; x_wconf 84' lang='lat' dir='ltr'><strong>uti-</strong></span> 
     </span>
    </p>
   </div>
   <div class='ocr_carea' id='block_1_16' title="bbox 389 1515 1962 1590">
    <p class='ocr_par' dir='ltr' id='par_1_16' title="bbox 389 1515 1962 1590">
     <span class='ocr_line' id='line_1_16' title="bbox 389 1515 1962 1590; baseline -0.002 -16"><span class='ocrx_word' id='word_1_89' title='bbox 389 1535 517 1575; x_wconf 86' lang='lat' dir='ltr'><strong>nam</strong></span> <span class='ocrx_word' id='word_1_90' title='bbox 551 1519 781 1590; x_wconf 83' lang='lat' dir='ltr'><strong>singulis</strong></span> <span class='ocrx_word' id='word_1_91' title='bbox 814 1517 987 1580; x_wconf 89' lang='lat' dir='ltr'><strong>horis,</strong></span> <span class='ocrx_word' id='word_1_92' title='bbox 1044 1516 1289 1586; x_wconf 88' lang='lat' dir='ltr'><strong>alioquin</strong></span> <span class='ocrx_word' id='word_1_93' title='bbox 1321 1524 1624 1572; x_wconf 90' lang='lat' dir='ltr'><strong>conventus</strong></span> <span class='ocrx_word' id='word_1_94' title='bbox 1658 1515 1819 1571; x_wconf 87' lang='lat' dir='ltr'><strong>statis</strong></span> <span class='ocrx_word' id='word_1_95' title='bbox 1846 1515 1962 1571; x_wconf 89' lang='lat' dir='ltr'><strong>die-</strong></span> 
     </span>
    </p>
   </div>
   <div class='ocr_carea' id='block_1_17' title="bbox 387 1607 1957 1694">
    <p class='ocr_par' dir='ltr' id='par_1_17' title="bbox 387 1607 1957 1694">
     <span class='ocr_line' id='line_1_17' title="bbox 387 1607 1957 1694; baseline -0.004 -26"><span class='ocrx_word' id='word_1_96' title='bbox 387 1613 511 1669; x_wconf 89' lang='lat' dir='ltr'><strong>bus.</strong></span> <span class='ocrx_word' id='word_1_97' title='bbox 536 1612 669 1667; x_wconf 85' lang='lat' dir='ltr'><strong>Nam</strong></span> <span class='ocrx_word' id='word_1_98' title='bbox 705 1612 749 1668; x_wconf 89' lang='lat' dir='ltr'><strong>si</strong></span> <span class='ocrx_word' id='word_1_99' title='bbox 784 1612 887 1667; x_wconf 92' lang='lat' dir='ltr'><strong>hoc</strong></span> <span class='ocrx_word' id='word_1_100' title='bbox 923 1610 1186 1694; x_wconf 57' lang='lat' dir='ltr'><strong>feceritis,</strong></span> <span class='ocrx_word' id='word_1_101' title='bbox 1221 1610 1366 1664; x_wconf 90' lang='lat' dir='ltr'><strong>intra</strong></span> <span class='ocrx_word' id='word_1_102' title='bbox 1390 1624 1578 1664; x_wconf 91' lang='lat' dir='ltr'><strong>muros</strong></span> <span class='ocrx_word' id='word_1_103' title='bbox 1613 1608 1748 1663; x_wconf 88' lang='lat' dir='ltr'><strong>estis</strong></span> <span class='ocrx_word' id='word_1_104' title='bbox 1780 1607 1957 1679; x_wconf 83' lang='lat' dir='ltr'><strong>asyli;</strong></span> 
     </span>
    </p>
   </div>
   <div class='ocr_carea' id='block_1_18' title="bbox 387 1697 1959 1776">
    <p class='ocr_par' dir='ltr' id='par_1_18' title="bbox 387 1697 1959 1776">
     <span class='ocr_line' id='line_1_18' title="bbox 387 1697 1959 1776; baseline -0.003 -18"><span class='ocrx_word' id='word_1_105' title='bbox 387 1705 712 1776; x_wconf 87' lang='lat' dir='ltr'><strong>perditionis</strong></span> <span class='ocrx_word' id='word_1_106' title='bbox 742 1706 943 1775; x_wconf 85' lang='lat' dir='ltr'><strong>quippe</strong></span> <span class='ocrx_word' id='word_1_107' title='bbox 974 1703 1189 1758; x_wconf 91' lang='lat' dir='ltr'><strong>initium</strong></span> <span class='ocrx_word' id='word_1_108' title='bbox 1223 1712 1306 1757; x_wconf 88' lang='lat' dir='ltr'><strong>est</strong></span> <span class='ocrx_word' id='word_1_109' title='bbox 1332 1702 1434 1757; x_wconf 87' lang='lat' dir='ltr'><strong>ista</strong></span> <span class='ocrx_word' id='word_1_110' title='bbox 1460 1700 1719 1756; x_wconf 88' lang='lat' dir='ltr'><strong>desertio.</strong></span> <span class='ocrx_word' id='word_1_111' title='bbox 1748 1697 1828 1755; x_wconf 85' lang='lat' dir='ltr'><strong>Ne</strong></span> <span class='ocrx_word' id='word_1_112' title='bbox 1855 1699 1959 1771; x_wconf 74' lang='lat' dir='ltr'><strong>igi-</strong></span> 
     </span>
    </p>
   </div>
   <div class='ocr_carea' id='block_1_19' title="bbox 389 1790 1960 1866">
    <p class='ocr_par' dir='ltr' id='par_1_19' title="bbox 389 1790 1960 1866">
     <span class='ocr_line' id='line_1_19' title="bbox 389 1790 1960 1866; baseline -0.003 -15"><span class='ocrx_word' id='word_1_113' title='bbox 389 1808 479 1851; x_wconf 88' lang='lat' dir='ltr'><strong>tur</strong></span> <span class='ocrx_word' id='word_1_114' title='bbox 501 1796 647 1866; x_wconf 87' lang='lat' dir='ltr'><strong>quis,</strong></span> <span class='ocrx_word' id='word_1_115' title='bbox 681 1805 943 1866; x_wconf 72' lang='lat' dir='ltr'><strong>przetextn</strong></span> <span class='ocrx_word' id='word_1_116' title='bbox 973 1795 1116 1866; x_wconf 91' lang='lat' dir='ltr'><strong>quod</strong></span> <span class='ocrx_word' id='word_1_117' title='bbox 1134 1794 1318 1848; x_wconf 88' lang='lat' dir='ltr'><strong>animo</strong></span> <span class='ocrx_word' id='word_1_118' title='bbox 1349 1808 1481 1863; x_wconf 81' lang='lat' dir='ltr'><strong>erga</strong></span> <span class='ocrx_word' id='word_1_119' title='bbox 1507 1791 1731 1847; x_wconf 84' lang='lat' dir='ltr'><strong>fratrem</strong></span> <span class='ocrx_word' id='word_1_120' title='bbox 1757 1790 1960 1862; x_wconf 88' lang='lat' dir='ltr'><strong>pusillo</strong></span> 
     </span>
    </p>
   </div>
   <div class='ocr_carea' id='block_1_20' title="bbox 390 1882 1961 1960">
    <p class='ocr_par' dir='ltr' id='par_1_20' title="bbox 390 1882 1961 1960">
     <span class='ocr_line' id='line_1_20' title="bbox 390 1882 1961 1960; baseline -0.002 -16"><span class='ocrx_word' id='word_1_121' title='bbox 390 1905 457 1944; x_wconf 86' lang='lat' dir='ltr'><strong>ac</strong></span> <span class='ocrx_word' id='word_1_122' title='bbox 486 1890 677 1960; x_wconf 91' lang='lat' dir='ltr'><strong>iniquo</strong></span> <span class='ocrx_word' id='word_1_123' title='bbox 702 1889 793 1955; x_wconf 88' lang='lat' dir='ltr'><strong>sit,</strong></span> <span class='ocrx_word' id='word_1_124' title='bbox 840 1888 1070 1944; x_wconf 84' lang='lat' dir='ltr'><strong>desistat</strong></span> <span class='ocrx_word' id='word_1_125' title='bbox 1099 1885 1410 1942; x_wconf 89' lang='lat' dir='ltr'><strong>convenire.</strong></span> <span class='ocrx_word' id='word_1_126' title='bbox 1455 1882 1510 1939; x_wconf 91' lang='lat' dir='ltr'><strong>Si</strong></span> <span class='ocrx_word' id='word_1_127' title='bbox 1566 1884 1712 1939; x_wconf 91' lang='lat' dir='ltr'><strong>enim</strong></span> <span class='ocrx_word' id='word_1_128' title='bbox 1760 1883 1961 1953; x_wconf 86' lang='lat' dir='ltr'><strong>aliquis</strong></span> 
     </span>
    </p>
   </div>
   <div class='ocr_carea' id='block_1_21' title="bbox 389 1975 1959 2052">
    <p class='ocr_par' dir='ltr' id='par_1_21' title="bbox 389 1975 1959 2052">
     <span class='ocr_line' id='line_1_21' title="bbox 389 1975 1959 2052; baseline -0.003 -17"><span class='ocrx_word' id='word_1_129' title='bbox 389 1990 629 2036; x_wconf 87' lang='lat' dir='ltr'><strong>vestrum</strong></span> <span class='ocrx_word' id='word_1_130' title='bbox 655 1997 685 2036; x_wconf 91' lang='lat' dir='ltr'><strong>a</strong></span> <span class='ocrx_word' id='word_1_131' title='bbox 721 1980 1139 2052; x_wconf 82' lang='lat' dir='ltr'><strong>congregatione</strong></span> <span class='ocrx_word' id='word_1_132' title='bbox 1168 1978 1458 2044; x_wconf 83' lang='lat' dir='ltr'><strong>destiterit,</strong></span> <span class='ocrx_word' id='word_1_133' title='bbox 1496 1993 1619 2032; x_wconf 92' lang='lat' dir='ltr'><strong>cum</strong></span> <span class='ocrx_word' id='word_1_134' title='bbox 1646 1975 1715 2032; x_wconf 90' lang='lat' dir='ltr'><strong>iis</strong></span> <span class='ocrx_word' id='word_1_135' title='bbox 1738 1984 1959 2047; x_wconf 87' lang='lat' dir='ltr'><strong>reputa-</strong></span> 
     </span>
    </p>
   </div>
   <div class='ocr_carea' id='block_1_22' title="bbox 390 2070 1961 2143">
    <p class='ocr_par' dir='ltr' id='par_1_22' title="bbox 390 2070 1961 2143">
     <span class='ocr_line' id='line_1_22' title="bbox 390 2070 1961 2143; baseline -0.002 -14"><span class='ocrx_word' id='word_1_136' title='bbox 390 2074 539 2129; x_wconf 85' lang='lat' dir='ltr'><strong>bitur</strong></span> <span class='ocrx_word' id='word_1_137' title='bbox 563 2074 657 2143; x_wconf 89' lang='lat' dir='ltr'><strong>qui</strong></span> <span class='ocrx_word' id='word_1_138' title='bbox 697 2074 900 2129; x_wconf 88' lang='lat' dir='ltr'><strong>Christi</strong></span> <span class='ocrx_word' id='word_1_139' title='bbox 950 2072 1220 2143; x_wconf 86' lang='lat' dir='ltr'><strong>dissipant</strong></span> <span class='ocrx_word' id='word_1_140' title='bbox 1269 2071 1595 2138; x_wconf 82' lang='lat' dir='ltr'><strong>Ecclesiam,</strong></span> <span class='ocrx_word' id='word_1_141' title='bbox 1647 2079 1703 2125; x_wconf 89' lang='lat' dir='ltr'><strong>et</strong></span> <span class='ocrx_word' id='word_1_142' title='bbox 1753 2078 1814 2125; x_wconf 88' lang='lat' dir='ltr'><strong>ut</strong></span> <span class='ocrx_word' id='word_1_143' title='bbox 1840 2070 1961 2141; x_wconf 86' lang='lat' dir='ltr'><strong>ejus</strong></span> 
     </span>
    </p>
   </div>
   <div class='ocr_carea' id='block_1_23' title="bbox 389 2164 1961 2237">
    <p class='ocr_par' dir='ltr' id='par_1_23' title="bbox 389 2164 1961 2237">
     <span class='ocr_line' id='line_1_23' title="bbox 389 2164 1961 2237; baseline -0.002 -16"><span class='ocrx_word' id='word_1_144' title='bbox 389 2167 782 2237; x_wconf 90' lang='lat' dir='ltr'><strong>discipulorum</strong></span> <span class='ocrx_word' id='word_1_145' title='bbox 807 2166 1155 2222; x_wconf 88' lang='lat' dir='ltr'><strong>inimicorum</strong></span> <span class='ocrx_word' id='word_1_146' title='bbox 1184 2165 1440 2237; x_wconf 88' lang='lat' dir='ltr'><strong>princeps</strong></span> <span class='ocrx_word' id='word_1_147' title='bbox 1488 2164 1747 2235; x_wconf 90' lang='lat' dir='ltr'><strong>punietur</strong></span> <span class='ocrx_word' id='word_1_148' title='bbox 1796 2172 1961 2234; x_wconf 89' lang='lat' dir='ltr'><strong>atque</strong></span> 
     </span>
    </p>
   </div>
   <div class='ocr_carea' id='block_1_24' title="bbox 390 2256 1959 2330">
    <p class='ocr_par' dir='ltr' id='par_1_24' title="bbox 390 2256 1959 2330">
     <span class='ocr_line' id='line_1_24' title="bbox 390 2256 1959 2330; baseline -0.003 -14"><span class='ocrx_word' id='word_1_149' title='bbox 390 2275 515 2316; x_wconf 88' lang='lat' dir='ltr'><strong>cum</strong></span> <span class='ocrx_word' id='word_1_150' title='bbox 568 2260 835 2315; x_wconf 88' lang='lat' dir='ltr'><strong>adulteris</strong></span> <span class='ocrx_word' id='word_1_151' title='bbox 890 2260 1178 2330; x_wconf 89' lang='lat' dir='ltr'><strong>ejicietur;</strong></span> <span class='ocrx_word' id='word_1_152' title='bbox 1235 2274 1364 2313; x_wconf 89' lang='lat' dir='ltr'><strong>nam</strong></span> <span class='ocrx_word' id='word_1_153' title='bbox 1403 2268 1666 2329; x_wconf 84' lang='lat' dir='ltr'><strong>tanquam</strong></span> <span class='ocrx_word' id='word_1_154' title='bbox 1723 2256 1959 2327; x_wconf 90' lang='lat' dir='ltr'><strong>adulter,</strong></span> 
     </span>
    </p>
   </div>
   <div class='ocr_carea' id='block_1_25' title="bbox 386 2350 1959 2426">
    <p class='ocr_par' dir='ltr' id='par_1_25' title="bbox 386 2350 1959 2426">
     <span class='ocr_line' id='line_1_25' title="bbox 386 2350 1959 2426; baseline -0.005 -16"><span class='ocrx_word' id='word_1_155' title='bbox 386 2371 485 2426; x_wconf 86' lang='lat' dir='ltr'><strong>per</strong></span> <span class='ocrx_word' id='word_1_156' title='bbox 508 2354 760 2426; x_wconf 85' lang='lat' dir='ltr'><strong>spiritum</strong></span> <span class='ocrx_word' id='word_1_157' title='bbox 792 2353 846 2407; x_wconf 87' lang='lat' dir='ltr'><strong>in</strong></span> <span class='ocrx_word' id='word_1_158' title='bbox 876 2353 993 2423; x_wconf 91' lang='lat' dir='ltr'><strong>ipso</strong></span> <span class='ocrx_word' id='word_1_159' title='bbox 1021 2352 1400 2417; x_wconf 79' lang='lat' dir='ltr'><strong>cxsistentem,</strong></span> <span class='ocrx_word' id='word_1_160' title='bbox 1424 2358 1691 2420; x_wconf 63' lang='lat' dir='ltr'><strong>praetextu</strong></span> <span class='ocrx_word' id='word_1_161' title='bbox 1721 2350 1959 2420; x_wconf 89' lang='lat' dir='ltr'><strong>quodam</strong></span> 
     </span>
    </p>
   </div>
   <div class='ocr_carea' id='block_1_26' title="bbox 388 2441 1959 2518">
    <p class='ocr_par' dir='ltr' id='par_1_26' title="bbox 388 2441 1959 2518">
     <span class='ocr_line' id='line_1_26' title="bbox 388 2441 1959 2518; baseline -0.005 -15"><span class='ocrx_word' id='word_1_162' title='bbox 388 2455 628 2518; x_wconf 88' lang='lat' dir='ltr'><strong>sumpto,</strong></span> <span class='ocrx_word' id='word_1_163' title='bbox 661 2446 902 2516; x_wconf 88' lang='lat' dir='ltr'><strong>seipsum</strong></span> <span class='ocrx_word' id='word_1_164' title='bbox 934 2445 1233 2515; x_wconf 87' lang='lat' dir='ltr'><strong>separavit,</strong></span> <span class='ocrx_word' id='word_1_165' title='bbox 1284 2451 1339 2498; x_wconf 92' lang='lat' dir='ltr'><strong>et</strong></span> <span class='ocrx_word' id='word_1_166' title='bbox 1367 2442 1515 2498; x_wconf 91' lang='lat' dir='ltr'><strong>malo</strong></span> <span class='ocrx_word' id='word_1_167' title='bbox 1552 2441 1733 2497; x_wconf 90' lang='lat' dir='ltr'><strong>locum</strong></span> <span class='ocrx_word' id='word_1_168' title='bbox 1766 2450 1959 2496; x_wconf 89' lang='lat' dir='ltr'><strong>contra</strong></span> 
     </span>
    </p>
   </div>
   <div class='ocr_carea' id='block_1_27' title="bbox 388 2532 1959 2606">
    <p class='ocr_par' dir='ltr' id='par_1_27' title="bbox 388 2532 1959 2606">
     <span class='ocr_line' id='line_1_27' title="bbox 388 2532 1959 2606; baseline -0.004 -12"><span class='ocrx_word' id='word_1_169' title='bbox 388 2554 448 2594; x_wconf 90' lang='lat' dir='ltr'><strong>se</strong></span> <span class='ocrx_word' id='word_1_170' title='bbox 494 2538 661 2605; x_wconf 90' lang='lat' dir='ltr'><strong>dedit,</strong></span> <span class='ocrx_word' id='word_1_171' title='bbox 713 2545 774 2591; x_wconf 91' lang='lat' dir='ltr'><strong>ut</strong></span> <span class='ocrx_word' id='word_1_172' title='bbox 803 2551 959 2592; x_wconf 89' lang='lat' dir='ltr'><strong>ovem</strong></span> <span class='ocrx_word' id='word_1_173' title='bbox 1007 2545 1243 2606; x_wconf 88' lang='lat' dir='ltr'><strong>raperet,</strong></span> <span class='ocrx_word' id='word_1_174' title='bbox 1302 2532 1562 2589; x_wconf 87' lang='lat' dir='ltr'><strong>nimirum</strong></span> <span class='ocrx_word' id='word_1_175' title='bbox 1587 2540 1742 2588; x_wconf 75' lang='lat' dir='ltr'><strong>extra</strong></span> <span class='ocrx_word' id='word_1_176' title='bbox 1772 2532 1959 2588; x_wconf 84' lang='lat' dir='ltr'><strong>caulas</strong></span> 
     </span>
    </p>
   </div>
   <div class='ocr_carea' id='block_1_28' title="bbox 388 2629 688 2684">
    <p class='ocr_par' dir='ltr' id='par_1_28' title="bbox 388 2629 688 2684">
     <span class='ocr_line' id='line_1_28' title="bbox 388 2629 688 2684; baseline -0.003 -1"><span class='ocrx_word' id='word_1_177' title='bbox 388 2629 688 2684; x_wconf 86' lang='lat' dir='ltr'><strong>inventam.</strong></span> 
     </span>
    </p>
   </div>
   <div class='ocr_carea' id='block_1_29' title="bbox 458 2716 1959 2787">
    <p class='ocr_par' dir='ltr' id='par_1_29' title="bbox 458 2716 1959 2787">
     <span class='ocr_line' id='line_1_29' title="bbox 458 2716 1959 2787; baseline -0.004 -13"><span class='ocrx_word' id='word_1_178' title='bbox 458 2720 620 2775; x_wconf 78' lang='lat' dir='ltr'><strong>LXX.</strong></span> <span class='ocrx_word' id='word_1_179' title='bbox 662 2718 834 2773; x_wconf 87' lang='lat' dir='ltr'><strong>Porro</strong></span> <span class='ocrx_word' id='word_1_180' title='bbox 862 2718 1177 2787; x_wconf 89' lang='lat' dir='ltr'><strong>episcopum</strong></span> <span class='ocrx_word' id='word_1_181' title='bbox 1212 2724 1453 2771; x_wconf 90' lang='lat' dir='ltr'><strong>vestrum</strong></span> <span class='ocrx_word' id='word_1_182' title='bbox 1479 2716 1683 2783; x_wconf 89' lang='lat' dir='ltr'><strong>audite,</strong></span> <span class='ocrx_word' id='word_1_183' title='bbox 1711 2728 1959 2769; x_wconf 54' lang='lat' dir='ltr'><strong>omnem.</strong></span> 
     </span>
    </p>
   </div>
   <div class='ocr_carea' id='block_1_30' title="bbox 386 2806 1959 2883">
    <p class='ocr_par' dir='ltr' id='par_1_30' title="bbox 386 2806 1959 2883">
     <span class='ocr_line' id='line_1_30' title="bbox 386 2806 1959 2883; baseline -0.003 -18"><span class='ocrx_word' id='word_1_184' title='bbox 386 2827 493 2883; x_wconf 88' lang='lat' dir='ltr'><strong>que</strong></span> <span class='ocrx_word' id='word_1_185' title='bbox 524 2812 574 2866; x_wconf 91' lang='lat' dir='ltr'><strong>ei</strong></span> <span class='ocrx_word' id='word_1_186' title='bbox 602 2812 864 2865; x_wconf 91' lang='lat' dir='ltr'><strong>honorem</strong></span> <span class='ocrx_word' id='word_1_187' title='bbox 896 2810 1135 2864; x_wconf 90' lang='lat' dir='ltr'><strong>tribuere</strong></span> <span class='ocrx_word' id='word_1_188' title='bbox 1160 2824 1227 2864; x_wconf 91' lang='lat' dir='ltr'><strong>ne</strong></span> <span class='ocrx_word' id='word_1_189' title='bbox 1276 2806 1502 2863; x_wconf 89' lang='lat' dir='ltr'><strong>cessetis</strong></span> <span class='ocrx_word' id='word_1_190' title='bbox 1530 2826 1544 2862; x_wconf 89' lang='lat'><strong>:</strong></span> <span class='ocrx_word' id='word_1_191' title='bbox 1588 2808 1781 2862; x_wconf 85' lang='lat' dir='ltr'><strong>scitote</strong></span> <span class='ocrx_word' id='word_1_192' title='bbox 1812 2806 1959 2877; x_wconf 89' lang='lat' dir='ltr'><strong>quod</strong></span> 
     </span>
    </p>
   </div>
   <div class='ocr_carea' id='block_1_31' title="bbox 386 2895 1959 2973">
    <p class='ocr_par' dir='ltr' id='par_1_31' title="bbox 386 2895 1959 2973">
     <span class='ocr_line' id='line_1_31' title="bbox 386 2895 1959 2973; baseline -0.003 -17"><span class='ocrx_word' id='word_1_193' title='bbox 386 2918 483 2973; x_wconf 88' lang='lat' dir='ltr'><strong>per</strong></span> <span class='ocrx_word' id='word_1_194' title='bbox 513 2901 666 2956; x_wconf 91' lang='lat' dir='ltr'><strong>illum</strong></span> <span class='ocrx_word' id='word_1_195' title='bbox 691 2898 1024 2955; x_wconf 89' lang='lat' dir='ltr'><strong>adducimini</strong></span> <span class='ocrx_word' id='word_1_196' title='bbox 1062 2898 1128 2953; x_wconf 94' lang='lat' dir='ltr'><strong>ad</strong></span> <span class='ocrx_word' id='word_1_197' title='bbox 1158 2896 1436 2952; x_wconf 88' lang='lat' dir='ltr'><strong>Christum</strong></span> <span class='ocrx_word' id='word_1_198' title='bbox 1459 2936 1475 2964; x_wconf 95' lang='lat'><strong>,</strong></span> <span class='ocrx_word' id='word_1_199' title='bbox 1500 2904 1555 2951; x_wconf 88' lang='lat' dir='ltr'><strong>et</strong></span> <span class='ocrx_word' id='word_1_200' title='bbox 1583 2912 1614 2951; x_wconf 93' lang='lat' dir='ltr'><strong>a</strong></span> <span class='ocrx_word' id='word_1_201' title='bbox 1644 2895 1862 2951; x_wconf 88' lang='lat' dir='ltr'><strong>Christo</strong></span> <span class='ocrx_word' id='word_1_202' title='bbox 1891 2896 1959 2951; x_wconf 89' lang='lat' dir='ltr'><strong>ad</strong></span> 
     </span>
    </p>
   </div>
   <div class='ocr_carea' id='block_1_32' title="bbox 389 2986 1960 3061">
    <p class='ocr_par' dir='ltr' id='par_1_32' title="bbox 389 2986 1960 3061">
     <span class='ocr_line' id='line_1_32' title="bbox 389 2986 1960 3061; baseline -0.003 -14"><span class='ocrx_word' id='word_1_203' title='bbox 389 2994 581 3049; x_wconf 90' lang='lat' dir='ltr'><strong>Deum.</strong></span> <span class='ocrx_word' id='word_1_204' title='bbox 613 2992 916 3047; x_wconf 87' lang='lat' dir='ltr'><strong>Adducenti</strong></span> <span class='ocrx_word' id='word_1_205' title='bbox 948 3005 1078 3061; x_wconf 71' lang='lat' dir='ltr'><strong>ergo</strong></span> <span class='ocrx_word' id='word_1_206' title='bbox 1113 2987 1485 3059; x_wconf 89' lang='lat' dir='ltr'><strong>multipliciter</strong></span> <span class='ocrx_word' id='word_1_207' title='bbox 1516 2988 1818 3043; x_wconf 90' lang='lat' dir='ltr'><strong>retribuite.</strong></span> <span class='ocrx_word' id='word_1_208' title='bbox 1851 2986 1960 3042; x_wconf 71' lang='lat' dir='ltr'><strong>Ho-</strong></span> 
     </span>
    </p>
   </div>
   <div class='ocr_carea' id='block_1_33' title="bbox 2062 494 3730 571">
    <p class='ocr_par' dir='ltr' id='par_1_33' title="bbox 2062 494 3730 571">
     <span class='ocr_line' id='line_1_33' title="bbox 2062 494 3730 571; baseline 0.007 -24"><span class='ocrx_word' id='word_1_209' title='bbox 2062 494 2349 567; x_wconf 87' lang='grc' dir='ltr'>θεραπεία·</span> <span class='ocrx_word' id='word_1_210' title='bbox 2407 497 2441 567; x_wconf 87' lang='grc' dir='ltr'><strong>ή</strong></span> <span class='ocrx_word' id='word_1_211' title='bbox 2502 494 2611 569; x_wconf 87' lang='grc' dir='ltr'>γὰρ</span> <span class='ocrx_word' id='word_1_212' title='bbox 2649 497 2823 569; x_wconf 85' lang='grc' dir='ltr'>τροφὴ</span> <span class='ocrx_word' id='word_1_213' title='bbox 2883 498 2978 553; x_wconf 91' lang='grc' dir='ltr'><strong>τοῦ</strong></span> <span class='ocrx_word' id='word_1_214' title='bbox 3031 498 3281 571; x_wconf 79' lang='grc' dir='ltr'>σώματος</span> <span class='ocrx_word' id='word_1_215' title='bbox 3336 501 3637 570; x_wconf 85' lang='grc' dir='ltr'>ἀνάπαυσίς</span> <span class='ocrx_word' id='word_1_216' title='bbox 3720 532 3730 542; x_wconf 88' lang='grc'><strong>·</strong></span> 
     </span>
    </p>
   </div>
   <div class='ocr_carea' id='block_1_34' title="bbox 2058 586 2227 642">
    <p class='ocr_par' dir='ltr' id='par_1_34' title="bbox 2058 586 2227 642">
     <span class='ocr_line' id='line_1_34' title="bbox 2058 586 2227 642; baseline 0.012 -2"><span class='ocrx_word' id='word_1_217' title='bbox 2058 586 2227 642; x_wconf 75' lang='grc' dir='ltr'>ἐστιν.</span> 
     </span>
    </p>
   </div>
   <div class='ocr_carea' id='block_1_35' title="bbox 2061 679 3633 760">
    <p class='ocr_par' dir='ltr' id='par_1_35' title="bbox 2061 679 3633 760">
     <span class='ocr_line' id='line_1_35' title="bbox 2061 679 3633 760; baseline 0.015 -40"><span class='ocrx_word' id='word_1_218' title='bbox 2061 710 2111 721; x_wconf 75' lang='lat'><strong>..</strong></span> <span class='ocrx_word' id='word_1_219' title='bbox 2135 679 2324 735; x_wconf 78' lang='lat' dir='ltr'><strong>LXIX.</strong></span> <span class='ocrx_word' id='word_1_220' title='bbox 2370 681 2550 751; x_wconf 80' lang='grc' dir='ltr'>Ὀμῶς</span> <span class='ocrx_word' id='word_1_221' title='bbox 2573 679 2665 734; x_wconf 85' lang='grc' dir='ltr'><strong>ὲάν</strong></span> <span class='ocrx_word' id='word_1_222' title='bbox 2686 681 3007 753; x_wconf 79' lang='grc' dir='ltr'><strong>ἀγαπήσητε</strong></span> <span class='ocrx_word' id='word_1_223' title='bbox 3032 683 3159 747; x_wconf 79' lang='grc' dir='ltr'>τοὺς</span> <span class='ocrx_word' id='word_1_224' title='bbox 3185 684 3444 755; x_wconf 79' lang='grc' dir='ltr'>ἀδελφοὺς</span> <span class='ocrx_word' id='word_1_225' title='bbox 3462 687 3633 760; x_wconf 84' lang='grc' dir='ltr'>ὑμῶν,</span> 
     </span>
    </p>
   </div>
   <div class='ocr_carea' id='block_1_36' title="bbox 2062 768 3632 849">
    <p class='ocr_par' dir='ltr' id='par_1_36' title="bbox 2062 768 3632 849">
     <span class='ocr_line' id='line_1_36' title="bbox 2062 768 3632 849; baseline 0.004 -23"><span class='ocrx_word' id='word_1_226' title='bbox 2062 773 2214 827; x_wconf 85' lang='grc' dir='ltr'>οὐδὲν</span> <span class='ocrx_word' id='word_1_227' title='bbox 2233 773 2409 827; x_wconf 88' lang='grc' dir='ltr'>αὐτῶν</span> <span class='ocrx_word' id='word_1_228' title='bbox 2433 775 2823 846; x_wconf 86' lang='grc' dir='ltr'>ἀφαιρήσεσθε,</span> <span class='ocrx_word' id='word_1_229' title='bbox 2843 768 2917 828; x_wconf 83' lang='grc' dir='ltr'>ὧν</span> <span class='ocrx_word' id='word_1_230' title='bbox 2942 775 2999 828; x_wconf 86' lang='grc' dir='ltr'>δὲ</span> <span class='ocrx_word' id='word_1_231' title='bbox 3025 775 3175 846; x_wconf 76' lang='grc' dir='ltr'>ἔχετε</span> <span class='ocrx_word' id='word_1_232' title='bbox 3207 779 3539 849; x_wconf 87' lang='grc' dir='ltr'>μεταδώσετε</span> <span class='ocrx_word' id='word_1_233' title='bbox 3566 782 3632 815; x_wconf 73' lang='grc' dir='ltr'><strong>’θ’</strong></span> 
     </span>
    </p>
   </div>
   <div class='ocr_carea' id='block_1_37' title="bbox 2064 866 3633 946">
    <p class='ocr_par' dir='ltr' id='par_1_37' title="bbox 2064 866 3633 946">
     <span class='ocr_line' id='line_1_37' title="bbox 2064 866 3633 946; baseline 0.004 -27"><span class='ocrx_word' id='word_1_234' title='bbox 2064 868 2365 930; x_wconf 81' lang='grc' dir='ltr'><strong>πεινῶντας</strong></span> <span class='ocrx_word' id='word_1_235' title='bbox 2397 866 2506 938; x_wconf 83' lang='grc' dir='ltr'><strong>γὰρ</strong></span> <span class='ocrx_word' id='word_1_236' title='bbox 2540 866 2787 939; x_wconf 66' lang='grc' dir='ltr'>θρέψετε,</span> <span class='ocrx_word' id='word_1_237' title='bbox 2840 867 3033 938; x_wconf 74' lang='grc' dir='ltr'>διψῶσι</span> <span class='ocrx_word' id='word_1_238' title='bbox 3084 871 3244 924; x_wconf 84' lang='grc' dir='ltr'>ποτὸν</span> <span class='ocrx_word' id='word_1_239' title='bbox 3276 873 3534 946; x_wconf 78' lang='grc' dir='ltr'>παρέξετε</span> <span class='ocrx_word' id='word_1_240' title='bbox 3566 875 3633 943; x_wconf 80' lang='grc'>¹¹,</span> 
     </span>
    </p>
   </div>
   <div class='ocr_carea' id='block_1_38' title="bbox 2063 959 3638 1033">
    <p class='ocr_par' dir='ltr' id='par_1_38' title="bbox 2063 959 3638 1033">
     <span class='ocr_line' id='line_1_38' title="bbox 2063 959 3638 1033; baseline 0.006 -22"><span class='ocrx_word' id='word_1_241' title='bbox 2063 960 2307 1030; x_wconf 82' lang='grc' dir='ltr'>γυμνοὺς</span> <span class='ocrx_word' id='word_1_242' title='bbox 2341 959 2612 1024; x_wconf 79' lang='grc' dir='ltr'>ὲνδύσετε,</span> <span class='ocrx_word' id='word_1_243' title='bbox 2664 959 2953 1024; x_wconf 83' lang='grc' dir='ltr'>νοσοῦντας</span> <span class='ocrx_word' id='word_1_244' title='bbox 2998 962 3375 1033; x_wconf 77' lang='grc' dir='ltr'>ἑπισκέψεσθε,</span> <span class='ocrx_word' id='word_1_245' title='bbox 3431 969 3543 1030; x_wconf 88' lang='grc' dir='ltr'>τοῖς</span> <span class='ocrx_word' id='word_1_246' title='bbox 3580 968 3638 1021; x_wconf 81' lang='grc' dir='ltr'>ὲν</span> 
     </span>
    </p>
   </div>
   <div class='ocr_carea' id='block_1_39' title="bbox 2062 1052 3639 1125">
    <p class='ocr_par' dir='ltr' id='par_1_39' title="bbox 2062 1052 3639 1125">
     <span class='ocr_line' id='line_1_39' title="bbox 2062 1052 3639 1125; baseline 0.006 -20"><span class='ocrx_word' id='word_1_247' title='bbox 2062 1053 2306 1124; x_wconf 82' lang='grc' dir='ltr'>εἱρκταῖς</span> <span class='ocrx_word' id='word_1_248' title='bbox 2333 1053 2409 1117; x_wconf 83' lang='grc' dir='ltr'>ὡς</span> <span class='ocrx_word' id='word_1_249' title='bbox 2427 1053 2650 1107; x_wconf 83' lang='grc' dir='ltr'>δυνατὸν</span> <span class='ocrx_word' id='word_1_250' title='bbox 2679 1052 2995 1125; x_wconf 83' lang='grc' dir='ltr'><strong>βοηθήσετε,</strong></span> <span class='ocrx_word' id='word_1_251' title='bbox 3014 1054 3195 1121; x_wconf 80' lang='grc' dir='ltr'>ξένους</span> <span class='ocrx_word' id='word_1_252' title='bbox 3222 1059 3302 1120; x_wconf 85' lang='grc' dir='ltr'><strong>είς</strong></span> <span class='ocrx_word' id='word_1_253' title='bbox 3332 1057 3400 1112; x_wconf 89' lang='grc' dir='ltr'><strong>τά</strong></span> <span class='ocrx_word' id='word_1_254' title='bbox 3427 1060 3639 1115; x_wconf 80' lang='grc' dir='ltr'>ἑαυτῶν</span> 
     </span>
    </p>
   </div>
   <div class='ocr_carea' id='block_1_40' title="bbox 2065 1144 3635 1224">
    <p class='ocr_par' dir='ltr' id='par_1_40' title="bbox 2065 1144 3635 1224">
     <span class='ocr_line' id='line_1_40' title="bbox 2065 1144 3635 1224; baseline 0.006 -28"><span class='ocrx_word' id='word_1_255' title='bbox 2065 1144 2405 1215; x_wconf 83' lang='grc' dir='ltr'>σκηνώματα</span> <span class='ocrx_word' id='word_1_256' title='bbox 2433 1144 2730 1217; x_wconf 85' lang='grc' dir='ltr'>προθύμως</span> <span class='ocrx_word' id='word_1_257' title='bbox 2752 1144 3096 1213; x_wconf 79' lang='grc' dir='ltr'>ἀποδέξεσθε,</span> <span class='ocrx_word' id='word_1_258' title='bbox 3128 1149 3329 1219; x_wconf 81' lang='grc' dir='ltr'>μηδένα</span> <span class='ocrx_word' id='word_1_259' title='bbox 3357 1155 3635 1224; x_wconf 82' lang='grc' dir='ltr'>μισήσετε.</span> 
     </span>
    </p>
   </div>
   <div class='ocr_carea' id='block_1_41' title="bbox 2075 1234 3641 1317">
    <p class='ocr_par' dir='ltr' id='par_1_41' title="bbox 2075 1234 3641 1317">
     <span class='ocr_line' id='line_1_41' title="bbox 2075 1234 3641 1317; baseline 0.007 -29"><span class='ocrx_word' id='word_1_260' title='bbox 2075 1234 2164 1299; x_wconf 83' lang='grc' dir='ltr'>Ὦς</span> <span class='ocrx_word' id='word_1_261' title='bbox 2191 1236 2248 1290; x_wconf 83' lang='grc' dir='ltr'>δὲ</span> <span class='ocrx_word' id='word_1_262' title='bbox 2274 1237 2356 1290; x_wconf 85' lang='grc' dir='ltr'><strong>δεῖ</strong></span> <span class='ocrx_word' id='word_1_263' title='bbox 2368 1237 2630 1301; x_wconf 79' lang='grc' dir='ltr'>εὐσεϐεῖν,</span> <span class='ocrx_word' id='word_1_264' title='bbox 2652 1238 3126 1309; x_wconf 85' lang='grc' dir='ltr'>εὐγνωμονοῦντας</span> <span class='ocrx_word' id='word_1_265' title='bbox 3158 1243 3302 1313; x_wconf 78' lang='grc' dir='ltr'>ὑμᾶς</span> <span class='ocrx_word' id='word_1_266' title='bbox 3319 1247 3347 1298; x_wconf 87' lang='grc' dir='ltr'><strong>ό</strong></span> <span class='ocrx_word' id='word_1_267' title='bbox 3378 1245 3641 1317; x_wconf 87' lang='grc' dir='ltr'>ὑμέτερος</span> 
     </span>
    </p>
   </div>
   <div class='ocr_carea' id='block_1_42' title="bbox 2062 1327 3637 1407">
    <p class='ocr_par' dir='ltr' id='par_1_42' title="bbox 2062 1327 3637 1407">
     <span class='ocr_line' id='line_1_42' title="bbox 2062 1327 3637 1407; baseline 0.005 -23"><span class='ocrx_word' id='word_1_268' title='bbox 2062 1327 2264 1395; x_wconf 80' lang='grc' dir='ltr'>διδάξει</span> <span class='ocrx_word' id='word_1_269' title='bbox 2296 1330 2443 1394; x_wconf 90' lang='grc' dir='ltr'>νοῦς.</span> <span class='ocrx_word' id='word_1_270' title='bbox 2474 1330 2588 1403; x_wconf 86' lang='grc' dir='ltr'><strong>Πρὸ</strong></span> <span class='ocrx_word' id='word_1_271' title='bbox 2619 1331 2677 1385; x_wconf 82' lang='grc' dir='ltr'>δὲ</span> <span class='ocrx_word' id='word_1_272' title='bbox 2700 1332 2938 1398; x_wconf 86' lang='grc' dir='ltr'>πάντων,</span> <span class='ocrx_word' id='word_1_273' title='bbox 2973 1334 3021 1386; x_wconf 79' lang='grc' dir='ltr'>εἰ</span> <span class='ocrx_word' id='word_1_274' title='bbox 3049 1334 3142 1388; x_wconf 81' lang='grc' dir='ltr'><strong>καὶ</strong></span> <span class='ocrx_word' id='word_1_275' title='bbox 3173 1335 3255 1389; x_wconf 90' lang='grc' dir='ltr'><strong>δεῖ</strong></span> <span class='ocrx_word' id='word_1_276' title='bbox 3280 1336 3407 1407; x_wconf 86' lang='grc' dir='ltr'>ὑμῖν</span> <span class='ocrx_word' id='word_1_277' title='bbox 3435 1336 3637 1405; x_wconf 85' lang='grc' dir='ltr'>λέγειν,</span> 
     </span>
    </p>
   </div>
   <div class='ocr_carea' id='block_1_43' title="bbox 2064 1423 3640 1501">
    <p class='ocr_par' dir='ltr' id='par_1_43' title="bbox 2064 1423 3640 1501">
     <span class='ocr_line' id='line_1_43' title="bbox 2064 1423 3640 1501; baseline 0.005 -25"><span class='ocrx_word' id='word_1_278' title='bbox 2064 1423 2453 1494; x_wconf 84' lang='grc' dir='ltr'>συνεχέστερον</span> <span class='ocrx_word' id='word_1_279' title='bbox 2487 1424 2833 1497; x_wconf 88' lang='grc' dir='ltr'>συνέρχεσθε,</span> <span class='ocrx_word' id='word_1_280' title='bbox 2862 1425 2972 1479; x_wconf 75' lang='grc' dir='ltr'>εἴθε</span> <span class='ocrx_word' id='word_1_281' title='bbox 3003 1428 3050 1459; x_wconf 83' lang='grc'>²²</span> <span class='ocrx_word' id='word_1_282' title='bbox 3077 1428 3198 1482; x_wconf 89' lang='grc' dir='ltr'>καθ’</span> <span class='ocrx_word' id='word_1_283' title='bbox 3221 1428 3389 1501; x_wconf 84' lang='grc' dir='ltr'>ὤραν,</span> <span class='ocrx_word' id='word_1_284' title='bbox 3424 1430 3542 1484; x_wconf 77' lang='grc' dir='ltr'>ἐπεί</span> <span class='ocrx_word' id='word_1_285' title='bbox 3574 1448 3640 1501; x_wconf 87' lang='grc' dir='ltr'><strong>γε</strong></span> 
     </span>
    </p>
   </div>
   <div class='ocr_carea' id='block_1_44' title="bbox 2063 1514 3641 1593">
    <p class='ocr_par' dir='ltr' id='par_1_44' title="bbox 2063 1514 3641 1593">
     <span class='ocr_line' id='line_1_44' title="bbox 2063 1514 3641 1593; baseline 0.006 -26"><span class='ocrx_word' id='word_1_286' title='bbox 2063 1514 2121 1569; x_wconf 77' lang='grc' dir='ltr'>ὲν</span> <span class='ocrx_word' id='word_1_287' title='bbox 2153 1518 2271 1579; x_wconf 86' lang='grc' dir='ltr'>ταῖς</span> <span class='ocrx_word' id='word_1_288' title='bbox 2301 1518 2714 1589; x_wconf 89' lang='grc' dir='ltr'>νενομισμέναις</span> <span class='ocrx_word' id='word_1_289' title='bbox 2745 1518 2845 1589; x_wconf 83' lang='grc' dir='ltr'>τῆς</span> <span class='ocrx_word' id='word_1_290' title='bbox 2879 1519 2926 1551; x_wconf 78' lang='grc'><strong><em>’³</em></strong></span> <span class='ocrx_word' id='word_1_291' title='bbox 2964 1519 3180 1573; x_wconf 85' lang='grc' dir='ltr'>συνόδου</span> <span class='ocrx_word' id='word_1_292' title='bbox 3213 1521 3465 1593; x_wconf 80' lang='grc' dir='ltr'>ἡμέραις.</span> <span class='ocrx_word' id='word_1_293' title='bbox 3514 1523 3641 1577; x_wconf 85' lang='grc' dir='ltr'><strong>Ἐὰν</strong></span> 
     </span>
    </p>
   </div>
   <div class='ocr_carea' id='block_1_45' title="bbox 2062 1606 3636 1681">
    <p class='ocr_par' dir='ltr' id='par_1_45' title="bbox 2062 1606 3636 1681">
     <span class='ocr_line' id='line_1_45' title="bbox 2062 1606 3636 1681; baseline 0.004 -20"><span class='ocrx_word' id='word_1_294' title='bbox 2062 1606 2173 1679; x_wconf 89' lang='grc' dir='ltr'><strong>γάρ</strong></span> <span class='ocrx_word' id='word_1_295' title='bbox 2198 1608 2357 1663; x_wconf 92' lang='grc' dir='ltr'>τοῦτο</span> <span class='ocrx_word' id='word_1_296' title='bbox 2411 1610 2602 1681; x_wconf 84' lang='grc' dir='ltr'>ποιῆτε</span> <span class='ocrx_word' id='word_1_297' title='bbox 2659 1609 2727 1674; x_wconf 70' lang='grc'><strong>’⁸,</strong></span> <span class='ocrx_word' id='word_1_298' title='bbox 2761 1611 2913 1674; x_wconf 77' lang='grc' dir='ltr'>ἐντὸς</span> <span class='ocrx_word' id='word_1_299' title='bbox 2968 1611 3163 1681; x_wconf 86' lang='grc' dir='ltr'>τειχῶν</span> <span class='ocrx_word' id='word_1_300' title='bbox 3211 1612 3436 1676; x_wconf 80' lang='grc' dir='ltr'>ἀσυλίας</span> <span class='ocrx_word' id='word_1_301' title='bbox 3494 1614 3636 1667; x_wconf 81' lang='grc' dir='ltr'>ἐστέ·</span> 
     </span>
    </p>
   </div>
   <div class='ocr_carea' id='block_1_46' title="bbox 2061 1699 3642 1777">
    <p class='ocr_par' dir='ltr' id='par_1_46' title="bbox 2061 1699 3642 1777">
     <span class='ocr_line' id='line_1_46' title="bbox 2061 1699 3642 1777; baseline 0.003 -23"><span class='ocrx_word' id='word_1_302' title='bbox 2061 1699 2205 1774; x_wconf 81' lang='grc' dir='ltr'>ἀρχή</span> <span class='ocrx_word' id='word_1_303' title='bbox 2238 1701 2349 1773; x_wconf 88' lang='grc' dir='ltr'><strong>γάρ</strong></span> <span class='ocrx_word' id='word_1_304' title='bbox 2381 1701 2657 1765; x_wconf 79' lang='grc' dir='ltr'>ἀπωλείας</span> <span class='ocrx_word' id='word_1_305' title='bbox 2688 1701 2975 1767; x_wconf 81' lang='grc' dir='ltr'>ἀποταξία.</span> <span class='ocrx_word' id='word_1_306' title='bbox 3020 1704 3171 1773; x_wconf 88' lang='grc' dir='ltr'>Μήτε</span> <span class='ocrx_word' id='word_1_307' title='bbox 3226 1700 3319 1757; x_wconf 88' lang='grc' dir='ltr'><strong>οῦν</strong></span> <span class='ocrx_word' id='word_1_308' title='bbox 3374 1706 3642 1777; x_wconf 69' lang='grc' dir='ltr'>προφάσει</span> 
     </span>
    </p>
   </div>
   <div class='ocr_carea' id='block_1_47' title="bbox 2065 1793 3642 1866">
    <p class='ocr_par' dir='ltr' id='par_1_47' title="bbox 2065 1793 3642 1866">
     <span class='ocr_line' id='line_1_47' title="bbox 2065 1793 3642 1866; baseline 0.002 -20"><span class='ocrx_word' id='word_1_309' title='bbox 2065 1794 2433 1866; x_wconf 77' lang='grc' dir='ltr'>μικροψυχίας</span> <span class='ocrx_word' id='word_1_310' title='bbox 2472 1795 2571 1866; x_wconf 83' lang='grc' dir='ltr'>τῆς</span> <span class='ocrx_word' id='word_1_311' title='bbox 2606 1794 2651 1827; x_wconf 82' lang='grc'><strong><em>³⁸</em></strong></span> <span class='ocrx_word' id='word_1_312' title='bbox 2682 1793 2821 1865; x_wconf 84' lang='grc' dir='ltr'>πρὸς</span> <span class='ocrx_word' id='word_1_313' title='bbox 2852 1793 3077 1863; x_wconf 82' lang='grc' dir='ltr'>ἀδελφὺν</span> <span class='ocrx_word' id='word_1_314' title='bbox 3131 1795 3507 1849; x_wconf 84' lang='grc' dir='ltr'>ἀπολειπέσθω</span> <span class='ocrx_word' id='word_1_315' title='bbox 3558 1814 3642 1861; x_wconf 87' lang='grc' dir='ltr'><strong>τις</strong></span> 
     </span>
    </p>
   </div>
   <div class='ocr_carea' id='block_1_48' title="bbox 2059 1885 3639 1961">
    <p class='ocr_par' dir='ltr' id='par_1_48' title="bbox 2059 1885 3639 1961">
     <span class='ocr_line' id='line_1_48' title="bbox 2059 1885 3639 1961; baseline 0.001 -21"><span class='ocrx_word' id='word_1_316' title='bbox 2059 1885 2155 1941; x_wconf 90' lang='grc' dir='ltr'><strong>τοῦ</strong></span> <span class='ocrx_word' id='word_1_317' title='bbox 2213 1886 2568 1959; x_wconf 85' lang='grc' dir='ltr'>συνεδρεύειν.</span> <span class='ocrx_word' id='word_1_318' title='bbox 2625 1886 2751 1941; x_wconf 86' lang='grc' dir='ltr'><strong>Ἑάν</strong></span> <span class='ocrx_word' id='word_1_319' title='bbox 2783 1887 2894 1959; x_wconf 87' lang='grc' dir='ltr'><strong>γάρ</strong></span> <span class='ocrx_word' id='word_1_320' title='bbox 2925 1904 3010 1950; x_wconf 87' lang='grc' dir='ltr'><strong>τις</strong></span> <span class='ocrx_word' id='word_1_321' title='bbox 3064 1888 3215 1959; x_wconf 87' lang='grc' dir='ltr'>ὑμῶν</span> <span class='ocrx_word' id='word_1_322' title='bbox 3247 1889 3297 1920; x_wconf 76' lang='grc'><strong>’⁸</strong></span> <span class='ocrx_word' id='word_1_323' title='bbox 3340 1889 3639 1961; x_wconf 73' lang='grc' dir='ltr'>ἀπολειφθῇ</span> 
     </span>
    </p>
   </div>
   <div class='ocr_carea' id='block_1_49' title="bbox 2059 1967 3641 2055">
    <p class='ocr_par' dir='ltr' id='par_1_49' title="bbox 2059 1967 3641 2055">
     <span class='ocr_line' id='line_1_49' title="bbox 2059 1967 3641 2055; baseline 0.001 -20"><span class='ocrx_word' id='word_1_324' title='bbox 2059 1979 2155 2035; x_wconf 91' lang='grc' dir='ltr'><strong>τοῦ</strong></span> <span class='ocrx_word' id='word_1_325' title='bbox 2186 1981 2535 2051; x_wconf 89' lang='grc' dir='ltr'>συνάγεσθαι,</span> <span class='ocrx_word' id='word_1_326' title='bbox 2552 1981 2662 2035; x_wconf 89' lang='grc' dir='ltr'><strong>τῶν</strong></span> <span class='ocrx_word' id='word_1_327' title='bbox 2686 1981 3086 2055; x_wconf 78' lang='grc' dir='ltr'>σκορπιζόντων</span> <span class='ocrx_word' id='word_1_328' title='bbox 3119 1967 3217 2054; x_wconf 78' lang='grc' dir='ltr'><strong>τὴν</strong></span> <span class='ocrx_word' id='word_1_329' title='bbox 3248 1982 3482 2054; x_wconf 80' lang='grc' dir='ltr'>Χριστοῦ</span> <span class='ocrx_word' id='word_1_330' title='bbox 3518 1983 3641 2036; x_wconf 80' lang='grc' dir='ltr'><strong>Ἐκ-</strong></span> 
     </span>
    </p>
   </div>
   <div class='ocr_carea' id='block_1_50' title="bbox 2061 2072 3615 2147">
    <p class='ocr_par' dir='ltr' id='par_1_50' title="bbox 2061 2072 3615 2147">
     <span class='ocr_line' id='line_1_50' title="bbox 2061 2072 3615 2147; baseline 0.001 -19"><span class='ocrx_word' id='word_1_331' title='bbox 2061 2072 2291 2146; x_wconf 85' lang='grc' dir='ltr'>κλησίαν</span> <span class='ocrx_word' id='word_1_332' title='bbox 2320 2073 2721 2147; x_wconf 82' lang='grc' dir='ltr'>λογισθήσεται,</span> <span class='ocrx_word' id='word_1_333' title='bbox 2745 2076 2838 2127; x_wconf 74' lang='grc' dir='ltr'>καὶ</span> <span class='ocrx_word' id='word_1_334' title='bbox 2853 2074 2929 2137; x_wconf 83' lang='grc' dir='ltr'>ὼς</span> <span class='ocrx_word' id='word_1_335' title='bbox 2956 2074 3066 2127; x_wconf 83' lang='grc' dir='ltr'><strong>τῶν</strong></span> <span class='ocrx_word' id='word_1_336' title='bbox 3087 2074 3228 2128; x_wconf 84' lang='grc' dir='ltr'><strong>κατά</strong></span> <span class='ocrx_word' id='word_1_337' title='bbox 3258 2074 3367 2128; x_wconf 87' lang='grc' dir='ltr'><strong>τῶν</strong></span> <span class='ocrx_word' id='word_1_338' title='bbox 3392 2074 3486 2128; x_wconf 90' lang='grc' dir='ltr'><strong>τοῦ</strong></span> <span class='ocrx_word' id='word_1_339' title='bbox 3511 2076 3615 2147; x_wconf 88' lang='grc' dir='ltr'><strong>Χρι</strong></span> 
     </span>
    </p>
   </div>
   <div class='ocr_carea' id='block_1_51' title="bbox 2062 2165 3642 2239">
    <p class='ocr_par' dir='ltr' id='par_1_51' title="bbox 2062 2165 3642 2239">
     <span class='ocr_line' id='line_1_51' title="bbox 2062 2165 3642 2239; baseline 0 -18"><span class='ocrx_word' id='word_1_340' title='bbox 2062 2165 2189 2221; x_wconf 89' lang='grc' dir='ltr'>στοῦ</span> <span class='ocrx_word' id='word_1_341' title='bbox 2224 2166 2482 2239; x_wconf 85' lang='grc' dir='ltr'>μαθητῶν</span> <span class='ocrx_word' id='word_1_342' title='bbox 2539 2165 2789 2238; x_wconf 76' lang='grc' dir='ltr'>ὑπάρξας</span> <span class='ocrx_word' id='word_1_343' title='bbox 2847 2166 3240 2239; x_wconf 79' lang='grc' dir='ltr'>κολασθήσεται</span> <span class='ocrx_word' id='word_1_344' title='bbox 3284 2168 3378 2220; x_wconf 78' lang='grc' dir='ltr'><strong>καὶ</strong></span> <span class='ocrx_word' id='word_1_345' title='bbox 3409 2168 3455 2200; x_wconf 76' lang='grc'><strong>’⁷</strong></span> <span class='ocrx_word' id='word_1_346' title='bbox 3505 2167 3642 2239; x_wconf 86' lang='grc' dir='ltr'><strong>μετά</strong></span> 
     </span>
    </p>
   </div>
   <div class='ocr_carea' id='block_1_52' title="bbox 2064 2259 3641 2332">
    <p class='ocr_par' dir='ltr' id='par_1_52' title="bbox 2064 2259 3641 2332">
     <span class='ocr_line' id='line_1_52' title="bbox 2064 2259 3641 2332; baseline 0.001 -20"><span class='ocrx_word' id='word_1_347' title='bbox 2064 2259 2269 2331; x_wconf 88' lang='grc' dir='ltr'>μοιχῶν</span> <span class='ocrx_word' id='word_1_348' title='bbox 2292 2259 2731 2332; x_wconf 79' lang='grc' dir='ltr'>ἀποϐληθήσεται</span> <span class='ocrx_word' id='word_1_349' title='bbox 2760 2260 2827 2292; x_wconf 72' lang='grc'><strong>⁸⁸⁸</strong></span> <span class='ocrx_word' id='word_1_350' title='bbox 2852 2260 2929 2323; x_wconf 82' lang='grc' dir='ltr'>ὡς</span> <span class='ocrx_word' id='word_1_351' title='bbox 2962 2259 3071 2331; x_wconf 85' lang='grc' dir='ltr'>γὰρ</span> <span class='ocrx_word' id='word_1_352' title='bbox 3108 2260 3295 2331; x_wconf 79' lang='grc' dir='ltr'>μοιχὸς</span> <span class='ocrx_word' id='word_1_353' title='bbox 3321 2260 3427 2313; x_wconf 78' lang='grc' dir='ltr'><strong>ὑπὸ</strong></span> <span class='ocrx_word' id='word_1_354' title='bbox 3468 2260 3561 2313; x_wconf 88' lang='grc' dir='ltr'><strong>τοῦ</strong></span> <span class='ocrx_word' id='word_1_355' title='bbox 3584 2262 3641 2314; x_wconf 81' lang='grc' dir='ltr'>ὲν</span> 
     </span>
    </p>
   </div>
   <div class='ocr_carea' id='block_1_53' title="bbox 2060 2352 3642 2425">
    <p class='ocr_par' dir='ltr' id='par_1_53' title="bbox 2060 2352 3642 2425">
     <span class='ocr_line' id='line_1_53' title="bbox 2060 2352 3642 2425; baseline -0.001 -18"><span class='ocrx_word' id='word_1_356' title='bbox 2060 2352 2209 2425; x_wconf 90' lang='grc' dir='ltr'>αὐτῷ</span> <span class='ocrx_word' id='word_1_357' title='bbox 2238 2352 2547 2424; x_wconf 83' lang='grc' dir='ltr'>πνεύματος</span> <span class='ocrx_word' id='word_1_358' title='bbox 2584 2352 2853 2424; x_wconf 77' lang='grc' dir='ltr'>προφάσει</span> <span class='ocrx_word' id='word_1_359' title='bbox 2881 2352 3035 2423; x_wconf 71' lang='grc'><strong>117</strong></span> <span class='ocrx_word' id='word_1_360' title='bbox 3060 2354 3202 2417; x_wconf 79' lang='grc' dir='ltr'>τινὸς</span> <span class='ocrx_word' id='word_1_361' title='bbox 3233 2352 3642 2424; x_wconf 77' lang='grc' dir='ltr'>ἐαυτὸνάφῶρι-</span> 
     </span>
    </p>
   </div>
   <div class='ocr_carea' id='block_1_54' title="bbox 2063 2444 3642 2518">
    <p class='ocr_par' dir='ltr' id='par_1_54' title="bbox 2063 2444 3642 2518">
     <span class='ocr_line' id='line_1_54' title="bbox 2063 2444 3642 2518; baseline 0 -19"><span class='ocrx_word' id='word_1_362' title='bbox 2063 2462 2175 2511; x_wconf 91' lang='grc' dir='ltr'>σεν,</span> <span class='ocrx_word' id='word_1_363' title='bbox 2218 2446 2311 2500; x_wconf 80' lang='grc' dir='ltr'>καὶ</span> <span class='ocrx_word' id='word_1_364' title='bbox 2344 2446 2422 2517; x_wconf 86' lang='grc' dir='ltr'>τῷ</span> <span class='ocrx_word' id='word_1_365' title='bbox 2461 2444 2682 2517; x_wconf 83' lang='grc' dir='ltr'>πονηρῷ</span> <span class='ocrx_word' id='word_1_366' title='bbox 2714 2447 2833 2499; x_wconf 77' lang='grc' dir='ltr'>κατ’</span> <span class='ocrx_word' id='word_1_367' title='bbox 2858 2446 3020 2499; x_wconf 90' lang='grc' dir='ltr'>αὐτοῦ</span> <span class='ocrx_word' id='word_1_368' title='bbox 3055 2445 3234 2518; x_wconf 85' lang='grc' dir='ltr'>χώραν</span> <span class='ocrx_word' id='word_1_369' title='bbox 3290 2446 3455 2499; x_wconf 76' lang='grc' dir='ltr'>ἔδωκε</span> <span class='ocrx_word' id='word_1_370' title='bbox 3510 2444 3642 2518; x_wconf 86' lang='grc' dir='ltr'>πρό-</span> 
     </span>
    </p>
   </div>
   <div class='ocr_carea' id='block_1_55' title="bbox 2060 2536 3374 2611">
    <p class='ocr_par' dir='ltr' id='par_1_55' title="bbox 2060 2536 3374 2611">
     <span class='ocr_line' id='line_1_55' title="bbox 2060 2536 3374 2611; baseline 0.002 -23"><span class='ocrx_word' id='word_1_371' title='bbox 2060 2536 2220 2591; x_wconf 78' lang='grc' dir='ltr'>ϐατον</span> <span class='ocrx_word' id='word_1_372' title='bbox 2252 2537 2495 2610; x_wconf 84' lang='grc' dir='ltr'>ἁρπάσαι</span> <span class='ocrx_word' id='word_1_373' title='bbox 2523 2538 2590 2602; x_wconf 74' lang='grc'><strong>’⁸,</strong></span> <span class='ocrx_word' id='word_1_374' title='bbox 2624 2537 2700 2600; x_wconf 82' lang='grc' dir='ltr'><strong>ὡς</strong></span> <span class='ocrx_word' id='word_1_375' title='bbox 2725 2538 2977 2611; x_wconf 83' lang='grc' dir='ltr'>μανδρῶν</span> <span class='ocrx_word' id='word_1_376' title='bbox 3004 2538 3109 2605; x_wconf 74' lang='grc' dir='ltr'>ἔξω</span> <span class='ocrx_word' id='word_1_377' title='bbox 3132 2537 3374 2610; x_wconf 83' lang='grc' dir='ltr'>εὑρεθέν.</span> 
     </span>
    </p>
   </div>
   <div class='ocr_carea' id='block_1_56' title="bbox 2129 2712 3639 2787">
    <p class='ocr_par' dir='ltr' id='par_1_56' title="bbox 2129 2712 3639 2787">
     <span class='ocr_line' id='line_1_56' title="bbox 2129 2712 3639 2787; baseline 0.002 -20"><span class='ocrx_word' id='word_1_378' title='bbox 2129 2712 2292 2768; x_wconf 80' lang='lat' dir='ltr'><strong>LXX.</strong></span> <span class='ocrx_word' id='word_1_379' title='bbox 2332 2714 2480 2787; x_wconf 78' lang='grc' dir='ltr'>Πλὴν</span> <span class='ocrx_word' id='word_1_380' title='bbox 2505 2714 2601 2769; x_wconf 87' lang='grc' dir='ltr'><strong>τοῦ</strong></span> <span class='ocrx_word' id='word_1_381' title='bbox 2628 2716 2926 2771; x_wconf 67' lang='grc' dir='ltr'>ἐπισκόπου</span> <span class='ocrx_word' id='word_1_382' title='bbox 2959 2716 3112 2787; x_wconf 88' lang='grc' dir='ltr'>ὑμῶν</span> <span class='ocrx_word' id='word_1_383' title='bbox 3149 2714 3396 2781; x_wconf 82' lang='grc' dir='ltr'>ἀκούετε,</span> <span class='ocrx_word' id='word_1_384' title='bbox 3429 2718 3525 2770; x_wconf 74' lang='grc' dir='ltr'><strong>καὶ</strong></span> <span class='ocrx_word' id='word_1_385' title='bbox 3552 2734 3639 2770; x_wconf 90' lang='grc' dir='ltr'>τι-</span> 
     </span>
    </p>
   </div>
   <div class='ocr_carea' id='block_1_57' title="bbox 2062 2804 3643 2879">
    <p class='ocr_par' dir='ltr' id='par_1_57' title="bbox 2062 2804 3643 2879">
     <span class='ocr_line' id='line_1_57' title="bbox 2062 2804 3643 2879; baseline 0.004 -23"><span class='ocrx_word' id='word_1_386' title='bbox 2062 2804 2170 2875; x_wconf 85' lang='grc' dir='ltr'><strong>μήν</strong></span> <span class='ocrx_word' id='word_1_387' title='bbox 2197 2806 2375 2860; x_wconf 78' lang='grc' dir='ltr'>πᾶσαν</span> <span class='ocrx_word' id='word_1_388' title='bbox 2403 2805 2553 2877; x_wconf 84' lang='grc' dir='ltr'>αὐτῷ</span> <span class='ocrx_word' id='word_1_389' title='bbox 2581 2806 2945 2878; x_wconf 77' lang='grc' dir='ltr'>ἀπονέμοντες</span> <span class='ocrx_word' id='word_1_390' title='bbox 2990 2808 3062 2878; x_wconf 84' lang='grc' dir='ltr'>μὴ</span> <span class='ocrx_word' id='word_1_391' title='bbox 3092 2807 3328 2879; x_wconf 87' lang='grc' dir='ltr'>κάμητε,</span> <span class='ocrx_word' id='word_1_392' title='bbox 3370 2808 3571 2872; x_wconf 79' lang='grc' dir='ltr'>εἰδότες</span> <span class='ocrx_word' id='word_1_393' title='bbox 3595 2809 3643 2841; x_wconf 79' lang='grc'><strong>³⁹</strong></span> 
     </span>
    </p>
   </div>
   <div class='ocr_carea' id='block_1_58' title="bbox 2059 2897 3644 2972">
    <p class='ocr_par' dir='ltr' id='par_1_58' title="bbox 2059 2897 3644 2972">
     <span class='ocr_line' id='line_1_58' title="bbox 2059 2897 3644 2972; baseline 0.005 -23"><span class='ocrx_word' id='word_1_394' title='bbox 2059 2897 2141 2950; x_wconf 83' lang='grc' dir='ltr'><strong>ὅτι</strong></span> <span class='ocrx_word' id='word_1_395' title='bbox 2170 2898 2442 2967; x_wconf 85' lang='grc' dir='ltr'>προφάσει</span> <span class='ocrx_word' id='word_1_396' title='bbox 2468 2902 2535 2971; x_wconf 79' lang='grc' dir='ltr'>τῇ</span> <span class='ocrx_word' id='word_1_397' title='bbox 2569 2899 2706 2972; x_wconf 84' lang='grc' dir='ltr'>πρὸς</span> <span class='ocrx_word' id='word_1_398' title='bbox 2730 2900 2892 2953; x_wconf 81' lang='grc' dir='ltr'>αὐτὸν</span> <span class='ocrx_word' id='word_1_399' title='bbox 2917 2902 2996 2965; x_wconf 87' lang='grc' dir='ltr'><strong>είς</strong></span> <span class='ocrx_word' id='word_1_400' title='bbox 3026 2901 3256 2972; x_wconf 82' lang='grc' dir='ltr'>Χριστὸν</span> <span class='ocrx_word' id='word_1_401' title='bbox 3292 2900 3505 2971; x_wconf 83' lang='grc' dir='ltr'>φέρετε,</span> <span class='ocrx_word' id='word_1_402' title='bbox 3532 2901 3644 2957; x_wconf 70' lang='grc' dir='ltr'>ἀπ)</span> 
     </span>
    </p>
   </div>
   <div class='ocr_carea' id='block_1_59' title="bbox 2058 2987 3642 3063">
    <p class='ocr_par' dir='ltr' id='par_1_59' title="bbox 2058 2987 3642 3063">
     <span class='ocr_line' id='line_1_59' title="bbox 2058 2987 3642 3063; baseline 0.003 -22"><span class='ocrx_word' id='word_1_403' title='bbox 2058 2987 2116 3041; x_wconf 81' lang='grc' dir='ltr'>δὲ</span> <span class='ocrx_word' id='word_1_404' title='bbox 2140 2988 2378 3060; x_wconf 82' lang='grc' dir='ltr'>Χριστοῦ</span> <span class='ocrx_word' id='word_1_405' title='bbox 2417 2990 2497 3053; x_wconf 87' lang='grc' dir='ltr'><strong>είς</strong></span> <span class='ocrx_word' id='word_1_406' title='bbox 2525 2990 2658 3045; x_wconf 81' lang='grc' dir='ltr'>Θεὸν</span> <span class='ocrx_word' id='word_1_407' title='bbox 2689 2990 2989 3063; x_wconf 80' lang='grc' dir='ltr'>ἀναφέρετε</span> <span class='ocrx_word' id='word_1_408' title='bbox 3005 2991 3079 3023; x_wconf 84' lang='grc'><strong>⁸¹·</strong></span> <span class='ocrx_word' id='word_1_409' title='bbox 3111 2992 3203 3045; x_wconf 71' lang='grc' dir='ltr'><strong>και¹</strong></span> <span class='ocrx_word' id='word_1_410' title='bbox 3240 2990 3318 3062; x_wconf 82' lang='grc' dir='ltr'>τῷ</span> <span class='ocrx_word' id='word_1_411' title='bbox 3346 2992 3642 3062; x_wconf 75' lang='grc' dir='ltr'>προσενέγ-</span> 
     </span>
    </p>
   </div>
   <div class='ocr_carea' id='block_1_60' title="bbox 388 3078 1982 3173">
    <p class='ocr_par' dir='ltr' id='par_1_60' title="bbox 388 3080 1957 3153">
     <span class='ocr_line' id='line_1_60' title="bbox 388 3080 1957 3153; baseline -0.003 -13"><span class='ocrx_word' id='word_1_412' title='bbox 388 3095 581 3141; x_wconf 88' lang='lat' dir='ltr'><strong>norate</strong></span> <span class='ocrx_word' id='word_1_413' title='bbox 603 3084 809 3140; x_wconf 87' lang='lat' dir='ltr'><strong>Christi</strong></span> <span class='ocrx_word' id='word_1_414' title='bbox 852 3083 1136 3139; x_wconf 89' lang='lat' dir='ltr'><strong>thronum.</strong></span> <span class='ocrx_word' id='word_1_415' title='bbox 1179 3080 1633 3151; x_wconf 83' lang='lat' dir='ltr'><strong>Quandoquidem</strong></span> <span class='ocrx_word' id='word_1_416' title='bbox 1676 3089 1731 3135; x_wconf 90' lang='lat' dir='ltr'><strong>et</strong></span> <span class='ocrx_word' id='word_1_417' title='bbox 1757 3080 1957 3153; x_wconf 83' lang='lat' dir='ltr'><strong>Moysis</strong></span> 
     </span>
    </p>
   </div>
   <div class='ocr_carea' id='block_1_61' title="bbox 2066 3078 3643 3173">
    <p class='ocr_par' dir='ltr' id='par_1_61' title="bbox 2066 3078 3643 3154">
     <span class='ocr_line' id='line_1_61' title="bbox 2066 3078 3643 3154; baseline -0.004 -12"><span class='ocrx_word' id='word_1_418' title='bbox 2066 3102 2217 3142; x_wconf 78' lang='grc' dir='ltr'>καντι</span> <span class='ocrx_word' id='word_1_419' title='bbox 2257 3081 2640 3146; x_wconf 90' lang='grc' dir='ltr'>πολυπλασίως</span> <span class='ocrx_word' id='word_1_420' title='bbox 2662 3081 3043 3137; x_wconf 86' lang='grc' dir='ltr'>ἀνταποδίδοτε</span> <span class='ocrx_word' id='word_1_421' title='bbox 3065 3083 3127 3138; x_wconf 77' lang='grc'><strong>³³.</strong></span> <span class='ocrx_word' id='word_1_422' title='bbox 3162 3083 3361 3154; x_wconf 87' lang='grc' dir='ltr'>Θρόνον</span> <span class='ocrx_word' id='word_1_423' title='bbox 3384 3078 3477 3137; x_wconf 83' lang='grc' dir='ltr'><strong>οῦν</strong></span> <span class='ocrx_word' id='word_1_424' title='bbox 3507 3084 3643 3154; x_wconf 88' lang='grc' dir='ltr'>Χρι-</span> 
     </span>
    </p>
   </div>
   <div class='ocr_carea' id='block_1_62' title="bbox 388 3174 1960 3248">
    <p class='ocr_par' dir='ltr' id='par_1_62' title="bbox 388 3174 1960 3248">
     <span class='ocr_line' id='line_1_62' title="bbox 388 3174 1960 3248; baseline -0.003 -12"><span class='ocrx_word' id='word_1_425' title='bbox 388 3180 704 3237; x_wconf 87' lang='lat' dir='ltr'><strong>cathedram</strong></span> <span class='ocrx_word' id='word_1_426' title='bbox 730 3179 998 3233; x_wconf 86' lang='lat' dir='ltr'><strong>honorare</strong></span> <span class='ocrx_word' id='word_1_427' title='bbox 1021 3176 1160 3248; x_wconf 84' lang='lat' dir='ltr'><strong>jussi</strong></span> <span class='ocrx_word' id='word_1_428' title='bbox 1185 3176 1338 3244; x_wconf 90' lang='lat' dir='ltr'><strong>estis,</strong></span> <span class='ocrx_word' id='word_1_429' title='bbox 1362 3174 1613 3245; x_wconf 90' lang='lat' dir='ltr'><strong>quamvis</strong></span> <span class='ocrx_word' id='word_1_430' title='bbox 1642 3175 1698 3229; x_wconf 91' lang='lat' dir='ltr'><strong>in</strong></span> <span class='ocrx_word' id='word_1_431' title='bbox 1726 3190 1792 3231; x_wconf 89' lang='lat' dir='ltr'><strong>ea</strong></span> <span class='ocrx_word' id='word_1_432' title='bbox 1818 3191 1960 3246; x_wconf 64' lang='lat' dir='ltr'><strong>prmo</strong></span> 
     </span>
    </p>
   </div>
   <div class='ocr_carea' id='block_1_63' title="bbox 388 3266 1959 3339">
    <p class='ocr_par' dir='ltr' id='par_1_63' title="bbox 388 3266 1959 3339">
     <span class='ocr_line' id='line_1_63' title="bbox 388 3266 1959 3339; baseline -0.004 -13"><span class='ocrx_word' id='word_1_433' title='bbox 388 3270 630 3328; x_wconf 87' lang='lat' dir='ltr'><strong>sidentes</strong></span> <span class='ocrx_word' id='word_1_434' title='bbox 652 3278 969 3339; x_wconf 86' lang='lat' dir='ltr'><strong>peccatores</strong></span> <span class='ocrx_word' id='word_1_435' title='bbox 1001 3267 1328 3322; x_wconf 90' lang='lat' dir='ltr'><strong>habeantur.</strong></span> <span class='ocrx_word' id='word_1_436' title='bbox 1375 3266 1552 3337; x_wconf 87' lang='lat' dir='ltr'><strong>Atque</strong></span> <span class='ocrx_word' id='word_1_437' title='bbox 1597 3266 1713 3322; x_wconf 72' lang='lat' dir='ltr'><strong>haec</strong></span> <span class='ocrx_word' id='word_1_438' title='bbox 1740 3266 1959 3338; x_wconf 87' lang='lat' dir='ltr'><strong>quidem</strong></span> 
     </span>
    </p>
   </div>
   <div class='ocr_carea' id='block_1_64' title="bbox 388 3342 1962 3429">
    <p class='ocr_par' dir='ltr' id='par_1_64' title="bbox 388 3342 1962 3429">
     <span class='ocr_line' id='line_1_64' title="bbox 388 3342 1962 3429; baseline -0.001 -13"><span class='ocrx_word' id='word_1_439' title='bbox 388 3362 545 3417; x_wconf 90' lang='lat' dir='ltr'><strong>vobis</strong></span> <span class='ocrx_word' id='word_1_440' title='bbox 589 3360 916 3417; x_wconf 73' lang='lat' dir='ltr'><strong>sufﬁcienter</strong></span> <span class='ocrx_word' id='word_1_441' title='bbox 963 3358 1074 3414; x_wconf 91' lang='lat' dir='ltr'><strong>sint</strong></span> <span class='ocrx_word' id='word_1_442' title='bbox 1117 3358 1281 3414; x_wconf 89' lang='lat' dir='ltr'><strong>dicta.</strong></span> <span class='ocrx_word' id='word_1_443' title='bbox 1330 3342 1590 3415; x_wconf 68' lang='lat' dir='ltr'><strong>Zacchzeo</strong></span> <span class='ocrx_word' id='word_1_444' title='bbox 1630 3366 1811 3414; x_wconf 86' lang='lat' dir='ltr'><strong>autem</strong></span> <span class='ocrx_word' id='word_1_445' title='bbox 1852 3374 1962 3429; x_wconf 85' lang='lat' dir='ltr'><strong>qua</strong></span> 
     </span>
    </p>
   </div>
   <div class='ocr_carea' id='block_1_65' title="bbox 388 3449 1959 3522">
    <p class='ocr_par' dir='ltr' id='par_1_65' title="bbox 388 3449 1959 3522">
     <span class='ocr_line' id='line_1_65' title="bbox 388 3449 1959 3522; baseline -0.002 -14"><span class='ocrx_word' id='word_1_446' title='bbox 388 3454 601 3509; x_wconf 85' lang='lat' dir='ltr'><strong>ratione</strong></span> <span class='ocrx_word' id='word_1_447' title='bbox 622 3451 895 3522; x_wconf 88' lang='lat' dir='ltr'><strong>inculpate</strong></span> <span class='ocrx_word' id='word_1_448' title='bbox 909 3451 1077 3520; x_wconf 86' lang='lat' dir='ltr'><strong>vivat,</strong></span> <span class='ocrx_word' id='word_1_449' title='bbox 1096 3449 1429 3521; x_wconf 84' lang='lat' dir='ltr'><strong>superﬂuum</strong></span> <span class='ocrx_word' id='word_1_450' title='bbox 1452 3460 1583 3521; x_wconf 90' lang='lat' dir='ltr'><strong>puto</strong></span> <span class='ocrx_word' id='word_1_451' title='bbox 1604 3450 1813 3517; x_wconf 89' lang='lat' dir='ltr'><strong>dicere;</strong></span> <span class='ocrx_word' id='word_1_452' title='bbox 1834 3466 1959 3507; x_wconf 88' lang='lat' dir='ltr'><strong>cum</strong></span> 
     </span>
    </p>
   </div>
   <div class='ocr_carea' id='block_1_66' title="bbox 388 3541 1866 3615">
    <p class='ocr_par' dir='ltr' id='par_1_66' title="bbox 388 3541 1866 3615">
     <span class='ocr_line' id='line_1_66' title="bbox 388 3541 1866 3615; baseline -0.005 -11"><span class='ocrx_word' id='word_1_453' title='bbox 388 3547 551 3604; x_wconf 87' lang='lat' dir='ltr'><strong>etiam</strong></span> <span class='ocrx_word' id='word_1_454' title='bbox 577 3545 725 3600; x_wconf 92' lang='lat' dir='ltr'><strong>illius</strong></span> <span class='ocrx_word' id='word_1_455' title='bbox 753 3543 847 3615; x_wconf 90' lang='lat' dir='ltr'><strong>qui</strong></span> <span class='ocrx_word' id='word_1_456' title='bbox 880 3557 967 3599; x_wconf 91' lang='lat' dir='ltr'><strong>me</strong></span> <span class='ocrx_word' id='word_1_457' title='bbox 990 3543 1179 3599; x_wconf 90' lang='lat' dir='ltr'><strong>docuit</strong></span> <span class='ocrx_word' id='word_1_458' title='bbox 1204 3544 1411 3613; x_wconf 91' lang='lat' dir='ltr'><strong>probus</strong></span> <span class='ocrx_word' id='word_1_459' title='bbox 1440 3541 1512 3598; x_wconf 89' lang='lat' dir='ltr'><strong>sit</strong></span> <span class='ocrx_word' id='word_1_460' title='bbox 1546 3541 1866 3613; x_wconf 87' lang='lat' dir='ltr'><strong>discipulus.</strong></span> 
     </span>
    </p>
   </div>
   <div class='ocr_carea' id='block_1_67' title="bbox 462 3741 1963 3810">
    <p class='ocr_par' dir='ltr' id='par_1_67' title="bbox 462 3741 1963 3810">
     <span class='ocr_line' id='line_1_67' title="bbox 462 3741 1963 3810; baseline -0.001 -10"><span class='ocrx_word' id='word_1_461' title='bbox 462 3743 651 3800; x_wconf 76' lang='lat' dir='ltr'><strong>LXXI.</strong></span> <span class='ocrx_word' id='word_1_462' title='bbox 714 3741 958 3810; x_wconf 76' lang='lat' dir='ltr'><strong>Verum,</strong></span> <span class='ocrx_word' id='word_1_463' title='bbox 1012 3741 1249 3809; x_wconf 85' lang='lat' dir='ltr'><strong>fratres,</strong></span> <span class='ocrx_word' id='word_1_464' title='bbox 1305 3741 1566 3798; x_wconf 86' lang='lat' dir='ltr'><strong>nonnulla</strong></span> <span class='ocrx_word' id='word_1_465' title='bbox 1610 3748 1671 3796; x_wconf 89' lang='lat' dir='ltr'><strong>ut</strong></span> <span class='ocrx_word' id='word_1_466' title='bbox 1728 3741 1963 3799; x_wconf 86' lang='lat' dir='ltr'><strong>audiatis</strong></span> 
     </span>
    </p>
   </div>
   <div class='ocr_carea' id='block_1_68' title="bbox 390 3834 1962 3907">
    <p class='ocr_par' dir='ltr' id='par_1_68' title="bbox 390 3834 1962 3907">
     <span class='ocr_line' id='line_1_68' title="bbox 390 3834 1962 3907; baseline -0.003 -13"><span class='ocrx_word' id='word_1_467' title='bbox 390 3848 707 3907; x_wconf 77' lang='lat' dir='ltr'><strong>exspectare</strong></span> <span class='ocrx_word' id='word_1_468' title='bbox 748 3852 857 3890; x_wconf 92' lang='lat' dir='ltr'><strong>non</strong></span> <span class='ocrx_word' id='word_1_469' title='bbox 907 3844 1141 3905; x_wconf 83' lang='lat' dir='ltr'><strong>Oportet,</strong></span> <span class='ocrx_word' id='word_1_470' title='bbox 1171 3835 1264 3889; x_wconf 90' lang='lat' dir='ltr'><strong>sed</strong></span> <span class='ocrx_word' id='word_1_471' title='bbox 1316 3850 1382 3891; x_wconf 81' lang='lat' dir='ltr'><strong>ex</strong></span> <span class='ocrx_word' id='word_1_472' title='bbox 1427 3834 1584 3890; x_wconf 89' lang='lat' dir='ltr'><strong>vobis</strong></span> <span class='ocrx_word' id='word_1_473' title='bbox 1639 3834 1773 3905; x_wconf 90' lang='lat' dir='ltr'><strong>ipsis</strong></span> <span class='ocrx_word' id='word_1_474' title='bbox 1816 3835 1962 3905; x_wconf 88' lang='lat' dir='ltr'><strong>quod</strong></span> 
     </span>
    </p>
   </div>
   <div class='ocr_carea' id='block_1_69' title="bbox 391 3926 1962 3999">
    <p class='ocr_par' dir='ltr' id='par_1_69' title="bbox 391 3926 1962 3999">
     <span class='ocr_line' id='line_1_69' title="bbox 391 3926 1962 3999; baseline -0.001 -15"><span class='ocrx_word' id='word_1_475' title='bbox 391 3944 606 3999; x_wconf 65' lang='lat' dir='ltr'><strong>aequum</strong></span> <span class='ocrx_word' id='word_1_476' title='bbox 638 3937 721 3983; x_wconf 89' lang='lat' dir='ltr'><strong>est</strong></span> <span class='ocrx_word' id='word_1_477' title='bbox 766 3928 1087 3997; x_wconf 78' lang='lat' dir='ltr'><strong>intelligere.</strong></span> <span class='ocrx_word' id='word_1_478' title='bbox 1127 3926 1421 3983; x_wconf 69' lang='lat' dir='ltr'><strong>Zacchaaus</strong></span> <span class='ocrx_word' id='word_1_479' title='bbox 1470 3927 1657 3993; x_wconf 90' lang='lat' dir='ltr'><strong>solus,</strong></span> <span class='ocrx_word' id='word_1_480' title='bbox 1701 3943 1761 3983; x_wconf 88' lang='lat' dir='ltr'><strong>se</strong></span> <span class='ocrx_word' id='word_1_481' title='bbox 1789 3937 1962 3982; x_wconf 88' lang='lat' dir='ltr'><strong>totum</strong></span> 
     </span>
    </p>
   </div>
   <div class='ocr_carea' id='block_1_70' title="bbox 394 4017 1965 4093">
    <p class='ocr_par' dir='ltr' id='par_1_70' title="bbox 394 4017 1965 4093">
     <span class='ocr_line' id='line_1_70' title="bbox 394 4017 1965 4093; baseline -0.003 -17"><span class='ocrx_word' id='word_1_482' title='bbox 394 4036 503 4093; x_wconf 90' lang='lat' dir='ltr'><strong>quo</strong></span> <span class='ocrx_word' id='word_1_483' title='bbox 533 4018 690 4073; x_wconf 89' lang='lat' dir='ltr'><strong>vobis</strong></span> <span class='ocrx_word' id='word_1_484' title='bbox 729 4028 882 4072; x_wconf 90' lang='lat' dir='ltr'><strong>vacet</strong></span> <span class='ocrx_word' id='word_1_485' title='bbox 910 4019 1162 4083; x_wconf 86' lang='lat' dir='ltr'><strong>tradens,</strong></span> <span class='ocrx_word' id='word_1_486' title='bbox 1196 4034 1319 4073; x_wconf 91' lang='lat' dir='ltr'><strong>cum</strong></span> <span class='ocrx_word' id='word_1_487' title='bbox 1365 4027 1609 4074; x_wconf 91' lang='lat' dir='ltr'><strong>ventrem</strong></span> <span class='ocrx_word' id='word_1_488' title='bbox 1641 4017 1859 4084; x_wconf 89' lang='lat' dir='ltr'><strong>habeat,</strong></span> <span class='ocrx_word' id='word_1_489' title='bbox 1890 4018 1965 4073; x_wconf 89' lang='lat' dir='ltr'><strong>si-</strong></span> 
     </span>
    </p>
   </div>
   <div class='ocr_carea' id='block_1_71' title="bbox 393 4109 1964 4182">
    <p class='ocr_par' dir='ltr' id='par_1_71' title="bbox 393 4109 1964 4182">
     <span class='ocr_line' id='line_1_71' title="bbox 393 4109 1964 4182; baseline -0.004 -15"><span class='ocrx_word' id='word_1_490' title='bbox 393 4113 558 4182; x_wconf 88' lang='lat' dir='ltr'><strong>bique</strong></span> <span class='ocrx_word' id='word_1_491' title='bbox 588 4126 695 4165; x_wconf 90' lang='lat' dir='ltr'><strong>non</strong></span> <span class='ocrx_word' id='word_1_492' title='bbox 727 4110 1008 4180; x_wconf 84' lang='lat' dir='ltr'><strong>provideat</strong></span> <span class='ocrx_word' id='word_1_493' title='bbox 1028 4150 1042 4173; x_wconf 90' lang='lat'><strong>,</strong></span> <span class='ocrx_word' id='word_1_494' title='bbox 1074 4124 1186 4179; x_wconf 92' lang='lat' dir='ltr'><strong>quo</strong></span> <span class='ocrx_word' id='word_1_495' title='bbox 1228 4115 1391 4164; x_wconf 88' lang='lat' dir='ltr'><strong>modo</strong></span> <span class='ocrx_word' id='word_1_496' title='bbox 1421 4116 1599 4179; x_wconf 90' lang='lat' dir='ltr'><strong>potest</strong></span> <span class='ocrx_word' id='word_1_497' title='bbox 1642 4109 1825 4163; x_wconf 87' lang='lat' dir='ltr'><strong>cibum</strong></span> <span class='ocrx_word' id='word_1_498' title='bbox 1866 4123 1964 4162; x_wconf 86' lang='lat' dir='ltr'><strong>ne-</strong></span> 
     </span>
    </p>
   </div>
   <div class='ocr_carea' id='block_1_72' title="bbox 394 4202 1968 4275">
    <p class='ocr_par' dir='ltr' id='par_1_72' title="bbox 394 4202 1968 4275">
     <span class='ocr_line' id='line_1_72' title="bbox 394 4202 1968 4275; baseline -0.006 -11"><span class='ocrx_word' id='word_1_499' title='bbox 394 4208 695 4264; x_wconf 88' lang='lat' dir='ltr'><strong>cessarium</strong></span> <span class='ocrx_word' id='word_1_500' title='bbox 724 4205 1081 4275; x_wconf 82' lang='lat' dir='ltr'><strong>comparare?</strong></span> <span class='ocrx_word' id='word_1_501' title='bbox 1120 4202 1311 4259; x_wconf 86' lang='lat' dir='ltr'><strong>Nonne</strong></span> <span class='ocrx_word' id='word_1_502' title='bbox 1337 4217 1466 4256; x_wconf 89' lang='lat' dir='ltr'><strong>vero</strong></span> <span class='ocrx_word' id='word_1_503' title='bbox 1510 4202 1720 4271; x_wconf 87' lang='lat' dir='ltr'><strong>justum</strong></span> <span class='ocrx_word' id='word_1_504' title='bbox 1756 4209 1873 4263; x_wconf 85' lang='lat' dir='ltr'><strong>est,</strong></span> <span class='ocrx_word' id='word_1_505' title='bbox 1908 4209 1968 4256; x_wconf 87' lang='lat' dir='ltr'><strong>ut</strong></span> 
     </span>
    </p>
   </div>
   <div class='ocr_carea' id='block_1_73' title="bbox 396 4292 1968 4366">
    <p class='ocr_par' dir='ltr' id='par_1_73' title="bbox 396 4292 1968 4366">
     <span class='ocr_line' id='line_1_73' title="bbox 396 4292 1968 4366; baseline -0.005 -13"><span class='ocrx_word' id='word_1_506' title='bbox 396 4314 589 4356; x_wconf 89' lang='lat' dir='ltr'><strong>omnes</strong></span> <span class='ocrx_word' id='word_1_507' title='bbox 619 4314 716 4355; x_wconf 87' lang='lat' dir='ltr'><strong>vos</strong></span> <span class='ocrx_word' id='word_1_508' title='bbox 745 4299 923 4355; x_wconf 89' lang='lat' dir='ltr'><strong>victus</strong></span> <span class='ocrx_word' id='word_1_509' title='bbox 968 4295 1088 4366; x_wconf 89' lang='lat' dir='ltr'><strong>ejus</strong></span> <span class='ocrx_word' id='word_1_510' title='bbox 1132 4309 1321 4350; x_wconf 90' lang='lat' dir='ltr'><strong>curam</strong></span> <span class='ocrx_word' id='word_1_511' title='bbox 1370 4292 1607 4364; x_wconf 79' lang='lat' dir='ltr'><strong>geratis,</strong></span> <span class='ocrx_word' id='word_1_512' title='bbox 1653 4306 1829 4362; x_wconf 91' lang='lat' dir='ltr'><strong>neque</strong></span> <span class='ocrx_word' id='word_1_513' title='bbox 1870 4308 1968 4347; x_wconf 80' lang='lat' dir='ltr'><strong>ex-</strong></span> 
     </span>
    </p>
   </div>
   <div class='ocr_carea' id='block_1_74' title="bbox 2064 3170 3641 3245">
    <p class='ocr_par' dir='ltr' id='par_1_74' title="bbox 2064 3170 3641 3245">
     <span class='ocr_line' id='line_1_74' title="bbox 2064 3170 3641 3245; baseline -0.004 -12"><span class='ocrx_word' id='word_1_514' title='bbox 2064 3175 2191 3233; x_wconf 84' lang='grc' dir='ltr'>στοῦ</span> <span class='ocrx_word' id='word_1_515' title='bbox 2220 3174 2479 3245; x_wconf 88' lang='grc' dir='ltr'>τιμήσετε</span> <span class='ocrx_word' id='word_1_516' title='bbox 2500 3172 2574 3205; x_wconf 83' lang='grc'><strong>³⁸⁶</strong></span> <span class='ocrx_word' id='word_1_517' title='bbox 2608 3173 2689 3227; x_wconf 82' lang='grc' dir='ltr'><strong>ὅτι</strong></span> <span class='ocrx_word' id='word_1_518' title='bbox 2719 3171 2813 3225; x_wconf 76' lang='grc' dir='ltr'>καὶ</span> <span class='ocrx_word' id='word_1_519' title='bbox 2849 3171 3126 3236; x_wconf 83' lang='grc' dir='ltr'>Μωῦσέως</span> <span class='ocrx_word' id='word_1_520' title='bbox 3168 3170 3430 3243; x_wconf 87' lang='grc' dir='ltr'>καθέδραν</span> <span class='ocrx_word' id='word_1_521' title='bbox 3474 3172 3641 3243; x_wconf 77' lang='grc' dir='ltr'>τιμᾷν</span> 
     </span>
    </p>
   </div>
   <div class='ocr_carea' id='block_1_75' title="bbox 2060 3262 3643 3337">
    <p class='ocr_par' dir='ltr' id='par_1_75' title="bbox 2060 3262 3643 3337">
     <span class='ocr_line' id='line_1_75' title="bbox 2060 3262 3643 3337; baseline -0.004 -14"><span class='ocrx_word' id='word_1_522' title='bbox 2060 3266 2435 3337; x_wconf 81' lang='grc' dir='ltr'>ὲκελεύσθητε,</span> <span class='ocrx_word' id='word_1_523' title='bbox 2464 3264 2569 3318; x_wconf 83' lang='grc' dir='ltr'><strong>κᾶν</strong></span> <span class='ocrx_word' id='word_1_524' title='bbox 2594 3266 2643 3317; x_wconf 80' lang='grc' dir='ltr'><strong>οἱ</strong></span> <span class='ocrx_word' id='word_1_525' title='bbox 2669 3262 3125 3337; x_wconf 81' lang='grc' dir='ltr'>προκαθεζόμενοι</span> <span class='ocrx_word' id='word_1_526' title='bbox 3151 3264 3465 3337; x_wconf 75' lang='grc' dir='ltr'>ἀμαρτωλοὶ</span> <span class='ocrx_word' id='word_1_527' title='bbox 3490 3264 3643 3334; x_wconf 85' lang='grc' dir='ltr'>νομί-</span> 
     </span>
    </p>
   </div>
   <div class='ocr_carea' id='block_1_76' title="bbox 2062 3354 3636 3427">
    <p class='ocr_par' dir='ltr' id='par_1_76' title="bbox 2062 3354 3636 3427">
     <span class='ocr_line' id='line_1_76' title="bbox 2062 3354 3636 3427; baseline -0.001 -16"><span class='ocrx_word' id='word_1_528' title='bbox 2062 3354 2349 3422; x_wconf 69' lang='grc' dir='ltr'>ζωνται⁸⁵.</span> <span class='ocrx_word' id='word_1_529' title='bbox 2388 3354 2501 3408; x_wconf 74' lang='grc' dir='ltr'><strong>Καὶ</strong></span> <span class='ocrx_word' id='word_1_530' title='bbox 2540 3354 2715 3408; x_wconf 87' lang='grc' dir='ltr'>ταῦτα</span> <span class='ocrx_word' id='word_1_531' title='bbox 2757 3355 2855 3427; x_wconf 83' lang='grc' dir='ltr'><strong>μὲν</strong></span> <span class='ocrx_word' id='word_1_532' title='bbox 2897 3355 3027 3425; x_wconf 84' lang='grc' dir='ltr'>ὑμῖν</span> <span class='ocrx_word' id='word_1_533' title='bbox 3067 3355 3353 3427; x_wconf 80' lang='grc' dir='ltr'>αὐτάρκως</span> <span class='ocrx_word' id='word_1_534' title='bbox 3395 3356 3636 3425; x_wconf 61' lang='lat' dir='ltr'><strong>sip-qut“</strong></span> 
     </span>
    </p>
   </div>
   <div class='ocr_carea' id='block_1_77' title="bbox 2061 3446 3641 3520">
    <p class='ocr_par' dir='ltr' id='par_1_77' title="bbox 2061 3446 3641 3520">
     <span class='ocr_line' id='line_1_77' title="bbox 2061 3446 3641 3520; baseline 0.001 -18"><span class='ocrx_word' id='word_1_535' title='bbox 2061 3448 2209 3520; x_wconf 80' lang='grc' dir='ltr'>αὐτῷ</span> <span class='ocrx_word' id='word_1_536' title='bbox 2224 3448 2303 3514; x_wconf 76' lang='grc' dir='ltr'><strong>δὲ,</strong></span> <span class='ocrx_word' id='word_1_537' title='bbox 2361 3448 2480 3511; x_wconf 85' lang='grc' dir='ltr'><strong>πῶς</strong></span> <span class='ocrx_word' id='word_1_538' title='bbox 2522 3448 2825 3520; x_wconf 81' lang='grc' dir='ltr'>ἀμέμπτως</span> <span class='ocrx_word' id='word_1_539' title='bbox 2884 3447 3053 3519; x_wconf 89' lang='grc' dir='ltr'>βιοῦν,</span> <span class='ocrx_word' id='word_1_540' title='bbox 3103 3447 3353 3520; x_wconf 82' lang='grc' dir='ltr'>περιττὸν</span> <span class='ocrx_word' id='word_1_541' title='bbox 3398 3446 3641 3519; x_wconf 85' lang='grc' dir='ltr'>ήγοῦμαι</span> 
     </span>
    </p>
   </div>
   <div class='ocr_carea' id='block_1_78' title="bbox 2061 3536 3641 3613">
    <p class='ocr_par' dir='ltr' id='par_1_78' title="bbox 2061 3536 3641 3613">
     <span class='ocr_line' id='line_1_78' title="bbox 2061 3536 3641 3613; baseline 0.003 -20"><span class='ocrx_word' id='word_1_542' title='bbox 2061 3541 2269 3611; x_wconf 82' lang='grc' dir='ltr'>λέγειν,</span> <span class='ocrx_word' id='word_1_543' title='bbox 2298 3541 2462 3595; x_wconf 77' lang='grc' dir='ltr'>ὁπότε</span> <span class='ocrx_word' id='word_1_544' title='bbox 2510 3536 2607 3595; x_wconf 90' lang='grc' dir='ltr'><strong>τοῦ</strong></span> <span class='ocrx_word' id='word_1_545' title='bbox 2650 3541 2794 3613; x_wconf 75' lang='grc' dir='ltr'>κάμὲ</span> <span class='ocrx_word' id='word_1_546' title='bbox 2826 3540 3135 3609; x_wconf 81' lang='grc' dir='ltr'>διδάξαντος</span> <span class='ocrx_word' id='word_1_547' title='bbox 3162 3541 3385 3613; x_wconf 87' lang='grc' dir='ltr'>δόκιμος</span> <span class='ocrx_word' id='word_1_548' title='bbox 3419 3541 3641 3613; x_wconf 79' lang='grc' dir='ltr'>ὑπάρχῃ</span> 
     </span>
    </p>
   </div>
   <div class='ocr_carea' id='block_1_79' title="bbox 2066 3633 2336 3706">
    <p class='ocr_par' dir='ltr' id='par_1_79' title="bbox 2066 3633 2336 3706">
     <span class='ocr_line' id='line_1_79' title="bbox 2066 3633 2336 3706; baseline -0.004 -19"><span class='ocrx_word' id='word_1_549' title='bbox 2066 3633 2336 3706; x_wconf 87' lang='grc' dir='ltr'>μαθητής.</span> 
     </span>
    </p>
   </div>
   <div class='ocr_carea' id='block_1_80' title="bbox 2134 3743 3637 3817">
    <p class='ocr_par' dir='ltr' id='par_1_80' title="bbox 2134 3743 3637 3817">
     <span class='ocr_line' id='line_1_80' title="bbox 2134 3743 3637 3817; baseline -0.003 -15"><span class='ocrx_word' id='word_1_550' title='bbox 2134 3744 2322 3802; x_wconf 77' lang='lat' dir='ltr'><strong>LXXI.</strong></span> <span class='ocrx_word' id='word_1_551' title='bbox 2340 3744 2507 3816; x_wconf 81' lang='grc' dir='ltr'>Πλὴν,</span> <span class='ocrx_word' id='word_1_552' title='bbox 2526 3744 2882 3816; x_wconf 74' lang='grc' dir='ltr'>ἀδελφοὶ,ἔνια</span> <span class='ocrx_word' id='word_1_553' title='bbox 2892 3745 2953 3800; x_wconf 93' lang='grc' dir='ltr'><strong>οὐ</strong></span> <span class='ocrx_word' id='word_1_554' title='bbox 2967 3745 3074 3817; x_wconf 85' lang='grc' dir='ltr'><strong>χρὴ</strong></span> <span class='ocrx_word' id='word_1_555' title='bbox 3092 3746 3377 3817; x_wconf 81' lang='grc' dir='ltr'>ἀναμένειν</span> <span class='ocrx_word' id='word_1_556' title='bbox 3395 3743 3637 3809; x_wconf 74' lang='grc' dir='ltr'>ἀκούειν,</span> 
     </span>
    </p>
   </div>
   <div class='ocr_carea' id='block_1_81' title="bbox 2062 3838 3638 3911">
    <p class='ocr_par' dir='ltr' id='par_1_81' title="bbox 2062 3838 3638 3911">
     <span class='ocr_line' id='line_1_81' title="bbox 2062 3838 3638 3911; baseline -0.001 -17"><span class='ocrx_word' id='word_1_557' title='bbox 2062 3838 2198 3895; x_wconf 80' lang='grc' dir='ltr'>ἀλλὰ</span> <span class='ocrx_word' id='word_1_558' title='bbox 2220 3840 2311 3893; x_wconf 76' lang='grc' dir='ltr'>καὶ</span> <span class='ocrx_word' id='word_1_559' title='bbox 2325 3840 2418 3909; x_wconf 75' lang='grc' dir='ltr'><strong>ἀφ’</strong></span> <span class='ocrx_word' id='word_1_560' title='bbox 2435 3838 2639 3893; x_wconf 72' lang='grc' dir='ltr'>ἑαυτῶν</span> <span class='ocrx_word' id='word_1_561' title='bbox 2650 3839 2709 3892; x_wconf 87' lang='grc' dir='ltr'><strong>τὸ</strong></span> <span class='ocrx_word' id='word_1_562' title='bbox 2725 3839 2941 3909; x_wconf 86' lang='grc' dir='ltr'>εὐλογον</span> <span class='ocrx_word' id='word_1_563' title='bbox 2959 3842 3118 3894; x_wconf 86' lang='grc' dir='ltr'>νοεῖν.</span> <span class='ocrx_word' id='word_1_564' title='bbox 3136 3842 3399 3911; x_wconf 88' lang='grc' dir='ltr'>Ζακχαῖος</span> <span class='ocrx_word' id='word_1_565' title='bbox 3422 3839 3581 3910; x_wconf 89' lang='grc' dir='ltr'>μόνος</span> <span class='ocrx_word' id='word_1_566' title='bbox 3592 3840 3638 3873; x_wconf 83' lang='grc'><strong><em>³⁸</em></strong></span> 
     </span>
    </p>
   </div>
   <div class='ocr_carea' id='block_1_82' title="bbox 2065 3925 3640 3999">
    <p class='ocr_par' dir='ltr' id='par_1_82' title="bbox 2065 3925 3640 3999">
     <span class='ocr_line' id='line_1_82' title="bbox 2065 3925 3640 3999; baseline -0.001 -17"><span class='ocrx_word' id='word_1_567' title='bbox 2065 3930 2191 3999; x_wconf 88' lang='grc' dir='ltr'>ὑμῖν</span> <span class='ocrx_word' id='word_1_568' title='bbox 2218 3929 2338 3993; x_wconf 84' lang='grc' dir='ltr'>ὅλος</span> <span class='ocrx_word' id='word_1_569' title='bbox 2369 3929 2560 3983; x_wconf 77' lang='grc' dir='ltr'>ἑαυτὸν</span> <span class='ocrx_word' id='word_1_570' title='bbox 2586 3928 2833 3999; x_wconf 81' lang='grc' dir='ltr'>ἀσχολεῖν</span> <span class='ocrx_word' id='word_1_571' title='bbox 2858 3926 3238 3993; x_wconf 84' lang='grc' dir='ltr'>ἀποδεδωκὼς,</span> <span class='ocrx_word' id='word_1_572' title='bbox 3268 3926 3473 3981; x_wconf 85' lang='grc' dir='ltr'>κοιλίαν</span> <span class='ocrx_word' id='word_1_573' title='bbox 3500 3925 3640 3996; x_wconf 79' lang='grc' dir='ltr'>ἔχων</span> 
     </span>
    </p>
   </div>
   <div class='ocr_carea' id='block_1_83' title="bbox 2064 4018 3640 4093">
    <p class='ocr_par' dir='ltr' id='par_1_83' title="bbox 2064 4018 3640 4093">
     <span class='ocr_line' id='line_1_83' title="bbox 2064 4018 3640 4093; baseline -0.003 -20"><span class='ocrx_word' id='word_1_574' title='bbox 2064 4022 2159 4074; x_wconf 70' lang='grc' dir='ltr'>καὶ</span> <span class='ocrx_word' id='word_1_575' title='bbox 2187 4022 2364 4092; x_wconf 80' lang='grc' dir='ltr'>ἑαυτῷ</span> <span class='ocrx_word' id='word_1_576' title='bbox 2396 4022 2470 4093; x_wconf 79' lang='grc' dir='ltr'><strong>μὴ</strong></span> <span class='ocrx_word' id='word_1_577' title='bbox 2505 4020 2796 4092; x_wconf 75' lang='grc' dir='ltr'>εὐσχολῶν,</span> <span class='ocrx_word' id='word_1_578' title='bbox 2831 4020 2947 4084; x_wconf 83' lang='grc' dir='ltr'><strong>πῶς</strong></span> <span class='ocrx_word' id='word_1_579' title='bbox 2974 4019 3193 4073; x_wconf 75' lang='grc' dir='ltr'>δύναται</span> <span class='ocrx_word' id='word_1_580' title='bbox 3218 4018 3316 4090; x_wconf 79' lang='grc' dir='ltr'>τὴν</span> <span class='ocrx_word' id='word_1_581' title='bbox 3337 4018 3640 4086; x_wconf 81' lang='grc' dir='ltr'>ἀναγκαίαν</span> 
     </span>
    </p>
   </div>
   <div class='ocr_carea' id='block_1_84' title="bbox 2064 4111 3641 4186">
    <p class='ocr_par' dir='ltr' id='par_1_84' title="bbox 2064 4111 3641 4186">
     <span class='ocr_line' id='line_1_84' title="bbox 2064 4111 3641 4186; baseline -0.002 -21"><span class='ocrx_word' id='word_1_582' title='bbox 2064 4112 2309 4185; x_wconf 75' lang='grc' dir='ltr'>πορίζειν</span> <span class='ocrx_word' id='word_1_583' title='bbox 2342 4115 2546 4186; x_wconf 85' lang='grc' dir='ltr'>τροφήν</span> <span class='ocrx_word' id='word_1_584' title='bbox 2567 4130 2581 4180; x_wconf 86' lang='grc'><strong>;</strong></span> <span class='ocrx_word' id='word_1_585' title='bbox 2606 4114 2726 4185; x_wconf 71' lang='grc' dir='ltr'>οὐχὶ</span> <span class='ocrx_word' id='word_1_586' title='bbox 2766 4114 2823 4168; x_wconf 72' lang='grc' dir='ltr'>δὲ</span> <span class='ocrx_word' id='word_1_587' title='bbox 2867 4112 3083 4182; x_wconf 75' lang='grc' dir='ltr'>εὔλογόν</span> <span class='ocrx_word' id='word_1_588' title='bbox 3122 4113 3237 4165; x_wconf 80' lang='grc' dir='ltr'>ἐστι</span> <span class='ocrx_word' id='word_1_589' title='bbox 3264 4112 3468 4173; x_wconf 87' lang='grc' dir='ltr'>πάντας</span> <span class='ocrx_word' id='word_1_590' title='bbox 3495 4111 3641 4181; x_wconf 74' lang='grc' dir='ltr'>ὑμᾶς</span> 
     </span>
    </p>
   </div>
   <div class='ocr_carea' id='block_1_85' title="bbox 2066 4202 3641 4277">
    <p class='ocr_par' dir='ltr' id='par_1_85' title="bbox 2066 4202 3641 4277">
     <span class='ocr_line' id='line_1_85' title="bbox 2066 4202 3641 4277; baseline -0.001 -20"><span class='ocrx_word' id='word_1_591' title='bbox 2066 4202 2159 4257; x_wconf 87' lang='grc' dir='ltr'><strong>τοῦ</strong></span> <span class='ocrx_word' id='word_1_592' title='bbox 2197 4203 2294 4277; x_wconf 76' lang='grc' dir='ltr'><strong>ζῇν</strong></span> <span class='ocrx_word' id='word_1_593' title='bbox 2323 4204 2490 4259; x_wconf 90' lang='grc' dir='ltr'>αὐτοῦ</span> <span class='ocrx_word' id='word_1_594' title='bbox 2522 4204 2775 4277; x_wconf 84' lang='grc' dir='ltr'>πρόνοιαν</span> <span class='ocrx_word' id='word_1_595' title='bbox 2805 4205 2849 4237; x_wconf 81' lang='grc'><strong>³⁸</strong></span> <span class='ocrx_word' id='word_1_596' title='bbox 2879 4206 3087 4269; x_wconf 83' lang='grc' dir='ltr'>ποιεῖν,</span> <span class='ocrx_word' id='word_1_597' title='bbox 3126 4203 3228 4258; x_wconf 89' lang='grc' dir='ltr'><strong>οὐκ</strong></span> <span class='ocrx_word' id='word_1_598' title='bbox 3274 4202 3641 4273; x_wconf 82' lang='grc' dir='ltr'>ἀναμένοντας</span> 
     </span>
    </p>
   </div>
   <div class='ocr_carea' id='block_1_86' title="bbox 2066 4292 3635 4366">
    <p class='ocr_par' dir='ltr' id='par_1_86' title="bbox 2066 4292 3635 4366">
     <span class='ocr_line' id='line_1_86' title="bbox 2066 4292 3635 4366; baseline -0.002 -19"><span class='ocrx_word' id='word_1_599' title='bbox 2066 4294 2231 4348; x_wconf 83' lang='grc' dir='ltr'>αὑτὸν</span> <span class='ocrx_word' id='word_1_600' title='bbox 2268 4296 2411 4366; x_wconf 82' lang='grc' dir='ltr'>ὑμᾶς</span> <span class='ocrx_word' id='word_1_601' title='bbox 2448 4297 2647 4360; x_wconf 85' lang='grc' dir='ltr'>αιτεῖν,</span> <span class='ocrx_word' id='word_1_602' title='bbox 2685 4294 2844 4348; x_wconf 82' lang='grc' dir='ltr'>τοῦτο</span> <span class='ocrx_word' id='word_1_603' title='bbox 2871 4293 2980 4366; x_wconf 82' lang='grc' dir='ltr'>γὰρ</span> <span class='ocrx_word' id='word_1_604' title='bbox 3011 4292 3426 4365; x_wconf 87' lang='grc' dir='ltr'>προσαιτοῦντός</span> <span class='ocrx_word' id='word_1_605' title='bbox 3468 4293 3635 4345; x_wconf 74' lang='grc' dir='ltr'>ἐστιν·</span> 
     </span>
    </p>
   </div>
   <div class='ocr_carea' id='block_1_87' title="bbox 397 4383 1982 4463">
    <p class='ocr_par' dir='ltr' id='par_1_87' title="bbox 397 4383 1966 4463">
     <span class='ocr_line' id='line_1_87' title="bbox 397 4383 1966 4463; baseline -0.005 -15"><span class='ocrx_word' id='word_1_606' title='bbox 397 4392 651 4463; x_wconf 84' lang='lat' dir='ltr'><strong>spectetis</strong></span> <span class='ocrx_word' id='word_1_607' title='bbox 676 4400 738 4447; x_wconf 92' lang='lat' dir='ltr'><strong>ut</strong></span> <span class='ocrx_word' id='word_1_608' title='bbox 784 4399 933 4462; x_wconf 91' lang='lat' dir='ltr'><strong>petat</strong></span> <span class='ocrx_word' id='word_1_609' title='bbox 978 4404 1009 4443; x_wconf 90' lang='lat' dir='ltr'><strong>a</strong></span> <span class='ocrx_word' id='word_1_610' title='bbox 1049 4387 1245 4444; x_wconf 83' lang='lat' dir='ltr'><strong>vobis?</strong></span> <span class='ocrx_word' id='word_1_611' title='bbox 1302 4386 1408 4441; x_wconf 88' lang='lat' dir='ltr'><strong>hoc</strong></span> <span class='ocrx_word' id='word_1_612' title='bbox 1457 4384 1659 4439; x_wconf 83' lang='lat' dir='ltr'><strong>etenim</strong></span> <span class='ocrx_word' id='word_1_613' title='bbox 1709 4383 1966 4440; x_wconf 90' lang='lat' dir='ltr'><strong>mendico</strong></span> 
     </span>
    </p>
   </div>
   <div class='ocr_carea' id='block_1_88' title="bbox 2066 4383 3643 4463">
    <p class='ocr_par' dir='ltr' id='par_1_88' title="bbox 2071 4384 3643 4459">
     <span class='ocr_line' id='line_1_88' title="bbox 2071 4384 3643 4459; baseline -0.001 -20"><span class='ocrx_word' id='word_1_614' title='bbox 2071 4385 2269 4457; x_wconf 82' lang='grc' dir='ltr'>μᾶλλον</span> <span class='ocrx_word' id='word_1_615' title='bbox 2286 4388 2344 4441; x_wconf 81' lang='grc' dir='ltr'>δὲ</span> <span class='ocrx_word' id='word_1_616' title='bbox 2360 4387 2673 4458; x_wconf 80' lang='grc' dir='ltr'>τεθνήξεται</span> <span class='ocrx_word' id='word_1_617' title='bbox 2696 4386 2856 4457; x_wconf 79' lang='grc' dir='ltr'>λιμῷ,</span> <span class='ocrx_word' id='word_1_618' title='bbox 2870 4386 2905 4459; x_wconf 77' lang='grc' dir='ltr'>ἢ</span> <span class='ocrx_word' id='word_1_619' title='bbox 2920 4386 3079 4440; x_wconf 87' lang='grc' dir='ltr'>τοῦτο</span> <span class='ocrx_word' id='word_1_620' title='bbox 3098 4388 3267 4439; x_wconf 82' lang='grc' dir='ltr'>ποιεῖν</span> <span class='ocrx_word' id='word_1_621' title='bbox 3293 4384 3556 4455; x_wconf 85' lang='grc' dir='ltr'>ὑποσταίη</span> <span class='ocrx_word' id='word_1_622' title='bbox 3570 4384 3643 4439; x_wconf 81' lang='grc'>³⁷..</span> 
     </span>
    </p>
   </div>
   <div class='ocr_carea' id='block_1_89' title="bbox 398 4449 1982 4550">
    <p class='ocr_par' dir='ltr' id='par_1_89' title="bbox 398 4449 1964 4549">
     <span class='ocr_line' id='line_1_89' title="bbox 398 4449 1964 4549; baseline -0.004 -13"><span class='ocrx_word' id='word_1_623' title='bbox 398 4449 671 4547; x_wconf 73' lang='lat' dir='ltr'><strong>convenit,</strong></span> <span class='ocrx_word' id='word_1_624' title='bbox 697 4449 877 4549; x_wconf 76' lang='lat' dir='ltr'><strong>potius</strong></span> <span class='ocrx_word' id='word_1_625' title='bbox 899 4489 1078 4532; x_wconf 92' lang='lat' dir='ltr'><strong>autem</strong></span> <span class='ocrx_word' id='word_1_626' title='bbox 1102 4476 1299 4547; x_wconf 89' lang='lat' dir='ltr'><strong>peribit</strong></span> <span class='ocrx_word' id='word_1_627' title='bbox 1324 4474 1491 4540; x_wconf 83' lang='lat' dir='ltr'><strong>fame,</strong></span> <span class='ocrx_word' id='word_1_628' title='bbox 1514 4488 1681 4544; x_wconf 88' lang='lat' dir='ltr'><strong>quam</strong></span> <span class='ocrx_word' id='word_1_629' title='bbox 1707 4473 1759 4529; x_wconf 92' lang='lat' dir='ltr'><strong>id</strong></span> <span class='ocrx_word' id='word_1_630' title='bbox 1784 4472 1964 4530; x_wconf 84' lang='lat' dir='ltr'><strong>facere</strong></span> 
     </span>
    </p>
   </div>
   <div class='ocr_carea' id='block_1_90' title="bbox 2066 4449 3640 4550">
    <p class='ocr_par' dir='ltr' id='par_1_90' title="bbox 2072 4449 3640 4550">
     <span class='ocr_line' id='line_1_90' title="bbox 2072 4449 3640 4550; baseline -0.014 -3"><span class='ocrx_word' id='word_1_631' title='bbox 2072 4449 2237 4548; x_wconf 53' lang='lat'><strong>118</strong></span> <span class='ocrx_word' id='word_1_632' title='bbox 2270 4478 2394 4543; x_wconf 78' lang='grc' dir='ltr'><strong>Πῶς</strong></span> <span class='ocrx_word' id='word_1_633' title='bbox 2414 4477 2481 4550; x_wconf 81' lang='grc' dir='ltr'>δὴ</span> <span class='ocrx_word' id='word_1_634' title='bbox 2509 4449 2611 4531; x_wconf 64' lang='grc' dir='ltr'><strong>¹διαὶ</strong></span> <span class='ocrx_word' id='word_1_635' title='bbox 2641 4449 3071 4550; x_wconf 42' lang='grc' dir='ltr'>ὑμεῖςὀὐδίκην</span> <span class='ocrx_word' id='word_1_636' title='bbox 3108 4476 3353 4547; x_wconf 81' lang='grc' dir='ltr'>ὑφέξετε,</span> <span class='ocrx_word' id='word_1_637' title='bbox 3389 4475 3463 4547; x_wconf 87' lang='grc' dir='ltr'><strong>μή</strong></span> <span class='ocrx_word' id='word_1_638' title='bbox 3499 4449 3640 4543; x_wconf 83' lang='grc' dir='ltr'>λογι-</span> 
     </span>
    </p>
   </div>
   <div class='ocr_carea' id='block_1_91' title="bbox 396 4563 1982 4642">
    <p class='ocr_par' dir='ltr' id='par_1_91' title="bbox 396 4563 1963 4639">
     <span class='ocr_line' id='line_1_91' title="bbox 396 4563 1963 4639; baseline -0.005 -12"><span class='ocrx_word' id='word_1_639' title='bbox 396 4572 684 4628; x_wconf 85' lang='lat' dir='ltr'><strong>sustineat.</strong></span> <span class='ocrx_word' id='word_1_640' title='bbox 715 4568 782 4624; x_wconf 88' lang='lat' dir='ltr'><strong>Et</strong></span> <span class='ocrx_word' id='word_1_641' title='bbox 809 4584 918 4639; x_wconf 89' lang='lat' dir='ltr'><strong>qua</strong></span> <span class='ocrx_word' id='word_1_642' title='bbox 948 4568 1157 4623; x_wconf 88' lang='lat' dir='ltr'><strong>ratione</strong></span> <span class='ocrx_word' id='word_1_643' title='bbox 1179 4580 1277 4621; x_wconf 90' lang='lat' dir='ltr'><strong>vos</strong></span> <span class='ocrx_word' id='word_1_644' title='bbox 1298 4581 1489 4636; x_wconf 71' lang='lat' dir='ltr'><strong>pmnas</strong></span> <span class='ocrx_word' id='word_1_645' title='bbox 1522 4579 1629 4619; x_wconf 87' lang='lat' dir='ltr'><strong>non</strong></span> <span class='ocrx_word' id='word_1_646' title='bbox 1657 4563 1881 4630; x_wconf 88' lang='lat' dir='ltr'><strong>dabitis,</strong></span> <span class='ocrx_word' id='word_1_647' title='bbox 1916 4564 1963 4619; x_wconf 90' lang='lat' dir='ltr'><strong>si</strong></span> 
     </span>
    </p>
   </div>
   <div class='ocr_carea' id='block_1_92' title="bbox 2066 4563 3637 4642">
    <p class='ocr_par' dir='ltr' id='par_1_92' title="bbox 2072 4566 3637 4642">
     <span class='ocr_line' id='line_1_92' title="bbox 2072 4566 3637 4642; baseline -0.002 -20"><span class='ocrx_word' id='word_1_648' title='bbox 2072 4568 2294 4639; x_wconf 87' lang='grc' dir='ltr'>σάμενοι</span> <span class='ocrx_word' id='word_1_649' title='bbox 2321 4569 2403 4622; x_wconf 83' lang='grc' dir='ltr'>ὅτι</span> <span class='ocrx_word' id='word_1_650' title='bbox 2433 4567 2579 4633; x_wconf 69' lang='grc' dir='ltr'>ἄξιός</span> <span class='ocrx_word' id='word_1_651' title='bbox 2606 4569 2752 4623; x_wconf 75' lang='grc' dir='ltr'>ἐστιν</span> <span class='ocrx_word' id='word_1_652' title='bbox 2780 4571 2809 4623; x_wconf 84' lang='grc' dir='ltr'><strong>ό</strong></span> <span class='ocrx_word' id='word_1_653' title='bbox 2832 4570 3067 4642; x_wconf 65' lang='grc' dir='ltr'>ἐργάτης</span> <span class='ocrx_word' id='word_1_654' title='bbox 3094 4568 3187 4623; x_wconf 89' lang='grc' dir='ltr'><strong>τοῦ</strong></span> <span class='ocrx_word' id='word_1_655' title='bbox 3218 4566 3409 4640; x_wconf 89' lang='grc' dir='ltr'>μισθοῦ</span> <span class='ocrx_word' id='word_1_656' title='bbox 3434 4566 3637 4633; x_wconf 72' lang='grc' dir='ltr'>αὐτοῦς</span> 
     </span>
    </p>
   </div>
   <div class='ocr_carea' id='block_1_93' title="bbox 399 4657 1982 4737">
    <p class='ocr_par' dir='ltr' id='par_1_93' title="bbox 399 4658 1964 4737">
     <span class='ocr_line' id='line_1_93' title="bbox 399 4658 1964 4737; baseline -0.004 -18"><span class='ocrx_word' id='word_1_657' title='bbox 399 4680 511 4721; x_wconf 89' lang='lat' dir='ltr'><strong>non</strong></span> <span class='ocrx_word' id='word_1_658' title='bbox 537 4662 939 4737; x_wconf 88' lang='lat' dir='ltr'><strong>reputaveritis,</strong></span> <span class='ocrx_word' id='word_1_659' title='bbox 971 4661 1195 4733; x_wconf 78' lang='lat' dir='ltr'><strong>dignum</strong></span> <span class='ocrx_word' id='word_1_660' title='bbox 1219 4674 1343 4716; x_wconf 88' lang='lat' dir='ltr'><strong>esse</strong></span> <span class='ocrx_word' id='word_1_661' title='bbox 1371 4658 1685 4730; x_wconf 87' lang='lat' dir='ltr'><strong>operarium</strong></span> <span class='ocrx_word' id='word_1_662' title='bbox 1712 4658 1964 4714; x_wconf 89' lang='lat' dir='ltr'><strong>mercede</strong></span> 
     </span>
    </p>
   </div>
   <div class='ocr_carea' id='block_1_94' title="bbox 2066 4657 3640 4737">
    <p class='ocr_par' dir='ltr' id='par_1_94' title="bbox 2070 4657 3640 4734">
     <span class='ocr_line' id='line_1_94' title="bbox 2070 4657 3640 4734; baseline -0.001 -22"><span class='ocrx_word' id='word_1_663' title='bbox 2070 4660 2165 4713; x_wconf 76' lang='grc' dir='ltr'>καὶ</span> <span class='ocrx_word' id='word_1_664' title='bbox 2186 4660 2261 4731; x_wconf 80' lang='grc' dir='ltr'>μὴ</span> <span class='ocrx_word' id='word_1_665' title='bbox 2278 4660 2482 4729; x_wconf 82' lang='grc' dir='ltr'>λεγέτω</span> <span class='ocrx_word' id='word_1_666' title='bbox 2498 4678 2600 4725; x_wconf 86' lang='grc' dir='ltr'>τις·</span> <span class='ocrx_word' id='word_1_667' title='bbox 2614 4658 2812 4714; x_wconf 75' lang='grc' dir='ltr'>οὐκοῦν</span> <span class='ocrx_word' id='word_1_668' title='bbox 2828 4664 2857 4715; x_wconf 84' lang='grc' dir='ltr'><strong>ό</strong></span> <span class='ocrx_word' id='word_1_669' title='bbox 2874 4660 3083 4733; x_wconf 84' lang='grc' dir='ltr'>δωρεὰν</span> <span class='ocrx_word' id='word_1_670' title='bbox 3101 4658 3463 4734; x_wconf 72' lang='grc' dir='ltr'>παρασχεθεὶς</span> <span class='ocrx_word' id='word_1_671' title='bbox 3482 4657 3640 4728; x_wconf 80' lang='grc' dir='ltr'>λόγος</span> 
     </span>
    </p>
   </div>
   <div class='ocr_carea' id='block_1_95' title="bbox 1668 4811 2350 4871">
    <p class='ocr_par' dir='ltr' id='par_1_95' title="bbox 1668 4811 2350 4871">
     <span class='ocr_line' id='line_1_95' title="bbox 1668 4811 2350 4871; baseline 0.001 -3"><span class='ocrx_word' id='word_1_672' title='bbox 1668 4812 1899 4869; x_wconf 71' lang='grc' dir='ltr'>γΑιιιΑΞ</span> <span class='ocrx_word' id='word_1_673' title='bbox 1940 4811 2350 4871; x_wconf 79' lang='lat' dir='ltr'><strong>LECTIONES.</strong></span> 
     </span>
    </p>
   </div>
   <div class='ocr_carea' id='block_1_96' title="bbox 470 4931 3639 5024">
    <p class='ocr_par' dir='ltr' id='par_1_96' title="bbox 470 4931 3639 5024">
     <span class='ocr_line' id='line_1_96' title="bbox 470 4931 3639 5024; baseline 0 0"><span class='ocrx_word' id='word_1_674' title='bbox 470 4941 518 4973; x_wconf 86' lang='lat'><strong>&quot;</strong></span> <span class='ocrx_word' id='word_1_675' title='bbox 538 4941 889 5024; x_wconf 61' lang='grc' dir='ltr'><strong>μεταβώσηῖε</strong></span> <span class='ocrx_word' id='word_1_676' title='bbox 938 4941 1004 5024; x_wconf 62' lang='grc' dir='ltr'><strong>ολ</strong></span> <span class='ocrx_word' id='word_1_677' title='bbox 1054 4938 1195 5024; x_wconf 63' lang='lat' dir='ltr'><strong>Tuan</strong></span> <span class='ocrx_word' id='word_1_678' title='bbox 1250 4936 1399 5024; x_wconf 59' lang='lat' dir='ltr'><strong>item</strong></span> <span class='ocrx_word' id='word_1_679' title='bbox 1458 4931 2195 5024; x_wconf 53' lang='lat' dir='ltr'><strong>°Pé¢n?¢;,-_&#39;_‘._m?éx?f‘5</strong></span> <span class='ocrx_word' id='word_1_680' title='bbox 2238 4934 2390 5024; x_wconf 60' lang='lat'><strong>(105°</strong></span> <span class='ocrx_word' id='word_1_681' title='bbox 2459 4937 2730 5024; x_wconf 60' lang='grc' dir='ltr'>εξρέετιτξ</span> <span class='ocrx_word' id='word_1_682' title='bbox 2764 4936 2853 5024; x_wconf 74' lang='grc' dir='ltr'><strong>υ)</strong></span> <span class='ocrx_word' id='word_1_683' title='bbox 2877 4934 2937 5001; x_wconf 70' lang='grc' dir='ltr'><strong>ον</strong></span> <span class='ocrx_word' id='word_1_684' title='bbox 2963 4934 3279 5024; x_wconf 50' lang='lat' dir='ltr'><strong>videndo</strong></span> <span class='ocrx_word' id='word_1_685' title='bbox 3302 4934 3426 5024; x_wconf 57' lang='grc' dir='ltr'>ειη·</span> <span class='ocrx_word' id='word_1_686' title='bbox 3481 4937 3639 5024; x_wconf 51' lang='lat'><strong>“€0-</strong></span> 
     </span>
    </p>
   </div>
   <div class='ocr_carea' id='block_1_97' title="bbox 402 5003 3641 5112">
    <p class='ocr_par' dir='ltr' id='par_1_97' title="bbox 402 5003 3641 5112">
     <span class='ocr_line' id='line_1_97' title="bbox 402 5003 3641 5112; baseline -0.002 -45"><span class='ocrx_word' id='word_1_687' title='bbox 402 5003 630 5067; x_wconf 82' lang='grc' dir='ltr'>σετε’-</span> <span class='ocrx_word' id='word_1_688' title='bbox 670 5003 1122 5083; x_wconf 69' lang='grc' dir='ltr'>ἐπισκέψήσθε-</span> <span class='ocrx_word' id='word_1_689' title='bbox 1148 5007 1453 5112; x_wconf 47' lang='grc' dir='ltr'>βοηθήσητε</span> <span class='ocrx_word' id='word_1_690' title='bbox 1488 5003 1913 5092; x_wconf 14' lang='grc' dir='ltr'>ξ-ήάποδέξασθε</span> <span class='ocrx_word' id='word_1_691' title='bbox 1958 5036 2027 5047; x_wconf 90' lang='grc'><strong>-</strong></span> <span class='ocrx_word' id='word_1_692' title='bbox 2074 5003 2358 5078; x_wconf 69' lang='grc' dir='ltr'>μισήσητε.</span> <span class='ocrx_word' id='word_1_693' title='bbox 2468 5008 2513 5039; x_wconf 79' lang='grc'><strong>⁸³</strong></span> <span class='ocrx_word' id='word_1_694' title='bbox 2542 5003 2900 5112; x_wconf 44' lang='grc' dir='ltr'>’συνδέχιεσθῆ</span> <span class='ocrx_word' id='word_1_695' title='bbox 2960 5003 3109 5059; x_wconf 76' lang='grc' dir='ltr'>έῐσθε</span> <span class='ocrx_word' id='word_1_696' title='bbox 3152 5020 3207 5075; x_wconf 86' lang='lat' dir='ltr'><strong>p.</strong></span> <span class='ocrx_word' id='word_1_697' title='bbox 3289 5005 3641 5112; x_wconf 48' lang='grc' dir='ltr'>συνέρχεσθε,</span> 
     </span>
     <span class='ocr_line' id='line_1_98' title="bbox 404 5072 3637 5112; baseline 0 0"><span class='ocrx_word' id='word_1_698' title='bbox 404 5083 581 5112; x_wconf 77' lang='lat' dir='ltr'><strong>-m-n</strong></span> <span class='ocrx_word' id='word_1_699' title='bbox 676 5083 924 5112; x_wconf 71' lang='lat' dir='ltr'><strong>sa--r.n</strong></span> <span class='ocrx_word' id='word_1_700' title='bbox 1020 5079 1225 5112; x_wconf 64' lang='lat' dir='ltr'><strong>athon</strong></span> <span class='ocrx_word' id='word_1_701' title='bbox 1274 5092 1303 5112; x_wconf 72' lang='grc' dir='ltr'>η</span> <span class='ocrx_word' id='word_1_702' title='bbox 1357 5110 1361 5112; x_wconf 68' lang='grc'><strong>.</strong></span> <span class='ocrx_word' id='word_1_703' title='bbox 1468 5076 1739 5112; x_wconf 53' lang='lat' dir='ltr'><strong>«mar-pel-</strong></span> <span class='ocrx_word' id='word_1_704' title='bbox 1836 5072 1973 5112; x_wconf 74' lang='lat' dir='ltr'><strong>Tum</strong></span> <span class='ocrx_word' id='word_1_705' title='bbox 2007 5076 2285 5112; x_wconf 63' lang='grc' dir='ltr'><strong>ἢκηνεηρη</strong></span> <span class='ocrx_word' id='word_1_706' title='bbox 2334 5075 2622 5112; x_wconf 59' lang='grc' dir='ltr'><strong>λιμαιὶξηρη</strong></span> <span class='ocrx_word' id='word_1_707' title='bbox 2716 5081 2736 5111; x_wconf 72' lang='grc' dir='ltr'><strong>ι</strong></span> <span class='ocrx_word' id='word_1_708' title='bbox 2783 5077 2915 5112; x_wconf 70' lang='lat' dir='ltr'><strong>Imn</strong></span> <span class='ocrx_word' id='word_1_709' title='bbox 2958 5092 2986 5112; x_wconf 75' lang='grc' dir='ltr'><strong><em>η</em></strong></span> <span class='ocrx_word' id='word_1_710' title='bbox 3042 5074 3081 5112; x_wconf 63' lang='grc' dir='ltr'><strong>ς</strong></span> <span class='ocrx_word' id='word_1_711' title='bbox 3152 5077 3219 5112; x_wconf 59' lang='grc' dir='ltr'>ινα</span> <span class='ocrx_word' id='word_1_712' title='bbox 3262 5075 3304 5112; x_wconf 79' lang='lat' dir='ltr'><strong>l‘.</strong></span> <span class='ocrx_word' id='word_1_713' title='bbox 3431 5077 3450 5107; x_wconf 76' lang='grc' dir='ltr'><strong>ο</strong></span> <span class='ocrx_word' id='word_1_714' title='bbox 3499 5094 3637 5112; x_wconf 66' lang='lat' dir='ltr'><strong>nm...</strong></span> 
     </span>
    </p>
   </div>
   <div class='ocr_carea' id='block_1_98' title="bbox 400 5024 3637 5147">
    <p class='ocr_par' dir='ltr' id='par_1_98' title="bbox 400 5024 3637 5147">
     <span class='ocr_line' id='line_1_99' title="bbox 402 5024 3637 5131; baseline -0.002 -64"><span class='ocrx_word' id='word_1_715' title='bbox 402 5029 527 5067; x_wconf 88' lang='grc' dir='ltr'>σετε</span> <span class='ocrx_word' id='word_1_716' title='bbox 561 5043 630 5051; x_wconf 93' lang='lat'><strong>—</strong></span> <span class='ocrx_word' id='word_1_717' title='bbox 670 5024 1122 5083; x_wconf 74' lang='grc' dir='ltr'>επισκεψήσυε-</span> <span class='ocrx_word' id='word_1_718' title='bbox 1148 5024 1453 5131; x_wconf 59' lang='grc' dir='ltr'>Ροηυησὲτε</span> <span class='ocrx_word' id='word_1_719' title='bbox 1488 5037 1558 5048; x_wconf 92' lang='grc'><strong>-</strong></span> <span class='ocrx_word' id='word_1_720' title='bbox 1584 5024 1913 5092; x_wconf 69' lang='grc' dir='ltr'>αποοεεςασυε</span> <span class='ocrx_word' id='word_1_721' title='bbox 1958 5036 2027 5047; x_wconf 91' lang='grc'><strong>-</strong></span> <span class='ocrx_word' id='word_1_722' title='bbox 2074 5024 2358 5078; x_wconf 71' lang='grc' dir='ltr'>μισήσητε.</span> <span class='ocrx_word' id='word_1_723' title='bbox 2468 5024 2513 5039; x_wconf 86' lang='grc'>··</span> <span class='ocrx_word' id='word_1_724' title='bbox 2563 5024 2900 5112; x_wconf 43' lang='grc' dir='ltr'>συνοεχιεσυε,</span> <span class='ocrx_word' id='word_1_725' title='bbox 2960 5024 3109 5059; x_wconf 84' lang='grc' dir='ltr'>εισυε</span> <span class='ocrx_word' id='word_1_726' title='bbox 3152 5024 3207 5075; x_wconf 87' lang='lat' dir='ltr'><strong>p.</strong></span> <span class='ocrx_word' id='word_1_727' title='bbox 3289 5024 3637 5129; x_wconf 59' lang='grc' dir='ltr'>συνε¹ρχὲσυε,</span> 
     </span>
     <span class='ocr_line' id='line_1_100' title="bbox 400 5072 3637 5147; baseline -0.001 -10"><span class='ocrx_word' id='word_1_728' title='bbox 400 5084 514 5137; x_wconf 75' lang='grc' dir='ltr'>εἴθε</span> <span class='ocrx_word' id='word_1_729' title='bbox 540 5083 598 5137; x_wconf 96' lang='lat'><strong>0.</strong></span> <span class='ocrx_word' id='word_1_730' title='bbox 676 5083 858 5144; x_wconf 83' lang='grc' dir='ltr'>²⁸ταῖς</span> <span class='ocrx_word' id='word_1_731' title='bbox 884 5084 943 5134; x_wconf 94' lang='lat'><strong>0.</strong></span> <span class='ocrx_word' id='word_1_732' title='bbox 1020 5079 1157 5133; x_wconf 77' lang='lat' dir='ltr'><strong>“Ita</strong></span> <span class='ocrx_word' id='word_1_733' title='bbox 1183 5081 1225 5131; x_wconf 94' lang='grc' dir='ltr'><strong>Ο</strong></span> <span class='ocrx_word' id='word_1_734' title='bbox 1274 5092 1324 5133; x_wconf 92' lang='lat' dir='ltr'><strong>c.</strong></span> <span class='ocrx_word' id='word_1_735' title='bbox 1420 5117 1436 5142; x_wconf 91' lang='lat'><strong>,</strong></span> <span class='ocrx_word' id='word_1_736' title='bbox 1468 5080 1669 5147; x_wconf 83' lang='grc' dir='ltr'>ποιεῖτε</span> <span class='ocrx_word' id='word_1_737' title='bbox 1696 5076 1759 5130; x_wconf 65' lang='grc' dir='ltr'><strong>(ι.</strong></span> <span class='ocrx_word' id='word_1_738' title='bbox 1808 5072 1975 5147; x_wconf 68' lang='lat' dir='ltr'><strong>_Tum</strong></span> <span class='ocrx_word' id='word_1_739' title='bbox 2006 5076 2233 5147; x_wconf 83' lang='grc' dir='ltr'>ἀσυχίας</span> <span class='ocrx_word' id='word_1_740' title='bbox 2252 5093 2303 5146; x_wconf 90' lang='lat' dir='ltr'><strong>p.</strong></span> <span class='ocrx_word' id='word_1_741' title='bbox 2334 5075 2637 5141; x_wconf 86' lang='grc' dir='ltr'>ἀσυλίαςο.</span> <span class='ocrx_word' id='word_1_742' title='bbox 2716 5081 2736 5111; x_wconf 84' lang='grc'>³</span> <span class='ocrx_word' id='word_1_743' title='bbox 2782 5077 2915 5132; x_wconf 89' lang='lat' dir='ltr'><strong>Ita0</strong></span> <span class='ocrx_word' id='word_1_744' title='bbox 2958 5092 3005 5132; x_wconf 92' lang='lat' dir='ltr'><strong>c.</strong></span> <span class='ocrx_word' id='word_1_745' title='bbox 3041 5074 3097 5130; x_wconf 86' lang='lat' dir='ltr'><strong>S.</strong></span> <span class='ocrx_word' id='word_1_746' title='bbox 3152 5077 3219 5147; x_wconf 78' lang='grc' dir='ltr'>τῇ</span> <span class='ocrx_word' id='word_1_747' title='bbox 3262 5075 3322 5131; x_wconf 88' lang='lat' dir='ltr'><strong>C.</strong></span> <span class='ocrx_word' id='word_1_748' title='bbox 3431 5077 3450 5107; x_wconf 78' lang='grc'>⁸</span> <span class='ocrx_word' id='word_1_749' title='bbox 3518 5095 3637 5147; x_wconf 84' lang='grc' dir='ltr'><strong>μων</strong></span> 
     </span>
    </p>
   </div>
   <div class='ocr_carea' id='block_1_99' title="bbox 404 5145 3634 5226">
    <p class='ocr_par' dir='ltr' id='par_1_99' title="bbox 404 5145 3634 5226">
     <span class='ocr_line' id='line_1_101' title="bbox 404 5145 3634 5226; baseline -0.002 -17"><span class='ocrx_word' id='word_1_750' title='bbox 404 5156 447 5209; x_wconf 98' lang='lat'><strong>0</strong></span> <span class='ocrx_word' id='word_1_751' title='bbox 502 5169 589 5225; x_wconf 89' lang='lat' dir='ltr'><strong>pr.</strong></span> <span class='ocrx_word' id='word_1_752' title='bbox 615 5167 763 5207; x_wconf 89' lang='lat' dir='ltr'><strong>man.</strong></span> <span class='ocrx_word' id='word_1_753' title='bbox 840 5152 882 5226; x_wconf 57' lang='grc' dir='ltr'><strong>’ἶ</strong></span> <span class='ocrx_word' id='word_1_754' title='bbox 1055 5148 1251 5226; x_wconf 32' lang='grc' dir='ltr'>’καλῶς</span> <span class='ocrx_word' id='word_1_755' title='bbox 1289 5147 1397 5226; x_wconf 77' lang='grc' dir='ltr'><strong>τῶν</strong></span> <span class='ocrx_word' id='word_1_756' title='bbox 1435 5146 1581 5226; x_wconf 76' lang='grc' dir='ltr'><strong>κατά</strong></span> <span class='ocrx_word' id='word_1_757' title='bbox 1598 5145 1842 5226; x_wconf 40' lang='grc' dir='ltr'>τῷν-τοῦ.</span> <span class='ocrx_word' id='word_1_758' title='bbox 1873 5146 2108 5226; x_wconf 64' lang='grc' dir='ltr'>Χριστοῦ</span> <span class='ocrx_word' id='word_1_759' title='bbox 2141 5145 2395 5226; x_wconf 79' lang='grc' dir='ltr'>μαθητῶν</span> <span class='ocrx_word' id='word_1_760' title='bbox 2411 5148 2655 5226; x_wconf 84' lang='grc' dir='ltr'>ὑπάρξας</span> <span class='ocrx_word' id='word_1_761' title='bbox 2668 5148 3127 5226; x_wconf 36' lang='grc' dir='ltr'>,κολασθήσετηαιζι</span> <span class='ocrx_word' id='word_1_762' title='bbox 3116 5145 3461 5226; x_wconf 56' lang='lat' dir='ltr'><strong>accesserunt</strong></span> <span class='ocrx_word' id='word_1_763' title='bbox 3487 5145 3553 5201; x_wconf 60' lang='lat' dir='ltr'><strong>ei</strong></span> 
     </span>
    </p>
   </div>
   <div class='ocr_carea' id='block_1_100' title="bbox 407 5216 3627 5293">
    <p class='ocr_par' dir='ltr' id='par_1_100' title="bbox 407 5216 3627 5293">
     <span class='ocr_line' id='line_1_102' title="bbox 407 5216 3627 5293; baseline -0.002 -14"><span class='ocrx_word' id='word_1_764' title='bbox 407 5216 759 5293; x_wconf 81' lang='lat' dir='ltr'><strong>Subsequens</strong></span> <span class='ocrx_word' id='word_1_765' title='bbox 783 5220 1090 5293; x_wconf 21' lang='lat' dir='ltr'><strong>xalkaddidi</strong></span> <span class='ocrx_word' id='word_1_766' title='bbox 1119 5236 1185 5293; x_wconf 64' lang='grc' dir='ltr'>εξ</span> <span class='ocrx_word' id='word_1_767' title='bbox 1209 5219 1544 5293; x_wconf 63' lang='lat' dir='ltr'><strong>conjectura.</strong></span> <span class='ocrx_word' id='word_1_768' title='bbox 1566 5216 1665 5293; x_wconf 78' lang='lat'><strong>&#39;_“</strong></span> <span class='ocrx_word' id='word_1_769' title='bbox 1683 5216 1979 5293; x_wconf 77' lang='grc' dir='ltr'>βληθήσετε</span> <span class='ocrx_word' id='word_1_770' title='bbox 2010 5219 2052 5271; x_wconf 94' lang='lat'><strong>0</strong></span> <span class='ocrx_word' id='word_1_771' title='bbox 2080 5257 2095 5280; x_wconf 86' lang='lat'><strong>,</strong></span> <span class='ocrx_word' id='word_1_772' title='bbox 2120 5216 2211 5293; x_wconf 79' lang='lat' dir='ltr'><strong>qui</strong></span> <span class='ocrx_word' id='word_1_773' title='bbox 2237 5216 2353 5272; x_wconf 87' lang='lat' dir='ltr'><strong>tum</strong></span> <span class='ocrx_word' id='word_1_774' title='bbox 2388 5216 2590 5293; x_wconf 82' lang='grc' dir='ltr'>μοιχόν.</span> <span class='ocrx_word' id='word_1_775' title='bbox 2667 5221 2712 5293; x_wconf 82' lang='lat'><strong>”_</strong></span> <span class='ocrx_word' id='word_1_776' title='bbox 2730 5216 2963 5293; x_wconf 71' lang='grc' dir='ltr'>ἁρπάσει</span> <span class='ocrx_word' id='word_1_777' title='bbox 2996 5216 3068 5293; x_wconf 90' lang='lat' dir='ltr'><strong>S._</strong></span> <span class='ocrx_word' id='word_1_778' title='bbox 3085 5217 3224 5293; x_wconf 84' lang='lat' dir='ltr'><strong>Tum</strong></span> <span class='ocrx_word' id='word_1_779' title='bbox 3256 5217 3545 5289; x_wconf 85' lang='grc' dir='ltr'>εὑρεθέντα</span> <span class='ocrx_word' id='word_1_780' title='bbox 3561 5216 3627 5273; x_wconf 92' lang='lat' dir='ltr'><strong>C.</strong></span> 
     </span>
    </p>
   </div>
   <div class='ocr_carea' id='block_1_101' title="bbox 405 5286 3633 5360">
    <p class='ocr_par' dir='ltr' id='par_1_101' title="bbox 405 5286 3633 5360">
     <span class='ocr_line' id='line_1_103' title="bbox 405 5286 3633 5360; baseline -0.002 -12"><span class='ocrx_word' id='word_1_781' title='bbox 405 5296 449 5328; x_wconf 83' lang='grc'><strong>³⁸</strong></span> <span class='ocrx_word' id='word_1_782' title='bbox 471 5286 637 5358; x_wconf 55' lang='lat' dir='ltr'><strong>mare};</strong></span> <span class='ocrx_word' id='word_1_783' title='bbox 666 5297 728 5347; x_wconf 84' lang='grc' dir='ltr'><strong>υ.</strong></span> <span class='ocrx_word' id='word_1_784' title='bbox 805 5292 847 5323; x_wconf 76' lang='grc'><strong><em>³⁸</em></strong></span> <span class='ocrx_word' id='word_1_785' title='bbox 866 5290 905 5345; x_wconf 92' lang='lat' dir='ltr'><strong>C</strong></span> <span class='ocrx_word' id='word_1_786' title='bbox 960 5290 1063 5360; x_wconf 77' lang='lat' dir='ltr'><strong>legi</strong></span> <span class='ocrx_word' id='word_1_787' title='bbox 1093 5290 1208 5344; x_wconf 88' lang='lat' dir='ltr'><strong>vult</strong></span> <span class='ocrx_word' id='word_1_788' title='bbox 1243 5286 1472 5360; x_wconf 75' lang='grc' dir='ltr'>φέρεσθε</span> <span class='ocrx_word' id='word_1_789' title='bbox 1506 5297 1558 5341; x_wconf 89' lang='lat' dir='ltr'><strong>et</strong></span> <span class='ocrx_word' id='word_1_790' title='bbox 1574 5286 1933 5360; x_wconf 26' lang='grc' dir='ltr'>’ἀναφέρεσθῂ</span> <span class='ocrx_word' id='word_1_791' title='bbox 1981 5298 2144 5360; x_wconf 84' lang='lat' dir='ltr'><strong>atque</strong></span> <span class='ocrx_word' id='word_1_792' title='bbox 2173 5289 2314 5360; x_wconf 85' lang='lat' dir='ltr'><strong>hanc</strong></span> <span class='ocrx_word' id='word_1_793' title='bbox 2343 5286 2669 5359; x_wconf 80' lang='lat' dir='ltr'><strong>scripturam</strong></span> <span class='ocrx_word' id='word_1_794' title='bbox 2698 5290 2751 5344; x_wconf 92' lang='lat' dir='ltr'><strong>in</strong></span> <span class='ocrx_word' id='word_1_795' title='bbox 2769 5286 3235 5360; x_wconf 64' lang='lat' dir='ltr'><strong>&#39;versioneLatina</strong></span> <span class='ocrx_word' id='word_1_796' title='bbox 3264 5286 3490 5360; x_wconf 79' lang='lat' dir='ltr'><strong>secutus</strong></span> <span class='ocrx_word' id='word_1_797' title='bbox 3527 5297 3633 5343; x_wconf 89' lang='lat' dir='ltr'><strong>est.</strong></span> 
     </span>
    </p>
   </div>
   <div class='ocr_carea' id='block_1_102' title="bbox 407 5357 3641 5440">
    <p class='ocr_par' dir='ltr' id='par_1_102' title="bbox 407 5357 3641 5440">
     <span class='ocr_line' id='line_1_104' title="bbox 407 5357 3641 5440; baseline -0.002 -19"><span class='ocrx_word' id='word_1_798' title='bbox 407 5357 730 5440; x_wconf 67' lang='lat' dir='ltr'><strong>Ilect_ius_9</strong></span> <span class='ocrx_word' id='word_1_799' title='bbox 787 5357 1394 5440; x_wconf 45' lang='grc' dir='ltr'>βιθοροευῖιὲέρεταέθι</span> <span class='ocrx_word' id='word_1_800' title='bbox 1416 5357 1742 5440; x_wconf 73' lang='grc' dir='ltr'>ἀναφέρεται</span> <span class='ocrx_word' id='word_1_801' title='bbox 1775 5357 1875 5427; x_wconf 91' lang='lat' dir='ltr'><strong>(sc.</strong></span> <span class='ocrx_word' id='word_1_802' title='bbox 1898 5362 1947 5440; x_wconf 41' lang='grc' dir='ltr'><strong>’ἡ</strong></span> <span class='ocrx_word' id='word_1_803' title='bbox 1979 5358 2155 5440; x_wconf 71' lang='grc' dir='ltr'>τιμή),</span> <span class='ocrx_word' id='word_1_804' title='bbox 2183 5357 2476 5440; x_wconf 37' lang='grc' dir='ltr'>οξτκευριςὰ</span> <span class='ocrx_word' id='word_1_805' title='bbox 2504 5375 2549 5416; x_wconf 88' lang='lat' dir='ltr'><strong>c.</strong></span> <span class='ocrx_word' id='word_1_806' title='bbox 2569 5360 2675 5440; x_wconf 60' lang='lat'><strong>_6(§,</strong></span> <span class='ocrx_word' id='word_1_807' title='bbox 2715 5359 2806 5440; x_wconf 58' lang='lat' dir='ltr'><strong>ubi</strong></span> <span class='ocrx_word' id='word_1_808' title='bbox 2851 5358 2991 5440; x_wconf 80' lang='lat' dir='ltr'><strong>idem</strong></span> <span class='ocrx_word' id='word_1_809' title='bbox 3024 5359 3219 5440; x_wconf 71' lang='lat' dir='ltr'><strong>legitur</strong></span> <span class='ocrx_word' id='word_1_810' title='bbox 3260 5358 3449 5440; x_wconf 63' lang='lat' dir='ltr'><strong>iisdem</strong></span> <span class='ocrx_word' id='word_1_811' title='bbox 3497 5369 3641 5440; x_wconf 82' lang='lat' dir='ltr'><strong>pene</strong></span> 
     </span>
    </p>
   </div>
   <div class='ocr_carea' id='block_1_103' title="bbox 408 5426 3633 5511">
    <p class='ocr_par' dir='ltr' id='par_1_103' title="bbox 408 5426 3633 5511">
     <span class='ocr_line' id='line_1_105' title="bbox 408 5426 3633 5511; baseline -0.002 -21"><span class='ocrx_word' id='word_1_812' title='bbox 408 5437 603 5511; x_wconf 79' lang='lat' dir='ltr'><strong>verbis.</strong></span> <span class='ocrx_word' id='word_1_813' title='bbox 640 5426 1048 5511; x_wconf 60' lang='lat' dir='ltr'><strong>Praetereapum</strong></span> <span class='ocrx_word' id='word_1_814' title='bbox 1167 5426 1835 5511; x_wconf 45' lang='grc' dir='ltr'>’.εοζὶῦεηᾱιιηιπροφάσει</span> <span class='ocrx_word' id='word_1_815' title='bbox 1991 5426 2310 5511; x_wconf 35' lang='grc' dir='ltr'>(ξιξῖτιμῆις)</span> <span class='ocrx_word' id='word_1_816' title='bbox 2345 5426 3328 5511; x_wconf 32' lang='grc' dir='ltr'>πρὸς..αὐτόνἉγιξτιεηόυῐιιθίιΞψιεε</span> <span class='ocrx_word' id='word_1_817' title='bbox 3363 5426 3633 5511; x_wconf 62' lang='lat' dir='ltr'><strong>scientes,</strong></span> 
     </span>
    </p>
   </div>
   <div class='ocr_carea' id='block_1_104' title="bbox 409 5447 3634 5631">
    <p class='ocr_par' dir='ltr' id='par_1_104' title="bbox 409 5447 3634 5631">
     <span class='ocr_line' id='line_1_106' title="bbox 409 5447 3633 5503; baseline -0.002 -13"><span class='ocrx_word' id='word_1_818' title='bbox 409 5447 603 5500; x_wconf 77' lang='lat' dir='ltr'><strong>verbis.</strong></span> <span class='ocrx_word' id='word_1_819' title='bbox 640 5447 903 5490; x_wconf 61' lang='lat' dir='ltr'><strong>Praeterea</strong></span> <span class='ocrx_word' id='word_1_820' title='bbox 927 5447 1048 5486; x_wconf 83' lang='lat' dir='ltr'><strong>cum</strong></span> <span class='ocrx_word' id='word_1_821' title='bbox 1074 5447 1137 5485; x_wconf 79' lang='grc' dir='ltr'>ω</span> <span class='ocrx_word' id='word_1_822' title='bbox 1190 5447 1538 5484; x_wconf 72' lang='grc' dir='ltr'>δοῐιυθῐιαιιῐιι</span> <span class='ocrx_word' id='word_1_823' title='bbox 1565 5447 1835 5499; x_wconf 79' lang='grc' dir='ltr'>προφασει</span> <span class='ocrx_word' id='word_1_824' title='bbox 1936 5447 1963 5494; x_wconf 87' lang='grc' dir='ltr'><strong>ς</strong></span> <span class='ocrx_word' id='word_1_825' title='bbox 1991 5447 2090 5500; x_wconf 68' lang='grc' dir='ltr'>ιεο.</span> <span class='ocrx_word' id='word_1_826' title='bbox 2124 5447 2310 5503; x_wconf 81' lang='grc' dir='ltr'>τιμης)</span> <span class='ocrx_word' id='word_1_827' title='bbox 2345 5447 2481 5501; x_wconf 86' lang='grc' dir='ltr'>προς</span> <span class='ocrx_word' id='word_1_828' title='bbox 2522 5447 2700 5485; x_wconf 89' lang='grc' dir='ltr'>αυτον.</span> <span class='ocrx_word' id='word_1_829' title='bbox 2749 5447 3069 5485; x_wconf 78' lang='lat' dir='ltr'><strong>vertendum</strong></span> <span class='ocrx_word' id='word_1_830' title='bbox 3108 5447 3328 5499; x_wconf 72' lang='lat' dir='ltr'><strong>itaque:</strong></span> <span class='ocrx_word' id='word_1_831' title='bbox 3364 5447 3633 5496; x_wconf 72' lang='lat' dir='ltr'><strong>Delelttes,</strong></span> 
     </span>
     <span class='ocr_line' id='line_1_107' title="bbox 409 5447 3634 5575; baseline -0.002 -15"><span class='ocrx_word' id='word_1_832' title='bbox 409 5507 553 5574; x_wconf 87' lang='lat' dir='ltr'><strong>quod</strong></span> <span class='ocrx_word' id='word_1_833' title='bbox 583 5507 685 5561; x_wconf 91' lang='lat' dir='ltr'><strong>sub</strong></span> <span class='ocrx_word' id='word_1_834' title='bbox 712 5504 889 5575; x_wconf 90' lang='lat' dir='ltr'><strong>specie</strong></span> <span class='ocrx_word' id='word_1_835' title='bbox 918 5501 1144 5556; x_wconf 82' lang='lat' dir='ltr'><strong>honoris</strong></span> <span class='ocrx_word' id='word_1_836' title='bbox 1176 5499 1230 5554; x_wconf 73' lang='lat' dir='ltr'><strong>in</strong></span> <span class='ocrx_word' id='word_1_837' title='bbox 1261 5498 1437 5568; x_wconf 90' lang='lat' dir='ltr'><strong>ipsum</strong></span> <span class='ocrx_word' id='word_1_838' title='bbox 1460 5497 1818 5568; x_wconf 81' lang='lat' dir='ltr'><strong>(episcopum)</strong></span> <span class='ocrx_word' id='word_1_839' title='bbox 1850 5447 2031 5555; x_wconf 55' lang='lat' dir='ltr'><strong>omlati</strong></span> <span class='ocrx_word' id='word_1_840' title='bbox 2054 5498 2224 5555; x_wconf 83' lang='lat' dir='ltr'><strong>fertur</strong></span> <span class='ocrx_word' id='word_1_841' title='bbox 2248 5503 2450 5572; x_wconf 92' lang='lat' dir='ltr'><strong>(honor</strong></span> <span class='ocrx_word' id='word_1_842' title='bbox 2477 5500 2587 5570; x_wconf 89' lang='lat' dir='ltr'><strong>ille)</strong></span> <span class='ocrx_word' id='word_1_843' title='bbox 2612 5501 2665 5555; x_wconf 92' lang='lat' dir='ltr'><strong>in</strong></span> <span class='ocrx_word' id='word_1_844' title='bbox 2691 5499 2971 5555; x_wconf 87' lang='lat' dir='ltr'><strong>Christum</strong></span> <span class='ocrx_word' id='word_1_845' title='bbox 2993 5510 3047 5556; x_wconf 92' lang='lat' dir='ltr'><strong>et</strong></span> <span class='ocrx_word' id='word_1_846' title='bbox 3067 5516 3098 5555; x_wconf 76' lang='grc' dir='ltr'><strong>ι.</strong></span> <span class='ocrx_word' id='word_1_847' title='bbox 3123 5500 3341 5555; x_wconf 89' lang='lat' dir='ltr'><strong>Christo</strong></span> <span class='ocrx_word' id='word_1_848' title='bbox 3362 5498 3429 5553; x_wconf 90' lang='lat' dir='ltr'><strong>ad</strong></span> <span class='ocrx_word' id='word_1_849' title='bbox 3458 5498 3634 5553; x_wconf 86' lang='lat' dir='ltr'><strong>Deum</strong></span> 
     </span>
     <span class='ocr_line' id='line_1_108' title="bbox 412 5566 3634 5631; baseline -0.001 -4"><span class='ocrx_word' id='word_1_850' title='bbox 412 5576 644 5631; x_wconf 70' lang='lat' dir='ltr'><strong>refertur</strong></span> <span class='ocrx_word' id='word_1_851' title='bbox 673 5576 732 5631; x_wconf 88' lang='lat' dir='ltr'><strong>S.</strong></span> <span class='ocrx_word' id='word_1_852' title='bbox 798 5570 1258 5627; x_wconf 77' lang='grc' dir='ltr'>³’ἀνταποδίδοται</span> <span class='ocrx_word' id='word_1_853' title='bbox 1288 5571 1349 5622; x_wconf 94' lang='lat'><strong>0.</strong></span> <span class='ocrx_word' id='word_1_854' title='bbox 1429 5568 1473 5600; x_wconf 89' lang='grc'>³³</span> <span class='ocrx_word' id='word_1_855' title='bbox 1493 5570 1756 5631; x_wconf 87' lang='grc' dir='ltr'>τιμήσατε</span> <span class='ocrx_word' id='word_1_856' title='bbox 1782 5569 1843 5624; x_wconf 90' lang='lat' dir='ltr'><strong>C.</strong></span> <span class='ocrx_word' id='word_1_857' title='bbox 1877 5570 2014 5626; x_wconf 87' lang='lat' dir='ltr'><strong>Tum</strong></span> <span class='ocrx_word' id='word_1_858' title='bbox 2038 5571 2297 5631; x_wconf 85' lang='grc' dir='ltr'>Μωῢσέος</span> <span class='ocrx_word' id='word_1_859' title='bbox 2320 5577 2377 5626; x_wconf 89' lang='lat'><strong>0.</strong></span> <span class='ocrx_word' id='word_1_860' title='bbox 2457 5570 2588 5625; x_wconf 70' lang='lat' dir='ltr'><strong>“Ita</strong></span> <span class='ocrx_word' id='word_1_861' title='bbox 2608 5570 2653 5626; x_wconf 93' lang='grc' dir='ltr'><strong>Ο</strong></span> <span class='ocrx_word' id='word_1_862' title='bbox 2700 5586 2747 5626; x_wconf 88' lang='lat' dir='ltr'><strong>c.</strong></span> <span class='ocrx_word' id='word_1_863' title='bbox 2774 5569 3044 5629; x_wconf 87' lang='lat' dir='ltr'><strong>Turriano</strong></span> <span class='ocrx_word' id='word_1_864' title='bbox 3064 5572 3100 5625; x_wconf 89' lang='lat' dir='ltr'><strong>l.</strong></span> <span class='ocrx_word' id='word_1_865' title='bbox 3137 5586 3214 5631; x_wconf 76' lang='grc' dir='ltr'>ο..</span> <span class='ocrx_word' id='word_1_866' title='bbox 3239 5568 3551 5631; x_wconf 80' lang='grc' dir='ltr'>νομίζονται</span> <span class='ocrx_word' id='word_1_867' title='bbox 3570 5566 3634 5623; x_wconf 84' lang='lat' dir='ltr'><strong>C.</strong></span> 
     </span>
    </p>
   </div>
   <div class='ocr_carea' id='block_1_105' title="bbox 412 5584 3638 5716">
    <p class='ocr_par' dir='ltr' id='par_1_105' title="bbox 412 5584 3638 5716">
     <span class='ocr_line' id='line_1_109' title="bbox 412 5584 3636 5694; baseline -0.001 -67"><span class='ocrx_word' id='word_1_868' title='bbox 412 5584 644 5631; x_wconf 69' lang='lat' dir='ltr'><strong>refertur</strong></span> <span class='ocrx_word' id='word_1_869' title='bbox 673 5584 732 5631; x_wconf 72' lang='grc' dir='ltr'><strong>δ.</strong></span> <span class='ocrx_word' id='word_1_870' title='bbox 798 5584 841 5608; x_wconf 78' lang='grc'><strong>³³</strong></span> <span class='ocrx_word' id='word_1_871' title='bbox 856 5584 1258 5627; x_wconf 81' lang='grc' dir='ltr'>ἀνταποοισοται</span> <span class='ocrx_word' id='word_1_872' title='bbox 1288 5584 1349 5622; x_wconf 91' lang='grc' dir='ltr'><strong>υ.</strong></span> <span class='ocrx_word' id='word_1_873' title='bbox 1429 5584 1473 5600; x_wconf 76' lang='grc'><strong>⁸·</strong></span> <span class='ocrx_word' id='word_1_874' title='bbox 1493 5584 1756 5694; x_wconf 51' lang='grc' dir='ltr'>τιμήσατε</span> <span class='ocrx_word' id='word_1_875' title='bbox 1782 5584 1843 5624; x_wconf 76' lang='grc' dir='ltr'>υ.</span> <span class='ocrx_word' id='word_1_876' title='bbox 1877 5584 2014 5626; x_wconf 84' lang='grc' dir='ltr'>ἰἰιιῐι</span> <span class='ocrx_word' id='word_1_877' title='bbox 2038 5584 2297 5635; x_wconf 77' lang='grc' dir='ltr'>Μωυσεος</span> <span class='ocrx_word' id='word_1_878' title='bbox 2320 5584 2377 5626; x_wconf 89' lang='grc' dir='ltr'><strong>υ.</strong></span> <span class='ocrx_word' id='word_1_879' title='bbox 2457 5584 2588 5625; x_wconf 77' lang='lat' dir='ltr'><strong>“Ita</strong></span> <span class='ocrx_word' id='word_1_880' title='bbox 2608 5584 2653 5626; x_wconf 89' lang='grc' dir='ltr'>υ</span> <span class='ocrx_word' id='word_1_881' title='bbox 2700 5586 2747 5626; x_wconf 90' lang='lat' dir='ltr'><strong>c.</strong></span> <span class='ocrx_word' id='word_1_882' title='bbox 2774 5584 3044 5629; x_wconf 67' lang='lat' dir='ltr'><strong>‘t‘umano</strong></span> <span class='ocrx_word' id='word_1_883' title='bbox 3067 5584 3100 5625; x_wconf 90' lang='grc' dir='ltr'><strong>ι.</strong></span> <span class='ocrx_word' id='word_1_884' title='bbox 3137 5586 3214 5635; x_wconf 77' lang='lat' dir='ltr'><strong>c.,</strong></span> <span class='ocrx_word' id='word_1_885' title='bbox 3239 5584 3551 5641; x_wconf 75' lang='grc' dir='ltr'>νομιςονται</span> <span class='ocrx_word' id='word_1_886' title='bbox 3570 5584 3636 5623; x_wconf 78' lang='lat' dir='ltr'><strong>u.</strong></span> 
     </span>
     <span class='ocr_line' id='line_1_110' title="bbox 413 5636 3638 5716; baseline -0.002 -18"><span class='ocrx_word' id='word_1_887' title='bbox 413 5646 459 5678; x_wconf 84' lang='grc'><strong>³⁸</strong></span> <span class='ocrx_word' id='word_1_888' title='bbox 478 5645 730 5703; x_wconf 86' lang='lat' dir='ltr'><strong>Fortasse</strong></span> <span class='ocrx_word' id='word_1_889' title='bbox 768 5644 1057 5716; x_wconf 80' lang='lat' dir='ltr'><strong>legendum</strong></span> <span class='ocrx_word' id='word_1_890' title='bbox 1100 5641 1291 5713; x_wconf 83' lang='grc' dir='ltr'>μόνοις</span> <span class='ocrx_word' id='word_1_891' title='bbox 1338 5636 1395 5693; x_wconf 90' lang='lat' dir='ltr'><strong>S.</strong></span> <span class='ocrx_word' id='word_1_892' title='bbox 1440 5636 1581 5694; x_wconf 90' lang='lat' dir='ltr'><strong>Tum</strong></span> <span class='ocrx_word' id='word_1_893' title='bbox 1633 5639 1739 5706; x_wconf 87' lang='grc' dir='ltr'><strong>λως</strong></span> <span class='ocrx_word' id='word_1_894' title='bbox 1766 5638 1830 5698; x_wconf 91' lang='lat'><strong>0.</strong></span> <span class='ocrx_word' id='word_1_895' title='bbox 1908 5639 2356 5714; x_wconf 80' lang='grc' dir='ltr'>³⁸αὐτοπρόνοιαν</span> <span class='ocrx_word' id='word_1_896' title='bbox 2388 5658 2439 5713; x_wconf 91' lang='lat' dir='ltr'><strong>p.</strong></span> <span class='ocrx_word' id='word_1_897' title='bbox 2466 5641 2629 5696; x_wconf 86' lang='grc' dir='ltr'>αὐτοῦ</span> <span class='ocrx_word' id='word_1_898' title='bbox 2652 5640 2903 5714; x_wconf 85' lang='grc' dir='ltr'>πρόνοιαν</span> <span class='ocrx_word' id='word_1_899' title='bbox 2931 5649 2989 5697; x_wconf 85' lang='lat'><strong>0.</strong></span> <span class='ocrx_word' id='word_1_900' title='bbox 3067 5642 3111 5675; x_wconf 83' lang='grc'><strong>³⁷</strong></span> <span class='ocrx_word' id='word_1_901' title='bbox 3132 5640 3276 5696; x_wconf 87' lang='lat' dir='ltr'><strong>ItaO</strong></span> <span class='ocrx_word' id='word_1_902' title='bbox 3318 5655 3368 5695; x_wconf 91' lang='lat' dir='ltr'><strong>c.</strong></span> <span class='ocrx_word' id='word_1_903' title='bbox 3398 5638 3442 5695; x_wconf 87' lang='lat' dir='ltr'>S</span> <span class='ocrx_word' id='word_1_904' title='bbox 3467 5640 3638 5707; x_wconf 85' lang='grc' dir='ltr'>,ὑπο-</span> 
     </span>
    </p>
   </div>
   <div class='ocr_carea' id='block_1_106' title="bbox 414 5716 628 5789">
    <p class='ocr_par' dir='ltr' id='par_1_106' title="bbox 414 5716 628 5789">
     <span class='ocr_line' id='line_1_111' title="bbox 414 5716 628 5789; baseline -0.019 -16"><span class='ocrx_word' id='word_1_905' title='bbox 414 5717 544 5789; x_wconf 79' lang='grc' dir='ltr'><strong>στέῃ</strong></span> <span class='ocrx_word' id='word_1_906' title='bbox 569 5716 628 5770; x_wconf 88' lang='lat' dir='ltr'><strong>C.</strong></span> 
     </span>
    </p>
   </div>
  </div>
