3970 6148
275 249 376 304 I57

1371 248 1831 320 CLEMENTINA.
1853 294 1926 309 —
1947 267 2233 324 noun.”
2271 264 2354 325 IV.

3419 278 3522 333 158

269 368 583 465 πωλεῖταιὶ
615 371 708 441 Μὴ
748 371 974 440 γένοιτο.
1007 373 1076 426 EI
1093 391 1178 438 τις
1204 377 1314 448 γάρ
1342 376 1502 448 ἔχων,
1529 378 1692 433 πόθεν
1731 381 1840 454 ζῇν.

1956 401 2053 440 sua
2075 388 2142 442 οἳ
2189 384 2300 442 Nec
2357 386 2502 442 dicat
2548 389 2745 460 aliquis
2772 407 2839 445 an
2869 407 2997 464 ergo
3020 393 3187 465 gratis
3213 392 3373 447 datus
3403 408 3522 448 ser-

270 457 413 530 λάὸῃ
436 458 500 524 ⁸⁸,
527 454 681 524 οὗτος
700 461 870 515 πωλεῖ
889 463 982 517 τὸν
1011 463 1190 535 λόγον,
1214 469 1262 520 ει
1287 467 1344 542 δέ
1378 468 1453 540 μὴ
1476 469 1612 540 ἔχων
1637 470 1733 525 τοῦ
1754 470 1840 546 {ﬁt

1957 494 2048 533 mo
2071 480 2356 535 venditur?
2383 479 2540 537 Absit
2567 484 2578 536 !
2613 454 2745 537 Nam
2777 483 2823 538 si
2861 454 3141 558 quisiqui
3188 486 3346 542 habet
3379 487 3522 543 unde

270 549 436 649 Ξίάριν
465 548 729 621 λαμϐάνει
753 554 980 626 τροφὴν,
1003 557 1079 619 ὡς
1101 557 1196 611 καὶ
1223 559 1251 612 ό
1279 558 1482 631 Κύριος
1503 559 1690 616 ἐλαϐεν
1717 561 1772 617 ἐν
1793 581 1840 618 τι

1953 570 2124 636 vivat,
2149 571 2367 642 accipit,
2416 573 2504 628 hic
2545 573 2730 629 vendit
2779 548 3127 633 sermonem:
3177 593 3288 632 non
3333 587 3522 649 peccat

269 641 506 706 δείπνοις
523 644 614 697 καὶ
631 643 821 713 φίλοις,
850 647 1004 702 οὐδὲν
1024 647 1184 718 ἔχων,
1205 651 1234 704 6
1255 649 1498 716 εἰσαῦθις
1516 652 1585 707 τὰ
1612 653 1788 710 πάντα
1806 656 1851 689 ³⁹

270 731 436 803 ἔχων,
462 735 558 805 οὐχ
601 735 921 806 ἁμαρτάνει.
968 737 1300 804 Ἀκολούθως
1336 735 1431 795 οῦν
1473 744 1666 814 τιμᾶτε
1711 761 1848 818 πρε-

272 823 935 898 σϐυτέρους,κατηχητάς,
956 829 1235 894 διακόνους
1246 834 1566 904 χρησίμους,
1588 837 1764 907 χήρας
1786 833 1846 892 εὖ

270 911 614 983 βεϐιωκυίας,
634 915 904 986 ὀρφανοὺς
924 917 1000 983 ὼς
1032 919 1354 991 Ἐκκλησίας
1375 923 1558 977 τέκνω
1581 925 1717 979 ἀλλά
1755 928 1848 982 καὶ

265 1004 428 1058 ὁπότε
457 1005 617 1077 χρεία
636 1006 783 1070 τινος
810 1008 981 1081 πόρου
1003 1010 1142 1082 πρός
1159 1029 1213 1064 τι
1233 1012 1278 1044 ⁸ο
1305 1014 1597 1083 ἀναγκαῖον
1617 1016 1845 1084 γένοιτο,

264 1093 384 1164 ἃμα
407 1095 457 1147 οῖ
479 1095 684 1161 πάντες
714 1099 1106 1168 ωμὸάλλεσθε.
1133 1103 1229 1166 Είς
1255 1103 1520 1176 ἀλλήλους
1551 1109 1845 1176 εὐσεϐεῖτε,

264 1183 340 1254 μὴ
369 1185 656 1250 ὀκνοῦντες
689 1188 798 1241 πᾶν
825 1188 1005 1245 ὁτιοῦν
1029 1192 1172 1264 ὑπὲρ
1206 1193 1309 1266 τῆς
1333 1195 1542 1252 ἐαυτῶν
1573 1199 1848 1273 σωτηρίας

260 1275 580 1348 ὑπομένειν.

328 1453 542 1512 LXXII.
584 1459 696 1512 Kal.
725 1458 900 1516 ταῦτα
928 1461 1096 1517 εἰπὼν
1119 1463 1356 1537 ἐπέθηκε
1389 1469 1546 1540 χεῖρα
1591 1468 1671 1540 τῷ
1703 1471 1844 1525 Ζακ-

253 1547 396 1619 χαίῳ
426 1547 621 1617 λέγων’
649 1551 895 1607 Δέσποτα
926 1555 1018 1609 καὶ
1051 1555 1224 1629 Κύριε
1262 1557 1369 1611 τῶν
1392 1559 1548 1624 ὅλων,
1591 1563 1620 1615 6
1652 1561 1842 1637 Πατὴρ

253 1641 349 1692 καὶ
375 1639 532 1706 Θεὸς,
577 1643 642 1695 σὺ
677 1643 1000 1713 διαφύλαξον
1030 1648 1264 1720 ποιμένα
1296 1649 1433 1721 μετά
1477 1651 1728 1724 ποίμνης.
1765 1654 1838 1708 Σὺ

252 1731 286 1799 ὴ
318 1731 598 1802 πρόφασις
622 1771 637 1797 ,
671 1735 734 1787 σὺ
765 1737 798 1805 ἡ
827 1735 1073 1808 δύναμις.
1126 1738 1314 1810 Ἡμεῖς
1349 1740 1410 1794 τὸ
1455 1739 1835 1814 βοηθούμενον,
1867 1731 1911 1786 Β

254 1824 321 1876 σὺ
353 1825 382 1877 6
429 1822 640 1896 βοηθὸς,
667 1824 697 1877 6
727 1826 930 1899 ἰατρὸς,
959 1829 988 1882 6
1020 1826 1222 1902 σωτὴρ,
1251 1829 1310 1884 τὺ
1343 1833 1540 1901 τεῖχος,
1570 1834 1604 1905 ὴ
1638 1832 1772 1906 ζωὴ,
1802 1835 1835 1907 ή

252 1913 437 1978 ἐλπὶς,
467 1917 501 1985 ἡ
535 1916 860 1989 καταφυγὴ,
896 1920 928 1989 ἡ
963 1919 1108 1991 χαρὰ
1129 1922 1196 1992 ,ἠ
1246 1921 1542 1992 προσδοκία
1564 1961 1580 1988 ,
1622 1925 1655 1998 ή
1706 1923 1839 1978 ἀνά-

252 2022 488 2069 παυσις·
552 2007 784 2062 συνελὼν
839 2009 976 2081 ἐρῶ·
1025 2013 1088 2066 σὺ
1136 2013 1268 2083 ἡμῖν
1324 2012 1394 2066 τὰ
1439 2013 1639 2070 πάντα.
1695 2017 1841 2086 Πρὸς

252 2095 474 2151 αίώνιον
505 2094 736 2168 ὕπαρξιν
776 2099 1050 2171 σωτηρίας
1081 2101 1436 2172 συνεργησον,
1463 2102 1646 2174 ῥῦσαι,
1671 2104 1841 2173 φύλα-

253 2183 366 2252 ξον.
397 2185 582 2240 Πάντα
623 2185 865 2243 δύνασαι.
902 2188 976 2244 ΣΞ)
1008 2187 1118 2260 γάρ
1152 2190 1369 2260 Ἀρχων
1399 2191 1704 2261 ἀρχόντων,
1744 2193 1840 2246 καὶ

253 2275 462 2348 Κύριος
492 2277 718 2350 κυρίων,
757 2278 1036 2348 Δεσπότης
1065 2278 1346 2349 βασιλέων.
1372 2280 1444 2333 Σὺ
1474 2281 1564 2343 δὸς
1591 2280 1840 2346 ἐξουσίαν

251 2365 332 2436 τῷ
353 2367 834 2438 προκαθεζομένῳ,
871 2365 1020 2420 λύειν
1050 2365 1086 2420 ἃ
1122 2365 1202 2420 δεῖ
1231 2365 1400 2430 λύειν,
1424 2367 1517 2420 καὶ
1554 2367 1771 2437 δεσμεῖν
1804 2367 1841 2422 ἃ.

250 2457 333 2511 δεῖ
351 2457 590 2528 δεσμεῖν.
616 2457 686 2511 Σὺ
707 2457 944 2526 σόφισον⁹
973 2457 1036 2510 σὺ
1061 2456 1137 2519 ὡς
1161 2457 1226 2510 δι’
1251 2455 1482 2528 ὀργάνου
1505 2456 1550 2490 δί
1581 2456 1647 2510 δι’
1672 2456 1837 2510 αὐτοῦ

249 2550 353 2621 τὴν
411 2548 737 2620 Ἐκκλησίαν
778 2548 875 2604 τοῦ
913 2547 1152 2620 Χριστοῦ
1199 2564 1294 2602 σου
1349 2548 1426 2611 ὡς
1466 2547 1636 2620 καλὴν
1681 2549 1842 2619 119

251 2639 477 2712 νύμφην
528 2639 856 2710 διαφύλαξον
881 2681 896 2695 .
948 2640 1050 2695 Σοῦ
1083 2640 1191 2713 γάρ
1237 2642 1381 2698 ἐστιν
1427 2639 1554 2708 δόξα
1586 2641 1836 2708 αἰώνιος,

253 2731 425 2805 ὕμνος
443 2773 459 2798 ,
493 2732 668 2804 Πατρὶ
689 2731 784 2785 καὶ
813 2730 927 2802 Υίῷ
952 2731 1045 2786 καὶ
1066 2731 1204 2802 ἁγίῳ
1225 2730 1502 2803 Πνεύματι
1524 2730 1590 2798 δ’,
1611 2732 1693 2796 είς
1709 2732 1840 2796 τοὺς

255 2824 580 2896 σύμπαντας
601 2823 822 2886 αἰῶνας.
848 2821 1039 2894 Ἀμήν.

321 2914 558 2972 LXXIII.
600 2916 710 2970 Καὶ
736 2915 910 2970 ταῦτα
953 2912 1143 2980 είπὼν,
1175 2914 1312 2988 μετὰ
1341 2913 1514 2969 ταῦτα
1532 2914 1656 2986 ἔφη·
1685 2916 1837 2971 Ὅσοι

255 3004 384 3058 ποτὲ
419 3003 786 3076 βαπτισθῆναι
825 3002 1027 3069 θέλετε,
1070 3003 1177 3059 ἀπὸ
1201 3004 1303 3076 τῆς
1331 3003 1519 3077 αὔριον
1556 3003 1837 3075 νηστεύειν

1953 677 2107 729 vero,
2131 663 2176 719 si
2204 677 2315 718 non
2344 664 2554 720 habens
2581 665 2812 736 accipiat
2835 666 3017 722 cibum
3042 668 3109 723 ad
3128 669 3354 737 victum,
3381 669 3523 724 sicut

1950 760 2008 808 et
2051 753 2318 810 Dominus
2365 755 2422 810 in
2453 755 2627 810 caenis
2654 765 2707 811 et
2745 756 2888 828 apud
2925 759 3132 815 amicos
3169 763 3396 832 accepit,
3427 761 3519 831 qui

1950 842 2088 898 nihil
2128 844 2384 910 habebat,
2424 845 2477 898 in
2505 855 2787 914 posterum
2832 857 3010 902 tamen
3059 850 3243 904 omnia
3272 851 3519 920 posside-

1948 932 2050 988 bit.
2083 932 2490 990 Couvenienter
2537 935 2704 1006 igitur
2727 935 2991 991 honorate
3029 936 3394 1008 presbyteros,
3423 954 3518 994 ca-

1890 1085 1899 1094 _
1949 1024 2232 1092 techistas,
2266 1025 2531 1081 diaconos
2571 1026 2770 1095 utiles,
2813 1027 3004 1082 viduas
3049 1036 3197 1084 recte
3241 1028 3517 1098 viventes,

1947 1119 2230 1189 orphanos
2260 1119 2408 1174 velut
2437 1119 2579 1175 ﬁlios
2619 1117 2893 1174 Ecclesiae.
2926 1120 3030 1176 Sed
3063 1129 3118 1174 et
3155 1135 3280 1175 cum
3311 1121 3377 1175 ad
3420 1137 3519 1177 ne-

1947 1208 2250 1263 cessarium
2293 1223 2434 1278 opus
2477 1208 2584 1264 erit
2624 1209 2858 1280 pecunia
2882 1250 2899 1276 ,
2929 1225 3118 1265 omnes
3157 1211 3360 1280 pariter
3386 1227 3522 1267 con-

1946 1297 2105 1355 ferte.
2136 1298 2328 1355 Mutuo
2369 1311 2619 1357 exercete
2662 1301 2952 1371 pietatem,
2984 1317 3086 1357 nec
3110 1303 3290 1373 pigeat
3337 1304 3520 1360 omnia

1944 1405 2047 1460 pro
2076 1391 2253 1446 salute
2281 1401 2460 1447 vestra
2493 1392 2784 1447 sustinere.

2017 1480 2230 1535 LXXII.
2259 1480 2470 1548 Quibus
2499 1482 2679 1549 dictis,
2706 1498 2928 1538 manum
2954 1483 3214 1539 Zacchaao
3237 1485 3518 1555 imposuit,

1942 1575 2131 1632 dicens
2162 1593 2176 1630 :
2207 1573 2345 1630 Herc
2373 1577 2671 1632 acDomine
2701 1577 2967 1643 omnium,
2993 1577 3152 1632 Pater
3185 1592 3237 1633 et
3272 1577 3435 1644 Deus,
3459 1587 3517 1633 tu

1941 1678 2216 1738 pastorem
2251 1685 2374 1725 cum
2399 1685 2560 1740 grege
2585 1671 2816 1726 custodi.
2846 1669 2926 1725 Tu
2950 1686 3137 1738 causa,
3168 1680 3224 1725 tu
3255 1679 3515 1741 potestas.

1938 1760 2050 1818 Nos
2083 1777 2274 1818 sumus
2301 1761 2339 1816 ii
2376 1761 2472 1831 qui
2502 1761 2859 1831 adjuvantur;
2891 1771 2947 1816 tu
2969 1762 3217 1832 adjutor,
3251 1762 3516 1829 medicus,

1937 1860 2205 1920 servator,
2231 1852 2581 1918 murus,vita,
2612 1867 2756 1922 spes,
2788 1849 3079 1923 refugium,
3112 1852 3392 1923 gaudium,
3423 1866 3520 1905 ex-

1939 1945 2222 2016 spectatio,
2251 1944 2506 2014 requies;
2534 1943 2773 1998 breviter
2811 1943 3013 2012 dicam,
3055 1953 3110 1997 tu
3143 1943 3302 1997 nobis
3333 1942 3518 1997 omnia

1937 2051 2017 2090 es.
2035 2035 2116 2088 Ad
2134 2033 2572 2104 consequendam
2604 2034 2832 2089 salutem
2856 2043 3111 2088 aeternam
3137 2034 3426 2104 opitulare,
3451 2032 3519 2086 Ii-

1940 2126 2092 2194 hera,
2123 2125 2354 2182 custodi.
2393 2125 2601 2180 Cuncta
2634 2136 2809 2196 potes.
2861 2125 2942 2179 Tu
2974 2127 3120 2180 enim
3159 2142 3220 2180 es
3250 2125 3516 2194 Princeps

1939 2217 2275 2286 principum,
2314 2225 2368 2270 et
2393 2215 2657 2272 Dominus
2697 2216 3068 2280 dominorum,
3091 2214 3268 2271 Herus
3303 2229 3514 2284 regum.

1943 2305 2026 2362 Tu
2069 2306 2300 2361 antistiti
2345 2305 2413 2360 da
2450 2314 2772 2376 potestatem
2833 2307 3080 2362 solvendi
3125 2323 3247 2376 qua:
3301 2313 3516 2375 oportet

1941 2396 2151 2452 solvere
2189 2405 2242 2450 et
2275 2395 2478 2464 ligandi
2503 2411 2626 2466 quae
2653 2396 2821 2468 ligare
2857 2405 3088 2466 oportet.
3121 2395 3204 2451 Tu
3232 2396 3383 2451 doce.
3431 2393 3514 2450 Tu

1940 2503 2039 2559 per
2093 2502 2219 2541 eum
2265 2499 2524 2555 tanquam
2577 2501 2672 2555 per
2731 2487 3158 2542 instrumentum
3212 2484 3514 2541 Ecclesiam

1939 2577 2144 2633 Christi
2183 2575 2260 2629 tui
2298 2576 2447 2630 velut
2488 2575 2771 2645 pulchram
2809 2591 3071 2646 sponsam
3116 2585 3316 2632 tutare.
3348 2577 3428 2632 Ad
3464 2587 3516 2631 te

1939 2667 2086 2724 enin
2121 2665 2355 2736 pertinet
2377 2674 2578 2721 aeterna
2629 2667 2827 2736 gloria,
2857 2667 2998 2734 laus,
3025 2665 3175 2722 Patri
3207 2674 3262 2723 et
3292 2666 3433 2723 Filio
3461 2676 3516 2722 et

1942 2758 2172 2830 Spiritui
2199 2767 2416 2825 sancto,
2455 2755 2510 2814 in
2543 2759 2729 2814 omnia
2756 2758 2978 2814 saecula.
3012 2757 3209 2814 Amen.

2011 2897 2244 2955 LXXIII.
2285 2898 2418 2967 Quae
2467 2915 2590 2955 cum
2622 2900 2886 2970 dixisset,
2925 2910 3112 2973 postea
3168 2901 3286 2960 inﬁt
3324 2919 3338 2958 :
3380 2901 3514 2971 Qui-

1941 3004 2158 3061 cunque
2210 2989 2478 3060 baptizari
2515 2989 2712 3058 vultis,
2757 3006 2825 3046 ex
2855 2990 3096 3049 crastino
3132 2993 3223 3049 die
3258 2993 3513 3064 jejunare

252 3072 493 3167 ἄρξασθε
515 3135 532 3163 ,
563 3097 659 3151 καὶ
683 3072 1021 3168 νκαθημέραν
1043 3093 1088 3127 ⁸³
1110 3072 1506 3168 χειρονθετεῖνσθε
1527 3135 1542 3162 ,
1585 3072 1679 3151 καὶ
1707 3096 1835 3169 περὶ

1944 3080 2185 3152 incipite,
2204 3089 2258 3136 et
2285 3080 2515 3153 singulis
2544 3079 2739 3139 diebus
2760 3099 2955 3140 manus
2988 3085 3392 3155 impositionem
3420 3100 3513 3140 ac-

250 3179 325 3241 ὧν
369 3188 554 3243 θέλετε
597 3188 948 3243 πυνθάνεσθε.
980 3190 1102 3244 Ἔτι
1143 3187 1253 3262 γάρ
1278 3188 1501 3260 ἡμερῶν
1539 3188 1671 3243 δέκα
1705 3189 1834 3261 ὑμῖν

253 3279 532 3351 ἐπιμεῖναι
581 3280 738 3335 θέλω.
784 3281 937 3334 Μετὰ
981 3281 1038 3334 δὲ
1087 3283 1237 3352 τρεῖς
1282 3280 1498 3352 ἡμέρας
1553 3279 1836 3352 βαπτίζειν

251 3367 580 3442 ἀρξάμενος,
604 3371 703 3442 ἐμὲ
727 3371 984 3443 φωνήσας
1012 3370 1108 3424 καὶ
1140 3369 1370 3424 Ἀκύλαν
1402 3371 1497 3426 καὶ
1525 3371 1770 3444 Νικήτην
1789 3370 1837 3404 ⁸⁸

253 3457 376 3530 ἔφη’
416 3458 646 3514 Μέλλων
683 3460 777 3513 ἐπὶ
821 3461 920 3531 τὴν
958 3458 1133 3531 Τύρον
1172 3460 1349 3532 όρμᾷν
1401 3459 1520 3532 μεθ’
1547 3459 1595 3492 ⁵⁸
1625 3460 1837 3532 ἡμέρας

253 3547 390 3602 ἑπτά
428 3547 689 3620 βούλομαι
719 3547 950 3621 ἐξαυτῆς
981 3550 1124 3620 ὑμᾶς
1162 3549 1494 3614 ἀπελθόντας
1513 3591 1529 3616 ,
1583 3550 1734 3623 παρά
1761 3552 1831 3622 τῇ

251 3637 600 3693 Χαναανίτιδι
618 3639 665 3672 ⁸⁸
691 3640 926 3713 Βερνίκῃ
951 3640 1064 3714 (80)
1099 3641 1337 3712 Ἰούστης
1366 3641 1599 3716 θυγατρὶ
1637 3642 1834 3696 λανθα-

251 3729 452 3795 νόντως
501 3731 928 3796 ἐπιξενωθέντας
951 3773 966 3798 ,
1024 3734 1156 3805 παρ’
1200 3733 1373 3805 αὐτῆς
1432 3734 1502 3789 τά
1559 3733 1702 3789 κατὰ
1744 3734 1835 3790 τὸν

251 3820 476 3892 Σίμωνα
512 3822 754 3894 ἀκριϐῶς
785 3824 1053 3894 μαθόντας
1071 3826 1115 3857 ⁵⁷
1147 3824 1356 3896 γράψαι
1390 3844 1498 3898 μοι.
1545 3825 1688 3881 Πολὺ
1726 3828 1835 3900 γάρ

254 3927 342 3981 μοι
371 3911 758 3983 συμϐάλλεται,
789 3915 877 3969 ῖνα
907 3917 1044 3988 πρὸς
1078 3915 1210 3970 αὐτὸ
1251 3917 1593 3988 ἁρμόσωμαι.
1631 3918 1722 3972 Διὸ
1745 3918 1834 3982 ἐξ-

252 4003 420 4075 αυτῆς
460 4004 751 4074 πορεύεσθε
785 4009 898 4076 μετ’
929 4008 1172 4078 είρήνης.
1206 4009 1317 4061 Καὶ
1344 4007 1408 4081 δὴ
1427 4009 1474 4042 ⁸³
1506 4007 1836 4078 βαπτίζοντα

253 4094 413 4149 αὑτὸν
448 4095 708 4160 ἐάσαντες
728 4137 743 4161 ,
772 4097 954 4162 καθὼς
994 4097 1276 4154 ἐκέλευσεν
1299 4138 1314 4166 ,
1343 4100 1424 4165 είς
1465 4098 1639 4172 Τύρον
1674 4100 1834 4155 αὑτὸν

256 4185 574 4258 προήξαμεν
600 4187 702 4259 τῆς
727 4187 1000 4260 Φοινίκης.

863 4370 1123 4429 ὈΜΙΛΙΛ
1157 4373 1229 4426 Δ’.

324 4453 366 4511 I.
406 4459 746 4531 Καισαρείας
775 4460 833 4515 δέ
864 4419 1316 4535 πης--Ξτράζωνος
1344 4462 1503 4531 ἐξιὼν
1542 4464 1654 4533 ἐγὼ
1685 4464 1834 4537 Κλή·
1859 4419 1911 4480 D

262 4560 386 4616 μης,
416 4547 534 4620 ἅμα
561 4549 810 4622 Νικήτης
833 4568 893 4604 τε
924 4550 968 4582 ⁸⁸
998 4553 1093 4606 καὶ
1133 4552 1380 4619 Ἀκύλας,
1409 4556 1491 4619 είς
1527 4554 1704 4627 Τύρον
1733 4555 1836 4627 τῆς

259 4635 508 4713 ⁴ιοινίκης
529 4641 859 4708 είσέὁαλλον,
887 4644 984 4697 καὶ
1019 4647 1140 4698 κατ’
1172 4645 1390 4718 ἐντολὴν
1424 4647 1584 4716 120
1623 4647 1833 4719 Πέτρου

258 4723 354 4780 τοῦ
390 4730 807 4796 ἀποστείλαντος
831 4733 1002 4804 ἡμᾶς,
1031 4733 1382 4808 ἐξενίσθημεν
1413 4736 1566 4810 παρά
1599 4737 1832 4811 Βερνίκῃ

336 4869 364 4900 ι
396 4858 531 4918 Luc.
559 4879 615 4932 x,
641 4863 699 4923 7.

1937 3173 2121 3244 cipite.
2157 3188 2223 3228 ac
2269 3173 2605 3244 interrogate
2629 3174 2697 3228 de
2735 3175 2936 3244 quibus
2979 3177 3286 3231 volueritis.
3320 3175 3512 3232 Adhuc

1937 3265 2083 3318 enim
2107 3263 2294 3319 decem
2325 3265 2442 3321 dies
2483 3265 2608 3320 volo
2633 3266 2915 3320 vobiscum
2955 3283 3194 3322 manere.
3232 3265 3364 3322 Post
3400 3276 3510 3322 tres

1939 3362 2120 3408 autem
2153 3354 2293 3417 dies,
2328 3369 2452 3410 cum
2481 3355 2762 3424 baptizare
2788 3355 3064 3425 cmpisset,
3095 3356 3312 3410 vocavit
3343 3372 3429 3410 me
3455 3366 3512 3412 et

1937 3443 2193 3514 Aquilam
2224 3453 2279 3500 et
2304 3443 2570 3509 Nicetam,
2604 3451 2658 3498 et
2689 3443 2830 3498 dixit
2862 3461 2875 3497 :
2912 3441 3117 3511 Tyrum
3161 3443 3512 3514 profecturus

1937 3545 2064 3606 post
2112 3545 2317 3607 septem
2369 3536 2486 3590 dies
2517 3535 2642 3589 volo
2666 3551 2762 3589 vos
2802 3535 2988 3590 statim
3034 3535 3221 3599 abire,
3266 3544 3321 3590 et
3366 3537 3509 3606 apud

1935 3627 2302 3684 Chananzeam
2333 3627 2626 3683 Berenicen
2666 3626 2834 3683 JuSta:
2859 3627 3022 3682 tiliam
3047 3628 3186 3683 clam
3213 3628 3503 3697 hospitari,

1937 3732 2102 3791 atque
2139 3722 2429 3791 diligenter
2474 3735 2595 3775 eam
2644 3721 3137 3790 percontatosmihi
3168 3721 3509 3790 perscribere

1936 3829 2058 3883 qua:
2087 3812 2153 3867 ad
2188 3812 2468 3866 Simonem
2505 3812 2876 3880 pertinebunt.
2923 3810 3153 3866 Multum
3196 3811 3343 3866 enim
3379 3826 3508 3880 pro-

1935 3906 2078 3960 derit
2127 3905 2284 3969 mihi,
2323 3911 2382 3957 ut
2427 3902 2492 3956 ad
2547 3903 2599 3957 id
2661 3919 2748 3959 me
2797 3919 3118 3974 praeparem.
3169 3901 3510 3972 Quapropter

1930 3995 2156 4068 jamjam
2193 4011 2318 4049 cum
2367 4009 2500 4065 pace
2531 3995 2757 4064 pergite.
2804 3993 2970 4066 Igitur
3018 3993 3332 4048 deserentes
3379 4007 3503 4046 eum

1935 4089 2301 4159 baptizantem
2322 4129 2338 4154 ,
2371 4086 2834 4160 quemadmodum
2881 4085 3124 4158 jusserat
3147 4126 3162 4152 ,
3219 4085 3272 4138 in
3302 4082 3503 4156 Tyrum

1935 4179 2231 4236 Phoenicim
2253 4180 2635 4252 praacessimus
2661 4193 2809 4234 eum.

2514 4362 2796 4418 IIOMILIA
2837 4361 2922 4418 IV.

2011 4459 2050 4515 I.
2092 4459 2339 4515 Caesarea
2365 4473 2495 4528 ergo
2527 4457 2802 4512 Stratonis
2831 4471 3083 4526 egressus
3123 4470 3221 4525 ego
3251 4453 3504 4508 Clemens

1938 4553 2214 4622 simulque
2252 4549 2473 4606 Nicetas
2520 4558 2574 4604 et
2601 4549 2796 4619 Aquila
2853 4547 2906 4600 in
2957 4545 3159 4618 Tyrum
3211 4545 3505 4599 Phoenicia:

1936 4645 2286 4710 intravimus,
2316 4651 2371 4698 et
2391 4644 2549 4714 juxta
2580 4640 2727 4696 Petri
2761 4640 3079 4694 mandatum
3100 4677 3116 4705 ,
3146 4637 3241 4708 qui
3277 4640 3502 4691 miserat

1937 4753 2062 4807 nos,
2095 4735 2358 4809 hospitali
2387 4751 2580 4792 sumus
2620 4733 2762 4806 apud
2791 4733 3086 4790 Berenicen
3113 4772 3128 4799 ,
3153 4729 3323 4786 Justa:
3351 4729 3499 4785 Cha-

1521 4963 1760 5020 unus
1788 4957 2195 5022 LECTIONES.
2252 4938 2270 4962 '

335 5067 544 5148 ξ’λάὸρι
716 5074 761 5107 ³’
783 5066 862 5140 εἷς
893 5071 1048 5144 αὖθις
1078 5079 1258 5134 πάντα
1287 5079 1350 5135 C.
1424 5080 1536 5134 δοτι
1567 5081 1747 5137 addidi
1780 5097 1830 5137 c.
1856 5080 1922 5137 0.
1999 5082 2044 5113 δ’
2071 5079 2207 5135 Vbb.
2233 5079 2300 5133 δι’
2331 5075 2584 5148 ὀργάνου,
2618 5089 2740 5148 qua;
2773 5072 2915 5148 male
2939 5069 3310 5148 exciderant}
3350 5076 3496 5148 ιςπιιι

266 5134 733 5222 Sehvg‘egleriano‘,
769 5134 983 5222 reposui
1117 5148 1182 5222 Ο.
1207 5149 1264 5204 In
1291 5134 1482 5206 eodem
1508 5134 1632 5222 seq:
1645 5134 1919 5222 fruendum—
1940 5151 2007 5222 δι’
2045 5134 2214 5205 αὑτῶ.

1706 5221 1753 5253 “
1784 5223 1904 5276 καθ’
1937 5221 2001 5276 0.
2098 5221 2144 5254 “
2173 5217 2482 5274 Χανανίτιδι
2530 5215 2536 5216 ⁷
2590 5215 2632 5247 ⁸⁷

865 5278 892 5343 .’
914 5306 964 5348 c.
989 5288 1053 5360 0,
1088 5293 1205 5363 ἅμα
1235 5278 1450 5364 Νικῆτῃ
1502 5291 1596 5345 καὶ¹
1636 5292 1835 5365 Ἀκύλα
1861 5295 1942 5356 είς
1987 5292 2160 5364 Τύρον
2181 5291 2279 5362 τῆς
2297 5289 2545 5359 Φοινίκης
2575 5278 2945 5356 ἐπορευόμεθα
2998 5281 3132 5337 Cod.
3181 5278 3314 5349 Reg.
3371 5278 3502 5336 804.

264 5209 513 5346 “ﬁtfit.
756 5216 979 5346 34:32.”
989 5219 1072 5346 ὁῖ·
1088 5220 1205 5346 al;
1223 5222 1469 5346 ltili?
1496 5219 1560 5345 3;

2322 5137 2375 5180 δί’
2408 5137 2906 5216 ΠατρὸςκαὶᾼΥἱοῦ
2940 5141 3032 5194 καὶ
3062 5140 3214 5216 ἁγίου
3249 5137 3500 5216 ῃνεύμα-

2668 5213 2936 5285 μαθόντας
2968 5208 3136 5285 te__xtui
3173 5209 3294 5285 d_edi
3327 5208 3496 5285 (περ.

1557 5423 1923 5482 VARIORUM
1957 5424 2190 5482 ΝΟΤᾹΞ.

341 5556 449 5633 (80)
481 5560 759 5632 Βερνίκῃ.
781 5559 926 5618 Idem
953 5578 1152 5619 nomen
1183 5562 1440 5620 Bernices
1470 5578 1565 5620 seu
1605 5562 1822 5622 Bereni-

271 5639 381 5706 ces,
417 5633 644 5706 mulieri
678 5634 1080 5706 ξαίμοῤῥοούσῃ,
1114 5650 1278 5706 quam
1308 5633 1519 5690 sanavit
1546 5633 1818 5706 Christus,

276 5697 524 5757 tribuitur
553 5702 621 5760 ah
644 5697 1079 5761 alio't‘abulator'e
1107 5697 1314 5762 Joanne
1336 5700 1677 5763 Antiocheno
1700 5697 1814 5763 Ma4

1929 5565 2056 5693 lalla,
2091 5565 2233 5692 aliud
2271 5565 2672 5623 Damascenum
2700 5573 2840 5623 orat.
2875 5563 2930 5631 3,
2963 5577 3064 5637 pro
3105 5559 3277 5619 sacris
3304 5556 3498 5633 imagi-

1929 5651 1983 5692 m
2026 5651 2109 5693 us.
2184 5650 2274 5693 or.

1929 5650 2109 5693 "IDUS.
2138 5650 2274 5693 υοτ.
