4084 6148
520 254 624 312 159

1373 254 1430 310 8.
1472 254 1859 311 CLEMENTIS
1898 256 1917 310 1
1951 256 2118 312 ROM.
2156 257 2359 315 PONT.
2394 257 2623 313 OPERA
2658 257 2883 316 DUBIA.

3678 262 3790 321 ιοε

520 384 726 425 natum:
750 369 938 436 ﬁliam,
957 383 1078 440 quae
1100 367 1481 425 lubentissime
1503 387 1601 428 nos
1632 373 1903 443 suscepit;
1931 383 2091 444 atque

2196 371 2423 444 θυγατρὶ
2432 372 2531 443 τῆς
2542 372 2927 437 Χαναανίτιδος
2940 373 2986 406 ⁵ο
3002 370 3101 426 Ἰού
3109 389 3257 444 στης·
3272 371 3393 444 ήτις
3406 372 3787 445 ἀσμενέστατα

522 464 697 519 multo
726 479 853 534 erga
885 477 972 518 me
1010 462 1221 518 honore
1264 470 1319 519 et
1348 462 1641 521 dilectione
1669 480 1797 537 erga
1840 466 2095 537 Aquilam

518 568 574 615 et
622 555 866 612 Nicetam
903 565 1255 623 concertans,
1311 565 1370 612 ut
1418 556 1709 615 familiaris
1747 560 1990 630 gaudens
2032 576 2097 617 ac

519 650 830 716 confidens,
886 666 1086 721 magna
1122 666 1225 706 nos
1278 651 1622 705 humanitate
1669 662 1959 722 prosecuta
1991 661 2093 722 est,

519 756 730 810 nosque
761 740 829 795 ad
861 755 1063 809 corpus
1105 740 1409 794 curandum
1439 740 1668 795 comiter
1713 741 1978 797 incitavit.
2008 741 2097 797 ln-

515 833 688 888 tuitus
723 848 875 901 ergo,
904 832 1048 902 quod
1102 831 1412 887 hortaretur
1458 842 1518 887 ut
1552 832 1859 890 faceremus
1904 835 2095 891 breves

517 924 787 991 inducias,
810 922 989 991 Recte,
1020 924 1266 995 inquam,
1306 926 1446 995 agis,
1484 927 1615 981 dum
1657 927 1941 983 charitatis
1986 928 2094 982 im-

514 1019 663 1087 plere
691 1017 877 1071 munia
911 1017 1161 1073 festinas.
1200 1020 1269 1073 At
1311 1018 1414 1088 ipsi
1449 1019 1692 1089 praeferri
1722 1019 1885 1075 debet
1932 1020 2095 1077 timor

515 1122 643 1177 erga
676 1106 844 1161 Deum
870 1117 1117 1164 nostrum
1142 1128 1156 1177 ;
1182 1125 1438 1165 veremur
1459 1111 1628 1176 enim,
1651 1112 1745 1182 qui
1778 1128 1878 1182 pro
1909 1112 2095 1167 multis

516 1200 808 1255 animabus
836 1201 1246 1269 contendimus,
1289 1202 1684 1263 recreationem
1717 1214 1959 1262 nostram
1990 1222 2093 1261 an-

515 1302 775 1361 teponere
814 1309 1004 1348 earum
1038 1296 1225 1350 saluti.

588 1382 652 1439 ll.
691 1384 962 1439 Audimus
989 1386 1134 1440 enim
1181 1387 1327 1457 quod
1363 1386 1554 1444 Simon
1585 1388 1797 1461 Magus,
1826 1392 1880 1446 in
1905 1393 2093 1462 dispu-

515 1476 721 1529 tatione
758 1492 923 1546 quam
976 1494 1100 1533 cum
1154 1478 1378 1534 domino
1414 1490 1603 1537 nostro
1641 1482 1802 1538 Petro
1832 1483 2095 1540 Casareaa

514 1569 707 1624 habuit
735 1579 1025 1640 superatus
1055 1612 1069 1637 ,
1112 1571 1407 1642 statimque
1435 1573 1758 1645 aufugiens,
1799 1576 1891 1629 hic
1920 1577 2093 1630 multa

513 1671 789 1741 perpetrat
817 1665 979 1719 mala.
1005 1666 1161 1735 Apud
1188 1683 1383 1722 omnes
1422 1667 1570 1723 enim
1628 1666 1734 1723 sibi
1758 1668 1948 1725 obvios
1994 1667 2094 1723 Pe-

512 1766 658 1810 trum
699 1755 836 1810 falso
872 1758 1240 1823 calumnians,
1281 1760 1579 1814 multorum
1627 1761 1828 1831 abripit
1854 1760 2087 1816 animas.

511 1843 649 1900 Nam
691 1863 815 1902 cum
857 1848 973 1918 ipse
1012 1850 1083 1904 sit
1121 1867 1350 1921 magus,
1383 1866 1507 1906 eum
1546 1867 1767 1922 magum
1813 1853 2087 1923 appellat:

511 1948 567 1993 et
604 1955 729 1993 cum
759 1940 831 1995 sit
854 1942 1122 2011 impostor
1142 1984 1158 2011 ,
1192 1944 1549 2013 impostorem
1580 1959 1705 1999 eum
1746 1944 2088 2015 proclamat;

512 2044 749 2100 cumque
782 2032 837 2086 in
869 2031 1240 2103 disputatione
1276 2050 1374 2105 per
1415 2035 1602 2091 omnia
1650 2037 1825 2093 victus
1863 2038 2093 2093 cesserit

511 2136 577 2176 ac
613 2120 855 2194 fugerit,
914 2126 1118 2184 vicisse
1167 2142 1226 2183 se
1286 2127 1615 2197 proﬁtetur;
1670 2128 2092 2200 frequenterque

510 2216 757 2285 praecipit
779 2214 1000 2272 Petrum
1046 2233 1155 2275 non
1183 2234 1304 2275 esse
1344 2221 1702 2289 audiendum,
1734 2223 1896 2292 quasi
1939 2222 2093 2279 vide-

512 2304 641 2361 licet
663 2306 955 2377 sollicitus,
984 2326 1053 2366 ne
1077 2326 1106 2365 a
1144 2312 1385 2382 pessimo
1411 2313 1715 2370 illudantur
1745 2330 1926 2387 mago.

582 2488 675 2548 Ill.
716 2486 842 2546 Haec
868 2492 1146 2562 accipiens
1184 2493 1444 2548 dominus
1492 2501 1683 2548 noster
1722 2491 1918 2549 Petrus
1947 2509 2090 2565 prae-

509 2579 661 2634 misit
688 2596 789 2635 nos
826 2581 1043 2636 futuros
1072 2583 1369 2637 verborum
1402 2582 1549 2637 illius
1585 2582 1957 2651 exploratores
1984 2602 1998 2638 :
2032 2592 2093 2638 ut

510 2672 557 2726 si
591 2671 665 2725 ita
696 2672 913 2738 habeat,
944 2674 1061 2742 ipse
1088 2674 1457 2728 scribentibus
1487 2673 1645 2729 nobis
1683 2674 1996 2743 edoceatur,
2036 2685 2093 2731 et

513 2763 809 2819 adveniens
861 2774 1055 2835 arguat
1078 2766 1337 2819 eumdem
1381 2766 1634 2820 cominus
1687 2766 1755 2822 de
1799 2766 2091 2824 calumniis

510 2869 640 2925 erga
674 2870 751 2909 se.
802 2854 1033 2921 Quando
1074 2855 1241 2926 igitur
1286 2872 1387 2927 pro
1439 2857 1740 2912 multorum
1795 2857 2091 2913 animabus

511 2945 815 3016 periculum
845 2946 1004 3002 nobis
1029 2946 1270 3017 adjacet,
1305 2948 1426 3003 ideo
1446 2988 1461 3013 ,
1505 2950 1756 3019 corporis
1788 2951 1962 3005 nostri
2004 2966 2091 3006 re-

512 3036 747 3093 fectione
786 3040 854 3093 ad
891 3038 1053 3094 breve
1091 3046 1304 3111 tempus
1356 3041 1624 3112 neglecta,
1672 3058 1703 3097 a
1754 3051 1806 3098 te
1835 3058 1957 3113 quae
1999 3044 2090 3101 hic

510 3127 663 3195 degis
687 3135 839 3183 certo
868 3128 1012 3185 scire
1034 3129 1314 3197 volumus,
1339 3145 1408 3184 an
1434 3146 1561 3187 vera
1604 3132 1716 3188 sint
1764 3150 1888 3205 quae
1931 3136 2090 3192 audi-

511 3219 694 3276 vimus
724 3238 736 3274 :
766 3220 997 3294 jamque
1028 3222 1190 3279 nobis
1222 3210 1439 3297 singula
1468 3226 1731 3284 edissere.

583 3421 671 3479 IV.
715 3424 976 3483 Berenice
1000 3442 1132 3484 vero
1162 3436 1351 3499 rogata
1391 3431 1551 3489 :Haec
1577 3429 1825 3501 quidem,
1888 3432 2088 3504 inquit,

510 3530 578 3570 eo
613 3517 777 3572 modo
807 3534 867 3574 se
910 3519 1131 3590 habent,
1181 3537 1292 3592 quo
1335 3520 1668 3579 audivistis:
1716 3535 1910 3580 caetera
1956 3542 2089 3584 vero

512 3608 760 3679 ejusdem
814 3611 1081 3679 Simonis,
1145 3630 1269 3684 quae
1320 3615 1462 3671 forte
1506 3616 1791 3687 ignoratis,
1846 3618 2026 3674 audite
2071 3639 2085 3676 :

511 3705 892 3775 phantasmata
924 3706 1073 3761 enim
1101 3714 1157 3762 et
1180 3716 1394 3777 spectra
1420 3723 1486 3763 ac
1510 3709 1805 3765 simulacra
1829 3708 1883 3764 in
1910 3710 2090 3767 medio

512 3797 634 3853 foro
668 3800 913 3868 quotidie
940 3799 1235 3856 ostendens
1278 3808 1448 3856 totam
1490 3800 1855 3874 obstupefaeit
1898 3803 2091 3859 civita-

512 3897 619 3942 tem
656 3908 669 3943 :
709 3900 763 3945 et
801 3892 1129 3960 procedente
1155 3907 1221 3948 eo
1251 3902 1443 3950 statua:
1470 3904 1780 3965 moventur,
1811 3911 1877 3952 ac
1905 3896 2091 3955 multa}.

512 3982 722 4037 umbrae
766 3994 1029 4053 praeeunt,
1069 4002 1209 4057 quas
1244 3986 1393 4057 ipsas
1429 3987 1564 4043 dicit
1600 4004 1723 4045 esse
1752 3990 1965 4047 animas
1986 3990 2086 4047 de-

514 4072 847 4131 functorum.
880 4077 1079 4135 Multos
1115 4089 1320 4146 autem,
1351 4081 1445 4152 qui
1477 4096 1603 4137 eum
1634 4083 2087 4153 praestigiatorem

512 4166 830 4223 nitebantur
884 4171 1190 4239 ostendere,
1236 4189 1361 4228 cum
1407 4172 1514 4229 sibi
1553 4173 1918 4242 conciliasset,
1971 4184 2086 4230 tum

512 4267 720 4327 postea,
752 4272 1017 4332 praetextu
1058 4266 1319 4333 convivii,
1368 4276 1606 4323 mactato
1657 4267 1793 4325 bove
1842 4270 2088 4342 ipsisque

2199 464 2345 536 ἡμᾶς
2368 465 2693 531 ἀπεδέξατο,
2711 466 2805 519 καὶ
2820 464 2988 538 πολλῇ
3020 466 3117 536 μὲν
3139 468 3206 537 τῇ
3234 464 3369 538 πρὸς
3393 465 3460 536 μὲ
3483 469 3615 538 τιμῇ
3637 468 3787 537 ἀγω-

2197 556 2389 623 νιῶσα,
2410 560 2611 629 στοργῇ
2626 558 2757 629 eam
2774 558 2911 629 πρὸς
2927 557 3158 611 Ἀκύλαν
3172 558 3265 612 καὶ
3278 557 3547 629 Νικήτην,
3571 558 3658 613 διά
3685 578 3787 631 χα-

2201 647 2300 720 ράν
2326 648 2402 712 ὼς
2444 649 2682 721 συνήθης
2708 649 3205 721 παρρησιαζομένη
3238 649 3667 720 ἐφιλοφρονεῖτο,
3688 652 3788 707 καὶ

2198 741 2336 813 πρὸς
2356 741 2457 811 τὴν
2504 740 2607 793 τοῦ.
2647 739 2900 812 σώματος
2922 741 3218 813 θεραπείαν
3238 742 3385 812 ἡμᾶς
3405 743 3670 806 δεκτικῶς
3685 761 3786 796 κα-

2193 833 2475 904 τήπειγεν.
2521 831 2753 886 Συνιδὼν
2781 830 2873 887 οὖν
2900 835 2980 886 ὅτι
3025 833 3281 905 βραχεῖαν
3312 836 3444 905 ήμίν
3491 835 3784 907 ὑπέρθεσιν

2196 924 2465 979 ποιεῖσθαι
2488 924 2812 997 ἐπέτρεπεν,
2825 924 3001 995 ὀρθῶς
3026 924 3303 996 μέν,έφην,
3320 927 3513 989 ποιεῖς,
3528 925 3785 978 ἐπισπεύ-

2194 1016 2362 1071 δουσα
2389 1015 2460 1069 τά
2497 1017 2597 1087 τῆς
2637 1015 2858 1087 ἀγάπης
2888 1016 3284 1088 ἀποπληρῶσαι
3305 1016 3349 1047 ⁸¹
3386 1016 3546 1088 μέρη.
3581 1017 3781 1087 Προτι-

2200 1108 2398 1180 μητέος
2425 1108 2481 1162 δὲ
2512 1108 2716 1179 ταύτης
2739 1109 2767 1161 ὀ
2804 1108 2943 1179 πρὸς
2969 1109 3060 1161 τὸν
3091 1109 3224 1162 Θεὸν
3252 1108 3408 1179 ήμῶν
3436 1108 3618 1177 φόϐοςο
3644 1110 3784 1164 δέδι-

2199 1218 2297 1272 μεν
2311 1202 2355 1233 ⁸²
2376 1200 2485 1273 γάρ
2508 1202 2648 1273 ὑπὲρ
2679 1200 2895 1255 πολλῶν.
2916 1200 3103 1271 ψυχῶν
3128 1201 3218 1253 τὸν
3245 1200 3437 1269 ἀγῶνα
3453 1200 3665 1271 ἔχοντες
3678 1202 3783 1272 τῆς

2193 1291 2418 1344 ἐκείνων
2439 1292 2713 1362 σωτηρίας
2743 1292 3013 1363 προτιμᾷν
3033 1292 3130 1363 τὴν
3158 1294 3431 1365 ἡμετέραν
3451 1294 3780 1351 ἀνάπαυσιν.

2267 1382 2328 1437 ll.
2372 1382 2758 1455 Πυνθανόμεθα
2788 1385 2834 1416 ⁸³
2866 1384 2974 1457 γὰρ
3018 1385 3098 1439 ὃτι
3131 1385 3314 1455 Σίμων
3358 1388 3386 1439 ὁ
3418 1385 3607 1453 Μάγος
3630 1425 3645 1449 ,
3684 1388 3784 1440 ἐπὶ

2193 1475 2294 1546 τῆς
2320 1478 2377 1528 ἐν
2412 1476 2720 1549 Καισαρείᾳ
2750 1477 2887 1549 πρὸς
2912 1477 3000 1530 τὸν
3035 1475 3222 1548 κύριον
3252 1478 3408 1549 ἡμῶν
3447 1476 3652 1547 Πέτρον
3682 1479 3785 1550 ζη-

2193 1568 2404 1639 τήσεως
2422 1568 2700 1639 ἡττηθεὶς,
2726 1568 3068 1640 παραχρῆμα
3089 1569 3333 1639 ἀποδρὰς
3355 1571 3586 1626 ἐνταῦθα
3608 1572 3783 1627 πολλὰ

2196 1660 2344 1713 κακά
2390 1660 2873 1732 διαπράσσεταιυδ.
2924 1662 3067 1714 Πᾶσι
3119 1660 3228 1732 γάρ
3274 1666 3401 1726 τοῖς·
3440 1664 3784 1728 ὑπεναντίοις

2124 1726 2167 1785 Β
2196 1751 2349 1824 παρὰ
2405 1752 2505 1825 τὴν
2529 1726 2809 1824 ’ἀλήθειαν
2857 1752 3114 1825 λοιδορῶν
3134 1726 3245 1807 τόν
3278 1755 3484 1826 Πέτρον
3531 1756 3630 1819 τάς
3670 1726 3783 1809 τῶν

2194 1844 2405 1899 πολλῶν
2459 1844 2793 1915 συναρπάζει
2843 1845 3037 1916 ψυχάς.
3092 1845 3280 1914 Μάγος
3313 1863 3372 1898 τε
3397 1847 3446 1881 ⁸⁵
3481 1846 3590 1918 γὰρ
3614 1847 3784 1913 αὐτὸς

2192 1937 2288 2001 ὢν,
2307 1938 2479 2009 μάγον
2504 1940 2708 1993 ἐκεῖνον
2752 1939 3049 2003 ἀποκαλεῖ,
3090 1940 3184 1993 καὶ
3216 1939 3419 2003 πλάνος
3470 1940 3633 2005 αὐτὸς
3675 1940 3775 2006 ῶν,

2194 2031 2394 2089 πλάνον
2426 2034 2633 2088 ἐκεῖνον
2674 2033 3074 2106 ἀποκηρύσσει,
3106 2036 3200 2088 καὶ
3246 2037 3304 2089 ἐν
3332 2039 3451 2099 ταῖς
3489 2034 3782 2107 ζητήσεσιν

2193 2124 2287 2178 ἐπὶ
2339 2123 2556 2179 πάντων
2609 2125 2672 2179 τὸ
2731 2118 2894 2196 ἦττον
2954 2126 3397 2199 ἀπενεγκάμενος
3449 2127 3542 2181 καὶ
3588 2127 3779 2197 φυγὼν

2193 2215 2357 2281 αὐτὸς
2390 2217 2589 2287 φάσκει
2615 2218 2959 2289 νενικηκέναι
2979 2218 3048 2284 ⁵⁸,
3078 2217 3288 2272 καὶτοῦ
3320 2218 3529 2291 Πέτρου
3561 2219 3635 2290 μή
3665 2218 3780 2272 δεῖν

2193 2306 2410 2361 ἀκούειν
2443 2308 2773 2380 πυκνότερον
2800 2308 3123 2374 ἐντέλλεται,
3146 2308 3224 2372 ὡς
3260 2308 3419 2379 δῆθεν
3457 2308 3778 2379 κηδόμενος,

2193 2397 2281 2451 ῐνα
2312 2398 2387 2471 μὴ
2418 2399 2523 2453 ὑπὸ
2552 2398 2727 2453 δεινοῦ
2764 2400 3241 2471 καταγοητευθῶσι
3275 2400 3467 2471 μάγου.

2262 2489 2351 2547 III.
2392 2491 2579 2546 Ταῦτα
2600 2488 2692 2546 οὖν
2719 2491 2905 2564 μαθὼν
2932 2494 2960 2546 ὁ
2986 2492 3175 2563 κύριος
3193 2492 3351 2562 ἡμῶν
3388 2492 3594 2563 Πέτρος
3635 2508 3779 2563 προ-

2190 2583 2511 2637 απέστειλεν
2531 2585 2679 2654 ἡμᾶς
2699 2585 2853 2654 121
2880 2583 3169 2650 ἐξεταστὰς
3184 2583 3292 2636 τῶν
3309 2583 3603 2653 λεχθέντων
3624 2582 3781 2655 αὐτῷ

2190 2674 2505 2744 ἐσομένους·
2535 2675 2621 2728 ἵνα
2644 2677 2692 2729 εί
2725 2674 2900 2738 οὕτως
2921 2674 3054 2746 ἔχοι,
3077 2674 3402 2747 γραψάντων
3425 2674 3581 2746 ήμῶν
3612 2674 3781 2741 αὐτὸς

2194 2765 2353 2837 μάθοι
2368 2767 2436 2832 ",
2459 2767 2552 2820 καὶ
2573 2766 2810 2820 ἐπελθὼν
2830 2766 3080 2838 ἐξελέγξῃ
3104 2768 3263 2820 αὑτὸν
3290 2769 3495 2821 ἐκεῖνον
3516 2767 3781 2840 ἄντικρυς

2190 2859 2276 2926 ἐφ’
2298 2850 2371 2911 ὧν
2400 2858 2560 2912 αὐτὸν
2583 2858 2876 2912 διέϐαλλεν.
2910 2859 3064 2913 Ἐπεὶ
3078 2855 3171 2913 οὖν
3196 2860 3337 2928 ὑπὲρ
3356 2858 3563 2912 πολλῶν
3584 2859 3779 2930 ψυχῶν

2190 2952 2219 3004 ὁ
2247 2949 2487 3013 κίνδυνος
2520 2951 2652 3021 ήμῖν
2706 2950 3022 3023 πρόκειται,
3054 2950 3245 3005 τούτου
3282 2951 3464 3006 ἕνεκεν
3483 2992 3497 3017 ,
3530 2953 3629 3024 τῆς
3679 2952 3779 3007 τοῦ

2194 3041 2445 3114 σώματος
2465 3042 2624 3115 ήμῶν
2645 3041 3007 3107 ἀναπαύσεως
3028 3043 3164 3115 πρὸς
3189 3042 3360 3114 βραχὺ
3381 3041 3778 3114 ἀμελήσαντες,

2191 3133 2345 3205 παρὰ
2372 3132 2467 3188 σοῦ
2490 3133 2591 3205 τῆς
2622 3132 2856 3187 ἐνταῦθα
2886 3134 3246 3205 διαιτωμένης
3276 3133 3577 3205 βουλόμεθα
3608 3133 3778 3204 ἀψευ-

2189 3226 2294 3291 δῶς
2322 3226 2530 3299 μαθεῖν,
2556 3229 2604 3281 εί
2632 3226 2775 3298 ἀπερ
2811 3226 3123 3298 ἠκούσαμεν
3156 3225 3330 3298 ἀληθῆ
3360 3224 3634 3296 τυγχάνει’
3680 3227 3788 3289 καὶ,

2189 3318 2367 3388 λέγοις
2398 3318 2464 3374 ἂν
2497 3320 2599 3391 ήδη
2628 3322 2758 3392 ήμῖν
2786 3319 3009 3373 ἕκαστα.

2258 3434 2350 3491 1V.
2404 3437 2469 3490 Ἦ
2501 3436 2733 3510 Βερνίκη
2763 3435 2821 3491 δέ
2854 3434 3147 3501 ἀξιωθεῖσα
3165 3434 3233 3466 ⁸³·
3251 3433 3436 3490 Ταῦτα
3456 3433 3554 3508 μέν
3575 3432 3773 3498 οὕτως,

2189 3528 2317 3603 ἔφη,
2350 3529 2464 3601 ἔχει
2506 3530 2584 3595 ὡς
2615 3530 2908 3602 ἠκούσατε,
2938 3532 3007 3585 τὰ
3047 3531 3104 3585 δέ
3136 3530 3273 3587 ἄλλα
3320 3528 3391 3583 τὰ
3421 3529 3558 3583 ’κατ’
3608 3528 3775 3583 αὑτὸν

2189 3623 2281 3678 τὸν
2312 3624 2551 3695 Σίμωνα,
2584 3623 2728 3697 ἅπερ
2771 3626 2900 3689 ῐσως
2929 3624 3194 3693 ἀγνοεῖτε,
3237 3623 3527 3679 ἀκούσατε·
3568 3620 3774 3693 φαντάρ

2192 3715 2376 3787 σματά
2402 3732 2463 3769 τε
2490 3714 2599 3788 γάρ
2629 3716 2726 3769 καὶ
2757 3716 3052 3789 ίνδάλματα
3080 3718 3139 3771 ἐν
3172 3717 3311 3792 μέσῃ
3340 3719 3407 3788 τῇ
3445 3717 3625 3788 ἀγορᾷ
3658 3715 3777 3785 φαί-

2191 3807 2377 3862 νεσθαι
2426 3808 2597 3862 ποιῶν
2640 3807 2706 3861 δι’
2755 3809 2970 3881 ἡμέρας
3017 3812 3198 3864 πᾶσαν
3222 3810 3511 3881 ἐκπλήττει
3544 3809 3644 3880 τήν
3675 3807 3778 3861 πό-

2192 3900 2275 3955 λιν
2308 3899 2443 3973 (81),
2476 3900 2571 3954 καὶ
2608 3902 2891 3974 προίόντος
2926 3902 3093 3955 αὐτοῦ
3132 3901 3448 3974 ἀνδριάντες
3476 3900 3773 3967 κινοῦνται,

2191 3992 2285 4047 καὶ
2317 3992 2468 4047 σκιαὶ
2497 3993 2691 4047 πολλαὶ
2722 3994 3108 4069 προηγοῦνται,
3133 3994 3310 4067 ἇσπερ
3333 3993 3493 4057 αὐτὸς
3524 3992 3570 4025 ⁸⁸
3592 3992 3777 4064 ψυχὰς

2188 4083 2297 4140 τῶν
2323 4085 2661 4159 τεθνηκότων
2698 4081 2837 4142 εἶναι
2868 4086 3014 4157 λέγει
3049 4087 3180 4159 (82).
3234 4086 3469 4151 Πολλοὺς
3506 4084 3562 4139 δέ
3595 4085 3777 4156 γόητα

2189 4178 2353 4233 αὐτὸν
2380 4178 2623 4250 ἐλέγχειν
2655 4178 3031 4252 πειρωμένους
3060 4174 3343 4246 διαλλάξας
3373 4178 3512 4252 πρὸς
3552 4176 3771 4243 ἐαυτὸν,

2190 4270 2361 4324 ἔπειθ’
2396 4269 2621 4345 ὕστερον
2644 4272 2691 4304 ⁶⁰
2724 4272 2994 4343 προφάσει
3029 4271 3279 4343 εὐωχίας,
3313 4270 3441 4342 βοῦν
3473 4269 3641 4333 θύσας
3672 4268 3773 4321 καὶ⁵

513 4350 566 4405 in
591 4367 776 4409 escam
824 4355 974 4426 dato,
1027 4358 1195 4416 variis
1247 4360 1516 4432 implicuit
1548 4362 1777 4431 morbis,
1822 4363 2086 4420 damoni-

2192 4362 2448 4428 ἐστιάσας
2495 4363 2712 4430 αὐτοὺς,
2754 4364 3026 4437 διαφόροις
3073 4364 3248 4429 νόσοις
3303 4361 3626 4436 περιέϐαλεν
3670 4358 3774 4414 καὶ

1778 4584 1866 4640 VA
1877 4582 2017 4639 Rl/E
2055 4583 2461 4641 LECTIONES.

585 4747 632 4779 '°
665 4743 1016 4807 Χανανίτιδος
1040 4740 1102 4797 C.
1137 4813 1141 4814 ν
1165 4741 1604 4814 ξί-ἀποπληροῦν
1637 4743 1730 4814 (3.,
1775 4742 1927 4814 "illa
1951 4742 1991 4797 S
2024 4737 2418 4814 spﬂ‘raganteQ
2447 4780 2464 4806 ,
2496 4740 2549 4814 in
2584 4738 2693 4814 cui.
2738 4754 2911 4814 marg:
2942 4755 3064 4814 see.
3089 4740 3633 4814 man._notayi_t_l'cmg
3661 4740 3763 4795 δεῖ.

512 4818 669 4886 Apud
699 4817 741 4871 Ο
786 4815 1051 4885 δέδειμεν.
1108 4812 1180 4886 ,³³
1323 4813 1380 4886 Ο,
1420 4811 1568 4886 εἶδε
1604 4812 1999 4886 πυνθανώμεθα
2029 4813 2091 4868 C.

2196 4813 2244 4844 “
2275 4810 2423 4865 κακά
2454 4809 2523 4882 τὰ
2540 4809 2935 4882 πράσσεταιῐλ
2973 4810 3213 4882 subinde
3239 4810 3279 4865 C
3319 4810 3546 4882 {Malim
3574 4813 3631 4864 in
3651 4826 3768 4864 om-

514 4879 667 4941 nibus
693 4889 833 4940 enim
860 4879 1164 4940 contrariis.
1208 4883 1254 4915 ⁸⁸
1276 4902 1334 4938 τε
1368 4884 1572 4939 inserui
1616 4900 1667 4939 c.
1691 4884 1755 4940 0.
1794 4879 1940 4939 Idem
1973 4899 2083 4939 om.
2120 4881 2258 4937 νει).
2290 4881 2554 4935 ἀποκαλεῖ
2567 4879 2597 4945 ,⁷
2627 4881 2720 4934 καὶ
2753 4880 2949 4944 πλάνος
2994 4880 3154 4944 αὐτὸς
3182 4879 3258 4933 ῶν
3308 4880 3505 4936 πλάνον
3538 4882 3763 4934 ἐκεῖνον.

512 4957 560 4991 ⁸⁸
618 4956 884 5011 νενικέναι
938 4954 1004 5010 Ο.

513 5029 682 5099 ἔχειν.

512 5093 644 5154 ιιῦω
668 5106 723 5154 et
748 5095 1137 5170 Nicephorum.
1213 5097 1258 5129 “
1288 5093 1821 5167 ἐαυτὸνέὑθύστερον
1845 5093 1909 5150 C.

1110 4956 1153 4987 ιτ
1185 4954 1331 5027 μάθῃ
1356 4955 1419 5027 (ὲ
1452 4952 1931 5027 Τωῃᾼὲκείνιενοσ
2056 4953 2111 5027 ῨῘ

2133 4952 2353 5020 ἀξιωθιῖ
2390 4951 2454 5008 Ο.
2505 4950 2648 5007 ldem
2674 4966 2786 5006 om.
2822 4950 3055 5019 conject.
3091 4949 3173 5006 Ci.
3194 4951 3341 5021 ἔχει,
3369 4952 3425 5006 in
3457 4951 3589 5021 cui:
3612 4960 3766 5006 textu

790 5027 838 5059 "
867 5027 1029 5091 αὐτός
1057 5025 1096 5081 S
1140 5020 1203 5081 ei
1231 5020 1353 5081 cod.
1391 5024 1521 5096 Reg.
1558 5024 1664 5096 804
1687 5035 1741 5080 et
1764 5024 1909 5096 Epit.
1949 5039 2000 5081 ο.
2042 5024 2134 5091 45,
2190 5023 2361 5088 αὑτάς
2384 5022 2446 5094 C,
2476 5021 2542 5079 Ο.
2578 5021 2737 5078 Deest
2788 5038 2891 5077 vox
2936 5022 3077 5091 apud
3109 5020 3463 5079 Ana’Stasium
3489 5060 3505 5089 ,
3528 5020 3768 5077 ’Cedre-

1814 5208 2180 5268 VARIORUM
2219 5208 2453 5266 NOTAE.

585 5361 698 5486 gl)
738 5359 1052 5431 Excerpunt
1069 5360 1188 5414 haec
1208 5357 1532 5414 Anastasius
1554 5355 1785 5437 Sinaita,
1810 5354 2091 5436 Qedrenus

644 5434 954 5486 icenhorus.
983 5430 1227 5486 Ouorum
1256 5430 1407 5485 locos
1433 5435 1687 5486 apposuit
1708 5435 1762 5480 et
1782 5426 2091 5486 discrepan-

514 5443 570 5491 et
596 5426 954 5502 Nicephorus.
983 5430 1237 5502 Quorum,
1256 5430 1412 5502 loc_os
1433 5426 1687 5502 apposuit
1708 5435 1762 5480 et
1782 5426 2093 5502 discrepan-

518 5506 649 5559 tiam
701 5494 967 5558 orationis
1008 5494 1268 5558 venotavit
1327 5494 1769 5555 Schli'emannus.
1807 5494 1979 5553 Clem.
2032 5510 2089 5567 p.

515 5575 611 5629 5M
628 5615 642 5636 .
664 5572 722 5628 S.
754 5573 1017 5629 BLISSEL.

593 5644 715 5714 (82),
743 5645 975 5711 Ἀσπερ
1003 5643 1189 5708 αὐτὰς
1218 5640 1423 5714 ψυχὰς
1455 5637 1574 5714 Idm
1604 5638 1964 5714 τεθηικόεωςν
2010 5637 2090 5693 εῖ-

518 5708 615 5773 ναὶ
648 5713 829 5783 λέγει.
856 5708 1185 5770 Mentoratus
1211 5708 1402 5780 codex,
1426 5710 1629 5779 αὐτός,
1651 5718 1709 5765 ιιι
1740 5709 1795 5766 in
1834 5708 2089 5779 Epitome.

2198 5350 2452 5417 Videndi,
2482 5346 3170 5421 Anastasius._Cedrenus,
3206 5348 3546 5421 Nicephorus
3583 5366 3605 5421 ε,
3631 5348 3763 5421 ι)γί-

2194 5438 2319 5478 mus
2348 5430 2543 5491 quaest.
2571 5420 2660 5487 20,
2690 5437 2742 5489 p.
2770 5419 2907 5491 242;
2938 5422 3213 5491 secundus
3250 5419 3767 5491 Compendizjisto-

2194 5494 2291 5547 νὶσί
2316 5488 2380 5561 ρξ
2411 5490 2533 5555 175,
2568 5488 2762 5561 tertius
2799 5489 2944 5561 Hist.
2982 5488 3118 5561 θέσει.
3160 5491 3259 5547 lib.
3292 5488 3517 5561 1|,eap.
3546 5489 3637 5561 27.
3679 5490 3773 5561 Ac

2196 5559 2333 5619 forte
2356 5562 2411 5615 in
2438 5561 2560 5614 loco
2593 5559 2822 5615 Cedreni
2861 5560 3064 5616 rectius
3102 5562 3410 5618 scribetur:
3437 5559 3535 5615 καὶ
3571 5559 3767 5614 ἑστιά-

2196 5650 2293 5695 σας
2323 5630 2536 5693 αὺτοὺς,
2562 5629 2833 5702 διαφόροις
2855 5630 2947 5686 καὶ
2968 5630 3237 5696 δυσιάτοις
3267 5633 3443 5695 νόσοις
3456 5632 3551 5685 καὶ
3570 5628 3769 5701 δαίμο-

2196 5721 2279 5757 σιν
2310 5700 2564 5756 ύπέϐαλε.
2585 5702 2719 5758 Cor.

2196 5721 2279 5757 σιν
2310 5702 2564 5756 ὑπέϐαλε.
2585 5702 2719 5758 Cor.
