4084 6148
316 325 406 383 161

1435 321 1894 379 CLEMENTINA.
1923 355 1994 366 —-
2022 321 2307 379 HOMlLlA
2340 319 2428 378 IV.

3457 329 3560 384 16?.

311 443 567 514 δαίμοσιν
600 439 897 495 ὑπέϐαλεν’
924 437 1020 493 καὶ
1053 437 1139 492 ῐνα
1181 437 1256 510 μὴ
1289 436 1460 492 πολλά
1474 437 1636 507 λέγω,
1669 437 1882 502 πολλοὺς

2001 436 2215 507 husque
2253 435 2486 506 subjecit
2524 455 2538 492 :
2589 451 2654 492 ac
2697 453 2765 491 ne
2803 437 2956 507 plura
2997 441 3310 512 proloquar,
3361 444 3565 502 multos

318 530 573 594 κακώσας
609 529 731 594 θεὸς
761 523 897 583 εἶναι
929 527 1278 601 ὑποληφθεὶς,
1309 527 1446 599 πρὸς
1479 525 1559 598 τῷ
1586 528 1628 559 ⁸⁸
1658 526 1889 600 φοϐερὸν

319 618 454 678 εἶναι
485 621 579 676 καὶ
613 619 1024 694 προτετίμηται.

391 714 456 769 ν.
498 711 659 767 Ὅθεν
710 713 809 766 οὑκ
856 713 1041 784 οῐομαι
1091 711 1416 785 δυνήσεσθαί
1463 729 1586 767 τινα
1631 711 1889 768 τοσοῦτον

319 805 552 876 ἀναφθὲν
578 804 688 877 πῦρ
718 803 926 858 σϐέσαι.
963 803 1098 859 Οὐδὲ
1126 803 1236 876 γάρ
1259 805 1519 872 ἐνδοιάζει
1548 823 1634 870 τις
1665 807 1794 880 περὶ
1814 799 1888 862 ὧν

321 900 521 961 ἐκεῖνος
551 898 962 967 ἐπαγγέλλεται,
997 896 1134 952 ἀλλά
1161 897 1319 951 τοῦτο
1339 897 1512 962 οὕτως
1544 899 1700 969 122
1744 899 1888 972 ἔχειν

317 991 710 1045 διαϐεϐαιοῦται
741 991 990 1056 ἕκαστος.
1024 992 1116 1047 Διὸ
1137 993 1233 1048 τοῦ
1278 994 1353 1066 μὴ
1381 994 1710 1049 κινδυνεύειν
1743 997 1888 1068 ὑμᾶς

316 1084 470 1156 χάριν
499 1084 802 1156 παρακαλῶ
832 1085 994 1158 μηδὲν
1025 1086 1340 1159 ἐγχειρῆσαι
1366 1087 1502 1159 πρὸς
1542 1087 1725 1154 αὐτὸν,
1759 1089 1888 1161 πρὶν

314 1176 379 1230 ἂν
406 1177 610 1249 Πέτρος
640 1178 790 1252 έλθῃ,
824 1179 883 1242 ὃς
926 1178 1088 1250 μόνος
1123 1180 1409 1252 δυνήσεται
1442 1179 1581 1252 πρὸς
1612 1180 1656 1212 ⁸³
1689 1181 1886 1235 τοσαύ-

301 1285 406 1341 την
453 1270 790 1336 δυναστείαν,
825 1271 921 1326 τοῦ
968 1273 1173 1346 Κυρίου
1216 1274 1372 1346 ⁴ἡμῶν
1435 1273 1608 1345 Ἰησοῦ
1651 1274 1887 1346 Χριστοῦ

309 1362 675 1434 δοκιμώτατος
735 1365 996 1437 ὑπάρχων
1060 1366 1344 1441 μαθητὴς,
1399 1370 1885 1439 ἀνταγωνίσασθαι.

308 1454 574 1510 Τοσοῦτον
597 1456 705 1528 γὰρ
721 1457 1032 1530 πεφόϐημαι
1049 1459 1140 1513 τὸν
1169 1459 1355 1531 ἄνδρα,
1378 1462 1472 1526 ὡς,
1497 1463 1545 1516 εί
1569 1462 1643 1534 μὴ
1673 1463 1767 1518 καὶ
1790 1465 1888 1522 ἀλ-

309 1544 427 1599 λοτε
459 1548 604 1619 πρὸς
622 1549 715 1602 τὸν
746 1549 934 1622 κύριόν
965 1568 1066 1621 μου
1096 1552 1302 1624 Πέτρον
1324 1555 1622 1628 διαλεχθεὶς
1639 1559 1701 1612 τὸ
1725 1554 1886 1632 ἦττον

310 1636 682 1710 ἀπηνέγκατο,
731 1641 1122 1697 συνεϐούλευσα
1142 1644 1208 1699 ἂν
1235 1647 1362 1717 ὑμῖν
1384 1650 1477 1702 καὶ
1496 1649 1657 1705 αὑτὸν
1679 1653 1886 1708 πείθειν

308 1728 399 1783 τὸν
412 1730 642 1802 Πέτρον,
661 1731 735 1804 μὴ
755 1734 1044 1805 πειρᾶσθαι
1075 1736 1522 1804 ἀντεξετάζεσθαι
1549 1742 1630 1814 τῷ
1657 1744 1881 1816 Σίμωνι.

375 1889 467 1945 Vl.
509 1889 681 1960 Κάγὼ
705 1891 860 1966 ἔφην·
898 1893 955 1948 '0
981 1893 1167 1968 κύριος
1197 1897 1352 1968 ἡμῶν
1381 1899 1588 1972 Πέτρος
1619 1902 1667 1954 εί
1701 1902 1884 1974 ἠγνόει

303 1980 390 2036 ὃτι
438 1981 600 2046 αὐτὸς
648 1983 807 2053 μόνος
848 1988 1127 2058 κατισχύει
1170 1989 1270 2060 τῆς
1307 1990 1517 2046 ἐκείνου
1546 1993 1882 2060 δυναστείας,

301 2073 406 2127 οὐκ
436 2073 504 2128 ἂν
533 2077 679 2147 ἡμᾶς
707 2077 1044 2149 προπέμπων
1071 2080 1398 2149 ἐνετέλλετο,
1423 2083 1787 2150 λανθανόντως
1815 2086 1886 2141 τά

303 2165 447 2220 κατά
479 2168 700 2239 Σίμωνα
731 2168 1183 2241 διαμανθάνοντας
1213 2176 1362 2247 αὐτῷ
1409 2166 1660 2248 γράφειν.
1697 2181 1886 2250 Ὅμως

304 2257 430 2312 ἐπεὶ
461 2260 669 2333 ἑσπέρα
714 2263 1053 2335 κατειλήφει,
1099 2265 1243 2319 ἀλῶν
1279 2268 1671 2337 μεταλαϐόντες
1703 2270 1885 2324 ὑπνώ-

306 2366 500 2423 σαμεν.
556 2351 764 2407 Ἕωθεν
809 2354 865 2407 δέ
907 2373 992 2418 τις
1039 2359 1108 2428 τῇ
1162 2357 1397 2430 Βερνίκῃ
1442 2359 1676 2431 συνήθης
1716 2360 1887 2417 ἐλθὼν

303 2440 432 2514 ἔφη,
463 2444 558 2497 τὸν
584 2445 799 2515 Σίμωνα
823 2447 902 2508 είς
926 2446 1027 2516 τὴν
1057 2446 1262 2501 Σιδῶνα
1298 2450 1746 2518 ὲκπεπλευκέναι,
1770 2453 1886 2508 »τῶν

298 2534 361 2590 δὲ
404 2535 574 2592 αὑτοῦ
631 2536 888 2609 μαθητῶν
944 2539 1393 2595 καταλελοιπέναι
1465 2543 1744 2598 Ἀππίωνα
1793 2546 1886 2600 τὸν

301 2626 695 2700 Πλειστονίκην
725 2629 790 2694 ⁸³,
837 2630 1004 2702 ἄνδρα
1068 2630 1419 2705 Ἀλεξανδρέα
1439 2675 1454 2700 ,
1502 2638 1885 2708 γραμματικὸν

299 2719 402 2790 τὴν
448 2721 783 2798 ἐπιστήμην,
835 2722 894 2776 δν
942 2723 1080 2796 πρὸς
1110 2726 1318 2796 πατρός
1358 2744 1446 2798 μοι
1481 2729 1634 2797 φίλον
1679 2731 1808 2784 ὅντα
1841 2731 1887 2763 ⁸⁸

301 2794 574 2880 ὶπέγνων,
628 2812 724 2866 καὶ
786 2794 1144 2870 Ἀννουϐιῶνα
1205 2794 1297 2871 τὸν
1348 2794 1700 2893 Διοσπολίτην
1765 2822 1886 2876 τινὰ

301 2903 652 2975 ἀστρολόγον,
673 2908 769 2960 καὶ
802 2907 1162 2981 Ἀθηνόδωρον
1186 2909 1278 2963 τὸν
1317 2910 1592 2984 Ἀθηναῖον
1622 2913 1701 2985 τῷ
1744 2913 1887 2968 Ἐπι-

301 2995 506 3066 κούρου
557 2997 602 3028 ⁸⁸
641 2999 1006 3070 ἀρεσκόμενον
1051 3000 1212 3073 λόγῳ.
1268 3001 1458 3074 Ἦμεῖς
1501 3003 1579 3069 δὲ,
1626 3005 1696 3059 τὰ
1742 3006 1884 3060 κατά

299 3088 390 3141 τὸν
419 3090 642 3161 Σίμωνα
678 3091 957 3163 μαθόντες,
1008 3093 1177 3148 ἕωθεν
1221 3095 1398 3149 πάντα
1440 3097 1750 3169 γράψαντες
1789 3101 1883 3153 καὶ

1993 529 2282 598 amigendo
2315 530 2451 585 deus
2477 543 2600 586 esse
2627 531 2886 596 creditur,
2919 543 2990 598 et,
3021 545 3377 607 praeterquam
3417 538 3562 609 quod

1993 617 2351 678 formidabilis
2375 629 2479 688 est,
2510 620 2674 676 etiam
2708 622 2916 679 honore
2941 625 3191 683 allicitur.

2064 711 2130 767 ν.
2171 711 2437 778 Quocirca
2469 727 2580 768 non
2615 723 2746 785 puto
2775 731 2806 769 a
2836 730 3113 787 quoquam
3149 718 3326 790 ignem
3350 731 3560 778 tantum

1991 820 2283 862 accensum
2325 822 2490 879 posse
2525 807 2818 878 exstingui.
2853 805 3024 863 Nemo
3055 811 3200 864 enim
3239 812 3293 866 in
3334 814 3562 871 dubium

1989 906 2148 954 vocat
2191 913 2314 969 quae
2364 899 2453 954 ille
2491 898 2820 970 pollicetur,
2862 900 2956 956 sed
2993 901 3194 972 singuli
3239 907 3564 963 conﬁrmant

1988 1003 2104 1044 rem
2128 990 2202 1044 ita
2229 1003 2288 1046 se
2314 989 2535 1046 habere.
2559 989 2740 1058 Quare
2773 1006 2838 1046 ea
2874 992 3070 1061 gratia.
3108 1002 3168 1048 ut
3198 1008 3297 1050 vos
3325 996 3378 1050 in
3411 999 3560 1068 peri-

1990 1083 2172 1138 culum
2203 1098 2312 1138 non
2350 1083 2602 1152 veniatis,
2646 1087 2838 1140 hortor
2875 1101 2945 1141 ne
2988 1087 3288 1158 quidquam
3340 1092 3559 1148 tentetis

1989 1174 2250 1230 adversus
2285 1190 2432 1242 eum,
2466 1187 2591 1232 ante
2619 1191 2782 1246 quam
2813 1175 3005 1234 Petrus
3050 1179 3276 1247 venerit,
3304 1181 3396 1254 qui
3434 1198 3560 1238 cum

1990 1265 2062 1320 sit
2093 1265 2309 1321 Domini
2340 1269 2511 1324 nostri
2550 1267 2680 1324 Jesu
2711 1268 2914 1324 Christi
2942 1271 3358 1340 probatissimus
3397 1275 3562 1330 disci-

1988 1358 2172 1427 pulus,
2203 1360 2401 1429 poterit
2430 1361 2580 1416 solus
2611 1370 2800 1416 contra
2833 1371 3035 1417 tantam
3065 1365 3359 1434 potentiam
3394 1367 3559 1422 dimi-

1989 1464 2136 1505 care.
2201 1448 2436 1507 Tantum
2493 1454 2695 1524 quippe
2737 1455 3094 1511 metnohunc
3133 1457 3432 1526 hominem,
3479 1469 3558 1528 ut,

1987 1542 2092 1598 nisi
2125 1544 2258 1600 alias
2288 1561 2412 1600 cum
2437 1546 2661 1602 domino
2683 1563 2807 1603 meo
2830 1547 2992 1603 Petro
3016 1549 3326 1619 disceptans
3350 1553 3560 1609 disces-

1987 1635 2151 1692 sisset
2199 1636 2447 1704 inferior,
2493 1639 2784 1695 consilium
2841 1641 3113 1697 dedissem
3160 1644 3338 1713 vobis,
3380 1646 3556 1716 ipsum

1986 1742 2204 1798 quoque
2229 1729 2449 1786 Petrum
2488 1733 2887 1803 persuaderetis
2930 1750 2998 1791 ne
3028 1751 3152 1790 cum
3187 1735 3409 1794 Simone
3447 1741 3560 1796 dis-

1919 1839 1963 1895 B
1988 1829 2182 1890 putare
2204 1821 2487 1879 niteretur.

2061 1909 2148 1965 Vl.
2185 1911 2251 1968 Et
2277 1929 2378 1984 ego
2407 1917 2662 1986 respondi
2697 1937 2711 1972 :
2753 1918 2809 1973 Si
2847 1919 3101 1977 dominus
3143 1931 3328 1979 noster
3364 1923 3558 1982 Petrus

1990 2002 2273 2072 ignoraret
2309 2006 2452 2075 quod
2490 2007 2605 2077 ipse
2635 2010 2784 2066 solus
2816 2012 3080 2068 adversus
3117 2013 3235 2084 ejus
3261 2017 3554 2086 potentiam

1983 2095 2258 2164 praevalet,
2287 2111 2394 2150 non
2434 2099 2620 2169 utique
2669 2103 3046 2171 praemittendo
3083 2121 3184 2162 nos
3221 2108 3554 2173 mandasset,

1982 2195 2049 2241 ut
2091 2187 2231 2242 clam
2279 2187 2518 2246 Simonis
2552 2203 2702 2263 gesta
2749 2195 3021 2252 discentes
3060 2198 3110 2252 ei
3168 2199 3553 2258 scriberemus.

1983 2276 2158 2334 Porro
2186 2294 2310 2334 cum
2337 2296 2446 2335 nox
2471 2284 2728 2352 venisset,
2767 2296 2986 2357 sumpto
3023 2289 3146 2344 cibo
3174 2290 3554 2349 dormivimus.

1984 2370 2144 2427 Mane
2194 2387 2326 2427 vero
2383 2374 2584 2445 aliquis
2633 2375 2919 2435 Berenices
2975 2379 3262 2437 familiaris
3331 2385 3556 2440 veniens

1987 2464 2145 2530 dixit,
2179 2463 2457 2522 Simonem
2491 2468 2545 2522 in
2584 2467 2842 2526 Sidonem
2873 2473 3178 2543 navigasse,
3213 2489 3276 2528 ex
3307 2475 3423 2530 suis
3456 2493 3556 2532 au-

1987 2565 2096 2611 tem
2139 2557 2425 2629 discipulis
2479 2561 2766 2632 reliquisse
2815 2563 3116 2634 Appionem
3165 2564 3550 2638 Plistonicem,

1984 2649 2161 2704 virum
2184 2649 2633 2720 Alexandrinum,
2661 2663 2777 2709 arte
2808 2658 3242 2726 grammaticum,
3265 2669 3552 2729 paternum

1987 2755 2168 2796 meum
2215 2743 2454 2798 amicum
2507 2745 2642 2799 mihi
2690 2747 3000 2816 cognitum,
3059 2760 3112 2803 et
3170 2750 3552 2809 Annubionem

1985 2832 2273 2902 quemdam
2302 2833 2680 2905 Diospolitam,
2715 2839 3070 2911 astrologum,
3111 2852 3274 2913 atque
3310 2845 3554 2903 Atheno-

1985 2922 2180 2979 dorum
2201 2925 2588 2984 Atheniensem
2623 2928 2900 2999 Epicurea:
2927 2943 3090 2988 secta:
3119 2936 3414 2993 addictum.
3441 2938 3551 2996 Nos

1985 3027 2166 3072 autem
2191 3019 2368 3074 edocti
2401 3036 2488 3076 res
2520 3019 2763 3079 Simonis
2796 3041 2953 3080 mane
2993 3037 3188 3083 cuneta
3239 3045 3365 3085 cum
3409 3035 3551 3088 scri-

1983 3109 2286 3178 psissemns
2309 3121 2364 3167 et
2390 3112 2458 3166 ad
2481 3111 2701 3168 Petrum
2734 3117 3099 3184 misissemus,
3127 3121 3194 3176 ad
3221 3123 3550 3181 ambulatio-

303 3179 498 3253 Πέτρῳ
531 3182 952 3255 διαπέμψαντες,
995 3188 1075 3251 είς
1105 3187 1404 3260 περίπατον
1431 3190 1879 3262 ἀπετραπόμεθα.

1985 3215 2108 3256 nem
2148 3203 2519 3259 convertimus
2546 3206 2795 3275 gradum.

376 3272 490 3332 VII.
532 3275 643 3328 Καὶ
710 3277 952 3332 Ἀππίων
982 3280 1328 3352 ἀπηντήσατο
1365 3282 1414 3313 ⁸⁸
1442 3285 1592 3354 ἡμῖν,
1630 3284 1690 3336 οὺ
1724 3284 1882 3354 μόνον

305 3365 445 3436 μετὰ
475 3367 588 3421 τῶν
629 3370 1038 3442 προειρημένων
1082 3364 1238 3442 123
1271 3374 1500 3444 ἑταίρων
1541 3375 1586 3406 ⁸⁷
1627 3375 1736 3429 τῶν
1767 3375 1880 3440 δύο,

298 3458 437 3512 ἀλλά
462 3461 559 3514 καὶ
589 3460 706 3534 μεθ’
737 3461 936 3533 ἐτέρων
968 3463 1176 3535 ἀνδρῶν
1205 3465 1281 3528 ῶς
1308 3466 1616 3538 τριάκοντα,
1651 3467 1743 3520 καὶ
1768 3466 1882 3538 ἅμα

298 3552 378 3623 τῷ
428 3554 561 3608 ἰδεῖν
604 3571 672 3625 με
711 3555 1158 3627 προσαγορεύσας
1197 3557 1293 3610 καὶ
1336 3558 1710 3631 καταφιλήσας
1753 3559 1878 3631 ἔφη*

299 3646 471 3712 οὗτός
501 3650 619 3700 ἐστι
658 3648 906 3720 Κλήμης,
948 3649 1076 3719 περὶ
1104 3641 1165 3702 οὗ
1204 3649 1332 3719 ὑμῖν
1370 3649 1469 3720 τῆς
1505 3667 1564 3727 τε
1609 3651 1884 3719 εὐγενείας

297 3739 396 3792 καὶ
422 3740 525 3811 τῆς
555 3739 1075 3811 ὲλευθεροπρεπείας
1109 3740 1154 3773 ⁸⁸
1186 3741 1350 3794 πολὺν
1383 3742 1679 3814 ἐποιούμην
1704 3744 1880 3813 λόγον,

295 3829 385 3883 ὃτι
415 3830 558 3902 ἀνὴρ
587 3832 721 3903 πρὸς
756 3833 944 3900 γένους
973 3831 1223 3904 Τιϐερίου
1245 3834 1516 3905 Καίσαρος
1545 3833 1620 3887 ὣν
1652 3836 1746 3890 καὶ⁸
1778 3837 1883 3890 πά-

300 3939 402 3994 σης
445 3922 762 3996 Ἑλληνικῆς
793 3925 1040 3989 παιδείας
1070 3926 1114 3958 ⁸⁸
1142 3925 1642 4001 ἐξησκημένος,ὐώ
1673 3929 1880 4001 βαρϐά-

299 4031 398 4085 ρου
427 4015 594 4079 τινὸς,
626 4016 722 4088 τὴν
754 4017 1122 4089 προσηγορίαν
1153 4019 1382 4091 Πέτρου,
1421 4020 1491 4074 τὰ
1520 4021 1628 4074 τῶν
1660 4023 1706 4054 7°
1749 4024 1880 4076 Ἰου-

296 4111 462 4166 δαίων
489 4115 660 4165 ποιεῖν
691 4115 783 4166 καὶ
810 4111 988 4182 λέγειν
1019 4113 1316 4184 ὴπάτηται.
1356 4115 1512 4169 Ὅθεν
1554 4115 1689 4183 ἀξιῶ
1722 4135 1881 4172 συνα-

296 4203 634 4272 γωνίσασθαί
675 4222 764 4275 μοι
803 4203 944 4278 πρὸς
973 4205 1074 4278 τὴν
1115 4206 1397 4279 διόρθωσιν
1431 4208 1616 4261 αὑτοῦ·
1660 4211 1754 4263 καὶ
1791 4212 1878 4279 ἐφ’

295 4295 452 4366 ὑμῶν
483 4295 647 4350 αὑτοῦ
683 4297 1042 4368 πυνθάνομαι.
1087 4299 1308 4367 Λεγέτω
1356 4316 1468 4370 μοι,
1509 4301 1694 4372 ἐπειδὴ
1744 4302 1880 4374 πρὸς

295 4387 358 4439 τὸ
389 4388 634 4441 εὐσεϐεῖν
677 4390 868 4443 ἑαυτὸν
907 4389 1306 4444 ἀποδεδωκέναι
1343 4391 1571 4462 νομίζει,
1606 4391 1724 4456 πῶς
1759 4393 1880 4464 οὐχὶ

295 4478 364 4532 τά
408 4481 640 4550 μέγιστα
695 4481 898 4545 ἀσεϐεῖ,
953 4482 1264 4536 καταλιπὼν
1304 4484 1348 4514 '”
1399 4483 1500 4555 μὲν
1541 4483 1611 4537 τὰ
1650 4484 1873 4557 πάτρια,

295 4569 592 4635 ἀποκλίνας
619 4573 675 4625 δὲ
700 4574 779 4636 εἰς
804 4572 898 4644 εοη
931 4574 1198 4646 βάρϐαρα.

369 4663 500 4720 νιιι.
543 4665 713 4734 Κάγὼ
750 4667 796 4698 ⁷³
837 4667 1239 4739 ἀπεκρινάμην·
1285 4668 1395 4740 Τὴν
1450 4668 1549 4739 μὲν
1596 4670 1732 4741 πρὸς
1769 4671 1870 4740 ἐμέ

295 4773 391 4810 σου
420 4758 630 4830 ἀγαθὴν
657 4759 971 4831 προαίρεσιν
1002 4760 1351 4831 ἀποδέχομαι,
1384 4761 1483 4833 τὴν
1509 4762 1566 4815 δὲ
1597 4763 1870 4831 ἀγνωσίαν

290 4849 638 4921 ἀποσείομαι.
681 4851 744 4904 Ἡ
777 4853 876 4924 μὲν
904 4853 950 4884 ⁷³
976 4853 1083 4925 γὰρ
1111 4853 1424 4925 προαίρεσις
1456 4855 1654 4927 ἀγαθὴ,
1685 4857 1786 4921 ὅτι,
1811 4858 1869 4910 ἐν

291 4939 372 5006 οἷς
401 4943 576 5007 δοκεῖς
612 4945 660 4975 ⁷⁸
705 4944 908 5009 καλοῖς,
952 4947 1010 4998 ἐν
1052 4944 1261 5008 τούτοις
1305 4939 1443 4999 εἷναί
1487 4963 1553 5016 με
1599 4947 1790 5010 θέλειςο
1835 4950 1867 5020 ή

291 5032 347 5086 δὲ
394 5033 596 5102 γνῶσις
639 5036 739 5088 οὐκ
781 5036 955 5108 ὀρθῶς
996 5035 1192 5107 ἔχουσα
1239 5036 1418 5104 φιλίας
1461 5038 1729 5108 προφάσει
1755 5041 1870 5092 ἐνε-

294 5125 506 5198 δρεύειν
555 5129 895 5196 ἀγωνίζεται.
944 5131 1111 5184 Καὶὸ
1141 5130 1387 5184 Ἀππίων
1419 5129 1543 5202 ἔφη·
1600 5132 1867 5202 ’Λγνωσία

2054 3291 2165 3346 Vll.
2206 3293 2272 3348 Et
2309 3296 2551 3351 occurrit
2588 3299 2744 3353 nobis
2777 3301 3009 3370 Appion,
3056 3318 3163 3357 non
3207 3305 3382 3360 solum
3423 3322 3549 3364 cum

1979 3384 2256 3454 praedictis
2282 3384 2498 3443 duobus
2542 3389 2726 3455 sociis,
2758 3391 2853 3445 sed
2891 3402 2944 3446 et
2973 3409 3093 3448 cum
3130 3396 3254 3451 aliis
3286 3398 3418 3453 viris
3445 3401 3550 3455 tri-

1983 3479 2130 3549 ginta
2157 3480 2392 3556 circiter.
2433 3483 2513 3538 Ac
2543 3484 2704 3538 simul
2729 3495 2893 3555 atque
2925 3504 3009 3542 tne
3039 3489 3192 3556 vidit,
3225 3491 3466 3548 salutans
3494 3503 3552 3550 et

1982 3555 2259 3628 osculatus
2282 3573 2358 3628 ait
2389 3592 2402 3628 :
2436 3572 2535 3627 llic
2569 3583 2651 3629 est
2679 3574 2950 3643 Clemens,
2982 3578 3047 3632 de
3070 3555 3184 3649 quo
3221 3583 3449 3637 multum
3481 3585 3547 3641 ad

1981 3680 2081 3719 vos
2103 3680 2412 3721 sermonem
2445 3667 2631 3735 habui,
2659 3668 2726 3724 de
2749 3668 2895 3725 illius
2919 3672 3198 3728 nobilitate
3219 3691 3282 3730 ac
3305 3678 3548 3735 moribus

1981 3757 2325 3825 liberalibus;
2364 3761 2508 3830 quod
2543 3761 2626 3814 vir
2649 3777 2716 3816 ex
2752 3777 2947 3833 genere
2984 3763 3186 3820 Tiberii
3211 3767 3464 3836 Caesaris,
3494 3780 3549 3828 et

1981 3848 2036 3902 in
2093 3850 2243 3904 omni
2289 3850 2474 3906 Graeca
2523 3852 2809 3923 disciplina
2851 3857 3201 3926 exercitatus,
3240 3877 3271 3916 a
3312 3862 3545 3920 barbaro

1980 3940 2248 4010 quodam,
2303 3942 2397 4012 qui
2443 3953 2672 3999 vocatur
2719 3945 2948 4015 Petrus,
3001 3947 3192 4006 fraude
3232 3957 3546 4024 compulsus

1977 4042 2122 4087 esset
2153 4033 2219 4086 ad
2257 4035 2588 4105 peragendos
2626 4051 2688 4091 ac
2718 4039 3087 4106 przedieandos
3117 4040 3426 4101 Judaeorum
3471 4050 3546 4103 riv

1981 4129 2088 4177 tus.
2116 4121 2296 4189 Quare
2331 4139 2484 4196 rogo,
2527 4137 2587 4182 ut
2626 4143 2714 4183 me
2756 4129 2810 4183 in
2848 4131 2940 4186 illo
2971 4134 3294 4205 corrigendo
3324 4140 3545 4209 adjuve-

1977 4214 2077 4280 tis;
2132 4224 2186 4270 et
2239 4230 2424 4271 coram
2483 4219 2638 4275 vobis
2677 4236 2801 4275 eum
2855 4223 3148 4295 interrogo.
3199 4226 3546 4300 Respondeat

1975 4306 2132 4368 mihi,
2162 4309 2602 4379 quandoquidem
2636 4313 2951 4380 arbitratur,
2983 4317 3129 4385 quod
3161 4334 3240 4386 se,
3273 4328 3330 4375 ut
3370 4323 3542 4390 pieta-

1975 4406 2084 4454 tem
2116 4400 2338 4466 coleret,
2369 4400 2656 4471 dediderit,
2685 4420 2796 4475 quo
2835 4408 2996 4463 modo
3030 4424 3137 4464 non
3177 4413 3413 4468 maxime
3437 4414 3543 4468 itn-

1973 4491 2098 4561 pius
2128 4491 2220 4558 sit,
2259 4493 2359 4563 qui
2392 4495 2598 4564 patrios
2625 4497 2996 4571 dereliquerit,
3033 4501 3386 4560 declinaverit
3412 4522 3542 4563 vero

1903 4595 1947 4651 Ῑ)
1976 4585 2043 4638 ad
2066 4584 2330 4642 barbaros
2360 4602 2559 4643 mores.

2050 4674 2180 4731 Vlll.
2223 4676 2288 4732 Et
2329 4692 2431 4749 ego
2475 4681 2729 4750 respondi
2784 4701 2796 4738 :
2850 4682 3020 4739 Tuam
3076 4689 3292 4757 quidem
3346 4689 3402 4745 in
3453 4707 3541 4748 me

1974 4770 2288 4838 praeclaram
2334 4771 2668 4829 voluntatem
2712 4775 2889 4832 habeo
2929 4789 3241 4849 acceptam;
3282 4791 3338 4836 at
3381 4783 3539 4854 igno-

1974 4863 2239 4920 rationem
2270 4865 2521 4922 amolior.
2555 4866 2791 4938 Scilicet,
2819 4872 3077 4941 praeclara
3100 4873 3316 4944 quidem
3343 4877 3538 4934 volun-

1973 4962 2058 5011 tas
2089 4965 2192 5023 est,
2232 4957 2379 5028 quod
2419 4959 2472 5014 in
2520 4961 2610 5025 iis,
2650 4978 2772 5032 quae
2818 4963 2912 5017 tibi
2957 4964 3099 5020 bona
3137 4965 3407 5035 videntur,
3451 4987 3539 5028 me

1975 5050 2180 5105 versari
2211 5051 2367 5121 cupis
2413 5070 2428 5106 :
2480 5068 2667 5108 verum
2719 5056 2959 5127 cognitio
3001 5072 3110 5113 non
3154 5069 3299 5116 recte
3327 5063 3538 5120 habens

1974 5152 2237 5212 praetextu
2263 5145 2514 5201 amicitiae
2546 5147 2790 5203 insidiari
2831 5148 3040 5206 nititur.
3086 5150 3232 5209 Dixit
3264 5154 3474 5226 Appion
3516 5176 3530 5214 :

1551 5269 1787 5325 VARIE
1825 5273 2119 5331 LECTION
2127 5278 2231 5333 ES.

363 5357 408 5387 “
465 5355 543 5410 lta
591 5355 636 5411 0
713 5374 764 5413 c.
838 5359 927 5423 D,
986 5363 1053 5415 τό.
1109 5361 1172 5416 C.

1320 5363 1379 5442 “_
1426 5362 1559 5442 Post
1619 5367 1756 5437 πρός
1782 5371 2112 5442 *θειῌαύτόνν
2182 5372 2236 5425 in
2296 5373 2340 5442 0
2418 5382 2769 5442 expunctum.

2916 5376 2961 5408 ⁶³
3013 5378 3385 5433 Πλειστονίκον
3460 5377 3525 5436 0.

291 5427 342 5508 ⁸¹ξ
367 5425 525 5513 ¹ὄντα.
554 5427 626 5513 m0
699 5439 752 5513 et
808 5445 876 5483 ex
914 5432 1304 5513 φρῐιῇοίξμήίὶ,Δ
1367 5435 1420 5487 in
1443 5435 1572 5513 ‘c‘uj.
1603 5425 1858 5513 t‘eitdby.
1918 5437 2119 5513 Davisii
2155 5425 2398 5513 notitiam
2427 5425 2513 5498 'éo’
2542 5425 2875 5513 spectantem
2929 5447 2968 5501 S
3040 5465 3145 5502 non
3195 5451 3530 5511 intellexisse

290 5495 1154 5592 Ῐξά-εξρΔΓοΛΤυηέτΔξρξξιςολίξῇν’ξε
1241 5543 1257 5592 ,
1279 5495 1593 5592 Διοπολιίτῆν
1609 5505 1670 5559 (1.
1717 5507 1884 5592 “"llta
1902 5524 1976 5592 ἐκ
1998 5511 2299 5592 conject.(_]
2317 5495 2463 5583 Qui
2480 5495 3528 5592 ,ξείἷςεέίιξῖέπι-κοῦρῶίἶί-Οῗηῖἶάπηῖ

290 5567 495 5646 τάσατρ
523 5566 588 5623 0.
631 5569 725 5646 Αξτ-
746 5570 946 5646 ἐτέρων
974 5566 1038 5625 ΟΖ
1072 5566 1365 5646 ιιιθιηοιαθῖ
1393 5566 1613 5646 ἑτέρων.

1717 5577 1761 5612 ⁸⁸
1794 5577 1866 5662 Ita
1901 5577 2138 5662 intellige
2161 5577 2443 5662 lectionem
2463 5581 2821 5662 _0ttoboniani
2844 5577 3376 5662 ὲλευθερωπρεπείας
3401 5577 3524 5647 etim

292 5638 416 5718 cod.
448 5635 588 5730 .Reg.
627 5639 754 5730 ξγθιξ,
790 5635 1387 5730 ἐξευθεροτροπείας-
1415 5714 1441 5727 η
1464 5635 1740 5730 6illepone
1753 5650 1934 5730 πᾶισαν

294 5707 761 5802 εετξρξι-εεᾏγζίρε
789 5707 1127 5802 tarpeiae}:
1157 5712 1263 5802 n."
1296 5715 1341 5802 vf
1367 5714 1481 5800 ,ch
1513 5707 1715 5802 inserui
1745 5735 1800 5802 9.
1820 5719 1937 5802 o.__
1961 5723 2004 5802 ξι
2038 5707 2114 5802 lt:_i
2146 5721 2203 5802 ρ
2229 5707 2284 5781 'c.
2307 5725 2368 5779 ut
2424 5735 2487 5781 et
2515 5707 2956 5796 δ’,ἆάιτξιιῐέὶξτῶν
2979 5707 3526 5802 resilientes;

293 5775 420 5831 cod.
451 5775 581 5849 Reg.
607 5779 732 5836 804.
809 5775 854 5818 ⁷δ
907 5782 1047 5850 Ἐγώ
1077 5781 1138 5836 C.
1217 5783 1263 5818 ⁷³
1301 5785 1446 5855 ἡμᾶς
1479 5800 1531 5855 p.
1568 5789 1600 5857 ἡ
1627 5788 1723 5856 μέν
1759 5790 1822 5844 0.
1899 5793 1944 5827 "
1963 5791 2138 5845 δοκεῖν
2164 5791 2224 5851 Ο.
