4084 6148
294 311 390 370 I65

1404 301 1864 361 CLEMENTINA.
1904 333 1976 345 —
1996 297 2285 359 HOMILIA
2315 297 2404 357 IV.

3427 305 3530 363 I68

286 423 429 496 αὺτῷ
457 419 644 492 ἥδεται
675 423 706 477 ό
733 419 1084 493 παραλαϐὼν,
1117 419 1240 475 οὔτε
1271 417 1460 490 ψευδεῖ
1489 417 1736 489 ἄχθεται.
1771 418 1849 471 Οὐ

1954 415 2143 481 sumit,
2167 431 2347 486 neque
2369 429 2495 471 cum
2522 413 2680 480 falsa,
2713 396 3090 472 contristatur.
3126 415 3244 474 Non
3275 421 3420 475 enim
3441 421 3533 491 ju-

289 518 391 591 γὰρ
409 517 455 551 ⁸⁸
481 515 680 588 κρίσει,
713 514 850 569 ἀλλά
870 513 1133 586 προλήψει
1151 515 1181 567 ό
1208 510 1448 574 τοιοῦτος
1470 511 1853 576 πεπίστευκεν,

287 610 474 682 γνώμῃ
509 608 617 662 τῶν
649 608 764 680 πρὸ,
785 603 952 659 αὐτοῦ
987 605 1074 658 ἐπ’
1129 605 1310 677 ἀδήλῳ
1346 605 1486 678 τύχῃ
1509 605 1554 638 ⁸⁹
1587 606 1687 676 τὴν
1721 605 1856 659 ίδίαν

286 683 620 764 amamus;
648 697 860 752 ἐλπίδα.
902 695 1014 750 Καὶ
1045 698 1146 751 οὐκ
1179 697 1293 751 ἐστι
1342 697 1539 770 ῥᾳδίως
1581 695 1856 750 ἀποδύσα-

289 795 410 850 σθαι
441 793 539 866 τὴν
565 791 792 864 πάτριον
829 791 876 824 ⁸⁵
909 789 1220 862 περιϐολὴν,
1255 789 1360 844 κᾶν
1393 790 1536 843 πάνυ
1568 788 1718 860 αὑτῷ
1749 790 1856 843 δει-

285 889 509 959 κνύηται
542 885 697 957 μωρὰ
728 883 824 938 καὶ
862 884 1265 952 καταγέλαστος
1294 877 1451 936 οὖσα.

353 979 465 1034 ΧΠ.
497 976 704 1031 Αὐτίκα
750 974 882 1045 γοῦν
928 973 1040 1044 ἐγὼ
1073 975 1173 1047 τὴν
1216 975 1396 1028 πᾶσαν
1429 971 1696 1044 Ἑλλήνων
1731 984 1857 1026 παι-

283 1072 424 1128 δείαν
442 1071 614 1126 κακοῦ
641 1070 895 1140 δαίμονος
924 1069 1084 1140 126
1102 1067 1494 1140 χαλεπωτάτην
1516 1065 1772 1120 ὑπόθεσιν
1787 1059 1858 1117 εἷα

282 1169 384 1220 ναι⁹
402 1163 566 1233 λέγω.
600 1164 664 1218 οι
711 1163 809 1236 μὲν
841 1161 951 1234 γὰρ
993 1159 1170 1213 αὐτῶν
1203 1158 1431 1244 πολλοὺς
1461 1157 1616 1220 θεοὺς
1644 1156 1859 1228 εἰσηγή-

282 1274 458 1320 σαντο,
481 1256 577 1310 καὶ
605 1255 829 1318 τούτους
849 1253 1056 1317 κακοὺς
1077 1252 1175 1306 καὶ
1196 1251 1580 1314 παντοπαθεῖςο
1614 1249 1701 1304 ῐνα
1731 1251 1759 1302 ὁ
1788 1247 1858 1302 τά

279 1349 434 1418 ὅμοια
480 1348 742 1421 πράττειν
781 1346 952 1402 θέλων
1007 1345 1140 1419 μηδὲ
1184 1344 1492 1416 αἰδῆται⁹¹,
1523 1344 1661 1415 ὅπερ
1709 1342 1858 1397 ἐστὶν

279 1439 567 1514 ἀνθρώπου
588 1441 740 1506 ῐδιον,
775 1439 1128 1512 παράδειγμα
1161 1437 1298 1508 ἔχων
1318 1435 1426 1490 τῶν
1455 1434 1856 1508 μυθολογουμέ-

279 1548 382 1586 νων
407 1532 550 1586 θεῶν
575 1533 702 1596 τοὺς
733 1533 936 1594 κακοὺς
956 1531 1050 1584 καὶ
1074 1529 1344 1600 ἀσέμνους
1365 1527 1528 1598 βίους·
1551 1525 1630 1598 τῷ
1645 1527 1702 1580 δὲ
1721 1526 1857 1598 μηδέ

279 1623 543 1678 αἰδεῖσθαι
573 1623 693 1678 οὑδέ
718 1623 910 1677 ἐλπίδα
949 1621 1235 1693 μετανοίας
1252 1623 1281 1674 ό
1306 1618 1548 1683 τοιοῦτος
1577 1619 1850 1690 ἐμφαίνει.

283 1714 465 1769 ΙΙἈλλοι
522 1715 580 1768 δὲ
629 1714 968 1787 εἱμαρμένην
1001 1715 1382 1785 εἰσηγήσαντο,
1414 1713 1514 1784 τὴν
1559 1709 1855 1782 λεγομένην

279 1807 572 1875 γένεσιν”,
605 1808 736 1878 παρ’
763 1808 829 1878 ἢν
866 1806 1028 1878 μηδὲν
1065 1807 1292 1877 πάσχειν
1313 1823 1397 1869 τις
1425 1804 1458 1876 ἦ
1493 1807 1666 1858 ποιεῖν
1699 1803 1857 1856 δύνα-

277 1897 426 1951 ται⁹³
457 1936 472 1952 .
519 1898 748 1970 Ὁμοίως
777 1895 870 1952 οὖν
900 1899 992 1951 καὶ
1024 1897 1180 1951 τοῦτο
1211 1897 1289 1969 τῷ
1321 1897 1523 1969 πρώτῳ
1569 1896 1762 1951 ταύτόν
1801 1897 1858 1949 ἐ-

278 2005 418 2044 στιν.
456 1991 702 2062 Νομίσας
731 1991 839 2063 γάρ
870 2007 954 2054 τις
981 1992 1061 2045 ὅτι
1097 1989 1246 2064 παρά
1286 1991 1499 2060 γένεσιν
1529 1989 1703 2054 οὐδεὶς
1732 1989 1856 2043 οὔτε

275 2081 510 2153 πάσχειν
551 2081 674 2136 οὔτε
725 2085 900 2136 ποιεῖν
948 2099 1001 2136 τι
1053 2081 1352 2147 savum“,
1409 2081 1606 2155 ῥᾳδίως
1649 2080 1740 2134 ἐπὶ
1794 2080 1858 2135 τὸ

275 2173 614 2247 ἁμαρτάνειν
645 2175 860 2248 ἔρχεται
882 2215 898 2240 ,
946 2174 1041 2231 καί⁵
1073 2174 1338 2248 ἁμαρτὼν
1369 2175 1430 2228 οὺ
1473 2173 1857 2245 μεταμελεῖται

277 2267 362 2336 ἐφ’
395 2263 478 2332 οἷς
504 2267 794 2340 ἠσέϐηκεν,
817 2269 1112 2337 ἀπολογίαν
1144 2267 1326 2340 φέρων
1355 2268 1437 2320 ὅτι
1465 2266 1570 2320 ὑπὸ
1591 2266 1858 2335 γενέσεως

275 2360 418 2414 αὐτὰ
447 2365 622 2414 ποιεῖν
657 2361 1081 2432 ἐξηναγκάζετο·
1098 2359 1192 2412 καί¹
1216 2358 1290 2421 ὼς
1304 2358 1404 2429 τὴν
1423 2357 1636 2426 γένεσιν
1659 2373 1858 2429 κατορ-

275 2451 509 2506 θῶσαιη
543 2453 617 2523 μὴ
664 2451 980 2523 δυνάμενος,
1016 2452 1100 2520 ἐφ’
1132 2447 1212 2514 οἷς
1245 2449 1611 2521 ἐξαμαρτάνει
1646 2449 1769 2502 οὐδὲ
1794 2449 1856 2503 τὸ

274 2543 543 2596 αἰδεῖσθαι
576 2543 708 2614 ἔχει.

344 2635 490 2688 XIII.
531 2635 712 2688 Ἀλλοι
736 2634 794 2688 δὲ
826 2635 1161 2706 ἀπρονόητον
1195 2633 1368 2705 φορὰν
1400 2631 1763 2703 εἰσηγοῦνται,
1781 2631 1858 2695 ῶς

273 2725 604 2798 αὐτομάτως
634 2725 741 2780 τῶν
773 2727 992 2780 πάντων
1013 2724 1478 2797 περιφερομένων,
1501 2724 1714 2788 οὐδενὸς
1733 2726 1857 2793 ἐφε-

276 2819 598 2890 στηκότος⁹⁶
629 2819 910 2872 δεσπότου.
949 2819 1136 2872 Ταῦτα
1179 2818 1236 2872 δὲ
1275 2817 1420 2872 οὕτω
1468 2817 1745 2888 νομίζειν,
1779 2817 1856 2880 ὡς

271 2911 597 2984 εἰρήκαμεν,
631 2911 819 2966 πασῶν
847 2911 1016 2979 δοξῶν
1030 2913 1286 2983 τυγχάνει
1307 2907 1442 2965 οὖσα
1471 2909 1852 2982 χαλεπωτάτη.

283 3002 372 3067 Ὦς
395 3003 509 3076 γὰρ
545 3004 645 3057 οὐκ
675 3004 826 3068 ὄντος
855 3003 950 3056 τοῦ
1003 3004 1302 3073 ἐφεστῶτος
1333 3004 1426 3056 καὶ
1457 3001 1854 3074 προνοουμένου

1956 510 2121 575 dicio,
2159 508 2252 565 sed
2283 515 2614 578 prasnmpta
2642 506 2899 578 opinione
2929 509 2977 564 is
3023 510 3288 578 credidit,
3320 511 3532 568 incerta

1956 598 2127 656 fretus
2156 599 2398 663 fortuna,
2422 598 2695 668 majorum
2720 599 2928 655 scilicet
2954 601 3155 670 placito
3179 618 3333 658 suam
3357 604 3532 674 ipsius

1957 706 2106 762 Spem
2133 691 2396 747 conlisus.
2435 689 2546 746 Nec
2574 689 2732 747 facile
2759 701 2844 748 est
2871 708 3072 748 exuere
3117 696 3530 754 hareditarium

1956 781 2238 838 sententia
2262 783 2548 847 amictum,
2575 781 2702 836 licet
2722 781 2770 836 ei
2803 782 3020 851 penitus
3043 784 3365 841 ostendatur
3391 788 3532 843 stul-

1956 881 2046 930 tus
2075 889 2140 930 ac
2159 874 2451 929 ridiculus.

2026 965 2145 1020 XII.
2176 965 2296 1020 Iam
2329 965 2496 1037 igitur
2523 978 2625 1036 ego
2651 965 2961 1022 universam
2987 966 3302 1024 Graecorum
3330 970 3535 1027 doctri-

1957 1073 2082 1112 nam
2111 1056 2236 1114 dico
2269 1073 2392 1113 esse
2421 1057 2945 1128 perniciosissimam
2971 1060 3097 1114 mali
3121 1061 3387 1118 damonis
3416 1063 3534 1118 dis-

1957 1150 2235 1219 ciplinam.
2265 1149 2372 1203 Alii
2393 1151 2538 1205 enim
2567 1150 2783 1205 illorum
2804 1150 3137 1206 induxerunt
3157 1153 3360 1208 multos
3381 1154 3532 1218 deos,

1957 1253 2164 1307 eosque
2194 1238 2370 1294 malos
2403 1240 2774 1310 omnibusque
2811 1239 3081 1297 obnoxios
3108 1243 3546 1312 perturbationi-m

1957 1327 2100 1383 bus:
2134 1329 2311 1400 utqui
2350 1329 2552 1384 similia
2589 1338 2808 1399 patrare
2845 1330 3005 1397 velit,
3057 1347 3166 1386 non
3205 1332 3534 1398 erubescat,

1955 1421 2102 1489 quod
2129 1430 2214 1476 est
2253 1420 2494 1476 hominis
2536 1422 2840 1492 proprium,
2875 1423 3004 1478 dum
3037 1439 3136 1493 pro
3162 1426 3412 1496 exemplo
3435 1427 3538 1481 ha-

1957 1510 2048 1566 bet
2078 1511 2456 1568 labulosorum
2485 1513 2713 1568 deorum
2755 1529 2955 1584 pravos
2983 1524 3040 1569 et
3070 1515 3390 1572 inhonestos
3417 1531 3538 1572 mo-

1956 1616 2083 1670 res;
2115 1617 2180 1658 ex
2209 1619 2276 1658 eo
2317 1614 2500 1660 autem
2530 1605 2675 1675 quod
2715 1620 2892 1676 neque
2931 1609 3226 1674 erubescit,
3258 1608 3535 1677 poeniten-

1959 1693 2046 1748 tia
2075 1694 2123 1750 is
2151 1710 2252 1751 nec
2286 1711 2438 1766 spem
2477 1697 2734 1753 ostendit.
2766 1697 2871 1752 Alii
2895 1714 3024 1754 vero
3055 1698 3227 1754 fatum
3253 1715 3349 1755 seu
3373 1715 3536 1770 gene-

1887 1775 1928 1830 B
1957 1785 2041 1838 sin
2077 1784 2432 1853 invexerunt,
2479 1797 2674 1858 prater
2716 1803 2880 1858 quam
2924 1803 3086 1844 nemo
3120 1789 3418 1860 quidquam
3453 1793 3536 1847 vel

1958 1875 2139 1932 facere
2172 1879 2257 1932 vel
2285 1878 2399 1948 pati
2450 1887 2648 1948 potest.
2685 1876 2951 1933 Similiter
2987 1894 3118 1949 ergo
3152 1889 3208 1934 et
3247 1880 3353 1935 hoc
3385 1880 3525 1936 idem

1957 1977 2042 2023 est
2071 1984 2196 2024 cum
2225 1970 2424 2040 primo.
2453 1969 2791 2027 Existimans
2819 1971 2964 2026 enim
2999 1971 3221 2041 aliquis,
3255 1973 3534 2027 neminem

1957 2069 2155 2130 prater
2178 2061 2400 2131 genesin
2434 2062 2733 2132 quidquam
2768 2063 2850 2117 vel
2879 2063 2990 2132 pati
3019 2063 3102 2117 vel
3135 2061 3316 2118 facere
3347 2077 3534 2132 posse,

1959 2149 2120 2206 facile
2149 2151 2214 2206 ad
2245 2153 2582 2222 peccandum
2608 2153 2842 2218 accedit,
2875 2163 2929 2208 et
2963 2163 3086 2223 post
3110 2162 3395 2223 peccatum
3424 2169 3533 2208 non

1957 2242 2179 2298 ducitur
2222 2243 2547 2313 panitentia
2590 2244 2758 2314 impie
2795 2255 3094 2314 gestorum,
3125 2243 3392 2313 aﬂ'ertque
3433 2259 3536 2313 pro

1957 2333 2297 2397 defensione,
2335 2336 2481 2405 quod
2511 2350 2543 2390 a
2586 2335 2770 2406 genesi
2816 2335 2889 2389 ita
2933 2335 3114 2390 facere
3147 2343 3375 2390 coactus
3417 2335 3532 2390 sit:

1956 2436 2011 2482 et
2034 2427 2191 2497 quasi
2213 2425 2307 2492 qui
2333 2435 2569 2495 nequeat
2598 2425 2872 2495 corrigere
2896 2425 3146 2495 genesin,
3172 2440 3350 2494 neque
3382 2441 3536 2481 vere-

1956 2517 2214 2575 cundiam
2247 2516 2410 2570 habet
2435 2517 2487 2569 in
2526 2515 2784 2585 peccatis.

2029 2607 2167 2665 XIII.
2200 2607 2309 2662 Alii
2335 2623 2464 2663 vero
2490 2607 2848 2662 introducunt
2869 2608 3226 2678 providentia
3249 2619 3530 2680 expertem

1956 2715 2185 2764 casum,
2232 2714 2298 2755 ac
2332 2699 2380 2755 si
2428 2698 2614 2754 omnia
2670 2707 2863 2770 sponte
2916 2716 3013 2755 sua
3052 2701 3530 2768 circumferantur,

1956 2791 2181 2846 domino
2214 2789 2366 2845 nullo
2411 2790 2751 2862 prasidente.
2791 2789 2917 2846 Hac
2952 2802 3133 2848 autem
3170 2793 3243 2848 ita
3283 2810 3534 2861 censere,

1955 2888 2018 2934 ut
2043 2879 2303 2944 diximus,
2329 2879 2577 2934 omnium
2623 2882 3016 2935 sententiarum
3049 2891 3134 2937 est
3180 2882 3540 2952 perniciosis-

1957 2972 2118 3028 sima.
2150 2971 2435 3042 Tanquam
2470 2972 2614 3026 enim
2654 2971 2838 3026 nullus
2864 2973 2935 3027 sit
2960 2989 3162 3042 prases
3195 2990 3259 3030 ac
3282 2977 3538 3044 provisor

273 3062 366 3150 καί
397 3062 618 3167 ἑκάστῳ
647 3096 710 3149 τὸ
740 3062 860 3150 κατ’
886 3062 1094 3161 ἀξίανιοτ
1129 3062 1295 3167 127'
1321 3062 1706 3168 ἀπονέμοντος,
1744 3097 1853 3150 πᾶν

1958 3063 2296 3135 singulisque
2317 3078 2420 3133 pro
2455 3063 2653 3116 merito
2677 3062 3022 3129 distributor,
3055 3079 3219 3121 omne
3247 3067 3391 3136 quod
3419 3066 3536 3122 ﬁeri

272 3189 352 3242 ὃτι
375 3189 631 3243 δύνανται
654 3189 743 3243 διὰ
759 3189 858 3261 τὴν
881 3189 1112 3258 ἀφοϐίαν
1135 3190 1371 3252 εὐκόλως
1391 3189 1592 3260 δρῶσιν
1603 3189 1671 3246 ⁸⁸.
1695 3188 1856 3242 Ὅθεν

269 3284 333 3336 οὐ
368 3283 590 3355 ῥᾳδίως,
626 3281 659 3352 ἦ
692 3282 832 3353 τάχα
864 3281 984 3336 οὐδὲ
1015 3282 1213 3346 ὄλωςοί
1244 3282 1314 3336 τὰ
1341 3280 1563 3336 τοιαῦτα
1597 3280 1850 3354 φρονοῦν-

270 3392 362 3440 τες
393 3374 836 3446 σωφρονίζονταιο
858 3374 950 3428 τὸν
980 3374 1089 3445 γὰρ
1110 3374 1502 3446 ἐπιστρέφοντα
1534 3374 1774 3428 κίνδυνον
1791 3374 1853 3428 οὐ

273 3470 635 3542 προορῶνται.
684 3469 742 3522 '0
773 3468 830 3521 δέ
861 3467 992 3530 τῶν,
1027 3467 1103 3531 ὡς
1124 3467 1284 3538 ὑμεῖς
1311 3484 1448 3536 φατε
1471 3466 1604 3537 (84),
1647 3467 1854 3539 βαρϐά-

274 3581 382 3634 ρων
427 3562 700 3618 Ἰουδαίων
731 3561 890 3630 λόγος
909 3543 1299 3623 εὑσεϐἐστατός
1327 3560 1494 3622 ἐστιν,
1510 3559 1607 3614 ἕνα
1632 3561 1853 3632 Πατέρα

272 3657 364 3711 καὶ
392 3655 738 3729 Δημιουργὺν
775 3653 929 3708 τοῦδε
963 3651 1059 3706 τοῦ
1095 3651 1297 3716 παντὸς
1333 3649 1749 3724 εἰσηγούμενος,
1783 3656 1850 3726 τῇ

271 3752 431 3822 φύσει
463 3749 777 3819 ἀγαθὸνκαὶ
806 3746 1029 3801 δίκαιονο
1063 3743 1264 3814 ἀγαθὸν
1301 3743 1420 3814 μὲν,
1439 3743 1516 3808 ὡς
1550 3745 1853 3816 μεταμελο-

275 3845 459 3916 μένοις
491 3842 846 3915 χαριζόμενον
870 3837 942 3891 τὰ
982 3835 1383 3908 ἁμαρτήματα,
1417 3834 1621 3892 δίκαιον
1665 3837 1742 3902 δὲ,
1778 3837 1856 3902 ὡς

273 3937 490 4007 ἑκάστῳ
527 3932 665 4006 μετὰ
694 3933 792 4003 τὴν
811 3929 1096 4003 μετάνοιαν
1107 3929 1154 3962 ⁹⁹
1173 3930 1292 3982 κατ’
1309 3928 1467 3994 ἀξίαν
1488 3929 1598 3984 τῶν
1631 3947 1817 4003 πεπρα

271 4029 491 4102 γμένων
521 4025 820 4093 ἐπεξιόντα.

1956 3162 2172 3222 potest,
2227 3153 2386 3208 facile
2443 3153 2515 3208 ob
2573 3162 2751 3209 metus
2803 3155 3130 3208 vacuitatem
3185 3165 3530 3226 perpetrant.

1953 3241 2135 3309 Quare
2162 3241 2288 3310 vix,
2312 3256 2375 3296 ac
2411 3256 2480 3296 ne
2521 3241 2612 3294 vix
2660 3241 2904 3312 quidem,
2938 3242 3031 3312 qui
3066 3243 3171 3296 ista
3200 3244 3522 3312 opinantur,

1955 3334 2239 3390 honestam
2270 3334 2478 3388 ducunt
2505 3334 2711 3388 vitam:
2739 3333 2867 3404 quia
2916 3334 3200 3404 ingruens,
3248 3351 3359 3404 quo
3406 3351 3536 3390 con-

1952 3424 2090 3479 verti
2115 3431 2404 3494 poterant,
2444 3423 2745 3494 periculum
2777 3437 2884 3476 non
2919 3422 3239 3491 pravident.
3285 3425 3355 3478 At
3395 3439 3530 3478 vero

1953 3510 2202 3568 doctrina
2251 3527 2441 3567 eorum
2468 3551 2484 3577 ,
2529 3526 2668 3583 quos
2723 3511 2985 3566 barbaros
3015 3510 3235 3568 Judaos
3279 3514 3488 3570 vocatis
3514 3555 3532 3582 ,

1955 3604 2196 3659 maxime
2234 3612 2318 3659 est
2346 3604 2469 3674 pia;
2502 3619 2624 3674 qua
2656 3618 2824 3657 unum
2848 3603 3062 3658 Patrem
3086 3614 3140 3659 et
3159 3604 3416 3676 Opificem
3450 3615 3535 3661 to-

1955 3695 2066 3748 tius
2096 3695 2260 3764 hujus
2287 3695 2472 3749 mundi
2503 3695 2729 3759 inducit,
2761 3704 2955 3748 natura
2980 3695 3182 3749 bonum
3211 3711 3274 3750 ac
3297 3696 3529 3766 justum:

1956 3783 2161 3838 bonum
2200 3784 2418 3853 quidem
2443 3824 2457 3847 ,
2489 3793 2548 3838 ut
2582 3783 2676 3854 qui
2723 3785 3115 3854 paenitentibus
3143 3787 3358 3841 veniam
3395 3789 3534 3842 deli-

1955 3883 2168 3930 ctorum
2219 3874 2499 3935 concedat,
2527 3874 2735 3944 justum
2773 3885 2978 3942 autem,
3007 3887 3065 3930 ut
3092 3877 3185 3945 qui
3237 3878 3532 3948 unicuique

1954 3975 2078 4037 post
2118 3966 2496 4038 paenitentiam
2530 3981 2629 4038 pro
2657 3965 2928 4022 factorum
2972 3968 3183 4023 meritis
3231 3969 3456 4041 irrogct.

346 4120 484 4178 XIV.
521 4112 690 4182 Οὗτος
717 4119 746 4170 ὁ
773 4115 951 4184 λόγος,
970 4115 1020 4167 εἰ
1050 4113 1145 4168 καὶ
1171 4111 1340 4184 μῦθος
1357 4112 1434 4167 ὢν
1452 4115 1731 4185 τυγχάνει,
1755 4117 1848 4169 εὑ-

2021 4118 2164 4175 XIV.
2211 4118 2338 4176 IIac
2366 4120 2646 4188 doctrina,
2688 4120 2850 4175 etiam
2900 4121 2944 4174 si
2985 4119 3169 4175 fabula
3204 4131 3370 4188 esset,
3403 4139 3528 4179 cum

1535 4251 1768 4308 VARle
1808 4254 2219 4315 LECTIONES.

343 4350 392 4391 ⁸⁸
415 4349 526 4422 γάρ
554 4363 665 4403 οηι-
699 4346 763 4403 0-
839 4349 885 4422 ξ’
917 4345 1016 4422 ῖύχ

841 4349 885 4386 ι’
917 4345 1186 4470 τῇχηοιη.
1217 4341 1376 4400 Joan.
1398 4345 1790 4413 Damasccnus,
1825 4351 1919 4420 qui
1944 4357 2120 4406 totum
2171 4362 2332 4431 caput
2386 4354 2605 4435 repetiit
2643 4354 2696 4406 in
2757 4352 3008 4440 Eclogis:
3044 4364 3210 4423 atque
3238 4355 3524 4410 delendam

841 4415 904 4470 D.
935 4418 993 4470 ὃ.
1076 4431 1166 4468 um
1200 4417 1325 4470 add.
1374 4417 1512 4470 ἰδίαν
1544 4433 1594 4470 c.
1629 4416 1674 4470 0
1730 4429 1781 4470 et
1805 4435 1869 4470 ex
1910 4419 2238 4470 Sunnlendls
2259 4423 2538 4470 Colelern-
2640 4421 2688 4456 9°
2722 4441 2979 4470 πατρωαν
3010 4421 3167 4470 Joan-
3201 4422 3354 4470 Dnm-
3387 4423 3524 4470 Tum

275 4435 394 4475 eam
413 4419 606 4476 vocem
632 4426 818 4472 censet
841 4419 904 4475 D.
935 4419 993 4471 S.
1027 4419 1166 4470 Tum
1200 4419 1325 4470 add.
1374 4419 1512 4470 ἰδίαν
1544 4433 1594 4471 c.
1629 4419 1674 4470 0
1730 4429 1781 4473 et
1805 4419 1869 4473 ex
1910 4419 2538 4490 Suppleridis'Cotelei-ii.

270 4488 634 4561 δεικνύηταιδ
662 4528 677 4544 .
705 4488 976 4561 δείκνυται
1000 4486 1063 4546 C,
1099 4484 1161 4538 0.
1239 4487 1284 4519 “
1319 4485 1394 4540 Ita
1429 4486 1474 4540 0
1512 4502 1578 4561 _c.
1615 4487 1654 4541 S
1684 4530 1698 4552 ,
1751 4489 1976 4544 αἰδεῖται
2009 4492 2073 4545 C.
2175 4493 2220 4524 θ’
2252 4493 2367 4546 Cfr.
2408 4494 2534 4548 hom

2640 4421 2688 4456 ⁸⁸
2722 4421 2979 4494 πατρῴαν
3010 4421 3167 4478 Joan.
3201 4422 3354 4478 Dant.
3387 4423 3525 4479 Tum

2175 4493 2220 4524 θ’
2252 4493 2367 4546 Cfr.
2408 4494 2557 4548 hom.
2589 4509 2700 4559 xtv,
2734 4495 2787 4559 5,
2819 4493 3120 4556 Δητένεσις
3172 4494 3441 4560 significat
3473 4497 3525 4549 in

277 4560 416 4632 libro
449 4559 640 4632 nostro
673 4560 1054 4632 astrolpgicum
1082 4568 1212 4632 costi
1248 4565 1451 4632 statum
1479 4559 1592 4612 sive
1624 4561 2114 4632 constellationem,
2160 4561 2220 4632 in
2261 4579 2369 4630 qua
2397 4565 2525 4631 quis
2556 4574 2716 4632 natus
2741 4572 2845 4627 est,
2880 4563 2942 4616 τὸ
2974 4561 3074 4632 τῆς
3121 4563 3386 4630 γενέσεως
3411 4565 3528 4618 διά-

276 4628 433 4702 ρεμει.
455 4627 773 4702 ΔΗοιιιηξιν,
827 4625 1244 4702 6_.'Astro|ogia_
1276 4627 1489 4702 estfﬁg
1531 4627 1797 4702 γενέσεως
1833 4630 2130 4702 ἐπιστήμη.
2160 4625 2318 4702 Itoni.
2351 4625 2462 4692 xiv.
2497 4633 2550 4686 5.
2578 4631 2642 4702 7S.
2718 4633 2765 4667 ”
2798 4625 2874 4687 Ita
2901 4632 2945 4685 D
2975 4677 2989 4698 ,
3019 4625 3158 4702 τι-έ-
3179 4625 3520 4702 δύνασθαιϐ,
3566 4647 3570 4655 ·

1055 4698 1069 4715 τ

274 4696 592 4769 ΟξΕρὶιΑῑ.
621 4697 692 4769 49
729 4716 742 4751 :
792 4696 905 4769 xui:
941 4713 1016 4748 πα

1123 4695 1322 4770 αὺτῂνμ
1340 4695 1462 4749 οὔτε
1491 4695 1721 4769 πάσχειν
1763 4698 1885 4770 τινὰ
1912 4695 2134 4754 δυνατὸν
2163 4696 2301 4754 εἷναί
2326 4719 2509 4770 φασιν,
2531 4701 2651 4755 οὕτε
2677 4706 2868 4756 ποιεῖν.
2945 4695 2992 4740 ’ί
3020 4700 3092 4756 Ita
3116 4703 3308 4770 scripsi
3343 4719 3394 4757 c.
3429 4701 3474 4757 0

274 4713 337 4752 U.
362 4713 508 4769 Epit.
542 4714 592 4753 c.
621 4713 692 4752 43
729 4716 742 4751 :
792 4713 888 4750 και
941 4713 1066 4818 παρ·
1123 4713 1294 4768 αυτην
1340 4713 1462 4749 ουτε
1491 4713 1721 4769 πασχειν
1763 4713 1885 4751 τινα
1912 4713 2134 4754 ουνατον
2163 4713 2301 4754 ειναι
2326 4719 2509 4770 φασιν,
2531 4713 2651 4755 οῠτε
2677 4713 2868 4771 ποιεῖν.
2945 4713 2992 4740 ’δ
3020 4713 3092 4756 Ita
3116 4713 3308 4770 scripsi
3343 4719 3394 4757 c.
3429 4713 3474 4757 υ
3503 4743 3520 4768 ,

273 4769 448 4842 οὐδεὶς
472 4768 593 4842 οὔτε
623 4767 855 4842 πάσχειν
881 4766 991 4842 ἔχει
1093 4807 1108 4829 ,
1143 4767 1238 4842 qui
1267 4765 1596 4842 οὕτε-ποιεῖν
1644 4783 1709 4822 ex
1727 4769 1904 4842 ,_Epit.
1934 4772 2304 4842 reponendum
2336 4788 2457 4842 esse
2488 4783 2630 4842 recte
2655 4775 2817 4839 vidit;
2849 4772 3022 4834 οὐδεὶς
3046 4771 3168 4824 οὔτε
3198 4775 3370 4824 ποιεῖν
3396 4773 3524 4828 οὔτε

275 4839 506 4909 πάσχειν
529 4838 641 4908 ἔχει
676 4834 770 4892 δί’
810 4839 857 4872 ⁸⁸
889 4834 964 4889 lla
1013 4835 1057 4889 0
1129 4851 1178 4888 c.
1205 4834 1264 4890 Sa
1324 4836 1668 4909 καθορθῶσαι
1716 4838 1779 4892 0.
1805 4834 1817 4842 ’
1854 4841 1902 4875 ⁸⁸
1941 4834 2310 4913 ἀνἐστηκότος
2341 4839 2386 4895 0
2415 4883 2429 4906 ,
2484 4841 2536 4895 in
2569 4859 2740 4913 marg.
2803 4834 2874 4896 al.
2938 4857 3085 4894 man.
3137 4843 3520 4910 ἐφεστηκότος.

275 4907 318 4945 ’⁷
340 4907 602 4966 καταξίαν
631 4907 695 4962 0.
731 4906 869 4960 Tum
900 4906 1152 4960 δύνανται
1198 4905 1320 4960 cod.
1356 4906 1489 4966 Reg.
1521 4907 1628 4962 804
1654 4947 1670 4966 .
1728 4907 1950 4964 δύναται
2078 4910 2142 4966 0.
2218 4919 2264 4951 οε
2286 4911 2470 4966 δράσει
2499 4910 2562 4964 0.
2639 4921 2684 4952 θ’
2720 4913 2792 4966 μὴ
2850 4911 3191 4966 μετανοοῦντι
3239 4914 3357 4965 cod.
3387 4911 3518 4966 Rm.

272 4907 318 4976 ξ’
340 4905 602 4972 unguii
631 4907 695 4962 0.
731 4906 869 4960 Tum
900 4906 1152 4960 δύνανται
1198 4905 1320 4960 cod.
1352 4905 1489 4976 Beg.
1521 4907 1628 4962 804
1654 4947 1670 4970 ,
1728 4907 1950 4964 δύναται

2029 4953 2040 4965 .
2078 4910 2148 4984 ος
2180 4983 2185 4984 ν
2218 4919 2264 4984 ’ἒ
2286 4911 2470 4984 δράσει
2639 4910 2792 4984 ν”μὴ
2815 4981 2825 4984 _
2849 4911 3191 4984 μετανοοζιντι
3239 4911 3518 4984 cogniti-g5.

273 4972 378 5052 θοι
403 4986 460 5052 et
506 4977 648 5052 Epit.
683 4976 863 5052 c._50,
896 4977 1040 5048 quod
1073 4986 1312 5045 prastat.
1349 4972 1486 5031 Tum
1521 4978 1785 5042 καταξίαν
1819 4978 1885 5033 Ο.
1921 4977 2066 5037 ldcm
2107 4983 2300 5038 deinde
2320 4972 2614 5049 ’ἐπεξιόντα
2646 4997 2695 5036 c.
2720 4972 2862 5038 'cod:
2911 4981 3045 5051 Reg.
3073 4981 3198 5035 804.
3251 4979 3419 5052 (Epit.
3466 4972 3516 5039 ἕ.

273 4994 378 5032 ous
403 4994 460 5032 et
506 4994 548 5032 ιι
608 4994 648 5036 t.
683 4994 733 5033 c.
764 4994 797 5032 ο

273 5044 387 5119 50),
423 4994 718 5112 ἐπαέῗοντα
736 5047 799 5101 C.

1574 5139 1940 5197 VARIORUM
1974 5138 2206 5195 ΝΟΤιΕ.

344 5253 457 5320 (84)
497 5254 592 5318 Ὠς
623 5250 995 5323 ὐμεῖςῖφατε.
1029 5251 1146 5308 Non
1199 5252 1300 5309 soli
1336 5252 1563 5322 gentiles
1603 5254 1842 5323 appella-

271 5324 402 5393 bant
436 5323 659 5378 Judaos
683 5333 750 5393 "et
785 5322 1146 5393 Christianos,
1181 5324 1478 5389 barbaros;
1512 5325 1604 5378 sed
1636 5322 1690 5378 et
1731 5324 1835 5393 ipsi

271 5391 440 5449 Judai
472 5403 635 5462 atque
660 5390 956 5462 Christiani
985 5409 1050 5447 eo
1075 5409 1133 5448 se
1159 5394 1378 5448 nomine
1416 5393 1650 5448 donasse
1678 5390 1832 5462 repe-

271 5410 440 5449 Juuat
472 5410 525 5449 at
568 5410 635 5448 ue
660 5410 956 5453 unrisuam
985 5410 1050 5447 eo
1075 5410 1133 5448 se
1159 5410 1378 5448 nomine
1416 5410 1650 5448 donasse
1678 5410 1832 5462 repe-

271 5464 506 5534 riuntur.
529 5410 817 5534 ‘0iscesgex
851 5461 1085 5530 Josepho
1116 5463 1168 5517 in
1206 5465 1441 5534 prologo
1466 5463 1729 5534 librorum
1762 5464 1835 5518 De

275 5532 408 5604 bello
431 5534 683 5604 Iudaico,
718 5532 1481 5604 Iustino,Martyre’Apologia
1511 5533 1566 5599 2,
1602 5532 1834 5588 Tatiaoo

277 5601 532 5659 Oratione
558 5605 626 5658 ad
649 5601 1350 5668 ercos,ClemcnteAlex.
1379 5601 1566 5659 multis
1586 5605 1640 5660 in
1674 5605 1832 5669 locis,

271 5681 327 5726 et
351 5671 580 5746 Origene
605 5675 658 5729 in
683 5675 847 5730 tomis
888 5682 1083 5746 contra
1100 5671 1686 5746 CelsumEthnicorum
1709 5692 1838 5730 vero

275 5743 558 5800 auctorum
573 5745 803 5800 illustria
821 5751 950 5800 sunt
965 5743 1270 5798 testimonia
1287 5745 1414 5799 duo:
1434 5745 1662 5800 alterum
1682 5745 1835 5802 Ame-

1947 5255 2002 5310 lii
2037 5252 2322 5316 Platonici,
2361 5251 2455 5322 qui
2507 5249 2647 5322 apud
2679 5247 2976 5322 Eusebium
3015 5243 3516 5322 Prwparatxparng.

1945 5326 2042 5380 lib.
2074 5340 2150 5389 xl,
2183 5339 2303 5394 cap.
2337 5318 2434 5388 19,
2471 5318 2814 5394 ειίᾷδτὶιιιιιη
2849 5318 3085 5394 lib._v_m-
3118 5331 3301 5376 contra
3337 5320 3516 5375 Julia-

1947 5413 2072 5452 num
2095 5387 2150 5465 ι).
2177 5387 2320 5465 ἳεῗη
2353 5387 2762 5465 per_barl{arum
2785 5389 3034 5465 intelligit
3055 5387 3317 5465 Joannem
3355 5405 3521 5465 cavan—

1943 5457 2400 5536 gelistamLAl'iud
2452 5461 2734 5536 Porphyrii
2782 5461 2834 5536 in
2868 5457 3042 5536 0_pe_re
3077 5459 3521 5536 aalvcfsns_Ctiri-

1943 5521 2152 5590 ἕιίειηοε
2166 5533 2482 5606 εἶοριγένης
2497 5521 2768 5606 enim
2787 5531 2844 5606 ὲγ
2868 5521 3090 5606 "Ellum
3108 5530 3410 5606 παιδξνθεὶς
3429 5528 3520 5606 λιξ-

1943 5622 2080 5732 ἰοις,
2109 5604 2246 5687 πρὸς
2262 5597 2618 5676 ξδ’βάρὸαρον
2635 5597 2888 5666 ἐξώκειλε
2915 5597 3187 5673 τόλμημα.
3218 5601 3360 5656 Hist.
3382 5597 3516 5656 sccl.

1975 5675 2165 5732 ‘usebu
2189 5675 2280 5730 hb.
2316 5691 2390 5743 vn,
2417 5689 2540 5744 cap.
2572 5675 2660 5728 19.
2692 5671 2832 5730 Cor.

2039 5693 2165 5732 sentt
2189 5693 2280 5730 ιιυ.
2316 5693 2390 5743 v1,
2417 5693 2540 5743 cap.
2572 5693 2660 5728 ιν.
2692 5693 2832 5730 υυτ.
