4084 6148
297 281 398 340 169

1424 273 1884 331 CLEMENTINA.
1920 305 1986 314 -—
2018 266 2305 326 HOMILIA
2347 267 2427 324 IV.

3436 262 3542 319 170

365 393 556 450 XVI".
607 392 708 447 Διά
752 393 909 446 τοῦτο
957 389 1136 445 αὐτῶν
1177 388 1355 460 πολλῷ
1394 387 1613 441 ἔλαττον
1659 388 1706 440 οἱ
1753 391 1870 440 κατ’

2045 383 2231 440 XVIII.
2271 383 2536 449 Quocirca
2567 380 2736 435 multo
2765 381 2946 437 minus
2972 382 3040 437 iis
3069 380 3324 437 aberrant
3355 379 3430 434 illi
3453 383 3549 450 qui

297 487 465 562 ἀγρὸν
525 486 769 558 βιοῦντες
819 483 1305 556 ἐξαμαρτάνουσιν,
1349 481 1449 534 οὐκ
1495 472 1872 552 είσηγμένόιη

299 578 552 652 πονηρῶς
573 577 643 631 δι’
671 571 747 631 ὧν
776 576 1108 649 εἰσήχθησαν
1145 577 1194 628 οἱ
1225 573 1398 628 ταῦτα
1430 573 1734 642 τολμῶντες
1755 610 1770 634 ,
1810 572 1875 624 ἐκ

301 670 547 733 παιδείας
572 669 746 739 κακῆς
763 667 978 722 ἀσεϐεῖν
1006 666 1403 738 μεμαθηκότες.
1433 666 1497 717 Ui.
1525 663 1633 736 γὰρ
1664 665 1728 716 ἐκ
1749 680 1875 716 παι-

295 763 386 826 δὸς
416 761 505 815 διὰ
531 760 638 813 τῶν
669 759 924 813 τοιούτων
960 758 1144 830 μύθων
1170 757 1527 829 μανθάνοντες
1550 755 1871 827 γράμματα,

297 853 384 906 ἔτι
426 851 606 924 ἁπαλῇ
642 849 778 926 οὔσῃ
809 853 876 923 τῇ
919 851 1065 923 ψυχῇ
1116 849 1213 914 τὰς
1257 849 1366 902 τῶν
1397 849 1702 919 λεγομένων
1736 845 1875 899 θεῶν

296 945 515 1008 ἀσεϐεῖς
540 943 770 1016 πράξεις
797 945 878 1008 είς
903 943 992 997 τὸν
1024 943 1204 998 αὐτῶν
1227 941 1533 1014 συμφύουσι
1554 939 1706 994 νοῦν⁵
1731 939 1873 1003 ὅθεν,

294 1036 694 1109 ἐπαυξηθείσης
710 1036 810 1108 τῆς
837 1035 1073 1109 ήλικίας,
1107 1036 1184 1100 ὡς
1211 1034 1360 1088 κακά
1389 1034 1679 1105 σπέρματα
1709 1050 1877 1086 κατα-

293 1128 560 1201 ϐληθέντα
586 1132 654 1201 τῇ
686 1129 835 1202 ψυχῇ
865 1127 1300 1199 τελεσφοροῦσινο
1329 1127 1423 1181 καὶ
1451 1127 1514 1180 τὸ
1547 1126 1762 1179 πάντων
1781 1143 1878 1196 χα-

291 1218 628 1285 λεπώτατον,
661 1221 745 1274 ὅτι
773 1221 895 1274 ούδέ
915 1221 956 1252 ¹⁸
982 1221 1283 1291 ἐκκοπῆναι
1319 1219 1520 1291 ῥᾳδίως
1547 1217 1665 1270 ἐστὶ
1687 1215 1755 1270 τὰ
1789 1218 1876 1269 ἐν-

290 1312 644 1386 εῤῥιζωμένα
668 1312 1014 1386 ἀσεϐήματα,
1033 1312 1235 1366 ὁπόταν
1254 1312 1297 1343 ¹⁰
1327 1311 1674 1383 ἀνδρωθεῖσιν
1697 1311 1878 1373 αὐτοῖς

289 1405 507 1477 χαλεπά
555 1401 695 1459 εἶναι
727 1405 937 1476 νοῆται.
1001 1404 1092 1456 Ἐν
1127 1399 1209 1466 οἷς
1239 1403 1349 1475 γὰρ
1381 1402 1495 1474 (85)
1541 1402 1769 1465 ἕκαστος
1812 1403 1878 1454 ἐκ

290 1497 502 1552 παίδων
534 1497 790 1564 ἐθίζεται,
822 1496 1031 1561 τούτοις
1063 1497 1320 1569 ἐμμένειν
1347 1495 1662 1567 ῆδεται,καὶ
1682 1492 1874 1558 οὕτως,

288 1590 390 1661 τῆς
424 1589 718 1662 συνηθείας
749 1589 810 1642 ού
857 1589 990 1643 πολὺ
1031 1588 1248 1642 ἔλαττον
1297 1587 1433 1660 πρὸς
1461 1588 1560 1659 τὴν
1593 1586 1754 1656 φύσιν
1788 1584 1877 1637 δυ-

290 1682 556 1756 ναμένης,
609 1681 1038 1754 δυσμετάϐλητοι
1084 1681 1323 1751 γίνονται
1372 1679 1509 1751 πρὸς
1539 1680 1607 1732 τὰ
1657 1679 1730 1751 μὴ
1781 1679 1875 1732 ἀπ’

289 1775 470 1847 ἀρχῆς
499 1775 683 1839 αὐτοῖς
718 1774 1128 1846 καταϐληθέντα
1156 1777 1222 1845 τῇ
1258 1773 1404 1844 ψυχῇ
1428 1771 1588 1825 καλά.

366 1866 532 1935 130
561 1863 732 1919 XIX.)
761 1865 853 1919 Διὸ
895 1866 1000 1937 χρὴ
1034 1866 1127 1918 καὶ
1170 1865 1297 1928 τοὺς
1329 1864 1481 1926 νέους
1519 1869 1592 1934 μὴ
1622 1863 1735 1925 τοῖς
1757 1861 1874 1915 δια-

289 1956 615 2028 φθείρουσιν
647 1957 934 2010 ἀσκεῖσθαι
963 1958 1002 1990 "
1036 1956 1371 2028 μαθήμασιν,
1398 1956 1491 2009 καὶ
1517 1957 1643 2018 τοὺς
1669 1956 1762 2008 ἐπὶ
1779 1955 1878 2027 τῆς

289 2048 482 2119 ἀκμῆς
511 2047 671 2111 ὄντας
707 2048 978 2120 ἐπιμελῶς
1011 2049 1430 2102 ὑποστέλλεσθαι
1462 2048 1561 2119 τῆς
1613 2047 1878 2121 Ἐλλήνων

292 2139 588 2194 ἐπακούειν
644 2140 982 2213 μυθολογίας.
1017 2143 1158 2196 Πολὺ
1221 2142 1329 2214 γὰρ
1375 2141 1613 2212 ἀμαθίας
1661 2141 1880 2213 χείρονά

292 2233 413 2286 ἐστι
443 2232 514 2286 τὰ
547 2235 676 2305 παρ’
707 2233 891 2297 αὐτοῖς
919 2233 1240 2305 μαθήματα,
1262 2234 1338 2296 ὡς
1354 2232 1543 2286 ἐκτῶν
1568 2235 1688 2286 κατ’
1711 2232 1879 2304 ἀγρὸν

291 2325 608 2392 οἰκούντων,
650 2326 738 2380 διὰ
767 2325 829 2378 τὸ
863 2324 937 2394 μὴ
982 2324 1336 2396 παιδευθῆναι
1365 2324 1435 2376 τὰ
1463 2325 1592 2394 παρ’
1626 2324 1882 2394 Ἕλλησιν

291 2418 516 2474 ἔλαττον
572 2420 1018 2492 ἁμαρτανόντων,
1071 2419 1452 2490 ἀπεδείξαμεν.
1499 2417 1764 2472 Φευκτέον
1814 2417 1879 2490 δὴ

291 2513 420 2576 τοὺς
454 2510 729 2576 τοιούτους
763 2511 965 2584 μύθους
992 2511 1170 2566 αὐτῶν
1206 2513 1298 2564 καὶ
1329 2510 1400 2564 τὰ
1445 2509 1646 2584 θέατρα
1683 2510 1776 2563 καὶ
1812 2509 1882 2564 τὰ

295 2603 515 2675 βιϐλία*
551 2604 665 2658 εἴθε
693 2605 916 2659 δυνατὸν
945 2600 1033 2676 ἦν,
1068 2604 1161 2657 καὶ
1191 2603 1290 2666 τὰς
1320 2601 1522 2667 πόλεις.
1550 2601 1750 2656 Κακῶν
1773 2599 1881 2674 γὰρ

296 2695 643 2768 μαθημάτων
703 2696 967 2767 γέμοντες
1000 2696 1094 2749 καὶ
1126 2694 1378 2758 πνέοντες
1416 2695 1589 2758 τοῖς¹⁸
1620 2695 1880 2766 συναμιλ-

294 2787 581 2860 λωμένοις,
616 2786 804 2859 ῶσπερ
825 2787 1026 2841 λύσσαν
1054 2788 1116 2850 η,
1154 2789 1269 2850 τοῖς
1301 2787 1528 2858 πλησίον
1571 2787 1881 2858 μεταδιδόα-

298 2898 384 2935 σιν
405 2875 484 2936 ὧν
530 2881 865 2938 πεπόνθασιν
897 2879 1067 2936 αὐτοί.
1110 2881 1182 2934 Τὸ
1212 2880 1269 2933 δέ
1305 2880 1708 2951 χαλεπώτατον,
1733 2881 1880 2945 ὅστις

297 2976 426 3046 παρ’
457 2977 649 3039 αὐτοῖς
688 2977 873 3028 πλεῖον
919 2974 1300 3038 πεπαιδευται,
1336 2973 1515 3046 πολλῷ
1543 2973 1638 3027 τοῦ
1663 2974 1706 3005 ³⁸
1739 2975 1880 3028 κατά

297 3066 458 3133 φύσιν
481 3060 640 3130 οὗτος
660 3067 702 3098 ⁸⁸
734 3067 950 3138 φρονεῖν
981 3064 1368 3138 ἐκεέτραπται.

365 3156 485 3212 XX.
524 3157 682 3221 Τινὲς
707 3157 766 3211 δὲ
798 3157 909 3210 τῶν
940 3160 1070 3230 παρ’
1105 3159 1288 3221 αὐτοῖς
1317 3160 1410 3211 καὶ
1433 3159 1712 3228 φιλόσοφοι
1745 3154 1881 3212 εἶναι

297 3247 580 3313 ἀξιοῦντες
622 3249 691 3303 τά
740 3249 966 3303 τοιαῦτα
1015 3251 1388 3321 ἁμαρτήματα
1420 3249 1687 3322 ἀδιάφορα
1717 3252 1761 3282 ⁸⁸
1797 3251 1880 3303 τί-

298 3337 504 3407 θενται,
539 3341 631 3394 καὶ
661 3342 787 3403 τοὺς
805 3341 899 3394 ἐπὶ
923 3343 1043 3403 ταῖς
1063 3341 1338 3404 τοιαύταις
1366 3340 1594 3412 πράξεσι
1624 3343 1883 3412 χαλεπαί-

298 3447 484 3496 νοντας
537 3415 795 3504 άνοήτους
834 3433 1109 3500 λέγουσιν.
1147 3432 1222 3485 υύ
1271 3434 1381 3505 γάρ
1410 3434 1579 3498 ἐστιν,
1616 3434 1769 3504 φασὶ,
1812 3433 1883 3488 τά

298 3525 522 3578 τοιαῦτα
555 3526 620 3596 τῇ
664 3524 824 3593 φύσει
869 3526 1257 3596 ἁμαρτήματα,
1303 3527 1404 3578 ὅσα
1450 3525 1624 3590 θετοίς
1671 3527 1880 3599 ἀπηγό-

303 3630 488 3685 ρευται
523 3617 711 3687 νόμοις
732 3616 839 3669 ὑπὸ
865 3615 976 3669 τῶν
1004 3619 1124 3670 κατ’
1144 3616 1322 3688 ἀρχὰς
1349 3618 1654 3688 γενομένων
1679 3617 1879 3688 σοφῶν,

297 3705 386 3760 διὰ
411 3708 474 3761 τὸ
504 3707 724 3773 εἰδέναι,
767 3708 849 3762 ὅτι
878 3709 928 3761 οἱ
961 3707 1234 3780 ἄνθρωποι
1267 3709 1567 3780 εύριπίστῳ
1612 3710 1756 3782 ψυχῇ
1789 3711 1882 3764 ἐπὶ

297 3801 408 3863 τοῖς
439 3800 707 3864 τοιούτοις
740 3800 989 3872 μεγάλως
1016 3801 1303 3872 ἀχθόμενοι
1338 3802 1474 3872 πρὸς
1500 3802 1758 3874 ἀλλήλους
1785 3803 1882 3856 πό-

299 3889 460 3963 λεμον
505 3891 769 3964 αἴρονται.
813 3885 914 3947 Ὧν
939 3892 1103 3947 ἓνεκα
1141 3894 1301 3964 νόμον
1335 3895 1516 3958 θέντες
1545 3896 1595 3948 οἱ
1629 3895 1782 3966 σοφοὶ⁵
1812 3896 1881 3949 τὰ

298 3985 528 4040 τοιαῦτα
557 3985 633 4049 ὡς
665 3987 1038 4058 ἁμαρτήματα
1073 3987 1478 4058 ἀπηγόρευσαν.
1510 3987 1721 4041 Γελοίον
1740 3988 1785 4019 ’³
1823 3989 1880 4041 δὲ

299 4074 472 4142 οὕτως
504 4077 928 4150 ὑπολαμϐάνειν.
960 4077 1085 4142 Πῶς
1114 4079 1222 4150 γὰρ
1250 4079 1346 4150 οὐχ
1373 4081 1747 4152 ἁμαρτήματά
1773 4082 1881 4134 εἰσι

301 4168 369 4222 τά
402 4170 648 4245 θορύϐων
685 4172 836 4242 131
881 4173 976 4224 καὶ
1007 4172 1180 4240 φόνων
1220 4174 1313 4227 καὶ
1344 4174 1591 4244 ταραχῆς
1626 4174 1808 4245 πάσης
1835 4174 1880 4206 ’⁵

304 4244 482 4331 αἴτιαι
515 4258 552 4334 ἦ
583 4263 691 4336 γάρ
721 4265 822 4318 οὐκ
855 4266 922 4317 ἐκ
957 4265 1202 4334 μοιχείας
1224 4265 1594 4318 ἀνακύπτουσι
1627 4244 1756 4334 βίῶν
1785 4281 1881 4317 πε-

307 4357 592 4426 ριγραφαὶ,
639 4353 802 4410 οἴκων
852 4355 1194 4421 ἀναστάσεις,
1245 4359 1490 4426 μαγεῖαι,
1536 4355 1696 4420 δόλοι,
1742 4357 1878 4409 ἀπο-

308 4443 480 4512 ρίαι²⁸
515 4448 610 4501 καὶ
637 4447 773 4501 ἄλλα
805 4445 976 4501 πλείω
1001 4447 1176 4511 κακά;

373 4575 516 4635 XXI.
558 4580 716 4633 Ἀλλά
744 4579 833 4633 διὰ
862 4581 937 4644 τί,
967 4582 1148 4651 φησιν,
1181 4585 1210 4635 ό
1252 4583 1410 4654 ἀνὴρ,
1442 4582 1535 4636 ἐὰν
1574 4585 1740 4654 ἀγνοῇ
1777 4585 1874 4655 τὴν

1975 479 2090 532 ruri
2113 479 2334 548 degunt,
2371 491 2479 530 non
2527 491 2690 544 prave
2721 475 2955 528 instituti
2985 475 3038 528 in
3083 474 3170 540 iis,
3202 473 3404 545 quibus
3445 473 3551 526 im—

1974 571 2091 625 buti
2121 579 2248 625 sunt
2278 570 2372 640 qui
2400 570 2506 624 ista
2537 569 2760 625 audent.
2785 567 2990 636 quique
3017 583 3048 621 a
3076 566 3216 620 mala
3243 566 3552 620 eruditione

1979 662 2306 731 impietatem
2332 661 2658 716 didicerunt.
2689 658 2822 714 Nam
2848 659 2942 729 qui
2967 674 2997 712 a
3024 673 3192 726 puero
3221 673 3317 726 per
3341 659 3441 712 li'as
3467 654 3551 711 [εῖ-

1977 753 2131 808 bulas
2147 753 2321 808 edocti
2341 763 2471 808 sunt
2500 753 2731 819 litteras,
2751 766 2876 807 cum
2915 749 3095 805 adhuc
3128 758 3278 803 tener
3307 757 3392 804 est
3427 746 3550 801 ani-

1977 860 2121 911 mus,
2155 845 2348 915 impias
2383 854 2696 915 putatorqu
2727 844 2952 900 deorum
2982 842 3222 897 actiones
3247 841 3412 894 menti
3439 854 3553 895 sua:

1978 937 2264 994 inserunt:
2295 955 2466 1009 quare
2495 939 2682 993 adulta
2711 946 2893 1001 aetate,
2930 938 3105 991 instar
3147 933 3418 990 malorum
3465 948 3553 988 se—

1978 1031 2186 1086 minum
2215 1032 2269 1086 in
2313 1032 2553 1086 animam
2582 1031 2940 1100 dejectorum,
2976 1027 3213 1083 fructum
3243 1026 3465 1079 lerunt:
3498 1034 3552 1080 et

1977 1124 2122 1194 quod
2153 1133 2236 1179 est
2265 1125 2513 1179 omnium
2542 1123 2949 1195 gravissimum,
2984 1121 3147 1176 facile
3191 1137 3300 1175 non
3332 1120 3552 1175 exscin-

1977 1217 2182 1272 duntur
2199 1217 3034 1289 radicataaimpietates,‘quando
3054 1216 3131 1271 illi
3155 1216 3258 1270 viri
3293 1214 3425 1270 facti
3454 1231 3553 1272 eas

1978 1325 2170 1378 graves
2201 1312 2504 1382 noxiasque
2533 1327 2658 1368 esse
2697 1313 3029 1384 intelligunt.
3076 1311 3134 1366 In
3181 1311 3384 1382 quibus
3404 1309 3551 1367 enim

1979 1406 2360 1478 unusquisque
2390 1422 2419 1462 a
2455 1407 2655 1463 teneris
2700 1406 2990 1474 assuescit,
3028 1407 3097 1461 iis
3144 1406 3306 1478 gestit
3349 1405 3549 1460 immo-

1978 1500 2089 1554 rari
2124 1519 2138 1554 :
2168 1501 2518 1573 sicque,quia
2547 1504 2889 1559 consuetudo
2911 1519 3021 1559 non
3054 1504 3228 1558 multo
3251 1503 3436 1557 minus
3457 1517 3553 1556 vac-

1977 1593 2051 1648 let
2077 1609 2242 1664 quam
2275 1605 2495 1659 natura,
2535 1611 2680 1667 aegre
2720 1605 3120 1653 convertuntur
3169 1597 3237 1652 ad
3271 1615 3334 1653 ca
3367 1599 3506 1652 bona
3533 1637 3551 1664 ,

1978 1702 2101 1757 qua:
2129 1688 2401 1759 principio
2433 1690 2486 1744 in
2523 1690 2765 1759 ipsorum
2808 1691 3024 1748 animos
3058 1707 3168 1747 non
3205 1692 3427 1748 fuerunt
3469 1691 3554 1746 in-

1975 1779 2138 1851 jecta.

2048 1871 2190 1929 XIX.
2229 1873 2412 1939 Quare
2430 1883 2662 1945 oportet,
2704 1884 2765 1932 ut
2793 1877 2947 1948 pueri
2977 1877 3412 1948 corruptricibus
3441 1892 3553 1931 non

1978 1977 2335 2022 exerceantur
2379 1969 2706 2039 disciplinis,
2735 1979 2790 2026 et
2817 1972 2909 2041 qui
2939 1971 2992 2024 in
3023 1971 3156 2027 ﬂore
3186 1972 3362 2026 aetatis
3399 1978 3550 2036 sunt,

1979 2057 2269 2128 diligenter
2314 2060 2674 2116 cohibeantur
2719 2062 3036 2120 Graecorum
3079 2065 3272 2119 audire
3319 2063 3551 2118 fabulas.

1979 2148 2151 2204 Multo
2179 2151 2348 2216 enim,
2379 2167 2544 2222 quam
2580 2155 2820 2223 inscitia,
2858 2157 3012 2226 pejor
3040 2167 3338 2212 esteorum
3378 2155 3556 2211 scien-

1982 2243 2092 2310 tia;
2125 2246 2590 2313 quemadmodum
2629 2263 2696 2302 ex
2754 2251 2981 2304 rusticis
3024 2250 3390 2316 ostendimus,
3423 2248 3552 2318 qui,

1981 2336 2129 2405 quod
2177 2336 2423 2393 Graecam
2472 2355 2581 2393 non
2629 2352 2960 2410 acceperunt
2999 2342 3385 2407 eruditionem,
3430 2355 3556 2410 pec-

1981 2437 2110 2484 cant
2139 2431 2342 2486 minus.
2375 2431 2584 2503 Fugere
2610 2433 2777 2503 igitur
2805 2443 3020 2504 oportet
3054 2435 3190 2490 tales
3222 2435 3441 2490 illorum
3475 2434 3558 2490 fa-

1981 2521 2162 2590 bulas,
2195 2533 2250 2578 ct
2281 2525 2514 2590 theatra,
2542 2535 2595 2580 et
2621 2526 2815 2594 libros,
2847 2534 2922 2596 et,
2948 2526 3158 2582 utinam
3182 2527 3300 2582 ﬁeri
3330 2529 3552 2598 posset!

1980 2613 2147 2669 etiam
2169 2615 2438 2672 civitates.
2465 2616 2730 2673 Maiarum
2755 2619 2906 2673 enim
2936 2619 3344 2675 institutionum
3378 2619 3558 2675 homi-

1983 2723 2081 2761 nes
2124 2708 2269 2777 pleni
2312 2716 2367 2763 et
2408 2709 2713 2779 spirantes,
2759 2711 3241 2781 congredientibus
3264 2712 3554 2780 proximis,

1982 2807 2242 2870 tanquam
2260 2802 2487 2867 rabiem,
2511 2817 2632 2872 quae
2646 2802 2746 2872 ipsi
2763 2803 2908 2872 passi
2923 2814 3049 2858 sunt
3065 2803 3305 2859 tradunt.
3325 2803 3388 2858 Et
3409 2805 3558 2874 quod

1981 2905 2063 2947 est
2087 2893 2409 2963 pessimum,
2441 2895 2756 2965 quicunque
2783 2895 2926 2964 apud
2954 2911 3048 2950 eos
3077 2895 3254 2965 magis
3277 2905 3362 2950 est
3398 2896 3558 2952 iusti-

1983 2996 2156 3051 tutus,
2189 2989 2310 3056 plus
2347 2987 2418 3040 ab
2449 3001 2536 3053 ea,
2570 3001 2692 3057 quae
2721 2989 3023 3044 secundum
3058 3000 3308 3044 naturam
3335 2999 3442 3056 est,
3462 3004 3556 3045 ra-

1907 3087 1950 3143 ο
1980 3078 2128 3133 tione
2157 3078 2398 3134 deﬂexus
2433 3088 2534 3134 est.
2637 3139 2643 3146 _

2053 3170 2170 3225 XX.
2211 3170 2443 3239 Quidam
2475 3182 2654 3226 autem
2697 3173 2840 3226 inter
2873 3187 2989 3238 eos,
3029 3173 3121 3242 qui
3150 3181 3203 3226 et
3243 3173 3556 3244 philosophi

1982 3277 2102 3318 esse
2133 3264 2460 3333 gloriantur,
2494 3263 2597 3318 ista
2641 3271 2864 3332 peccata
2911 3263 3118 3319 faciunt
3151 3265 3555 3334 indifferentia,

1982 3371 2209 3426 eosque,
2255 3356 2350 3425 qui
2383 3357 2584 3410 talibus
2623 3365 2950 3411 succensent
2991 3357 3329 3425 actionibus,
3356 3361 3556 3417 stultos

1983 3448 2194 3504 dicunt.
2244 3447 2360 3503 Non
2391 3448 2562 3514 enim,
2600 3449 2877 3518 inquiunt,
2905 3449 3022 3503 hinc
3047 3461 3243 3505 natura
3269 3460 3400 3506 sunt
3432 3467 3558 3521 pec-

1983 3553 2126 3608 cata,
2153 3558 2274 3612 quat
2307 3558 2403 3612 per
2442 3541 2581 3598 latas
2631 3543 2776 3612 leges
2820 3543 3107 3598 interdicta
3141 3556 3269 3599 sunt
3299 3561 3330 3600 a
3362 3547 3557 3616 primis

1983 3635 2339 3705 sapientibus,
2365 3635 2573 3690 scilicet
2607 3635 2808 3705 quibus
2843 3637 3185 3706 exploratum
3209 3651 3346 3709 erat,
3373 3642 3556 3698 homi-

1985 3742 2082 3783 nes
2119 3727 2310 3781 mobili
2338 3727 2498 3782 facile
2525 3729 2732 3793 animo,
2759 3728 2904 3784 circa
2942 3731 3068 3786 talia
3102 3733 3453 3790 vehementer
3473 3737 3557 3791 of-

1982 3817 2186 3885 fensos,
2234 3819 2433 3874 bellum
2471 3820 2526 3874 in
2573 3836 2634 3876 se
2665 3831 2858 3877 mutuo
2887 3833 3243 3894 suscepturos
3272 3845 3285 3881 :
3317 3843 3556 3900 quapro-

1981 3922 2101 3983 pter
2135 3913 2428 3982 sapientes,
2461 3913 2579 3984 lege
2602 3915 2803 3983 posita,
2838 3915 2941 3969 ista
2975 3917 3119 3971 velut
3141 3917 3335 3973 delicta
3364 3922 3555 3991 prohi-

1983 4006 2172 4061 buere.
2204 4004 2280 4060 lta
2330 4020 2460 4060 vero
2492 4006 2749 4061 arbitrari
2779 4015 2863 4062 est
2905 4008 3218 4064 ridiculum.
3257 4010 3376 4078 Qua
3401 4016 3554 4072 enin

1981 4098 2198 4153 ratione»
2223 4110 2444 4168 peccata
2467 4114 2574 4154 non
2598 4109 2746 4166 sunt,
2775 4117 2897 4170 quae
2927 4103 3198 4160 tumultus
3221 4107 3553 4177 producunt,

1979 4201 2036 4248 et
2078 4192 2394 4255 homicidia,
2444 4207 2771 4263 omnemque
2804 4198 3318 4253 conturbationem?
3363 4198 3556 4258 Nonne

1981 4284 2126 4339 enim
2166 4300 2233 4340 ex
2262 4286 2530 4340 adulterio
2575 4287 2833 4341 oriuntur
2871 4287 3084 4344 festinae
3119 4301 3346 4359 mortes,
3392 4291 3555 4348 fami-

1984 4377 2177 4432 liarum
2213 4377 2675 4447 perturbationes,
2721 4380 2932 4451 magiae,
2977 4380 3219 4449 fraudes,
3251 4386 3553 4456 angustiae,

1983 4477 2037 4524 et
2064 4470 2220 4539 plura
2250 4471 2356 4524 alia
2387 4472 2568 4525 mala?

2056 4580 2198 4634 XXI.
2227 4582 2330 4636 Sed
2357 4599 2474 4648 cur,
2500 4583 2699 4653 inquit,
2719 4585 2805 4639 vir
2826 4585 2871 4640 si
2905 4587 3118 4658 ignorat
3147 4605 3371 4645 uxorem
3397 4606 3552 4646 suam

1549 4717 1788 4775 VARIAE
1839 4716 2243 4773 LECTIONES.

379 4849 424 4927 ’ἑ
456 4849 831 4927 εἰσηγούμενοι
855 4848 919 4903 Ο.
999 4850 1040 4883 ⁸⁸
1073 4849 1150 4927 Ita
1186 4849 1224 4904 S
1255 4850 1424 4927 ,Αοῦτε
1452 4853 1512 4913 C,
1666 4853 1709 4885 “
1736 4857 1884 4909 ὁπότ’
1904 4857 2187 4912 άνΟ.Τιιιη
2217 4858 2402 4927 νοῆται
2427 4857 2471 4912 0
2517 4875 2567 4914 c.
2601 4859 2640 4914 S
2668 4901 2682 4924 ,
2712 4863 2908 4915 νοεῖται
2936 4862 2998 4916 C.
3060 4865 3101 4895 ²⁷
3124 4864 3408 4919 ἀσκεῖσθαι
3435 4883 3551 4923 var.

307 4913 744 5003 lect.nap.'.{oa'n.
771 4920 925 5003 Dan);
956 4913 1308 5003 accedente
1329 4963 1354 5003 :
1385 4926 1858 5003 gllallLlCCllQﬂt’lll
1879 4929 2082 5003 _i_ncrit_o
2106 4913 2456 5003 coiiitne‘ndat
2475 4913 2539 4996 C,
2557 4913 3008 5003 ἀρκεῖσθαιῖθοῖή
3029 4935 3082 4987 in
3108 4913 3406 4989 "7"

304 4987 416 5060 to};
442 4987 548 5060 S."_
580 4991 619 5029 ¹ο
653 4990 856 5053 λύσσας
875 4987 939 5045 Ο.
969 4990 1105 5044 Τιιιη
1135 4987 1504 5060 μεταδιδοῦσιν
1533 4994 1593 5048 C.

1695 4996 1740 5026 ¹⁰
1773 4996 1848 5076 Ιιξι
1875 4998 1914 5052 S
1947 4999 2070 5076 Lup
2096 4998 2135 5054 C
2160 4997 2398 5076 ,10:_9._
2423 4996 2810 5076 Repon'eiidum
2845 5014 2976 5072 puto
3007 5022 3020 5056 :
3052 5004 3230 5076 πολλῷ
3273 5005 3363 5060 τὸν
3413 5021 3551 5061 κατα

307 5053 468 5147 fieri
492 5053 883 5147 οὖτος-φρονῶν
908 5053 1368 5147 ἐκτέτραπταμιξ.
1444 5063 1594 5147 “‘lta
1627 5064 1846 5147 OMQHD
1876 5110 1893 5134 ,
1926 5053 2117 5133 οὕτως
2150 5053 2212 5126 C.
2292 5069 2338 5147 τ’
2381 5069 2458 5124 lta
2481 5053 2813 5147 ἓιόζξὲὲζ
2847 5053 3019 5128 τιῆῌηζ

305 5122 538 5217 ﬁgo-pa-
567 5122 636 5217 in
657 5122 871 5217 ιὲξξιιιι..Δ
910 5133 964 5217 ’ξ
1001 5122 1130 5185 lude
1160 5146 1191 5185 a
1226 5133 1406 5217 verbis
1432 5133 1639 5217 γελοῖον
1660 5135 1722 5217 δέ
1745 5122 1996 5217 gemens
2019 5122 2123 5217 suo
2161 5122 2390 5196 nomine
2411 5122 3547 5217 ‘iﬁeriuigi’eziuif'séii[éﬁuiibi',"&{.§}ii”5ni.$

307 5199 660 5288 Siposuerat:
691 5199 753 5288 St:
895 5201 1076 5288 πάσης
1103 5199 1455 5288 παραχῆςμξζ
1494 5206 1551 5288 ξι
1575 5203 1712 5259 Vbb.
1739 5207 1903 5288 οἴκων
1924 5209 2266 5288 ἀναστάσεις,
2296 5214 2537 5288 μαγεῖαι,
2563 5212 2723 5288 δόλοι,
2751 5199 2977 5288 ἀπορίαι
3003 5199 3356 5274 accesserunt
3376 5199 3540 5282 etIV—Oi;

308 5276 420 5321 var.
447 5268 571 5326 lect.
599 5285 688 5342 ap.
713 5269 756 5326 C
802 5280 925 5342 post
953 5268 1288 5344 περιγραὶραϊ
1307 5268 1432 5330 add.
1461 5274 1625 5329 οἴκων
1653 5279 1993 5346 καταλύσεις,
2022 5268 2264 5351 μαγεῖαι,
2289 5268 2449 5348 δόλοι,
2480 5268 2739 5354 ἀπορίαι.-

1613 5415 1978 5474 VARIORUM
2013 5419 2247 5476 NOTAE.

380 5519 488 5594 (85)
533 5524 1048 5604 ξεν-οἷς
1099 5533 1479 5602 μυθολογίας.
1518 5532 1865 5604 Subjungun-

1970 5536 2131 5612 hanc,
2155 5539 2378 5612 omnino
2401 5549 2546 5612 certe
2578 5539 3008 5612 amplectendam
3059 5542 3363 5606 ἀσκεῖσθαι,
3392 5559 3533 5599 excr-

312 5593 590 5679 lnltrucapiti
627 5596 684 5649 ll
721 5612 751 5649 a
777 5593 1232 5679 S'.Damasce_no,
1266 5619 1300 5679 _a
1337 5593 1452 5679 quo
1479 5593 1861 5679 citanturvcnm
1964 5607 2089 5670 ceri,
2105 5593 2201 5676 pro
2229 5593 2539 5679 ἀρκεῖσθαι.
2563 5593 2704 5670 (ius:

314 5659 634 5724 qnibusdam
681 5667 833 5734 parvi
871 5673 1129 5724 momenti
1167 5659 1550 5738 varietatibus,
1585 5675 1631 5728 si
1672 5676 1860 5730 demas

625 5758 882 5822 Pauor.
939 5764 1056 5826 Gn.
1108 5765 1186 5825 ll.

3228 5772 3268 5840 6
3467 5813 3497 5840 ι
