4084 6148
551 248 644 304 171
1395 247 1454 305 S.
1495 245 1880 305 CLEMENTIS
1921 246 1939 302 I
1975 246 2098 304 ROB

2198 245 2383 304 PONT.
2414 245 2645 304 OPERA
2671 245 2897 305 DUBIA.

3686 248 3802 304 172

544 367 872 434 adulterare,
918 362 1180 438 zelotypia
1225 380 1336 420 non
1381 364 1624 431 effertur,
1655 380 1766 419 non
1811 365 2098 431 irascitur,

2213 361 2408 418 ἑαυτοῦ
2449 365 2682 433 γυναῖκα
2728 361 3141 435 μοιχευομένην,
3184 361 3247 418 ού
3279 360 3450 436 ζηλοτ,
3486 361 3549 416 ού
3586 361 3796 433 θυμοῦ-

545 479 653 518 non
693 464 1079 527 tumultuatur,
1119 475 1229 514 non
1275 459 1418 514 bella
1467 459 1608 514 ciet?
1639 458 1828 529 Itaque
1865 459 1968 516 ista
2000 475 2110 516 non

541 563 670 610 sunt
707 563 901 608 natura
942 553 1108 618 mala,
1141 568 1331 609 verum
1374 553 1564 623 iniqua
1595 553 1880 607 hominum
1926 553 2114 624 Opinio

539 647 724 715 gravia
753 662 815 702 ea
849 645 998 704 facit.
1031 644 1144 717 Ego
1173 653 1359 701 autem
1388 645 1498 713 aio,
1536 646 1702 716 quod,
1734 645 1986 716 quamvis
2020 645 2111 700 illa

538 753 646 791 non
701 739 952 792 accidant
1023 737 1390 804 incommoda,
1436 754 1504 794 ex
1548 738 1945 794 consuetudine
1985 753 2110 793 cum

537 829 810 884 adulterio
839 828 919 895 fit,
954 837 1014 884 ut
1043 830 1126 884 vel
1162 830 1392 886 maritus
1443 831 1750 894 deseratur,
1781 830 1866 886 vel
1891 839 1946 885 et
1972 845 2112 886 uxor

537 920 762 976 insidias
791 929 988 989 struat,
1014 922 1108 977 vel
1155 921 1346 978 labore
1377 921 1481 976 viri
1527 934 1684 992 parta
1732 923 1949 978 mcecho
1972 938 2112 993 prae-

535 1012 692 1078 beat;
733 1021 901 1083 utque
930 1029 1156 1085 peregre
1183 1014 1426 1086 profecto
1454 1017 1707 1086 conjuge,
1758 1031 1882 1073 cum
1917 1016 2006 1072 illa
2041 1032 2109 1072 ex

534 1107 780 1161 adultero
814 1108 1146 1178 conceperit,
1178 1117 1326 1164 metu
1357 1109 1806 1180 reprehensionis
1842 1109 1982 1165 uteri
2029 1109 2109 1165 fe-

533 1211 647 1256 tum
679 1203 885 1261 nitatur
906 1203 1230 1272 labefacere,
1262 1204 1466 1274 ﬁatque
1485 1203 1823 1271 infanticida,
1848 1203 1954 1270 vel,
1977 1203 2107 1258 dum

532 1295 736 1362 perdit,
762 1295 876 1366 ipsa
903 1296 1068 1352 simul
1090 1305 1298 1367 pereat.
1328 1295 1483 1363 Quod
1513 1297 1582 1363 si,
1616 1312 1739 1350 curn
1763 1311 1826 1350 ea
1853 1308 2108 1352 manente

533 1388 672 1454 viro,
706 1403 771 1442 ex
796 1389 1014 1444 moecho
1037 1389 1353 1460 concipiens
1378 1389 1543 1459 parit,
1567 1390 1830 1446 educatus
1849 1405 1984 1461 puer
2009 1405 2107 1460 pa-

532 1488 669 1535 trem
687 1482 879 1549 nescit,
900 1498 1025 1538 eum
1048 1499 1178 1538 vero
1193 1485 1287 1554 qui
1317 1500 1427 1540 non
1443 1493 1548 1550 est,
1570 1500 1692 1541 esse
1708 1494 1896 1555 putat;
1916 1486 2106 1557 sicque

529 1574 812 1643 moriens,
866 1577 961 1648 qui
1023 1586 1176 1646 pater
1219 1591 1332 1633 non
1390 1587 1511 1646 est,
1555 1579 1736 1633 alieno
1790 1579 1904 1634 filio
1961 1581 2103 1635 bona

528 1686 628 1726 sua
641 1659 1007 1740 'd'ereliuquit.
1039 1668 1252 1736 Quanta
1267 1677 1450 1725 autem
1475 1679 1531 1725 et
1554 1671 1662 1724 alia
1686 1671 1827 1726 mala
1857 1687 1923 1726 ex
1947 1672 2102 1727 adul-

527 1763 650 1818 terii
684 1773 880 1820 natura
913 1761 1048 1820 ori-ri
1071 1760 1602 1820 solent!"Nescimus
1625 1771 1805 1818 tamen
1828 1763 2096 1819 malorum

526 1859 760 1914 occulta.
794 1858 1270 1926 Quemadmodum
1302 1859 1450 1916 enim
1481 1860 1736 1914 rabiosus
1762 1858 1936 1923 canis,
1961 1868 2100 1929 qUOs

502 1951 719 2027 tangit,
753 1955 1038 2024 interimit,
1071 1956 1504 2013 occultissimam
1551 1954 1758 2011 rabiem
1791 1955 2102 2010 communi-

525 2070 680 2120 cans,
736 2054 810 2108 ita
861 2063 917 2110 et
968 2055 1222 2110 adulterii
1274 2055 1661 2111 absconditum
1717 2053 1948 2123 malum,
1998 2055 2101 2110 etsi

525 2149 828 2217 ignoretur,
859 2148 1196 2219 posteritatis
1219 2158 1478 2220 procurat
1499 2149 1886 2206 exscisionem.

591 2324 758 2381 XXII.
803 2325 1006 2383 Verum
1050 2329 1152 2385 hoc
1177 2343 1322 2385 nunc
1360 2328 1759 2401 relinquamus.
1787 2328 1926 2387 Illud
1954 2342 2100 2386 certe

523 2418 731 2474 scimus
771 2434 998 2484 omnes,
1041 2421 1365 2492 plerumque
1408 2436 1532 2476 eam
1558 2421 1632 2476 ob
1663 2436 1885 2477 causam
1917 2421 2100 2476 homi-

522 2528 622 2569 nes
665 2513 926 2569 effrenate
958 2515 1145 2583 irasci,
1189 2525 1475 2586 propterea
1509 2517 1648 2572 bella
1680 2525 1894 2583 exorta,
1926 2515 2098 2572 factas

523 2605 814 2662 domorum
867 2608 1203 2674 eversiones,
1258 2623 1324 2664 ac
1363 2609 1580 2664 urbium
1631 2607 2095 2680 expugnationes,

523 2700 740 2770 aliaque
780 2701 1090 2755 innumera.
1124 2698 1307 2767 Quare
1337 2715 1438 2773 ego
1477 2703 1544 2756 ad
1588 2714 1838 2757 sanctum
1882 2698 2099 2756 Iudaeo-

523 2809 644 2849 rum
690 2792 859 2848 Deum
908 2803 1264 2864 sanctamque
1287 2794 1606 2849 eorumdem
1638 2795 1812 2866 legem
1845 2792 2093 2864 confugi;

522 2901 647 2941 cum
664 2886 822 2942 fidem
838 2896 990 2942 certo
1005 2886 1213 2957 judicio
1229 2887 1568 2952 habuissem,
1585 2890 1730 2957 quod
1754 2905 1818 2944 ex
1840 2889 1932 2944 Dei
1945 2889 2097 2960 justo

2211 475 2322 523 ται,
2351 457 2412 510 ού
2443 456 2688 529 θορυϐεῖ,
2732 457 2792 510 οὐ
2827 455 3080 527 πολεμεί;
3117 453 3306 518 Οὕτως
3328 454 3427 508 οὐκ
3450 453 3566 507 ἐστι
3587 455 3652 525 τῇ
3688 453 3791 524 φύ-

2213 567 2297 604 σει
2337 550 2408 604 τά
2434 550 2655 604 τοιαῦτα
2688 550 2854 614 κακὰ,
2899 550 3036 604 ἀλλά
3079 553 3113 622 ἡ
3145 549 3336 620 ἄλογος
3369 546 3670 620 ἀνθρώπων
3701 548 3790 602 δό-

2210 659 2372 715 κησις
2395 641 2568 697 ταῦτα
2599 643 2904 697 δεινοποιεὶ
2952 641 3093 712 Ἐγὼ
3121 642 3178 696 δέ
3221 658 3383 713 φημι,
3421 640 3524 706 ὅτι,
3573 639 3676 694 κᾶν
3712 641 3790 712 μὴ

2209 734 2279 789 τὰ
2325 734 2477 789 δεινὰ
2518 735 2694 790 ταῦτα
2745 735 3052 809 συμϐαίνῃ,
3095 733 3371 805 ἐνδέχεται
3421 731 3680 804 συνηθείᾳ
3717 734 3787 804 τῇ

2211 828 2348 904 πρὸς
2379 827 2470 883 τὸν
2503 829 2688 901 μοιχὸν
2715 831 2749 902 ἤ
2780 829 2870 884 τὸν
2899 829 3071 902 ἄνδρα
3107 828 3415 892 ἀπολιπεῖν,
3451 825 3484 898 ῆ
3530 827 3625 880 καὶ
3662 841 3788 878 συν-

2210 923 2462 977 οικοῦσαν
2489 924 2892 988 ἐπιϐουλεῦσαι,
2919 923 2952 996 ἢ
2991 922 3059 977 τὰ
3083 921 3176 976 τοῦ
3205 921 3397 993 ἀνδρὸς
3421 919 3574 989 κόπῳ
3614 935 3786 973 πεπο-

2211 1017 2441 1088 ρισμὲνα
2464 1017 2542 1090 τῷ
2569 1016 2742 1089 μοιχῷ
2770 1018 3070 1089 παρασχεῖν
3088 1034 3102 1048 ·
3135 1014 3230 1068 καὶ
3260 1012 3671 1084 ἀποδημοῦντος
3690 1011 3786 1065 τοῦ

2208 1109 2401 1182 ἀνδρὸς
2429 1109 2797 1164 συλλαϐοῦσαν
2822 1111 2888 1164 ὲκ
2913 1109 3009 1163 τοῦ
3045 1107 3257 1180 μοιχοῦ,
3304 1105 3395 1160 διὰ
3421 1106 3482 1159 τὸ
3521 1105 3787 1159 αἰδεῖσθαι

2205 1205 2298 1258 τὸν
2322 1204 2562 1277 ἔλεγχον,
2593 1204 2654 1258 τὸ
2683 1204 2822 1258 κατά
2851 1202 3090 1274 γαστρὸς
3135 1201 3353 1272 φθεῖραι
3390 1198 3612 1270 θελῆσαι
3631 1237 3646 1263 ,
3690 1199 3789 1252 καὶ

2207 1299 2462 1369 γενέσθαι
2499 1297 2865 1363 τεκνοκτόνον,
2907 1296 2941 1368 ἧ
2980 1295 3075 1350 καὶ¹
3104 1294 3429 1367 φθείρουσαν
3459 1291 3786 1364 συμφθαρῆ-

2206 1410 2314 1446 ναι.
2331 1393 2394 1445 Εἰ
2416 1391 2496 1455 δὲ,
2515 1390 2761 1454 συνόντος
2789 1389 2882 1443 τοῦ
2895 1389 3107 1462 ἀνδρὸς,
3135 1388 3200 1442 ὲκ
3231 1386 3420 1471 μοιχοῦ
3447 1385 3788 1440 συλλαϐοῦσα

2205 1486 2374 1553 τέκοι,
2405 1485 2738 1559 ἀνατραφεὶς
2763 1486 2792 1539 6
2815 1487 2944 1547 παῖς
2970 1482 3060 1537 τὸν
3093 1483 3192 1554 μὲν
3221 1481 3435 1553 πατέρα
3463 1481 3669 1550 ἀγνοεῖ,
3689 1478 3788 1532 τὸν

2204 1579 2261 1632 δὲ
2289 1581 2388 1634 ούκ
2413 1581 2540 1635 ὄντα
2567 1579 2797 1652 νομίζει,
2825 1578 2920 1632 καὶ
2942 1576 3112 1640 οὕτως
3138 1576 3166 1629 6
3203 1575 3280 1647 μὴ
3305 1574 3489 1646 πατὴρ
3517 1571 3787 1628 τελευτῶν

2205 1675 2466 1748 ἀλλοτρίῳ
2497 1675 2648 1730 παιδὶ
2668 1673 2761 1728 τὸν
2787 1670 2984 1726 ἑαυτοῦ
3023 1667 3338 1724 καταλείπει
3369 1665 3503 1738 βίον.
3534 1665 3684 1718 Πόσα
3719 1664 3782 1719 δὲ

2203 1771 2298 1823 καὶ
2325 1768 2460 1823 ἄλλα
2489 1767 2637 1822 κακὰ
2662 1767 2727 1820 ὲκ
2756 1765 2856 1837 τῆς
2901 1764 3145 1838 μοιχείας
3175 1759 3418 1833 φυσικῶς
3443 1757 3781 1814 ἀνακύπτειν

2203 1862 2380 1933 φιλεϊί
2412 1862 2506 1916 καὶ
2529 1861 2630 1914 ούκ
2655 1859 2811 1931 ἴσμεν
2843 1857 2913 1912 τὰ
2944 1857 3151 1928 κρύφια
3175 1854 3284 1908 τῶν
3323 1851 3530 1906 κακῶν.
3564 1851 3780 1922 Ὥσπερ

2202 1957 2310 2029 γὰρ
2329 1959 2357 2010 6
2375 1953 2586 2009 λυσσῶν
2616 1952 2763 2008 κύων
2781 1950 3003 2014 τούτους
3026 1950 3240 2020 ἀναιρεῖ
3263 1939 3448 2019 ὧνπερ
3484 1945 3550 1999 ἂν
3570 1943 3776 2014 ψαύσῃ,

2200 2050 2302 2120 τῆς
2323 2048 2700 2120 ἀφανεστάτης
2729 2047 2933 2119 λύσσης
2958 2042 3290 2117 μεταδιδοὺς,
3323 2040 3468 2094 οὕτω
3494 2040 3540 2073 ’⁸
3555 2037 3652 2092 καὶ
3681 2038 3782 2109 τῆς

2204 2143 2452 2214 μοιχείας
2468 2143 2529 2196 τὺ
2556 2141 2785 2214 κρύφιον
2811 2141 3002 2204 κακὸν,
3039 2136 3141 2191 κᾶν
3164 2134 3446 2207 ἀγνοῆται,
3479 2131 3581 2204 τῆς
3601 2130 3779 2185 διαδο-

2201 2237 2302 2309 χῆς
2329 2237 2429 2309 τὴν
2475 2237 2717 2308 ἐκκοπὴν
2740 2234 3110 2307 ἐξεργάζεται.

2276 2328 2432 2398 132
2461 2326 2630 2383 XXII.
2674 2325 2834 2380 Ἀλλά
2857 2325 3016 2379 τοῦτο
3055 2323 3154 2396 μὲν
3177 2321 3269 2377 νῦν
3291 2321 3424 2394 ἡμῖν
3452 2315 3780 2389 παραλελει-

2201 2418 2339 2490 φθω.
2394 2420 2598 2474 Ἐκεῖνο
2643 2419 2703 2474 δὲ
2756 2420 2996 2482 ἅπαντες
3015 2418 3057 2449 ³⁷
3103 2415 3280 2487 ἴσμεν,
3317 2414 3395 2477 ὡς
3435 2414 3640 2467 ἐπίπαν
3683 2411 3783 2465 ἐπὶ

2197 2512 2373 2584 τούτῳ
2403 2515 2530 2577 τοὺς
2562 2514 2760 2585 ἄνδρας
2787 2509 3155 2582 ἀνεπισχέτως
3180 2506 3651 2581 δυσχεραίνοντας,
3675 2523 3780 2560 πο-

2198 2605 2396 2678 λέμους
2426 2624 2486 2658 τε
2506 2606 2552 2638 ⁸⁸
2573 2607 2666 2660 ἐπὶ
2695 2606 2870 2678 τούτῳ
2911 2604 3332 2677 ὲγηγερμένους,
3369 2602 3464 2655 καὶ
3483 2601 3649 2654 οἴκων
3685 2617 3784 2670 γε-

2198 2701 2429 2771 νομένας
2473 2701 2803 2772 ἀνατροπὰς,
2840 2700 2935 2754 καὶ
2983 2699 3190 2753 πόλεων
3234 2695 3482 2760 ἁλώσεις,
3518 2695 3614 2748 καὶ
3641 2694 3783 2750 ἄλλα

2200 2792 2388 2865 μυρία.
2428 2793 2528 2846 Διά
2552 2793 2710 2846 τοῦτο
2739 2791 2849 2862 ἐγὼ
2877 2791 2956 2862 τῷ
2986 2791 3126 2862 ἁγίῳ
3143 2791 3187 2823 ²⁹
3214 2789 3324 2843 τῶν
3365 2788 3631 2842 Ἰουδαίων
3658 2786 3780 2858 Θεῷ

2199 2888 2293 2941 καὶ
2320 2886 2468 2958 νόμῳ
2494 2886 2855 2959 προσέφυγον,
2882 2882 3240 2946 ἀποδεδωκὼς
3267 2884 3366 2954 τὴν
3389 2881 3571 2935 πίστιν
3600 2883 3783 2951 ἀσφα-

515 2978 727 3049 judicio
754 2987 809 3036 et
837 2981 922 3035 lex
950 2979 1058 3034 fixa
1101 2979 1173 3036 sit
1206 2995 1270 3035 ac
1298 2979 1613 3045 definita,et
1658 2983 1841 3038 anima
1870 2984 2095 3038 omnino

2200 2979 2282 3033 λεῖ
2296 2980 2340 3011 ³ο
2363 2981 2428 3050 τῇ
2463 2980 2663 3050 κρίσει,
2697 2980 2779 3032 ὅτι
2805 2980 2868 3032 ὲκ
2893 2979 2990 3050 τῆς
3016 2977 3110 3030 τοῦ
3139 2977 3275 3030 Θεοῦ
3298 2976 3511 3039 δικαίας
3543 2975 3784 3046 κρίσεως

521 3089 623 3144 pro
655 3073 869 3131 meritis
902 3089 1114 3142 eorum,
1149 3090 1272 3145 quae
1299 3075 1489 3146 gessit,
1524 3075 1823 3146 aliquando
1848 3077 2090 3146 recipiet.

2199 3073 2294 3127 καὶ
2344 3072 2510 3144 νόμος
2558 3071 2814 3144 ὥρισται,
2873 3071 2968 3124 καὶ
3019 3072 3053 3142 ἡ
3104 3070 3250 3142 ψυχὴ
3300 3069 3516 3132 πάντως
3548 3066 3610 3120 τὸ
3653 3069 3783 3120 κατ’

591 3251 778 3307 XXIII.
820 3249 944 3309 Haec
975 3268 1100 3309 cum
1129 3253 1422 3322 dixissem,
1454 3255 1666 3326 Appion
1698 3255 1933 3311 orationi
1970 3255 2096 3312 sub-

513 3347 648 3420 jecit
677 3365 692 3404 :
723 3346 867 3414 Quid
897 3347 1084 3403 enim?
1114 3362 1318 3412 nonne,
1349 3348 1552 3417 inquit,
1587 3357 1642 3403 et
1667 3348 1984 3406 Graecorum
2020 3351 2096 3406 le-

519 3455 614 3512 ges
641 3439 783 3495 mala
817 3441 1132 3510 prohibent,
1172 3449 1226 3495 et
1248 3439 1532 3495 adulteros
1561 3441 1834 3510 puniunt?
1864 3441 1979 3513 Ego
2015 3432 2096 3498 re-

518 3533 715 3605 spondi
746 3550 762 3588 :
791 3531 935 3604 Ergo
963 3531 1283 3588 Graecorum
1325 3532 1424 3602 dii,
1461 3535 1609 3605 quod
1654 3535 1929 3590 contraria
1963 3536 2095 3608 legi-

516 3629 621 3685 bus
641 3627 866 3696 faciunt,
897 3627 1224 3698 supplicium
1247 3637 1546 3684 merentur.
1575 3627 1696 3695 Quo
1721 3629 1884 3683 modo
1909 3638 2090 3684 autem

515 3731 572 3779 et
599 3736 852 3778 coercere
893 3736 982 3777 me
1029 3728 1245 3791 potero,
1293 3720 1426 3776 dum
1475 3721 1733 3775 existimo
1778 3721 1910 3776 deos
1944 3720 2092 3790 ipsos

515 3816 724 3884 primos
754 3831 861 3869 una
881 3830 1005 3870 cum
1031 3813 1303 3868 adulterio
1323 3822 1521 3869 cuncta
1539 3812 1742 3883 ﬂagitia
1771 3811 2088 3883 perfecisse,

517 3923 618 3963 nec
654 3923 849 3979 poenas
897 3907 1138 3974 dedisse,
1186 3921 1326 3977 quas
1363 3907 1487 3962 ideo
1535 3906 1714 3977 magis
1754 3907 1887 3962 dare
1919 3908 2086 3964 debe-

513 4000 665 4065 bant,
695 4000 824 4070 quia
850 4015 959 4054 non
985 4000 1232 4055 serviunt
1257 3999 1583 4070 cupiditati?
1613 3999 1771 4066 Quod
1795 4002 1841 4057 si
1871 4001 2088 4072 cupidi-

513 4093 608 4147 tati
659 4093 882 4149 obnoxii
913 4092 1156 4161 fuerunt,
1204 4108 1316 4163 quo
1343 4101 1506 4163 pacto
1537 4093 1614 4148 dii
1643 4094 1843 4149 erant?
1868 4093 1935 4150 Et
1973 4096 2088 4165 Ap-

513 4185 640 4255 pion
669 4203 682 4239 :
716 4184 836 4240 Sint
859 4185 1019 4240 nobis
1048 4200 1148 4255 pro
1177 4199 1345 4256 scopo
1369 4200 1480 4240 non
1516 4185 1592 4240 dii
1619 4186 1714 4241 sed
1743 4185 1957 4258 judices
1976 4229 1992 4256 ,
2031 4189 2086 4244 in

513 4293 652 4348 quos
671 4277 1034 4349 respiciendo,
1056 4293 1283 4349 peccare
1306 4287 1636 4334 metuemus.
1655 4278 1725 4334 At
1745 4295 1846 4352 ego
1864 4282 2084 4352 excepi:

510 4368 631 4426 Non
679 4371 858 4427 simile
885 4379 989 4438 est,
1026 4385 1058 4425 ο
1102 4371 1336 4441 Appian.
1381 4369 1490 4438 Qui
1512 4372 1660 4427 enim
1691 4372 1760 4427 ad
1804 4373 2082 4428 hominem
2119 4409 2162 4463 ι)

508 4463 750 4535 respicit,
780 4472 877 4534 sp'e
893 4463 1096 4518 latendi
1115 4464 1336 4518 audebit
1357 4479 1614 4534 peccare:
1637 4465 1732 4535 qui
1754 4480 1884 4520 vero
1911 4465 2082 4520 Deum

505 4557 756 4615 omnium
781 4557 1143 4626 inspectorem
1173 4565 1332 4611 metae
1367 4557 1489 4612 loco
1514 4557 1714 4612 anima:
1739 4574 1852 4614 suae
1881 4573 2085 4629 propo-

508 4649 639 4717 suit,
668 4665 871 4720 gnarus
894 4649 1039 4719 quod
1065 4664 1190 4704 eum
1222 4649 1394 4705 latere
1416 4664 1525 4705 non
1556 4651 1751 4720 possit,
1776 4652 1914 4706 clam
1942 4668 2083 4722 quo-

509 4759 615 4813 que
643 4758 868 4812 peccare
889 4741 1285 4812 supersedcbit.

578 4857 768 4915 XXIV.
807 4858 941 4926 Quae
976 4873 1099 4914 cum
1143 4857 1388 4914 audisset
1430 4858 1667 4928 Appion,
1695 4859 1874 4914 dixit:
1912 4860 2080 4914 Intel-

505 4951 767 5016 lexeratn,
797 4967 864 5007 ex
893 4966 1003 5023 quo
1029 4952 1215 5021 accepi
1260 4952 1358 5008 tibi
1404 4956 1539 5007 cum'
1567 4952 1770 5009 Judzcis
1795 4969 1916 5008 esse
1939 4968 2046 5008 con
2065 4984 2076 4994 ιτ

507 5043 876 5110 suetudinem,
921 5054 975 5100 te
1032 5046 1331 5101 mutavisse
1403 5045 1752 5099 sententiam.
1814 5043 2078 5100 Praeclare

506 5136 653 5189 enim
677 5149 706 5188 a
731 5135 966 5204 quodam
990 5134 1196 5191 dictum
1219 5145 1342 5204 est.ll
1366 5154 1378 5187 :
1406 5134 1762 5203 Corrumpunt
1787 5152 1954 5190 mores
1986 5135 2077 5190 bo-

2196 3164 2351 3230 ἀξίαν
2367 3164 2412 3196 ³¹
2443 3157 2518 3217 ὧν
2549 3164 2785 3235 ἔπραξεν
2817 3164 3152 3234 ὁπουδήποτε
3179 3161 3572 3232 ἀπολαμϐάνει.

2268 3257 2452 3311 XXIII.
2480 3257 2666 3311 Ταῦτά
2685 3275 2785 3329 μου
2811 3256 3076 3321 εἰπόντος,
3094 3257 3124 3308 6
3139 3255 3382 3309 ’Δππίων
3399 3254 3673 3323 ἐπήνεγκε
3697 3251 3783 3323 τῷ

2196 3350 2337 3421 λόγῳ
2357 3367 2370 3383 ’
2401 3351 2466 3403 Τί
2500 3350 2629 3422 γὰρ,
2661 3350 2784 3422 ούχὶ
2810 3350 2904 3404 καὶ
2934 3351 2984 3402 οἱ
3031 3349 3318 3421 Ἑλλήνων,
3349 3347 3474 3418 ἔφη,
3515 3347 3673 3419 νόμοι
3706 3347 3782 3401 τὰ

2196 3445 2375 3516 φαῦλα
2394 3443 2848 3516 ἀπαγορεύουσιν,
2881 3444 2978 3497 καὶ
3004 3443 3132 3505 τοὺς
3162 3441 3388 3514 μοιχοὺς
3418 3439 3774 3507 κολάξουσινς

2195 3538 2365 3610 Κάγὼ
2385 3539 2518 3611 ἔφην
2537 3556 2549 3569 ·
2574 3537 2782 3592 Οὐκοῦν
2808 3537 2858 3590 οἱ
2898 3534 3166 3606 Ἐλλήνων
3191 3535 3303 3589 θεοὶ
3332 3534 3404 3588 τὰ
3423 3535 3646 3589 ἐναντία
3663 3535 3779 3597 τοῖς

2194 3633 2377 3704 νόμοις
2427 3631 2732 3705 πράξαντες
2775 3629 2996 3684 κόλασιν
3027 3627 3352 3698 ὀφείλουσιν.
3407 3627 3531 3692 Πῶς
3572 3627 3633 3682 δὲ
3680 3629 3777 3683 καὶ

2195 3725 2545 3797 σωφρονίζειν
2591 3722 2825 3795 ἐμαυτὸν
2856 3722 3176 3795 δυνήσομαι,
3224 3721 3646 3794 ὑπολαμϐάνων,
3691 3725 3778 3778 ὅτι

2191 3817 2242 3869 οἱ
2268 3816 2380 3870 θεοὶ
2398 3816 2550 3871 αὐτοὶ
2572 3816 2778 3888 πρῶτοι
2801 3816 2915 3887 ἅμα
2939 3817 3006 3887 τῇ
3037 3814 3252 3886 μοιχείᾳ
3272 3817 3342 3868 τὰ
3361 3813 3574 3886 χαλεπὰ
3594 3816 3777 3872 πάντα

2191 3908 2566 3981 διεπράξαντο,
2610 3908 2706 3963 καὶ⁹
2751 3909 2908 3980 δίκην
2948 3909 3010 3962 ού
3038 3906 3323 3974 δεδώκασι,
3354 3907 3528 3982 ταύτῃ
3570 3909 3774 3980 μᾶλλον

2191 4001 2496 4070 ὀφείλοντες
2531 4001 2753 4068 διδόναι,
2782 4001 2858 4066 ὡς
2895 4001 2968 4072 μή
3009 3999 3350 4064 δουλεύοντες
3375 4001 3675 4074 ἐπιθυμίᾳ;
3723 4004 3778 4057 εἰ

2189 4092 2246 4146 δὲ
2292 4094 2574 4148 ὑπέκειντο
2598 4095 2664 4160 ³⁸,
2719 4093 2838 4158 πῶς
2885 4090 3026 4166 ἦσαν
3081 4093 3224 4159 θεοί;
3266 4095 3376 4148 Καὶ
3408 4095 3437 4148 6
3485 4093 3769 4150 ’Δππίων-

2194 4186 2479 4260 Ἔστωσαν
2517 4188 2648 4259 ήμῖν
2677 4186 2868 4241 σκοποὶ
2895 4185 3092 4259 μηκέτι
3123 4185 3255 4251 θεοὶ,
3286 4187 3400 4240 ἀλλ’
3417 4189 3468 4242 οἱ
3494 4188 3772 4257 δικασταὶ,

2189 4280 2267 4343 είς
2296 4279 2389 4346 οὓς
2411 4281 2744 4354 ἀφορῶντες,
2768 4278 3188 4351 φοϐηθησόμεθα
3210 4279 3566 4351 ἁμαρτάνειν.
3597 4281 3774 4352 Κάγὼ

2190 4372 2354 4445 ἔφην·
2403 4374 2517 4427 Οὐκ
2564 4373 2674 4426 ἔσθ’
2696 4373 2740 4406 ³³
2770 4374 2984 4445 ὅμοιον,
3015 4368 3060 4426 ὦ
3120 4373 3386 4428 ’Ᾱππίων.
3434 4375 3492 4428 Ὁ
3525 4375 3625 4447 μὲν
3662 4375 3773 4449 γὰρ

2193 4466 2330 4538 πρὸς
2367 4465 2652 4537 ἄνθρωπον
2686 4464 2824 4537 ἔχων
2869 4465 2960 4519 τὸν
3007 4466 3207 4520 σκοπὸν
3244 4465 3419 4520 ἐλπίδι
3457 4467 3552 4521 τοῦ
3585 4466 3774 4524 λαϐεῖν

2190 4558 2450 4629 τολμήσει
2502 4559 2858 4630 ἁμαρτάνειν,
2911 4560 2939 4612 6
2977 4559 3035 4611 δὲ
3078 4557 3208 4612 Θεὸν
3258 4559 3646 4632 παντεπόπτην
3697 4565 3774 4635 τῇ

2191 4651 2381 4704 ἑαυτοῦ
2415 4651 2560 4723 ψυχῇ
2608 4651 2765 4723 133
2805 4653 3150 4724 ὁρισάμενος,
3183 4649 3340 4716 εἰδὼς
3377 4653 3542 4707 αὐτὸν
3583 4653 3775 4709 λαϐεῖν

2193 4742 2268 4812 μὴ
2293 4741 2574 4808 δύνασθαι,
2606 4743 2704 4797 καὶ
2741 4744 2802 4796 τὸ
2830 4744 3003 4816 λάθρα
3037 4745 3302 4816 ἁμαρτεῖν
3346 4747 3769 4818 παραιτήσεται.

2253 4853 2442 4909 XXIV.
2483 4855 2670 4910 Ταῦτα
2709 4859 2738 4910 6
2781 4855 3022 4910 Ἀππίων
3083 4856 3322 4920 ἀκούσας
3381 4857 3486 4928 ἔφη
3516 4875 3532 4890 ·
3581 4859 3771 4931 ᾜδειν

2183 4949 2242 5016 ἐξ
2293 4951 2380 5003 ὅτε
2419 4950 2628 5021 ἥκουσα
2674 4951 2947 5014 Ἰουδαίοις
2991 4968 3052 5004 σε
3073 4951 3120 4984 ³⁸
3167 4952 3619 5024 προσομιλοῦντα,
3671 4955 3772 5024 ὴλ-

2182 5042 2439 5097 λοιῶσθαι
2485 5044 2584 5116 τὴν
2641 5043 2884 5116 γνώμην.
2942 5044 3139 5108 Καλῶς
3192 5045 3304 5118 γὰρ
3351 5047 3566 5119 εἴρηταί
3622 5066 3763 5102 τινι·

2180 5137 2534 5204 Φθείρουσιν
2556 5135 2672 5206 ἤθη
2693 5138 2926 5205 χρηστὰ
2947 5137 3377 5206 ὀμιλίαικακαί.
3404 5139 3576 5210 Κάγὼ
3593 5139 3730 5213 ἔφην
3746 5157 3764 5172 ο

579 5266 601 5294 ο
625 5253 639 5308 1
663 5252 790 5308 Cor.
841 5271 930 5321 xv,
973 5255 1063 5310 35.
1100 5253 1198 5310 Est
1235 5252 1516 5310 Menandri
1545 5271 1758 5323 versus,
1787 5255 1878 5325 qui
1913 5255 2016 5326 legi
2053 5255 2098 5309 dc

2198 5266 2213 5308 t
2243 5275 2256 5311 :
2288 5255 2715 5328 Φθείρουσινῆοη
2732 5254 3142 5328 χρήσθ’όμιλίαι
3163 5257 3354 5312 κακαί.

1772 5368 2011 5425 VARIAE
2064 5368 2472 5425 LECTIONES.

576 5464 621 5496 ’⁸
665 5462 834 5527 οὕτως
858 5463 919 5518 C.
947 5465 994 5502 ’ν
1027 5461 1302 5526 πάντεςο.
1343 5459 1478 5516 Tum
1515 5460 1786 5514 ἐπὶτοῦτο
1809 5477 1923 5515 var.
1955 5461 2078 5515 lect.
2107 5476 2196 5531 ap.
2223 5459 2290 5531 C.
2327 5459 2700 5531 Subsequitur;
2730 5457 2987 5531 mendum
3018 5462 3118 5531 τάς
3152 5476 3203 5530 p.
3239 5460 3367 5525 τούς
3392 5463 3444 5515 in
3479 5459 3544 5517 Ο.
3623 5463 3670 5496 ’⁸
3699 5483 3768 5520 τε

505 5533 628 5586 add.
656 5553 704 5586 c.
728 5533 772 5588 Ο
803 5576 816 5599 ,
835 5535 926 5602 qui
946 5534 1313 5602 subindeexh.
1351 5533 1443 5585 ἐπὶ
1468 5532 1640 5601 τούτῳ
1666 5548 1716 5586 c.
1745 5531 1787 5583 D
1818 5574 1832 5596 ,
1857 5533 1949 5585 ἐπὶ
1973 5530 2174 5585 τούτων
2200 5530 2262 5585 C.

963 5604 1005 5633 ³¹
1032 5587 1308 5667 καταξὶανή
1328 5603 1393 5658 Ο.
1470 5603 1513 5634 ³³
1535 5587 1896 5656 ὲπὲκειντοὈ.
1927 5602 1982 5656 ln
2019 5604 2208 5657 eodem
2237 5587 2612 5658 desiderantur
2632 5587 2758 5656 vbb.
2785 5600 2930 5655 καὶὸ
2968 5602 3226 5656 Ἀππῖων.
3306 5587 3350 5634 ³³
3375 5606 3475 5660 οὐκ
3500 5607 3575 5663 ὲΘ*
3599 5587 3664 5659 tl.
3703 5587 3766 5663 In

504 5604 550 5634 ιο
586 5605 797 5673 ἀσφαλῇ
825 5605 883 5654 (;,

2366 5533 2408 5566 ³ο
2433 5528 2619 5601 ἀγαθῷ
2657 5528 2798 5597 Epit.
2815 5545 2865 5601 c.
2889 5530 2978 5585 51.
3015 5528 3256 5586 Subinde
3280 5532 3358 5601 τῷ
3400 5533 3668 5588 Ἰουδαίων
3694 5536 3765 5592 C.

501 5673 548 5727 0
603 5667 686 5730 est
731 5667 906 5727 ἅπασι
945 5672 1083 5727 inter
1114 5667 1158 5725 ὧ
1199 5683 1251 5726 et
1297 5673 1540 5730 Ἀππίων
1567 5687 1916 5744 expunctum.
1945 5672 2040 5746 *³⁸
2073 5673 2131 5726 σέ
2165 5688 2276 5727 om.
2312 5671 2381 5727 Ο.
