4082 6160
478 275 583 335 I75

1326 279 1385 336 S.
1409 272 1795 336 CLEMENTIS
1832 273 1853 330 1
1888 274 2055 330 ROM.
2096 273 2297 329 PONT.
2327 273 2555 330 OPEBA
2587 272 2818 332 DUBIA.

3605 277 3710 337 ιγο

474 402 584 443 non
614 385 929 458 ignorabam
959 401 1176 444 summo
1195 383 1412 441 Judmos
1442 385 1696 456 prosequi
1717 384 1865 451 odio,
1899 382 2027 440 adeo

2136 380 2504 449 κατακλίσεως
2561 384 2661 457 τὴν
2711 385 2910 442 αἰτίαν.
2954 386 3095 459 Ἐγὼ
3142 388 3201 444 δὲ
3239 387 3329 444 τὸν
3385 390 3556 465 ἄνδρα
3606 395 3707 448 οὐκ

474 487 534 535 ιιι
575 490 627 534 et
666 487 857 533 contra
907 493 1003 535 eos
1054 478 1256 533 multos
1303 477 1586 548 scripserit
1635 477 1805 534 libros
1842 490 2032 545 ;nunc

473 579 619 625 certe
669 569 945 624 Simonem
994 570 1171 641 ipsum
1212 569 1269 624 in
1322 570 1617 624 amicitiam
1672 569 1891 625 admisit
1923 583 2035 623 non

444 668 449 679 ‘
475 661 693 733 quidem
720 662 794 717 ob
822 661 1064 717 discendi
1120 661 1361 717 studium
1391 678 1456 718 ac
1491 662 1852 718 eruditionem
1889 688 1911 730 ,ρ
1940 658 2037 717 sed

473 757 602 828 quia
651 740 800 812 novit
855 772 978 812 eum
1020 770 1143 812 esse
1180 755 1588 812 Samaritanum
1635 762 1690 810 et
1721 752 2033 810 Iudaeorum

476 849 709 915 hostem,
753 847 1015 903 adversus
1058 862 1198 919 quos
1248 847 1411 902 etiam
1442 846 1513 902 sit
1536 862 1880 918 progressus,
1913 846 2035 903 ideo

472 955 595 996 eum
626 940 731 996 sibi
760 939 1093 1005 conciliavit,
1124 955 1231 1011 quo
1253 940 1428 1011 possit
1455 939 1659 1012 aliquid
1684 940 1752 996 ab
1777 940 1871 995 illo
1900 955 2036 996 con-

469 1039 555 1090 tra
571 1031 788 1088 Iudaeos
817 1031 1049 1088 discere.

542 1121 634 1179 III.
664 1120 786 1181 Haec
809 1137 908 1194 ego
937 1122 1116 1178 sciens
1139 1122 1206 1179 de
1227 1123 1492 1196 Appione,
1518 1122 1682 1180 simul
1714 1138 1779 1180 ac
1809 1137 2031 1178 causam

471 1212 648 1268 morbi
678 1213 853 1283 petiit,
888 1213 1143 1284 respondi
1180 1214 1452 1276 simulate,
1480 1230 1568 1270 me
1587 1214 1849 1285 iuvenum
1881 1227 2034 1269 more

468 1306 721 1364 aﬁ’ectum
750 1308 934 1364 dolere
958 1308 1160 1363 animo.
1183 1306 1264 1363 Ad
1293 1308 1409 1363 haec
1426 1309 1518 1364 ille
1538 1308 1676 1364 dixit
1708 1327 1725 1379 :q
1757 1306 1882 1371 Fili,
1914 1316 2034 1362 tan-

466 1414 630 1470 quam
653 1399 796 1469 patri
834 1398 1076 1458 conﬁsus
1107 1414 1293 1465 narra,
1342 1399 1566 1470 quinam
1620 1398 1694 1456 sit
1744 1398 1912 1454 animi
1950 1398 2032 1455 tui

465 1490 714 1546 morbus.
762 1487 1011 1560 Cumque
1049 1489 1248 1547 iterum
1282 1490 1407 1546 ﬁcte
1453 1491 1744 1546 vehemens
1774 1482 2046 1545 ducerem.

465 1582 785 1652 suspirium,
811 1582 970 1651 quasi
1001 1582 1206 1638 veritus
1256 1581 1416 1637 fateri
1445 1596 1706 1647 amorem,
1738 1579 1951 1636 silendo
1975 1586 2032 1636 et

462 1675 673 1730 vultum
687 1674 1023 1730 demittenda
1044 1675 1412 1745 suspicionem
1437 1672 1563 1730 dedi
1583 1672 1702 1749 ejus
1717 1672 1864 1745 quod
1884 1671 2031 1728 indi-

462 1765 577 1820 cari
608 1766 854 1821 volebam
884 1784 900 1834 ;
944 1773 999 1820 at
1025 1765 1115 1821 ille
1141 1780 1332 1821 revera
1357 1780 1444 1821 me
1469 1763 1750 1820 mulierem
1779 1762 2029 1835 deperire

461 1872 760 1929 persuasus
790 1857 928 1917 dixit
964 1877 978 1912 :
1010 1858 1155 1912 Nihil
1203 1857 1259 1912 in
1301 1857 1413 1913 vita
1450 1864 1556 1922 est,
1588 1856 1680 1912 cui
1715 1871 1824 1911 non
1853 1855 2031 1929 possit

462 1952 708 2011 adhiberi
737 1951 1060 2008 remedium.
1090 1952 1213 2021 Ipse
1237 1951 1382 2007 enim
1414 1965 1534 2022 ego,
1574 1950 1755 2006 adhuc
1783 1949 2026 2017 juvenis,

461 2059 586 2101 cum
610 2045 666 2106 in
696 2059 936 2102 amorem
968 2045 1279 2102 incidissem
1305 2043 1725 2115 elegantissimae
1758 2044 2027 2110 mulieris,

462 2152 575 2192 non
602 2138 764 2193 modo
798 2137 1137 2209 impossibile
1177 2137 1491 2210 judicabam
1535 2136 1629 2192 illa
1681 2136 1808 2206 frui,
1840 2152 2029 2194 verum

458 2243 636 2299 neque
656 2228 896 2285 salutare
918 2245 1157 2301 unquam
1189 2229 1478 2301 sperabam
1505 2246 1520 2283 :
1542 2235 1594 2282 et
1622 2236 1801 2284 tamen
1833 2235 2030 2285 nactus

460 2321 700 2392 aliquem
746 2319 1084 2393 Egyptium,
1139 2320 1367 2394 magicis
1395 2320 1453 2377 In
1502 2319 1713 2377 artibus
1759 2318 2032 2391 peritissi-

458 2428 633 2479 mum,
689 2418 744 2468 et
791 2421 1075 2470 contracta
1139 2429 1268 2469 cum
1313 2426 1380 2469 eo
1440 2412 1703 2478 amicitia,
1778 2426 2025 2468 amorem

456 2518 639 2560 meum
664 2503 883 2560 dcclaro
915 2522 929 2558 :
959 2518 1024 2560 ac
1043 2519 1153 2559 non
1177 2505 1354 2560 solum
1382 2503 1472 2559 ille
1500 2518 1561 2560 se
1581 2504 1713 2558 mihi
1742 2503 1811 2558 ad
1844 2502 2029 2574 cupita

459 2595 644 2650 omnia
694 2593 1091 2662 tradidit;sed
1142 2594 1450 2665 largissime
1504 2594 1638 2649 mihi
1689 2595 2024 2665 gratiﬁcans,

458 2686 623 2741 etiam
653 2685 917 2741 carminis
947 2700 1045 2754 per
1072 2685 1219 2755 quod
1251 2685 1456 2754 potitus
1494 2684 1569 2739 fui
1601 2684 1889 2740 scientiam
1916 2698 2025 2739 non

459 2774 652 2831 invidit
680 2791 699 2830 :
727 2783 891 2845 atque
916 2789 1015 2846 per
1040 2775 1189 2830 illius
1218 2772 1456 2829 hominis
1487 2772 1757 2829 occultam
1803 2773 2029 2829 demon-

457 2865 802 2929 strationem,
825 2879 1124 2935 persuasus
1155 2863 1401 2934 magistri
1444 2864 1836 2932 muniﬁcentia,
1865 2871 1920 2921 et
1941 2880 2030 2922 se-

456 2957 565 3013 mel
586 2957 809 3028 potitus,
840 2970 1025 3012 amare
1053 2956 1284 3012 cessavi.

550 3067 588 3103 ὒ

529 3132 618 3189 IV.
652 3131 808 3189 Unde
832 3132 880 3187 si
910 3141 965 3188 et
987 3140 1044 3186 tu
1068 3132 1178 3187 tale
1208 3130 1338 3202 quid
1363 3131 1648 3187 hominum
1678 3146 1831 3187 more
1873 3139 2028 3202 pate-

457 3227 555 3293 ris,
586 3224 720 3281 mihi
750 3225 993 3284 conﬁsus
1016 3225 1227 3295 depone
1253 3240 1434 3281 curas.
1463 3223 1608 3280 Intra
1650 3224 1793 3280 enim
1818 3232 2025 3293 septem

456 3318 573 3374 dies
604 3318 827 3373 omnino
851 3325 904 3373 te
929 3317 1175 3375 mulieris
1220 3317 1416 3374 faciam
1441 3325 1772 3389 compotem.
1795 3315 1893 3372 His
1924 3331 2026 3387 ego

457 3409 679 3474 auditis,
712 3425 891 3466 meum
916 3409 1215 3480 respiciens
1250 3408 1318 3464 ad
1361 3423 1611 3478 scopum,
1643 3407 1731 3463 aio
1765 3404 2027 3478 :Ignosce

456 3502 591 3559 mihi
626 3517 738 3557 non
760 3505 974 3573 penitus
1002 3501 1243 3559 credenti
1270 3502 1502 3573 magiam
1528 3507 1746 3557 exstare
1781 3522 1793 3555 :
1827 3499 2026 3554 multos

456 3592 657 3662 quippe
679 3592 791 3662 jam
825 3599 1082 3663 expertus
1110 3607 1255 3659 sum,
1284 3593 1452 3646 multa
1482 3591 1754 3661 pollicitos
1777 3604 1840 3644 ac
1867 3606 2024 3644 men-

455 3682 609 3738 titus.
645 3680 897 3736 Attamen
925 3690 1106 3736 movet
1132 3695 1219 3737 me
1249 3695 1313 3734 ac
1341 3681 1397 3735 in
1444 3696 1595 3751 spem
1632 3679 1851 3735 adducit
1898 3693 2026 3749 pro-

458 3773 651 3828 missio
676 3781 790 3827 tua.
825 3769 1032 3827 Vereor
1077 3781 1285 3837 autem,
1317 3771 1446 3826 dum
1497 3770 1701 3842 cogito,
1735 3769 1874 3824 forte
1914 3771 2023 3825 dae-

459 3879 649 3919 mones
673 3861 946 3919 interdum
976 3861 1151 3933 magis
1179 3861 1248 3916 ad
1276 3860 1532 3915 mandata
1558 3874 1669 3915 non
1695 3858 1935 3915 obedire.

530 4052 595 4109 ν.
636 4053 939 4125 Respondit
958 4052 1168 4125 Appion
1193 4072 1208 4111 :
1232 4052 1365 4108 Mihi
1399 4053 1660 4116 concede,
1682 4059 1741 4106 ut
1763 4051 1879 4107 haec
1900 4053 2023 4121 plus

455 4161 620 4218 quam
641 4152 700 4201 tu
725 4160 1076 4218 cognoscam.
1100 4144 1178 4201 Ne
1199 4153 1382 4200 tamen
1417 4144 1558 4199 nihil
1585 4141 1824 4199 videaris
1846 4158 1910 4198 ex
1936 4159 2024 4200 me

456 4237 732 4294 audivisse
770 4238 838 4294 de
878 4253 943 4294 eo
988 4236 1135 4309 quod
1194 4236 1403 4303 dixisti,
1447 4236 1618 4303 disce,
1654 4253 1761 4310 qua
1810 4239 2023 4295 ratione

455 4338 721 4401 cogantur
765 4330 1044 4387 daemones
1082 4330 1313 4401 obsequi
1358 4330 1632 4387 mandatis
1683 4348 1966 4404 magorum
2002 4351 2017 4401 ;

454 4436 582 4477 nam
615 4422 759 4479 sicut
800 4422 914 4477 ﬁeri
944 4438 1056 4478 non
1099 4431 1301 4494 potest,
1340 4434 1400 4479 ut
1443 4423 1601 4480 miles
1631 4424 1758 4479 duci
1795 4435 2019 4485 contra-

454 4513 621 4580 dicat,
651 4522 705 4569 et
725 4513 866 4569 sicut
907 4514 1010 4584 ipsi
1039 4514 1206 4570 duces
1255 4528 1365 4569 non
1414 4523 1646 4584 possunt
1702 4515 2019 4587 imperatori

453 4619 563 4659 non
590 4606 967 4675 obtemperare
1001 4604 1070 4675 (si
1099 4605 1224 4675 quis
1252 4606 1397 4667 enim
1423 4608 1725 4677 praepositis
1775 4616 2015 4678 resistat,

454 4696 679 4752 omnino
706 4711 900 4767 punias
930 4696 1144 4767 solvet),
1176 4696 1249 4750 ita
1271 4695 1388 4750 ﬁeri
1417 4697 1626 4766 nequit,
1661 4705 1721 4752 ut
1742 4697 2019 4755 daemones

456 4786 659 4855 angelis
708 4785 942 4842 ducibus
990 4786 1105 4840 suis
1152 4786 1657 4843 non.suhserviant
1685 4805 1701 4853 ;
1731 4803 1829 4857 per
1879 4804 2017 4858 quos

456 4877 689 4946 adjurati
733 4877 932 4933 cedunt
959 4883 1274 4944 trementes,
1301 4882 1362 4931 ut
1389 4878 1482 4948 qui
1511 4877 1648 4934 bene
1680 4880 1936 4935 noverint
1959 4895 2016 4934 se

456 4981 566 5024 non
592 4967 881 5025 obsecutos
921 4967 1147 5024 omnino
1185 4966 1388 5038 puniri.
1427 4968 1530 5038 Ipsi
1570 4983 1786 5039 quoque
1814 4969 2013 5039 angeli,

2136 474 2344 546 ἀγνοῶν
2366 476 2414 510 ⁸⁸
2444 476 2584 531 πάνυ
2614 477 2902 542 Ἰουδαίους
2935 479 3006 534 δι’
3037 480 3332 554 ἀπεχθείας
3391 480 3601 552 ἔχοντα,
3632 483 3709 549 ὡς

2137 568 2232 623 καί
2265 568 2435 623 πολλά
2467 568 2646 640 βιϐλία
2688 571 2808 625 κατ’
2847 570 3026 625 αὐτῶν
3072 574 3509 646 συγγεγραφέναι
3536 573 3713 631 “ita!

2136 661 2299 717 αὑτὸν
2349 661 2570 734 Σίμωνα
2595 660 2692 717 νῦν
2723 664 2786 717 ού
2821 664 2911 719 διά
2959 664 3313 736 φιλομάθειαν
3342 666 3388 699 ’⁸⁸
3414 668 3495 730 εἰς
3527 668 3710 735 φιλίαν

2137 753 2494 827 προσιέμενον
2513 791 2529 819 ,
2579 755 2694 810 ἀλλ’
2741 755 2929 830 ἐπειδὴ
2974 758 3235 830 Σαμαρέα
3266 759 3428 813 αὐτὸν
3470 756 3578 815 οῑδε
3624 778 3711 832 μι-

2137 847 2431 901 σοῖουδαῖόν
2480 864 2541 902 τε
2583 849 2714 904 δντα
2767 852 2862 904 καὶ
2911 850 3053 904 κατά
3098 851 3369 906 Ἰουδαίων
3409 853 3708 924 προεληλυ-

2137 938 2286 1004 θότα,
2310 939 2398 994 διά
2434 940 2591 995 τοῦτο
2634 940 2796 996 αὑτὸν
2833 941 3308 1015 πφσῳκειώσατο,
3361 945 3447 998 ἵνα
3494 943 3709 999 δύναιτο

2136 1030 2277 1086 κατά
2322 1033 2587 1087 Ἰουδαίων
2606 1051 2657 1087 τι
2686 1036 2815 1106 παρ’
2844 1034 3007 1089 αὑτοῦ
3046 1034 3354 1108 μανθάνειν.

2207 1119 2296 1176 Ill.
2335 1121 2521 1176 Ταῦτα
2548 1121 2657 1191 ἐγὼ
2690 1123 2950 1195 προειδὼς
2975 1124 3022 1158 ⁸⁸
3052 1126 3178 1197 περὶ
3223 1125 3317 1179 τοῦ
3382 1126 3704 1190 Ἀππῐωνος,

2135 1215 2253 1286 ἅμα
2283 1208 2362 1287 τῷ
2390 1215 2649 1269 πυθέσθαι
2682 1216 2842 1271 αὑτὸν
2884 1218 2982 1290 τὴν
3013 1218 3191 1273 αἰτίαν
3221 1220 3319 1291 τῆς
3349 1219 3505 1274 νόσου
3536 1237 3707 1292 προσ-

2136 1305 2432 1377 ποιητικῶς
2454 1305 2498 1337 ⁸⁷
2521 1305 2924 1378 ἀπεκρινάμην,
2956 1306 3038 1360 ὅτι
3080 1306 3149 1361 τὰ
3194 1307 3328 1362 νέων
3372 1308 3564 1380 πάσχω
3610 1309 3707 1363 καὶ

2132 1395 2285 1466 ἀλγῶ
2331 1396 2430 1468 τὴν
2468 1395 2665 1470 ψυχήν.
2723 1397 2782 1450 '0
2814 1396 2871 1450 δὲ
2920 1396 3054 1470 πρὸς
3091 1396 3264 1452 ταῦτα
3311 1398 3411 1469 ἔφη
3433 1415 3447 1429 ο
3481 1398 3704 1462 Τέκνον,

2132 1486 2209 1551 ὡς
2238 1486 2407 1560 πατρὶ
2427 1485 2707 1561 θαρσήσας
2735 1486 2881 1557 λέγε,
2906 1486 2990 1551 τίς
3011 1504 3103 1541 σου
3129 1488 3227 1560 τῆς
3253 1487 3428 1559 ψυχῆς
3457 1487 3699 1560 ἡνόσος;

2145 1576 2310 1650 Έμοῦ
2355 1577 2414 1633 δὲ
2462 1578 2900 1652 προσποιητικῶς
2926 1578 2974 1612 ⁸⁸
3013 1578 3172 1634 πάλιν
3227 1578 3702 1646 ἀναστενάξαντος,

2133 1672 2209 1736 ὠς
2247 1672 2314 1744 δὴ
2362 1673 2492 1744 περὶ
2544 1672 2746 1745 ἔρωτος
2789 1674 2963 1726 εἰπεῖν
3010 1670 3348 1744 αἰδουμένου,
3387 1671 3477 1726 διά
3508 1689 3573 1741 γε
3603 1670 3706 1743 τῆς

2137 1765 2345 1837 σιωπῆς
2380 1764 2538 1837 136
2574 1762 2669 1819 καὶ
2696 1764 2792 1819 τοῦ
2839 1764 3154 1820 κατανεύειν
3183 1765 3252 1830 δ’,
3282 1766 3412 1836 περί
3433 1760 3493 1819 οὗ
3514 1762 3702 1837 ἧθελον

2132 1856 2518 1923 ἐνδείκνυσθαι,
2562 1859 2827 1929 παρεῖχον
2859 1857 2958 1927 τὴν
3004 1856 3278 1911 ὑπόνοιαν
3312 1840 3341 1911 ό
3372 1856 3451 1922 δὲ,
3490 1856 3620 1928 ὲρᾷν
3653 1854 3701 1888 ⁸⁸

2135 1966 2202 2021 με
2226 1949 2480 2018 γυναικὸς
2518 1947 2733 2019 ἀληθῶς
2782 1947 3151 2013 ἀναπεισθεὶς,
3179 1948 3313 2021 ἔφη’
3355 1947 3523 2001 οὐδέν
3552 1947 3701 2001 ἐστιν

2131 2043 2189 2097 ὲν
2219 2043 2297 2115 τῷ
2355 2042 2454 2114 βίῳ
2506 2042 2757 2116 βοηθείας
2800 2045 2981 2114 τυχεῖν
3012 2043 3084 2116 μὴ
3113 2044 3422 2114 δυνάμενον.
3457 2043 3566 2096 Καὶ
3592 2040 3701 2114 γάρ

2130 2135 2313 2201 αὐτὸς,
2346 2137 2434 2191 ὅτε
2461 2137 2580 2200 νέος
2621 2137 2770 2209 ήμην
2796 2137 2861 2202 ¹¹,
2898 2137 3149 2211 ἐρασθεὶς
3188 2136 3445 2206 γυναικὸς
3493 2134 3699 2199 ἀξιολο-

2130 2230 2400 2300 γωτάτης,
2422 2229 2484 2283 οὑ
2516 2229 2673 2301 μόνον
2700 2230 2867 2301 αὐτῆς
2899 2229 2941 2261 ¹¹
2967 2232 3146 2301 τυχεῖν
3177 2227 3422 2299 ἡγούμην
3442 2227 3700 2281 ἀδύνατον

2129 2317 2288 2386 εἶναι,
2325 2321 2438 2375 ἀλλ’
2485 2321 2606 2375 οὐδὲ
2651 2321 3088 2394 προσαγορεῦσαί
3138 2337 3266 2375 ποτε
3321 2319 3570 2391 ἤλπιζονο
3606 2317 3701 2372 καὶ

2127 2414 2302 2485 ⁸ὅμως,
2338 2413 2642 2487 περιτυχών
2701 2431 2808 2468 τινι
2865 2413 3161 2484 Αἰγυπτίῳ,
3204 2412 3344 2466 πάνυ
3394 2412 3462 2465 τά
3511 2411 3700 2483 μάγων

2129 2505 2471 2578 ἀκριϐοῦντι,
2526 2504 2620 2561 καὶ
2673 2505 2923 2576 φιλωθείς
2974 2504 3212 2574 ὲκφαίνω
3246 2521 3346 2576 μου
3378 2504 3468 2558 τὸν
3497 2503 3697 2574 ἔρωτα,

2131 2598 2224 2651 καὶ
2250 2597 2310 2650 οὐ
2345 2598 2502 2668 μόνον
2536 2598 2727 2651 ἑαυτόν
2758 2615 2846 2668 μοι
2879 2600 3105 2668 παρεῖχε
3140 2596 3274 2668 πρὸς
3299 2597 3405 2650 πᾶν
3437 2595 3466 2649 ὃ
3492 2594 3701 2648 ἐϐουλό-

2132 2681 2260 2756 μην,
2289 2683 2423 2739 ἀλλά
2445 2682 2824 2757 δαψιλέστερον
2856 2684 2992 2756 πρός
3029 2700 3096 2754 με
3129 2681 3571 2752 φιλοτιμούμενος
3602 2677 3700 2733 καὶ

2127 2776 2225 2848 τὴν
2256 2774 2533 2847 ἐπαοιδήν,
2567 2774 2636 2827 δι’
2671 2769 2739 2845 ἧς
2784 2774 2991 2845 ἔτυχον,
3038 2772 3304 2827 διδάσκειν
3331 2773 3431 2824 οὑκ
3468 2770 3699 2841 ἐφθόνη-

2130 2883 2250 2921 σεν·
2283 2867 2348 2920 ὲκ
2369 2867 2427 2920 δὲ
2464 2866 2563 2938 τῆς
2607 2866 2812 2920 ἐκείνου
2870 2864 3131 2937 λαθραίας
3183 2861 3523 2929 ὑποδείξεως,
3579 2877 3703 2916 πει-

2130 2956 2281 3022 σθείς·
2307 2959 2374 3028 τῇ
2406 2956 2499 3011 τοῦ
2533 2956 2842 3023 διδάξαντος
2887 2955 3134 3027 ἀφθονίᾳ,
3181 2954 3276 3009 καὶ
3333 2952 3479 3017 ἅπαξ
3511 2953 3701 3007 ἐπιτυ-

2051 3061 2095 3118 c
2126 3048 2257 3121 χὼν,
2290 3049 2613 3121 ἐπαυσάμην
2638 3049 2730 3102 τοῦ
2761 3047 2979 3122 ἔρωτος.

2199 3138 2290 3195 IV.
2336 3139 2518 3205 Ὅθεν,
2545 3141 2593 3192 εί
2626 3141 2722 3193 καὶ
2756 3141 2819 3195 σὺ
2852 3139 3088 3193 τοιοῦτόν
3109 3156 3163 3192 τι
3185 3136 3457 3200 πέπονθας
3485 3136 3699 3208 ἀνθρω-

2128 3229 2316 3295 πίνως,
2373 3228 2645 3300 θάρσησον
2692 3231 2821 3301 ἡμῖν
2867 3229 3003 3301 πρὸς
3048 3229 3108 3282 τὸ
3151 3228 3451 3300 ἀμέριμνον
3482 3242 3498 3258 ο
3544 3225 3699 3291 ἐντὸς

2126 3321 2234 3394 γὰρ
2254 3321 2474 3394 ἡμερῶν
2500 3320 2641 3375 ἐπτά
2660 3321 2873 3385 πάντως
2895 3320 3062 3391 αὐτῆς
3083 3321 3353 3390 ἐπιτυχεῖν
3377 3335 3436 3371 σε
3462 3317 3693 3389 ποιήσω.

2127 3411 2311 3466 Ταῦτα
2338 3411 2576 3477 ἀκούσας
2611 3412 2740 3481 ἐγὼ,
2776 3413 2856 3475 εἰς
2885 3410 2976 3465 τὸν
3006 3410 3136 3483 ἐμὸν
3163 3410 3209 3443 ⁸³
3243 3409 3442 3464 σκοπὸν
3466 3407 3697 3464 ἀποϐλέ-

2128 3522 2264 3569 πων,
2291 3502 2456 3577 ἔφην⁸
2488 3504 2768 3574 Σύγγνωθί
2803 3521 2891 3575 μοι
2932 3504 3006 3575 μὴ
3057 3503 3195 3557 πάνυ
3235 3503 3537 3558 πιστεύοντι
3592 3519 3697 3574 μα·-

2124 3596 2278 3666 γείαν
2312 3596 2603 3667 ὑφεστάναι
2626 3613 2640 3627 ο
2677 3595 2888 3650 πολλῶν
2921 3596 3030 3669 γὰρ
3075 3595 3246 3651 πολλά
3293 3592 3697 3665 ἐπαγγελλομέ-

2125 3704 2229 3741 νων
2262 3688 2357 3741 καί
2381 3688 2823 3761 διαψευσαμένων
2857 3688 2960 3761 ἤδη
2984 3687 3339 3760 πεπείραμαι.
3392 3686 3538 3760 Πλὴν
3569 3687 3697 3740 δυσ-

2120 3780 2264 3851 ’ωπεῖ
2306 3778 2351 3810 ⁸⁸
2389 3797 2456 3851 με
2494 3779 2589 3835 καὶ
2649 3782 2728 3843 εἰς
2771 3778 2993 3842 ἐλπίδας
3042 3779 3161 3847 ἄγει
3193 3780 3226 3849 ἡ
3263 3778 3328 3849 σὴ
3376 3775 3689 3847 ὑπόσχεσις.

2124 3869 2347 3923 Δέδοικα
2389 3868 2447 3923 δὲ
2481 3868 2896 3940 ἐνθυμούμενος,
2945 3869 3019 3939 μὴ
3051 3868 3159 3939 ἀρα
3198 3869 3250 3920 οἱ
3291 3868 3541 3938 δαίμονες
3577 3869 3693 3930 τοῖς

2126 3958 2320 4029 μάγοις
2350 3958 2518 4011 ἐνίοτε
2553 3958 2687 4030 πρὸς
2711 3957 2779 4011 τὰ
2803 3957 3131 4029 κελευόμενα
3156 3958 3255 4028 οὑχ
3288 3956 3618 4010 ὑπείκουσιν.

2193 4053 2259 4110 ν.
2299 4056 2455 4109 Καὶὸ
2498 4054 2739 4108 Ἀππίων
2795 4053 2928 4126 ἔφη·
2968 4052 3165 4107 Ταῦτα·
3199 4052 3321 4125 ὲμοί
3366 4069 3458 4106 σου
3494 4049 3695 4122 μᾶλλον

2124 4146 2391 4221 συγχώρει
2420 4146 2632 4201 εἰδέναι.
2666 4146 2819 4217 137
2855 4145 3000 4219 Πλὴν
3029 4146 3116 4200 ἵνα
3157 4146 3232 4218 μὴ
3277 4146 3458 4216 δοκῇς,
3507 4140 3694 4214 πρὸςδ

2122 4237 2277 4309 ἔφης,
2315 4238 2481 4311 μηδὲν
2506 4238 2796 4310 ἀκηκοέναι
2831 4239 2959 4309 παρ’
2992 4236 3149 4308 ἐμοῦ,
3197 4236 3332 4308 μάθε
3365 4235 3481 4298 πῶς
3519 4233 3689 4303 ἀνάγ-

2123 4344 2225 4400 κην
2259 4328 2470 4399 ἔχουσιν
2502 4329 2551 4381 οἰ
2588 4327 2841 4399 δαίμονες
2888 4330 3000 4390 τοῖς
3037 4327 3230 4399 μάγοις
3263 4324 3505 4379 ὑπείκειν
3562 4324 3693 4394 περὶ

2121 4416 2194 4477 ὧν
2227 4424 2534 4477 κελεύονται
2558 4440 2570 4453 ·
2599 4421 2674 4485 ὡς
2719 4420 2826 4492 γὰρ
2873 4419 3129 4473 ἀδύνατόν
3184 4420 3299 4471 ὲστι
3353 4414 3692 4489 στρατιώτην

2123 4516 2391 4569 ἀντειπεῖν
2421 4513 2499 4584 τῷ
2532 4512 2835 4584 ἡγουμένῳ,
2890 4513 3071 4575 αὑτοῖς
3108 4528 3168 4564 τε
3212 4513 3323 4574 τοῖς
3370 4508 3692 4581 ἡγουμένοις

2120 4606 2218 4676 οὐχ
2244 4601 2353 4659 οἷόν
2385 4622 2445 4659 τε
2485 4604 2833 4677 παρακοῦσαι
2860 4602 3122 4673 βασιλέως
3145 4619 3157 4629 ’
3196 4602 3263 4673 (εἰ
3297 4601 3405 4672 γάρ
3429 4616 3511 4663 τις
3531 4600 3690 4652 ἀντε-

2124 4700 2207 4769 ρεῖ
2250 4700 2361 4759 τοῖς
2390 4695 2764 4767 ἐφεστηκόσιν,
2803 4694 3018 4757 πάντως
3067 4693 3335 4765 τιμωρίας
3381 4690 3623 4758 ἀξιοῦται

2121 4787 2289 4853 οὕτως
2327 4788 2583 4842 ἀδύνατόν
2628 4788 2742 4841 ὲστι
2774 4787 2899 4849 τοὺς
2925 4786 3181 4857 δαίμονας
3218 4785 3290 4856 μὴ
3325 4787 3615 4857 ὑπουργεῖν
3643 4784 3690 4816 ³⁸

2122 4880 2232 4941 τοῖς
2264 4878 2442 4932 αὑτῶν
2476 4877 2793 4949 ἡγουμένοις
2839 4877 3105 4947 ἀγγέλοις,
3146 4875 3264 4929 καθ’
3292 4867 3366 4929 ὧν
3403 4873 3689 4946 όρκιζόμεο

2122 4987 2200 5023 νοι
2248 4971 2559 5043 φρίττοντες
2602 4969 2859 5034 εῐκουσιν,
2895 4964 2952 5022 εὖ
2988 4967 3185 5030 εἰδότες
3230 4968 3313 5021 ὅτι
3358 4966 3688 5038 ἀπειθήσαν-

1714 5125 1949 5183 νΑιιιΑι
1986 5126 2385 5182 LECTIONES.

526 5283 575 5322 ⁸³
598 5283 645 5338 D
693 5283 795 5354 legi
841 5284 956 5338 vult
986 5282 1182 5353 ἀγνοῶ.
1242 5283 1312 5336 At
1340 5282 1515 5336 oratio
1545 5290 1629 5337 est
1657 5281 2032 5345 ἀνακόλουθος,
2084 5297 2210 5336 cum
2258 5282 2422 5337 verbo
2443 5277 2674 5353 προϊδών
2714 5290 3024 5336 resumatur
3062 5281 3403 5352 participium
3454 5279 3665 5349 ἀγνοῶν

526 5355 706 5423 ioquin
733 5353 1078 5423 scribendum
1105 5363 1250 5409 esset
1273 5352 1516 5423 ἠγνόουν.
1544 5352 1602 5407 S.
1676 5351 1721 5383 “
1747 5352 2182 5423 ἀναγεγραφέναι
2207 5352 2270 5407 (ἶ.
2346 5354 2395 5423 ξ’
2420 5352 2565 5421 Ejeci
2598 5366 2646 5404 c.
2778 5351 2948 5423 αὑτὴν
2993 5360 3115 5423 post
3130 5350 3512 5423 φιλομάθειαν.
3543 5349 3665 5423 Iun

455 5355 706 5424 Alioquin
733 5352 1078 5424 scribendum
1105 5363 1250 5409 esset
1273 5352 1516 5424 ἠγνόουν.
1544 5352 1602 5407 S.

2346 5321 3512 5422 ὗνέὶἔὲἷῖόῗὲιέἴὲιῖῗῇοξῖζὶῐὸὶῖἓξὲιαῐῖ
3535 5321 3686 5422 ῗῖἷῇἰ

456 5418 810 5496 προσιέμενον
842 5422 885 5475 D
914 5464 931 5489 ,
976 5418 1501 5496 npoaépsvsftl,_0.
1548 5424 1625 5496 AA“
1648 5418 1909 5492 προειδώς
1930 5418 2129 5496 scripsi
2150 5437 2216 5496 ex
2244 5418 2771 5496 conject.,_1tpo§&bv
2791 5420 2865 5496 Δ⁸0-
2885 5418 2915 5485 ,⁷
2948 5418 3183 5496 πμῖδὼς
3226 5418 3289 5475 0⁷.
3317 5419 3590 5496 ΔἸἸιιιιΔτῷ
3617 5418 3687 5496 Ο,

456 5494 515 5548 ο.
537 5494 622 5557 D.,
648 5494 742 5549 τοῦ
766 5496 831 5550 C.

902 5488 1355 5565 ξῗίπροσποιητῶς
1376 5564 1385 5565 7
1406 5491 1466 5545 C.
1543 5492 1587 5527 “
1644 5488 2021 5562 προσποιητῶς
2046 5488 2108 5547 C.
2183 5495 2228 5565 δὲ
2263 5488 2412 5565 κάτω
2441 5488 2610 5565 νεύειν
2636 5490 2701 5545 C.
2769 5490 2821 5565 βο
2847 5491 2923 5565 Ita
2958 5488 3022 5565 0:,
3046 5500 3182 5565 etiex
3210 5491 3439 5560 conject,
3590 5492 3686 5558 qui

457 5563 599 5633 ἐρῶν
621 5567 672 5619 in
702 5576 868 5618 textu.
896 5560 1034 5618 για
1064 5560 1237 5617 ΝἰΙιὶΓ
1259 5564 1312 5615 in
1338 5564 1445 5618 vita
1490 5560 1848 5633 est-unquam
1874 5560 2220 5633 apeiraham)
2264 5562 2615 5617 Cotelerianae
2644 5560 2878 5633 versioni
2913 5561 3140 5633 reddidi,
3174 5574 3305 5633 cum
3358 5560 3692 5633 excidissent

458 5628 546 5701 ap.
578 5632 634 5688 S.
710 5635 753 5667 "
783 5633 857 5688 Ita
884 5633 928 5686 Ο
977 5634 1030 5687 in
1060 5648 1254 5702 marg.,
1275 5634 1403 5728 ἥμιν
1448 5633 1499 5686 in
1537 5641 1706 5685 textu.
1752 5628 1908 5683 Idem
1933 5628 2374 5704 ἀξιολογώτατος.
2449 5635 2495 5667 ⁵⁸
2517 5636 2706 5708 αὑτήν,
2739 5628 2778 5690 S
2831 5631 2995 5686 invita
3023 5631 3400 5700 grammatica.
3472 5628 3520 5673 ⁸³
3547 5628 3689 5700 ἐμοῦ

459 5705 522 5753 (ὲ.
596 5704 644 5738 ⁸⁸
669 5702 742 5753 Ita
770 5703 814 5753 Ο
871 5719 920 5753 c.
952 5700 991 5753 S
1024 5742 1037 5753 .
1073 5701 1413 5753 δουσωπείϐ.
1510 5711 1556 5743 II
1584 5703 1839 5753 ὑποογεῖν
1861 5701 1921 5753 0.

459 5700 522 5758 C.
596 5704 644 5738 “
669 5702 742 5755 Ita
770 5703 814 5757 0
871 5719 920 5758 c.
952 5700 991 5757 S
1024 5742 1037 5766 ,
1073 5700 1336 5755 δουσωπέί
1355 5701 1413 5756 C.
1510 5711 1556 5743 ⁸³
1584 5703 1839 5773 ὑποργεῖν
1861 5701 1921 5755 0.

561 5888 578 5921 θ
