4084 6148
377 354 474 410 ΙἸῖ
1497 351 1961 426 CLEMENTINA.
1990 380 2062 392 -—-
2093 348 2384 407 HOMILIA
2420 355 2473 410 V.

3515 367 3617 424 178

375 485 465 536 τες
496 469 543 501 ⁸⁸
578 469 796 535 πάντως
828 469 1180 536 κολάζονταιη
1207 469 1366 524 Ἀλλά
1398 470 1492 524 καὶ
1527 469 1680 523 αὐτοὶ
1701 471 1749 521 οἱ
1778 469 1937 537 ἀγγε-

2051 485 2145 538 per
2174 470 2347 525 Deum
2375 473 2443 526 ab
2471 476 2642 544 magis
2675 475 2930 544 adjurati,
2978 477 3260 547 obediunt,
3298 498 3368 535 ne
3401 481 3619 540 inobse-

374 561 479 627 λοι,
530 561 672 616 κατά
699 562 792 615 τοῦ
841 560 1144 634 κρείττονος
1182 563 1286 616 ὑπὸ
1331 562 1518 633 μάγων
1583 561 1944 633 ὀρκιςόμενοι,

375 653 708 720 ὑπείκουσιν,
740 655 934 724 μήπως
960 654 1240 718 ἀπειθείας
1289 655 1566 725 κριθέντες
1615 654 1940 708 ἀπόλωνται.

374 744 440 798 El
465 745 571 816 γὰρ
601 745 674 816 μὴ
697 746 872 800 πάντα
902 745 1120 817 ἔμψυχα
1145 746 1276 800 ὄντα
1302 747 1398 800 καὶ¹
1424 745 1718 816 λογισμένα
1740 742 1946 816 προεώ-

377 853 448 910 ρα
471 839 566 910 τὴν
598 838 662 890 ἐκ
698 836 791 890 τοῦ
824 837 1130 909 κρείττονος
1179 837 1355 910 δίκην,
1414 837 1671 908 σύγχυσις
1712 837 1780 892 ἂν
1820 839 1944 907 ὲγε-

369 926 537 998 γόνει,
566 926 671 980 τῶν
703 925 918 980 πάντων
950 927 1348 992 στασιαζόντων
1381 928 1518 1000 πρὸς
1546 927 1771 1001 ἄλληλα.

442 1019 528 1075 Vl.
563 1018 732 1088 Κάγὼ
760 1018 915 1092 ἔφην’
948 1020 1160 1074 Οὐκοῦν
1191 1020 1368 1094 ὀρθῶς
1409 1020 1523 1092 ἔχει
1553 1020 1624 1075 τά
1655 1020 1764 1075 ὑπὸ
1790 1037 1945 1093 ποιη-

366 1111 474 1165 τῶν
520 1113 616 1165 καὶ
657 1111 959 1181 φιλοσόφων
990 1112 1260 1185 λεγόμενα
1291 1114 1336 1145 ³⁷
1358 1153 1374 1177 ,
1407 1114 1483 1177 ὡς
1515 1116 1573 1167 ὲν
1607 1113 1736 1185 ᾅδου
1766 1116 1822 1168 αί
1849 1114 1946 1185 ψυ-

365 1206 457 1276 χαὶ
482 1204 593 1259 τῶν
621 1205 854 1266 ἀσεϐῶν,
899 1205 1168 1278 κριθεῖσαι
1199 1208 1283 1276 ἐφ’
1316 1203 1396 1271 οἷς
1422 1208 1746 1280 ἐτόλμησαν,
1781 1207 1944 1261 κολά-

362 1296 568 1363 ζονται,
619 1293 730 1353 οἷον
792 1297 1000 1364 Ἰξίονος
1039 1300 1131 1354 καὶ
1178 1299 1449 1354 Ταντάλου
1501 1299 1695 1353 Τιτυοῦ
1744 1316 1802 1352 τε
1849 1299 1945 1352 καὶ

361 1388 600 1458 Σισύφου
635 1390 868 1446 καὶτῶν
903 1391 1111 1445 Δαναοῦ
1157 1392 1472 1463 θυγατέρων
1516 1391 1611 1446 καὶ
1655 1392 1770 1445 ὅσοι
1813 1391 1943 1445 ποτὲ

360 1478 514 1535 ἄλλοι
547 1481 780 1536 ἐνταῦθα
807 1481 1112 1555 ήσέϐησανς
1144 1485 1254 1538 Kal
1284 1484 1422 1551 πῶς,
1450 1483 1564 1554 εῐγε
1591 1483 1742 1538 ταῦθ’
1769 1482 1945 1548 οὕτως

363 1571 439 1642 μὴ
471 1571 576 1646 ἔχῃ
633 1572 1010 1640 ⁸⁸’⁵⁹,δυνατὺν
1038 1573 1104 1630 ἂν
1131 1577 1362 1647 μαγείαν
1387 1579 1712 1649 ὑφεστάναι;
1750 1577 1857 1634 Τοῦ
1885 1579 1943 1634 δὲ

360 1663 786 1729 είπόντος,οὔτω
816 1667 885 1721 τά
914 1667 973 1722 ὲν
1004 1667 1131 1740 ᾅδου
1163 1669 1329 1742 ἔχειν,
1373 1670 1484 1741 ἐγὼ
1512 1671 1810 1744 ἐπυθόμην·
1842 1671 1944 1725 Διά

358 1755 414 1810 τί
457 1757 524 1829 δὴ
562 1760 656 1812 καὶ
709 1759 861 1814 αὐτοὶ
915 1762 1175 1832 μαγεύειν
1226 1763 1273 1794 ⁸⁸
1319 1763 1380 1817 ού
1430 1764 1804 1836 πεφοϐήμεθα,
1848 1765 1940 1819 ἐπὶ

363 1849 613 1921 μοιχείας
643 1853 998 1924 πεπεισμένοι
1036 1853 1136 1926 τὴν
1165 1857 1222 1908 ὲν
1248 1855 1376 1927 ᾅδου
1407 1855 1562 1929 δίκην
1588 1874 1602 1924 ;
1647 1856 1866 1928 μοιχείᾳ
1892 1856 1935 1888 ⁸¹

326 1928 472 2014 ⁹γάρ
506 1941 796 2013 βιάσασθαι
827 1945 928 2018 τὴν
971 1946 1047 2019 μὴ
1077 1945 1332 2002 θέλουσαν
1363 1947 1425 2000 οὐ
1456 1928 1772 2019 συντίθεμαι
1803 1943 1940 2002 εἶναι

275 2020 290 2030 “
357 2034 590 2092 δίκαιον.
626 2037 690 2091 Εί
718 2037 776 2092 δέ
801 2055 886 2102 τις
903 2039 1072 2112 αὐτὴν
1104 2039 1265 2111 138
1285 2039 1492 2094 πείθειν
1523 2039 1938 2110 ἐπαγγέλλεται,

360 2127 501 2199 πρὸς
529 2129 687 2183 τοῦτο
709 2169 724 2195 ,
757 2130 896 2202 μετά
925 2131 1018 2186 τοῦ
1046 2133 1141 2187 καὶ
1172 2133 1334 2204 χάριν
1363 2131 1664 2203 ὁμολογεῖν,
1709 2132 1941 2204 ἑτοίμως

358 2218 490 2291 ἔχω.

437 2311 543 2367 VII.
579 2315 688 2370 Καὶ
711 2315 739 2368 ὁ
781 2315 1026 2372 ’Δππίων
1049 2316 1174 2389 ἔφη’
1198 2318 1274 2371 Οὐ
1300 2317 1447 2372 δοκεῖ
1461 2335 1540 2371 σοι
1559 2317 1756 2373 ταύτὸν
1775 2312 1936 2384 εἶναι,

355 2405 471 2462 εἴτε
507 2409 706 2481 μαγείᾳ
733 2411 902 2482 αὐτῆς
937 2411 1216 2483 ὲπιτύχοις
1252 2413 1317 2476 ⁶²,
1351 2410 1462 2465 εἴτε
1494 2413 1688 2476 πείσας
1722 2411 1936 2481 λόγοις;

355 2498 534 2569 Κάγὼ
564 2500 717 2572 ἔφην·
756 2503 831 2556 Ού
881 2502 1099 2568 πάντως
1139 2504 1343 2576 ὅμοιονο
1381 2505 1514 2559 πολὺ
1555 2505 1664 2577 γάρ
1704 2505 1940 2576 ἀφέστη-

354 2610 454 2648 κεν
488 2593 729 2667 ἀλλήλων
771 2595 1047 2668 ἑκάτερονο
1079 2598 1108 2650 ὁ
1149 2595 1248 2669 μὲν
1291 2597 1401 2669 γάρ
1433 2596 1672 2652 ἄκουσαν
1706 2599 1938 2665 γυναῖκα

349 2689 418 2758 τῇ
451 2687 557 2758 τῆς
601 2687 833 2758 μαγείας
861 2687 953 2760 βίᾳ
984 2689 1371 2758 ὲπαναγκάσας
1393 2729 1408 2754 ,
1443 2689 1520 2753 ὼς
1549 2688 1938 2753 ἐπιϐουλεύσας

351 2777 614 2851 σώφρονι,
649 2780 1042 2853 χαλεπωτάτην
1073 2780 1266 2853 ὑπέχει
1304 2782 1404 2852 τὴν
1433 2781 1587 2853 δίκην
1609 2798 1622 2811 ·
1654 2783 1683 2834 ὁ
1711 2781 1768 2835 δὲ
1795 2781 1938 2852 λόγῳ

349 2873 568 2939 πείσας,
602 2875 696 2928 καὶ
727 2875 818 2927 ἐπὶ
852 2876 920 2945 τῇ
947 2873 1117 2944 αὐτῆς
1137 2872 1354 2945 ἐξουσίᾳ
1383 2874 1476 2927 καὶ
1509 2873 1668 2945 βουλῇ
1705 2873 1936 2944 ποιησά-

351 2984 518 3037 μενος
547 2967 646 3038 τὴν
679 2967 910 3040 αἵρεσιν,
963 2967 1063 3020 οὐκ
1111 2967 1387 3020 ἐϐιάσατο.
1442 2962 1642 3020 τΗττον
1675 2966 1734 3019 δὲ
1781 2961 1936 3038 οἴμαι

348 3059 784 3132 κολασθήσεσθαι
804 3060 896 3116 τὸν
911 3061 1209 3116 πεπεικότα
1228 3059 1322 3114 τοῦ
1348 3059 1700 3132 βιασαμένου·
1714 3076 1936 3133 τοιγαρ-

2047 566 2287 635 quentia:
2317 567 2395 621 rei
2430 576 2674 636 pereant.
2722 567 2838 622 Nisi
2883 569 3028 624 enim
3084 582 3280 627 cuncta
3328 575 3511 629 auium
3562 584 3618 631 et

1998 687 2006 696 ι
2050 655 2265 724 ratione
2321 657 2547 724 praedita
2594 657 2866 727 justitiam
2917 658 3169 718 Numinis
3232 665 3615 733 praeviderenl,

2051 747 2292 802 oriretur
2319 746 2589 814 confusio,
2621 750 2880 805 omnibus
2907 766 3102 821 nempe
3137 762 3326 809 mutua
3354 757 3618 814 seditione

2044 840 2442 898 laborantibus.

2116 1017 2207 1074 Vl.
2242 1017 2310 1075 Et
2350 1034 2454 1090 ego
2490 1020 2602 1076 dixi
2632 1041 2646 1078 :
2683 1020 2822 1078 Vera
2859 1022 3043 1094 itaque
3075 1033 3205 1082 sunt
3239 1042 3360 1095 quae
3384 1043 3414 1082 a
3445 1033 3619 1098 poetis

2043 1125 2098 1170 et
2133 1113 2478 1184 philosophis
2509 1126 2825 1185 narrantur,
2871 1118 2924 1172 in
2971 1117 3162 1175 inferis
3192 1123 3404 1179 animas
3425 1124 3620 1196 impio-

2045 1221 2166 1261 rum
2199 1205 2456 1276 judicari,
2501 1217 2556 1262 et
2600 1224 2700 1278 pro
2750 1207 3086 1267 facinoribus
3113 1214 3334 1282 puniri?
3376 1213 3618 1287 Exempli

2045 1300 2218 1369 gratia
2269 1300 2484 1354 animas
2533 1299 2761 1368 Ixionis,
2807 1300 3046 1369 Tanta-li,
3099 1303 3262 1377 Tityi,
3304 1304 3520 1378 Sisyphi
3566 1323 3620 1364 et

2046 1387 2216 1444 Danai
2246 1391 2506 1458 filiarum,
2537 1407 2640 1447 nec
2677 1407 2784 1446 non
2818 1393 2953 1449 alios
2977 1409 3167 1451 omnes
3195 1397 3512 1470 quicunque
3532 1399 3620 1456 hic

2044 1480 2296 1535 vixerunt
2321 1480 2501 1550 impie.
2535 1480 2613 1536 Ac
2642 1484 2937 1552 quomodo,
2979 1485 3024 1556 si
3050 1484 3165 1542 haec
3186 1502 3292 1542 non
3329 1487 3404 1542 ita
3432 1503 3491 1544 se
3518 1488 3617 1543 ha-

2043 1571 2191 1639 bent,
2244 1573 2446 1642 poterit
2497 1573 2674 1643 magia
2721 1575 3054 1632 subsistere?
3089 1578 3334 1648 Cumque
3394 1579 3484 1634 ille
3529 1596 3618 1635 re-

2043 1666 2354 1734 spondisset
2373 1708 2388 1733 ,
2437 1668 2513 1722 ita
2544 1684 2666 1724 esse
2697 1669 2763 1724 de
2790 1668 3000 1734 inferis,
3039 1685 3140 1741 ego
3163 1672 3532 1743 interrogavi:
3565 1682 3620 1728 et

2043 1772 2141 1812 cur
2175 1758 2276 1829 ipsi
2328 1760 2564 1831 magiam
2599 1777 2854 1817 exercere
2895 1777 3003 1818 non
3047 1764 3325 1831 timemus,
3361 1765 3455 1836 qui
3481 1768 3617 1822 certi

2043 1867 2239 1908 sumus
2265 1852 2334 1908 de
2365 1853 2544 1923 poenis
2575 1853 2829 1909 adulterii
2855 1855 2995 1923 apud
3029 1855 3274 1913 inferos?
3307 1857 3509 1928 Stupro
3541 1859 3618 1914 si-

2041 1943 2261 2014 quidem
2324 1944 2598 1998 nolentem
2657 1944 2915 2001 feminam
2968 1948 3354 2019 comprimere,
3405 1950 3616 2020 justum

2040 2048 2162 2090 esse
2192 2049 2304 2089 non
2343 2037 2632 2092 assentior.
2665 2036 2770 2103 Sed
2798 2037 2844 2093 si
2873 2038 2998 2108 quis
3041 2054 3434 2109 persuasurum
3460 2058 3518 2097 se
3549 2043 3616 2096 il-

2040 2128 2148 2183 lam
2196 2129 2504 2198 pollicetur,
2537 2131 2605 2186 ad
2649 2130 2704 2186 id
2731 2147 2834 2203 ego
2859 2147 2982 2188 sum
3007 2141 3253 2202 paratus,
3285 2133 3620 2205 insuper-que

2040 2220 2250 2283 habebo
2280 2222 2531 2290 gratiam.

2114 2311 2226 2368 Vll.
2272 2313 2495 2385 Excepit
2541 2319 2754 2388 Appion
2788 2318 3022 2376 :Nonne
3077 2321 3174 2376 tibi
3217 2321 3432 2375 videtur
3475 2319 3616 2375 idem

2039 2421 2181 2474 esse,
2217 2408 2332 2463 sive
2361 2424 2457 2477 per
2497 2410 2734 2480 magiam
2769 2427 2833 2467 ea
2859 2414 3107 2482 potiaris,
3151 2412 3269 2467 sive
3306 2427 3401 2482 per
3425 2412 3591 2466 verbo

2039 2515 2162 2554 rum
2209 2501 2524 2557 suadelam?
2571 2501 2842 2573 Respondi
2892 2519 3042 2575 ego:
3102 2502 3221 2558 Non
3267 2503 3492 2559 omnino
3518 2518 3618 2574 par

2039 2600 2123 2648 est
2171 2611 2185 2647 :
2231 2593 2462 2648 multum
2499 2594 2701 2664 quippe
2744 2596 2909 2651 distat
2947 2611 3117 2651 unum
3160 2596 3230 2650 ab
3267 2596 3468 2658 altero;
3522 2594 3617 2665 qui

2037 2685 2182 2744 enim
2221 2685 2449 2741 invitam
2479 2687 2766 2742 mulierem
2811 2703 2910 2758 per
2937 2687 3047 2741 vim
3077 2688 3271 2758 magiae
3300 2687 3466 2758 cogit,
3500 2696 3618 2742 lan-

2037 2791 2202 2848 quam
2235 2776 2525 2832 insidiator
2557 2779 2767 2848 pudica:
2801 2779 3156 2848 gravissimas
3195 2778 3346 2835 dabit
3375 2793 3566 2849 poenas
3597 2795 3613 2833 :

2038 2868 2133 2939 qui
2178 2885 2307 2924 vero
2342 2885 2596 2926 sermone
2623 2874 2917 2943 persuasit,
2961 2882 3125 2943 atque
3158 2872 3213 2927 in
3242 2871 3362 2941 ejus
3387 2871 3614 2926 arbitrio

2037 2977 2104 3018 ac
2135 2962 2410 3018 voluntate
2443 2963 2629 3033 posuit
2655 2963 2994 3030 electionem,
3044 2963 3091 3019 is
3133 2978 3243 3018 non
3277 2963 3456 3017 intulit
3480 2963 3610 3017 vim.

2037 3051 2217 3108 Minus
2263 3061 2466 3120 autem,
2518 3054 2730 3123 opinor,
2780 3054 3038 3124 punietur
3077 3053 3171 3123 qui
3216 3053 3410 3120 suasit,
3447 3067 3613 3123 quam

347 3152 459 3219 οὖν,
491 3154 544 3208 εί
582 3152 682 3226 μὲν
701 3157 887 3208 πεῖσαι
917 3153 1164 3219 δύνασαι,
1203 3155 1363 3228 χάριν
1388 3153 1496 3221 ἔξω
1526 3152 1820 3225 ἐπιτυχὼν,
1839 3154 1934 3210 άλ-

2036 3145 2131 3214 ιιυί
2173 3145 2368 3214 coegit.
2421 3145 2690 3211 Quocirca
2733 3147 2780 3201 si
2818 3147 3037 3216 quidem
3068 3146 3398 3216 persuadere
3434 3157 3610 3214 p0tcs,

347 3246 455 3312 λως
491 3248 552 3302 δὲ
583 3248 731 3319 ἥδιόν
761 3248 805 3281 ⁸³
839 3266 930 3320 μοι
959 3247 1215 3304 τεθνάναι
1250 3247 1480 3319 μᾶλλον,
1513 3247 1547 3320 ἢ
1575 3247 1673 3320 τὴν
1702 3248 1776 3319 μὴ
1807 3247 1933 3320 βου-

347 3338 584 3412 λομένην
619 3339 810 3410 βιαίως
837 3339 1240 3410 ὲπαναγκάσαι.

420 3431 559 3487 VIII.
595 3434 704 3488 Καὶ
745 3436 775 3488 ὁ
833 3433 1096 3499 Ἀππίων,
1131 3431 1348 3506 ἀληθῶς
1371 3431 1680 3504 διαπορῶν,
1710 3432 1837 3505 ἔφη’
1870 3433 1934 3488 Τί

351 3541 418 3595 με
448 3525 560 3597 χρὴ
595 3525 731 3597 πρὸς
759 3525 820 3579 σὲ
852 3524 1068 3594 λέγειν;
1105 3525 1242 3579 Ποτὲ
1279 3525 1377 3597 μὲν
1417 3523 1527 3597 γὰρ
1558 3525 1634 3588 ὡς
1665 3524 1773 3579 ὑπὸ
1795 3523 1933 3598 ἐρω-

346 3635 438 3681 τος
477 3616 869 3690 ἐνοχλούμενος
908 3616 1045 3692 εὔχῃ
1091 3620 1368 3689 ἐπιτυχεῖν
1391 3656 1406 3682 ,
1441 3617 1573 3672 ποτὲ
1614 3617 1672 3670 δὲ
1718 3618 1795 3682 ὡς
1833 3618 1934 3672 οὐκ

348 3709 491 3783 ἐρῶν
519 3709 565 3743 ⁸⁸
595 3712 696 3783 τῆς
720 3710 1016 3782 ἐπιθυμίας
1052 3713 1326 3785 προτιμᾷς
1355 3711 1448 3765 τὸν
1477 3710 1639 3781 φόϐον
1660 3749 1675 3775 ,
1710 3712 1804 3765 καὶ
1831 3711 1932 3766 οῖει

347 3802 546 3866 πείσας
579 3803 677 3874 μὲν
721 3803 797 3867 ὡς
829 3804 1210 3876 ἀναμάρτητος
1253 3803 1469 3859 ἔσεσθαι
1500 3801 1809 3868 ἀνεύθυνος,
1841 3803 1933 3875 βίᾳ

345 3895 405 3949 δὲ
442 3897 515 3966 τῇ
545 3895 644 3966 τῆς
678 3896 908 3967 μαγείας
935 3894 1205 3968 ἐπιτυχὼν
1242 3895 1460 3966 ὑφέξειν
1489 3897 1535 3930 ⁸⁸
1567 3897 1742 3970 δίκην.
1793 3896 1931 3952 Ἀλλ’

346 3987 568 4056 ἀγνοεῖς
611 3987 687 4051 ὡς
732 3987 794 4042 τὸ
840 3988 992 4053 τέλος
1035 3988 1236 4054 παντὸς
1290 3988 1614 4062 πράγματος
1662 3988 1930 4062 κρίνεται,

346 4078 430 4132 ὅτι
461 4078 707 4149 γέγονεν,
759 4079 820 4133 ού
857 4077 921 4133 τὺ
951 4078 1069 4144 πῶς
1098 4079 1288 4150 γέγονε
1315 4080 1690 4154 δοκιμάζεται.
1724 4082 1835 4136 Καὶ
1866 4082 1930 4136 σὺ

346 4171 425 4237 δὲ,
447 4171 543 4225 ἐὰν
579 4171 894 4246 μοιχεύσῃς,
917 4173 978 4227 οὐ
999 4173 1193 4246 δήπου,
1219 4174 1424 4246 μαγείᾳ
1454 4175 1553 4246 μὲν
1576 4173 1843 4247 δυνηθεὶς,
1857 4175 1932 4240 ὠς

345 4263 554 4335 ἀσεϐὴς
573 4263 618 4298 ⁸⁸
651 4263 933 4339 κριθήσῃ,
986 4266 1182 4330 πείσας
1227 4266 1308 4332 δὲ,
1340 4266 1441 4338 τῆς
1487 4266 1628 4322 κατά
1679 4267 1780 4338 τὴν
1813 4284 1932 4338 μοι-

346 4358 502 4430 χείαν
521 4357 798 4431 ἁμαρτίας
823 4357 1140 4431 ἀπολυθήσῃ
1165 4375 1180 4424 ;
1214 4357 1385 4428 Κάγὼ
1411 4357 1566 4430 ἔφην·
1589 4358 1690 4412 Διά
1713 4358 1775 4412 τὸ
1799 4359 1932 4432 ὲρᾷν

347 4452 568 4514 πάντως
591 4468 680 4523 μοι
703 4452 1062 4524 προκειμένου
1101 4450 1260 4522 139
1285 4454 1468 4522 τυχεῖν
1493 4451 1597 4522 τῆς
1625 4451 1928 4524 ἐρωμένης,
1961 4497 2006 4556 D

345 4542 560 4615 ἀνάγκη
593 4543 690 4615 μέν
713 4560 802 4616 μοι
835 4543 1050 4599 ἑλέσθαι
1083 4543 1330 4617 θάτερον,
1365 4545 1663 4617 αἱρήσομαι
1691 4543 1770 4609 δὲ,
1801 4545 1852 4598 ει
1883 4545 1926 4578 ⁶¹

343 4630 565 4705 οἷόντε,
588 4636 916 4692 κολακεῦσαι
941 4635 1160 4708 μᾶλλον,
1196 4637 1230 4708 ἢ
1271 4638 1563 4708 μαγεῦσαι.
1628 4637 1766 4692 Ἀλλ’
1803 4638 1926 4693 οὐδὲ

346 4728 604 4801 κολακεία
649 4730 859 4786 πείθειν
899 4731 1070 4804 αὐτὴν
1112 4731 1313 4803 pasta»
1368 4732 1510 4788 πάνυ
1549 4732 1659 4806 γάρ
1707 4733 1858 4786 ἐστιν
1887 4733 1922 4804 ή

344 4823 482 4894 γυνὴ
514 4822 819 4894 φιλόσοφος.

415 5000 509 5055 IX.
555 5001 665 5056 Καὶ
701 5005 730 5057 ὁ
779 5001 1026 5058 ’Δππίων
1069 5002 1196 5076 ἔφη·
1243 5003 1430 5076 Ταύτῃ
1463 5003 1664 5076 μᾶλλον
1703 5005 1926 5073 εὔελπίς

344 5095 464 5167 είμι
499 5095 709 5148 πίθειν
745 5096 790 5128 ⁸⁸
833 5097 1004 5170 αὐτὴν
1052 5095 1399 5167 δυνήσεσθαι,
1435 5098 1510 5162 ὡς
1543 5099 1705 5164 αὐτὸς
1728 5101 1920 5170 θέλεις,

344 5191 503 5260 εἴπερ
533 5205 598 5259 γε
652 5191 1049 5262 προσομιλῆσαι
1076 5192 1214 5262 αὐτῇ
1243 5190 1536 5261 δυνάμεθα.
1575 5193 1746 5262 Κάγὼ
1781 5197 1921 5250 ἀπε-

2036 3239 2265 3309 gratiam
2290 3239 2504 3295 habebo
2537 3254 2765 3309 compos
2796 3238 2973 3296 factus
3001 3259 3016 3294 :
3051 3239 3208 3295 aliter
3236 3253 3367 3295 vero
3397 3241 3613 3297 dulcius

2035 3332 2169 3386 mihi
2203 3332 2342 3390 mori
2374 3348 2540 3403 quam
2588 3333 2862 3388 nolentem
2885 3334 2936 3387 vi
2966 3334 3204 3405 adigere.

2106 3423 2242 3481 Vlll.
2298 3423 2365 3480 Et
2399 3425 2612 3495 Appion
2643 3440 2770 3486 vere
2809 3425 3010 3480 dubius
3045 3425 3212 3479 animi
3251 3425 3388 3481 dixit
3423 3444 3436 3480 :
3470 3424 3611 3492 Quid

2036 3531 2124 3571 me
2150 3516 2248 3571 tibi
2269 3515 2422 3573 effari
2447 3516 2701 3586 oportet?
2733 3515 3012 3572 Interdum
3039 3517 3188 3574 enim
3213 3518 3375 3588 quasi
3404 3520 3610 3576 amoris

2034 3608 2326 3678 impatiens
2354 3608 2464 3664 frui
2492 3608 2804 3676 desideras;
2839 3608 3111 3664 interdum
3139 3625 3289 3677 vero,
3312 3611 3470 3682 quasi
3501 3626 3610 3666 non

2034 3717 2208 3769 ames,
2263 3710 2469 3757 metum
2524 3703 2812 3771 anteponis
2863 3701 3104 3772 cupidini
3132 3743 3147 3768 ,
3200 3711 3256 3759 et
3307 3703 3610 3771 existimas,

2033 3797 2202 3866 quod,
2258 3795 2306 3851 si
2352 3796 2712 3866 persuaseris,
2761 3797 2983 3866 impune
3035 3804 3295 3865 tanquam
3345 3796 3440 3867 qui
3499 3812 3608 3853 non

2031 3889 2340 3959 peccaveris
2369 3891 2595 3958 evades;
2622 3891 2708 3945 sio
2741 3904 2869 3946 vero
2901 3905 2997 3959 per
3027 3890 3294 3958 magicam
3327 3891 3432 3944 vim
3459 3905 3614 3945 com-

2033 3996 2133 4052 pos
2165 3981 2275 4036 voti
2299 3980 2419 4048 llas,
2454 3995 2648 4051 poenas
2681 3979 2859 4035 dabis.
2895 3977 3002 4034 Sed
3026 3979 3270 4048 ignoras,
3312 3978 3611 4049 cujuscum-

2032 4089 2140 4146 que
2193 4075 2401 4146 negotii
2437 4074 2598 4131 finem
2647 4072 2905 4145 iudicari,
2952 4080 3007 4129 et
3049 4072 3288 4138 factum,
3332 4087 3442 4126 non
3479 4071 3610 4127 facti

2031 4167 2255 4236 modum
2285 4167 2542 4239 expendi.
2584 4167 2652 4223 Et
2689 4183 2821 4223 vero
2855 4176 2911 4222 tu
2942 4165 2988 4222 si
3019 4165 3348 4223 adulterium
3376 4165 3610 4221 commi-

2033 4262 2192 4327 seris,
2218 4261 2465 4333 nunquid
2484 4303 2500 4328 ,
2537 4277 2634 4332 per
2660 4259 2901 4332 magiam
2930 4273 3176 4330 compos,
3210 4268 3469 4329 tanquam
3502 4259 3609 4311 im-

2032 4355 2157 4426 pius
2188 4354 2665 4420 condemnaberis,
2707 4369 2804 4424 per
2832 4352 3144 4409 suasionem
3183 4367 3330 4414 vero,
3355 4351 3425 4406 ab
3455 4349 3610 4404 adul-

2037 4447 2159 4505 terii
2213 4455 2438 4518 peccato
2485 4446 2823 4503 absolveris?
2873 4443 2940 4500 Et
2987 4459 3088 4516 ego
3141 4442 3399 4514 respondi
3426 4461 3439 4496 :
3468 4440 3606 4497 Cum

2034 4557 2234 4608 amem,
2286 4541 2624 4610 omninoque
2654 4538 2786 4594 mihi
2815 4553 3115 4609 pr0ponam
3137 4536 3247 4594 frui
3277 4543 3484 4601 amata,
3511 4550 3609 4590 ne.

2032 4648 2187 4688 cesse
2227 4633 2449 4703 quidem
2485 4641 2572 4688 est
2603 4641 2665 4687 ut
2706 4631 2936 4686 alterum
2965 4631 3160 4702 eligam
3183 4670 3198 4696 ,
3236 4629 3424 4685 malim
3453 4642 3607 4694 vero,

2031 4727 2079 4784 si
2128 4725 2364 4782 facultas
2401 4733 2525 4791 est,
2573 4724 2887 4780 adulatione
2933 4725 3033 4788 uti,
3060 4737 3226 4794 quam
3265 4721 3463 4792 magia.
3499 4720 3606 4775 Sed

2028 4833 2131 4876 nec
2168 4818 2450 4875 blanditiis
2491 4817 2652 4876 facile
2700 4817 2807 4874 erit
2845 4815 3131 4874 mulierem
3169 4815 3237 4870 ad
3274 4829 3605 4870 consensum

2029 4913 2319 4980 adducere,
2350 4912 2512 4969 valde
2535 4911 2682 4969 enim
2711 4911 2995 4982 sapientiae
3023 4909 3270 4966 studiosa
3293 4917 3398 4964 est.

2101 5002 2196 5060 IX.
2245 5002 2313 5058 Et
2337 5003 2552 5074 Appian
2585 5021 2600 5058 :
2627 5001 2708 5057 Eo
2735 5002 2930 5073 magis,
2960 4999 3159 5070 inquit,
3185 5001 3327 5054 bona
3356 5013 3442 5054 me
3477 5013 3605 5068 spes

2027 5094 2214 5162 habet,
2249 5109 2412 5166 posse
2447 5093 2498 5149 ei
2540 5093 2878 5163 persuaderi,
2926 5089 3389 5162 quemadmodum
3419 5087 3618 5176 θορῆς

2026 5191 2074 5246 si
2100 5205 2227 5246 cum
2243 5205 2308 5246 ea
2330 5189 2570 5259 colloqui
2591 5187 2772 5242 detur.
2801 5183 2914 5255 Ego
2945 5183 3224 5254 respondi,
3246 5181 3363 5238 fieri
3393 5177 3612 5249 nequit;

345 5283 639 5356 κρινάμηνο
701 5283 1002 5338 Ἀδύνατον.
1047 5285 1157 5338 Καὶ
1203 5286 1234 5337 ὁ
1284 5285 1525 5339 Ἀππίων
1572 5286 1821 5353 ἐπύθετο,
1871 5292 1921 5346 εί

2036 5288 2238 5359 Appion
2277 5297 2460 5342 autem
2505 5284 2816 5341 sciscitatus
2850 5290 2934 5338 est
2956 5322 2971 5350 ,
3016 5295 3146 5339 num
3175 5285 3362 5351 posset
3389 5276 3457 5332 ad
3479 5289 3601 5331 eam

1623 5421 1858 5480 VARUS
1915 5428 2210 5485 LECTION
2217 5427 2319 5483 ES.

312 5493 330 5536 ‘Il
421 5518 504 5595 "_
534 5511 937 5595 ²άπειθῄσανλτες
1105 5561 1126 5595 2
1161 5515 1514 5595 Qttoboniani
1573 5515 1982 5595 ἀπειθείσαντες
2019 5521 2191 5595 i__dem_
2230 5522 2393 5595 valet,
2453 5517 2857 5595 ἀπελθήσαντες
2907 5515 2971 5572 C.

344 5585 797 5663 gendpse.__'_”"’
826 5584 1087 5663 Olcgit_in
1102 5584 1396 5663 indicativo
1420 5586 1581 5663 Extat.“
1626 5586 1672 5663 ‘3
1689 5588 1918 5663 μαγείαν
1941 5590 2002 5663 C_.
2019 5584 2157 5646 Tum
2178 5593 2270 5646 ἐπὶ
2294 5588 2596 5663 μοιχείαΔ

3108 5518 3156 5552 ³⁷
3181 5510 3490 5584 φλεγόμενα
3530 5511 3600 5578 Ο,

2694 5587 2738 5619 ⁸³
2765 5587 2893 5657 Leg.
2929 5583 3202 5657 μιγείᾳᾼοέ
3230 5585 3316 5657 D_,
3345 5583 3414 5657 cl.
3441 5599 3596 5657 capp.

350 5657 382 5712 7
409 5666 464 5729 et
496 5657 551 5729 8__.
625 5647 965 5729 θξὲπιτυχών
981 5657 1068 5729 ΔΩ.
1102 5655 1296 5729 Verum
1331 5647 1702 5729 jamnviditS.‘
1728 5647 1872 5729 lq'em
1895 5661 2100 5727 παίσας
2123 5647 2418 5718 mendose?
2477 5647 2522 5693 (³³
2552 5659 2698 5729 ἥδιόν
2726 5657 2784 5713 S.
2811 5647 2900 5721 0",
2924 5647 3188 5728 ἢδείόνὈ.
3265 5647 3596 5729 ⁸⁸μίρῷγξῧ.

350 5729 398 5798 1|
422 5727 607 5795 ὑφέξιν
651 5723 731 5798 0._
788 5723 1144 5798 f‘dazﬂﬁoa;
1167 5725 1231 5781 C.
1310 5728 1354 5760 ιτ
1381 5727 1429 5779 εί
1449 5727 1632 5782 addidi
1663 5743 1713 5783 c.

353 5793 392 5850 S
419 5836 438 5864 ,
462 5791 666 5852 πείσειν
693 5793 733 5850 C
780 5791 844 5851 0.

1847 5749 1858 5785 :
1890 5747 2054 5802 quam
2077 5722 2428 5806 particulam
2485 5722 2675 5786 deesse
2711 5729 2826 5802 jam
2853 5722 3165 5800 suspicatus
3197 5735 3279 5783 cst
3313 5724 3370 5780 S.
3403 5722 3412 5726 ’
3449 5722 3495 5756 ⁸⁸
3522 5724 3601 5780 lia
