4084 6148
389 273 502 330 I85

1529 266 1990 324 CLEMENTINA.
2017 297 2086 307 —
2113 260 2406 324 HOMIIJA
2451 265 2512 324 ν.

3553 266 3650 326 186

382 391 586 453 τνιέως
608 386 744 460 (89),
785 383 1044 457 Ὀρφέως·
1077 381 1328 445 Διόνυσος
1353 379 1411 434 δὲ
1445 379 1732 445 Δαόνιδος,
1775 378 1964 451 Ἀμπέ-

2083 377 2385 450 Cyparissi,
2426 377 2683 449 Amyclae,
2713 344 2904 445 Troili,
2950 377 3186 434 Branchi
3220 375 3493 451 'I'ymnaei,
3525 381 3649 437 Pari

380 480 487 534 λου
505 521 520 545 ,
559 476 847 550 Ὑμεναίου
863 475 905 540 ⁸,
947 472 1374 546 Ἑρμαφροδίτου
1398 512 1414 537 ,
1462 472 1747 542 Ἀχιλλέως
1765 473 1786 504 ⁹
1807 489 1820 503 ·
1856 473 1884 525 ὁ
1913 469 1964 524 δὲ

2075 473 2408 541 Potnicnsis,
2435 472 2672 546 Orphei;
2703 472 2950 528 Bacchus
2971 487 3100 528 vero
3121 471 3398 539 Laonidis,
3414 473 3647 544 Ampeli,

397 567 738 640 Ἀσκληπιὸς
761 563 1075 619 Ἱππολύτου
1093 580 1105 593 ·
1130 564 1225 616 καὶ
1248 563 1554 632 Ἥφαιστος
1585 562 1832 634 Πηλέως·
1856 561 1964 615 Πὰν

2073 565 2379 640 Hymenmi,
2406 565 2866 636 Hermaphroditi,
2891 564 3153 631 Achillis;
3185 563 3535 636 Eseulapius
3559 582 3652 622 au-

383 661 450 715 δὲ
466 660 726 730 Δάφνιδος
747 658 790 690 ³ο
806 673 820 687 ·
847 657 878 710 ὁ
898 655 957 710 δὲ
972 656 1177 727 Ἑρμῆς
1197 655 1474 727 Περσέως,
1490 655 1726 728 Χρύσου,
1740 655 1969 727 Θέρσου,

399 752 690 826 Ὀδρύσου·
734 748 1006 822 Ἡρακλῆς
1035 748 1093 802 δὲ
1125 746 1384 820 Ἀϐδήρου
1411 747 1545 819 (90),
1574 749 1834 820 Δρύοπος,
1875 749 1971 802 'Io-

383 847 616 910 κάστου,
639 842 989 914 Φιλοκτήτου,
1013 841 1173 906 ’Υλα,
1195 839 1412 912 Πολυφή
1421 858 1542 912 μου,
1561 841 1810 912 Αἵμονος,
1844 840 1969 895 Χώ-

381 954 508 1003 νου,
538 933 856 1007 Εὐρυσθέως
881 933 945 985 “.

451 1129 600 1186 XVI.
628 1129 856 1184 Πάντων
897 1121 992 1182 οῦν
1023 1144 1104 1180 σοι
1131 1126 1240 1213 τῶν
1270 1124 1687 1198 ὲπισηματέρων
1734 1123 1873 1178 θεῶν
1902 1125 1967 1178 ὲκ

376 1225 593 1299 μέρους
616 1225 743 1288 τοὺς
770 1222 980 1295 ἔρωτας
999 1221 1338 1295 παρεθέμην,
1371 1219 1625 1291 φιλτάτη,
1648 1219 1714 1273 ἵν’
1731 1221 1774 1252 ’³
1796 1219 1963 1291 είδῇς,

370 1317 459 1371 ὄτι.
499 1317 684 1390 μόνοις
716 1313 1023 1388 ἀνθρώποις
1050 1317 1163 1373 τοῖς
1187 1316 1434 1386 ἀνοήτοις
1467 1314 1597 1386 περὶ
1625 1311 1786 1367 τοῦτο
1813 1312 1963 1381 γίνε-

367 1424 470 1462 ται
492 1406 815 1480 ζηλοτυπία.
851 1406 942 1459 Διὸ
967 1406 1063 1460 καὶ
1109 1405 1294 1478 θνητοὶ
1334 1404 1715 1476 τυγχάνουσιν,
1747 1403 1841 1458 καὶ
1865 1398 1993 1455 λυ-”

370 1499 580 1574 πηρῶς
601 1499 694 1554 τὸν
719 1499 830 1570 βίον
862 1498 1213 1563 διατελοῦσιν,
1236 1501 1317 1554 ὅτι
1341 1499 1410 1553 τά
1438 1497 1662 1564 δόξαντα
1681 1500 1794 1562 τοῖς
1821 1497 1963 1561 θεοῖς

368 1594 527 1647 καλὰ
557 1594 709 1647 αὐτοὶ
733 1591 821 1646 διὰ
848 1590 939 1645 τὸν
967 1591 1149 1666 αὐτῶν
1177 1592 1339 1663 ζῆλον
1388 1590 1534 1646 κακά
1575 1585 1714 1644 εἶναι
1741 1589 1959 1662 ἀπεφή-

367 1699 565 1736 ναντο.
626 1684 886 1755 Μακαρία
926 1679 1018 1738 οὖν
1067 1682 1166 1756 ἔσῃ
1221 1681 1318 1735 τοῦ
1363 1680 1588 1745 λοιποῦ,
1647 1681 1958 1752 μιμουμένη
1994 1729 2037 1784 Β

369 1771 542 1836 θεοὺς
563 1774 654 1826 καὶ
672 1773 770 1826 οὐκ
795 1772 890 1827 ἀνθ
901 1771 1453 1845 ρώπους.”Ανθρωποι
1473 1771 1603 1843 γὰρ,
1625 1772 1724 1843 τὴν
1744 1771 1963 1841 νομιζο-

372 1865 558 1937 μένην
597 1863 946 1936 σωφροσύνην
981 1865 1178 1928 ἰδόντες
1203 1864 1246 1896 ¹³
1273 1881 1333 1917 σε
1361 1863 1850 1934 διαφυλάσσουσαν,
1872 1861 1960 1916 διὰ

367 1957 438 2010 τὸ
454 1956 591 2010 ἴδιον
604 1956 772 2020 πάθος
801 1956 1080 2011 ἐπαινοῦσι
1110 1957 1230 2029 μὲν,
1261 1956 1362 2011 οὐκ
1386 1955 1654 2026 ὠφελοῦσι
1683 1955 1769 2009 δέ·
1793 1955 1964 2009 θεοὶ¹⁸

366 2046 456 2114 δὲ,
492 2047 911 2120 ἐξομοιουμένην
959 2065 1018 2101 σε
1063 2049 1276 2112 ἑαυτοῖς
1311 2042 1569 2120 ὁρῶντες,
1611 2047 1706 2101 καὶ
1747 2047 1962 2102 ἐπαινέ-

370 2155 472 2194 οου
482 2157 536 2193 σι
570 2140 662 2194 κα)⁵
688 2139 1081 2212 ὠφελήσουσιν.

449 2229 619 2285 XVII.
653 2231 878 2300 Λόγισαι
915 2232 1025 2304 γάρ
1062 2249 1181 2304 μοι,
1215 2232 1390 2294 πόσας
1416 2231 1722 2302 ἠμείψαντο
1752 2233 1964 2304 ἐρωμέ-

372 2339 510 2386 νας·
542 2317 616 2376 ὧν
643 2321 743 2386 τὰς
779 2321 876 2394 μὲν
918 2322 1342 2394 κατηστέρισαν,
1371 2322 1533 2376 τινῶν
1579 2322 1635 2376 δὲ
1673 2323 1767 2376 καὶ
1797 2325 1963 2380 τέκνα

370 2413 479 2468 καὶ
508 2413 800 2485 συνεργοὺς
821 2413 1212 2486 εὐηργέτησαν.
1248 2414 1455 2470 Αὐτίκα
1480 2415 1610 2484 γοῦν
1623 2417 1758 2480 Ζεὺς
1787 2435 1961 2490 κατη-

374 2504 632 2576 στέρισεν
644 2503 1057 2578 Καλλιστὼ,τὴν
1077 2505 1378 2578 λεγομένην
1402 2507 1638 2578 ’Ἀρκτον
1660 2508 1881 2581 μικρὰν,
1895 2510 1961 2580 ἣν

371 2597 479 2651 καὶ
505 2597 856 2670 Κυνόσουραν
881 2599 925 2634 ⁸⁸
962 2599 1122 2671 146
1153 2601 1613 2672 προσαγορεύουσι
1648 2620 1794 2666 τινες
1817 2602 1953 2674 (91)-

371 2688 656 2741 Ποσειδῶν
679 2688 902 2759 δελφῖνα
915 2690 1002 2744 διὰ
1021 2690 1120 2762 τὴν
1153 2690 1509 2764 Ἀμφιτρίτην
1539 2691 1755 2760 ὲνέταξε
1776 2693 1855 2764 τῷ
1873 2694 1962 2748 οὐ-

372 2777 532 2849 ρανῷ
546 2795 558 2808 ο
584 2780 676 2832 καὶ
699 2779 1048 2850 Ὧρίωνα,τὺν
1064 2781 1346 2853 Εὐρυάλης
1365 2783 1461 2853 τῆς
1481 2782 1656 2846 Μίνω,
1670 2782 1734 2836 δι’
1755 2784 1829 2837 Εὐ
1839 2783 1962 2856 ρυά-

367 2869 473 2942 λην
493 2872 596 2943 τὴν
620 2871 828 2944 μητέρα
845 2872 954 2927 τῶν
972 2872 1187 2944 ἄστρων
1207 2873 1563 2946 κατηξίωσεν·
1599 2875 1851 2940 Διόνυσος
1867 2875 1958 2930 τὸν

383 2959 678 3032 Ἀριάδνης
725 2960 1004 3030 στέφανον.
1059 2963 1194 3027 Ζεὺς
1223 2963 1314 3017 τὸν
1347 2965 1506 3018 ἀετὸν
1547 2968 1958 3038 συνεργήσαντα

2072 668 2180 715 tem
2214 659 2530 731 Hippolyti;
2588 657 2867 738 vulcanus
2917 655 3106 723 Pelei;
3147 656 3258 711 Pan
3311 657 3646 728 Daphnidis;

2071 760 2127 807 at
2153 751 2455 806 Mercurius
2481 749 2689 816 Persei,
2715 747 2964 820 Chrysze,
2995 746 3216 812 Thersi,
3245 745 3437 819 Odrysi
3464 767 3479 816 ;
3513 748 3648 805 Her-

2069 843 2220 900 cules
2245 841 2482 914 denique
2510 841 2740 907 Abderi,
2775 840 3028 910 Dryopis,
3059 837 3281 906 locasti,
3304 837 3644 909 P'niloctctis,

2070 934 2249 1006 Hylae,
2299 932 2658 1005 Polyphemi,
2691 929 3003 988 Haemonis.
3039 928 3218 986 Choni
3260 938 3426 1000 atque
3472 931 3646 1005 Eury-

2068 1025 2231 1081 sthei.

2136 1113 2278 1170 XVI.
2305 1111 2562 1170 Omnium
2610 1115 2795 1184 itaque
2835 1114 3194 1170 illustriorum
3245 1110 3477 1169 deorum
3541 1114 3642 1169 tibi

2067 1222 2283 1262 amores
2305 1223 2370 1263 ex
2393 1220 2548 1279 parte
2575 1207 2857 1278 proposui,
2885 1205 3237 1272 charissima,
3265 1213 3324 1260 ut
3375 1220 3648 1276 agnosce-

2064 1313 2175 1365 res,
2197 1299 2338 1370 apud
2363 1300 2509 1355 solos
2531 1300 2782 1354 homines
2805 1298 3034 1354 stolidos
3055 1297 3188 1352 oriri
3217 1312 3280 1352 ea
3305 1312 3373 1352 ex
3412 1313 3472 1352 re
3499 1298 3646 1352 zelo-

2065 1389 2291 1460 typiam.
2323 1390 2503 1456 Quare
2523 1399 2577 1446 et
2620 1390 2879 1445 mortales
2901 1397 3049 1454 sunt,
3075 1389 3358 1458 vitamque
3388 1389 3442 1443 in
3474 1389 3648 1445 tristi-

2065 1483 2140 1538 tia
2169 1484 2484 1554 transigunt
2513 1501 2527 1538 :
2561 1482 2689 1553 quia
2718 1497 2842 1552 quae
2884 1497 2916 1537 a
2963 1481 3070 1536 diis
3104 1480 3427 1552 judicantur
3477 1481 3644 1546 bona,

2062 1572 2168 1644 ipsi
2193 1574 2310 1629 zelo
2339 1589 2440 1629 suo
2467 1573 2617 1628 ducti
2636 1572 2778 1626 mala
2799 1585 2920 1626 esse
2953 1575 3198 1626 censent.
3272 1567 3441 1640 Igitur
3490 1567 3648 1623 deiu-

2063 1681 2192 1736 ceps
2219 1666 2330 1721 eris
2351 1665 2530 1732 beata,
2549 1664 2598 1720 si
2623 1664 2756 1720 deos
2787 1662 3039 1728 imiteris,
3058 1676 3168 1715 non
3200 1660 3472 1716 homines.
3506 1657 3644 1713 Nam

2066 1758 2336 1822 homines,
2363 1756 2544 1812 intuiti
2574 1765 2624 1811 te
2647 1771 2867 1812 servare
2887 1769 3053 1825 quam
3082 1762 3275 1824 putant
3305 1751 3642 1818 castitatem,

2065 1860 2287 1920 propter
2323 1850 2574 1904 allectum
2599 1849 2878 1920 proprium
2903 1847 3130 1903 laudant
3161 1846 3406 1916 quidem,
3436 1855 3492 1899 at
3533 1859 3644 1898 non

2065 1945 2323 2014 adjuvant
2347 1961 2361 1997 :
2385 1943 2460 1998 dii
2486 1959 2639 2010 vero,
2663 1958 2790 1998 cum
2813 1950 2866 1998 te
2892 1941 3220 2012 spectabunt
3243 1939 3350 1994 sibi
3383 1936 3642 2001 similem,

2065 2035 2230 2092 simul
2265 2034 2562 2090 laudabunt
2598 2051 2663 2090 ac
2692 2050 2847 2105 opem
2892 2034 3090 2090 ferent.

2135 2230 2296 2287 XVII.
2333 2231 2523 2301 Cogita
2572 2233 2716 2287 enim
2747 2232 2904 2295 mihi,
2935 2247 3101 2301 quam
3136 2231 3338 2286 multas
3395 2243 3642 2284 remune-

2065 2323 2167 2377 rati
2195 2322 2405 2377 fuerint
2439 2323 2643 2377 amicas
2671 2341 2684 2377 :
2716 2339 2780 2376 ex
2826 2324 3024 2392 quibus
3049 2322 3186 2377 alias
3215 2321 3437 2392 quidem
3483 2331 3634 2375 retu-

2063 2414 2244 2469 lerunt
2271 2415 2324 2469 in
2353 2430 2644 2469 numerum
2679 2414 2984 2478 stellarum,
3012 2414 3244 2469 aliarum
3269 2428 3396 2468 vero
3421 2421 3474 2468 et
3500 2413 3637 2468 libe-

2063 2521 2154 2561 ros
2196 2516 2250 2560 et
2302 2505 2580 2575 adjutores
2621 2505 2902 2560 beneficiis
2951 2498 3270 2560 aﬂ‘ecerunt.
3338 2503 3459 2559 Jam
3507 2520 3641 2576 ergo

2062 2598 2275 2668 Jupiter
2305 2598 2656 2654 Callistonem
2689 2599 2900 2653 stellam
2925 2597 3073 2664 fecit,
3105 2613 3228 2667 quae
3249 2605 3476 2651 vocatur
3507 2595 3645 2652 Ursa

2062 2690 2264 2754 minor,
2305 2705 2580 2759 quamque
2633 2688 2979 2760 Cynosuram
3033 2688 3312 2758 appellant
3368 2687 3641 2742 nonnulli.

2061 2781 2344 2853 Neptunus
2372 2783 2426 2836 in
2449 2783 2588 2837 caelo
2611 2782 2904 2837 collocavit
2934 2781 3242 2851 Delphium,
3276 2781 3637 2852 Amphitrites

2060 2874 2274 2944 gratia:
2308 2883 2361 2929 et
2411 2873 2669 2928 Orionem
2711 2889 2779 2928 ex
2827 2872 3079 2945 Euryale,
3125 2873 3322 2930 Minois
3358 2873 3489 2937 lilia,
3540 2888 3642 2927 na-

2063 2975 2174 3019 tum
2210 2972 2432 3034 propter
2466 2973 2692 3018 matrem
2719 2963 2990 3035 Euryalen
3039 2964 3201 3019 astris
3237 2963 3482 3018 donavit.
3508 2962 3638 3018 Bac-

373 3053 470 3105 ὲπὶ
500 3054 572 3125 τῇ
603 3051 948 3125 Γανυμήδους
979 3055 1226 3127 ἁρπαγῇ,
1257 3055 1352 3108 καὶ
1376 3055 1538 3110 αὐτὸν
1568 3055 1660 3110 τὸν
1693 3057 1955 3130 Γανυμή-

2063 3059 2200 3113 chus
2257 3072 2516 3111 coronam
2563 3056 2834 3110 Ariadnae.
2885 3054 3098 3125 Jupiter
3141 3055 3406 3125 aquilam,
3438 3071 3547 3125 qua
3587 3055 3641 3112 in

369 3143 470 3215 δην
505 3144 564 3196 ὲν
599 3142 879 3215 Ὑδροχόου
905 3145 1039 3216 τιμῇ
1064 3142 1251 3211 ἔταξεν
1272 3160 1287 3176 ·
1321 3144 1416 3197 καὶ
1447 3143 1649 3217 ταῦρον
1677 3144 1743 3198 δι’
1771 3145 1958 3218 Εὐρώ-

373 3253 486 3308 πην
526 3235 806 3306 ἐτίμησεν.
850 3233 1012 3289 Ἀλλὰ
1043 3234 1138 3289 καὶ
1182 3234 1440 3307 Κάστορα
1488 3236 1582 3289 καὶ
1610 3237 1958 3310 Πολυδεύκην

373 3327 470 3379 καὶ
534 3325 754 3398 Ἑλένην
788 3325 938 3398 Λήδᾳ
993 3325 1352 3398 χαριζόμενος
1381 3325 1637 3397 ἐποίησεν
1690 3327 1955 3399 ἀστέρας·

372 3417 472 3472 καὶ
505 3415 724 3488 Περσέα
753 3415 844 3471 διὰ
870 3415 1080 3487 Δανάην
1100 3433 1114 3446 ·
1150 3417 1244 3470 καὶ
1289 3416 1524 3489 Ἀρκάδα
1559 3418 1604 3449 ¹⁶
1624 3418 1710 3472 διὰ
1757 3419 1958 3473 Καλλι-

375 3507 520 3562 στώ·
547 3508 836 3582 παρθένον,
857 3509 958 3580 τὴν
970 3508 1064 3562 καὶ
1085 3507 1274 3579 Δίκην,
1305 3507 1398 3562 διὰ
1429 3508 1598 3581 Θέμιν
1622 3527 1635 3540 ·
1679 3511 1957 3584 Ἠρακλέα

372 3599 467 3662 διὰ
511 3599 843 3672 Ἀλκμήνην.
888 3597 1000 3653 Καὶ
1019 3597 1203 3652 οὐκέτι
1234 3598 1458 3670 μηκύνω
1491 3599 1652 3654 πλέον
1674 3618 1687 3631 ·
1749 3602 1958 3674 μακρὸν

373 3692 446 3746 δὲ·
471 3693 536 3746 τὸ
565 3695 686 3747 κατ’
716 3687 854 3756 εἶδος
879 3691 1079 3761 λέγειν,
1125 3691 1283 3754 ὅσους
1327 3689 1416 3744 διὰ
1446 3691 1648 3754 πολλὰς
1678 3692 1960 3764 ἐρωμένας

375 3785 816 3856 εὐηργετήκασιν
845 3784 895 3836 οί
928 3782 1042 3837 θεοὶ
1071 3784 1194 3846 ταῖς
1237 3781 1376 3854 πρὸς
1406 3781 1725 3855 ἀνθρώπους
1768 3801 1959 3838 κοινω-

377 3876 547 3940 νίαις,
583 3876 648 3939 ἃς
670 3877 719 3929 oi
747 3876 964 3948 ἀνόητοι
1007 3875 1083 3939 ὡς
1115 3873 1293 3938 κακὰς
1318 3872 1550 3945 πράξεις
1581 3875 1959 3950 ἀπαγορεύου-

381 3986 490 4034 σιν,
519 3968 620 4023 ούκ
652 3967 852 4032 εἰδότες
897 3968 978 4025 ὅτι
1003 3966 1164 4039 ήδονή
1195 3968 1346 4023 ἐστιν
1365 3967 1401 4039 ή
1434 3967 1644 4041 μεγάλη
1673 3970 1732 4023 ὲν
1750 3967 1961 4044 ἀνθρώ-

386 4075 510 4125 ποις
538 4059 855 4123 ἀπόλαυσις.

454 4343 642 4400 XVIII.
675 4343 743 4403 Τί
778 4342 876 4410 δέ;
911 4338 1140 4396 καὶτῶν
1166 4339 1348 4412 σοφῶν
1391 4341 1443 4394 οί
1494 4339 1813 4414 περιϐόητοι
1864 4344 1964 4416 οὐχ

2060 3148 2320 3218 rapiendo
2350 3147 2661 3219 Ganymede
2691 3164 2826 3202 usus
2859 3147 3076 3202 fuerat:
3123 3149 3419 3217 ipsumque
3454 3147 3640 3220 Gany-

2059 3238 2272 3294 medem
2320 3238 2373 3292 in
2405 3239 2630 3308 Aquarii
2671 3241 2879 3294 honore
2938 3240 3224 3294 constituit
3258 3256 3272 3292 :
3304 3256 3368 3296 ac
3424 3250 3643 3297 taurum

2061 3329 2354 3384 honoravit
2407 3329 2476 3384 ob
2529 3328 2827 3400 Europam.
2889 3328 3031 3396 Quin
3056 3338 3110 3384 et
3146 3330 3454 3396 Castorem,
3507 3330 3639 3385 Pol-

2060 3424 2238 3478 lucem
2271 3439 2334 3478 ac
2366 3421 2650 3491 Helenam,
2681 3421 2843 3477 Ledae
2863 3422 3203 3492 gratiﬁcans,
3237 3422 3424 3478 stellas
3465 3421 3593 3478 fecit
3623 3441 3640 3480 :

2059 3524 2114 3571 et
2135 3513 2417 3579 Perseum,
2453 3526 2674 3586 pmpter
2701 3513 2923 3569 Danaen
2952 3531 2966 3566 :
3007 3523 3061 3569 et
3100 3513 3387 3580 Arcadem,
3420 3526 3643 3584 propter

2067 3605 2423 3661 Callistonem
2459 3623 2472 3659 :
2508 3605 2797 3676 virginem,
2831 3620 2954 3675 qua}
2980 3613 3036 3660 et
3057 3604 3208 3673 Dice,
3236 3605 3308 3660 ob
3337 3604 3588 3670 Themim
3619 3623 3634 3661 :

2061 3695 2373 3762 Herculem,
2409 3705 2632 3767 propter
2659 3697 3002 3753 Alcmenam.
3035 3695 3103 3751 Et
3130 3712 3199 3751 ne
3229 3695 3411 3752 adhuc
3459 3697 3639 3768 magis

2059 3789 2363 3860 producam
2414 3803 2767 3858 sermonem;
2825 3790 3052 3861 longum
3087 3790 3234 3845 enim
3281 3799 3368 3846 est
3424 3790 3640 3861 singula

2061 3881 2285 3948 referre,
2313 3881 2367 3936 in
2405 3890 2538 3952 quot
2561 3881 2735 3950 alios,
2784 3883 3082 3938 multarum
3129 3883 3432 3938 amicarum
3484 3898 3640 3954 ergo,

2060 3971 2289 4028 benclici
2320 3971 2633 4027 exstiterint
2674 3973 2773 4038 dii,
2806 3989 2905 4044 per
2950 3973 3223 4030 humanos
3267 3973 3588 4045 complexus
3619 3991 3635 4042 ;

2061 4079 2201 4135 quos
2250 4064 2402 4119 stulti
2448 4074 2507 4119 ut
2559 4067 2702 4120 mala
2752 4081 2917 4135 opera
2950 4066 3273 4136 prohibent,
3307 4067 3482 4138 ignari
3538 4081 3640 4122 vo-

2061 4152 2323 4223 luptatem
2373 4156 2680 4212 maximum
2725 4172 2848 4213 esse
2890 4157 3035 4214 inter
3085 4158 3338 4216 homines
3397 4174 3643 4214 commo-

2062 4246 2214 4301 dum.

2137 4338 2325 4397 XVlll.
2365 4340 2509 4410 Quid
2545 4341 2718 4398 vero?
2772 4339 2964 4398 Nonne
3008 4351 3064 4397 et
3112 4344 3439 4416 sapientium
3499 4342 3641 4398 cole.

1663 4478 1895 4538 VARLE
1933 4480 2335 4538 LECTIONES.

454 4573 567 4646 lfita
589 4572 654 4646 ΟΣ
674 4588 723 4628 c.
753 4586 927 4646 marg.
954 4569 1018 4646 Ci
1046 4612 1062 4638 ,
1089 4570 1248 4646 cujus
1272 4578 1460 4646 textus
1484 4570 1804 4646 frpanvéou.
1842 4642 1852 4646 Α
1878 4573 1900 4606 ⁸
1941 4573 2235 4646 Ἀγχιλέως
2259 4573 2324 4646 0.
2386 4574 2445 4646 j°
2473 4573 2643 4643 Δάφνι
2667 4571 2731 4628 0.

2810 4574 2850 4606 “
2884 4573 2962 4646 Ita
2993 4571 3074 4646 S.,
3112 4573 3429 4646 Εὐρυστέως
3453 4574 3520 4635 Ο,
3541 4573 3642 4631 Εὐ-

387 4645 593 4745 facta;
617 4642 682 4699 Ο.
761 4642 803 4673 ¹¹
836 4639 923 4695 ἵνα
947 4639 1011 4696 C.
1087 4643 1131 4674 ’³
1160 4642 1326 4706 ίδότες
1350 4641 1415 4696 0.
1445 4639 1590 4696 Idem
1626 4639 2114 4712 διαφυλάττουσαν.
2194 4644 2342 4699 1tlta
2377 4642 2440 4710 Ο,
2465 4653 2520 4699 et
2541 4639 2608 4700 ex
2629 4645 2862 4714 conject.
2888 4645 2929 4699 C
2961 4685 2976 4702 .
3009 4639 3067 4698 in
3096 4639 3254 4714 cujus
3288 4653 3438 4700 textu
3476 4646 3636 4712 θεοῖς.

409 4723 432 4745 ι
459 4716 616 4745 ...ωλι
640 4712 807 4745 Λ-ἰλιιιι
829 4712 869 4745 Γ
971 4712 1015 4743 10
1044 4710 1119 4745 [In
1149 4711 1193 4745 n
1247 4721 1296 4745 ιη
1319 4710 1362 4745 Π
1414 4727 1475 4745 ον
1507 4711 1717 4745 Anniana
1802 4714 1977 4745 "Anu.-
2009 4716 2105 4745 ηιιιι
2159 4714 2293 4745 11η...
2352 4713 2679 4745 Οηηῖοἷηηοῖο
2735 4715 2863 4745 n..:..
2895 4717 2994 4745 -.ιιι
3020 4715 3064 4745 Ιὶ
3109 4724 3158 4745 ΔΙ
3185 4730 3246 4745 ην
3280 4715 3486 4745 ηη-ιῖηηι
3548 4717 3587 4745 l‘

409 4723 432 4755 ⁸
459 4712 807 4789 κυνός-οὐράν
829 4712 892 4767 C.
971 4712 1015 4789 ‘_°
1044 4710 1122 4767 lta
1149 4711 1193 4767 0
1246 4710 1362 4789 et_C
1413 4727 1480 4767 ex
1507 4710 1768 4784 conject.,
1802 4714 1981 4786 Ἀρκα
2007 4716 2130 4770 cod.
2158 4714 2316 4770 llom.
2347 4713 2704 4772 Parisiensis.
2732 4710 2866 4772 Dein
2895 4717 2994 4789 τήν
3020 4715 3086 4782 0,
3109 4710 3250 4769 et'ex
3278 4715 3512 4786 conject.
3548 4710 3639 4787 CV,

388 4785 485 4854 qui
530 4787 596 4856 τῇ
625 4785 679 4838 in
708 4781 882 4851 textu,
907 4800 966 4836 τε
993 4781 1254 4854 ὶιῌιιειτε.
1283 4785 1426 4842 Cor.

1703 4873 2062 4932 VARIORUM
2096 4871 2328 4928 NOT/E.

461 4986 574 5058 (89)
609 4987 876 5060 chlrxov
939 4987 1190 5060 Τυμναίο
1258 4986 1452 5060 ,πάρου
1501 4987 1804 5060 ποτνιέῳς.
1848 4988 1958 5060 mlta
1991 4983 2034 5037 D
2062 4989 2219 5060 plura
2243 4987 2380 5060 nihil
2402 4987 2805 5060 nccgsse._CoT.

396 5061 444 5116 in
475 5057 582 5112 ms.
618 5057 770 5128 Unde
805 5057 1224 5128 conliciiqueat,
1263 5057 1515 5128 Βράγχου
1549 5058 1812 5128 Τυμνίου,
1846 5059 1961 5113 Πά-

457 5147 486 5180 υ
513 5127 798 5191 Ποτνιέως.
827 5127 1062 5183 Branchi
1085 5128 1316 5198 Tymm'i,
1341 5127 1473 5181 Pari
1503 5127 1837 5191 Potniensis;
1866 5140 1962 5185 aut

437 5199 640 5270 ράγχου
673 5199 956 5270 Ἀτυμνίου
976 5241 989 5263 ,
1021 5200 1205 5270 Πάρου
1240 5199 1506 5270 Ποτνιέως
1521 5214 1554 5270 ;_
1568 5210 1673 5270 aut
1698 5200 1848 5270 quid
1885 5201 1958 5254 si-

391 5268 744 5325 mile—Erant
773 5268 917 5322 enim
946 5268 1266 5324 Branchidae
1297 5269 1350 5322 in
1377 5284 1507 5338 agro
1537 5268 1767 5334 Milesio,
1798 5271 1956 5324 testi-

391 5338 494 5395 bus
523 5340 815 5404 llerodoto,
851 5339 1136 5404 Strabone,
1179 5339 1479 5405 Pausania;
1529 5348 1581 5394 et
1606 5338 1860 5403 .Milctum
1893 5356 1957 5396 ac

391 5406 660 5481 Tymnum
707 5410 762 5463 in
802 5410 960 5481 Caria
998 5412 1144 5478 ponit
1177 5409 1486 5481 Stephanus
1526 5426 1539 5462 :
1575 5425 1744 5480 quare
1785 5409 1956 5464 Bran-

394 5479 533 5550 chus
571 5479 835 5550 Tymnius
880 5480 1065 5534 forsan
1111 5481 1288 5535 dictus
1333 5480 1535 5547 fuerit,
1589 5479 1751 5550 Quem
1796 5481 1951 5534 multi

394 5546 715 5606 Thessalum
750 5549 1322 5620 faciunt._Atymnium
1350 5546 1532 5604 autem
1556 5546 1797 5605 amatum
1834 5565 1955 5605 esse

395 5621 462 5673 ab
490 5621 736 5690 Apolline
761 5621 925 5676 tradit
950 5618 1176 5675 Nonnus
1203 5620 1636 5690 Dionysiacorum
1664 5621 1755 5675 lib.
1785 5637 1877 5676 xIx
1900 5629 1954 5675 et

398 5689 775 5750 xxu..Verum
824 5693 877 5746 in
911 5692 998 5747 bis
1039 5692 1307 5761 corruptis
1343 5689 1512 5762 atque
1540 5692 1952 5764 ignorabilibus

2135 5057 2247 5129 (90)
2288 5055 2584 5126 Ἡρακλῆς
2633 5057 2701 5110 δὲ
2739 5054 3033 5129 Ἀϐδήρου.
3070 5057 3544 5129 Apollodoruslib.
3576 5076 3615 5116 ιι

2059 5126 2151 5200 ρο·
2181 5129 2308 5200 diis,
2366 5129 2643 5182 Abderum
2697 5129 2928 5200 appellat
2976 5126 3304 5200 Ἡρακλέους
3344 5126 3639 5200 ἐρώμενον,

2062 5198 2311 5270 Herculis
2332 5201 2623 5270 amusium;
2637 5199 2934 5270 Ἡρακλέος
2954 5198 3113 5270 φίλον
3143 5198 3642 5270 ΤΖΘΙΖΟΒὉῌῘΙῘΜΙΒ

2059 5269 2536 5343 2._In_S_te_pl_Ia_no
2580 5266 2874 5343 Byzantio;
2910 5269 3184 5343 Ἄϐδηρα,
3223 5269 3630 5343 ἁττὸῌἋὸδήρου

2056 5338 2151 5410 τοῦ
2189 5337 2303 5410 υίοῦ
2351 5339 2600 5410 Ἡρίμου,
2625 5337 2971 5410 ἾΙρακλέους
3001 5337 3296 5410 ἐρωμένου.
3323 5340 3456 5395 Cor.

2133 5408 2618 5481 (91)γΚαλλιο·τὼ,
2653 5408 2766 5478 τῆν
2803 5408 3138 5478 λεγοδιιέινηι⁴
3177 5411 3396 5478 ἄρκτον
3421 5413 3641 5480 μικρὸν

2061 5478 2151 5551 ἢν
2169 5480 2270 5551 καὶ
2293 5481 2476 5545 κυνὸς
2511 5481 2696 5551 οὐρὰν
2712 5480 3262 5549 προσαγορεύουσίν
3280 5478 3455 5551 τινες.
3480 5478 3638 5551 Apud

2061 5550 2198 5624 alios
2236 5550 2458 5624 Callisto
2481 5550 2698 5624 nomine
2714 5551 3244 5624 Ἄρκτου-μεγάλης,
3280 5550 3433 5608 Ursa:
3466 5550 3639 5624 majo-

2061 5569 2198 5604 auos
2236 5569 2458 5604 halIISIO
2481 5569 2948 5624 IlOIlllIle"ApXTOU
3026 5569 3244 5622 εγαΛης,
3284 5569 3433 5608 UI‘SZB
3466 5569 3639 5608 111310·

2059 5621 2136 5675 ris
2159 5621 2395 5743 gaudclt;
2431 5620 2498 5675 ad
2514 5621 2921 5678 distinctionem
2950 5569 3106 5679 [Vrsae
3134 5625 3384 5693 minoris,
3410 5638 3506 5680 seu
3533 5608 3640 5696 (Σὴ-

2062 5706 2296 5743 DOSUI‘ZB.
2347 5707 2399 5743 D.

2062 5706 2296 5747 DOSUI‘EB.
2325 5706 2399 5745 ID.
