4082 6160
337 395 440 456 139

1435 377 2008 446 (ΣΒΕΜΕΝΤΪΝΑη-
2049 368 2356 430 HOMILIA
2393 366 2457 426 ν.

3471 344 3576 412 I90

341 508 668 584 μεμνημένη
716 500 845 578 περὶ
881 498 956 556 ὧν
1004 515 1089 555 σοι
1139 495 1375 569 ἐξέφῃνα
1427 492 1777 566 μυστηρίων,
1819 485 1909 542 διὰ

2024 485 2173 541 tabis.
2195 482 2487 546 Caeterum,
2505 475 2849 541 charissima,
2871 488 3082 530 memor
3111 489 3140 530 a
3165 487 3254 529 me
3281 470 3574 526 relatorum

336 579 687 673 γραμμάτων
736 612 827 667 μοι
875 593 974 665 τὴν
1018 591 1118 663 σὴν
1158 586 1331 656 δεῖξόν
1362 583 1720 660 λπροαίρεσιν.
1779 579 1912 652 "Ep-

425 690 489 745 σό
516 707 626 745 μοι.

425 695 489 745 σό
556 707 626 742 οι.
1358 695 1360 698 ν

341 695 556 838 ρωΧΧξι
572 777 716 849 Ἐγὼ
750 777 932 832 τοίνυν
963 775 1087 830 τότε
1118 773 1165 807 ³⁷
1194 771 1375 846 λαϐὼν
1400 770 1464 826 τὸ
1508 767 1710 842 βιϐλίον
1753 764 1912 820 τοῦτο

338 875 494 949 παρὰ
519 872 613 928 τοῦ
656 871 982 936 Ἀππίωνος,
1013 869 1091 932 ὡς
1117 868 1287 931 ὅντως
1320 863 1642 936 διαπέμψων
1673 858 1809 916 αὐτὸ
1841 859 1912 930 τῇ

339 966 616 1040 ἐρωμένῃ,
661 962 982 1034 ἐπλασάμην
1010 961 1087 1024 ὡς
1116 957 1333 1030 ἐκείνης
1377 956 1514 1030 πρὸς
1563 952 1736 1008 ταῦτα
1767 952 1914 1006 ἀντι-

339 1055 650 1129 γραψάσης,
683 1055 779 1108 καὶ
809 1056 876 1125 τῇ
906 1049 1170 1123 ὑστεραίᾳ
1187 1049 1234 1081 ’⁸
1261 1047 1465 1102 ἐλθόντι
1490 1044 1639 1117 αὑτῷ
1667 1042 1915 1097 ἐπέδωκα

338 1148 422 1219 τῷ
449 1146 715 1202 ’Δππίωνι
743 1146 820 1210 ὡς
845 1144 1004 1217 δῆθεν
1029 1143 1130 1215 τὴν
1147 1138 1275 1212 παρ’
1303 1139 1520 1209 ἐκείνης
1547 1135 1912 1209 ἀντιγραφὴν,

338 1237 515 1302 οὕτως
543 1237 792 1309 ἔχουσανο

353 1352 746 1422 Ἀντίτραςρον
772 1347 1170 1428 ἐπιστολῇςι²⁹
1201 1347 1351 1428 πρὸς
1380 1343 1686 1400 Ἀππίωνα
1704 1343 1784 1410 ὡς
1815 1355 1918 1395 πα-

862 1419 945 1487 ρὰ
973 1417 1084 1485 τῆς
1103 1417 1422 1487 ἐρωμένης.

409 1511 555 1568 XXI.
585 1510 859 1582 Θαυμάζω
880 1510 1019 1575 πῶς,
1056 1508 1148 1561 ἐπὶ
1179 1507 1342 1578 σοφίᾳ
1378 1522 1446 1578 με
1474 1501 1799 1567 ἐπαινέσας,
1842 1500 1919 1566 ὡς

339 1607 554 1679 ἀνοήτῳ
601 1604 851 1675 γράφεις.
893 1602 989 1664 Et;
1046 1600 1156 1673 γὰρ
1204 1598 1297 1652 σὺν
1350 1596 1522 1660 πάθος
1551 1595 1595 1628 ³ο
1615 1593 1798 1648 πεῖσαί
1850 1609 1919 1663 με

341 1703 576 1772 θελήσας
625 1701 690 1752 ἐκ
738 1697 845 1752 τῶν
897 1695 1027 1766 περὶ
1074 1693 1203 1757 τοὺς
1245 1692 1406 1755 θεοὺς
1460 1685 1919 1762 μυθολογημάτων

340 1797 586 1867 ἐποιήσω
632 1789 701 1845 τὰ
749 1787 1169 1859 παραδείγματα
1193 1824 1208 1849 ,
1248 1783 1465 1855 Ἔρωτα
1494 1781 1602 1859 τόν¹
1631 1779 1848 1832 πάντων
1870 1776 1914 1808 ³¹

341 1856 741 1962 πρεσθύτατον,
776 1856 850 1943 ὡς
883 1856 1108 1950 ἔφηςίυ,
1140 1875 1231 1928 ἐπί
1264 1873 1484 1927 πάντων
1514 1856 1651 1924 θεῶν
1682 1868 1780 1922 καὶ
1825 1868 1918 1920 άν-

341 1959 597 2057 θρὼπων,
635 1973 1025 2047 βλασφημῆσαι
1058 1969 1131 2041 μὴ
1165 1965 1420 2038 φοϐηθεὶς
1440 2003 1456 2030 ,
1483 1964 1632 2027 ὅπως
1658 1962 1759 2033 τὴν
1779 1959 1917 2031 ἐμὴν

341 2052 572 2145 φθείρῃς
589 2067 786 2139 ψυχὴν,
815 2065 905 2118 καὶ
923 2061 985 2116 τδ
1004 2059 1136 2132 ἐμὸν
1156 2057 1315 2129 σῶμα
1335 2054 1713 2127 περιυϐρίσῃς.
1739 2052 1920 2121 Ἔρως

341 2141 452 2237 γὰρ
474 2141 618 2218 ’θεῶν
639 2159 738 2212 οὐκ
759 2157 906 2211 ἐστιν
927 2151 1258 2225 ἀρχηγέτης,
1280 2151 1309 2203 6
1337 2150 1394 2202 ἐν
1425 2149 1548 2209 ταῖς
1576 2141 1916 2214 ἐπιθυμίαις.

341 2232 544 2327 lvii-1319
576 2251 718 2306 ἐκὼν
746 2249 1022 2320 ἐπιθυμεῖ,
1050 2241 1378 2314 αὑτόςιάθ
1409 2243 1554 2293 ἐστιν
1586 2233 1778 2290 ἐαυτοῦ
1813 2232 1920 2286 πά-

343 2324 562 2413 θοςκαὶ
591 2345 832 2407 κόλασις,
852 2342 947 2394 καὶ
963 2339 1083 2402 θεὸς
1097 2337 1197 2390 οὐκ
1225 2334 1289 2388 ἂν
1315 2333 1399 2405 είη
1428 2334 1456 2386 6
1487 2330 1710 2400 πάσχων
1742 2324 1880 2381 ἐκὼν
1903 2341 1918 2355 ο

341 2447 393 2500 εἰ
426 2445 483 2497 δὲ
512 2443 662 2498 ἄκων
689 2439 790 2511 ἐρᾷ
833 2437 932 2508 τῆς
963 2432 1181 2506 μίξεως,
1217 2428 1312 2483 καὶ
1341 2426 1442 2488 τὰς
1479 2422 1751 2495 ἡμετέρας
1781 2418 1923 2489 διερ-

343 2538 584 2609 χόμενος
603 2529 776 2602 ψυχὰς
804 2528 993 2598 ὥσπερ
1011 2525 1079 2577 δι’
1103 2521 1348 2594 ὀργάνων
1366 2517 1474 2571 τῶν
1500 2512 1784 2586 ἡμετέρων
1817 2526 1924 2563 σω-

348 2597 540 2698 μάτων
587 2597 817 2685 είς-’τὰς
862 2597 972 2669 τῶν
1013 2609 1220 2679 νοητῶν
1275 2607 1504 2680 φέρεται
1554 2598 1869 2661 συνουσίας,
1894 2597 1925 2651 ό

343 2686 538 2769 τοῦτον
589 2712 720 2784 ἐρᾷν
754 2706 924 2763 ποιῶν
957 2703 1052 2758 καὶ
1085 2700 1264 2772 φέρων
1297 2695 1496 2768 μείζων
1529 2688 1692 2746 αὐτοῦ
1725 2686 1926 2757 τυγχά-

346 2821 462 2859 νειο
495 2802 591 2856 καὶ
621 2777 800 2854 ’πάλιν
852 2793 1016 2850 αὑτοῦ
1047 2791 1256 2845 ἐκείνου
1287 2784 1382 2842 τοῦ
1443 2783 1702 2857 φέροντος
1755 2777 1924 2849 ἑτέρῳ

348 2895 500 2970 πόθῳ
533 2891 858 2967 φερομένου,
895 2887 1095 2961 μείζων
1141 2881 1299 2948 ἄλλος
1331 2882 1360 2936 ό
1394 2877 1574 2952 φέρων
1600 2874 1804 2930 ἐκεῖνον
1836 2870 1927 2926 εὓ-

352 2961 629 3065 ρίσδίετίιιζ
675 2961 778 3038 *καὶ
818 2983 899 3046 είς
956 2979 1260 3050 ἀπέραντον
1314 2967 1664 3039 ἐπαναφορὰν
1720 2965 1765 2998 ³³
1819 2961 1925 3016 τῶν

350 3053 602 3151 ἐρώντων
630 3075 859 3145 γίνεται,
889 3071 918 3125 6
949 3071 1097 3122 ἐστιν
1126 3064 1402 3120 ἀδύνατον.
1439 3059 1626 3122 Οὕτως
1653 3056 1754 3111 οὐκ
1780 3053 1927 3108 ἔστιν

2010 574 2396 648 mysteriorum
2426 570 2560 626 mihi
2584 585 2680 641 per
2700 568 2911 624 litteras
2935 575 3084 622 tuam
3109 565 3288 621 indica
3323 563 3577 618 volunta-

2011 678 2140 724 tem.
2172 665 2319 723 Vale.

2078 758 2200 815 XX.
2261 757 2374 827 Ego
2419 755 2584 826 igitur
2651 753 2754 808 hoc
2804 751 2986 806 libello
3037 749 3106 804 ab
3157 748 3403 819 Appione
3456 755 3573 803 tum

2010 861 2252 923 accepto,
2278 849 2434 921 quasi
2459 863 2585 903 vere
2625 846 2895 901 missurus
2920 840 2988 898 ad
3020 849 3280 904 amatam,
3315 848 3573 910 tanquam

2011 945 2103 1001 illa
2163 943 2531 1012 rescripsisset
2577 936 2814 995 conﬁnxi
2842 979 2858 1004 ,
2916 943 2973 992 et
3027 932 3292 1006 postridie
3337 931 3575 990 venienti

2012 1028 2224 1094 tradidi.
2260 1035 2495 1108 Appioni
2545 1034 2694 1090 velut
2737 1028 2989 1087 mulieris
3031 1025 3377 1097 rescriptum,
3432 1022 3579 1094 quod

2009 1133 2089 1189 ita
2117 1133 2315 1188 habet:

2015 1325 2346 1396 Rescriptum
2372 1322 2440 1377 ad
2491 1318 2769 1440 epistolgm
2803 1315 2873 1440 αρ
2914 1313 3204 1386 Appionem
3234 1318 3488 1379 tanquam
3515 1304 3579 1359 ob

2636 1407 2670 1440 α
2711 1404 2832 1440 ama
2859 1403 2913 1440 a.

2636 1403 2913 1443 adamata.

2087 1483 2408 1544 XXI.Miror
2447 1498 2556 1554 qua
2600 1481 2833 1546 ratione,
2881 1492 3007 1533 cum
3054 1490 3141 1532 me
3197 1473 3266 1530 de
3321 1469 3587 1541 sapientia

2015 1579 2248 1647 laudes,
2293 1585 2556 1646 tanquam
2613 1571 2835 1628 stultam
2886 1565 3204 1637 compellas.
3269 1558 3405 1617 Nam
3455 1559 3585 1614 dum

2017 1671 2174 1744 cupis
2203 1669 2272 1725 ad
2328 1677 2482 1723 tuum
2515 1680 2601 1720 me
2642 1663 2913 1718 adducere
2944 1658 3220 1723 affectum,
3250 1669 3318 1710 ex
3358 1652 3587 1707 deorum

2020 1763 2220 1820 fabulis
2263 1757 2543 1830 sumpsisti
2603 1755 2888 1824 exempla,
2946 1750 3228 1811 Amorem,
3259 1747 3443 1817 (quem
3465 1757 3586 1797 om-

1948 1834 1993 1891 B
2022 1857 2172 1911 nium
2200 1851 2643 1923 antiquissimum
2685 1845 2894 1908 dixisti,
2921 1850 2976 1898 et
3002 1855 3168 1911 supra
3197 1843 3422 1894 cunctos
3457 1833 3585 1889 deos

2018 1957 2072 2003 et
2100 1944 2376 2014 homines)
2425 1957 2536 1996 non
2569 1938 2774 1994 veritus
2815 1935 3099 1999 infamare,
3131 1946 3240 2001 quo
3260 1943 3443 1984 meum
3469 1939 3591 1980 cor-

2019 2055 2304 2110 rumperes
2330 2037 2596 2099 animum,
2629 2045 2923 2101 meumque
2959 2024 3292 2083 contumelia
3339 2020 3581 2077 aﬁiceres

2020 2147 2240 2204 corpus.
2270 2127 2441 2182 Amor
2475 2126 2621 2182 enim
2647 2138 2758 2178 non
2798 2130 2883 2176 est
2936 2119 3162 2174 deorum
3214 2115 3468 2185 princeps
3522 2122 3586 2163 ac

2023 2199 2240 2290 ductor,
2267 2222 2317 2278 is
2345 2220 2440 2290 qui
2479 2219 2536 2274 in
2566 2211 2962 2285 cupiditatibus
3011 2215 3301 2271 versatur;
3359 2213 3487 2257 nam
3536 2199 3581 2255 si

2021 2323 2215 2388 sponte
2236 2312 2405 2383 cupit,
2449 2310 2566 2380 ipse
2593 2315 2677 2362 est
2701 2305 2786 2362 sui
2825 2300 3107 2373 perpessio
3144 2306 3199 2353 et
3233 2293 3585 2364 supplicium,

2021 2386 2124 2465 nec
2173 2407 2308 2461 deus
2332 2410 2436 2468 est,
2473 2400 2568 2470 qui
2601 2395 2906 2452 voluntarie
2937 2391 3139 2464 patitur
3166 2407 3180 2443 :
3212 2386 3476 2454 sinvero
3501 2386 3589 2441 inv

2022 2499 2170 2554 vitus
2228 2492 2435 2565 appetit
2483 2486 2871 2550 concubitum,
2904 2491 2959 2537 et
3008 2487 3228 2535 nostras
3281 2473 3588 2550 pervadens

2023 2588 2236 2645 animas
2263 2593 2521 2652 tanquam
2549 2595 2645 2650 per
2702 2589 2994 2650 corporum
3027 2583 3341 2631 nostrorum
3380 2571 3579 2626 instru-

2024 2686 2208 2737 menta
2235 2677 2408 2732 fertur
2435 2674 2501 2734 ad
2530 2682 2894 2744 congressum
2915 2685 3113 2727 eorum
3141 2682 3264 2737 qua:
3292 2663 3394 2721 sub
3424 2660 3590 2718 intel-

2023 2767 2567 2847 ligentiam-cadunt,
2619 2766 2713 2838 qui
2742 2779 2870 2820 eum
2916 2759 3127 2818 inducit
3178 2757 3243 2813 ad
3274 2755 3590 2816 amandum,

2027 2845 2201 2936 major
2225 2872 2440 2920 esteo:
2477 2861 2786 2928 iterumque
2841 2869 2966 2910 cum
3012 2853 3102 2908 hic
3149 2850 3244 2921 qui
3298 2846 3506 2903 inducit
3541 2845 3598 2899 in

2027 2961 2193 3015 alium
2235 2956 2523 3013 inducatur
2545 2966 2811 3014 amorem,
2839 2948 3017 3017 major
3037 2945 3178 3001 alius
3203 2943 3296 3014 qui
3325 2944 3471 2995 hunc
3501 2939 3587 2994 in-

2026 3051 2176 3108 ducit
2196 3048 2483 3119 reperitur,
2515 3053 2570 3101 et
2595 3044 2649 3098 in
2679 3040 2949 3096 infinitum
2973 3035 3280 3092 amantium
3305 3044 3596 3087 numerum

351 3125 484 3222 οὲιτε⁷
846 3125 972 3216 οὔτε
997 3162 1026 3215 6
1066 3157 1362 3230 φερόμενος
1382 3195 1398 3220 ,
1444 3152 1557 3206 ἀλλ’
1607 3145 1770 3203 αὑτοῦ
1830 3142 1924 3199 τοῦ

2031 3144 2092 3199 ﬁt
2112 3155 2468 3214 progressus;
2511 3133 2658 3206 quod
2688 3132 2804 3188 ﬂeri
2833 3147 2944 3186 non
2972 3137 3169 3199 potest.
3217 3125 3388 3197 Igitur
3420 3139 3597 3192 neque

2217 3235 2230 3244 .
2261 3233 2273 3244 .
2333 3231 2350 3244 ι
2428 3229 2461 3244 ο-
2559 3243 2569 3244 γ
2591 3241 2680 3244 μ--
2722 3223 2805 3244 ---ε
2846 3219 3156 3244 ξ--.ι.-..2ι.....
3199 3216 3289 3244 ..ι-,1
3317 3226 3396 3244 Α...
3424 3215 3597 3244 ἕνη-ξηι-

353 3259 584 3333 ἐρῶντος
615 3236 1106 3326 ⁸ιτδ-ἐειτιθυμητικόν
1152 3251 1266 3302 ἐστι
1310 3245 1509 3310 πάθος,
1561 3240 1734 3296 ἐλπίδι
1766 3236 1926 3303 αὐξό-

357 3369 517 3424 μενον
543 3350 642 3405 καὶ
669 3345 975 3417 ἀπογνώσει
1009 3340 1345 3415 μειούμενον.

428 3565 588 3622 XXII.
624 3564 687 3618 Οί
719 3561 776 3617 δέ
797 3561 1025 3634 ,κρατεῖν
1052 3555 1280 3627 αἰσχρᾶς
1312 3549 1605 3622 ἐπιθυμίας
1640 3545 1714 3634 μὴ
1747 3541 1930 3617 βουλό-

360 3678 510 3735 μενοι
544 3657 654 3712 τῶν
695 3655 830 3711 θεῶν
861 3649 1306 3720 καταψεύδονται,
1341 3644 1424 3697 ⁶ἵνα
1468 3640 1596 3711 περὶ
1639 3629 1714 3694 ὧν
1756 3633 1932 3707 πράτ-

353 3727 561 3814 τουσιν,
593 3749 718 3811 τοὺς
753 3745 907 3808 θεοὺς
927 3744 1002 3806 ὡς
1039 3739 1334 3812 προτέρους
1374 3734 1675 3806 δράσαντας
1718 3727 1934 3784 ὑποδει-

356 3843 606 3906 κνύντες,
629 3831 1132 3894 ἀπαλλάσσωνταιυν
1155 3829 1256 3899 τῆς
1286 3823 1561 3898 μέμψεως.
1591 3821 1656 3875 Εἰ
1683 3817 1792 3890 γὰρ
1820 3833 1939 3870 παι-

356 3931 600 3994 δοποιίας
646 3929 864 3991 ένεκεν,
910 3925 1005 3978 καὶ
1056 3923 1158 3976 οὐκ
1207 3915 1509 3986 ἀσελγείας,
1557 3912 1606 3966 ol
1656 3907 1936 3979 λεγόμενοι

359 4025 478 4080 θεοὶ
522 4021 621 4084 τὰς
669 4017 909 4089 μοιχείας
954 4011 1260 4073 ἐπετέλουν,
1312 4007 1366 4062 τί
1423 4003 1519 4059 καὶ
1559 4003 1672 4064 τοῖς
1716 4000 1938 4070 ἄρσεσιν

359 4114 650 4186 ἐμίγνυντο
682 4109 761 4174 ³⁹;
807 4103 967 4160 Ἀλλά
1009 4101 1377 4175 χαριζόμενοι,
1413 4094 1597 4167 φησὶν,
1641 4091 1765 4154 ταῖς
1803 4089 1942 4158 ἐρω-

365 4205 554 4278 μέναις
603 4197 989 4272 κατηπέριξον
1033 4195 1078 4226 ⁸⁸
1121 4191 1308 4254 αὐτάς.
1348 4185 1556 4242 Οὐκοῦν
1604 4182 1710 4255 πρὸ
1751 4178 1942 4236 τούτου

361 4270 464 4351 οὐκ
500 4291 641 4366 ἦσαν
681 4270 924 4360 ἀστέρες,
963 4284 1154 4358 μέχρις
1201 4282 1290 4336 ὅτε
1334 4275 1616 4346 ἀσελγείας
1672 4270 1942 4344 προφάσει

366 4387 472 4443 ὑπὸ
524 4359 728 4457 μοιχῶν
765 4383 794 4436 6
820 4359 1050 4451 οὐρανὸς
1093 4375 1310 4446 ἄστροις
1354 4367 1667 4439 ἐκοσμήθη;
1718 4362 1844 4426 Πῶς
1884 4359 1941 4414 δέ

366 4481 460 4533 καὶ
491 4453 542 4531 oi
579 4453 687 4529 τῶν
719 4465 1226 4543 κατηστερισμένων
1269 4463 1313 4495 ’τ
1344 4460 1553 4529 ἔκγονοι
1601 4458 1658 4509 ἐν
1690 4453 1816 4526 ᾅδου
1848 4468 1941 4505 κο-

366 4566 641 4628 λάζονται,
675 4563 704 4616 6
731 4578 793 4614 τε
811 4541 1008 4621 ’Ἄτλας
1057 4551 1409 4626 βαρούμενος,
1456 4547 1552 4602 καὶ
1600 4548 1628 4600 6
1676 4541 1944 4605 Τάνταλος

366 4659 497 4730 δίψη
529 4656 575 4688 ³⁸
615 4650 931 4723 ἀνιώμενος,
973 4647 1069 4702 καὶ
1113 4647 1142 4700 6
1180 4645 1411 4712 Σίσυφος
1453 4638 1672 4711 ἐρείδων
1717 4635 1942 4707 πέτραν,

369 4727 562 4811 Τιτυὸς
592 4743 664 4798 τὰ
695 4743 974 4812 σπλάγχνα
1003 4736 1426 4810 διορυττόμενος,
1470 4730 1639 4798 Ἰξίων
1661 4727 1790 4800 περὶ
1815 4743 1943 4797 τρο-

370 4841 465 4913 χὸν
499 4836 792 4898 ἀπαύστως
820 4831 1264 4898 κυλινδούμενος;
1303 4824 1462 4894 150
1501 4820 1619 4884 πῶς
1665 4818 1722 4872 δὲ
1769 4817 1859 4870 καὶ
1901 4831 1926 4868 ο

2048 4817 2181 4859 VCI‘O
2221 4816 2257 4855 ll

371 4906 600 5003 ἐρασταὶ
643 4926 754 4980 θεοὶ
798 4924 967 4987 ὄντες,
1018 4919 1111 4984 οὓς
1160 4917 1407 4990 ἐμίαναν,
1451 4907 1840 4983 κατηστέριζον
1883 4906 1951 4979 υ,

371 5023 587 5084 ἑαυτοῖς
620 5017 733 5090 (95)
765 5014 922 5069 τοῦτο
959 5012 1032 5084 μὴ
1063 5008 1454 5082 χαρισάμενοι;

442 5078 640 5165 XXI“:
671 5081 786 5155 θδκ
814 5097 922 5166 ἀρα
941 5078 1098 5170 ἧιῒᾶν⁷
1124 5078 1254 5166 θεοὶ,
1289 5096 1425 5153 ἀλλά
1472 5089 1750 5162 τυράννων
1781 5078 1957 5148 αίνίγο

2034 3235 2232 3305 estqui
2261 3229 2487 3294 inducit,
2510 3241 2686 3294 neque
2715 3223 2809 3293 qui
2846 3219 3159 3283 inducitur;
3198 3216 3291 3272 sed
3316 3226 3398 3271 est
3424 3215 3602 3285 ipsius

2035 3325 2269 3384 amantis
2298 3322 2520 3377 atl‘ectus
2547 3312 2962 3386 concupiscens,
2985 3311 3079 3381 qui
3124 3324 3220 3378 spe
3273 3310 3502 3378 augetur
3543 3316 3598 3363 et

2037 3413 2416 3486 desperatione
2437 3406 2722 3464 minuitur.

2103 3485 2267 3562 XXII.
2294 3502 2398 3570 Qui
2426 3515 2556 3556 vero
2595 3507 2806 3567 turpem
2849 3491 3044 3547 nolunt
3077 3485 3426 3558 cupiditatem
3449 3498 3604 3540 coer-

2035 3613 2192 3666 cere,
2237 3596 2306 3652 de
2346 3593 2453 3648 diis
2501 3586 2832 3644 mendaciter
2878 3583 3124 3653 tingunt;
3178 3586 3240 3633 ut
3283 3579 3337 3630 ln
3368 3575 3438 3631 iis
3483 3589 3605 3645 qua:

2034 3695 2347 3762 perpetrant
2384 3685 2515 3741 deos
2561 3681 2764 3751 primos
2810 3690 2932 3732 esse
2973 3681 3224 3728 auctores
3270 3667 3606 3724 ostendendo

2037 3758 2195 3855 culpa
2223 3782 2539 3837 liberentur.
2565 3773 2622 3829 Si
2651 3771 2795 3826 enim
2819 3763 3177 3836 suscipiendae
3205 3759 3409 3817 sobolis
3430 3758 3605 3830 gratia

2037 3886 2092 3934 et
2117 3850 2230 3932 non
2267 3869 2511 3928 libidinis
2554 3879 2713 3936 ergo,
2755 3861 2848 3931 qui
2893 3859 2967 3915 dii
3007 3861 3291 3918 vocantur,
3341 3850 3605 3907 adulteria

2039 3967 2450 4026 commiserunt,
2479 3975 2576 4015 cur
2604 3971 2729 4013 cum
2760 3951 3021 4010 masculis
3049 3961 3266 4020 quoque
3301 3944 3607 4000 misceban-

2038 4061 2162 4119 tur?
2187 4057 2293 4114 Sed
2336 4063 2399 4110 ut
2425 4049 2881 4125 gratiﬁcarentur,
2931 4043 3127 4113 inquit,
3157 4037 3480 4094 mulieribus
3509 4033 3608 4090 ad-

2040 4152 2259 4218 amatis,
2304 4149 2427 4206 illas
2465 4145 2522 4199 in
2586 4149 2730 4198 astra
2781 4140 3183 4195 converterunt.
3231 4130 3402 4202 Igitur
3449 4135 3608 4183 antea

2042 4257 2189 4304 astra
2217 4258 2326 4299 non
2358 4247 2533 4305 erant,
2563 4249 2737 4305 usque
2761 4231 2889 4287 dum
2912 4225 3148 4283 lasciviae
3171 4222 3461 4281 occasione
3489 4233 3607 4276 cm-

2041 4340 2154 4394 lum
2183 4335 2352 4394 stellis
2380 4326 2767 4388 exornaretur?
2825 4320 2893 4377 Et
2918 4317 3194 4390 quomodo
3223 4315 3278 4370 in
3309 4313 3492 4371 stellas
3521 4325 3610 4366 re-

1969 4413 2020 4474 Ῑ)
2044 4433 2275 4487 latarum
2301 4423 2458 4480 liberi
2488 4437 2553 4477 ac
2589 4425 2815 4488 nepotes
2848 4410 2990 4484 apud
3031 4407 3236 4464 inferos
3273 4401 3611 4476 puniuntur?

2043 4527 2195 4583 Atlas
2231 4528 2487 4593 gravatus
2514 4512 2773 4585 pondere,
2805 4504 3065 4560 Tantalus
3104 4508 3328 4556 enectus
3369 4495 3480 4560 siti,
3519 4491 3610 4547 Si-

2044 4587 2260 4690 syphus
2301 4618 2508 4683 petram
2559 4603 2822 4665 retinens,
2847 4597 3038 4667 Tityus
3085 4601 3340 4662 pertusus
3378 4587 3612 4648 viscera,

2042 4675 2191 4768 liti-on
2223 4707 2368 4763 circa
2397 4709 2572 4757 rotam
2605 4693 2975 4751 indesinenter
3013 4685 3304 4741 volutatus.
3330 4675 3616 4745 Quomodo

2259 4808 2282 4854 t
2321 4802 2592 4851 amatores
2637 4786 2713 4842 dii
2743 4798 2858 4850 eos,
2907 4793 3045 4851 quos
3090 4774 3424 4847 polluerant,
3478 4766 3616 4820 inter

2050 4903 2197 4950 astra
2230 4888 2552 4952 retulerunt,
2582 4879 2686 4937 sibi
2715 4885 2897 4932 autem
2945 4871 3002 4926 id
3046 4864 3292 4924 muneris
3338 4876 3448 4915 non
3491 4863 3617 4913 sunt

2168 4983 2263 5022 iri?

2168 4988 2179 4996 '
2211 4988 2263 5022 ’⁸1

2048 4988 2302 5122 ιθέἓῧὶι.
2326 5059 2467 5118 .Non
2493 5074 2624 5132 ergo
2665 5064 2821 5114 erant
2860 5055 2957 5122 dii,
3008 5051 3102 5108 sed
3140 5056 3489 5118 tyrannorum
3525 5051 3617 5092 ve-

1642 5198 1882 5261 ἾΑΒΙᾸΕ
1904 5189 2293 5254 LECTIONES

457 5355 505 5392 ”
536 5351 672 5437 Τέτε
699 5338 1323 5437 εάῑιιιξείὶιξοιοῖ..,ἐ.ἒξέ
1347 5329 1923 5437 9η.ε·ς.ἷ“ἑ¹ιτεεὲιίςξ.ὲὲ
1953 5337 2070 5437 ξιιξτ
2106 5341 2270 5437 leti"
2317 5326 2604 5437 mis.
2634 5317 2982 5437 ,ἷῖηῗέξίστολέι

387 5428 432 5460 ³ι
699 5388 1159 5476 67’"3-"'\(‘1¥b.'bg
1187 5388 1552 5480 quz_des.:in
1580 5388 1924 5480 Q.VSubin_de
1953 5388 2173 5480 ἐτῇ-’τῆς
2194 5403 2234 5457 C
2267 5443 2282 5467 ,
2310 5388 2605 5480 ἐπιθῇξὶῐ]
2634 5408 2808 5462 marg.
2860 5460 2881 5480 1
2937 5388 2958 5419 ³

463 5455 820 5546 ίίζιόωνοΐοδ.
855 5455 1812 5546 ἀπαλλάσσονταίᾟῖπ’ἥδ-ἐμίγνυντο
1837 5472 1882 5528 Ο
2075 5455 2423 5544 ,νέμιῇοῖντο
2453 5455 2521 5523 (ἒξ
2581 5465 2628 5503 ³⁸
2649 5455 3043 5535 κατῆστήριζον
3078 5455 3142 5510 C.

387 5543 601 5636 cptioan
621 5543 702 5615 C._
760 5557 806 5590 ⁸⁸
831 5555 971 5626 δίψει
995 5552 1061 5608 O.
1095 5551 1138 5586 "
1162 5543 1546 5618 κατεστήριζον
1564 5543 1640 5599 C.

3021 5313 3087 5371 0.
3162 5311 3209 5344 ³ο
3236 5307 3406 5370 πάθος
3431 5319 3539 5360 om.
3564 5299 3610 5357 Ο

1696 5631 2060 5692 VARIORUM
2093 5627 2326 5687 NOTAE.

469 5747 588 5816 (95)

733 5781 748 5796 .
773 5740 977 5803 αὐτοῖς,
1007 5751 1087 5792 sc.
1126 5737 1237 5796 τοῖς
1258 5732 1568 5806 ἐρωμένοις.
1594 5729 1726 5793 Cur,
1754 5727 1955 5796 inquit,

393 5801 487 5875 dii‘
504 5801 828 5873 mulieribus
849 5825 881 5866 a
912 5801 970 5866 se
991 5801 1442 5873 adamatis,'qu’as
1467 5801 1606 5857 inter
1627 5809 1772 5855 astra
1810 5807 1958 5853 retu-

2060 5725 2268 5786 lerunt,
2297 5734 2409 5774 non
2440 5717 2496 5788 id
2523 5730 2744 5788 quoque
2769 5713 3119 5788 largitisunt,
3155 5718 3215 5765 ut
3236 5721 3425 5788 eorum.
3450 5713 3628 5776 poste-

2065 5775 2493 5864 ἰθείὲδὶγόνους)
2522 5775 2559 5845 a
2577 5775 2756 5859 prinis
2778 5775 3006 5841 ihférnis
3037 5775 3367 5838 liberarent?
3389 5775 3450 5833 3.
