4084 6148
372 227 480 286 {9'5

1525 221 1984 282 CLEMENTINA.
2017 251 2083 261 —-
2113 210 2412 276 HOMILIA
2458 217 2510 275 V.

3551 209 3649 268 IN

357 341 562 407 αὖτοὺς
597 343 902 415 προεθίζειν
931 344 1136 413 λόγοις”
1167 343 1250 396 ὅτι
1293 341 1517 414 δευτέρα
1567 341 1728 412 φύσις
1759 343 1791 411 ὴ
1830 355 1934 393 συν-

2058 350 2163 406 que
2202 331 2390 404 probis
2428 325 2906 401 prmassuefaciant
2947 326 3310 392 sermonibus,
3357 326 3482 396 quia
3513 342 3646 382 con-

357 436 551 507 ήθεια·
591 435 728 509 πρὸς
769 437 976 500 τούτοις
1004 437 1060 489 δὲ
1094 434 1313 498 πυκνῶς
1351 435 1547 498 αὐτοὺς
1577 432 1676 497 τὰς
1708 432 1934 487 κολάσαι

2058 425 2292 480 suetudo
2319 431 2400 477 est
2431 422 2600 476 altera
2630 428 2825 474 natura
2851 436 2864 472 :
2894 419 2961 473 ad
3009 419 3126 473 haec
3167 427 3350 474 autem
3381 415 3642 488 frequent-

361 527 528 598 152
564 529 996 600 ὑπομιμνήσκειν
1028 527 1129 591 τὰς
1161 528 1226 591 ὲκ
1259 529 1370 580 τῶν
1398 526 1598 598 νόμων,
1623 526 1731 591 ἵνα,
1766 525 1934 598 ῶσπει

2055 525 2137 571 ter
2171 516 2226 570 in
2268 529 2462 569 eorum
2508 511 2827 568 memoriam
2885 519 3142 566 revocent
3179 511 3360 579 legum
3405 526 3637 580 poenas:

355 617 568 689 χαλινῷ
599 619 679 689 τῷ
714 618 860 688 φόϐῳ
900 617 1192 690 χρώμενοι,
1220 621 1339 682 ταῖς
1362 619 1585 682 ἀτόποις
1621 617 1695 689 μὴ
1731 616 1952 689 συντρέ-

356 727 533 780 χωσιν
559 711 769 782 ἡδοναῖς
789 711 866 742 ’θ’
913 713 1180 783 προσήκει
1211 712 1268 765 δὲ
1301 710 1397 764 καὶ
1432 709 1538 781 πρὸ
1567 707 1664 762 τοῦ
1693 709 1792 781 τὴν
1829 709 1950 762 έπι-

356 798 563 871 θυμίαν
616 800 931 873 έπακμάσαι
979 802 1144 875 γάμῳ
1189 803 1250 857 τὸ
1303 803 1528 874 φυσικὸν
1586 801 1686 874 τῆς
1732 799 1951 873 ἡλικίας

353 892 466 964 πλη
478 896 723 965 ροφορεῖν
776 894 980 960 πάθος,
1031 896 1293 968 πρότερον
1336 894 1628 958 πείσαντας
1685 895 1767 958 είς
1809 889 1950 956 εἶδος

350 983 554 1056 ἑτέρας
585 984 842 1052 γυναικὸς
872 986 946 1058 μὴ
981 985 1267 1050 ἀτενίξειν.

421 1073 616 1129 XXVI.
642 1076 702 1129 Ὀ
738 1075 848 1148 γὰρ
875 1075 1002 1140 νοῦς
1032 1075 1211 1148 ἡμῶν,
1240 1075 1438 1131 ὁπόταν
1466 1076 1509 1108 ’ί
1535 1073 1604 1129 τὰ
1655 1073 1847 1148 πρῶτα
1875 1075 1941 1145 τῇ

344 1163 545 1236 τέρψει
595 1166 658 1220 τὸ
706 1163 844 1231 εἶδος
890 1169 990 1240 τῆς
1034 1167 1317 1240 ἐρωμένης
1353 1166 1723 1238 ἀπομάξηται,
1755 1165 1944 1236 ὥσπερ

342 1257 402 1308 ὲν
438 1257 740 1330 κατόπτρῳ
772 1259 971 1331 ἐνορῶν
1007 1260 1095 1313 ἀεὶ
1124 1260 1222 1332 τὴν
1268 1258 1498 1331 μορφὴν,
1528 1255 1615 1310 διά
1658 1257 1758 1328 τῆς
1805 1256 1941 1327 μνή-

345 1363 459 1418 μης
496 1347 876 1418 βασανίζεται*
915 1349 1010 1403 καὶ
1053 1351 1127 1422 μὴ
1161 1348 1444 1420 τυγχάνων
1488 1348 1586 1420 μὶν
1619 1348 1718 1420 τῆς
1749 1345 1939 1400 έπιθυ-

343 1435 504 1506 μίας,
539 1437 642 1509 τῆς
676 1438 959 1510 ἐπιτυχίας
993 1439 1192 1512 μελετᾷ
1221 1439 1321 1505 τὰς
1350 1438 1524 1504 ὁδοὺς,
1559 1435 1828 1508 ἐπιτυχὼν
1855 1436 1935 1500 δὲ,

343 1529 557 1600 μᾶλλον
596 1529 837 1598 αὔξεται,
871 1531 1060 1606 ὥσπερ
1089 1532 1154 1589 τὸ
1184 1533 1296 1606 πῦρ
1328 1533 1427 1605 τῆς
1471 1530 1603 1603 ὕλης
1650 1528 1935 1602 εὐποροῦν,

2052 624 2163 680 quo
2190 617 2334 663 metu
2361 617 2618 676 tanquam
2651 605 2809 662 freno
2849 604 2935 660 usi
2981 605 3236 661 absurdis
3264 622 3370 661 non
3403 620 3640 663 consen-

2053 703 2190 757 tiant
2219 702 2608 772 voluptatibus.
2640 699 2909 765 Convenit
2935 712 3066 769 ergo
3099 706 3180 764 ut,
3206 707 3498 770 antequam
3524 699 3634 756 fer-

2049 802 2173 849 veat
2210 794 2504 864 cupiditas,
2537 792 2772 848 naturali
2805 791 2983 846 aetatis
3031 789 3244 846 εισι-οιυί
3285 807 3381 862 per
3424 806 3634 847 connu-

2047 886 2198 942 bium
2225 887 2457 942 satisﬁat
2481 903 2495 954 ;
2533 885 3072 956 persuadeamusque
3099 885 3209 939 illis
3232 885 3408 954 prius,
3432 899 3500 941 ne
3524 883 3635 952 Ior-

2048 995 2193 1034 mam
2227 979 2454 1034 alterius
2482 978 2730 1034 mulieris
2755 977 3218 1048 contemplentur.

2116 1071 2306 1127 XXVI.
2346 1071 2558 1127 Etenim
2611 1086 2770 1127 mens
2815 1078 3028 1138 nostra,
3069 1086 3192 1127 cum
3245 1070 3484 1142 primum
3529 1068 3634 1126 sibi

2045 1163 2388 1234 impresserit
2449 1179 2575 1219 cum
2631 1164 2909 1234 voluptate
2978 1164 3245 1218 adamatte
3313 1161 3630 1234 imaginem,

2045 1256 2203 1326 quasi
2233 1257 2289 1310 in
2334 1256 2558 1328 speculo
2597 1271 2812 1326 semper
2842 1256 3072 1310 formam
3117 1256 3356 1322 intuens,
3389 1270 3486 1325 per
3519 1269 3636 1309 me-

2041 1347 2278 1404 moriam
2307 1356 2616 1419 torquetur,
2645 1356 2700 1403 et
2743 1349 2789 1404 si
2818 1349 3040 1418 quidem
3074 1356 3204 1403 voto
3253 1363 3362 1401 non
3405 1344 3630 1410 fruitur,

2040 1439 2285 1510 potiendi
2316 1449 2463 1496 artes
2494 1441 2817 1508 meditatur;
2859 1441 2943 1496 sin
2973 1449 3154 1496 autem
3188 1439 3408 1503 fruitur,
3436 1439 3634 1495 crescit

2041 1534 2334 1606 cupiditas,
2364 1535 2506 1591 sicut
2533 1534 2674 1606 ignis
2705 1533 2932 1589 materia
2959 1532 3270 1598 abundans,
3303 1531 3633 1601 praesertim-

339 1619 438 1673 καὶ
489 1621 707 1692 μάλισθ’
751 1621 829 1676 ὅτ’
873 1620 939 1677 ἂν
970 1626 1038 1695 τῇ
1078 1621 1223 1695 ψυχῇ
1272 1619 1364 1676 τοῦ
1409 1620 1643 1692 ἐρῶντος
1690 1617 1798 1689 πρὸ
1838 1615 1934 1670 τοῦ

2043 1644 2152 1699 que
2176 1628 2395 1699 quando
2424 1627 2479 1688 in
2512 1627 2775 1682 amatoris
2802 1627 2986 1681 animo
3026 1624 3190 1680 timor
3224 1635 3350 1679 ante
3375 1622 3629 1678 affectum

339 1711 559 1776 πάθους
613 1693 1220 1787 προσεντετυπωμένοςη
1257 1714 1330 1788 μὴ
1385 1711 1710 1786 προϋπάρξῃ
1755 1709 1934 1780 φόϐος·

2043 1721 2348 1792 impressus
2372 1736 2481 1777 non
2509 1719 2848 1788 praeexstittt.
2875 1717 3012 1772 Nam
3060 1718 3204 1774 sicut
3247 1731 3393 1787 aqua
3422 1716 3631 1772 exstin-

351 1800 446 1869 Ὡς
479 1804 593 1878 γὰρ
625 1802 770 1878 ὕδωρ
803 1805 914 1879 πῦρ
945 1807 1386 1867 κατασϐέννυσιν,
1431 1802 1603 1867 οὕτως
1642 1803 1738 1857 καὶ
1779 1799 1942 1871 φόϐος

337 1896 447 1968 τῆς
482 1897 680 1972 ἀλόγομ
707 1898 998 1970 ἐπιθυμίας
1028 1899 1144 1952 ἐστὶ
1171 1897 1510 1970 σϐεστήριος.
1546 1894 1705 1949 Ὅθεν
1747 1891 1855 1961 ἐγὼ
1877 1889 1942 1944 ἔκ

336 2007 494 2054 τινος
541 1992 792 2046 Ἰουδαίου
850 1992 918 2046 τὰ
957 1991 1076 2062 Θεῷ
1129 1990 1407 2064 πρέποντα
1452 1989 1549 2043 καὶ
1592 1988 1639 2020 ⁸²
1675 1989 1813 2041 νοεῖν
1845 1983 1940 2038 καὶ

339 2086 525 2138 ποιεῖν
558 2085 892 2157 ἐκμαθοῦσα,
927 2085 1195 2149 εὐάλωτος
1226 2084 1363 2156 πρὸς
1401 2083 1641 2154 μοιχείαν
1675 2079 1780 2134 ὑπὸ
1810 2077 1942 2149 ψευ-

337 2175 449 2230 δῶν
489 2177 670 2248 μύθων
720 2179 782 2232 οὐ
822 2177 1067 2250 γίνομαι.
1099 2176 1314 2230 Θέλοντι
1348 2173 1396 2208 ⁸³
1429 2173 1486 2228 δέ
1515 2189 1596 2226 σοι
1629 2172 1724 2225 καὶ
1769 2186 1936 2224 σπου-

336 2269 560 2334 δάζοντι
629 2273 926 2343 σωφρονεῖν
947 2307 963 2336 ,
1026 2267 1434 2347 φλεγμαινούσῃ
1488 2265 1536 2298 ⁸⁸
1591 2264 1736 2335 ψυχῇ
1802 2260 1938 2334 πρὸς

337 2359 546 2432 ἔρωτα,
579 2359 794 2431 βοηθοίη
823 2361 956 2423 Θεὸς
985 2360 1082 2414 καὶ
1108 2359 1206 2429 τὴν
1233 2357 1375 2410 ἴασιν
1405 2347 1732 2426 παρασχοίη.

412 2459 632 2514 XXVII.
674 2459 1014 2522 Ἐπακούσας
1049 2457 1106 2512 δὲ
1151 2461 1179 2511 ὁ
1223 2455 1466 2511 Ἀππίων
1497 2455 1596 2526 τῆς
1640 2451 1935 2524 ὑποκρίτου

335 2552 704 2622 ἀντιγραφῆς,
731 2551 862 2621 ἔφη’
921 2552 1012 2621 Μή
1061 2549 1116 2603 τί
1163 2549 1371 2618 ἀλόγως
1419 2545 1702 2608 Ἰουδαίους
1755 2542 1932 2615 μισῶ;

333 2642 435 2696 νῦν
469 2642 604 2712 γοῦν
623 2642 824 2715 ταύτην
845 2643 890 2674 ⁸⁸
917 2643 1001 2706 τίς
1035 2659 1163 2695 ποτε
1187 2638 1460 2711 συντυχὼν
1485 2637 1750 2700 Ἰουδαῖος,
1775 2632 1932 2704 153

335 2737 434 2789 καὶ
469 2735 558 2798 εἰς
592 2735 692 2806 τὴν
737 2734 1032 2806 θρησκείαν
1067 2731 1392 2804 μεταγαγὼν
1433 2729 1686 2784 ἀνέπεισε
1716 2742 1930 2797 σωφρο-

333 2828 468 2889 νεῖν,
508 2825 603 2878 καὶ
632 2823 888 2880 ἀδύνατόν
920 2826 1036 2877 ἐστι
1065 2823 1160 2877 τοῦ
1188 2821 1376 2876 λοιποῦ
1421 2821 1590 2892 αὐτὴν
1617 2819 1663 2852 ⁵⁸
1693 2821 1773 2882 είς
1819 2833 1932 2871 κοι-

335 2921 541 2975 νωνίαν
571 2920 759 2993 ἐτέρου
802 2919 947 2984 τινὸς
992 2916 1290 2983 συνελθεῖν,
1338 2918 1420 2971 ὅτι
1467 2917 1516 2969 οἱ
1561 2913 1791 2968 τοιοῦτοι
1836 2910 1928 2966 τὸν

335 3014 470 3068 Θεδν
503 3013 580 3077 ῶς
607 3012 990 3083 παντεπὸπτην
1017 3011 1126 3065 τῶν
1159 3010 1409 3081 πράξεων
1441 3009 1764 3080 προθέμενοι
1804 3003 1930 3074 σφό-
1953 3034 1998 3094 c

335 3105 437 3177 δρα
479 3105 778 3176 σωφρονεῖν
824 3101 1268 3176 ὲγκαρτεροῦσιν,
1304 3102 1381 3165 ὡς
1426 3098 1607 3154 λαθεῖν
1655 3099 1728 3170 μὴ
1769 3095 1928 3151 δυνά-

341 3213 510 3266 μενοι.

364 3281 366 3283 ’
409 3284 652 3341 XXVIII.
695 3285 881 3340 Ταῦτα
911 3287 1169 3350 ἀκούσας,
1204 3284 1337 3356 ἔφην
1365 3283 1442 3355 τῷ
1485 3282 1779 3336 Ἀππίωνιο
1813 3281 1927 3334 Νῦν

340 3395 422 3431 σοι
454 3377 528 3432 τά
561 3377 733 3450 ἀληθῆ
783 3377 1120 3450 ὁμολογήσω.
1169 3375 1309 3446 Ἐγὼ
1353 3375 1610 3444 γυναικὸς
1650 3373 1751 3427 οὐκ
1791 3371 1929 3445 ἠρά-

342 3469 472 3541 σθην
509 3471 631 3524 οὐδὲ
661 3470 818 3524 ἄλλου
847 3468 1010 3534 τινὸς,
1043 3471 1182 3524 πάνυ
1217 3486 1316 3540 μου
1355 3466 1456 3537 τῆς
1483 3465 1661 3536 ψυχῆς
1705 3465 1929 3518 δεδαπα-

338 3563 582 3634 νημένης
626 3562 763 3634 πρὸς
811 3561 975 3624 ἄλλας
1015 3560 1313 3633 ἐπιθυμίας
1350 3563 1445 3616 καὶ
1476 3560 1614 3633 πρὸς
1645 3559 1859 3633 ἀληθῶν
1879 3557 1924 3591 ⁸⁷

339 3653 627 3724 δογμάτων
651 3655 884 3727 εὕρεσιν.
900 3653 1010 3708 Kal.
1040 3654 1200 3726 μέχρι
1220 3653 1315 3708 τοῦ
1331 3652 1452 3718 νῦν,
1477 3652 1680 3717 πολλὰς
1701 3649 1926 3723 γνώμας

343 3747 652 3816 φιλοσόφων
680 3747 1076 3819 διασκοπὴσας,
1100 3747 1238 3820 πρὸς
1267 3747 1455 3802 ούδένα
1487 3747 1666 3800 αὐτῶν
1699 3746 1923 3810 ἔνευσα,

341 3837 372 3910 ἢ
423 3838 565 3911 πρὸς
608 3837 669 3892 τὸ
711 3840 977 3894 Ἰουδαίων
1030 3840 1210 3910 μόνον,
1261 3839 1506 3911 ἐμπόρου
1558 3838 1701 3902 τινὸς
1747 3838 1926 3892 αὐτῶν

339 3930 532 3996 ὀθόνας
567 3933 970 4004 πιπράποντος
1001 3932 1236 3987 ἐνταῦθα
1270 3935 1334 4005 τῇ
1380 3931 1566 4006 Ῥώμῃ
1597 3931 1926 4004 ἐπιδεδημη-

339 4021 532 4088 κότος,
581 4025 674 4078 καὶ
707 4024 769 4078 ἐκ
811 4041 956 4089 τινος
1002 4026 1293 4096 συντυχίας
1323 4025 1533 4095 ἀγαθῆς
1563 4023 1924 4095 ἀπλούστερόν

344 4132 434 4185 μοι
464 4115 528 4169 τὸ
565 4118 889 4189 μοναρχικὸν
923 4118 1173 4188 φρόνημα
1208 4118 1610 4189 παραθεμένου.

407 4205 604 4264 XXIX.
655 4208 916 4273 Ἀκούσας
945 4210 1002 4263 δέ
1038 4227 1137 4281 μου
1184 4211 1282 4282 τῆς
1313 4209 1568 4281 ἀληθείας
1594 4212 1622 4263 ὁ
1656 4209 1920 4274 Ἀππίων,

337 4300 367 4352 ὁ
397 4300 605 4370 ἀλόγως
639 4301 811 4373 μισῶν
847 4303 908 4357 τὸ
954 4301 1239 4368 Ἰουδαίων,
1274 4305 1368 4356 καὶ
1398 4302 1453 4355 τί
1485 4304 1614 4373 ποτέ
1647 4303 1793 4355 ἐστιν
1822 4303 1921 4356 αύ-

338 4392 445 4446 τῶν
475 4365 536 4446 τδ
568 4365 758 4448 πιστὸν
777 4393 899 4448 οὗτε
924 4395 1078 4460 εἰδὼς
1110 4365 1233 4448 οὔτε
1258 4395 1455 4449 εἰδέναι
1479 4365 1664 4458 θέλων,
1683 4395 1920 4467 ἀκρίτως
1952 4375 1997 4432 D

339 4486 614 4556 ὀργισθεὶς
641 4490 707 4559 τῇ
741 4491 918 4560 σιωπῇ
943 4488 1001 4555 ἐξ
1033 4488 1204 4559 αὐτῆς
1230 4489 1330 4561 ἤδη
1364 4487 1464 4560 τῆς
1503 4487 1719 4560 Ῥώμης
1747 4488 1920 4561 ἀπηλ-

341 4576 567 4632 λάσσετο
586 4597 598 4610 ·
618 4581 710 4634 καὶ
737 4580 922 4634 ἔκτοτε
941 4581 1035 4635 νῦν
1063 4581 1278 4652 πρῶτον
1307 4580 1455 4652 αὐτῷ
1487 4580 1917 4652 συντετυχηκὰκς,

337 4669 428 4721 τὸν
457 4671 514 4737 ἐξ
555 4673 763 4726 ἐκείνου
800 4673 896 4727 τοῦ
921 4673 1113 4744 χρόνου
1153 4671 1320 4744 θυμὸν
1352 4672 1642 4726 ὑποπτεύω
1673 4673 1914 4738 εἰκότως.

340 4760 486 4832 Πλὴν
516 4765 597 4832 ἐφ’
633 4763 784 4836 ὑμῶν
815 4765 979 4820 αὑτοῦ
1011 4765 1302 4837 πεύσομαι,
1335 4765 1387 4818 τί
1433 4765 1499 4819 ἂν
1531 4765 1642 4836 έχοι
1674 4765 1851 4835 λέγειν
1871 4768 1918 4798 ⁵⁸

340 4855 470 4925 περὶ
501 4856 608 4910 τῶν
648 4857 954 4930 λεγομένων
983 4858 1140 4922 θεῶν,
1175 4853 1248 4913 ῶν
1315 4860 1364 4910 οἱ
1414 4858 1920 4928 βίοι,παντοπαθείς

339 4940 477 5000 εἶναι
526 4949 1006 5023 μυθολογούμενοι,
1042 4952 1179 5025 πρὸς
1209 4951 1308 5024 τὴν
1339 4951 1432 5005 τοῦ
1467 4952 1650 5024 ὁμοίου
1687 4956 1917 5028 μίμησιν

340 5039 589 5113 ἐπιτηδὲς
605 5042 817 5113 ᾷρονται
827 5045 1081 5117 δημοσίᾳ,
1096 5038 1169 5099 ὧν
1183 5043 1318 5116 πρὸς
1329 5047 1441 5108 τοῖς
1451 5044 1808 5117 ἀνθρωπίνοις
1823 5049 1921 5102 πά-

343 5130 510 5197 θεσιν,
529 5135 604 5198 ὼς
624 5134 778 5207 ἔφην,
813 5141 905 5191 καὶ
936 5139 986 5190 oi
1021 5136 1164 5192 κατὰ
1194 5136 1358 5191 τόπον
1403 5136 1701 5193 δείκνυνται
1731 5141 1909 5210 τάφοι.

2040 1814 2158 1884 guit
2178 1813 2382 1886 ignem,
2412 1813 2487 1870 ita
2515 1815 2681 1871 etiam
2712 1814 2878 1868 timor
2906 1813 3017 1868 vim
3057 1811 3222 1866 habet
3247 1808 3628 1882 exstinguendi

2040 1916 2261 1970 pravam
2292 1901 2664 1971 cupiditatem.
2695 1901 2963 1968 Quocirca
2990 1916 3114 1972 ego,
3155 1908 3216 1954 ut
3259 1915 3382 1969 quae
3419 1915 3450 1954 a
3489 1915 3627 1970 quo-

2039 1991 2163 2046 dam
2207 1990 2396 2047 Judaeo
2443 1993 2727 2049 didicerim
2780 2001 2835 2049 et
2881 1994 3125 2064 cogitare
3184 2001 3238 2047 et
3282 1991 3460 2048 facere
3505 2007 3628 2062 qua:

2041 2083 2210 2139 Deum
2238 2085 2453 2151 decent,
2486 2101 2582 2155 per
2611 2087 2778 2141 falsas
2805 2084 3020 2141 fabulas
3049 2085 3101 2139 in
3139 2093 3389 2154 stuprum
3428 2084 3624 2140 adduci

2038 2192 2146 2232 non
2184 2193 2428 2247 possum.
2461 2177 2583 2233 Tibi
2616 2194 2765 2243 vero,
2797 2179 3038 2249 cupienti
3079 2193 3142 2234 ac
3192 2177 3428 2233 studenti
3475 2189 3624 2233 caste

2037 2270 2238 2336 vivere,
2271 2271 2575 2342 animaeque
2621 2271 2686 2326 ad
2717 2285 2956 2326 amorem
2985 2269 3257 2338 flagranti,
3289 2267 3431 2324 Deus
3469 2268 3624 2322 auxi-

2037 2361 2168 2416 lium
2202 2363 2460 2432 praebeat,
2493 2372 2657 2432 atque
2689 2362 2892 2416 tribuat
2914 2361 3266 2415 medicinam.

2109 2453 2320 2508 XXVII.
2365 2455 2566 2510 Audito
2615 2463 2795 2509 autem
2840 2455 3039 2509 tictitio
3102 2453 3386 2522 rescripto,
3412 2452 3620 2521 Appion

2034 2546 2172 2601 dixit
2202 2564 2215 2602 :
2247 2548 2330 2602 An
2354 2548 2471 2603 sine
2500 2548 2708 2602 ratione
2734 2546 2950 2603 Judaeos
2982 2544 3103 2601 odi?
3143 2544 3300 2602 Nunc
3322 2560 3451 2615 ergo
3480 2545 3623 2600 hanc

2035 2638 2234 2708 aliquis
2284 2637 2505 2695 Iudaeus
2545 2648 2760 2706 nactus,
2792 2639 3187 2708 adductamquc
3224 2637 3288 2692 ad
3324 2652 3484 2691 suum
3505 2637 3621 2690 cul-

2037 2738 2177 2798 tum,
2218 2731 2270 2785 in
2301 2731 2554 2787 castitate
2581 2731 2777 2802 degere
2817 2730 3106 2800 persuasit,
3140 2738 3194 2783 et
3238 2729 3492 2798 deinceps
3517 2729 3622 2783 im-

2029 2822 2292 2890 possibile
2335 2832 2422 2877 est
2468 2831 2529 2877 ut
2567 2837 2631 2877 ca
2662 2822 2716 2875 in
2756 2821 3042 2891 cujusdam
3079 2821 3395 2891 complexus
3416 2821 3617 2887 veniat,

2031 2914 2157 2984 quia
2192 2915 2303 2977 isti,
2345 2913 2514 2968 Deum
2561 2922 2819 2983 tanquam
2859 2913 3108 2967 omnium
3158 2926 3384 2983 operum
3435 2912 3620 2981 inspe—

2031 3012 2235 3060 ctorem
2263 3006 2364 3060 sibi
2398 3015 2788 3076 proponentes,
2827 3005 3146 3074 pudicitiam
3194 3003 3484 3059 admodum
3527 3018 3616 3058 re-

2031 3097 2227 3162 tinent,
2259 3099 2406 3152 vclut
2429 3098 2522 3167 qni
2555 3113 2662 3152 non
2697 3096 2908 3166 possint
2930 3097 3123 3150 latere.

2099 3268 2335 3324 XXVIII.
2367 3267 2498 3335 Quae
2521 3285 2644 3324 cum
2675 3269 3028 3336 audivissem,
3056 3269 3166 3325 dixi
3197 3270 3430 3340 Appioni
3456 3291 3469 3326 :
3493 3270 3612 3326 Jam

2029 3362 2127 3418 tibi
2162 3376 2350 3416 verum
2379 3360 2608 3416 fatebor.
2645 3362 2756 3432 Ego
2777 3362 3060 3416 mulierem
3090 3377 3200 3416 non
3231 3363 3408 3416 amavi
3438 3379 3614 3433 neque

2029 3457 2157 3528 quid
2207 3455 2559 3524 huiusmodi;
2606 3457 2823 3510 animus
2855 3457 3057 3525 quippe
3088 3469 3242 3508 meus
3275 3455 3329 3508 in
3359 3455 3464 3509 alia
3495 3469 3614 3511 om-

2029 3550 2161 3603 nino
2187 3547 2535 3603 consumitur
2563 3546 2864 3610 desideria,
2902 3545 3142 3608 scilicet,
3189 3545 3246 3600 in
3277 3546 3611 3615 reperiendis

2029 3642 2172 3696 veris
2201 3640 2567 3710 dogmatibus.
2620 3639 2688 3695 Et
2737 3639 2846 3694 huc
2895 3653 3072 3708 usque
3114 3638 3301 3692 animo
3333 3639 3400 3693 ad
3430 3640 3612 3696 varias

2027 3735 2476 3806 philosophorum
2501 3733 2786 3802 Opiniones
2806 3731 3038 3801 adjecto,
3065 3730 3132 3785 ad
3157 3730 3366 3785 nullum
3391 3731 3607 3787 illorum

2025 3827 2304 3893 inclinavi,
2337 3827 2443 3881 nisi
2466 3825 2532 3881 ad
2556 3825 2870 3880 Iudaeorum
2891 3825 3233 3895 religionem,
3259 3837 3384 3879 cum
3407 3839 3473 3879 ex
3501 3825 3605 3882 illis

2029 3929 2300 3976 mercator
2337 3919 2538 3990 aliquis
2571 3919 2862 3973 linteorum
2895 3918 2986 3972 hic
3020 3917 3250 3971 Romam
3276 3917 3606 3985 advenisset,

2025 4021 2079 4067 et
2112 4013 2256 4066 bono
2297 4013 2537 4082 quodam
2580 4025 2711 4066 casu
2759 4009 2895 4064 mihi
2928 4009 3248 4078 simpliciter
3278 4012 3604 4066 sententiam

2025 4106 2090 4161 de
2117 4119 2228 4160 uno
2257 4105 2348 4160 Dei
2378 4104 2686 4175 principatu
2716 4103 3174 4160 commendasset.

2092 4217 2286 4272 XXIX.
2322 4218 2532 4288 Appion
2566 4232 2727 4282 vero,
2775 4232 2804 4272 a
2842 4232 2929 4272 me
2962 4227 3182 4286 accepta
3212 4219 3471 4288 veritate,
3507 4224 3600 4293 qui

2024 4312 2197 4383 legem
2237 4309 2550 4366 Judaaorum
2577 4311 2763 4380 inique
2791 4310 2998 4377 oderat,
3033 4325 3133 4366 nec
3165 4327 3286 4382 qua:
3307 4324 3453 4369 esset
3482 4315 3598 4370 illo-

2021 4419 2142 4458 rum
2179 4401 2314 4458 ﬁdes
2345 4402 2552 4458 sciebat
2587 4411 2681 4456 aut
2713 4401 2932 4457 volebat
2963 4403 3126 4466 seire,
3160 4403 3368 4475 absque
3392 4405 3600 4475 judicio

2022 4496 2195 4551 iratus
2227 4496 2366 4550 clam
2398 4495 2582 4551 statim
2612 4493 2785 4550 Roma
2823 4495 3110 4559 discessit,
3162 4505 3217 4551 et
3257 4512 3323 4551 ex
3355 4511 3422 4552 eo
3454 4512 3600 4554 nunc

2023 4590 2257 4659 primum
2293 4588 2444 4642 illum
2490 4597 2687 4644 nactus
2708 4629 2722 4656 ,
2755 4587 2894 4643 iram
2929 4588 3194 4658 temporis
3224 4589 3372 4644 illius
3404 4589 3600 4646 merito

2021 4697 2229 4736 vereor.
2265 4681 2517 4754 Attamen
2550 4695 2734 4735 coram
2765 4682 2923 4736 vobis
2954 4681 3326 4751 interrogabo,
3357 4682 3486 4752 quid
3516 4684 3598 4738 di-

2021 4789 2144 4829 cere
2175 4773 2371 4827 habeat
2397 4773 2463 4828 de
2489 4773 2805 4844 vulgaribus
2829 4774 2964 4841 diis,
3001 4789 3236 4843 quorum
3268 4774 3426 4837 vitae,
3459 4790 3597 4845 quas

2021 4866 2274 4921 omnibus
2303 4865 2452 4922 vitiis
2480 4866 2754 4936 subjectus
2782 4864 3029 4921 referunt
3064 4864 3281 4933 fabula,
3313 4867 3492 4937 palam
3530 4870 3596 4924 de

2021 4956 2288 5013 industria
2341 4959 2409 5013 ad
2461 4957 2822 5013 imitationem
2871 4967 3186 5022 canuntur,
3249 4973 3594 5030 quorumque

2019 5059 2214 5119 praeter
2253 5051 2525 5106 humanos
2567 5049 2826 5118 allectus,
2861 5057 2920 5104 ut
2949 5048 3097 5118 dixi,
3129 5049 3293 5105 etiam
3339 5051 3590 5122 sepulcra

2019 5158 2115 5213 per
2145 5143 2262 5199 loca
2296 5143 2672 5199 ostenduntur.

1624 5293 1862 5348 VAIlllE'
1901 5293 2302 5350 LECTIONES.

409 5402 454 5442 "
481 5403 678 5474 ἡδονῆς
708 5402 772 5460 0.
850 5408 890 5448 ⁸¹
925 5407 1070 5461 ὁπότ’
1103 5409 1168 5462 ἀν
1205 5408 1266 5464 C.
1353 5410 1398 5442 ⁸²
1427 5411 1518 5464 καί
1545 5409 1746 5465 inserui
1777 5426 1826 5465 c.
1860 5408 1921 5466 Ο.

343 5471 421 5556 sic
449 5471 661 5556 videtur
703 5477 1114 5556 constituendus
1141 5501 1153 5534 :
1193 5479 1398 5534 θέλοντι
1427 5479 1488 5556 δέ.
1519 5497 1599 5534 σοι
1628 5481 1720 5533 καὶ
1745 5479 2095 5556 σπουδάζοντι
2123 5487 2417 5556 σωφρονεῖν
2452 5471 2668 5556 βοηθοίη

340 5609 532 5685 I913;-

2031 5411 2075 5444 ⁵³
2100 5410 2387 5488 Turbatus
2424 5423 2526 5488 est,
2562 5423 2638 5488 ut
2673 5416 2890 5488 opinor,
2952 5415 3089 5488 ordo
3137 5416 3463 5488 verborum,
3493 5419 3586 5488 qui

2698 5431 2890 5538 3mm,
2955 5431 3089 5472 ordo
3137 5431 3446 5504 verborum,
3493 5431 3586 5488 qut

2715 5556 2729 5575 l
2743 5486 2847 5575 εὸς,
2862 5486 2974 5575 καὶ
3003 5487 3409 5575 φλεγμαίνουσι-ι
3440 5487 3586 5575 ιξυχῇ

3417 5630 3462 5666 ³⁸
3485 5632 3580 5684 α)-

340 5541 620 5626 τὴνσῐασιν
647 5547 939 5618 παράσχοι.
979 5547 1040 5600 D.
1076 5547 1114 5602 S
1159 5559 1364 5606 textum
1401 5554 1675 5622 vulgatum
1713 5566 1870 5620 posse
1916 5541 2132 5606 retineri
2165 5541 2770 5618 ειξίἐῑίιηίιιξᾱιίιιιιιιόἀο
2809 5541 3089 5613 ’έετίιιιιιύιν
3117 5541 3286 5628 ’ἷρλεγ
3371 5541 3584 5630 ἶνούσῆξ

340 5609 565 5702 tiara-(riga
609 5613 755 5702 'zlta
770 5618 827 5702 ρ
888 5634 936 5702 c:
974 5617 1018 5671 D
1049 5659 1077 5701 ι
1098 5618 1626 5702 φλαιγμαινούσῃηρε
1652 5621 2103 5702 ξΓυιηἈςπαράσχοι
2138 5621 2201 5676 0.
2279 5626 2323 5659 ⁸⁸
2355 5622 2397 5675 ι)
2453 5626 2552 5697 legi
2589 5626 2705 5681 vult
2732 5628 2903 5700 ταύτῃ
2928 5629 3048 5702 _(sc__.
3081 5576 3366 5702 vovetth
3417 5630 3462 5666 "
3485 5632 3580 5684 a3-

341 5681 445 5753 τήν
472 5681 596 5740 ⁷οῐη.
629 5685 694 5742 Ο.
769 5695 815 5730 ⁸⁷
843 5689 978 5762 πρὸς
1008 5681 1121 5742 τῶν
1163 5681 1264 5762 ἀλή

609 5615 657 5655 ⁸⁸
681 5613 755 5671 Ita
783 5613 866 5671 0"
888 5634 936 5673 c.
974 5617 1018 5671 D
1049 5613 1531 5742 ζφλαιγμαινούσῇ
1563 5623 1626 5676 (1.
1657 5613 1795 5677 Tum
1835 5623 2103 5693 παράσχοι
2138 5621 2201 5676 0.
2279 5626 2323 5659 ⁸⁸
2355 5622 2397 5675 1)
2446 5613 2552 5697 legi
2589 5626 2705 5681 vult
2732 5628 2903 5700 ταύτῃ
2946 5629 3048 5699 (sc.
3081 5613 3339 5702 γυναικί).

629 5685 694 5742 Ο.
769 5695 815 5730 ⁸⁷
843 5689 978 5742 πῦὸς
1008 5705 1117 5742 των
1163 5689 1263 5742 ἀλτι
1300 5711 1374 5742 ων
1402 5691 1462 5742 C.
1541 5700 1585 5732 ³⁸
1606 5693 1752 5742 λέγει
1783 5693 1843 5742 Cl
1877 5737 1890 5742 -
1923 5709 2028 5742 non
2059 5693 2098 5742 C
2131 5734 2146 5742 .
2179 5703 2238 5742 ut
2267 5709 2455 5742 narum
2491 5711 2743 5742 accurate
2771 5699 2961 5742 accprir
3013 5698 3053 5742 ς.

1300 5692 1374 5745 ὦν
1402 5691 1462 5747 C.
1506 5679 1585 5732 "'0
1606 5693 1752 5762 λέγει
1783 5693 1843 5748 Cl
1877 5737 1890 5752 .
1918 5679 2098 5749 'non‘C
2131 5734 2146 5756 ,
2179 5703 2238 5748 ut
2267 5709 2455 5763 parum
2491 5679 2743 5752 a’ccurate
2771 5679 3070 5757 έέέὲὶιίῖἐ.
