4084 6148
474 245 590 310 193

1427 240 1483 298 S.
1527 235 1914 299 CLEMENTIS
1951 236 1973 290 ι
2011 235 2178 292 ROM.
2220 231 2425 290 PONT.
2469 232 2700 290 OPERA
2729 231 2955 290 DUBIA.

3635 234 3745 292 £96

535 366 710 429 XXX.
748 365 857 422 ista
903 377 1029 419 cum
1077 375 1108 417 a
1158 375 1246 416 me
1293 358 1385 414 alii
1429 367 1556 414 ante
1605 355 1962 420 audivissent,
1993 363 2034 407 et

2221 349 2389 404 XXX.
2431 349 2617 403 Ταῦτα
2650 350 2700 403 οἱ
2740 349 2919 420 ἕτεροι
2970 345 3411 420 προακούσαντες
3456 347 3594 420 ἐμοῦ
3646 361 3746 409 και

469 457 860 532 consequentia
881 454 1258 512 desiderarent
1282 453 1512 516 discere,
1537 454 1911 506 convenerunt
1931 459 2039 511 me,

471 567 533 615 ut
560 555 856 626 Appionem
886 547 1138 603 invisuri.
1165 545 1231 600 Et
1254 559 1383 600 vero
1406 558 1530 598 eum
1553 543 1664 613 jam
1689 541 1858 594 lotum
1891 538 2044 592 inve-

471 651 672 713 nimus,
707 658 892 699 mensa
919 649 1129 712 parata.
1163 637 1342 704 Quare
1383 649 1559 706 pauca
1604 629 2042 688 examinavimus

467 741 612 798 circa
642 735 948 794 doctrinam
982 733 1048 788 de
1075 729 1203 786 diis.
1238 727 1331 783 Ille
1360 743 1491 782 vero
1519 733 1793 788 nostram,
1825 722 2041 792 opinor,

468 831 778 901 intelligens
808 827 1141 881 voluntatem
1167 864 1182 890 ,
1226 819 1469 876 crastina
1501 817 1590 872 die
1634 813 1937 885 seaaliquid
1974 812 2044 868 de

465 924 574 979 diis
601 923 874 978 dicturum
905 914 1177 988 promisit,
1208 911 1574 982 eumdemque
1600 907 1760 963 nobis
1785 905 2043 962 indicavit

464 1017 648 1072 locum
676 1054 692 1080 ,
737 1013 794 1067 in
843 1024 954 1082 quo
996 1015 1144 1064 esset
1187 1007 1496 1062 locuturus.
1537 1000 1651 1057 Nos
1698 1008 1880 1056 autem
1914 1012 2042 1054 cum

464 1104 855 1178 promissione,
900 1100 1102 1174 gratiis
1130 1099 1208 1154 illi
1254 1098 1392 1155 actis
1414 1139 1430 1166 ,
1465 1096 1667 1168 singuli
1695 1095 1918 1152 domum
1951 1110 2042 1150 re-

465 1197 606 1255 versi
634 1213 846 1254 sumus.

1049 1403 1335 1460 HOMILIA
1375 1399 1468 1457 Vl.

534 1505 577 1560 l.
617 1501 803 1558 Tertio
849 1508 1031 1555 autem
1078 1497 1166 1552 die
1213 1495 1278 1551 ad
1325 1495 1649 1567 praeﬁnitum
1684 1493 1814 1566 Tyri
1846 1507 2036 1564 agrum

465 1613 588 1654 sum
615 1591 1063 1651 familiarissimis
1102 1604 1204 1660 ego
1253 1588 1478 1644 veniens
1520 1588 1824 1658 Appionem
1903 1602 2041 1640 nan-

2147 441 2337 512 μαθεῖν
2359 439 2428 494 τά
2449 437 2575 512 ἑξῆς
2597 440 2906 505 ποθοῦντες,
2928 439 3088 511 154
3108 438 3366 510 συνῆλθόν
3391 458 3503 512 μοι,
3521 441 3594 507 ὡς
3620 445 3732 499 ἐπι-

2145 533 2466 604 σκεψόμενοι
2501 532 2802 587 ’Δππίωνα.
2844 532 2954 586 Καὶ
2985 532 3052 604 δὴ
3086 530 3405 603 λελουμένον
3440 535 3600 588 αὑτὸν
3639 538 3741 612 ἤδη

2143 624 2627 695 κατελαμϐάνομεν
2659 625 2742 694 ἐφ’
2766 623 2966 695 ἑτοίμῳ
2991 622 3258 698 τραπέζῃ.
3293 626 3492 700 Διόπερ
3511 629 3556 661 ⁸⁸
3583 631 3740 700 ὀλίγα

2141 714 2698 788 ήκριὸολογησάμεθα
2731 717 2811 779 εἰς
2856 715 2947 769 τὸν
2981 731 3111 787 περι
3144 714 3282 769 θεῶν
3332 717 3507 787 λόγον.
3553 720 3610 776 '0
3655 725 3738 789 δὲ,

2143 801 2314 878 οἶμαι,
2355 808 2536 870 συνεὶς
2563 806 2718 879 ήμῶν
2753 808 2852 879 τὴν
2881 807 3316 880 προαίρεσιν,είς
3344 810 3444 882 τὴν
3475 813 3739 872 ἐπιοῦσαν

2142 899 2283 970 ἔχειν
2305 899 2350 931 ⁶⁰
2380 917 2433 953 τι
2462 901 2640 954 εἰπεῖν
2672 899 2941 971 ὑπέσχετο
2971 902 3102 973 περὶ
3139 901 3296 968 θεῶν,
3328 904 3424 957 καὶ
3452 904 3544 959 τὸν
3574 909 3736 964 αὑτὸν

2142 991 2516 1064 προεδήλωσεν
2548 992 2680 1062 ἡμῖν
2711 991 2910 1056 τόπον,
2944 992 3020 1056 ὡς
3052 993 3170 1047 ἐκεῖ
3200 994 3596 1067 διαλεξόμενος.
3643 999 3736 1054 Ἡ..

2146 1085 2264 1154 μεῖς
2281 1067 2343 1136 δὲ
2367 1083 2464 1136 σὺν
2482 1086 2548 1154 τῇ
2573 1083 2866 1155 ὑποσχέσει
2882 1124 2897 1149 ,
2929 1085 3090 1156 χάριν
3110 1086 3544 1159 ὁμολογήσαντες
3565 1091 3735 1163 αὐτῷ,

2144 1177 2326 1234 οἴκαδε
2363 1177 2594 1240 ἕκαστος
2626 1177 3088 1249 ἀπεχωρήσαμεν.

2749 1381 3004 1436 'OMlAlA
3043 1384 3130 1450 cr.

2210 1475 2252 1530 1.
2290 1476 2464 1549 Τρίτῃ
2489 1475 2544 1529 δὲ
2575 1474 2758 1546 ήμέρᾳ
2782 1477 2863 1538 εἰς
2893 1474 2955 1528 τὸ
2983 1476 3396 1547 προωρισμένον
3422 1477 3522 1548 τῆς
3551 1477 3736 1552 Τύρου

2140 1567 2338 1638 χωρίον
2367 1568 2463 1620 σὺν
2489 1569 2600 1631 τοῖς
2630 1566 2984 1630 οἰκειοτάτοις
3015 1566 3184 1621 ἐλθὼν
3207 1567 3382 1637 ἔγωγε
3397 1570 3463 1634 ⁸⁸,
3493 1571 3735 1642 εὑρίσκω

459 1687 658 1753 ciscor,
728 1686 784 1740 in
817 1683 1000 1739 medio
1034 1659 1340 1736 Anubionis
1367 1688 1423 1735 et
1451 1679 1791 1735 Athenodori
1840 1679 2034 1734 seden-

2140 1662 2231 1715 τὸν
2267 1661 2570 1723 Ἀππίωνα,
2606 1659 2956 1722 Ἀνουϐίωνός
2987 1676 3048 1712 τε
3081 1659 3176 1712 καὶ¹
3220 1659 3588 1732 Ἀθηνοδώρου
3631 1681 3733 1716 κα-

464 1788 571 1835 tem
595 1820 610 1846 ,
657 1791 876 1847 unaque
900 1774 1085 1845 plures
1113 1773 1250 1829 alios
1279 1771 1526 1828 eruditos
1555 1771 1741 1838 viros“,
1791 1771 1886 1841 qui
1939 1785 2034 1826 nos

2143 1751 2430 1824 θεζόμενον
2483 1750 2667 1822 μέσον,
2723 1750 2816 1804 καὶ
2869 1748 3010 1821 μετὰ
3059 1749 3268 1804 πολλῶν
3309 1751 3481 1806 ἄλλων
3524 1753 3634 1806 τῶν
3664 1755 3731 1807 ἐκ

460 1869 902 1942 opperiebantur.
936 1868 1194 1922 Attamen
1222 1864 1364 1920 nihil
1392 1863 1601 1918 veritus
1627 1861 1874 1918 salutans
1903 1877 2039 1917 con-

463 1961 578 2017 sedi
604 1975 670 2015 ex
698 1960 928 2016 adverso
949 1957 1237 2030 Appionis,
1267 1956 1362 2027 qui
1393 1971 1502 2010 non
1536 1954 1708 2010 multo
1736 1959 1862 2026 post
1887 1953 2037 2025 loqui

460 2054 627 2123 coepit
655 2071 669 2108 :
698 2051 854 2116 Volo,
886 2051 1126 2122 primum
1167 2048 1436 2118 incipiens
1472 2047 1632 2114 hinc,
1659 2047 1774 2118 jam
1804 2048 1911 2102 cito
1943 2062 2037 2101 ve-

463 2147 580 2202 nire
609 2146 675 2202 ad
706 2144 1086 2216 quaestionem.
1139 2141 1280 2196 Ante
1325 2155 1488 2210 quam
1519 2147 1609 2203 tu,
1651 2138 1723 2193 [ili
1753 2138 2035 2205 Clemens,

459 2241 682 2296 adesses
710 2237 871 2292 nobis
895 2277 912 2304 ,
967 2234 1224 2289 Anubion
1270 2234 1362 2288 hic
1402 2242 1457 2288 et
1501 2233 1908 2300 Athenodorus,
1939 2233 2036 2302 qui

459 2331 578 2388 heri
609 2345 715 2386 una
744 2344 869 2386 cum
902 2327 1024 2383 aliis
1065 2325 1360 2383 audierunt
1386 2333 1440 2380 te
1467 2324 1826 2381 disserentem
1849 2367 1864 2391 ,
1904 2339 2035 2380 nar-

457 2431 724 2479 raverunt
748 2421 907 2488 mihi,
939 2434 1049 2491 quo
1076 2419 1241 2474 modo
1273 2416 1462 2472 Romae
1483 2417 1581 2472 tibi
1612 2427 1672 2471 ut
1701 2416 1907 2472 amanti
1937 2431 2035 2471 oc-

458 2529 685 2574 currens
714 2515 882 2570 multa
926 2521 1116 2569 contra
1150 2512 1283 2566 deos
1329 2511 1588 2565 mentitus
1633 2509 1860 2577 fuerim,
1911 2509 2034 2566 illos

457 2607 761 2678 praedicans
777 2605 1105 2674 paedicones,
1125 2603 1387 2668 lascivos,
1412 2608 1750 2671 stupratores
1770 2607 2033 2666 matrum,

458 2713 709 2752 sororum
734 2737 750 2762 ,
777 2697 1013 2750 filiarum
1034 2735 1049 2760 ,
1085 2693 1500 2761 innumerisque
1528 2691 1795 2746 obnOxios
1824 2693 2035 2746 adulte-

457 2788 578 2844 riis.
621 2787 726 2844 Sed
770 2796 823 2842 te
853 2785 1134 2856 Oportuit,
1181 2785 1292 2848 ﬁli,
1342 2786 1484 2839 scire
1521 2799 1609 2838 me
1637 2784 1767 2838 talia
1810 2801 1919 2840 non
1965 2800 2032 2839 ex

458 2881 644 2934 animo
676 2878 984 2948 scripsisse,
1030 2877 1124 2933 sed
1169 2891 1356 2930 amore
1393 2875 1473 2930 tui
1511 2890 1641 2930 vera
1684 2875 2027 2943 occultasse;

457 2987 579 3048 quae
609 2972 655 3026 si
687 2985 832 3026 nunc
865 2967 1165 3035 desideras,
1204 2968 1332 3023 audi
1357 2983 1388 3022 a
1413 2983 1519 3024 me.

527 3215 592 3273 ll.
630 3215 1000 3287 Antiquorum
1040 3215 1328 3270 hominum
1363 3216 1780 3286 sapientissimi,
1809 3232 2031 3274 omnem

455 3310 738 3366 veritatem
771 3323 866 3378 per
897 3309 1140 3363 laborem
1169 3307 1382 3373 edocti,
1416 3308 1668 3379 indignos
1697 3309 2033 3365 divinarum-

455 3418 563 3474 que
605 3401 1016 3471 disciplinarum
1063 3415 1172 3455 non
1221 3400 1450 3470 cupidos
1499 3400 1748 3456 celarunt
1793 3403 2033 3458 scientiae

454 3494 823 3550 traditionem.
870 3490 1056 3562 Neque
1103 3492 1247 3548 enim
1290 3507 1357 3546 ex
1385 3492 1537 3549 Caelo
1576 3493 1834 3564 illiusque
1860 3505 2031 3552 matre

455 3584 623 3642 Terra
666 3584 935 3656 progeniti
967 3591 1098 3639 sunt
1131 3584 1418 3640 duodecim
1451 3585 1642 3652 liberi,
1671 3586 2029 3656 quemadmo-

454 3681 585 3734 dum
635 3677 816 3732 l'ahula
864 3684 1188 3743 enumerat,
1235 3691 1416 3733 mares
1465 3677 1686 3748 quidem
1737 3676 2027 3744 Oceanus,

451 3770 641 3834 Catus,
667 3769 849 3834 Crius,
878 3766 1176 3839 Hyperion,
1207 3766 1455 3838 Japetus,
1484 3767 1784 3836 Saturnus;
1815 3767 2031 3824 femina:

451 3877 584 3917 vero
613 3859 782 3915 Theia
802 3901 818 3926 ,
852 3857 1118 3923 Themis;
1150 3857 1535 3932 Mnemosyne,
1563 3860 1759 3926 Ceres,
1795 3859 2026 3933 Tethys,

455 3952 627 4008 Rhea.
672 3951 860 4022 Neque
912 3950 1188 4007 Saturnus
1233 3950 1584 4008 adamantina
1631 3952 1771 4009 falce
1811 3963 2028 4010 exsecta

454 4048 597 4120 patri
627 4046 779 4103 Caelo
808 4045 990 4099 virilia
1013 4086 1028 4111 ,
1061 4051 1123 4098 ut
1155 4042 1331 4106 fertis,
1363 4042 1418 4097 in
1447 4059 1600 4099 mare
1626 4043 1888 4114 proiecit;
1933 4045 2029 4102 sed

455 4151 633 4209 neque
661 4153 728 4193 ex
761 4137 897 4193 Caeli
929 4136 1246 4193 exsectione
1273 4151 1370 4206 per
1399 4134 1508 4191 fusi
1536 4137 1820 4208 sanguinis
1849 4146 2029 4209 guttas

456 4242 576 4288 orta
630 4239 715 4286 est
744 4229 950 4286 Venus.
1005 4227 1194 4299 Neque
1234 4227 1400 4282 etiam
1449 4215 1719 4282 Saturnus
1762 4242 1830 4282 ex
1877 4227 2028 4284 Rhea

455 4324 632 4395 primo
681 4322 784 4378 sibi
837 4321 1079 4392 genitum
1125 4317 1414 4375 Plutonem
1463 4319 1764 4384 absorbuit,
1807 4329 2029 4390 propter

453 4413 766 4471 Promethei
795 4413 1077 4468 oraculum
1107 4414 1340 4478 veritus,
1397 4426 1465 4468 ne
1501 4426 1569 4466 ex
1619 4425 1685 4466 eo
1733 4413 2025 4468 concubitu
2058 4392 2102 4446 Ῑ)

456 4518 617 4564 natus
644 4507 826 4562 infans
856 4505 1053 4560 fortior
1080 4504 1201 4574 ipso
1225 4503 1524 4569 existeret,
1559 4503 1903 4573 privaretque
1946 4505 2025 4575 ip-

456 4613 579 4656 sum
607 4615 794 4671 regno.
830 4596 951 4653 Non
981 4596 1224 4653 secundo
1255 4595 1498 4665 genitum
1535 4593 1843 4665 Neptunum
1875 4596 2026 4651 simi-

454 4690 579 4748 liter
607 4691 901 4761 absorpsit.
950 4686 1070 4744 Non
1111 4696 1236 4758 post
1262 4687 1362 4742 hos
1401 4694 1591 4740 natum
1627 4685 1815 4741 Jovem
1855 4697 2028 4742 mater

456 4783 609 4840 Rhea
633 4781 963 4847 occultavit,
995 4796 1097 4836 nec
1125 4778 1398 4848 expetenti
1427 4777 1664 4834 Saturno
1692 4778 1926 4849 lapidem
1956 4780 2024 4834 ad

455 4875 828 4932 devorandum
851 4873 1096 4930 tradidit.
1122 4869 1240 4926 Non
1270 4871 1316 4927 is
1341 4870 1632 4926 devoratus
1656 4870 1808 4941 prius
1831 4871 2023 4928 absor—

455 4975 580 5039 ptos
622 4967 785 5022 trusit
821 4975 876 5022 et
921 4965 1099 5036 coegit
1141 4963 1315 5028 exire,
1358 4963 1594 5033 primum
1637 4963 1882 5032 quidem,
1929 4963 2026 5034 qui

457 5060 667 5128 primus
696 5057 986 5128 absorptus
1018 5055 1219 5124 fuerat,
1246 5052 1566 5121 Plutonem,
1597 5063 1786 5124 postea
1818 5051 2027 5125 Neptu-

2141 1843 2393 1906 παιδείας
2413 1841 2622 1914 ἀνδρῶν
2643 1843 2790 1913 ἡμᾶς
2809 1841 3204 1912 ἀναμενόντων.
3227 1843 3335 1897 Καὶ
3349 1844 3498 1914 ὅμως
3514 1845 3664 1898 οὐδὲν
3681 1846 3728 1876 ⁸³

2140 1936 2534 2005 καταπλαγεὶς,
2566 1933 3018 2008 προσαγορεύσας
3044 1933 3464 2005 ἀντικαθέζομαι
3487 1935 3566 2006 τῷ
3599 1937 3727 1988 Ἀπ-

2140 2030 2324 2089 πίωνι,
2371 2028 2430 2091 ὃς
2478 2029 2594 2098 μετ’
2644 2027 2705 2079 οὐ
2755 2025 2888 2079 πολὺ
2938 2026 3116 2094 λέγειν
3168 2026 3399 2096 ἡρξατο·
3454 2016 3724 2097 Βούλομαι

2139 2122 2356 2196 πρῶτος
2377 2120 2682 2192 ἀρξάμενος
2709 2117 2958 2172 ἐντεῦθεν
2986 2119 3086 2189 ήδη
3114 2119 3324 2187 ταχέως
3352 2118 3522 2171 ἐλθεῖν
3546 2120 3638 2171 ἐπὶ
3665 2121 3726 2173 τὸ

2137 2213 2486 2287 ζητούμενον.
2525 2211 2638 2284 Πρὸ
2667 2210 2761 2263 τοῦ
2798 2211 2858 2262 σέ
2882 2249 2898 2274 ,
2943 2210 3132 2263 τέκνον
3165 2210 3566 2283 Κλήμης,ήμῖν
3585 2231 3726 2281 παρ-

2138 2311 2298 2374 εῖναι,
2388 2303 2663 2358 Ανουὸίων
2693 2295 2848 2366 οὗτος
2869 2303 2915 2334 ⁸⁸
2947 2303 3041 2356 καὶ
3081 2302 3443 2374 ’Δθηνόδωρος
3466 2341 3480 2366 ,
3515 2304 3566 2355 οἱ
3599 2303 3725 2373 χθὲς

2135 2397 2254 2470 ἅμα.
2300 2399 2414 2461 τοῖς
2464 2396 2643 2459 ἀλλοις
2692 2393 3101 2457 ἐπακούσαντές
3152 2411 3246 2446 σου
3297 2394 3680 2464 διαλεγομένου
3705 2434 3722 2456 ,

2135 2488 2487 2561 ἀφηγήσαντό
2522 2487 2670 2559 ttat“
2704 2487 2822 2550 πῶς
2844 2487 2901 2540 ἐν
2932 2487 2996 2557 τῇ
3030 2484 3238 2558 Ῥώμῃ,
3265 2487 3655 2558 συνερχόμενός
3675 2487 3724 2518 ⁸⁸

2137 2597 2219 2634 σοι
2243 2581 2318 2644 ὼς
2338 2579 2555 2652 ἐρῶντι,
2591 2577 2764 2632 πολλὰ
2785 2577 2893 2632 τῶν
2915 2577 3056 2631 θεῶν
3087 2577 3528 2648 κατεψευσάμην,
3555 2577 3724 2632 εἰπὼν

2134 2672 2332 2735 αὐτοὺς
2363 2670 2766 2742 παιδεραστάς,
2800 2669 3048 2737 ἀσελγεῖς
3069 2709 3084 2733 ,
3123 2670 3484 2740 μιγνυμένους
3520 2669 3725 2742 μητρά-

2137 2779 2241 2826 σιν,
2293 2761 2566 2832 ἀδελφαῖς,
2617 2761 2985 2832 θυγατράσιν,
3035 2761 3130 2814 καὶ
3187 2761 3410 2832 μυρίαις
3457 2761 3725 2832 μοιχείαις

2133 2854 2482 2925 ἐνεχομένους
2495 2853 2560 2905 ⁸⁸.
2579 2853 2734 2923 155
2753 2851 2888 2905 Ἀλλ’
2913 2851 3080 2923 ἐχρῆν
3105 2869 3188 2914 σε,
3209 2845 3253 2904 ὦ
3271 2852 3480 2918 τέκνον,
3504 2853 3720 2916 εἰδέναι,

2132 2948 2214 3001 ὅτι
2251 2948 2326 3019 μὴ
2361 2945 2586 3000 τοιαῦτα
2624 2945 2753 3016 περὶ
2795 2942 2932 2998 θεῶν
2975 2943 3242 3015 φρονῶν⁶⁷
3282 2943 3540 3016 ἔγραφον,
3585 2943 3725 2999 ἀλλὰ

2057 3037 2102 3099 C
2135 3042 2335 3112 στοργῇ
2363 3040 2429 3109 τῇ
2463 3037 2598 3108 πρὸς
2645 3037 2705 3090 σὲ
2737 3035 2806 3090 τὰ
2837 3035 3008 3108 ἀληθῆ
3057 3035 3233 3104 λέγειν
3265 3037 3720 3109 ἀπεκρυπτόμην,

2133 3130 2298 3201 ἅπερ,
2336 3131 2383 3183 εί
2414 3129 2510 3182 νῦν
2541 3128 2764 3192 ἐθέλεις,
2783 3130 2911 3200 παρ’
2945 3126 3078 3198 ἐμοῦ
3113 3129 3370 3182 ἄκουσον.

2204 3221 2264 3276 ll.
2306 3221 2427 3274 Τῶν
2462 3219 2628 3274 πάλαι
2661 3220 2870 3292 ἀνδρῶν
2903 3221 2952 3272 οἱ
2989 3217 3330 3288 σοφώτατοι,
3375 3221 3556 3273 πᾶσαν
3588 3220 3723 3293 ἀλή-

2133 3315 2282 3368 θειαν
2307 3314 2462 3367 αὐτοὶ
2492 3313 2722 3385 καμάτῳ
2771 3313 2816 3344 ⁸⁸
2848 3313 3230 3383 μεμαθηκότες
3252 3352 3267 3375 ,
3311 3313 3438 3376 τοὺς
3469 3313 3723 3379 ἀναξίους

2131 3409 2224 3461 καὶ
2259 3407 2333 3478 μὴ
2365 3406 2722 3477 ὀρεγομένους
2755 3403 2916 3457 θείων
2965 3403 3301 3474 μαθημάτων
3334 3405 3723 3476 ἀπεκρύψαντο

2130 3498 2228 3568 τὴν
2255 3499 2566 3568 ἐπιστήμην
2615 3495 2820 3549 λαϐεῖν.
2867 3494 3004 3549 Ούτε
3057 3495 3166 3568 γάρ
3215 3497 3310 3549 ἀπ’
3345 3497 3590 3568 Οὐρανοῦ
3623 3498 3722 3552 καὶ

2129 3591 2229 3660 τῆς
2265 3589 2470 3662 μητρὸς
2499 3587 2664 3642 αὐτοῦ
2697 3589 2806 3658 Γῆς
2836 3586 3090 3656 γεγόνασι
3119 3587 3308 3650 παῖδες
3331 3586 3559 3651 δώδεκα,
3591 3587 3668 3652 ὡς
3689 3589 3720 3643 6

2135 3681 2304 3752 μῦθος
2351 3681 2712 3752 καταριθμεῖ·
2764 3681 2992 3752 ἀρῤενες
3037 3679 3155 3750 μὲν,
3211 3679 3494 3743 Ὠκεανὸς,
3532 3679 3717 3743 Κοῖος,

2129 3773 2297 3844 Κρῖος
2317 3773 2384 3840 θ’,
2430 3773 2717 3844 Ὑπερίων,
2760 3771 3020 3835 Ἰαπετὸς,
3059 3771 3294 3843 Κρόνος·
3333 3770 3604 3842 θήλειαι⁷⁶
3634 3771 3715 3836 δὲ,

2129 3864 2267 3928 Θεά,
2303 3864 2499 3935 Θέμις,
2551 3862 2919 3934 Μνημοσύνη,
2965 3864 3248 3933 Δημήτηρ,
3303 3861 3522 3932 Τηθὺς,
3565 3863 3711 3918 Ῥέα.

2130 3955 2267 4010 Οὔτε
2293 3959 2360 4027 τῇ
2389 3955 2448 4021 ἐξ
2480 3955 2788 4026 ἀδάμαντος
2814 3955 2969 4027 ἅρπῃ
3001 3955 3072 4008 τά
3104 3955 3280 4008 αἰδοῖα
3303 3953 3512 4024 Κρόνος
3544 3954 3718 4025 Οὐρα-

2131 4047 2222 4102 νοῦ
2249 4048 2343 4101 τοῦ
2376 4048 2582 4119 πατρὸς
2613 4047 2894 4118 ἐκτεμὼν,
2933 4047 3008 4110 ὥς
3041 4063 3176 4115 φατε
3197 4087 3211 4111 ,
3245 4049 3324 4110 είς
3358 4045 3518 4116 βυθὸν
3549 4047 3718 4121 ἀπέρ-

2133 4139 2317 4211 ριψεν·
2359 4138 2473 4191 ἀλλ’
2505 4137 2616 4190 οὐδ’
2657 4138 2721 4191 ἐκ
2747 4139 2846 4209 τῆς
2878 4138 3157 4209 ἀποτομῆς
3185 4137 3278 4191 τοῦ
3313 4138 3553 4208 Οὐρανοῦ
3583 4156 3714 4193 στα-

2129 4232 2300 4300 γόνων
2332 4231 2554 4304 ῥυέντος
2580 4231 2810 4301 αἵματος
2840 4231 2874 4301 ή
2914 4230 3198 4302 ’Δφροδίτη
3230 4231 3463 4298 ἐγένετο.
3491 4231 3612 4284 Οὐδ’
3639 4227 3711 4287 αὖ

2129 4324 2335 4396 Κρόνος
2364 4327 2430 4396 τῇ
2469 4323 2597 4394 Ῥέᾳ
2631 4325 2814 4394 μιγεὶς
2839 4323 2935 4376 καὶ
2960 4324 3225 4395 γεννήσας
3250 4322 3538 4376 Πλούτωνα
3561 4321 3713 4394 πρῶ-

2128 4434 2218 4470 τον
2250 4417 2508 4471 κατέπιεν
2531 4455 2546 4480 ,
2595 4415 2687 4469 διά
2730 4433 2852 4468 τινα
2887 4415 3222 4487 Προμηθέως
3254 4415 3452 4486 θεσμὸν
3483 4413 3711 4478 δεδιὼς,

2135 4509 2340 4579 μήποτε
2371 4507 2627 4578 γεννηθὲν
2660 4506 2718 4572 ἐξ
2750 4507 2914 4560 αὑτοῦ
2950 4507 3170 4578 βρέφος,
3204 4507 3575 4578 γενναιότερον
3607 4505 3711 4560 αὐ-

2129 4597 2224 4652 τοῦ
2255 4599 2562 4670 γενόμενον,
2589 4597 2855 4668 ἀφέληται
2886 4598 3048 4652 αὑτὸν
3092 4599 3188 4670 τῆς
3237 4598 3596 4668 βασιλείαςη.
3630 4599 3709 4653 Ού

2129 4689 2218 4743 τὸν
2255 4688 2559 4743 Ποσειδῶνα
2589 4688 2838 4760 δεύτερον
2885 4691 3151 4762 γεννήσας
3180 4689 3378 4760 ὁμοίως
3411 4690 3665 4744 κατέπιεν
3687 4706 3702 4720 ·

2130 4782 2192 4834 ού
2231 4781 2369 4852 μετά
2397 4781 2619 4846 τούτους
2649 4782 2741 4836 τὸν
2771 4783 2870 4838 Δία
2896 4782 3221 4856 γεννηθέντα
3263 4783 3295 4854 ἡ
3327 4784 3508 4855 μήτηρ
3539 4799 3709 4836 κατα-

2130 4871 2384 4943 κρύψασα
2417 4873 2450 4943 ἡ
2485 4873 2610 4927 Ῥέα
2652 4875 3018 4947 ἀπαιτήσαντι
3064 4875 3141 4946 τῷ
3181 4876 3375 4948 Κρόνῳ
3421 4877 3708 4929 καταπιεῖν

2130 4963 2332 5017 λίθον⁷²
2359 4965 2678 5019 ἀντέδωκεν.
2691 4967 2808 5030 Ὃς,
2837 4968 2898 5020 ού
2929 4967 3416 5031 καταποθεὶς,τοὺς
3440 4983 3709 5038 προκατα-

2131 5057 2393 5122 ποθέντας
2416 5058 2607 5130 θλίψας
2632 5058 2863 5126 ἐξέωσεν
2881 5059 3041 5126 ⁷³,ὡς
3061 5058 3343 5131 προελθεῖν
3369 5059 3582 5130 πρῶτον
3609 5058 3705 5128 μὲν

1734 5167 1970 5225 νΑΒιΕ
2015 5171 2423 5230 LECTIONES.

533 5259 578 5292 "
606 5257 674 5314 δι’
701 5259 838 5330 ὅπερ
861 5257 922 5314 C.
950 5329 955 5330 ί
1036 5258 1080 5290 ⁸ο
1111 5256 1155 5330 D
1183 5257 1437 5330 proponit
1467 5259 1642 5329 ἣκειν.

1755 5260 1798 5291 ⁶¹
1829 5257 1940 5327 ἐγώ
1973 5276 2034 5326 γε
2066 5257 2126 5312 C.

2243 5258 2288 5332 ξ’
2319 5257 2444 5312 οὐδέ
2472 5263 2534 5314 0.
2574 5328 2584 5332 _
2643 5259 2688 5291 ⁸³
2723 5259 2873 5332 lta_0
2900 5270 2953 5315 et
2980 5261 3022 5316 C
3063 5276 3129 5316 ex
3168 5265 3426 5332 conject,
3457 5261 3632 5329 οὕτως
3664 5265 3719 5321 in

459 5339 626 5410 textu:
691 5331 750 5410 βξ
779 5328 1124 5410 ἀφηγήσαιξό
1160 5328 1251 5410 μοι
1281 5329 1348 5410 ἓ,
1383 5328 1674 5410 ῐῐιςιὶάοεεπ
1737 5331 1783 5361 ⁸⁵
1814 5329 2207 5410 συνεργόμενος
2229 5328 2292 5388 (Ζ,
2326 5328 2753 5410 συνεργούμενος
2784 5329 2842 5387 S.
2919 5333 2964 5363 “
2994 5328 3353 5410 ἀνεχομένρυς
3374 5335 3437 5390 c,
3519 5337 3561 5367 ετ

455 5400 562 5453 νῶν
591 5396 932 5455 desideratur
955 5396 1019 5453 'in
1055 5396 1119 5453 Ο.
1163 5396 1242 5469 '1'
1279 5397 1386 5453 Pro
1419 5399 1482 5453 Ci
1527 5399 1791 5469 καμάτων
1823 5399 1864 5452 ί)
1897 5396 2195 5469 legendum
2223 5410 2409 5454 censet

454 5471 499 5503 "
531 5471 604 5543 Ita
638 5470 697 5543 S,
729 5469 970 5543 au_ct._l_).
1009 5469 1123 5543 CQ.
1175 5467 1533 5543 [leaf/Mog,
1569 5467 1694 5543 154,
1725 5469 1852 5543 ξ75,
1890 5467 2042 5543 κριός
2072 5467 2231 5543 CLO.

451 5541 698 5616 conjLC.
734 5541 845 5616 (ξίν.
889 5540 1014 5596 Hes.
1051 5539 1243 5610 Theog.
1269 5540 1400 5616 l35,
1436 5539 1561 5616 571.
1599 5539 2262 5616 Apollo_d._l,?,_£.Pein
2297 5539 2596 5616 ru06;_9._
2646 5540 2688 5616 ’ζ’
2722 5541 2863 5614 Lege
2895 5544 2994 5616 τὴν
3027 5544 3302 5615 βασιλείαν
3335 5548 3392 5602 S.

2488 5400 2542 5476 ιᾲ
2573 5401 2837 5476 καμάτων
2871 5421 2884 5458 :
2917 5400 3233 5476 conjectura
3259 5407 3371 5474 jam
3419 5400 3716 5476 superﬂua.

2343 5470 2388 5502 7"
2429 5469 2590 5540 θήλαι
2623 5470 2878 5533 Ο.ιΤυιῐι.
2915 5473 2989 5528 id.
3024 5469 3119 5528 θεα
3155 5469 3277 5530 sine
3302 5469 3549 5538 accentu,
3585 5479 3721 5532 Θεία

2343 5539 2464 5603 )θύς
2488 5542 2551 5592 0.
2646 5540 2688 5572 ⁷⁸
2722 5541 2863 5603 Lege
2895 5544 2994 5603 τὴν
3027 5544 3302 5603 βασιλείαν
3335 5548 3392 5602 S.
3496 5549 3542 5579 7‘
3571 5548 3718 5603 λίθον

451 5611 634 5689 addidi
660 5609 806 5689 c_._(_),
841 5628 1014 5689 quam
1033 5608 1229 5689 vocem
1251 5610 1440 5689 (legs-se
1466 5610 1578 5689 jam
1616 5608 1828 5670 nionuit
1863 5611 1923 5670 D.
1961 5612 2077 5670 Cfr.
2112 5609 2340 5683 Recogn.
2365 5627 2420 5679 κ,
2452 5609 2541 5677 l9,
2569 5609 2628 5674 ὃς
2654 5608 2709 5667 in
2732 5608 2961 5672 exordio
2982 5608 3262 5688 sequentis
3295 5619 3503 5689 periodi
3530 5621 3714 5679 addidi

449 5696 503 5737 η.
534 5678 601 5738 Ο.
678 5681 724 5713 ⁷³
758 5683 834 5737 Ita
859 5678 928 5751 Β,
957 5681 1158 5748 ἐξωσεν
1189 5679 1252 5747 C,
1284 5679 1484 5746 ἐξῶσεν
1511 5683 1584 5754 Ο..
