4082 6160
360 258 464 317 197

1493 244 1963 304 CLEMENTiNA.
1993 270 2065 285 —
2092 239 2379 300 HOMILIA
2419 239 2502 298 Vl.

3524 235 3626 293 I98

359 378 525 450 156
543 379 636 431 τδν
665 372 888 446 πρῶτον
915 367 1291 427 καταποθέντα
1323 366 1641 432 Πλούτωνα,
1672 368 1758 421 ἐπ’
1791 363 1943 436 αὐτῷ

2053 375 2202 428 ηιιω,
2237 359 2460 416 tertium
2489 356 2700 414 Jovem.
2730 355 2935 428 Neque,
2951 364 3011 411 ut
3039 353 3197 411 aiunt
3218 393 3234 421 ,
3271 349 3466 408 matris
3490 365 3629 406 con-

353 473 418 528 δὲ
434 472 482 504 ’⁸
513 467 857 530 Ποσειδῶνα,
908 465 1004 520 καὶ
1050 466 1234 537 τρίτον
1276 466 1370 517 τδν
1392 463 1511 516 Δία.
1557 461 1692 516 Οὐδέ
1725 477 1812 531 γε,
1860 459 1940 523 ὥς

353 581 542 636 φασιν,
593 560 802 634 μητρὸς
848 557 1075 630 προνοίᾳ
1111 555 1399 619 διασωθεὶς
1449 557 1479 609 ὁ
1525 553 1691 618 Ζεὺς,
1739 551 1836 606 καὶ
1867 552 1950 615 είς

354 656 586 730 οὐρανὸν
615 651 842 715 ἀναϐὰς,
870 651 963 706 τὸν
994 649 1208 722 πατέρα
1231 650 1331 721 τῆς
1363 645 1642 720 βασιλείας
1671 643 1946 700 καθεῖλεν.

356 753 437 806 Οὐ
472 748 680 820 πατρὸς
697 748 744 779 ⁷⁸
793 745 1056 814 ἀδελφοὺς
1088 743 1366 798 ἐκόλασεν.
1399 741 1514 796 Οὐκ
1545 741 1626 803 εἰς
1654 738 1822 792 πόθον
1849 753 1949 807 γυ-

357 841 566 897 ναικῶν
586 838 796 911 θνητῶν
816 837 1098 909 κατῆλθεν.
1122 837 1236 890 Οὐκ
1257 835 1512 904 ἀδελφαῖς
1534 831 1568 903 ἦ
1591 829 1948 901 θυγατράσιν,

357 937 464 990 οὐκ
485 933 728 1003 ἀδελφῶν
754 931 1022 1002 γυναιξὶν,
1045 930 1106 984 οὐ
1133 928 1321 984 παισὶν
1349 925 1590 998 αἰσχρῶς
1613 923 1947 992 συνεγένετο.

359 1029 498 1084 Οὐδὲ
525 1029 704 1100 Μῆτιν
737 1027 1002 1097 γεννήσας
1034 1023 1312 1087 κατέπιεν,
1341 1022 1431 1076 ἵνα
1455 1020 1548 1073 ἀπ’
1564 1018 1612 1052 ⁷⁵
1639 1016 1946 1086 ἐγκεφάλου

364 1122 468 1193 μὲν
496 1121 595 1192 τὴν
625 1120 855 1191 Ἀθηνᾶν
887 1117 1138 1190 ἀναφύσῃ
1170 1117 1236 1171 ἐκ
1264 1115 1364 1187 τῆς
1389 1113 1648 1185 Μήτιδος,
1679 1111 1745 1165 ἐκ
1769 1111 1827 1165 δὲ
1851 1109 1947 1164 τοῦ

363 1212 545 1286 μηροῦ
578 1213 671 1267 τὸν
702 1211 953 1266 Διόνυσον
982 1210 1118 1284 τέκῃ
1141 1248 1156 1274 ,
1197 1208 1256 1263 ὃν
1289 1207 1394 1261 ὑπὸ
1427 1205 1670 1260 Τιτάνων
1703 1202 1950 1274 ἐσπαρά-

358 1307 492 1378 χθαι
512 1305 778 1375 λέγωσιν.
814 1305 889 1359 Οὐ
915 1305 1125 1358 δεῖπνον
1146 1303 1239 1355 ἐπὶ
1262 1301 1342 1372 τῷ
1371 1299 1588 1361 Θέτιδος
1609 1297 1702 1351 καὶ
1724 1295 1950 1367 Πηλέως

359 1398 531 1470 γάμῳ
553 1397 814 1452 συντελεῖ.
857 1397 932 1450 Οὐ
961 1396 1060 1468 τὴν
1103 1395 1258 1466 Ἔριν
1278 1393 1386 1448 τῶν
1407 1391 1601 1462 γάμων
1637 1387 1944 1443 ἀπεώσατο.

359 1491 479 1546 Οὐκ
504 1490 643 1562 αὐτὴ
657 1491 703 1522 ’³⁷
729 1490 762 1561 ή
788 1490 964 1560 Ἔρις,
995 1486 1379 1558 ἀτιμασθεῖσα,
1416 1483 1596 1554 μάχην
1631 1481 1726 1535 καὶ
1759 1478 1948 1532 στάσιν

359 1585 479 1646 τοῖς
497 1582 545 1614 ⁷⁸
577 1580 927 1652 ἑστιωμένοις
959 1578 1271 1651 ἐπενόησεν.
1308 1578 1382 1630 Οὐ
1418 1575 1585 1648 μῆλον
1622 1574 1854 1646 χρύσεον
1883 1573 1949 1627 ἑκ

359 1675 474 1732 τῶν
518 1674 846 1746 Ἐσπερίδων
888 1674 1079 1744 κήπων
1126 1670 1366 1725 λαϐοῦσα
1393 1669 1722 1740 ἐπέγραψεν,
1757 1666 1950 1736 δῶρον

2051 455 2178 511 silio
2197 450 2696 521 servatuerupiter,
2714 464 2779 505 ac
2795 449 2850 504 in
2866 449 3065 504 coelum
3082 446 3404 512 ascendens,
3417 453 3629 515 patrem

2049 560 2220 618 regno
2254 543 2480 614 depulit.
2517 541 2630 598 Nec
2661 541 2834 613 patris
2864 539 3062 595 fratres
3110 537 3380 610 supplicio
3423 536 3627 592 affecit.

2047 635 2169 694 Non
2202 636 2258 692 in
2287 649 2529 692 amorem
2550 635 2770 690 devenit
2793 631 3106 689 mortalium
3130 631 3481 686 feminarum.
3507 628 3629 686 Non

2050 745 2176 786 cum
2209 727 2492 785 sororibus
2520 726 2605 783 vel
2636 725 2884 792 ﬁliabus,
2921 738 3034 778 non
3065 738 3189 778 cum
3221 721 3455 778 fratrum
3486 735 3630 776 uxo-

2049 823 2226 890 ribus,
2274 836 2384 876 non
2427 834 2549 874 cum
2589 818 2776 890 pueris
2805 816 3038 887 turpiter
3073 815 3391 870 concubuit.
3440 811 3632 884 Neque

2049 916 2218 971 ﬁliam
2249 929 2404 970 suam
2432 912 2614 967 Metim
2647 909 2934 983 deglutivit
2953 948 2970 976 ,
3005 916 3068 962 ut
3093 922 3124 962 a
3151 905 3378 962 cerebro
3405 905 3630 977 quidem

2049 1005 2346 1062 Minervam
2392 1004 2721 1075 produceret
2749 1018 2817 1058 ex
2861 999 3080 1066 Metide,
3133 1014 3201 1054 ex
3249 996 3458 1054 femore
3499 1011 3632 1054 vero

2050 1098 2295 1171 gigneret
2347 1095 2644 1163 Bacchum,
2680 1109 2848 1166 quem
2895 1108 2928 1148 a
2974 1091 3265 1148 Titanibus
3295 1089 3480 1145 ferunt
3511 1088 3630 1144 dis-

2053 1200 2307 1262 cerptum
2350 1188 2545 1245 fuisse.
2591 1187 2712 1243 Non
2755 1200 2970 1244 caenam
3015 1184 3074 1240 in
3117 1181 3365 1239 Thetidis
3398 1188 3454 1237 et
3482 1180 3632 1236 Pelei

2050 1284 2256 1354 nuptiis
2277 1281 2594 1338 celebravit.
2619 1279 2740 1335 Non
2761 1277 3093 1335 discordiam
3119 1276 3329 1346 expulit
3349 1290 3381 1330 e
3401 1273 3628 1344 nuptiis.

2048 1373 2168 1430 Non
2199 1373 2475 1431 discordia
2505 1373 2709 1445 probro
2742 1371 2933 1428 affecta
2961 1383 3199 1441 pugnam
3227 1375 3283 1423 et
3309 1365 3632 1423 seditionem
3731 1386 3733 1389 ·

2048 1466 2400 1537 epulantibus
2434 1471 2745 1521 commenta
2793 1471 2900 1519 est.
2937 1459 3058 1516 Non
3105 1467 3330 1530 accepto
3357 1473 3428 1514 ex
3457 1456 3636 1513 hortis

2047 1556 2410 1629 Hesperidum
2436 1557 2580 1612 malo
2601 1570 2769 1610 aureo
2793 1552 3076 1624 inscripsit
3098 1570 3112 1606 :
3137 1550 3349 1605 Donum
3369 1547 3630 1620 pulchraz.

2048 1650 2246 1706 Postea
2282 1648 2618 1715 fabulantur,
2669 1647 2815 1718 quod
2863 1644 3030 1712 Juno,
3078 1643 3322 1698 Minerva
3361 1649 3416 1697 et
3446 1637 3635 1696 Venus

361 1729 443 1837 τῇ
476 1769 655 1838 καλῇ.
687 1729 926 1822 ¹’Ἔπειτα
946 1729 958 1744 Ι
981 1763 1363 1837 μυθολογοῦσιν
1413 1729 1688 1832 (bs-"11.90.
1712 1729 1717 1731 1
1739 1776 1800 1814 τε
1834 1729 1947 1813 ,καὶ

2053 1742 2255 1798 malum
2288 1739 2598 1796 invenerint
2626 1748 2680 1794 et
2713 1737 3112 1794 contendentes
3139 1733 3393 1791 venerint
3435 1731 3504 1787 ad
3535 1729 3634 1786 Jo-

377 1862 584 1934 Ἀθηνᾶ
613 1861 708 1914 καὶ
749 1858 1034 1932 Ἀφροδίτη
1068 1857 1383 1929 εὑρίσκουσι
1411 1854 1472 1908 τὸ
1507 1853 1694 1926 μῆλον,
1726 1851 1821 1906 καὶ
1853 1867 1947 1921 φι-

365 1951 704 2009 λονεικοῦσαι
744 1951 992 2024 ἔρχονται
1022 1950 1158 2021 πρὸς
1176 1950 1221 1981 "
1251 1948 1342 2002 τὸν
1373 1947 1500 2001 Δία’
1535 1941 1622 2010 αἷς
1654 1944 1816 2008 αὐτὸς
1849 1944 1948 2016 μὲν

367 2048 472 2102 οὐκ
503 2046 737 2118 ἔκρινεν,
769 2045 836 2098 δι’
881 2041 1083 2116 Ἑρμοῦ
1115 2042 1173 2096 δὲ
1205 2041 1343 2114 πρὸς
1381 2040 1472 2095 τὸν
1500 2038 1733 2111 ποιμένα
1773 2037 1949 2110 Πάριν

367 2138 774 2211 κριθησομένας
813 2136 942 2208 περὶ
985 2134 1214 2198 κάλλους
1259 2131 1584 2204 ἐξέπεμψεν.
1644 2129 1780 2183 Ἀλλ’
1824 2127 1950 2182 οὔτε

369 2231 668 2302 ἐκρίθησαν
691 2229 829 2293 θεαὶ,
862 2227 984 2281 οὔτε
1009 2229 1039 2282 ὁ
1070 2226 1244 2299 Πάρις
1273 2228 1340 2297 τῇ
1378 2223 1664 2298 Ἀφροδίτῃ
1689 2223 1753 2277 τὸ
1784 2223 1949 2295 μῆλον

368 2321 800 2376 ἀπέδωκεν.οῦκ
821 2319 1126 2391 Ἀφροδίτη,
1155 2317 1468 2390 τιμηθεῖσα,
1501 2317 1580 2388 τῷ
1609 2318 1708 2388 τῆς
1733 2316 1952 2389 Ἑλένης

369 2415 537 2469 αὐτὸν
583 2413 916 2484 ἀντετίμησε
959 2411 1142 2482 γάμῳ.
1191 2411 1270 2465 Οὐ
1300 2409 1410 2481 γὰρ
1457 2409 1525 2464 ἂν
1567 2412 1636 2481 τῇ
1683 2410 1782 2480 τῆς
1824 2409 1954 2473 θεᾶς

368 2509 508 2578 τιμῇ
529 2506 576 2538 ⁸⁸
626 2505 894 2576 πρόφασις
937 2504 1144 2573 ἐγίνετο
1194 2502 1484 2574 παμφύλου
1533 2501 1772 2573 πολέμου
1795 2540 1811 2567 ,
1859 2501 1953 2557 καὶ

367 2596 552 2652 ταῦτα
600 2597 685 2650 ἐπ’
723 2596 926 2669 ὀλέθρῳ
957 2595 1052 2649 τοῦ
1093 2596 1192 2667 τὴν
1238 2595 1404 2666 τιμὴν
1451 2593 1816 2666 ἀπειληφότος
1860 2596 1954 2649 καὶ

369 2689 789 2761 ἀγχιστεύοντος
822 2690 900 2761 τῷ
940 2689 1040 2762 τῆς
1096 2687 1417 2760 Ἀφροδίτης
1461 2687 1632 2756 γένει.
1688 2687 1826 2742 Ἀλλ’
1875 2688 1954 2753 ὡς

371 2780 532 2853 ἔφην,
576 2777 624 2834 ὧ
670 2780 880 2844 τέκνον,
928 2779 1042 2851 ἔχει
1083 2779 1207 2834 τινὰ
1254 2777 1412 2850 15⁷
1441 2777 1599 2849 λόγον
1629 2778 1700 2833 τὰ
1729 2777 1954 2833 τοιαῦτα

369 2874 570 2927 οἰκεῖον
598 2872 693 2927 καὶ
720 2873 1029 2943 φιλόσοφον,
1058 2871 1356 2945 ἀλληγορία
1382 2871 1688 2944 φρασθῆναι
1720 2871 1954 2943 δυνάμε-

369 2981 494 3018 νον·
551 2965 692 3020 ὥστε
746 2982 808 3019 σε
858 2965 1165 3019 ἀκούσαντα
1213 2964 1512 3036 θαυμάσαι.
1569 2962 1740 3034 Κάγὼ
1783 2963 1948 3036 ἔφην·

371 3057 574 3130 Δέομαι
605 3058 677 3130 μή
708 3075 776 3129 με
801 3057 1232 3128 ἀναϐαλλόμενος
1253 3055 1570 3129 βασανίσῃς.
1597 3055 1708 3109 Καὶ
1735 3055 1795 3120 ὃς
1823 3055 1946 3129 ἔφη·

2050 1851 2196 1902 vem,
2230 1851 2370 1906 quas
2402 1834 2521 1904 ipse
2549 1833 2770 1904 quidem
2801 1847 2912 1886 non
2959 1827 3325 1901 judicaverit,
3361 1839 3458 1897 per
3486 1822 3635 1880 Mer~

2052 1926 2267 1983 curium
2298 1939 2431 1981 vero
2462 1925 2675 1980 miserit
2705 1924 2772 1978 ad
2807 1931 3080 1994 pastorem
3106 1919 3389 1986 Paridem,
3417 1918 3484 1975 de
3508 1915 3636 1988 pul-

2051 2018 2365 2078 chritudine
2389 2016 2734 2087 judicandas.
2780 2015 2884 2071 Sec
2925 2030 3026 2070 nec
3062 2012 3179 2068 dea:
3219 2011 3478 2084 judicatae
3516 2008 3637 2066 fue-

2052 2118 2206 2178 runt,
2261 2124 2438 2180 neque
2486 2107 2646 2164 Paris
2690 2106 2889 2164 Veneri
2941 2121 3167 2177 pomum
3223 2103 3470 2159 tradidit.
3513 2100 3637 2158 Non

2054 2202 2262 2267 Venus,
2295 2201 2560 2257 honorem
2588 2208 2886 2256 consecuta
2906 2238 2925 2267 ,
2971 2197 3229 2255 Paridem
3257 2196 3476 2252 Helenae
3503 2211 3639 2252 cou-

2050 2294 2204 2366 jugio
2250 2292 2495 2349 vicissim
2542 2292 2849 2348 honoravit.
2895 2288 3084 2361 Neque
3123 2289 3270 2344 enim
3313 2288 3430 2344 deae
3459 2288 3638 2342 honor

2057 2400 2224 2442 causa
2257 2384 2451 2440 fuisset
2490 2383 2618 2439 belli
2657 2382 2800 2437 inter
2841 2389 2921 2437 tot
2946 2389 3169 2452 gentes,
3221 2380 3386 2450 idque
3420 2381 3475 2433 in
3509 2393 3638 2449 per-

2056 2477 2258 2534 niciem
2304 2475 2424 2547 ejus
2451 2473 2546 2545 qui
2592 2474 2803 2530 honore
2849 2472 3077 2529 affectus
3105 2470 3306 2539 fuerat,
3331 2470 3537 2542 quique
3567 2469 3636 2524 ad

2057 2584 2230 2641 genus
2246 2566 2475 2624 Veneris
2491 2563 2616 2638 jure
2631 2565 3055 2638 propinquitatis
3079 2562 3404 2634 pertinebat.
3430 2560 3632 2617 Verum

2057 2661 2200 2718 sicut
2230 2661 2377 2729 dixi,
2407 2675 2442 2716 ο
2489 2659 2602 2726 ﬁli,
2635 2659 2753 2714 haec
2792 2657 3063 2712 rationem
3095 2655 3391 2726 quamdam
3434 2653 3639 2709 habent

2055 2752 2333 2825 propriam
2383 2760 2439 2807 et
2484 2750 2959 2822 philosophicam,
2996 2763 3120 2818 quae
3166 2763 3265 2817 per
3314 2746 3634 2817 allegoriam

2056 2853 2238 2915 potest
2264 2843 2548 2914 explicari,
2583 2843 2719 2898 adeo
2747 2851 2810 2896 ut
2837 2850 2917 2908 tu,
2955 2855 3082 2895 cum
3114 2838 3375 2906 audieris,
3401 2837 3639 2893 admire-

2058 2937 2159 2993 ris.
2189 2935 2257 2992 Et
2299 2950 2402 3007 ego
2446 2935 2583 3003 dixi,
2625 2949 2726 2990 oro
2772 2949 2841 2989 ne
2891 2948 2978 2988 me
3025 2947 3180 2987 mora
3213 2940 3494 3001 torqueas.
3543 2928 3639 2984 Ille

2058 3027 2358 3100 respondit,
2385 3027 2525 3083 nihil
2553 3028 2767 3084 timeas.
2795 3024 2915 3080 Non
2940 3025 3086 3081 enim
3109 3022 3381 3090 differam,
3409 3023 3502 3078 sed
3521 3021 3636 3092 jam

369 3120 552 3223 Μηδὲν
584 3120 855 3222 φοθηθῇς,
885 3151 946 3203 οὐ
992 3120 1102 3222 γὰρ
1136 3120 1536 3222 ὑπερθήσομαι,
1570 3148 1684 3203 ἀλλ’
1717 3120 1950 3222 ἄρξομαι

2057 3120 2316 3192 incipiam
2343 3120 2518 3192 loqui.

367 3241 472 3314 ἤδη
508 3242 706 3313 λέγειν.

441 3355 532 3412 [Π.
564 3351 674 3411 Ἦν
700 3375 830 3412 ποτε
855 3359 946 3413 ἅτε
975 3356 1129 3412 οὐδὲν
1162 3356 1302 3430 πλὴν
1348 3357 1480 3429 χάος
1527 3356 1622 3412 καὶ
1667 3330 1946 3428 στοιχείων

369 3449 626 3504 ἀτάκτων
661 3450 706 3483 ⁸³
752 3451 832 3506 ἔτι
866 3450 1373 3524 συμπεφορημένων
1409 3450 1557 3522 μίξις
1615 3450 1952 3522 ἀδιάκριτος,

371 3542 532 3598 τοῦτο
562 3545 658 3598 καὶ
686 3545 786 3617 τῆς
809 3543 1025 3615 φύσεως
1051 3544 1538 3616 όμολογούσης,καὶ
1557 3541 1668 3597 τῶν
1701 3541 1954 3614 μεγάλων

367 3636 584 3709 ἀνδρῶν
615 3634 788 3701 οὕτως
815 3635 960 3708 ἔχειν
990 3635 1342 3709 νενοηκότων.
1383 3636 1498 3691 Καὶ
1542 3636 1797 3709 μάρτυρα
1843 3633 1955 3688 τῶν

374 3727 630 3800 μεγάλων
660 3729 718 3782 ὲν
747 3728 910 3800 σοφία
941 3727 1033 3782 τὸν
1069 3727 1326 3799 μέγιστον
1383 3728 1632 3801 ’Όμηρον
1676 3727 1839 3782 αὐτόν
1871 3745 1957 3783 σοι

365 3821 702 3895 παρέξομαι,
737 3821 960 3876 εἰπόντα
993 3821 1248 3895 περὶτῆς
1273 3819 1539 3876 ἀνέκαθεν
1579 3819 1917 3893 συγχύσεως·

388 3981 546 4038 Ἀλλ’
587 3981 756 4052 ὑμεῖς
773 3979 895 4052 μὲν
908 3977 1306 4052 πάπεςιῦδωρ
1325 3977 1426 4034 καὶ
1444 3977 1875 4049 γαῖατένοισθε
1887 3975 1955 4033 ⁸⁸.

371 4163 453 4228 ὥς
483 4161 696 4216 ἐκεῖθεν
724 4160 981 4216 ἀπάντων
1033 4157 1134 4231 τὴν
1191 4159 1403 4228 γένεσιν
1456 4155 1772 4229 ἐσχηκότων
1793 4195 1810 4222 ,
1863 4157 1960 4211 καὶ

376 4257 496 4329 μετ’
521 4254 568 4288 ⁸³
592 4253 849 4309 ἀνάλυσιν
877 4253 977 4325 τῆς
1001 4252 1174 4324 ὑγρᾶς
1206 4250 1302 4306 καὶ
1325 4250 1521 4324 γηῖνης
1545 4248 1733 4314 οὐσίας
1765 4248 1845 4313 είς
1858 4248 1960 4321 τὴν

373 4348 603 4423 πρώτην
648 4347 806 4401 πάλιν
832 4343 1359 4414 ἀποκαθισταμένων
1383 4341 1567 4412 φύσιν,
1597 4342 1626 4395 ὅ
1653 4342 1771 4396 ἐστι
1799 4341 1956 4412 χάος.

386 4439 629 4504 Ἡσίοδος
658 4439 716 4493 δὲ
747 4439 804 4492 ὲν
835 4440 902 4510 τῇ
936 4436 1196 4508 Θεογονίᾳ
1226 4435 1395 4505 λέγει·

575 4556 733 4611 Ἤτοι
759 4553 878 4622 μὲν
901 4551 1202 4622 πρώτιστα
1229 4547 1377 4619 χάος
1408 4547 1646 4620 ἐγένετο
1676 4548 1722 4581 ⁸⁸
1839 4590 1842 4594 .

375 4669 451 4724 Th
478 4669 536 4724 δὲ
564 4669 778 4737 ἐγένετο
810 4666 942 4740 (98')
967 4664 1206 4720 δηλονότι
1237 4663 1284 4698 ⁸⁸
1304 4659 1630 4734 γεγενῆσθαι
1661 4662 1739 4726 ὡς
1751 4663 1958 4735 γενητά

2128 3357 2218 3414 lll.
2246 3357 2472 3414 Exstitit
2505 3356 2805 3428 aliquando
2858 3363 3094 3428 tempus,
3126 3370 3255 3411 cum
3305 3354 3442 3410 nihil
3493 3363 3633 3421 erat,

2059 3459 2256 3522 praeter
2289 3451 2459 3507 chaos
2483 3450 2553 3515 :et
2593 3449 2990 3505 elementorum
3025 3446 3407 3514 confusorum,
3456 3447 3638 3502 adhuc

2059 3551 2431 3614 aggestorum,
2473 3541 2763 3597 misturam
2788 3542 3180 3612 promiscuam.
3233 3539 3290 3596 id
3321 3539 3468 3595 enim
3499 3537 3638 3594 fate-

2069 3643 2160 3689 tur
2191 3642 2410 3700 natura,
2442 3641 2607 3704 atque
2637 3632 2711 3687 ita
2740 3632 2963 3700 habere,
2987 3640 3243 3688 asserunt
3262 3629 3388 3691 aviri
3427 3629 3632 3700 magni.

2059 3728 2128 3784 Et
2177 3728 2320 3784 inter
2367 3725 2634 3798 sapientia
2693 3734 3015 3797 praestantes
3071 3722 3632 3796 praestantissimum,

2058 3816 2380 3884 Homerum,
2405 3814 2505 3872 tibi
2533 3813 2780 3880 afferam,
2820 3813 3090 3871 dicentem
3123 3815 3193 3870 de
3223 3813 3399 3884 prima
3440 3807 3638 3867 confu-

2059 3925 2214 3967 smne
2234 3927 2248 3964 ἒ

2228 4020 2331 4076 Vo:
2356 4021 2596 4094 equidem
2634 4020 2812 4076 cuncti
2840 4018 2995 4074 tellus
3033 4017 3178 4088 ﬁalis
3209 4025 3259 4070 et
3288 4014 3470 4070 unde:

2058 4165 2322 4229 tanquam
2350 4156 2482 4214 hinc
2510 4158 2696 4213 omnia
2730 4164 2913 4213 ortum
2959 4153 3242 4220 habeant,
3280 4150 3468 4222 'atque
3514 4158 3639 4221 post

2059 4250 2384 4308 substantia:
2409 4249 2651 4306 humidae
2711 4263 2776 4304 ac
2827 4255 3062 4302 terrena:
3106 4243 3526 4300 dissolutionem
3581 4243 3636 4295 in

2059 4343 2292 4415 primam
2324 4342 2524 4398 iterum
2559 4340 2919 4396 restituantur
2973 4343 3251 4401 naturam,
3285 4335 3392 4391 hoc
3440 4340 3522 4388 est
3579 4332 3635 4386 in

2059 4437 2256 4492 chaos.
2297 4431 2570 4489 Hesiodus
2597 4447 2728 4487 vero
2757 4431 2812 4485 in
2851 4428 3151 4497 Theogonia
3181 4425 3350 4481 dicit:

2348 4547 2533 4602 Primo
2562 4563 2742 4616 nempe
2771 4543 2944 4600 Chaos
2980 4542 3180 4612 factum
3210 4539 3351 4608 fuit:

2061 4663 2165 4720 Per
2190 4661 2344 4727 illud,
2368 4661 2569 4731 factum
2592 4660 2714 4730 fuit,
2741 4659 2952 4716 clarum
2975 4665 3060 4712 est
3087 4652 3234 4726 quod
3255 4637 3542 4722 significet,
3566 4663 3632 4703 ea

1673 4772 1907 4830 VARLE
1952 4773 2366 4832 LECTIONES.

449 4905 495 4945 Ib
555 4897 614 4952 δέ
641 4895 955 4963 transcnpsi
978 4909 1045 4949 ex
1067 4891 1150 4974 Ο..
1208 4897 1256 4972 ’.⁸
1277 4888 1510 4960 πατέρος
1621 4891 1628 4898 ’
1655 4891 1702 4967 ἶ⁶
1731 4887 1817 4940 ἐπ’
1844 4884 1910 4942 Ο.
1988 4892 2036 4925 ⁷⁷
2066 4887 2164 4970 οῦχ
2187 4886 2326 4956 αὐτὴ
2354 4886 2396 4941 C
2428 4926 2444 4951 ,
2469 4885 2568 4956 οὐχ
2595 4883 2732 4966 αὐτή
2752 4881 2883 5004 gsic)
2907 4880 2985 4947 Cl,
3020 4879 3118 4950 οὐχ
3154 4876 3295 4944 αὕτη
3322 4871 3388 4930 Ο.
3463 4874 3511 4909 ⁷⁸
3528 4872 3631 4944 τήν

515 4976 561 5004 n
589 4970 680 5004 ea»:
724 4967 768 5004 n
863 4965 909 5002 ιο
935 4963 1010 5004 Im
1045 4977 1238 5004 αρνιηςι
1271 4977 1319 5004 ρ-
1350 4958 1416 5004 ﬂ-
1460 4974 1553 5004 mn
1582 4958 1798 5004 uiridem
1823 4972 1910 5004 nr-
1934 4973 2084 5004 man-
2114 4976 2165 5004 In
2202 4967 2347 5004 textu
2377 4958 2505 5004 exh.
2528 4958 2595 5004 τῆ
2621 4971 2722 5004 της
2784 4953 2880 5004 ad:
2901 4951 3087 5004 τιμᾶν.
3114 4963 3203 5004 an.
3228 4945 3296 5004 (ἶ.
3321 4947 3354 5004 ἢ
3377 4963 3430 4999 τ.
3457 4943 3504 4997 Θ.
3542 4960 3630 4995 τι·

373 4975 441 5026 υ.
515 4976 561 5009 ⁷ο
589 4970 681 5020 ὲπί
724 4967 786 5021 0.
863 4955 909 5002 5°
935 4963 1013 5018 lta
1045 4960 1241 5030 scripsi
1271 4977 1320 5016 c.
1350 4955 1432 5030 ο.
1460 4959 1556 5030 qu_i
1582 4956 2087 5030 quidem_pr._man._
2113 4955 2166 5012 in
2189 4955 2347 5030 textu
2377 4958 2505 5010 exh.
2523 4955 2596 5030 τῇ
2621 4955 2722 5026 τῆς

499 5039 552 5164 ’ἐ
725 5011 1320 5165 Fit;
1338 5011 1417 5086 ὀί
1439 5011 1495 5084 οἷ
1523 5011 1860 5099 8.:1émcﬁe
1900 5011 1983 5082 (3.
2018 5011 2346 5084 Πίνξιίίαᾶ.
2374 5041 2475 5092 vn,
2516 5011 2609 5083 99'.

417 5105 494 5166 1'6.
514 5108 570 5164 S.
646 5115 692 5149 ⁸³
721 5107 889 5178 ,δῆλον
933 5106 1014 5159 ὅτι
1037 5105 1100 5160 C.

2784 4943 2880 5015 εᾶς
2901 4943 3203 5073 τιμᾷνξὶιθ.
3228 4943 3296 5011 C,
3321 4947 3354 5018 ἡ
3377 4963 3430 4999 τ.
3457 4943 3504 4997 θ.
3542 4943 3630 4995 τι-

2806 5020 2943 5073 ιιετά
2963 5020 3030 5073 Ο.
3054 5020 3101 5053 ⁸⁸
3192 5059 3206 5072 .
3257 5015 3386 5072 Hes.
3434 5013 3626 5073 Theon.

2730 5023 2778 5064 8’
2804 5013 2943 5094 μετά
2961 5013 3101 5079 Ol“
3141 5013 3206 5073 V.
3257 5013 3386 5072 Hes.
3434 5013 3626 5092 Theog.

1679 5210 2037 5268 VARIORUM
2076 5210 2290 5268 NOTIE
2303 5252 2317 5268 .

371 5339 581 5467 Γὶς98⁶)
602 5337 671 5394 Τὸ
702 5337 771 5392 δὲ
797 5337 1049 5420 ἐγένετο.
1079 5333 1281 5392 Eodem
1307 5332 1468 5414 modo
1488 5329 1758 5418 Hesiodus
1782 5329 1940 5384 intel-

394 5422 557 5467 mtur
595 5409 740 5467 apud
768 5409 1050 5462 Philonem
1099 5405 1345 5460 Judaeum
1379 5404 1519 5457 libro
1549 5402 1685 5467 Περι
1726 5397 1939 5467 ἀφθαρ-

394 5397 577 5479 igitur,
595 5409 740 5479 apud
768 5397 1062 5479 Pliilonenl
1099 5405 1345 5479 Judaeum
1379 5403 1526 5479 libro
1549 5401 1685 5472 Περὶ
1726 5397 1939 5472 ἀφθαρ-

372 5473 496 5545 «(ac
518 5473 748 5552 κόσμου,
774 5478 988 5552 μάθε,
1018 5473 1448 5552 VerbaPliilgnis
1477 5474 1640 5551 digna
1665 5480 1794 5552 sunt
1818 5484 1940 5538 qum

371 5539 491 5638 hic'
510 5539 793 5638 legantur?
827 5549 1047 5638 Πξιτέρα
1169 5543 1264 5598 τοῦ
1296 5539 1642 5638 Πλατωνικοῦ
1667 5539 1938 5638 ¹δόγματος

369 5623 502 5676 ενιοι
531 5609 808 5692 νῧμίζουσι
830 5619 934 5692 Ατὺν
975 5609 1506 5692 Ἡσίοδονηγενητον
1545 5613 1638 5692 και
1661 5609 1938 5692 ἄφθαρτον

368 5679 610 5766 δεόμενοί
644 5679 738 5744 τδν
777 5690 980 5758 κόσμον
1022 5687 1111 5741 ὑπ’
1159 5679 1364 5739 ἐκείνου
1388 5679 1677 5751 λλέγεσθαι·
1709 5679 1936 5750 γενητὸν

2050 5329 2195 5430 μὲνῇ
2209 5329 2289 5382 ὅτι
2315 5327 2498 5430 φησιν’

2123 5387 2302 5452 Ἠπου
2329 5387 2432 5468 ’μὲν
2470 5396 2750 5468 πρώτιστα
2775 5392 3124 5468 χάοςλγένετξ
3156 5387 3331 5468 αῦτάρ
3359 5387 3548 5468 ξπειτα

2116 5470 2230 5522 Γαῖ’
2257 5458 2633 5539 εὐρύστερνος,
2657 5458 2883 5539 πάντων
2913 5458 3036 5539 ἕδος
3053 5458 3452 5539 άσφαλξςαίεί.

2048 5529 2352 5665 ᾊιρθριρὲον
2371 5529 2549 5603 δὲ,ὂῖτι
2587 5529 2828 5592 διάλυσιν
2849 5543 2944 5590 και
2978 5529 3178 5604 φθορὰν
3206 5531 3269 5584 οὐ
3307 5529 3623 5601 μεμήνυκεν

2048 5626 2227 5664 αυτου.
2304 5625 2398 5665 or.

2042 5625 2227 5664 αυτου.
2258 5625 2398 5665 UOT.
