4082 6160
398 191 500 251 £99

1319 196 1377 252 S.
1415 194 1803 253 CLEMENTIS
1832 195 1853 251 l
1891 195 2059 253 ROM.
2086 196 2288 253 PONT.
2314 197 2543 255 OPERA
2577 199 2802 258 DUBIA.

3549 205 3659 266 200

396 317 458 365 ut
488 306 668 378 genita
693 314 879 364 ortum
908 308 1190 376 habuisse,
1237 324 1348 365 non
1396 318 1579 364 autem
1626 319 1685 364 ut
1732 300 1969 382 ingenita

2077 311 2352 384 σημαίνει,
2385 313 2447 367 οὐ
2472 313 2536 367 τὸ
2556 314 2642 369 ἀεὶ
2672 312 2908 388 εἷναιζὼς
2923 317 3183 391 ἀγένητα.
3205 322 3318 376 Καὶ
3359 322 3588 395 Ὀρφεὺς
3606 326 3656 361 ⁸⁸

396 413 613 471 semper
643 399 946 457 exstitisse.
977 400 1229 472 Orpheus
1257 410 1442 457 autem
1489 403 1660 459 chaos
1683 416 1790 459 ovo
1824 418 1976 459 com-

396 498 574 563 parat,
604 490 658 546 in
684 506 795 562 quo
814 492 1122 563 primorum
1144 492 1536 549 elementorum
1554 502 1676 549 erat
1696 493 1971 551 confusio.

396 580 517 639 Hoc
541 581 815 640 Hesiodus
842 585 1012 640 chaos
1035 584 1315 654 proponit,
1340 585 1487 655 quod
1516 582 1773 657 Orpheus
1804 601 1972 643 ovum

396 675 529 731 dicit
554 675 821 746 genitum,
853 689 923 731 ex
947 674 1159 733 infinita
1191 677 1421 733 materia
1460 678 1787 749 productum
1816 704 1835 748 ,
1889 679 1974 736 fa-

396 786 657 849 ctumque
681 777 790 833 ita:

463 884 555 942 IV.
577 885 714 942 Cum
746 885 974 942 materia
999 895 1239 959 quatuor
1259 902 1457 960 genera
1476 889 1846 959 complectens
1877 890 1976 947 ha-

394 979 547 1035 beret
565 977 829 1046 animam,
846 985 900 1034 et
918 987 1091 1035 totum
1116 979 1445 1036 immensum
1460 981 1737 1051 quoddam
1753 982 1976 1053 profun-

392 1069 523 1124 dum
543 1083 759 1140 semper
779 1070 972 1126 ﬂueret
998 1086 1064 1127 ac
1114 1078 1323 1128 temere
1348 1070 1588 1128 ferretur
1635 1081 1692 1128 et
1721 1073 1977 1131 innume-
2009 1069 2016 1078 ’

392 1176 485 1218 ras
535 1159 886 1233 imperfectas
942 1162 1229 1219 mistiones
1281 1163 1516 1219 subinde
1573 1164 1969 1235 profunderet,

391 1265 558 1325 atque
584 1255 707 1311 ideo
732 1254 854 1312 illas
881 1256 953 1312 ob
996 1254 1382 1312 confusionem
1429 1255 1688 1324 solveret,
1735 1271 1836 1314 nec
1864 1273 1972 1314 non

392 1344 592 1414 hiaret,
632 1345 790 1416 quasi
819 1345 888 1401 ad
914 1346 1321 1418 generationem
1342 1346 1597 1403 animalis
1647 1363 1754 1403 non
1787 1358 1975 1419 posset

392 1437 692 1509 compingi,
730 1437 1028 1508 aliquando
1055 1438 1307 1510 contigit,
1333 1448 1394 1495 ut
1414 1439 1549 1495 illud
1581 1439 1855 1495 inﬁnitum
1880 1456 1975 1512 pe-

390 1529 569 1600 lagus,
598 1544 697 1601 per
726 1531 1005 1602 propriam
1034 1538 1286 1586 naturam
1316 1545 1653 1588 concussum
1682 1541 1836 1589 motu
1869 1548 1971 1589 na-

392 1620 580 1688 turali,
612 1622 862 1678 ordinate
884 1622 954 1678 ab
1002 1624 1195 1679 eodem
1227 1625 1297 1679 ad
1347 1623 1491 1680 idem
1521 1625 1699 1682 instar
1745 1625 1972 1682 vorticis

391 1714 602 1781 flueret,
644 1715 1093 1787 substantiasque
1123 1717 1416 1786 misceret;
1444 1717 1633 1789 sicque
1680 1719 1880 1773 mirum
1913 1718 1969 1772 in

393 1807 640 1873 modum,
666 1808 816 1878 quod
849 1813 1094 1865 omnium
1124 1811 1391 1881 optimum
1418 1825 1484 1867 ac
1531 1811 1969 1869 maturissimum

390 1908 512 1955 erat
534 1908 703 1972 atque
728 1901 797 1955 ad
847 1902 1259 1974 generationem
1291 1903 1549 1959 animalis
1596 1901 1970 1973 aptissimum,

390 1993 540 2047 velut
569 1993 623 2046 in
656 1990 883 2048 fornace
907 2009 1003 2063 per
1025 1993 1261 2049 mediam
1292 1994 1609 2050 decurreret
1643 1994 1971 2050 universita-

391 2091 523 2151 tem,
549 2093 605 2139 et
636 2099 731 2154 per
768 2094 965 2140 cuncta
989 2083 1253 2141 ferentem
1281 2087 1545 2142 vorticem
1592 2087 1695 2142 iret
1742 2087 1812 2142 ad
1838 2101 1971 2158 pro-

391 2175 643 2241 fundum,
670 2177 1175 2249 circumfusumqne
1196 2179 1450 2250 spiritum
1495 2181 1831 2248 attraheret;
1867 2196 1969 2237 nec

390 2282 504 2322 non
555 2266 714 2338 quasi
745 2270 799 2323 in
852 2269 1150 2325 maximam
1204 2268 1594 2327 fecunditatem
1643 2281 1965 2342 conceptum

388 2357 595 2415 faceret
614 2360 905 2417 discretam
934 2364 1416 2434 compositionem.
1486 2363 1963 2431 Quemadmodum

390 2452 537 2508 enim
574 2453 629 2508 in
657 2453 891 2511 humido
941 2454 1062 2513 ﬁeri
1089 2457 1229 2513 solet
1282 2457 1429 2513 bulla
1455 2498 1470 2523 ,
1500 2457 1572 2512 ita
1602 2457 1964 2513 orbiculatum

390 2544 633 2615 undique
662 2548 1121 2618 comprehensum
1147 2558 1239 2605 est
1281 2564 1502 2619 corpus.
1554 2548 1757 2604 Deinde
1784 2549 1964 2619 ipsum

390 2637 446 2692 in
471 2641 652 2709 seipso
682 2649 1034 2711 conceptum,
1065 2655 1096 2696 a
1117 2642 1306 2697 divino
1331 2643 1425 2711 qui
1455 2653 1829 2710 assumpserat
1855 2643 1967 2713 spi—

391 2729 504 2785 ritu
528 2731 849 2786 subvectum
878 2771 893 2797 ,
944 2732 1001 2786 in
1044 2731 1222 2788 lucem
1253 2731 1454 2804 prodiit
1501 2733 1801 2788 maximum
1861 2734 1966 2791 hoc

392 2836 612 2892 germen
646 2837 739 2877 seu
779 2820 941 2889 fetus,
983 2831 1242 2892 tanquam
1270 2839 1335 2877 ex
1362 2824 1511 2879 omni
1542 2824 1810 2880 immenso
1835 2839 1964 2895 pro-

393 2914 563 2970 fundo
580 2915 922 2986 progenitum
951 2914 1228 2987 opiﬁcium
1259 2916 1559 2971 animatum
1588 2960 1602 2985 ,
1640 2919 1818 2975 simile
1848 2922 1965 2979 ovis

390 2992 489 3080 per
522 3007 911 3063 rotunditatem
940 3016 996 3064 et
1018 3009 1211 3064 avibus
1242 3023 1339 3079 per
1372 3008 1728 3065 celeritatem.

464 3117 532 3175 ν.
555 3118 855 3174 Saturnum
881 3119 1194 3193 igiturmihi
1216 3129 1343 3191 puta
1361 3136 1481 3177 esse
1499 3132 1734 3191 tempus,
1761 3122 1966 3179 Rheam

390 3226 525 3266 vero
560 3210 692 3267 illud
724 3211 965 3268 humidae
986 3212 1331 3279 substantias,
1363 3213 1509 3283 quod
1536 3212 1685 3269 ﬂuit:
1709 3215 1837 3285 quia
1874 3231 1970 3285 per

292 3344 295 3351 ι
391 3312 608 3375 tempus
632 3314 846 3361 versata
870 3306 1053 3362 omnis
1090 3306 1340 3374 materia,
1372 3307 1522 3363 velut
1552 3323 1738 3372 ovum,
1766 3309 1965 3364 coelum

391 3394 537 3467 quod
584 3396 881 3452 rotundum
933 3406 1021 3454 est
1054 3399 1310 3469 quodque
1342 3398 1529 3453 omnia
1561 3400 1965 3468 complectitur,

391 3486 620 3557 peperit.
651 3486 808 3554 Quod
839 3503 1002 3544 ovum
1035 3488 1307 3560 principio
1330 3488 1564 3545 fecunda
1594 3488 1830 3544 medulla
1854 3490 1969 3559 ple-

392 3594 526 3634 num
552 3577 675 3642 fuit,
709 3579 911 3649 quippe
939 3580 1089 3650 quod
1111 3591 1300 3650 posset
1328 3582 1601 3637 elementa
1635 3590 1690 3636 et
1714 3581 1965 3652 omnige-

393 3687 494 3728 nas
532 3672 743 3742 species
770 3687 1081 3743 procreare,
1119 3683 1360 3729 attamen
1393 3674 1742 3745 omnigenam
1764 3689 1831 3729 ex
1860 3688 1967 3728 una

393 3763 702 3819 substantia
732 3779 949 3834 unaque
972 3765 1152 3835 specie
1169 3766 1293 3820 tulit
1309 3766 1626 3835 imaginem.
1650 3766 1804 3821 Sicut
1820 3766 1965 3820 enim

397 3851 451 3905 in
476 3853 709 3921 pavonis
733 3852 845 3908 fetu
878 3869 1023 3909 unus
1053 3855 1274 3924 quidem
1303 3855 1390 3909 ovi
1422 3855 1636 3910 videtur
1661 3857 1833 3919 color,
1864 3868 1966 3926 po-

396 3950 587 3995 testate
607 3951 787 3996 autem
816 3943 965 3998 mille
991 3943 1048 3996 in
1079 3959 1139 3999 se
1173 3944 1335 3999 habet
1364 3944 1680 4014 perficiendi
1707 3944 1966 3999 animalis

394 4033 637 4089 colores:
666 4034 739 4088 ita
771 4044 826 4089 et
852 4035 1000 4105 quod
1031 4049 1099 4090 ex
1128 4035 1396 4090 immensa
1436 4036 1667 4090 materia
1719 4038 1964 4106 genitura

394 4134 479 4181 est
496 4138 661 4180 ovum
694 4125 1018 4193 animatum,
1056 4141 1122 4182 ex
1151 4126 1394 4197 subjecta
1422 4141 1745 4197 semperque
1768 4126 1968 4182 fluente

395 4216 623 4272 materia
650 4226 1009 4286 commotum,
1058 4216 1404 4274 omnimodas
1448 4217 1654 4273 exserit
1705 4217 1964 4272 mutatio-

396 4324 515 4365 nes.
545 4308 691 4365 Intra
737 4310 884 4365 enim
922 4309 1423 4367 circumferentiam
1480 4309 1706 4379 aliquod
1736 4308 1963 4375 animai,

2074 404 2133 459 δὲ
2161 405 2223 459 τὸ
2254 407 2386 477 χάος
2407 406 2499 478 ὼῷ
2531 409 2853 480 παρεικάζει
2879 450 2894 474 ,
2935 412 2994 465 ὲν
3023 404 3068 479 ᾧ
3093 413 3202 467 τῶν
3231 411 3465 485 πρώτων
3514 433 3661 472 στοι-

2074 496 2238 566 χείων
2255 493 2324 570 ἦν
2343 501 2376 570 η
2403 497 2686 570 σύγχυσις.
2709 500 2880 555 Τοῦτο
2912 502 3153 568 Ἡσίοδος
3172 504 3304 575 χάος
3322 507 3657 578 ὑποτίθεται,

2074 588 2210 659 ὅπερ
2255 588 2485 661 Ὀρφεὺς
2515 588 2621 644 ὠὸν
2642 589 2789 661 λέγει
2815 595 3063 666 γενητὸν,
3083 596 3143 662 ἐξ
3170 597 3397 671 ἀπείρου
3412 600 3510 672 τῆς
3525 600 3658 674 ὕλης

2074 681 2536 756 προϐεϐλημένον,
2570 684 2793 754 γεγονὸς
2822 686 2881 740 δὲ
2910 686 3056 742 οὐτω
3088 689 3133 721 ⁸⁷
3149 704 3165 720 ο

2149 882 2310 955 158
2340 881 2552 957 lV.,Tﬁg
2569 881 2929 955 τετραγενοῦς
2944 881 3077 956 ὕλης
3097 883 3339 956 ἐμψύχου
3360 883 3544 959 οὔσης,
3562 890 3656 943 καὶ

2075 977 2199 1031 ὅλου
2232 975 2461 1048 ἀπείρου
2487 975 2630 1040 τινὸς
2661 975 2827 1047 βυθοῦ
2862 976 2949 1030 ἀεὶ
2971 975 3181 1049 ῥέοντος
3212 977 3344 1050 (99),
3369 979 3464 1032 καὶ
3491 981 3653 1051 ἀκρίι

2071 1085 2181 1132 τως
2211 1066 2534 1140 φερομένου,
2569 1069 2665 1122 καὶ
2699 1067 2897 1141 μυρίας
2926 1068 3136 1133 ἀτελεῖς
3167 1069 3394 1140 κράσεις
3434 1070 3515 1134 είς
3558 1070 3655 1125 ἀλ-

2073 1160 2195 1214 λοτε
2222 1158 2397 1223 ἄλλως
2426 1159 2475 1192 ⁸⁸
2505 1159 2918 1231 ὲπαναχέοντος,
2934 1161 3028 1214 καὶ
3044 1160 3134 1214 διά
3152 1160 3310 1216 τοῦτο
3327 1160 3498 1226 αὐτὰς
3521 1163 3654 1217 ἀνα-

2072 1251 2291 1316 λύοντος
2319 1253 2386 1324 τῇ
2420 1250 2639 1324 ἀταξίᾳ,
2674 1254 2769 1307 καὶ
2787 1252 3079 1326 κεχηνότος
3107 1253 3202 1307 καὶ
3220 1254 3266 1286 ⁸⁵
3290 1255 3372 1318 είς
3397 1255 3653 1328 γέννησιν

2073 1344 2213 1409 ζὼου
2240 1344 2457 1418 δεθῆναι
2488 1346 2562 1419 μὴ
2594 1345 2916 1418 δυναμένου,
2952 1346 3152 1419 συνέὸη
3186 1346 3317 1401 ποτὲ
3350 1348 3513 1401 αὐτοῦ
3553 1348 3651 1402 τοῦ

2072 1437 2300 1511 ἀπείρου
2333 1437 2623 1507 πελάγους,
2653 1437 2760 1493 ὑπὸ
2797 1439 2933 1503 ίδίας
2962 1439 3177 1508 φύσεως
3209 1440 3649 1511 περιωθουμένου

2073 1533 2526 1603 κινήσειφυσικῇ,
2561 1531 2840 1595 εὐτάκτως
2870 1532 3063 1603 ῥυῆναι
3101 1532 3210 1586 ἀπὸ
3241 1531 3337 1585 τοῦ
3370 1531 3535 1586 αὐτοῦ
3568 1534 3651 1596 είς

2071 1625 2132 1679 τὸ
2162 1625 2316 1690 αὐτὸ,
2351 1624 2542 1697 ὥσπερ
2574 1624 2780 1695 ίλιγγα,
2835 1625 2931 1678 καὶ
2965 1624 3116 1697 μίξαι
3147 1624 3248 1690 τὰς
3293 1626 3499 1692 οὐσίας,
3554 1626 3648 1680 καὶ

2071 1717 2245 1783 οὕτως
2271 1716 2332 1783 ἐξ
2361 1715 2627 1771 ἀκουστοῢ
2660 1717 2707 1750 ⁹⁰
2735 1717 2846 1772 τῶν
2876 1717 3095 1772 πάντων
3137 1718 3198 1771 τὸ
3228 1717 3645 1790 νοστιμώτατον,

2071 1811 2208 1883 ὅπερ
2239 1810 2377 1883 πρὸς
2423 1809 2677 1882 γέννησιν
2719 1808 2858 1873 ζώου
2884 1808 3316 1882 ἐπιτηδειότατον
3337 1806 3426 1883 ἦν,
3460 1809 3647 1882 ὥσπερ

2070 1904 2129 1958 ὲν
2161 1901 2309 1976 χώνῃ
2329 1902 2472 1957 κατὰ
2509 1900 2675 1974 μέσου
2706 1903 2900 1975 ῥυῆναι
2930 1901 3025 1956 τοῦ
3047 1902 3268 1968 παντὸς,
3288 1903 3383 1956 καὶ
3415 1901 3518 1956 ὑπὸ
3548 1902 3649 1973 τῆς

2072 1997 2250 2050 πάντα
2266 1994 2539 2068 φερούσης
2565 1993 2775 2064 ἴλιγγος
2801 1995 3047 2066 χωρῆσαι
3081 1996 3160 2058 εἱς
3179 1994 3225 2029 ⁹¹
3260 1992 3438 2065 βάθος,
3473 1992 3648 2047 καὶτὸ

2070 2087 2454 2161 περικείμενον
2487 2085 2706 2158 πνεῦμα
2724 2086 3153 2150 ἐπισπάσασθαι,
3184 2087 3278 2140 καὶ
3306 2086 3382 2150 ὡς
3401 2087 3480 2150 είς
3500 2101 3648 2155 γονι-

2073 2179 2320 2252 μώτατον
2341 2178 2643 2251 συλληφθὲν
2668 2182 2841 2233 ποιεῖν
2860 2178 3403 2250 κριτικὴνσύστασιν.
3437 2179 3647 2250 Ὥσπερ

2069 2272 2179 2345 γὰρ
2210 2274 2268 2326 ὲν
2302 2272 2455 2345 ὑγρῷ
2488 2272 2636 2343 φιλεῖ
2665 2270 2909 2341 γίνεσθαι
2941 2270 3242 2342 πομφόλυξ,
3281 2269 3454 2334 οὕτως
3489 2286 3648 2339 σφαι-

2071 2364 2276 2437 ροειδὲς
2300 2363 2637 2437 πανταχόθεν
2660 2363 2967 2437 συνελήφθη
2992 2364 3037 2395 ’³
3056 2365 3234 2428 κύτος.
3271 2365 3499 2417 Ἔπειτα
3516 2363 3646 2416 αὐτὸ

2069 2458 2129 2512 δν
2159 2457 2340 2530 ἑαυτῷ
2374 2458 2597 2529 κυηθὲν,
2633 2455 2740 2511 ὑπὸ
2768 2455 2864 2510 τοῦ
2897 2455 3290 2528 παρειληφότος
3333 2455 3380 2487 ’³
3399 2454 3647 2519 θειὼδους

2069 2549 2379 2621 πνεύματος
2432 2548 2857 2621 ἀναφερόμενον,
2893 2547 3199 2619 προέκοψεν
3231 2549 3311 2610 εἰς
3341 2547 3456 2617 φῶς
3491 2547 3645 2618 μέγι-

2070 2642 2193 2698 στόν
2217 2656 2272 2696 τι
2300 2642 2459 2696 τοῦτο
2484 2641 2699 2713 ἀποκύη
2708 2658 2804 2713 μα,
2824 2640 2901 2703 ὡς
2926 2639 2992 2693 ἂν
3005 2642 3070 2694 ὲκ
3088 2640 3287 2704 παντὸς
3307 2640 3399 2693 τοῦ
3414 2640 3643 2712 ἀπείρου

2070 2736 2232 2808 βυθοῦ
2260 2735 2706 2808 ἀποκεκυημένον
2734 2734 2976 2807 ἔμψυχον
3003 2734 3410 2807 δημιούργημα,
3456 2735 3550 2788 καὶ
3575 2736 3642 2808 τῇ

2068 2829 2390 2903 περιφερείᾳ
2434 2828 2544 2883 τῶν
2584 2828 2707 2883 ὠῶν
2748 2829 3085 2900 προσεοικὸς,
3116 2828 3210 2884 καὶ
3238 2828 3317 2900 τῷ
3360 2829 3514 2901 τάχει
3545 2829 3645 2901 τῆς

2069 2926 2337 2997 πτήσεως.

2143 3100 2302 3172 159
2316 3098 2379 3155 Υ.
2397 3100 2603 3173 Κρόνον
2620 3097 2817 3173 οὗνςτὸν
2835 3102 3024 3173 χρόνον
3042 3119 3131 3175 μοι
3146 3102 3385 3175 νόει,τὴν
3402 3103 3459 3157 δὲ
3487 3105 3644 3160 Ῥέαν

2065 3194 2127 3247 τὸ
2161 3194 2281 3266 ῥέον
2312 3193 2411 3265 τῆς
2467 3194 2641 3266 ὑγρᾶς
2686 3194 2906 3259 οὐσίας’
2940 3195 3023 3249 ὅτι
3068 3195 3243 3267 χρόνῳ
3292 3197 3567 3269 φερομένη
3608 3201 3643 3271 η

2068 3287 2168 3360 ὐλη
2202 3288 2388 3341 ἀπασα
2419 3284 2609 3359 ὥσπερ
2638 3286 2743 3341 ὠὸν
2775 3287 2867 3342 τὸν
2912 3288 3090 3342 πάντα
3129 3288 3452 3360 περιέχοντα
3485 3308 3645 3361 σφαι-

2069 3380 2246 3453 ροειδῆ
2279 3378 2592 3452 ἀπεκύησεν
2621 3381 2877 3452 οὐρανόν·
2911 3381 3048 3453 ὅπερ
3080 3382 3201 3435 κατ’
3222 3382 3396 3454 ἀρχάς
3423 3383 3518 3437 τοῦ
3549 3402 3644 3454 γο-

2067 3472 2226 3543 νίμου
2263 3471 2462 3543 μυελοῦ
2496 3472 2700 3545 πλῆρες
2727 3469 2817 3545 ἦν,
2840 3473 2917 3537 ὡς
2948 3474 3014 3528 ἂν
3039 3474 3086 3506 ⁸⁸
3105 3476 3343 3546 στοιχεῖα
3374 3475 3468 3530 καὶ
3495 3475 3641 3549 χρώ-

2069 3580 2214 3634 ματα
2236 3564 2552 3620 παντοδαπά
2583 3566 2833 3620 ἐκτεκεῖν
2859 3565 3174 3637 δυνάμενον,
3201 3567 3299 3621 καὶ
3327 3568 3477 3639 ὅμως
3509 3585 3643 3622 παν-

2064 3655 2302 3727 τοδαπὴν
2333 3658 2399 3710 ἐκ
2422 3658 2552 3728 μιᾶς
2576 3656 2766 3721 οὐσίας
2795 3674 2855 3711 τε
2878 3658 2971 3711 καὶ
3004 3657 3292 3729 χρώματος
3325 3659 3443 3723 ἑνὸς
3477 3660 3640 3734 ἔφερε

2065 3749 2164 3821 τὴν
2192 3748 2512 3818 φαντασίαν.
2541 3748 2751 3820 Ὠσπερ
2771 3747 2880 3819 γὰρ
2898 3750 2957 3802 ὲν
2983 3747 3062 3819 τῷ
3086 3748 3181 3802 τοῦ
3205 3748 3318 3803 ταὼ
3344 3753 3642 3825 γεννήματι

2065 3839 2125 3894 ἐν
2160 3839 2259 3911 μὲν
2287 3839 2382 3893 τοῦ
2411 3839 2521 3894 ὠοῦ
2549 3840 2746 3911 χρῶμα
2777 3840 2943 3904 δοκεῖ,
2972 3840 3214 3918 δυνάμει¹
3243 3842 3300 3895 δὲ
3331 3846 3498 3917 μυρία
3527 3845 3640 3917 ἔχει

2066 3934 2125 3987 ὲν
2161 3932 2339 4003 ἑαυτῷ
2373 3932 2468 3985 τοῦ
2522 3931 2805 4003 μέλλοντος
2860 3933 3301 4006 τελεσφορεῖσθαι
3352 3936 3637 4009 χρώματα,

2065 4024 2238 4089 οὕτως
2269 4026 2362 4079 καὶ
2391 4024 2452 4078 τὸ
2475 4024 2535 4091 ἐξ
2580 4024 2809 4096 ἀπείρου
2853 4024 2986 4097 ὕλης
3044 4027 3353 4102 ἀποκυηθὲν
3398 4031 3638 4103 ἔμψυχον

2066 4118 2190 4185 ὠὸν,
2225 4119 2289 4170 ὲκ
2319 4116 2418 4188 τῆς
2448 4116 2814 4190 ὑποκειμένης
2829 4118 2924 4171 καὶ
2942 4120 3030 4173 ἀεὶ
3052 4122 3282 4195 ῥεούσης
3312 4123 3445 4197 ὐλης
3469 4128 3639 4181 κινού-

2069 4226 2248 4284 μενον,
2296 4209 2644 4273 παντοδαπάς
2683 4211 2926 4279 ἐκφαίνει
2983 4216 3208 4285 τροπάς.
3250 4218 3496 4274 Ἔνδοθεν
3530 4222 3638 4294 γάρ

2064 4305 2164 4376 τῆς
2190 4303 2542 4375 περιφερείας
2567 4302 2701 4368 ζῶόν
2721 4321 2773 4358 τι
2800 4304 3134 4380 ἀρῤενόθηλυ
3152 4309 3492 4366 είδοποιεῖται
3514 4331 3640 4385 προ-

395 4401 652 4471 quodest
702 4402 1177 4467 masculofemina,
1231 4416 1329 4474 per
1382 4402 1731 4458 inexistentis
1788 4401 1959 4457 divini

2069 4398 2184 4469 νοίᾳ
2210 4395 2305 4450 τοῦ
2333 4396 2545 4459 ἐνόντος
2576 4396 2633 4449 ὲν
2662 4396 2810 4468 αὑτῷ
2844 4398 2988 4453 θείου
3031 4401 3341 4474 πνεύματος
3360 4446 3375 4471 ,
3426 4406 3486 4459 ὃν
3530 4407 3637 4460 Φά-

396 4491 622 4564 spiritus
668 4496 1066 4567 providentiam
1120 4495 1409 4566 formatur,
1457 4498 1606 4567 quod
1657 4494 1953 4550 Phanctem

2069 4509 2194 4564 νητα
2238 4490 2469 4562 Ὀρφεὺς
2499 4488 2673 4553 καλεῖ,
2732 4490 2814 4545 ὅτι
2847 4492 3012 4547 αὐτοῦ
3058 4496 3314 4564 φανέντος
3342 4498 3405 4552 τὸ
3438 4501 3545 4553 πᾶν
3577 4501 3636 4569 ἐξ

1666 4655 1901 4712 VARIIE
1938 4651 2339 4710 LECTIONES.

467 4801 516 4867 ξε
538 4794 659 4867 Cir.
671 4793 942 4867 Lobeck‘A
950 4793 1158 4864 glaoplt.
1172 4809 1226 4863 p.
1236 4791 1632 4867 d_75seqq.;Bra
1640 4793 1761 4867 udis
1811 4791 1937 4867 Hist

2071 4791 2368 4875 {os-.ﬁrw'c.
2397 4808 2527 4848 rom.
2553 4790 2806 4875 56.9167.
2834 4780 2898 4875 S._
2952 4796 3180 4875 “of:ng
3339 4802 3385 4875 δέ
3410 4802 3635 4875 κράσεις

467 4801 516 4836 σε
538 4794 649 4849 Cir.
671 4793 883 4877 I_.obeck
903 4791 1761 4875 Aglaoph.p..4:75seqq.38randis
1811 4791 2168 4915 Ilisttpltilos.
2199 4791 2368 4846 Graec.
2397 4808 2527 4848 rom.
2553 4791 2691 4876 136.0,
2716 4796 2806 4849 67.
2834 4794 2890 4851 S.
2952 4796 3180 4863 ⁸⁷οὖτως
3212 4798 3269 4855 S.
3339 4802 3385 4833 ⁸⁸
3410 4802 3630 4875 κράσεις

399 4865 586 4946 ἀλλοξξ
614 4865 798 4946 ἄλλοις,
824 4864 994 4946 deleta
1013 4867 1524 4946 pympqsntloneﬁegi
1545 4864 1659 4946 vult
1676 4863 1739 4916 Ι).
1793 4864 1930 4944 ’ἢὼς
1993 4903 2029 4946 ,ι
2077 4864 2123 4946 ’.ο
2140 4861 2198 4929 ἐξ
2222 4862 2452 4946 ἑκάστου
2476 4864 2712 4946 scribit!)
2746 4905 2760 4928 ,
2785 4867 3051 4946 probante
3062 4867 3630 4946 LobeclfioAglaoplg,

400 4954 452 5019 ρ.
479 4936 606 5018 ΗΞ.
643 4934 800 5019 ριιρά
826 4935 892 5019 ι
922 4933 1083 5019 vertit
1120 4933 1315 5019 inii-um
1353 4934 1676 5019 immodu‘m,
1710 4933 1896 5019 nescio
1924 4933 2066 5019 unde
2096 4934 2236 4987 hanc
2258 4933 2804 5019 Linterpretationeni.
2817 4939 3098 5019 hauserit.
3143 4939 3200 4995 S.
3234 4933 3634 5019 _Sequéns-3:t'_bv

400 5000 607 5085 inserui
633 5021 681 5059 c.
707 5003 771 5060 Ο.
849 5005 896 5085 ⁸-⁸
928 5005 1009 5068 είς
1039 5004 1245 5085 excidit
1272 5020 1364 5085 ap:
1388 5003 1450 5058 Ci
1505 5002 1639 5085 et‘S.
1674 5072 1687 5085 '
1712 5003 1757 5039 θ’
1783 5001 2074 5085 συνειλήθη
2094 5000 2538 5085 mavult‘Lohee‘k
2563 5000 2904 5085 |.l_.,p_.-475.
3016 5006 3152 5063 Tum
3178 5000 3345 5085 κύτος
3377 5014 3521 5085 conj.
3540 5015 3581 5069 (Σ
3612 5031 3627 5080 ;

398 5071 589 5139 νυκτός
617 5084 843 5146 uterque
871 5076 1020 5130 hom.
1051 5076 1248 5131 codex.
1308 5071 1366 5115 ’³³
1395 5072 1780 5144 κατειληφότος
1804 5080 1948 5127 recte
1976 5071 2083 5126 scr.
2116 5071 2332 5127 Lobeck
2362 5074 2400 5128 l.
2430 5071 2542 5130 l.S.
2616 5074 2664 5108 ”
2680 5071 2885 5149 πλῆρες
2927 5078 3140 5148 ῆνωσαν
3167 5080 3230 5136 C.
3324 5071 3341 5079 ⁷
3466 5086 3470 5090 ‘

1696 5181 2052 5239 VARIORUM
2105 5182 2335 5242 ΝΟΤᾸΕ.

471 5279 582 5351 (99)
611 5278 1075 5351 Ἀπείρουτινὸς
1095 5279 1293 5351 βυθοῖί
1314 5277 1406 5351 ἀεὶ
1433 5277 1707 5351 ῥέοντος.
1742 5275 1808 5331 Et
1842 5277 1965 5345 qui-

398 5347 625 5420 buisdam
640 5349 1186 5420 ititerpositis,gabroﬁ
1198 5348 1296 5402 τοῦ
1313 5348 1542 5420 ἀπείρου
1555 5347 1841 5420 πελάγους,
1848 5356 1961 5420 etc.

400 5418 676 5475 Pertinent
698 5415 805 5476 huc
833 5421 950 5475 loca
985 5415 1623 5490 Recognitiunumlfihrx,
1649 5433 1770 5490 cap.
1811 5415 1877 5468 i7
1908 5426 1965 5470 et

400 5490 490 5560 ἕξ,
521 5501 626 5546 etc.
676 5490 918 5560 itemque
965 5487 1140 5545 verba
1175 5489 1474 5560 Porphyrii
1507 5488 1646 5560 libro
1683 5487 1762 5560 «pc
1809 5495 1963 5541 antro

404 5557 767 5624 Nympharum
788 5601 802 5624 ,
830 5555 1124 5615 sub-finem
1161 5576 1174 5612 :
1208 5555 1407 5621 Πόντος
1432 5558 1519 5622 δὲ,
1556 5557 1650 5610 καὶ⁵
1680 5555 1921 5611 θάλασσα
1950 5600 1961 5619 ,η

401 5624 495 5685 ια’).
519 5628 851 5693 κλύδωνδιαὶ
874 5630 1022 5703 παρὰ
1041 5630 1285 5685 Πλάτωνι
1309 5630 1343 5701 ἡ
1365 5628 1522 5701 ὑλικὴ
1546 5627 1820 5690 σύστασις.
1841 5624 1960 5683 (Iw-

2070 5289 2235 5333 terum
2265 5289 2316 5335 et
2346 5281 2488 5350 apud
2510 5280 2792 5359 Platonem
2829 5285 3384 5359 matert'mrongeries,
3419 5298 3630 5359 pontus,

2068 5364 2213 5427 mage
2248 5368 2310 5404 ac
2337 5350 2700 5427 procellarum
2747 5364 2906 5427 (gaius
2934 5350 3251 5427 appellatur.
3297 5350 3635 5427 Nicepitorus

2068 5370 2213 5403 mare
2248 5370 2310 5404 ac
2348 5370 2700 5420 procurarunt
2747 5370 2906 5407 cestus
2934 5371 2966 5407 a
3036 5370 3251 5411 euatur.
3297 5370 3600 5427 meepnoru

2068 5419 2121 5472 iu
2162 5417 2527 5501 Synesiump.
2559 5422 2713 5501 5§5_:
2756 5423 2925 5501 B_ui_)bv
2957 5370 3320 5501 casinam
3351 5427 3502 5501 ὕλην.
3536 5429 3606 5481 At

2066 5503 2172 5552 que
2198 5490 3113 5562 hinciBythusYalentiniauorum.
3145 5490 3350 5553 Vide'in
3395 5490 3634 5556 Chrono-

2070 5562 2290 5633 grapln‘a
2316 5561 2533 5632 Gecrgii
2568 5561 2801 5637 Syncelli
2828 5579 2884 5637 p.
2914 5564 3006 5622 29.
3033 5563 3171 5624 Cor.
