4084 6148
482 263 590 319 203

1332 261 1390 317 S.
1429 261 1814 318 CLEMENTIS
1848 263 1868 318 l
1907 257 2069 322 ROM.
2111 265 2309 323 ΡΟΝΤ.
2350 265 2575 321 OPERA
2613 265 2836 324 DUBIA.

3607 267 3718 325 204

477 383 669 449 utpote
695 375 874 431 vitalis
896 382 950 431 et
990 373 1043 431 in
1068 375 1237 432 altum
1265 377 1511 443 tendens,
1545 378 1598 434 in
1643 394 1823 434 aerem
1856 380 2038 436 evola-

2151 381 2370 452 ρότητα.
2404 381 2483 452 Τῇ
2517 375 2608 434 οὖν
2643 382 2749 453 ἰδία
2800 381 3092 453 θερμότητι
3127 383 3150 414 ³
3178 383 3206 435 ὁ
3237 381 3390 446 Ζεὺς,
3434 378 3718 434 τουτέστιν

477 471 577 534 vit,
609 469 701 540 qui
739 477 792 523 et
814 467 1275 538 prudentissimus
1312 479 1398 525 est
1445 479 1670 541 propter
1721 473 2036 542 puritatem.

479 559 594 614 Suo
627 561 790 632 igitur
811 559 994 614 calore
1028 557 1262 630 Jupiter,
1294 563 1398 617 hoc
1429 572 1512 618 est
1589 565 1895 620 substantia
1922 565 2037 621 fer-

476 653 622 717 vida,
651 652 833 706 haurit
864 653 1014 722 quod
1039 653 1289 709 relictum
1315 663 1400 710 est
1431 655 1482 709 in
1517 656 1765 726 subjecto
1789 657 2035 734 humido,

2148 475 2182 544 ἠ
2211 473 2406 536 ζέουσα
2441 473 2619 537 οὐσία,
2653 473 2714 526 τὸ
2755 474 3110 544 καταλειφθὲν
3145 477 3204 528 ἐν
3245 473 3326 545 τῷ
3373 473 3717 544 ὑποκειμένῳ

2144 565 2316 638 ὑγρῷ’
2343 566 2405 619 τδ
2438 565 2783 638 ἰσχυρότατον
2803 565 2827 597 ⁵
2853 565 2946 619 καὶ
2979 565 3120 621 θεῖον
3147 565 3441 638 ἀνιμᾶται⁸
3473 561 3714 635 πνεῦμα,

2147 659 2287 730 ὅπερ
2323 659 2501 730 Μῆτιν
2537 657 2822 712 ἐκάλεσαν.

477 745 684 800 scilicet
711 744 1092 799 tenuissimum
1117 745 1476 818 divinumque
1504 749 1780 818 spiritum,
1809 751 1897 805 cui
1922 750 2080 807 Metis
2109 767 2308 834 nomen
2334 751 2551 806 dedere.
2625 769 2628 772 ’

545 854 679 911 νιιι.
715 856 795 910 Ad
827 855 1046 912 aetheris
1077 866 1260 926 autem
1301 858 1556 914 verticem
1599 860 1847 928 veniens,
1886 870 1942 918 et
1973 862 2042 918 ab

470 960 540 1001 eo
589 932 930 1012 imbibitum,
979 946 1127 1003 velut
1175 949 1460 1004 humidum
1504 950 1652 1007 sicco
1695 953 2038 1023 permistum,

472 1036 694 1107 quando
739 1046 1060 1107 perpetuum
1125 1037 1320 1094 indidit
1367 1040 1736 1110 palpitationis
1784 1051 1992 1098 motum
2020 1085 2037 1112 ,

473 1129 646 1200 gignit
668 1129 1099 1200 intelligentiam,
1122 1146 1285 1202 quam
1304 1141 1357 1187 et
1378 1131 1650 1188 Palladem
1675 1147 1706 1188 a
1729 1135 2040 1206 palpitando

471 1221 894 1292 cognominant;
933 1237 1055 1292 quze
1099 1233 1182 1278 est
1223 1223 1678 1282 artiﬁciosissima
1724 1228 2036 1298 prudentia,

471 1329 580 1383 qua
631 1329 764 1369 usus
809 1314 1076 1370 aethereus
1139 1315 1335 1372 artifex
1389 1318 1705 1374 universum
1770 1322 2034 1378 mundum

471 1406 773 1463 fabricatus
800 1415 901 1462 est.
931 1406 1014 1462 Ab
1039 1408 1158 1478 ipso
1187 1417 1366 1464 autem
1399 1419 1715 1480 penetrante
1743 1411 1906 1481 Jove,
1938 1429 2035 1469 seu

470 1502 841 1557 fervidissimo
868 1502 1090 1567 aethere,
1115 1517 1208 1558 aer
1251 1503 1320 1558 ad
1349 1503 1466 1559 hinc
1496 1520 1670 1575 usque
1698 1506 1818 1561 loca
1846 1522 2037 1576 perve-

2223 840 2353 914 Vill.
2389 859 2546 913 Κατὰ
2578 857 2821 930 κορυφῆς
2850 857 2908 912 δὲ
2934 856 2956 888 ⁸
2985 853 3150 910 αὐτοῦ
3183 855 3334 909 ἐλθὸν
3363 854 3460 910 τοῦ
3498 855 3716 928 αἰθέρος

2145 952 2241 1006 καὶ
2272 949 2544 1022 συμποθὲν
2575 950 2667 1004 ὐπ’
2701 948 2885 1013 αὐτοῦ,
2918 947 3106 1020 ὥσπερ
3134 947 3296 1018 ὑγρὸν
3315 947 3502 1020 θερμῷ
3532 948 3711 1018 μιγὲν,

2144 1043 2234 1096 τὸν
2268 1042 2574 1113 ἀεικίνητον
2609 1040 2820 1112 παλμὸν
2854 1040 3181 1111 ἐμποιῆσαν,
3229 1041 3396 1112 γεννᾷ
3425 1041 3523 1113 τὴν
3557 1040 3714 1094 σύνε-

2145 1151 2263 1199 σιν,
2314 1134 2384 1205 ἦν
2427 1135 2522 1186 καὶ
2563 1132 2812 1186 Παλλάδα
2853 1131 3244 1202 ἐπονομάζουσι
3293 1131 3381 1184 διὰ
3409 1131 3469 1184 τὸ
3510 1131 3712 1185 πάλλε-

2144 1225 2303 1279 σθαιτ
2339 1223 2858 1296 (5),τεχνικωτάτην
2885 1218 3050 1276 οὖσαν
3071 1211 3400 1296 φρόνησιν,ᾖ
3433 1221 3712 1294 χρώμενος

2135 1317 2228 1370 τὸν
2277 1315 2454 1370 πάντα
2503 1317 2827 1387 ἐτεχνήσατο
2866 1313 3069 1385 κόσμον
3108 1315 3138 1368 ὁ
3177 1313 3412 1386 αἰθέριος
3439 1313 3709 1384 τεχνίτης.

2151 1407 2269 1461 Ἀπ’
2303 1406 2467 1462 αὐτοῦ
2515 1406 2572 1459 δὲ
2606 1406 2703 1460 τοῦ
2751 1406 3027 1478 διήκοντος
3057 1405 3205 1469 Διὸς,
3237 1405 3330 1458 τοῦ
3377 1405 3710 1477 θερμοτάτου

2139 1499 2374 1571 αἰθέρος,
2408 1501 2436 1553 ὁ
2463 1499 2571 1570 ἀὴρ
2606 1498 2766 1570 μέχρι
2792 1499 2900 1552 τῶν
2931 1495 3162 1552 ἐνταῦθα
3189 1498 3471 1553 διικνεῖται
3504 1497 3709 1563 τόπων,

470 1591 584 1657 ιιῑι,
639 1607 800 1662 quem
848 1590 1118 1647 Junonem
1176 1602 1511 1663 nuncupant.
1561 1593 1739 1664 Atque
1802 1596 1926 1650 ideo
1967 1611 2035 1652 ex

2139 1591 2203 1663 ἥν
2235 1589 2659 1662 ἐπονομάζουσιν
2674 1593 2872 1664 Ἥραν.
2903 1591 3015 1645 Καὶ
3031 1591 3110 1644 διὸ
3130 1590 3152 1623 ⁸
3171 1591 3235 1662 δὴ
3256 1591 3354 1662 τῆς
3381 1587 3477 1643 τοῦ
3495 1589 3708 1661 αἰθέρος

469 1684 691 1740 aetheris
740 1684 1034 1754 purissima
1088 1685 1394 1740 substantia
1447 1685 1711 1756 delapsa,
1776 1695 2038 1758 tanquam

470 1773 674 1830 femina
702 1776 912 1830 ratione
925 1777 1199 1846 puritatis,
1218 1777 1626 1848 comparatione
1643 1781 2040 1848 praestantioris

471 1883 634 1923 soror
660 1867 812 1924 Jovis
849 1869 958 1922 rite
1009 1869 1320 1925 existimata
1365 1879 1468 1937 est,
1500 1881 1560 1927 ut
1590 1865 1712 1942 quae
1749 1888 1816 1929 ex
1848 1876 2036 1932 eadem

471 1959 778 2015 substantia
810 1960 990 2031 genita
1017 1959 1122 2029 sit;
1151 1976 1292 2016 uxor
1319 1976 1467 2028 vero,
1495 1963 1637 2034 quod
1670 1963 1817 2019 velut
1845 1967 2040 2024 mulier

469 2051 774 2121 subiaceat.

542 2141 636 2196 IX.
671 2141 918 2198 Sumitur
943 2152 1126 2199 autem
1157 2143 1301 2200 Juno
1322 2145 1542 2216 quidem
1591 2162 1689 2218 pro
1717 2149 1863 2206 aeris
1893 2151 2037 2208 bona

470 2234 752 2304 temperie,
787 2250 958 2304 quare
978 2245 1031 2290 et
1055 2233 1439 2293 fecundissima
1467 2247 1551 2295 est
1579 2257 1592 2294 :
1615 2228 1855 2297 Minerva
1883 2258 2034 2312 vero,

468 2341 633 2397 quam
655 2335 709 2380 et
727 2324 1000 2382 Palladem
1026 2336 1241 2395 vocant,
1259 2344 1383 2384 cum
1411 2330 1482 2386 ob
1501 2347 1777 2389 summurn
1800 2334 2035 2391 calorem

466 2422 606 2477 nihil
631 2421 805 2492 possit
837 2421 1159 2492 producere,
1191 2424 1398 2479 credita
1429 2433 1513 2480 est
1540 2427 1713 2498 virgo.
1749 2427 2039 2484 Similiter-

467 2529 578 2584 que
603 2515 1032 2582 interpretantur
1067 2511 1317 2582 Dianam,
1353 2531 1517 2585 qnam
1547 2531 1648 2586 pro
1674 2517 1862 2573 intimo
1892 2517 2037 2574 aeris

466 2618 686 2659 recessu
709 2602 1001 2673 accipiunt,
1019 2606 1446 2676 quamque,quia
1471 2606 1540 2660 ob
1565 2621 1841 2663 summum
1865 2607 2038 2680 frigus

465 2695 673 2751 sterilis
699 2703 803 2762 est,
834 2694 1084 2750 similiter
1112 2697 1378 2767 virginem
1405 2697 1764 2768 appellavere.
1780 2697 2036 2755 Liberum

464 2802 622 2854 vero,
653 2795 913 2856 tanquam
961 2787 1056 2856 qui
1087 2797 1325 2844 mentem
1355 2789 1571 2855 turbet,
1602 2789 1889 2845 nominant
1922 2799 2039 2847 tur-

464 2877 651 2934 bidam
698 2894 820 2934 eam
883 2879 1358 2951 inebriantemque
1414 2895 1775 2953 compagem,
1833 2898 1956 2954 qua:
2005 2899 2037 2940 a

467 2971 844 3041 superioribus
895 2945 1355 3042 inferioribusque
1394 2945 1692 3042 vaporibus
1735 2945 1932 3031 oritur.
1964 2976 2037 3030 At
2062 2945 2106 3004 θ

468 3079 668 3134 aquam
721 3070 866 3118 terra
917 3062 1252 3127 inferiorem,
1307 3077 1433 3118 cum
1481 3071 1677 3120 natura
1721 3065 1793 3121 sit
1835 3081 1943 3122 una
1981 3077 2037 3124 et

466 3171 662 3212 omnes
706 3164 991 3212 terrestres
1041 3163 1252 3211 meatus
1301 3155 1536 3225 trajiciat
1577 3165 1741 3228 atque
1781 3158 1835 3213 in
1863 3159 2034 3216 multa

467 3248 767 3314 dividatur,
795 3247 952 3318 quasi
991 3244 1489 3310 concisam,Osirin
1533 3260 1938 3320 nuncuparunt.
1967 3251 2036 3307 Et

465 3357 597 3398 vero
618 3351 844 3397 sumunt
879 3339 1092 3396 Adonin
1122 3355 1220 3410 pro
1254 3340 1496 3410 pulchris
1525 3343 1882 3412 temporibus,
1922 3343 2030 3401 Ve-

465 3449 654 3490 nerem
684 3449 782 3504 pro
810 3432 1105 3488 concubitu
1137 3442 1192 3486 et
1233 3431 1602 3503 generatione,
1637 3432 1890 3490 Cererem
1933 3450 2034 3505 pro

462 3535 634 3592 terra,
689 3523 1076 3593 Proserpinam
1133 3536 1234 3593 pro
1291 3522 1628 3587 seminibus,
1675 3536 1730 3580 et
1758 3524 2030 3583 Bacchum

465 3617 686 3686 quidam
721 3631 818 3684 pro
841 3615 968 3669 vite.

537 3705 606 3761 X.
634 3704 813 3776 Atque
834 3705 1017 3760 omnia
1043 3704 1356 3774 huiusmodi
1388 3705 1593 3778 pariter
1619 3708 1857 3781 aliquam
1881 3712 2032 3783 ejus-

466 3799 590 3854 dem
623 3799 837 3870 generis
876 3798 1073 3854 habere
1102 3798 1415 3869 allegoriam
1444 3802 1775 3860 existimato.
1825 3806 2033 3877 Apolli-

466 3906 592 3944 nem
639 3905 767 3944 vero
800 3899 928 3960 puta
976 3905 1098 3946 esse
1157 3891 1583 3950 circumeuntem
1636 3897 1828 3965 solem,
1884 3897 2035 3956 Jovis

468 3980 682 4046 foetum,
705 3997 868 4050 quem
895 3989 948 4036 et
971 3979 1223 4040 Mithram
1251 3996 1605 4055 vocaverunt,
1640 3989 1735 4058 qui
1761 3991 1888 4045 anni
1912 4007 2029 4048 am-

2141 1683 2535 1755 καθαρωτάτης
2568 1683 2757 1748 οὐσίας
2805 1682 3208 1756 ὑποϐεϐηκυῖα,
3257 1681 3334 1746 ὡς
3383 1681 3570 1754 θήλεια
3606 1682 3710 1752 τὴν

2137 1775 2503 1848 καθαρότητα,
2538 1775 2675 1848 πρὸς
2709 1774 2991 1848 σύγκρισιν
3031 1773 3126 1828 τοῦ
3170 1773 3474 1845 κρείττονος
3504 1772 3710 1844 ἀδελφὴ

2138 1871 2257 1932 Διὸς
2281 1869 2422 1922 κατὰ
2440 1867 2500 1920 τὺ
2521 1867 2667 1932 εἰκὸς
2697 1867 2976 1940 ἐνομίσθη,
3007 1867 3083 1930 ὡς
3113 1866 3178 1920 ἐκ
3203 1865 3304 1936 τῆς
3329 1864 3496 1936 αὐτῆς
3521 1864 3709 1929 οὐσίας

2137 1959 2474 2032 γεγενημένη
2495 1977 2510 1990 ο
2561 1959 2777 2032 γαμετὴ
2819 1958 2877 2012 δὲ
2927 1955 3016 2012 διὰ
3059 1957 3124 2012 τὸ
3167 1955 3246 2020 ὡς
3295 1957 3528 2026 γυναῖκα
3576 1955 3710 2009 ὐπο-
3753 2006 3758 2011 .

2135 2053 2369 2108 κεῖσθαι.

2206 2169 2297 2223 ῙΧ.
2333 2168 2824 2242 Παραλαμϐάνεται
2867 2166 2924 2221 δὲ
2968 2167 3002 2239 ἡ
3035 2166 3131 2238 μέν
3168 2164 3314 2237 Ἥρα
3339 2161 3476 2236 πρὸς
3505 2160 3710 2234 ἀέρος’

2137 2261 2455 2334 εὐκρασίαν,
2487 2261 2567 2315 διὸ
2590 2261 2634 2293 ¹⁹
2653 2261 2747 2315 καὶ
2770 2258 3117 2331 γονιμωτάτῃ
3143 2257 3289 2311 ἐστίν
3308 2273 3322 2286 σ
3346 2259 3380 2328 ἡ
3398 2256 3454 2308 δέ
3486 2254 3708 2325 Ἀθηνᾶ,

2135 2355 2202 2426 ἣν
2234 2354 2330 2408 καί⁵
2353 2353 2603 2408 Παλλάδα
2632 2353 2898 2423 λέγουσιν,
2931 2351 3018 2404 διὰ
3043 2347 3103 2403 τὸ
3133 2349 3319 2422 ἄκρως
3337 2342 3536 2419 θερμδν
3565 2347 3713 2415 γένε-

2139 2447 2221 2501 σίν
2249 2465 2391 2510 τινος
2420 2446 2640 2517 ποιῆσαι
2675 2444 2750 2517 μὴ
2787 2443 3078 2514 δυναμένη,
3112 2440 3378 2511 παρθένος
3417 2437 3708 2509 ἐνομίσθηο

2135 2537 2336 2609 ὁμοίως
2364 2538 2520 2608 162
2552 2537 2608 2590 δὲ
2647 2537 2742 2590 καί
2775 2537 3037 2607 Ἄρτεμις
3067 2529 3493 2605 ἐρμηνευομένη,
3527 2530 3595 2601 ἢν
3628 2530 3710 2591 εἰς

2134 2632 2225 2685 τὸν
2265 2629 2572 2683 κατώτατον
2613 2626 2780 2700 μυχὸν
2817 2626 2911 2680 τοῦ
2947 2626 3106 2697 ἀέρος
3153 2621 3667 2696 παραλαμϐάνουσιν
3689 2659 3709 2682 ,

2135 2723 2228 2776 καὶ
2249 2722 2317 2774 δι’
2352 2718 2626 2791 ἀκρότητα
2651 2719 2849 2791 κρύους
2871 2718 3061 2786 ἄγονον
3081 2711 3244 2770 οὖσαν
3273 2714 3476 2785 ὁμοίως
3507 2711 3710 2783 παρθέ-

2135 2833 2223 2869 νον
2270 2815 2551 2870 ἐκάλεσαν.
2596 2815 2843 2868 Διόνυσον
2888 2812 2944 2868 δὲ
2983 2811 3060 2876 ὼς
3097 2809 3310 2882 φρενῶν
3342 2805 3630 2862 θολωτικδν
3661 2803 3706 2837 ¹¹

2137 2907 2457 2978 ὀνομάζουσι
2499 2906 2599 2978 τὴν
2645 2905 2752 2960 ἀπὸ
2797 2904 2906 2958 τῶν
2951 2904 3063 2958 ἄνω
3109 2917 3169 2955 τε
3209 2900 3302 2955 καί
3335 2899 3485 2954 κάτω
3519 2895 3708 2967 ἀτμῶν

2139 2996 2362 3068 θολερὰν
2409 2997 2506 3052 καὶ
2554 2992 2854 3068 μεθύουσαν
2905 2993 3181 3048 σύστασιν.
3214 2991 3288 3044 Τὸ
3317 2990 3375 3043 δέ
3414 2987 3710 3058 κατωτέρω

2137 3091 2236 3164 τῆς
2266 3089 2368 3161 γῆς
2394 3087 2538 3160 ὕδωρ
2557 3127 2571 3152 ,
2613 3088 2670 3143 ἐν
2701 3087 2759 3141 ὃν
2788 3089 2854 3158 τῇ
2887 3084 3067 3155 φύσει,
3101 3083 3196 3136 καὶ
3237 3081 3324 3134 διὰ
3353 3080 3569 3134 πάντων
3598 3078 3709 3130 τῶν

2138 3181 2406 3254 χερσαίων
2434 3180 2615 3252 πόρων
2641 3179 2836 3249 διεῖρον
2871 3178 2935 3240 ¹¹,
2960 3175 3053 3229 καὶ
3094 3175 3174 3237 είς
3198 3171 3366 3226 πολλὰ
3395 3170 3708 3242 διαιρούμε-

2137 3291 2246 3338 νον,
2279 3273 2466 3345 ὦσπερ
2498 3271 2950 3342 συγκοπτόμενον,
2995 3267 3205 3338 Ὄσιριν
3242 3263 3522 3318 ἐκάλεσαν.
3553 3263 3709 3331 Λαμ-

2137 3364 2356 3420 6άνουσι
2382 3364 2439 3418 δὲ
2459 3365 2553 3418 καὶ
2569 3362 2806 3431 ι”Λδωνιν
2835 3361 2913 3422 είς
2933 3358 3167 3430 ὡραίους
3186 3355 3428 3428 καιροὺς,
3465 3351 3708 3423 Ἀφροδί-

2133 3469 2232 3525 την
2262 3454 2339 3516 είς
2361 3451 2504 3522 μίξιν
2531 3452 2623 3505 καὶ
2646 3450 2877 3520 γένεσιν,
2915 3451 3174 3518 Δήμητρα
3193 3446 3274 3507 εἰς
3303 3444 3426 3514 γῆν,
3456 3441 3640 3513 Κόρην
3663 3440 3708 3472 ⁸⁸

2136 3545 2216 3608 είς
2246 3545 2551 3616 σπέρματα,
2595 3541 2689 3596 καὶ⁵
2715 3539 2962 3594 Διόνυσόν
2994 3554 3138 3602 τινες
3169 3537 3248 3600 εἰς
3279 3534 3537 3607 ἄμπελον.

2208 3721 2278 3775 Χ.
2299 3721 2408 3774 Καὶ
2455 3720 2630 3774 πάντα
2667 3718 2737 3773 τὰ
2783 3717 3005 3772 τοιαῦτα
3057 3714 3256 3788 ὁμοίως
3297 3711 3548 3782 τοιαύτην
3584 3709 3710 3764 τινὰ

2138 3813 2464 3884 ἀλληγορίαν
2493 3811 2684 3883 ἔχοντα
2709 3810 2818 3863 νόει
2851 3825 2968 3880 μοι·
3009 3807 3313 3861 Ἀπόλλωνα
3346 3804 3403 3858 δὲ
3437 3803 3588 3875 ἥλιον
3612 3802 3706 3856 τὸν

2140 3903 2534 3974 περιπολοῦντα
2565 3894 2700 3955 εἶναι
2730 3899 2924 3971 ινὸμιζε
2955 3899 3052 3971 (6),
3089 3897 3249 3968 γονὴν
3281 3897 3409 3950 ὂντα
3439 3893 3532 3948 τοῦ
3563 3894 3702 3958 Διὸς,

2139 3996 2198 4050 δν
2230 3997 2324 4050 καὶ
2368 3993 2579 4066 Μίθραν
2629 3993 2926 4056 ἐκάλεσαν,
2983 3989 3228 4045 ἐνιαυτοῦ
3287 3987 3705 4060 συμπληροῦντα

1745 4165 1981 4223 VARUS
2011 4165 2410 4223 LECTIONES.

539 4255 570 4327 '7
588 4254 902 4327 θερμότητα
931 4253 994 4309 Ο.
1094 4261 1123 4327 f
1152 4255 1458 4327 ἰσχνότατον
1492 4254 1555 4327 C.

465 4343 527 4398 p.
549 4323 667 4398 7550'
692 4323 850 4396 seqq.
880 4325 939 4381 S.
978 4395 1001 4398 _
1036 4329 1058 4361 °
1081 4325 1158 4398 ῷς
1204 4323 1270 4381 0.
1349 4328 1369 4358 θ
1397 4326 1571 4398 θερῶν
1594 4323 1660 4380 Ο.

469 4395 516 4467 if
541 4397 759 4467 διέρπον
778 4395 939 4466 conj.
973 4395 1016 4449 ι)
1045 4437 1061 4460 ,
1087 4395 1272 4466 διῆκον
1295 4395 1605 4467 conjectare
1635 4399 1846 4465 possint
1867 4399 1959 4453 alii
1987 4401 2286 4454 secundum
2322 4397 2381 4452 S.

1761 4329 1803 4360 ’°
1829 4329 1896 4382 δι’
1932 4329 1960 4382 ὂ
1985 4329 2045 4383 C.

1659 4261 1681 4292 '
1704 4256 1781 4312 Ita
1805 4257 1848 4311 D
1877 4301 1892 4323 ,
1943 4257 2001 4312 ὃν
2043 4259 2144 4329 ίμᾷ
2173 4257 2296 4329 τις
2329 4297 2344 4321 ,
2372 4256 2593 4329 ὀνόματι
2777 4253 2919 4329 ολκαί
3075 4259 3136 4329 ,ξ’
3162 4252 3277 4329 Cir.
3313 4249 3530 4329 Lobe_ck_
3577 4253 3700 4329 Agl.

2147 4330 2189 4360 “
2219 4322 2490 4382 θολοτικόν
2525 4327 2588 4382 C.
2623 4328 2759 4380 Cum
2797 4322 2842 4378 Ο
2867 4323 3043 4394 omisi}
3065 4322 3126 4378 Ci
3157 4326 3257 4394 τήν
3279 4332 3408 4394 ante
3455 4322 3699 4393 θολεράν.

2505 4399 2548 4429 ¹³
2575 4397 2870 4466 Δήμητραν
2904 4396 2984 4458 εἰς
3013 4393 3112 4466 τὴν
3160 4393 3287 4465 (lcg.
3315 4393 3440 4465 γῆν)
3467 4434 3484 4462 ,
3519 4395 3702 4466 Κόρην

465 4465 510 4524 C
538 4508 554 4534 ,
582 4465 844 4538 Δήμητρα
867 4465 948 4531 εἰς
980 4467 1104 4538 γῆν,
1134 4465 1315 4538 Κόρην
1339 4466 1377 4521 S
1402 4465 1420 4531 ,
1443 4469 1704 4539 Δήμητρα
1736 4469 1828 4522 καὶ
1848 4470 1947 4541 τὴν
1973 4469 2157 4541 Κόρην
2188 4469 2252 4524 0.
2346 4531 2365 4558 θ

2001 4607 2130 4663 iUM
2182 4607 2411 4663 NOTIE.

2001 4607 2028 4659 ἰ
2211 4607 2226 4628 ⁷
2392 4631 2411 4663 ‘.

538 4695 618 4765 (5)
989 4605 2448 4771 πάλλεσθαιᾷΡαιρίιαέὶοηεηῗΐιῗύῗὶ-υιξίνίῗῖἷιῖηι
2468 4697 2803 4769 ζειιρενίοι-ειπ
2833 4697 3119 4754 Minervam
3150 4707 3320 4771 tenere
3345 4696 3550 4771 dicunt.
3589 4697 3699 4771 Et:

466 4764 1276 4840 εἰοιιεηιτΡα-ίρίιαιοε,λυὶρνανς.
1310 4764 1557 4840 ίνυικοιε
1595 4764 1870 4840 Etymum.
1910 4769 2034 4825 Pari

463 4836 632 4906 modo
669 4835 974 4906 Apollinem
1016 4837 1125 4891 ἀπὸ
1155 4837 1250 4890 τοῦ
1296 4839 1382 4891 ἀεὶ
1422 4835 1643 4893 πάλλειν
1664 4835 1768 4902 τὰς
1813 4841 2038 4904 ἀκτῖνας

463 4905 683 4976 dictum
705 4905 1022 4974 vultPlato,
1049 4917 1183 4962 teste
1213 4907 1493 4964 Macrobio
1543 4910 1682 4964 lib.t
1727 4908 2034 4976 Saturnal.,

462 4973 684 5049 cap._i'_7
707 4990 721 5027 :
749 4976 858 5049 άπὸ
883 4977 984 5048 τῆς
1013 4977 1122 5049 τῶν
1143 4979 1376 5032 ἀκτίνων
1405 4979 1672 5042 πάλσεως.
1699 4973 2037 5049 Porphyrius

463 5038 608 5114 apud
640 5038 977 5124 Eusebium:
1007 5046 1304 5119 Praeparat.
1329 5066 1512 5120 evang.
1543 5038 1647 5104 lib.
1667 5038 1901 5120 m,.cap:
1926 5050 1984 5125 ιι
2019 5066 2033 5103 :

461 5114 574 5191 ἀπὸ
600 5131 694 5191 του
719 5115 940 5191 πάλλειν
964 5119 1070 5191 τᾲς
1097 5120 1318 5191 ἀκτῖνας
1350 5118 1449 5183 τὰς
1488 5119 1642 5191 ἰδίας.
1663 5118 1730 5191 _ln
1758 5117 2033 5191 Etymolo-

1181 5150 1316 5183 υινιμ,
1350 5150 1446 5183 ww.
1488 5150 1642 5183 ιυιυυξ.
1673 5150 1730 5174 ιιι
1758 5150 2037 5183 υιιιιηιυ·

462 5185 608 5255 gico.
638 5182 736 5261 Est
773 5186 919 5261 enim
962 5182 1616 5261 Minervagvirtusfolis,
1658 5182 1958 5261 Porph'yrio
1980 5190 2034 5245 in

463 5271 588 5325 cap.
615 5255 805 5330 eodem
832 5256 1117 5330 Macrobii.
1146 5259 1252 5314 Alii
1283 5275 1386 5330 per
1428 5258 1727 5330 Minervam
1759 5255 2034 5330 summum

463 5325 684 5400 aetheris
706 5341 968 5400 cacumen
997 5325 1326 5400 intelligunt,
1357 5330 1500 5400 apud
1548 5329 1787 5400 Macrob.
1818 5329 1914 5385 lib.
1949 5347 2034 5399 ut,

463 5409 586 5470 cap.
616 5396 679 5460 4;
709 5396 870 5470 idque
910 5396 1319 5470 convenit'cuin
1358 5396 1442 5456 bis
1484 5402 1656 5456 nostri
1691 5397 1884 5470 Operis
1913 5396 2036 5456 ver-'-

464 5463 572 5542 bis,
600 5466 742 5519 κατὰ
775 5463 1014 5542 κορυφῆς
1047 5469 1198 5524 ἐλθὸν
1223 5470 1318 5524 τοῦ
1345 5469 1579 5542 αἰθέρος,
1606 5483 1660 5525 et
1680 5463 1803 5526 cu'm
1827 5472 1892 5527 iis
1915 5488 2036 5542 qua:

464 5532 764 5612 gornutus,
780 5532 1102 5612 Martia'nus,
1124 5542 1391 5610 multique
1401 5532 1722 5596 dc'Minerva
1741 5532 2026 5612 scripsere.

466 5602 757 5682 Minervam
793 5608 888 5661 alii
927 5609 1200 5682 camerium
1231 5602 1505 5682 verticem,
1535 5623 1584 5665 et
1614 5602 1934 5667 summitatis
1956 5615 2030 5682 ip-

465 5674 575 5728 sius
601 5690 710 5730 esse
725 5691 984 5732 suntniam
1001 5679 1264 5738 dixerunt.
1286 5674 1580 5752 Arnobius,
1605 5683 1698 5737 lib.
1720 5698 1818 5758 nr:
1836 5682 1910 5739 Αἰ
1916 5674 2026 5739 11ιὲ-

2144 4767 2430 4826 Miiiervam
2465 4767 2730 4824 Summum
2766 4771 2964 4824 (ethera
3000 4786 3111 4824 esse
3147 4769 3415 4839 dixerunt.
3447 4767 3703 4839 Augusti-

2142 4857 2266 4904 nus,
2293 4840 2368 4894 De
2387 4842 2600 4897 civitate
2628 4839 2727 4910 Dei
2747 4841 2841 4894 lib.
2875 4854 2948 4905 ιν,
2977 4855 3097 4910 cap.
3133 4838 3220 4904 10,
3242 4839 3416 4910 etlib.
3450 4838 3552 4900 vn,
3580 4854 3700 4905 cap.

2142 4910 2228 4966 i6.
2270 4910 2457 4966 Potest
2490 4907 2777 4966 etiam'hic
2811 4907 3104 4963 πάλλεσθαι
3134 4910 3276 4963 sumi
3306 4909 3360 4962 in
3389 4923 3551 4962 sensu
3578 4923 3704 4976 pas-

2141 4982 2278 5060 sivo,
2305 4981 2461 5060 juxta
2495 4981 2624 5036 illud
2644 4979 3008 5060 Etymologici
3034 4998 3047 5032 :
3073 4978 3305 5060 Παλλάς·
3331 4976 3603 5060 η’ἰξθηνά.
3629 4978 3704 5031 ’Ἡ

2141 5046 2379 5123 παρὰῖτὸ
2409 5046 2798 5123 άναπεπάλθαι
2809 5051 2873 5102 ἐκ
2899 5046 3256 5123 τῆςΑκεφαλῆς
3283 5046 3546 5123 τοῦ-Διός.
3563 5046 3702 5123 (ξοτ.

2213 5115 2289 5191 (6)
2308 5121 2654 5176 Ἀπόλλωνα
2671 5118 2738 5174 δὲ
2754 5119 2940 5191 Αῆλιοζν
2954 5115 3059 5191 ida:
3085 5115 3522 5191 περιπολοῦντα
3550 5115 3705 5191 εἶναι

2141 5185 2355 5260 νόμιζε.
2389 5192 2599 5273 Allusio
2619 5191 2686 5245 ad
2718 5185 2865 5244 aliud
2885 5186 3526 5311 Amllinisveriloquium
3552 5185 3700 5255 apud

2142 5260 2417 5311 Platonem
2441 5279 2493 5311 In
2517 5261 2755 5311 Cratvlo.
2773 5258 2937 5311 ’Δπόλ
3014 5257 3460 5311 ναιιιιειάπολων.
3487 5255 3591 5310 hoc
3617 5264 3700 5310 est

2142 5255 2417 5316 Platonem
2441 5263 2493 5316 in
2517 5255 3042 5332 Οιοιγιίο,-Ἀπόλλων
3057 5255 3460 5332 (ι-ιι-ιιείάπολῷν,
3487 5255 3591 5332 hoc
3617 5264 3704 5332 est

2139 5331 2418 5402 ὁμοπολῶν
2446 5349 2460 5384 :
2504 5339 2599 5402 aut
2642 5324 2710 5402 ad
2740 5324 3246 5402 ’bzecMacro—biana
3272 5345 3286 5382 :
3315 5326 3592 5402 pteantlie:
3625 5324 3704 5402 di;

2143 5394 2246 5456 ἄπ’
2273 5402 2478 5456 ἄλλων
2499 5399 2801 5482 καίμλλων
2828 5398 3006 5479 τόπων
3028 5397 3125 5460 τὰς
3152 5396 3414 5478 ἀνατολὰς
3445 5394 3704 5517 ποιουμέ-

2143 5491 2251 5517 νου.
2290 5473 2426 5517 nuad
2451 5470 2518 5517 ab
2541 5470 2663 5517 alus
2693 5479 2849 5517 amne
2865 5468 2986 5517 alus
3013 5468 3243 5517 locorum
3259 5467 3598 5517 declmaltom
3637 5480 3700 5516 ιη

2142 5491 2256 5537 νου,
2290 5473 2426 5542 quod
2451 5470 2518 5524 ab
2541 5470 2663 5542 aliis
2686 5479 2849 5542 atque
2865 5468 2986 5542 aliis
3013 5468 3243 5542 locarunt
3259 5467 3700 5542 declinationibus

2138 5534 2312 5613 faciat
2335 5553 2501 5618 ortus.
2535 5534 3166 5618 gorniﬁciitaarbit‘ratur
3196 5536 3492 5618 Apoliineut
3521 5534 3699 5617 nomi-

2137 5609 2320 5667 natum
2350 5611 2456 5664 ἀπὸ
2483 5609 2575 5663 τοῦ
2611 5609 2915 5671 ἀναπολεῖν,
2955 5610 3011 5662 id
3041 5617 3139 5673 est,
3165 5609 3292 5676 quia
3327 5609 3470 5660 intra
3503 5609 3701 5676 circui-

2138 5692 2245 5736 tum
2270 5683 2471 5749 vitandi,
2507 5699 2656 5752 quem
2687 5679 2855 5736 Gra'ci
2884 5679 3045 5733 πόλον
3078 5674 3362 5750 appellant,
3392 5676 3588 5746 impetit
3614 5674 3700 5727 la-
