4084 6148
440 290 550 349 Ξοὸ

1571 292 2026 349 CLEMENTINA.
2064 322 2086 333 —
2114 319 2134 332 -
2173 282 2465 346 HOMILIA
2503 290 2583 346 Vl.

3565 300 3673 358 206

427 402 678 478 περίοδον
706 406 802 477 (7).
837 402 1007 459 Αὑταὶ
1034 404 1089 457 δὲ
1117 407 1172 459 at
1209 406 1655 478 μεταμορφώσεις
1685 408 1731 439 ¹⁸
1756 408 1851 463 τοῦ
1877 427 1993 463 παν·

2106 407 2320 469 ἳιίῑυηιρ
2336 406 2589 475 complet.
2636 403 2770 474 ipsa:
2815 416 2995 462 autem
3031 408 3182 464 lovis
3233 410 3433 482 ubique
3478 430 3672 484 perva-

425 498 566 567 ταχῆ
584 497 857 567 διήκοντος
876 496 995 559 Διὸς
1021 496 1079 549 at
1098 497 1291 549 πολλαὶ
1317 498 1644 552 πείσθωσάν
1673 516 1756 553 σοι
1778 504 1997 573 τροπαὶ,

426 587 527 650 τὰς
558 587 614 640 δὲ
639 586 835 658 μυρίας
865 586 1028 640 αὑτοῦ
1066 588 1108 619 ¹⁵
1138 573 1400 656 γυναῖκας
1438 589 1714 654 ἐνιαυτοὺς
1744 590 1777 662 ἦ
1810 592 2002 660 γενεὰς

428 682 652 735 ἐπινόει.
695 681 812 733 Ἀπ’
844 678 1006 733 αὑτοῦ
1030 678 1140 751 γὰρ
1170 678 1264 732 τοῦ
1297 679 1512 751 αἰθέρος
1530 682 1564 752 ὴ
1591 681 1934 753 διικνουμένη
1958 681 2002 713 ¹⁶

426 774 520 827 τὸν
563 775 604 806 ¹⁷
647 772 781 844 ἀέρα
838 770 1086 842 δύναμις,
1131 770 1346 841 ἑκάστῳ
1406 771 1637 844 ἐνιαυτῷ
1694 775 1789 826 καὶ
1841 773 2003 844 γενεᾷ

430 859 885 925 συνουσιάζουσα,
936 858 1207 931 διαφόρως
1250 859 1409 913 αὑτὸν
1435 862 1646 933 τρέπει,
1685 863 1780 916 καὶ
1829 861 2002 929 οὕτως

428 952 593 1022 γεννᾷ
620 951 652 1022 ἢ
691 950 900 1022 φθείρει
931 949 1002 1003 τὰ
1031 950 1229 1021 ὡραῖα.
1260 951 1370 1004 Καὶ
1401 951 1591 1015 παῖδες
1628 953 1725 1023 μὲν
1754 954 2001 1022 λέγονται

426 1045 476 1095 οἱ
524 1044 676 1114 163
715 1044 907 1115 ὡραῖοι
957 1044 1180 1114 καρποὶ,
1214 1043 1270 1095 ai
1306 1042 1363 1096 δὲ
1414 1043 1550 1114 πρὸς
1592 1046 1716 1109 τοὺς
1762 1046 2003 1119 ἄφρονας

426 1132 616 1198 δείξεις
650 1133 694 1165 ¹⁸
718 1134 773 1186 αί
801 1134 917 1186 κατ’
950 1133 1125 1197 ἐνίους
1151 1134 1375 1206 καιροὺς
1400 1135 1687 1207 ἀκαρπίαι.

494 1221 584 1275 XI.
621 1222 807 1276 Ταῦτα
832 1221 927 1276 τοῦ
973 1222 1276 1286 Ἀππίωνος
1296 1223 1742 1297 ἀλληγοροῦντος,
1781 1226 2001 1293 σύννους

425 1315 498 1367 ὢν
526 1312 636 1383 ἐγὼ
668 1314 818 1380 ἔδοξα
848 1318 960 1379 τοῖς
989 1315 1081 1368 ὑπ’
1112 1314 1275 1368 αὑτοῦ
1300 1316 1611 1388 λεγομένοις
1653 1320 1727 1391 μὴ
1762 1336 2004 1392 παρακο-

426 1405 652 1458 λουθεῖν.
692 1404 784 1458 Διὸ
828 1406 869 1438 ¹⁹
904 1405 995 1458 τὸν
1036 1405 1193 1475 λόγον
1224 1405 1462 1476 ἐγκύψας
1514 1407 1617 1479 ἔφη
1655 1425 1770 1480 μοι·
1815 1411 1877 1463 Et
1925 1412 2000 1483 μὴ

426 1497 849 1570 παρακολουθεῖς
872 1492 953 1561 οἷς
974 1496 1137 1567 λέγω,
1153 1498 1206 1551 τί
1230 1498 1323 1551 καὶ
1346 1499 1444 1571 τὴν
1464 1499 1636 1572 ἀρχὴν
1654 1501 1996 1574 διαλέγομαις

426 1591 600 1661 Κάγὼ
628 1591 1007 1665 ἀπεκρινάμην
1027 1608 1041 1622 ο
1076 1593 1165 1663 Μή
1196 1609 1261 1663 με
1283 1592 1631 1664 ὑπολάμϐανε
1660 1596 2000 1667 ἀναισθήτως

424 1682 564 1753 ἔχειν
584 1682 689 1736 τῶν
710 1681 815 1736 ὑπὸ
841 1682 934 1736 σοῦ
959 1681 1281 1753 λεγομένων.
1302 1684 1449 1737 Πάνυ
1468 1684 1576 1757 γὰρ
1597 1686 1733 1740 αὑτά
1754 1687 1994 1758 συνίημι,

2106 498 2290 553 dentis
2338 496 2851 554 transformationes
2894 501 3077 556 multa:
3121 517 3152 556 a
3199 511 3252 557 te
3305 504 3677 578 intelligantur

2102 596 2408 657 temporum
2432 587 2835 643 conversiones.
2868 588 3141 647 Plurimas
3167 608 3298 649 vero
3338 594 3485 652 illius
3514 598 3677 655 femi-

2103 693 2203 733 nas
2236 692 2410 733 annos
2443 678 2527 732 vel
2557 686 2743 734 aetates
2772 688 2982 749 reputa.
3012 680 3110 736 Vis
3132 685 3275 738 enim
3306 703 3427 756 quae
3459 689 3528 744 ab
3556 692 3677 760 ipso

2104 768 2303 822 aethere
2331 783 2427 838 per
2455 784 2636 823 aerem
2666 770 2834 836 vadit,
2865 787 2987 824 cum
3012 772 3242 842 singulis
3273 779 3431 834 annis
3459 795 3524 835 ac
3546 792 3677 836 aeta-

2103 859 2250 914 tihus
2281 874 2571 930 congressa
2617 863 2766 916 varie
2808 862 2960 917 illum
2977 866 3263 930 convertit,
3296 868 3483 939 sicque
3505 873 3677 942 gignit

2103 958 2198 1005 aut
2228 953 2528 1023 corrumpit
2562 952 2767 1025 fruges.
2794 953 2981 1012 ELﬁlii
3030 958 3246 1027 quidem
3271 960 3525 1017 dicuntur
3549 965 3667 1018 [Γυ-

2104 1047 2471 1101 ctusmaturi‘:
2500 1048 2863 1118 apparitiones
2884 1060 3063 1105 autem
3090 1052 3157 1107 ad
3184 1054 3377 1110 stultos
3406 1070 3670 1113 vocantur

2102 1136 2464 1204 quorumdam
2498 1147 2801 1208 temporum
2842 1142 3173 1198 sterilitates.

2171 1224 2264 1280 Xl.
2296 1224 2427 1292 Qua:
2452 1243 2577 1283 cum
2617 1229 2832 1299 Appion
2880 1232 3171 1303 allegorice
3210 1244 3539 1305 exponeret,
3566 1254 3668 1309 ego

2103 1316 2501 1386 cogitabundus
2530 1318 2682 1375 visus
2736 1335 2856 1375 sum
2905 1320 3050 1377 dicta
3097 1324 3164 1377 ab
3199 1339 3265 1379 eo
3292 1342 3398 1381 non
3426 1331 3665 1398 assequi.

2101 1408 2366 1475 Quocirca
2380 1425 2684 1467 sermonem
2709 1412 3111 1483 interrumpens
3132 1416 3413 1473 dixitmihi
3435 1439 3446 1473 :
3467 1419 3522 1474 Si
3547 1438 3669 1490 qua:

2099 1501 2294 1571 loquor
2319 1519 2428 1558 non
2449 1506 2781 1574 assequeris,
2807 1521 2908 1562 cur
2947 1518 3001 1562 et
3042 1512 3266 1564 omnino
3290 1511 3533 1567 dissero?
3559 1513 3664 1568 Re-

2100 1592 2291 1663 spondi
2320 1607 2421 1664 ego
2441 1611 2454 1645 :
2473 1592 2593 1648 Noli
2621 1595 2886 1664 suspicari
2919 1613 3005 1652 me
3026 1614 3131 1653 non
3144 1599 3420 1670 percipere
3443 1617 3666 1659 sensum

2100 1690 2392 1744 verborum
2416 1698 2658 1745 tuorum.
2698 1690 2867 1747 Plane
2908 1692 3054 1746 enim
3088 1707 3150 1748 ea
3182 1693 3446 1765 intelligo,
3481 1705 3541 1751 ut
3569 1698 3665 1766 qui

422 1774 517 1828 ἅτε
548 1774 611 1846 δὴ
642 1775 702 1827 οὑ
736 1774 947 1845 πρῶτον
978 1776 1154 1831 αὐτῶν
1180 1777 1449 1851 ἀκηκοώς.
1498 1779 1614 1832 Ἵνα
1652 1779 1709 1833 δὲ
1738 1779 1881 1849 γνῷς
1909 1781 1991 1833 ὅτι

2098 1795 2207 1836 non
2237 1794 2385 1836 nunc
2409 1779 2645 1849 primum
2670 1782 2961 1837 audierim.
2988 1782 3107 1850 Quo
3131 1793 3312 1839 autem
3339 1800 3662 1856 cognoscas,

422 1864 523 1916 οὑκ
549 1863 726 1932 ἀγνοῶ
754 1864 822 1917 τά
854 1864 957 1917 ὑπὸ
978 1864 1071 1919 σοῦ
1105 1865 1388 1940 λεγόμενα,
1421 1868 1490 1923 τὰ
1521 1867 1619 1939 μέν
1653 1886 1736 1922 σοι
1765 1870 1995 1942 ρηθέντα

423 1956 803 2028 ἐπιτεμοῦμαι,
836 1957 944 2011 τῶν
988 1958 1045 2011 δὲ
1080 1961 1549 2032 παραλειφθέντων
1582 1979 1666 2015 σοι
1705 1965 1824 2016 κατ’
1863 1964 1993 2020 ἀκο-

422 2046 659 2111 λουθίαν,
691 2047 766 2111 ὡς
793 2049 922 2119 παρ’
968 2048 1169 2120 ἑτέρων
1204 2052 1430 2123 ἥκουσα,
1474 2051 1852 2124 ἀποπληρώσω
1896 2054 1995 2117 τὰς

421 2135 765 2209 ἀλληγορίας.
793 2138 905 2193 Καὶ
932 2140 962 2193 ὁ
1005 2138 1245 2194 ’Δππίων
1276 2140 1411 2213 ἔφη·
1448 2140 1682 2214 Ποίησον
1723 2142 1891 2206 οὕτως
1918 2144 1994 2207 ὡς

420 2226 615 2282 λέγεις.

518 2246 564 2281 ει
600 2267 615 2282 .

482 2246 603 2373 ζ(ιὶ
635 2320 804 2391 Κάγὼ
837 2321 1246 2394 ἀπεκρινάμην·
1276 2324 1521 2395 Παρίημι
1553 2321 1647 2377 νῦν
1664 2324 1749 2375 ἐπ’
1770 2324 1991 2395 ἀκριϐὲς

2097 1886 2217 1940 quae
2242 1872 2457 1941 profers
2480 1888 2510 1928 a
2535 1888 2622 1927 me
2648 1887 2755 1927 non
2782 1874 3043 1945 ignorari,
3066 1889 3187 1943 quae
3207 1875 3425 1944 qttidcm
3450 1877 3674 1941 dixisti“

2096 1957 2151 2013 in
2184 1962 2566 2031 compendium
2590 1963 2853 2032 redigam,
2885 1979 3006 2033 quae
3036 1979 3165 2019 vero
3187 1964 3441 2031 omisisti,
3469 1981 3660 2021 eorum

2094 2051 2306 2119 ordine,
2336 2062 2397 2107 ut
2423 2054 2493 2108 ab
2533 2054 2657 2109 aliis
2688 2055 2912 2125 accepi,
2942 2057 3205 2125 supplebo
3242 2058 3551 2128 allegorias.
3594 2058 3662 2113 Et

2086 2141 2307 2212 Appion
2346 2161 2359 2197 :
2385 2142 2514 2211 Fac,
2545 2144 2741 2215 inquit,
2775 2146 2851 2201 ita
2879 2155 2939 2201 ut
2961 2147 3118 2203 dicis.

2137 2314 2255 2371 Xll.
2288 2314 2357 2371 Et
2395 2330 2496 2386 ego
2519 2310 2737 2385 "subieci
2775 2334 2790 2371 :
2826 2316 3095 2372 Praetereo
3119 2332 3263 2374 nunc
3286 2326 3540 2373 accurate
3563 2331 3652 2371 re-

420 2405 595 2476 λέγειν
627 2408 688 2461 τὸ
720 2411 783 2463 ὲκ
800 2409 897 2479 τῆς
924 2409 1151 2481 ἀπείρου
1182 2409 1313 2481 ὑλης
1340 2412 1455 2464 vat‘
1480 2411 1524 2442 ¹⁰
1547 2411 1829 2481 ἐπιτυχίαν
1858 2412 1992 2484 κρά-

2088 2407 2209 2463 'erre
2232 2421 2395 2462 ovum
2423 2407 2746 2472 animatum,
2773 2422 2839 2463 ex
2874 2407 3087 2463 inﬁnita
3128 2410 3351 2466 materia
3387 2426 3483 2481 per
3519 2408 3653 2465 ade-

423 2513 561 2560 σεως
578 2499 882 2571 ἀποκυηθὲν
901 2499 1141 2571 ἔμψυχον
1161 2500 1286 2568 ὠὸν,
1306 2496 1367 2556 οῦ
1393 2503 1649 2573 ῥαγέντος
1672 2504 1813 2557 κατά
1840 2522 1990 2568 τινας

426 2586 793 2659 ἀρῤενόθηλυς
857 2588 1101 2661 ἐξέθορεν
1167 2591 1362 2662 Φανής.
1427 2593 1537 2645 Καὶ⁵
1597 2592 1747 2645 πάντ’
1806 2594 1988 2647 ἐκεῖνα

419 2678 794 2750 ὲπιτέμνομαι,
825 2678 1016 2751 μέχρις
1045 2673 1106 2734 οῦ
1135 2679 1196 2733 τὸ
1220 2680 1383 2753 ραγὲν
1417 2681 1580 2746 κύτος
1601 2680 1700 2753 τὴν
1724 2682 1986 2754 ἁρμονίαν

418 2767 629 2833 ἔλαϐεν,
670 2768 1085 2841 ὑπολειφθείσης
1120 2771 1284 2825 αὑτοῦ
1336 2771 1641 2842 μυελώδους
1678 2770 1840 2842 ὕλης·
1891 2774 1986 2828 καὶ

415 2861 507 2914 τὸν
539 2862 694 2931 λόγον
724 2862 832 2918 τῶν
852 2862 942 2917 ὑπ’
970 2862 1012 2896 ’³
1046 2863 1215 2935 αὑτῆς
1241 2863 1450 2918 ἔνδοθεν
1471 2863 1772 2934 γενομένων
1802 2866 1986 2920 ἐπικε-

418 2948 657 3018 φαλαιῶν
689 2950 734 2982 ⁸⁸
776 2949 915 3022 μετά
956 2950 1066 3004 τῶν
1112 2950 1419 3005 ἀκολούθων
1467 2951 1763 3022 ὲπιτρέχω.
1802 2950 1985 3021 Ἐγεν-

415 3040 552 3112 νήθη
580 3041 706 3113 γάρ,
738 3042 814 3105 ὡς
842 3041 1038 3111 λέγεις,
1088 3042 1153 3096 ἐκ
1191 3042 1400 3114 Κρόνου
1432 3042 1525 3095 καὶ
1577 3041 1751 3106 Ῥέας,
1781 3042 1884 3096 ὑπό
1920 3060 1981 3097 τε

417 3134 607 3206 χρόνου
656 3134 752 3188 καὶ
792 3133 944 3204 ῦλης,
980 3134 1050 3188 τά
1096 3135 1192 3205 μὲν
1235 3135 1426 3207 πρῶτα
1474 3132 1743 3197 Πλούτων,
1770 3135 1845 3198 ὼς
1877 3136 1984 3205 ’11⁸³

414 3225 564 3279 κάτω
596 3227 1036 3298 παραχωρήσασα
1057 3224 1381 3297 ὑποστάθμη
1403 3243 1417 3256 ·
1447 3225 1676 3298 δεύτερα
1706 3225 1763 3279 δὲ
1795 3227 1984 3279 Ποσει-

413 3315 519 3370 δῶν
548 3314 768 3390 ἡμίσειά
798 3318 843 3350 ⁸⁸
864 3317 1015 3371 ἐστιν
1040 3316 1200 3390 ιθῆ,
1230 3317 1565 3390 ὑγράοὺσία
1610 3317 1984 3372 ὲπιπολάσασα
2018 3320 2019 3323 “

414 3410 479 3478 τῇ
513 3409 662 3463 κάτω
687 3408 951 3483 ὁλκοτάτῃ
980 3409 1027 3440 ³⁸
1059 3408 1237 3478 φύσει.
1277 3410 1341 3462 Ἦ
1371 3408 1428 3462 δὲ
1455 3408 1612 3479 τρίτη
1643 3409 1890 3480 ἀνωτάτη
1922 3425 1983 3462 τε

415 3498 510 3551 καὶ
539 3494 702 3573 αἰθὴρ
731 3495 885 3568 οὖσα,
916 3501 1088 3571 ὅσπερ
1119 3499 1237 3554 ἐστὶ
1287 3499 1442 3565 Ζεὺς,
1481 3500 1602 3569 ητις
1630 3498 1678 3530 ’⁸
1709 3500 1771 3552 οὑ
1817 3516 1975 3552 κατε-

2068 2509 2215 2570 ptam
2240 2498 2686 2569 temperationem
2705 2501 3071 2571 progenitum,
3096 2515 3207 2571 quo
3231 2502 3479 2572 disrupto
3496 2502 3655 2572 juxta

2067 2588 2358 2644 nonnullos
2390 2588 2593 2643 exsiliit
2613 2587 2828 2642 Plianes
2851 2587 3346 2645 masculo-femina.
3372 2588 3438 2643 Et
3458 2597 3656 2643 cuncta

2083 2678 2177 2734 illa
2209 2677 2466 2748 praecide,
2497 2693 2673 2748 usque
2701 2678 2830 2733 dum
2868 2688 3025 2749 rupta
3066 2681 3236 2737 moles
3268 2681 3655 2737 cohaerentiam

2067 2770 2314 2843 accepit,
2369 2778 2685 2826 remanente
2739 2769 2886 2824 illius
2943 2770 3243 2827 medullosa
3293 2773 3543 2831 materia.
3589 2771 3658 2828 Et

2082 2877 2389 2920 sermonem
2418 2861 2485 2917 de
2510 2862 2579 2917 iis
2608 2877 2728 2932 quae
2753 2862 2901 2917 intus
2932 2862 3002 2917 ab
3031 2877 3093 2917 ea
3118 2862 3260 2919 facta
3300 2873 3429 2917 sunt
3453 2864 3653 2919 abbre-

2082 2956 2261 3023 vians,
2311 2969 2437 3011 cum
2477 2954 2938 3023 consequentibus
2978 2970 3257 3024 percurro.
3305 2953 3478 3011 Natus
3503 2957 3650 3011 enim

2085 3057 2189 3113 est,
2230 3057 2289 3102 ut
2308 3046 2468 3113 dicis,
2499 3062 2564 3101 ex
2597 3044 2835 3100 Saturno
2860 3054 2915 3100 et
2944 3045 3113 3113 Rhea,
3156 3046 3211 3099 id
3247 3055 3364 3113 est,
3404 3062 3472 3101 ex
3514 3059 3651 3102 tem-

2012 3107 2055 3165 θ
2088 3107 2222 3209 pore
2251 3146 2305 3191 et
2357 3107 2609 3196 materia,
2662 3135 2839 3203 primo
2883 3107 3109 3204 quidem.
3146 3133 3325 3203 Pluto,
3351 3107 3514 3191 'velnt
3548 3137 3648 3191 faex

2084 3244 2208 3299 qua:
2236 3226 2377 3281 infra
2401 3228 2626 3281 secessit
2652 3242 2667 3279 :
2695 3226 2935 3281 secundo
2960 3235 3141 3281 autem
3168 3225 3451 3305 Neptunus
3489 3229 3652 3283 dimi—

2082 3321 2172 3376 dia
2202 3327 2287 3373 est
2312 3317 2535 3373 humida
2563 3316 2891 3382 substantia,
2924 3316 3170 3372 inferiori
3203 3328 3416 3373 natura:
3444 3322 3649 3389 ponde-

2083 3410 2381 3465 rosissima:
2398 3415 2777 3478 supernatans.
2799 3405 2983 3461 Tertia
3010 3423 3139 3462 vero
3155 3409 3368 3464 soboles
3391 3425 3645 3479 suprema

2078 3507 2160 3552 est
2189 3506 2351 3567 atque
2377 3497 2565 3564 aether,
2605 3498 2813 3553 scilicet
2847 3495 3075 3566 Jupiter,
3105 3512 3226 3566 quae
3254 3498 3510 3568 absorpta
3536 3517 3644 3556 non

1682 3634 1920 3690 VARUE
1954 3633 2356 3690 LECTIONES.

494 3731 539 3763 “
567 3728 1069 3801 μεταμορφώσειςο
1113 3730 1166 3784 in
1193 3736 1364 3793 textu,
1393 3726 1924 3852 μεταμοὲφώσηςέιι.
1943 3743 2090 3782 man.
2120 3727 2185 3781 ad
2212 3742 2385 3781 oram.
2465 3727 2507 3761 ’⁸
2529 3726 2781 3782 αὑτῶνΟ.
2859 3727 2902 3811 _“
2923 3726 3242 3810 διηνουμενη
3260 3728 3318 3783 Cl
3369 3738 3423 3812 et
3444 3729 3483 3785 S
3512 3773 3526 3790 .
3545 3736 3639 3803 qui

494 3800 559 3852 ai.
588 3799 950 3852 Bttxvouuév-n.
978 3809 1040 3852 ut
1071 3800 1178 3852 iam
1204 3799 1558 3852 evulzaverat
1639 3841 1651 3852 .
1734 3799 1774 3833 η
1798 3814 1907 3850 των
1941 3796 2005 3851 0.
2085 3797 2131 3829 ¹⁸
2158 3798 2393 3852 ἀὸὸενας
2430 3797 2605 3852 μίξεις
2643 3798 2907 3852 palmaria
2940 3808 3023 3852 est
3058 3807 3290 3852 comect.
3341 3798 3421 3852 CI.
3501 3804 3543 3837 ι’
3571 3805 3622 3852 δι

412 3799 950 3923 οοηὶζδιικνουμὲἬ
978 3809 1040 3855 ιιι
1065 3800 1178 3864 jam
1204 3799 1558 3868 evulgaverat

419 3871 450 3923 ὅ
482 3870 547 3923 C.
658 3870 705 3901 ”
736 3869 877 3922 κατά
952 3911 963 3923 .
1038 3870 1083 3901 ’ί
1112 3869 1239 3923 Leu.
1269 3867 1394 3922 fort.
1420 3868 1525 3921 ἐπ’.
1556 3875 1558 3918 :

419 3871 450 3924 ὅ
482 3869 547 3925 C.
658 3870 705 3901 ”
736 3869 877 3922 κατά
899 3869 963 3923 0.

411 3956 478 3994 ex
512 3939 841 4008 conjectura,
870 3938 1156 4003 Hocubé‘w,
1190 3936 1248 4002 δς
1286 3939 1321 4008 ἦ

406 4009 675 4080 δλκωτάτῖ

411 4080 525 4135 suit
550 4078 610 4134 S.
663 4077 731 4110 Ίθ
752 4095 871 4145 ητις
890 4078 1013 4150 (sic)

1639 3796 1660 3852 ,ί
1734 3796 1907 3850 "si:th
1941 3796 2005 3851 0.
2085 3797 2131 3829 ¹⁸
2158 3798 2393 3859 ἀῤῥενας

1038 3800 1178 3864 ,jam
1204 3799 1558 3868 evulgaverat
1589 3799 1651 3852 C.
1734 3799 1774 3833 ’τ
1798 3799 1907 3850 τῶν
1941 3799 2005 3851 0.
2085 3799 2131 3829 ¹⁸
2158 3799 2393 3920 axzan
2417 3799 2605 3936 ’μίξεις
2643 3799 2907 3867 palmaria
2940 3808 3023 3852 est
3058 3799 3290 3881 coitject.
3341 3799 3421 3854 Ci.
3501 3799 3622 3858 ¹⁹“δι

1038 3870 1093 3940 “A
1112 3869 1239 3940 Leg.
1269 3867 1394 3940 fort.
1420 3868 1525 3940 ὲπξ.
1556 3866 1634 3940 S;
1690 3870 1735 3899 ”
1760 3869 1849 3940 ἐπὶ
1872 3866 2182 3940 κεφαλαίων
2222 3936 2232 3940 Α
2257 3908 2283 3940 ._
2340 3867 2394 3940 _"
2451 3868 2600 3940 _add.
2619 3882 2675 3940 c.
2703 3866 2795 3940 0._
2841 3869 2886 3899 ³⁸
2913 3868 3175 3940 Ποσειοων
3202 3868 3423 3940 ἡμίσεια
3439 3873 3641 3940 scripsi

1355 3888 1394 3921 ι.
1420 3888 1490 3920 επ
1512 3908 1525 3921 ο
1556 3888 1613 3922 ὗ.
1692 3888 1735 3899 ⁸⁸
1760 3888 1849 3921 επι
1872 3888 2178 3935 κεφαλαιων
2211 3888 2269 3920 υ.
2352 3888 2394 3898 ’⁷
2417 3888 2450 3936 η
2479 3888 2600 3921 auu.
2625 3888 2674 3922 C.
2703 3888 2766 3923 U.
2842 3888 2886 3899 "
2913 3888 3175 3921 ιιοσειοων
3202 3888 3233 3923 η

1354 3955 1437 4001 τις
1468 3937 1508 3991 C
1539 3978 1554 4001 ,
1590 3937 1862 3991 Ποσειδῶν
1906 3938 1964 4001 ὃς
1985 3954 2121 4007 ημις
2167 3936 2292 4007 (sic)
2404 3977 2418 3997 ,
2449 3937 2735 4007 Ποσειδῶν,
2771 3938 2917 3999 ὅστις
2944 3938 3044 4006 legi
3085 3888 3281 3994 vult

890 4005 1320 4134 (Eﬁmgarativus
1342 4008 1625 4077 ὁλκότερος
1656 4008 1897 4064 occurrit
1920 4005 2069 4062 hom.
2096 4022 2176 4067 ιχ,
2208 4006 2296 4063 15.
2326 4006 2465 4062 Tum
2497 4006 2685 4078 ὥσπερ
2708 4007 2750 4062 C
2779 4048 2795 4074 ,
2823 4007 2958 4079 ὅπερ
2978 4005 3061 4062 vel
3095 4008 3267 4080 ὅσπερ
3298 4009 3411 4081 jam
3438 4005 3637 4084 prepol

2474 3797 2605 3863 ίξεις
2643 3797 2907 3867 palmaria
2940 3797 3023 3852 est
3058 3797 3290 3866 cunjeCt.
3341 3798 3421 3854 Ci.
3501 3797 3622 3858 ¹⁹’δι

3274 3981 3317 4018 ._
3366 3939 3509 3996 "Ita
3550 3942 3634 4018 ὃ,

1711 4166 2081 4224 VARIORUM
2111 4163 2345 4220 Nom.
3183 4214 3191 4226 ,
3330 4232 3331 4235 γ

411 4272 496 4331 ειη
521 4261 599 4331 ad,
626 4260 1037 4331 artusirsfertur.
1059 4259 1178 4327 Quo
1196 4260 1451 4331 locignota
1476 4261 1722 4331 connecti
1750 4262 1802 4315 in
1835 4278 1961 4317 ver-
2068 4260 2197 4331 περὶ
2227 4258 2335 4311 τῶν
2366 4258 2717 4331 ἀνθρωπίνων
2732 4258 2932 4331 ψυχῶν
2955 4258 3309 4331 αἰνίττεσθαι,
3339 4257 3407 4331 ἃς
3440 4277 3636 4313 παντο-

408 4329 563 4386 sione
589 4330 746 4385 binas
773 4329 1053 4396 lectiones,
1085 4329 1353 4394 ἀναπολάς
1376 4342 1431 4386 et
1444 4330 1724 4395 ἀνατολάς,
1753 4333 1959 4385 ἀναπο-

2067 4328 2265 4392 δαποίς
2297 4328 2889 4415 περεέχεσθαιθσάίμασι
2922 4329 3156 4415 λέγουσι.
3192 4329 3302 4415 Καὶ.
3333 4328 3441 4415 γάρ
3472 4331 3637 4382 Λατί-

407 4377 521 4472 λεῖν
535 4377 621 4472 vet"
647 4377 940 4472 ἀῦᾷτολεῖν,
979 4377 1103 4455 οέηι
1137 4377 1364 4472 originTs
1379 4377 1569 4456 "ratio
1608 4377 1960 4471 posleriorem
1996 4377 2041 4432 Β
2069 4417 2174 4472 νων
2204 4377 2353 4472 civit;
2373 4377 2446 4468 τεῇ
2460 4377 2627 4472 haeva
2657 4377 2917 4472 magum
2946 4377 3170 4472 ἄπρους,
3206 4399 3304 4472 καί
3327 4377 3631 4472 ᾇκῶπρους,

406 4469 677 4525 excludat.
715 4470 850 4525 Cor.

476 4539 551 4611 (7)
586 4542 685 4611 Ὃν
716 4540 815 4594 καὶ
856 4540 1083 4611 Μίθραν
1122 4540 1455 4611 ἐκάλεσαν,
1487 4540 1763 4596 ἐνιαυτοῦ
1812 4556 1961 4611 συμ-

406 4608 749 4681 πληροῦντα
774 4609 1085 4681 περίοδον.
1122 4608 1273 4665 Hanc
1310 4611 1365 4665 in
1402 4626 1515 4665 rem
1555 4611 1848 4681 singularis
1878 4608 1963 4666 est

405 4680 559 4751 locus
588 4678 903 4751 Hieronymi
927 4681 995 4735 ad
1022 4690 1255 4751 caput!"
1310 4681 1494 4735 Amosi
1525 4678 1819 4751 prophetat.
1846 4681 1956 4735 Ba-

403 4750 580 4819 silides
602 4748 1005 4819 omnipotentem
1037 4748 1200 4803 Deum
1229 4748 1755 4819 portentoso'noinine
1777 4751 1956 4817 appel-

403 4818 481 4872 lat
510 4818 801 4890 Ἀϐραξας,
830 4828 879 4873 et
911 4819 1146 4873 eumdem
1181 4818 1461 4890 secundum
1495 4818 1704 4875 Graecas
1727 4820 1954 4885 litteras,

402 4897 453 4941 et
480 4889 641 4942 annui
670 4905 853 4943 cursus
878 4904 1153 4942 numerum
1180 4889 1309 4942 dicit
1336 4890 1391 4943 in
1413 4890 1539 4944 solis
1566 4892 1762 4944 circulo
1790 4893 1960 4944 conti-

402 4958 515 5011 neri
538 4974 556 5011 :
582 4973 732 5027 quem
760 4960 954 5013 ethnici
985 4957 1079 5011 sub
1114 4960 1291 5013 eodem
1316 4976 1528 5013 numero
1563 4960 1794 5013 aliarum
1816 4961 1959 5015 litte-

400 5043 585 5100 rarum
609 5038 791 5100 vocant
808 5029 1043 5100 Μίθραν,
1082 5043 1175 5100 seu
1201 5030 1380 5099 potius
1400 5028 1664 5100 Μείθραν,
1694 5039 1787 5084 aut
1810 5032 1955 5100 quod

400 5097 493 5171 alii
522 5096 1089 5171 ἰοειιηΑι-,Μήθρηνοηυε
1120 5096 1261 5171 idem
1296 5096 1842 5171 numerns'gconstetz'
1879 5101 1957 5153 ni-

399 5166 599 5241 mirum
626 5166 751 5241 565,
777 5166 943 5241 quiin
987 5166 1363 5241 ’ᾼϐραξαςηοι
1384 5169 1438 5223 in
1465 5169 1809 5241 Melepagac
1838 5171 1955 5241 Μή-

399 5236 534 5307 θρης
559 5236 849 5307 invenitur.
901 5237 976 5293 De
1022 5236 1217 5293 Mithra
1248 5238 1337 5293 alii
1367 5239 1536 5293 multa
1567 5236 1953 5293 subministra-

396 5304 551 5377 bunt.
584 5305 696 5375 Ego
725 5321 854 5361 vero
895 5308 1158 5363 duntaxat
1200 5323 1497 5377 proponam
1533 5308 1709 5364 doctis
1745 5312 1954 5363 exami-

399 5324 551 5360 num.
584 5324 696 5375 ngo
725 5324 854 5361 vero
895 5324 1158 5363 duntaxat
1237 5324 1497 5377 roponam
1533 5324 1709 5364 uocus
1745 5324 1953 5363 exami-

399 5376 578 5449 nanda
602 5377 766 5449 verba
782 5386 1051 5449 corrupta
1076 5386 1131 5449 et
1161 5324 1393 5433 ogscura
1429 5377 1716 5449 Porphyrii
1758 5379 1852 5449 lib.
1900 5394 1953 5432 tv

395 5444 473 5497 De
510 5446 857 5513 abstinentia,
901 5444 1021 5515 cap.
1065 5448 1160 5511 l6,
1200 5448 1293 5503 ubi
1334 5464 1401 5503 ex
1429 5444 1645 5503 Pallade
1690 5448 1954 5516 scriptore

394 5516 658 5589 rationem
694 5517 925 5589 reddens
954 5531 1053 5571 cur
1081 5516 1290 5589 Mithrae
1323 5519 1594 5589 mysteriis
1626 5517 1821 5572 initiati
1849 5533 1950 5589 no-

340 5602 347 5614 ’
395 5586 1424 5669 minibus_annimali-umappellarentur,
1450 5590 1573 5669 ait:
1605 5589 1715 5669 Τὴν
1764 5587 1950 5669 κοινὴν

396 5655 579 5727 φορὰν.
612 5656 836 5721 οἴεσθαι,
871 5657 947 5720 ὼς
981 5655 1132 5727 ’πρὸς
1162 5659 1259 5727 τὴν
1304 5658 1397 5710 τοῦ
1446 5655 1707 5723 ζωδιακοῦ
1750 5655 1948 5711 κύκλου

394 5724 707 5779 ἀποτείνειν·
755 5729 852 5799 τὴν
899 5728 955 5781 δὲ
996 5724 1251 5797 ἀληθινὴν
1300 5727 1560 5799 ὑπόληψιν
1609 5729 1702 5782 καὶ
1749 5728 1947 5800 ἀκριϐῆ

2071 4468 2367 4540 λασοὺρους
2408 4486 2467 4523 τε
2506 4469 2597 4521 καὶ
2632 4468 2922 4540 μερο-ὑλους
2955 4468 3179 4540 καλεῖν.-
3206 4468 3368 4540 Quid,
3391 4468 3595 4540 amabo
3616 4511 3631 4535 ,

2061 4540 2167 4595 sibi
2210 4537 2402 4592 v'olunt
2451 4537 2642 4608 voces,
2670 4537 2978 4608 σκὼπρους,
3020 4537 3353 4608 λασοὺρουςῖ
3386 4537 3635 4591 Scrilien-

2058 4611 2262 4665 dumne
2287 4618 2369 4663 est
2394 4607 2679 4680 supcbjpoug
2714 4618 2767 4663 et
2788 4607 3003 4680 λάρους,
3034 4609 3179 4676 quod
3197 4607 3202 4608 7
3220 4607 3634 4680 cttltjectaltant?

2059 4690 2120 4735 nt
2149 4680 2387 4749 primum
2418 4675 2507 4749 sit,
2528 4677 2783 4746 Scropltaa
2811 4675 3133 4749 cognomen,
3157 4675 3632 4749 propriutn_l‘ami-

2057 4746 2429 4805 lize’Romanaa
2468 4746 2920 4810 Tremelliorum‘,
2954 4749 3006 4802 in
3040 4746 3283 4801 Varrone
3317 4756 3370 4799 et
3415 4746 3630 4801 Macro-

2060 4821 2181 4901 ilio;
2228 4818 2500 4901 posterius
2546 4816 3287 4901 xcrohprzenontenvl'mr‘tjs.
3337 4814 3470 4897 Nam
3526 4815 3632 4871 Lar

2058 4886 2324 4944 Herminii
2369 4888 2647 4951 consulis,
2694 4886 2971 4941 Tolumnii
3020 4886 3323 4940 Velentium
3359 4887 3524 4954 regis,
3572 4896 3628 4941 et

2056 4960 2349 5015 Porsenna:
2371 4959 2512 5027 regis
2554 4956 2901 5016 Clusinorum
2933 4971 3240 5026 praenomen
3268 4997 3284 5020 ,
3314 4956 3516 5010 Graecis
3544 4968 3625 5027 est

2057 5030 2234 5101 Λάρος
2263 5047 2277 5084 :
2302 5026 2749 5101 putaveruntque
2783 5027 2965 5101 forsan
3012 5026 3624 5101 GI-zecorum_nonnulli

2056 5095 2165 5154 non
2199 5095 2455 5154 mediocri
2481 5095 2687 5159 errore,
2718 5096 2907 5150 deduci
2940 5097 3043 5151 hoc
3072 5095 3222 5150 vocis
3251 5111 3281 5149 a
3345 5097 3459 5149 laro
3501 5111 3620 5151 ave.

2048 5168 2179 5225 Haec
2209 5169 2251 5223 si
2289 5184 2413 5222 vera
2445 5184 2552 5221 non
2585 5168 2942 5230 videbuntur,
2974 5168 3079 5219 alia
3117 5166 3345 5220 libenter
3382 5165 3621 5233 accipie—

2056 5256 2197 5294 mus.
2231 5238 2419 5292 Restat
2442 5248 2500 5292 ut
2530 5236 2779 5290 Latinam
2803 5236 3301 5305 interpretationem
3329 5238 3623 5305 subuecta-

2054 5326 2198 5366 mus.
2249 5308 2446 5378 Vulgus
2492 5304 2965 5378 existitnare,rhoc
3014 5306 3081 5359 ad
3121 5307 3325 5359 zodiaci
3361 5304 3619 5358 circulum

2055 5380 2304 5448 respicere
2330 5377 2544 5448 :iveram
2572 5387 2744 5430 tamen
2770 5377 3064 5448 opinionem
3086 5385 3134 5428 et
3156 5385 3460 5448 accuratam
3486 5391 3617 5448 esse,

2053 5445 2167 5517 qua:
2189 5457 2355 5502 censet
2385 5447 2518 5501 illud
2548 5448 2610 5501 de
2641 5446 2918 5499 animabus
2947 5448 3190 5499 Immanis
3214 5446 3415 5515 aliquid
3438 5445 3621 5517 subin-

2053 5516 2246 5581 nuere,
2303 5534 2433 5586 quas
2485 5533 2633 5570 omne
2689 5532 2845 5585 genus
2906 5517 3207 5584 corporibus
3259 5516 3616 5586 circumdatas

2053 5589 2223 5641 aiunt.
2267 5584 2475 5640 Etenim
2514 5584 2729 5639 Latinos
2762 5586 2822 5655 (Γ.
2854 5586 3136 5652 Λατίνους)
3160 5586 3362 5655 aliquos
3386 5602 3482 5637 sua
3510 5584 3619 5655 lin--

2052 5675 2155 5727 gua
2185 5658 2352 5726 Apros
2375 5667 2423 5709 et
2455 5656 2692 5727 Scrofas,
2724 5654 2884 5711 Lares
2926 5656 3045 5727 (pro
3074 5654 3279 5727 Lartes)
3312 5666 3468 5727 atque
3505 5654 3619 5710 Me-

2054 5726 2200 5781 rulas
2225 5727 2505 5797 appellare.
2539 5726 2614 5780 In.
