4082 6160
378 360 487 414 2‘09

1469 341 1926 403 CLEMENTINA.
1965 370 2033 380 --
2070 336 2354 393 IIOMILIA
2397 335 2478 392 VI.

3533 331 3636 386 2I0

385 475 678 550 βάρϐαρος,
713 471 807 527 καὶ
839 468 1160 543 παραλιπὼν
1196 466 1264 520 τά
1307 464 1667 536 συμφέροντα,
1720 457 1960 531 ἀνδρείαν

2070 471 2192 510 nem
2241 453 2508 524 repellens
2543 467 2607 507 ac
2643 451 3076 520 temperantiam,
3115 450 3262 505 solas
3286 449 3449 520 eligat
3475 449 3635 505 volu-

379 549 442 623 τε
472 568 566 622 καὶ
597 566 952 637 σωφροσύνην
996 559 1412 632 παρωσάμενος,
1456 556 1618 628 μόνας
1648 553 1834 624 ἕληται
1863 549 1963 612 τὰς

379 658 576 733 ἡδονὰς
609 657 702 711 καὶ
727 636 874 729 μόνῃ
893 657 959 727 τῇ
994 651 1257 724 ἐπιθυμίᾳ
1299 648 1397 722 τὴν
1442 647 1595 718 νίκην
1643 642 1845 716 ἀποδῷ,
1887 636 1962 705 ὡς

380 753 517 822 παρ’
545 749 717 820 αὐτῆς
747 747 817 802 τὰ
847 748 1115 819 τέρποντα
1157 740 1586 813 άντιλαμὸάνων,
1620 739 1706 791 ἐπ’
1757 734 1962 807 ὀλέθρῳ

383 842 578 897 ἑαυτοῦ
618 859 678 896 τε
732 840 891 912 166
934 839 1029 893 καὶ
1065 837 1173 891 τῶν
1205 833 1368 889 αὑτοῦ
1403 834 1431 886 ὁ
1467 831 1541 904 μὴ
1570 828 1745 903 ὀρθῶς
1773 827 1962 898 κρίνας

373 938 482 1008 ⁴τὴν
513 935 703 1008 τέρψιν
728 932 973 1004 λήψεται.
1008 931 1164 1002 Ἔρις
1193 928 1249 982 δέ
1281 927 1428 982 ἐστιν
1449 925 1494 957 ³⁵
1521 927 1562 997 ἡ
1586 918 1962 994 φιλονεικοῦσα

383 1028 570 1085 κακία.
605 1027 680 1080 Τὸ
711 1026 767 1080 δὲ
796 1024 904 1079 τῶν
947 1021 1274 1094 Ἐσπερίδων
1306 1017 1541 1091 χρυσοῦν
1572 1016 1736 1088 μῆλον
1757 1014 1786 1066 ὁ
1807 1011 1962 1065 πλοῦ-

380 1139 474 1185 τος
508 1121 571 1175 ἂν
605 1119 712 1190 εῖη,
741 1117 800 1180 ὃς
817 1116 986 1170 ἐνίοτε
1020 1115 1114 1169 καὶ
1146 1114 1270 1175 τοὺς
1307 1109 1606 1183 σώφρονας,
1648 1107 1835 1178 ὥσπερ
1864 1105 1960 1176 τὴν

386 1213 586 1284 Ἥραν,
614 1210 752 1282 πρὸς
788 1207 1054 1282 ρᾳθυμίαν
1093 1206 1140 1238 ⁸⁸
1173 1205 1454 1275 ἐφίσταται
1490 1202 1556 1267 ³⁷,
1591 1200 1686 1254 καὶ
1715 1199 1844 1261 τοὺς
1867 1198 1961 1250 άν-

380 1303 611 1377 δρείους,
643 1301 830 1372 ῶσπερ
852 1301 951 1371 τὴν
996 1297 1244 1369 Ἀθηνᾶν,
1270 1297 1350 1359 είς
1376 1293 1444 1348 τὰ
1479 1292 1552 1364 μὴ
1598 1291 1779 1353 αὐτοῖς
1825 1287 1958 1359 πρέ-

380 1412 555 1449 ποντα
604 1391 1063 1463 φιλονεικοτέρους
1111 1389 1156 1422 ³⁸
1209 1385 1602 1460 ἀπεργάζεται,
1653 1383 1746 1436 καὶ
1784 1381 1961 1451 ψυχῆς

381 1487 598 1552 κάλλος,
630 1485 820 1557 ὥσπερ
869 1482 1206 1556 Ἀφροδίτην,
1251 1479 1522 1552 προφάσει
1552 1477 1763 1548 τρυφῆς
1794 1473 1960 1528 ἀπολ-

380 1580 518 1634 λύει.
537 1577 818 1650 Συντόμως
837 1577 964 1651 ἐρῶ·
991 1576 1194 1640 πάντας
1213 1575 1293 1638 είς
1325 1570 1498 1642 κακὴν
1519 1571 1633 1643 ἔριν
1659 1568 1962 1640 ἀνερεθίζει

383 1675 416 1726 ὁ
448 1671 698 1736 πλοῦτος.

454 1764 596 1822 XVI.
649 1767 705 1820 Ὀ
733 1765 790 1818 δὲ
824 1764 916 1818 τὸν
959 1761 1054 1817 τοῦ
1087 1760 1315 1815 πλούτου
1346 1758 1586 1831 ἡγεμόνα
1618 1757 1713 1810 καὶ
1746 1755 1957 1826 φύλακα

383 1859 509 1928 ὄφιν
539 1858 739 1914 ἀνελὼν
783 1858 1057 1930 Ἡρακλῆς
1083 1858 1112 1910 ὁ
1143 1856 1366 1926 γνήσιος
1405 1853 1499 1906 καὶ
1528 1849 1813 1920 φιλόσοφός
1841 1849 1957 1902 ἐστι

385 1951 655 2022 νοῦς(10),
675 1951 733 2016 ὃς
758 1951 802 1984 ⁸⁸
818 1949 1002 2022 πάσης
1033 1949 1229 2011 κακίας
1258 1945 1462 2017 γυμνὸς
1492 1942 1565 1998 ῶν
1585 1943 1958 2012 ἐκπερινοστεῖ

385 2043 476 2096 τὸν
509 2042 730 2115 κόσμον,
761 2041 1042 2114 ἐπιδημῶν
1077 2042 1197 2104 ταῖς
1238 2038 1437 2110 ψυχαῖς
1469 2036 1562 2091 καὶ
1615 2033 1957 2106 σωφρονίζων

385 2136 514 2198 τοὺς
559 2135 998 2206 ἐντυγχάνοντας,
1049 2132 1190 2202 λέγω
1233 2130 1289 2183 δὲ
1348 2127 1664 2201 ἀνθρώπους
1716 2125 1959 2189 ἐοικότας

387 2226 566 2280 λέουσι
611 2228 902 2298 τολμηροῖς
952 2225 985 2297 ἢ
1033 2225 1249 2293 ἐλάφοις
1296 2221 1496 2284 δειλαῖς
1544 2219 1591 2253 ⁸ο
1635 2219 1668 2290 ἢ
1726 2219 1959 2289 κάπροις

385 2321 599 2392 ἀγρίοις
647 2319 679 2392 ῆ
732 2319 916 2391 ὕδραις
959 2316 1335 2390 πολυτρόποις.
1385 2313 1611 2385 Ὁμοίως
1651 2313 1706 2369 δὲ
1752 2315 1845 2368 καὶ
1890 2313 1960 2367 τὰ

385 2412 521 2466 ἄλλα
553 2411 749 2475 πάντα,
793 2411 892 2464 ὅσα
933 2409 1160 2482 ἀθλῆσαι
1189 2407 1402 2477 λέγεται
1447 2405 1737 2479 Ἡρακλῆς,
1771 2408 1984 2479 νοερᾶίς⁸

384 2505 589 2576 ἀρετῆς
621 2505 764 2556 ἐστιν
793 2505 1107 2575 αἰνίγματα.
1142 2504 1438 2575 Αύτάρκως
1469 2501 1524 2554 δὲ
1568 2502 1610 2532 ⁶¹
1664 2498 1758 2554 νῦν
1792 2501 1959 2570 ἐχέτω

383 2598 458 2651 τά
491 2597 766 2667 εἰρημένα.
801 2599 895 2660 Εἰς
925 2597 1033 2670 γάρ
1070 2598 1296 2651 ἕκαστον
1323 2598 1494 2650 εἰπεῖν
1527 2593 1646 2648 οὐδὲ
1674 2595 1702 2646 ό
1742 2592 1958 2664 σύμπας

389 2691 579 2762 χρόνος
610 2691 826 2762 ἀρκέσει
859 2693 925 2746 δ’.

457 2783 620 2838 XVII.
658 2784 824 2855 Πλὴν,
859 2784 1122 2856 θαυμάζω
1158 2785 1272 2848 πῶς
1285 2784 1456 2839 ταῦτα
1479 2783 1664 2852 σαφῶς
1695 2782 1788 2834 καὶ
1808 2780 1961 2833 εύσε-

387 2876 497 2942 ὃῶς
518 2878 611 2932 καὶ
639 2878 926 2950 ὠφελίμως
948 2878 1243 2950 ἀκαλύπτῳ
1254 2878 1348 2932 καὶ
1366 2880 1431 2948 τῇ
1466 2876 1650 2947 εὐθείᾳ
1669 2872 1960 2945 δηλοῦσθαι

385 2970 676 3042 δυνάμενα,
711 2973 762 3062 ος
802 2972 1051 3042 πλαγίοις
1089 2973 1503 3046 ἀποκρύψαντες
1542 2971 1824 3040 αἰνίγμασι
1869 2970 1960 3022 καὶ

391 3064 576 3135 μύθοις
594 3065 733 3120 αύτά
752 3065 1190 3138 προκαλύψαντες
1223 3069 1411 3128 κακοῖς
1440 3064 1544 3126 ὑπὸ
1562 3062 1664 3129 ,σοῦ
1693 3063 1960 3135 ἔμφρονες

2063 556 2263 618 ptatcs,
2286 546 2496 615 solique
2523 543 2804 614 cupiditati
2837 543 3014 597 tradat
3039 544 3342 610 victoriam,
3368 555 3427 598 ut
3448 542 3544 614 qui
3567 544 3638 599 ab

2062 657 2128 696 ea
2164 641 2406 696 vicissim
2439 638 2620 694 dulcia
2653 644 3040 706 consequatur,
3075 636 3142 690 ad
3179 638 3262 692 sui
3297 649 3639 709 suorumque

2060 731 2379 802 perniciem,
2416 731 2511 801 qui
2557 745 2668 785 non
2708 738 2855 784 recte
2898 728 3180 799 iudicarit,
3215 730 3634 787 oblectationem

2061 822 2328 892 praeferet.
2369 821 2655 878 Discordia
2699 835 2832 876 vero
2881 829 2966 876 est
3007 822 3352 877 contentiosa
3400 822 3632 879 malitia.

2062 912 2418 983 Hesperidum
2441 921 2618 967 autem
2643 927 2862 982 pomum
2887 926 3111 966 aureum
3134 909 3334 966 divitia:
3362 913 3488 980 sint,
3515 928 3638 983 quae

2061 1005 2333 1061 interdum
2380 1006 2544 1060 etiam
2588 1013 2971 1075 temperantes,
3023 1014 3083 1060 ut
3121 1005 3413 1072 Iunonem,
3441 1009 3508 1062 ad
3547 1025 3638 1064 so-

2061 1098 2304 1152 cordiam
2345 1099 2647 1168 impellunt,
2680 1108 2734 1154 et
2780 1098 2970 1165 fortes,
3015 1111 3072 1153 ut
3119 1099 3439 1166 Minervam,
3471 1100 3536 1154 ad
3573 1115 3650 1157 ea.

2061 1203 2182 1259 quae
2212 1189 2335 1244 illos
2367 1205 2476 1244 non
2504 1193 2696 1246 decent
2732 1189 3190 1244 contentiosiores
3235 1187 3488 1254 reddunt,
3520 1190 3642 1243 ani-

2061 1280 2247 1348 mique
2294 1280 2782 1349 pulchritudinem,
2842 1280 2987 1335 sicut
3026 1277 3316 1345 Venerem,
3369 1287 3634 1348 praetextu

2060 1370 2378 1426 deliciarum
2432 1372 2807 1442 pessumdant.
2863 1371 2985 1429 Uno
3028 1373 3195 1427 verbo
3221 1373 3398 1427 dicam
3442 1389 3456 1426 :
3497 1387 3649 1428 eun.»

2059 1472 2176 1520 ctos
2205 1463 2270 1518 ad
2303 1465 2500 1519 malam
2524 1465 2852 1521 discordiam
2880 1465 3139 1536 instigant
3166 1463 3402 1525 divitiae...

2061 1755 2102 1775 "
2132 1755 2274 1810 XVI.
2313 1755 2484 1811 Porro
2523 1752 2802 1819 Hercules,
2854 1755 2948 1826 qui
2996 1755 3313 1810 divitiarum
3357 1755 3550 1810 dnoem
3584 1765 3652 1811 et-

2060 1848 2338 1905 custodem
2364 1856 2669 1918 serpentem
2709 1847 2992 1914 interimit,
3024 1849 3331 1903 intellectus
3358 1848 3637 1903 estsince-

2059 1955 2156 1995 rus
2206 1948 2261 1994 et
2315 1939 2750 2010 philosophicas,
2801 1940 2895 2009 qui
2953 1940 3134 1994 omnis
3191 1940 3413 1994 sceleris
3465 1955 3641 2008 purus

2059 2031 2321 2086 mundum
2367 2029 2580 2095 circuit,
2615 2030 2683 2084 ad
2727 2030 2937 2086 animas
2983 2030 3300 2096 adveniens,
3349 2039 3403 2084 ct
3445 2023 3642 2087 obvios

2060 2123 2356 2194 castigans,
2379 2122 2630 2177 homines
2652 2121 2794 2186 dico,
2820 2122 3068 2176 leonibus
3095 2121 3392 2176 audacibus
3429 2120 3637 2176 similes

2059 2213 2144 2267 vel
2178 2210 2382 2266 timidis
2425 2212 2598 2267 cervis
2629 2211 2713 2264 vel
2750 2210 2881 2266 feris
2925 2211 3074 2282 apris
3111 2211 3194 2264 vel
3235 2210 3422 2282 hydris
3453 2209 3636 2266 multi-

2061 2303 2312 2376 plicibus.
2373 2301 2616 2373 Itemque
2657 2313 2847 2358 caetera
2903 2302 3112 2368 omnia,
3163 2317 3286 2371 quae
3333 2301 3635 2358 debellasse

2059 2397 2261 2452 dicitur
2288 2395 2567 2460 Hercules,
2604 2396 2843 2449 iuuuunt
2883 2395 2990 2447 vim
3022 2393 3214 2446 animi.
3249 2391 3317 2446 At.
3345 2408 3489 2447 nunc
3512 2408 3634 2462 quae

2059 2488 2201 2545 dicta
2261 2499 2391 2544 sunt
2432 2486 2722 2543 sulliciant.
2775 2485 2858 2540 Ad
2912 2485 3122 2555 singula
3162 2484 3306 2538 enim
3350 2484 3638 2543 referenda

2060 2597 2223 2638 omne
2246 2597 2354 2636 non
2387 2581 2522 2637 satis
2554 2589 2698 2635 esset
2722 2587 2955 2648 tempus.

2131 2779 2295 2834 XVII.
2334 2775 2601 2835 Czeterum
2650 2775 2820 2830 miror
2873 2790 2992 2840 cur,
3037 2789 3160 2829 eum
3194 2775 3308 2827 haec
3353 2771 3516 2839 clare,
3541 2767 3632 2842 pie

2060 2883 2125 2924 ac
2155 2869 2376 2930 utiliter.
2402 2875 2588 2936 aperta
2620 2873 2874 2936 rectaque
2897 2863 2982 2918 via
3012 2863 3314 2934 potuissent
3339 2862 3626 2925 declarari,

2062 2962 2099 3016 ii
2129 2961 2222 3032 qui
2273 2960 2364 3014 illa
2411 2958 2648 3029 obliquis
2685 2957 3003 3012 celaverunt
3037 2956 3418 3027 teuigmatlbus
3468 2963 3631 3023 atque
3696 3020 3700 3023 ι

2063 3055 2314 3124 turpibus
2347 3053 2695 3108 occultarum
2734 3048 2954 3114 fabulis,
2992 3048 3244 3102 dicantur
3277 3062 3307 3100 a
3340 3055 3390 3100 te
3419 3045 3628 3101 cordati

387 3160 480 3212 καὶ
513 3162 666 3229 σοφοὶ
697 3154 834 3214 εἶναι
867 3160 1131 3229 λέγονται,
1166 3161 1358 3224 οἵτινες
1406 3159 1593 3231 ὥσπερ
1639 3158 1742 3213 ὑπὸ
1787 3156 1956 3212 κακοῦ

2062 3163 2126 3204 ac
2147 3147 2419 3216 sapientes
2448 3143 2744 3200 exstitisse.
2785 3142 2889 3209 Qui
2925 3156 3058 3197 sane
3094 3141 3241 3194 velut
3270 3155 3300 3193 a
3327 3139 3474 3194 malo
3499 3154 3627 3209 pro—

388 3253 748 3324 προαχθέντες
797 3253 1047 3324 δαίμονος
1109 3253 1291 3324 σχεδὸν
1361 3254 1515 3325 167
1573 3254 1698 3317 τοὺς
1754 3253 1958 3316 πάντας

389 3344 715 3416 ἐνήδρευσαν
741 3344 1080 3417 ἀνθρώπους.
1115 3347 1186 3400 Ἦ
1213 3346 1320 3418 γὰρ
1346 3347 1445 3400 οὐκ
1485 3345 1598 3399 ἐστι
1625 3345 1796 3400 ταῦτα
1820 3346 1958 3400 αἰνί-

387 3455 591 3510 γματα,
625 3435 736 3492 ω’
768 3437 944 3509 ἀληθῆ
975 3438 1082 3494 τῶν
1105 3439 1241 3494 θεῶν
1273 3441 1658 3511 ἁμαρτήματα,
1686 3441 1778 3493 καὶ
1807 3439 1961 3508 ἐλέγ-

386 3548 501 3602 χειν
531 3532 728 3596 αὑτοὺς
758 3531 858 3586 οὐκ
895 3531 1022 3597 ἔδει,
1051 3531 1174 3586 οὐδὲ
1203 3531 1302 3603 τὴν
1348 3532 1519 3604 ἀρχὴν
1558 3532 1694 3586 αὐτὰ
1726 3528 1837 3598 τοῖς
1866 3535 1959 3588 άν-

387 3623 625 3697 θρώποις
672 3625 754 3687 είς
814 3623 1040 3696 μίμησιν
1089 3623 1418 3696 προτιθέναι·
1472 3625 1504 3696 ἢ
1550 3626 1959 3696 αἰνιγματωδῶς

388 3715 617 3787 ἐλέγχθη
644 3715 692 3748 ⁸³
720 3714 792 3768 τά
822 3716 926 3769 ὑπὸ
950 3715 1058 3771 τῶν
1091 3714 1228 3769 θεῶν
1259 3715 1468 3786 ψευδῶς
1499 3718 1862 3790 πεπραγμένα
1889 3716 1956 3783 ιι,

387 3809 483 3860 καὶ
512 3808 773 3878 ἥμαρτον,
797 3801 842 3862 ὦ
881 3807 1144 3872 Ἀππίων,
1180 3808 1260 3861 ὅτι
1288 3809 1474 3873 οἰλύπὸ
1508 3808 1600 3863 σοῦ
1634 3809 1961 3882 ὀνομαζόμε-

388 3917 470 3953 νοι
523 3902 674 3969 σοφοὶ
731 3899 800 3953 τὰ
850 3899 1022 3971 σεμνά
1074 3900 1329 3971 ἀσέμνοις
1385 3899 1572 3972 μύθοις
1626 3901 1960 3974 καλύψαντες

388 3992 654 4063 ἁμαρτεῖν
699 3991 824 4056 τοὺς
863 3989 1178 4063 ἀνθρώπους
1208 3992 1627 4064 προετρέψαντο,
1672 3995 1961 4053 καὶταῦτα

391 4082 707 4155 ὑϐρίσαντες
737 4083 832 4148 οὓς
861 4085 953 4138 καὶ
979 4082 1136 4146 θεοὺς
1163 4077 1300 4138 εἶναι
1332 4084 1604 4156 ἐνόμισαν.

459 4196 648 4254 XVIII.
689 4198 884 4269 Διόπερ
908 4198 954 4231 ’⁸⁸
986 4198 1059 4270 μὴ
1085 4199 1298 4268 σοφοὺς,
1321 4199 1455 4254 ἀλλὰ
1481 4202 1684 4268 κακοὺς
1703 4201 1963 4274 δαίμονας

388 4291 513 4354 τοὺς
539 4291 810 4353 τοιούτους
835 4289 1041 4361 νόμιζε,
1063 4291 1255 4354 οἵτινες
1278 4291 1452 4355 κακὰς
1477 4293 1758 4359 ὑποθέσεις
1784 4295 1962 4368 ἔργων

392 4382 570 4435 καλῶν
604 4381 1011 4454 προεϐάλλοντο,
1045 4383 1132 4436 ἵνα
1161 4384 1211 4436 οἱ
1241 4383 1482 4448 θέλοντες
1525 4389 1755 4458 μιμηταὶ
1807 4388 1961 4458 γενέ-

2061 3241 2209 3296 ducti
2232 3239 2479 3295 dmmone
2516 3251 2708 3291 omnes
2731 3233 2843 3290 fere
2865 3233 3115 3289 homines
3146 3233 3498 3288 seduxerunt.
3520 3230 3632 3288 Aut

2059 3333 2207 3390 enim
2244 3332 2360 3386 hac
2387 3329 2496 3385 neu
2527 3337 2657 3384 sunt
2677 3325 2989 3398 aenigmata,
3021 3324 3113 3380 sed
3141 3332 3358 3394 peccata
3400 3323 3629 3378 deorum

2059 3439 2209 3490 vera,
2237 3433 2356 3479 tum
2386 3438 2496 3478 non
2518 3419 2760 3492 oportuit
2790 3419 2915 3475 illos
2943 3419 3251 3485 ostendere,
3284 3431 3462 3488 neque
3488 3417 3634 3488 prin-

2059 3519 2204 3590 cipio
2231 3531 2295 3574 ea
2330 3514 2644 3574 hominibus
2672 3526 2979 3584 proponere
3004 3510 3266 3566 imitanda
3294 3528 3309 3566 :
3347 3519 3440 3566 aut
3461 3511 3629 3582 aenig-

2060 3611 2260 3668 matiee
2284 3618 2504 3666 ostensa
2526 3616 2673 3672 sunt,
2703 3620 2825 3676 qum
2859 3620 2890 3660 a
2915 3603 3023 3660 diis
3054 3619 3180 3660 vere
3202 3602 3345 3662 facta
3377 3620 3486 3660 non
3510 3603 3630 3660 fue-

2060 3711 2202 3767 rant,
2235 3710 2290 3757 et
2315 3699 2680 3770 deliquerunt,
2702 3695 2934 3766 Appiou,
2978 3711 3117 3765 quos
3139 3710 3304 3751 vocas
3334 3696 3625 3766 sapientes,

2060 3794 2190 3848 dum
2243 3791 2473 3846 honesta
2523 3786 2830 3842 inhonestis
2875 3783 3077 3842 fabulis
3110 3785 3354 3842 velantes
3397 3787 3465 3840 ad
3503 3801 3628 3856 pec-

2060 3883 2295 3942 candum
2325 3879 2578 3936 homines
2606 3878 2924 3940 incitarunt,
2956 3877 3120 3948 idque
3143 3893 3269 3934 eum
3297 3879 3629 3935 contumelia

2060 3991 2273 4043 eorum,
2303 3988 2445 4046 quos
2473 3979 2529 4028 et
2553 3970 2846 4028 credebant
2869 3969 3023 4027 deos.

2131 4191 2320 4249 XVIII.
2379 4190 2648 4258 Quocirca
2702 4203 2812 4244 non
2865 4186 3160 4257 sapientes,
3217 4187 3313 4243 sed
3352 4188 3629 4245 daemones

2060 4305 2260 4360 pravos
2318 4287 2454 4342 istos
2496 4282 2770 4347 existima,
2802 4281 2894 4351 qui
2932 4280 3073 4335 mala
3104 4297 3329 4351 operum
3361 4283 3626 4337 bonorum

2064 4388 2386 4452 argumenta
2421 4375 2844 4448 praetenderant,
2893 4380 2953 4428 ut
2991 4373 3029 4427 ii
3065 4374 3158 4442 qui
3201 4381 3458 4443 cuperent
3485 4389 3626 4443 prae-

393 4473 513 4529 σθαι
541 4473 649 4528 τῶν
672 4475 992 4546 κρειττόνων
1007 4474 1107 4538 τὰς
1132 4474 1240 4529 τῶν
1271 4472 1574 4547 λεγομένων
1595 4477 1730 4534 θεῶν
1758 4480 1959 4553 ζηλῶσι

2065 4473 2390 4533 stantiorum
2434 4469 2552 4526 ﬁeri
2614 4467 2952 4530 imitatores,
3011 4464 3353 4536 vulgatorum
3400 4466 3626 4522 deorum

1703 4615 1931 4674 VARIxE.
1963 4611 2365 4674 LECTIONES.

463 4770 674 4824 ³⁸ὲστίν
723 4785 812 4824 om
829 4769 913 4841 .0.
990 4770 1040 4841 δέ
1061 4769 1188 4839 Leg.
1203 4771 1512 4841 ἐπιθυμίαν.
1530 4771 1650 4827 Νοη
1668 4775 1810 4830 enim
1825 4775 2092 4835 lunonem
2107 4772 2413 4836 socordem,
2430 4768 2546 4841 sed_
2559 4768 2678 4841 ejus
2703 4765 2948 4841 potiundi
2976 4763 3228 4841 cupidanm
3255 4762 3382 4841 fecit
3404 4764 3514 4841 τῶν
3544 4767 3630 4841 ‘1};-

395 4841 661 4912 σπερίδων
687 4840 952 4912 μῆλον.[).
1027 4840 1070 4873 ³⁷
1095 4834 1379 4910 ἐφίσταταί
1393 4841 1432 4894 D
1462 4843 1780 4907 ,ἐπίσταται
1809 4847 1848 4901 C
1879 4850 2177 4933 ,παράγειν
2205 4834 2488 4899 ἐπίσταται
2511 4834 2602 4894 Ο(
2654 4834 3216 4959 ³⁸ήφιλονιικοτέρουςο.
3293 4835 3334 4871 ⁸³
3356 4837 3413 4899 ὃς
3433 4835 3476 4891 Ο
3513 4837 3627 4897 c.S.

395 4911 420 4959 ὅ
445 4912 506 4959 C.
583 4911 630 4950 ιο
655 4911 848 4959 δειλοῖς
871 4911 927 4959 C.
1009 4913 1051 4949 ιι
1075 4910 1131 4959 δέ
1156 4912 1356 4959 excidit
1377 4925 1464 4959 an-
1493 4912 1553 4959 Cl
1604 4924 1657 4959 et
1683 4914 1737 4959 ς
1815 4916 1862 4948 υ
1893 4920 2070 4959 Malum
2104 4917 2406 4959 ἀμπείσειεν.
2446 4909 2504 4959 S-
2579 4907 2625 4940 "
2648 4907 2962 4959 ἐλεγνθῆναι
2998 4907 3016 4957 ί
3049 4947 3061 4959 .
3139 4902 3186 4936 ⁸⁸
3214 4903 3419 4959 Sensus
3443 4919 3627 4959 nostu-

393 4911 420 4989 ᾗ
445 4907 510 4966 C.
565 4911 630 4989 ηιξ
655 4907 848 4989 δειλοῖς
871 4911 978 4989 C.__
1009 4913 1051 4949 ιι
1075 4907 1356 4989 δέόιοὶύὶι
1377 4925 1464 4981 ap.
1493 4912 1554 4967 Cl
1604 4924 1657 4989 et
1683 4914 1741 4972 S.
1802 4916 1862 4989 _“‘
1881 4907 2086 4989 'b‘lalim'
2103 4917 2406 4989 ἀρκέσειεν.
2446 4909 2504 4965 S.
2530 4979 2560 4989 η
2579 4907 2625 4989 ξ³
2648 4907 2962 4989 ἐλεγχθῆναι
2998 4907 3016 4957 ί

3139 4902 3186 4978 1⁵
3214 4903 3419 4978 Sensus
3440 4919 3629 4978 PDS!!!“

394 4981 504 5062 lare
528 4981 744 5062 videtur
772 4981 1019 5062 ἀψευδῶς
1045 4975 1432 5062 πεπραγμένα,
1458 5000 1572 5062 fere
1600 4983 1764 5062 facta.
1792 4985 1864 5062 _D.
1897 4975 2271 5062 Nequaquam.
2308 4983 2472 5062 Recte
2499 4975 2981 5062 sibi‘oppoiiut’tt‘ur
3014 4976 3083 5062 τά
3123 4975 3620 5062 ἀληθῆλτῶνθεῶιν.

393 5051 790 5174 ἐμαρτήματα,
819 5046 872 5104 et
907 5046 1319 5136 ὑπδτῶνθεῶν
1349 5052 1577 5138 ψευδῶς,
1600 5046 1725 5110 ἐἰνθ
1752 5058 1852 5111 οὐκ
1897 5046 2118 5132 ἀληθῶς
2154 5053 2534 5128 πεπραγμένα.
2587 5047 2645 5106 S.
2668 5046 2829 5104 Idem
2875 5048 3122 5102 Ἀππίον.
3198 5046 3244 5079 ⁸⁸⁵
3283 5048 3360 5100 Δι’
3402 5049 3539 5119 ὅπερ
3561 5047 3623 5104 (1.

442 5137 532 5174 um
575 5136 792 5174 reposui
833 5121 958 5174 vbb.
992 5121 1127 5174 αλλὰ
1153 5137 1355 5174 κακους
1387 5139 1442 5174 ω
1469 5122 1568 5174 Μ.
1605 5123 2038 5174 Schweglnrinnn
2069 5129 2297 5174 amissa-

442 5121 532 5175 um
575 5121 792 5190 reposui
833 5121 958 5177 vbb.
992 5121 1127 5174 ἀλλὰ
1153 5121 1355 5186 κακούς
1387 5123 1442 5176 in
1469 5122 1568 5180 Ed.
1605 5121 2041 5200 Sebwegleriana
2069 5121 2298 5184 omissa}

1711 5241 2073 5302 VARIORUM
2093 5239 2324 5299 ΝΟΤᾹΣ.

464 5333 579 5401 (I0)
611 5332 780 5406 Ὄφιν
820 5335 1054 5406 ἀνελὼν
1121 5333 1440 5406 Ἡρακλῆς,
1487 5338 1520 5389 ό
1567 5335 1966 5406 Maeciam-2

394 5405 730 5478 φιλόσοφός
754 5404 885 5478 ἐρ’ζι
915 5404 1080 5478 νοῦς,
1110 5415 1214 5460 etc.
1251 5403 1582 5478 Cor_nut_usr:‘
1604 5403 1877 5478 Ἡρακλῆς
1905 5409 1964 5462 δέ

394 5475 543 5526 ἐστιν
574 5477 602 5527 ὁ
633 5475 693 5543 ἐν
719 5476 828 5538 τοῖς
844 5475 986 5538 ὅλοις
1009 5475 1183 5543 λόγος,
1217 5483 1326 5530 etc.
1351 5473 1406 5528 lu
1433 5473 1794 5532 Collectaneis
1823 5473 1965 5537 Con-

396 5545 632 5616 stantini
657 5542 1174 5616 Rorpltyrogenetze,
1219 5554 1473 5616 excerpta
1501 5562 1566 5600 ex
1593 5544 1818 5604 Joannis
1847 5549 1958 5601 An-

397 5613 639 5685 tiocheni
675 5612 918 5685 Historia
952 5612 1246 5685 Chronica,
1288 5612 1408 5685 ipso
1458 5615 1659 5670 initio:
1700 5619 1826 5670 Ὅτε
1871 5617 1964 5672 τὸν

407 5683 807 5759 Ἡρακλέα-τον
835 5684 950 5759 ’τῆς
983 5683 1364 5759 ξΑλκιιήνης,⁸
1396 5685 1680 5756 φιλόσοφον
1721 5687 1963 5759 ἱστοροῦ-

402 5752 507 5820 σιν,
539 5765 642 5812 etc.
676 5753 804 5810 Tria
834 5752 954 5812 loca
981 5752 1208 5826 integra
1235 5752 1481 5813 conferre
1516 5752 1691 5828 operte
1716 5752 1953 5830 pretium

2066 5338 2231 5393 fuerit
2275 5354 2289 5390 :
2336 5349 2571 5405 quorum
2627 5331 2877 5405 ultimum
2932 5330 3160 5405 feliciter
3199 5327 3512 5405 emendavit
3560 5325 3626 5405 ad

2067 5424 2218 5464 oram
2267 5397 2390 5462 libri
2434 5406 2520 5461 sui
2545 5407 2574 5458 ὁ
2608 5401 2910 5476 μακαρίτης
2935 5401 3195 5476 _Joannes
3237 5399 3494 5476 Tariuus,
3543 5397 3629 5454 vir

2067 5492 2284 5533 summo
2311 5477 2550 5544 ingenio,
2583 5470 2796 5530 summa
2820 5470 3142 5544 eruditione,
3169 5470 3629 5544 summanvirtute~

2069 5547 2170 5603 Ubi
2203 5548 2348 5602 enim
2373 5540 2589 5610 legitur,
2623 5545 2838 5616 ἐνίκησε
2870 5543 2962 5616 τὸν
3005 5543 3119 5598 υίὸν
3146 5543 3243 5616 τῆς
3278 5540 3487 5611 φαύλης
3511 5541 3631 5594 ἐπι-

2069 5617 2295 5689 θυμίας,
2344 5617 2614 5689 apposuit
2649 5613 2796 5689 'Io'v._
2819 5613 2916 5689 ’[ός
2964 5623 3177 5689 autem,
3204 5613 3320 5689 hoc
3347 5620 3429 5666 est
3467 5626 3630 5689 vene-

2067 5682 2222 5753 nu'm,
2245 5682 2449 5755 optime
2475 5685 2708 5755 quadrat
2732 5685 2800 5739 ad
2833 5683 3073 5755 fabulam
3103 5684 3216 5742 illic
3249 5683 3472 5740 relatam
3503 5682 3630 5737 dra-

2064 5758 2217 5816 conis
2239 5754 2308 5814 ab
2339 5754 2570 5813 Hercule
2599 5756 2786 5814 occisi.
2819 5754 2954 5817 Cor.
