4084 6148
430 299 528 358 911
1249 302 1307 357 3.
1347 300 1730 359 CLEMENTIS
1774 301 1798 359 Ι
1834 303 1998 359 ROM.
2035 301 2235 357 PONT.
2272 300 2498 357 OPERA
2536 300 2760 359 DUBIA.
3567 304 3678 358 212

433 416 816 472 aemularentur
858 423 1030 486 gesta,
1068 429 1193 485 qua:
1223 415 1398 485 pridie
1439 416 1716 472 disserens
1752 432 1862 472 non
1907 430 2046 477 oc—i

2064 448 2074 477 ι
2104 415 2346 488 πράξεις,
2381 416 2447 480 ἀς
2485 416 2863 488 διαλεγόμενος
2892 418 2959 488 τῇ
2994 415 3100 487 πρὸ
3125 414 3329 486 ταύτης
3359 414 3538 487 ἡμέρᾳ
3575 419 3677 472 οὐκ

433 509 603 576 cului,
633 505 944 578 parricidia,
971 505 1214 575 inquam,
1250 507 1545 562 liberorum
1569 509 1764 574 caedes,
1799 508 1996 579 impios

2101 509 2529 580 ἅπεκρυψάμην,
2552 509 2694 578 λέγω
2717 508 2773 562 δὲ
2796 509 3181 579 πατροφονίας,
3199 507 3579 571 -τεκνοκτόνίας
3607 508 3674 571 ⁸⁸,

432 614 558 654 eum
596 597 883 664 matribus,
921 596 1157 664 filiabus,
1207 597 1488 652 sororibus
1531 598 1873 665 concubitus,
1912 599 1996 652 in-

2103 600 2276 669 μίξεις
2308 601 2526 664 ἀσεϐεῖς
2561 601 2829 672 μητέρων,
2875 600 3205 670 θυγατέρων,
3252 597 3511 668 ἀδελφῶν,
3559 617 3675 669 μοι-

430 690 592 761 digna
641 689 935 753 adulteria,
979 689 1343 744 masculorum
1398 690 1590 757 initus,
1645 698 1699 745 et
1750 690 1994 760 impuras

2097 690 2250 761 χείας
2287 709 2346 748 τε
2381 691 2423 724 ⁸⁷
2466 692 2732 764 ἀπρεπεῖς
2784 694 2876 746 καὶ
2914 689 3298 764 ἀρῤενομιξίας
3334 691 3427 742 καὶ
3473 691 3673 762 μιαράς

429 780 799 851 nefandasque
834 780 1120 847 libidines,
1156 795 1280 835 cum
1338 781 1638 837 innumeris
1683 782 1804 837 aliis
1849 783 1994 851 ejus-

2098 784 2520 856 ἀῤῥητουργίας,
2555 784 2691 854 πρὸς
2717 784 2904 846 ἄλλαις
2941 783 3161 855 μυρίαις
3186 779 3461 844 τοιαύταις
3482 780 3671 852 ἀθεμί-

427 871 703 927 demmodi
733 871 936 926 illicitis
978 870 1470 927 eommistionibus.
1515 870 1657 928 Inter
1705 887 1846 942 quos
1889 873 1990 929 ho—

2093 892 2207 938 τοις
2244 874 2452 946 μίξεσιν
2511 875 2578 908 ⁸⁸·
2627 870 2702 930 ὧν
2749 874 3098 928 ἀσεϐέστατοι
3130 873 3174 904 δ’
3215 873 3265 926 οί
3299 871 3467 926 ταῦτα
3500 872 3675 949 ἀληθῆ

428 963 605 1018 mines
640 962 877 1016 maxime
927 960 1080 1030 impii
1135 969 1285 1026 sunt,
1329 961 1423 1030 qui
1469 962 1582 1016 huic
1622 960 1862 1017 facinora
1896 978 1992 1018 cu-

2093 965 2267 1018 δοκεῖν
2291 961 2428 1020 εἶναι
2460 967 2722 1031 θέλοντες,
2759 968 2847 1024 ἵνα
2888 965 2956 1020 τὰ
2986 966 3145 1036 ὅμοια
3173 963 3450 1026 ποιοῦντες
3485 963 3559 1040 μὴ
3591 966 3673 1016 al-

428 1054 585 1122 piunt
629 1051 794 1106 videri
834 1066 982 1116 vera,
1035 1066 1144 1122 quo
1189 1050 1386 1106 similia
1422 1048 1681 1107 facientes
1717 1068 1824 1105 non
1867 1066 1994 1106 eru-

2093 1057 2288 1111 δῶνται
2321 1059 2387 1111 ³ο.
2433 1060 2606 1131 Οῖπερ
2637 1060 2750 1128 είγε
2782 1059 3020 1115 εὐσεϐεῖν
3051 1055 3349 1123 ἐϐούλοντο,
3383 1059 3546 1132 ἐχρῆν
3574 1059 3671 1110 αὑ-

426 1147 671 1202 bescant.
713 1145 784 1198 At
825 1144 870 1199 si
909 1145 995 1214 pie
1022 1161 1180 1215 agere
1216 1145 1535 1214 voluissent,
1567 1146 1827 1214 Oportuit,
1852 1145 1994 1202 sicut

2091 1149 2238 1212 τοὺς,
2293 1149 2430 1220 ὅπερ
2483 1151 2687 1222 ἀρτίως
2735 1145 2907 1215 εἶπον,
2950 1150 2998 1202 εἰ
3031 1149 3125 1202 καὶ
3155 1148 3323 1212 ὅντως
3371 1149 3421 1201 οί
3459 1147 3567 1200 θεοί
3600 1147 3667 1202 τὰ

427 1237 590 1292 modo
619 1235 752 1303 dixi,
785 1244 862 1301 ut,
902 1235 1005 1290 etsi
1027 1235 1103 1290 dii
1147 1250 1274 1291 vere
1309 1237 1655 1291 admisissent
1687 1235 1755 1292 de
1794 1237 1862 1291 iis
1897 1238 1992 1293 de-

2094 1241 2223 1311 περὶ
2257 1241 2434 1294 αὐτῶν
2466 1242 2720 1314 ᾀδόμενα,
2735 1240 3088 1314 διεπράξαντο
3133 1239 3300 1307 κακὰ,
3346 1243 3477 1314 τιμῇ
3510 1243 3577 1311 τῇ
3621 1240 3667 1271 ⁸³

425 1339 639 1385 cantata
653 1328 1108 1399 flagitia,propter
1136 1328 1490 1384 reverentiam
1514 1343 1640 1398 erga
1671 1328 1804 1383 deos
1834 1329 1991 1384 obte-

2097 1333 2258 1405 168
2315 1333 2451 1404 πρὸς
2510 1332 2664 1398 θεοὺς
2711 1333 3166 1406 εὐπρεπεστέροις
3213 1332 3322 1385 τισὶ
3367 1331 3556 1407 μύθοις
3598 1331 3668 1385 τὰ

427 1429 615 1492 gerent
644 1435 731 1474 res
774 1419 1093 1477 inbonestas
1123 1418 1322 1477 fabulis
1349 1419 1677 1490 quibusdam
1718 1420 1992 1477 decentio-

2089 1425 2299 1502 ἀσεμνα
2327 1425 2372 1457 ⁸³
2406 1425 2744 1490 ὲπισκέπειν,
2769 1428 2863 1480 καὶ
2903 1425 2980 1500 μὴ
3007 1425 3333 1489 τούναντίον,
3380 1423 3454 1486 ὥς
3505 1441 3662 1492 φατε,

423 1513 596 1578 ribus,
641 1519 695 1566 et
732 1526 841 1567 non
891 1528 922 1568 e
987 1512 1283 1578 contrario,
1333 1510 1792 1580 quemadmodum
1839 1511 1987 1578 aitis,

2092 1515 2271 1569 καλῶν
2303 1517 2486 1579 αὐτοῖς
2529 1516 2776 1588 πράξεων
2813 1516 3189 1587 γεγενημένων
3234 1514 3378 1568 κακά
3416 1515 3508 1567 καὶ
3539 1515 3664 1569 ἀσε-

423 1605 586 1660 bonis
614 1618 801 1658 eorum
829 1603 1088 1673 operibus
1129 1602 1300 1656 malas
1336 1609 1391 1656 et
1427 1610 1611 1671 turpes
1641 1601 1992 1655 admoverent

2095 1624 2200 1676 μνα
2227 1606 2569 1679 περιϐάλλειν
2605 1609 2875 1678 σχήματα,
2910 1608 2946 1661 ἆ
2974 1625 3094 1661 τινα
3125 1609 3220 1661 καὶ
3251 1608 3298 1640 ⁸³
3337 1607 3665 1678 ἀλληγορού-

421 1695 632 1750 formas
657 1710 779 1764 qua
824 1695 985 1749 etiam
1015 1693 1301 1764 allegorice
1335 1692 1616 1762 explicatae
1643 1691 1812 1746 multo
1860 1707 1986 1746 cum
2021 1753 2034 1773 ι

2052 1756 2060 1773 ι
2095 1716 2229 1768 μενα
2257 1701 2350 1752 καὶ
2382 1699 2468 1752 διά
2507 1700 2766 1770 καμάτων
2801 1701 2958 1771 μόγις
3005 1701 3258 1773 νοηθῆναι
3294 1699 3533 1752 δύναται·
3571 1701 3665 1753 καὶ

424 1787 614 1841 labore
642 1753 730 1838 vix
771 1793 999 1856 possunt
1027 1753 1252 1855 intelligi
1279 1802 1292 1838 :
1325 1792 1378 1839 et
1405 1753 1628 1852 quando
1651 1797 1682 1836 a
1712 1782 1989 1838 nonnullis
2020 1753 2037 1807 l

2058 1753 2218 1843 ἱίὲταν
2270 1790 2434 1862 νοηθῇ
2494 1753 2655 1856 τισιν,
2712 1753 2955 1859 ὲκειίνοιις.
2999 1753 3098 1862 μὲν
3331 1790 3424 1844 τοῦ
3468 1789 3671 1844 πολλοῦ.

424 1877 641 1930 fuerunt
675 1875 968 1940 intellecta,
1003 1874 1110 1929 illis
1137 1874 1355 1944 quidem
1381 1887 1481 1942 pro
1513 1886 1708 1942 magna
1740 1871 1989 1927 molestia

2095 1881 2294 1953 μόχθου
2329 1883 2600 1954 παρέσχον
2631 1883 2692 1936 τὸ
2728 1883 2802 1955 μὴ
2842 1882 3198 1955 πλανηθῆναι,
3235 1881 3353 1949 ἐξὸν
3397 1882 3454 1935 δὲ
3498 1882 3546 1914 ⁸⁸
3591 1882 3667 1954 μὴ

423 1971 769 2040 praebuerunt
806 1981 913 2022 non
949 1981 1155 2034 errare,
1205 1980 1328 2021 cum
1374 1964 1620 2019 licuisset
1659 1962 1909 2018 molestia
1937 1971 1991 2017 et

2093 1973 2377 2046 μοχθῆσαι,
2427 1976 2554 2040 τοὺς
2613 1975 2669 2032 δὲ
2716 1975 3084 2048 πλανηθέντας
3129 1974 3294 2046 ἄρδην
3349 1957 3669 2028 ἀπώλεσαν,

423 2057 624 2111 labore‘
641 2070 746 2109 non
781 2055 980 2123 premi;
1013 2069 1108 2109 eos
1145 2069 1275 2108 vero
1307 2053 1402 2124 qui
1437 2054 1783 2118 aberrarunt,
1811 2051 1992 2106 fundi-

2091 2065 2236 2136 Πλὴν
2257 2067 2384 2129 τοὺς
2412 2067 2493 2129 είς
2519 2065 2581 2119 τὸ
2626 2067 2949 2138 σεμνότερον
2977 2065 3404 2142 ἀλληγοροῦντας
3434 2067 3600 2131 αὑτὰς
3619 2069 3667 2100 ³⁵

423 2155 515 2199 tus
537 2143 903 2214 perdiderunt.
948 2143 1135 2199 Laudo
1174 2145 1357 2215 itaque
1393 2145 1533 2212 illos,
1569 2143 1660 2214 qui
1689 2143 1897 2200 fabulas
1922 2143 1991 2198 ad

2090 2157 2442 2230 ἀποδέχομαι,
2476 2157 2662 2231 ὥσπερ
2693 2159 2820 2222 τοὺς
2851 2160 2915 2212 ὲκ
2954 2159 3053 2229 τῆς
3092 2158 3212 2221 Διὸς
3251 2158 3490 2230 κεφαλῆς
3530 2159 3670 2214 αίνι-

424 2236 768 2292 bonestiores
798 2236 1020 2294 trahunt
1066 2236 1374 2305 allegorias,
1413 2247 1471 2290 ut
1507 2235 1601 2305 qui
1635 2249 1702 2290 ex
1726 2233 1877 2290 lovis
1900 2250 1992 2292 ea-

2091 2248 2353 2320 ξαμένους
2381 2249 2719 2322 ἀναπηδῆσαι
2746 2249 2844 2321 τὴν
2887 2249 3165 2321 φρόνησιν.
3203 2250 3364 2312 Ἴσως
3406 2249 3462 2302 δὲ
3495 2249 3672 2307 ἐκείνὰ

423 2328 536 2397 pite
582 2325 929 2397 prudentiam
983 2325 1286 2396 prosiliisse
1335 2326 1589 2380 innuunt.
1645 2324 1802 2379 Certe
1858 2325 1988 2380 illud

2093 2358 2184 2411 μοι
2218 2339 2604 2414 πιθανώτερον,
2642 2341 2722 2394 ὃτι
2767 2341 2874 2394 ὑπὸ
2910 2342 2955 2372 ⁸⁸
2989 2339 3275 2412 μοχθηρῶν
3323 2339 3547 2413 ἀνδρῶν,
3581 2341 3668 2393 δό-

424 2418 558 2473 mihi
582 2418 797 2474 videtur
816 2418 1175 2488 probabilius,
1207 2419 1424 2475 inventa
1451 2433 1574 2474 esse
1595 2418 1992 2474 contumeliosa

2093 2431 2186 2496 ξαν
2224 2432 2359 2486 θεῶν
2403 2433 2874 2506 ἀπενεγκαμένων,
2897 2431 3500 2506 ἐκεῖναιὲτολμήθησαν
3532 2433 3576 2465 ⁵⁷
3608 2435 3668 2493 αι

425 2509 543 2564 haec
570 2509 640 2564 ab
666 2509 930 2578 improbis
961 2510 1300 2577 hominibus,
1327 2510 1423 2580 qui
1449 2509 1713 2565 honorem
1747 2509 1991 2566 divinum
2096 2523 2300 2601 ὓδρεις,

425 2603 789 2659 abstulerunt.

496 2692 641 2748 XIX.
679 2692 852 2748 Porro
866 2693 1110 2748 omnium
1136 2693 1363 2750 deorum
1385 2708 1496 2748 non
1525 2693 1834 2749 invenimus
1857 2709 1993 2766 poe-

2163 2699 2306 2760 XIX.
2361 2689 2638 2758 Ἁπάντων
2667 2701 2723 2754 δὲ
2753 2701 2862 2755 τῶν
2895 2701 3032 2756 θεῶν
3061 2701 3161 2774 τὴν
3191 2701 3478 2772 ποιητικὴν
3500 2701 3664 2772 ἀλληπ

427 2785 588 2840 ticam
621 2784 933 2854 allegoriam
971 2799 1092 2840 esse
1136 2791 1577 2854 eonsequentcm.
1629 2783 1822 2839 Statim
1865 2799 1995 2854 ergo

2093 2795 2281 2867 γορίαν
2313 2794 2414 2848 οὐκ
2454 2793 2743 2849 ἀκόλουθον
2784 2794 3127 2871 εὑρίσκομεν.
3171 2793 3377 2850 Αύτίκα
3406 2792 3534 2861 γοῦν
3576 2794 3667 2848 ἐπὶ

426 2877 483 2931 in
516 2875 703 2930 mundi
740 2875 1098 2944 dispositione
1139 2885 1314 2945 poetae
1346 2877 1641 2947 aliquando
1669 2877 1858 2932 dicunt
1897 2892 1996 2931 na-

2092 2889 2192 2961 τῆς
2218 2887 2624 2958 διακοσμήσεως
2664 2887 2770 2939 τῶν
2814 2885 2949 2940 ὅλων
2981 2885 3111 2939 ποτὲ
3148 2884 3244 2955 μὲν
3277 2883 3437 2954 φύσιν
3481 2881 3666 2953 λέγου-

428 2977 630 3035 turam,
678 2967 973 3038 aliquando
1021 2976 1256 3022 mentem
1304 2968 1497 3022 ducem
1525 2967 1799 3023 exstitisse
1827 2967 1995 3022 totius

2096 2999 2180 3036 σιν
2213 2976 2450 3052 ποιηταὶ,
2494 2978 2624 3033 ποτὲ
2673 2977 2728 3033 δὲ
2756 2976 2878 3031 νοῦν
2909 2977 2955 3010 ιο
2985 2976 3226 3048 ἀρχηγὸν
3271 2975 3524 3044 γενέσθαι
3567 2975 3668 3047 τῆς

428 3061 654 3132 epiticii.
690 3059 904 3116 Etenim
935 3074 1000 3115 ex
1034 3069 1226 3116 natura
1257 3061 1487 3132 primam
1519 3071 1694 3116 ortam
1729 3076 1850 3117 esse
1881 3061 1992 3118 ele-
2021 3096 2041 3159 (

2056 3074 2223 3158 ςδλης
2261 3073 2634 3145 δημιουργίας.
2708 3071 2802 3125 Ἐκ
2848 3069 3062 3140 φύσεως
3099 3069 3194 3141 μὲν
3233 3068 3342 3142 γάρ
3379 3068 3486 3121 τῶν
3527 3084 3669 3121 στοι-

430 3163 738 3208 mentorum
786 3153 1082 3208 motionem
1129 3169 1194 3208 ac
1235 3155 1709 3222 commistionem,
1780 3165 1836 3210 at
1899 3169 1996 3224 per
2031 3153 2043 3159 ’

2052 3153 2067 3159 ﬂ
2097 3167 2255 3240 χείων
2298 3167 2397 3238 τὴν
2429 3164 2651 3237 πρώτην
2682 3163 2895 3236 κίνησιν
2925 3163 3018 3218 καὶ
3065 3160 3324 3232 σύμμιξιν
3365 3159 3665 3228 γεγονέναι,

427 3245 630 3302 mentis
661 3246 1058 3316 providentiam
1089 3245 1408 3315 dispositam
1443 3245 1633 3302 fuisse.
1678 3245 1745 3300 Et
1775 3246 1994 3318 quidem

2097 3259 2203 3314 ὑπὸ
2233 3259 2290 3312 δὲ
2319 3260 2418 3331 τῆς
2439 3257 2534 3311 τοῦ
2560 3257 2651 3311 νοῦ
2681 3255 2936 3328 προνοίας
2966 3253 3424 3325 διακεκοσμῆσθαι
3455 3254 3523 3306 ⁸³.
3558 3254 3669 3306 Καὶ

430 3338 531 3403 illi,
563 3336 896 3392 afﬁrmantes
931 3336 1119 3391 orbem
1152 3351 1183 3390 a
1212 3345 1407 3390 natura
1436 3335 1737 3402 conditum,
1771 3351 1895 3390 cum
1938 3335 1994 3390 id

2096 3351 2502 3422 ἀποφηνάμενοι
2536 3349 2634 3420 μὲν
2669 3350 2720 3402 οί
2755 3349 2850 3420 μὲν
2889 3348 2934 3380 ⁸⁸
2976 3348 3133 3418 φύσει
3175 3347 3667 3418 δεδημιουργῆσθαι

431 3435 704 3498 nequeant
756 3433 907 3483 certo
954 3425 1329 3481 demonstrare
1377 3434 1594 3495 promer
1644 3425 1994 3481 artificiosum

2095 3445 2156 3498 τὸ
2184 3446 2310 3510 πᾶν,
2343 3442 2416 3515 μὴ
2441 3442 2724 3513 δυνάμενοι
2752 3441 2808 3494 δὲ
2834 3440 2877 3474 ⁸⁸
2897 3439 3278 3512 ἀνεπιλήπτως
3290 3438 3444 3493 τοῦτο
3455 3439 3669 3492 ἀποδει-

431 3520 620 3576 mundi
662 3533 823 3590 opus,
873 3518 1156 3572 innectunt
1209 3531 1426 3586 quoque
1465 3516 1661 3572 mentis
1709 3517 1999 3586 providen-

2097 3536 2285 3590 κνύναι
2315 3535 2402 3590 διά
2425 3534 2487 3588 τὸ
2513 3535 2612 3606 τῆς
2642 3531 2998 3604 δημιουργίας
3035 3531 3300 3602 ἔντεχνον,
3347 3531 3668 3603 παρεμπλὲ-

431 3613 586 3678 tiam,
628 3619 688 3665 ut
718 3617 774 3664 et
826 3623 922 3664 eos
950 3608 1059 3677 qui'
1091 3606 1316 3663 omnino
1356 3607 1576 3676 sapiunt
1605 3608 1820 3678 possint
1851 3608 1998 3662 abri-

2098 3645 2250 3681 κουσι
2296 3626 2454 3701 169
2484 3627 2576 3680 καὶ
2598 3624 2690 3678 τοῦ
2723 3623 2813 3678 νοῦ
2840 3624 2940 3695 τὴν
2972 3623 3246 3694 πρόνοιαν,
3279 3625 3354 3687 ὠς
3383 3625 3663 3696 συναρπά-

430 3715 579 3770 pere.
635 3697 749 3753 Nos
781 3704 963 3750 autem
1003 3695 1074 3750 ad
1123 3696 1248 3750 illos
1293 3696 1570 3752 dicimus:
1608 3696 1665 3751 Si
1704 3698 1942 3753 mundus
1966 3715 1996 3753 a

2099 3735 2188 3772 σαι
2220 3695 2470 3780 acelecti;
2501 3716 2642 3772 πάνυ
2678 3705 2874 3785 σοφοὺς
2909 3714 3212 3786 δυνάμενοι.
3255 3715 3445 3786 Ἡμεῖς
3471 3695 3530 3769 δέ
3561 3735 3663 3786 φα-

431 3799 625 3844 natura
656 3787 881 3842 fortuito
904 3794 1161 3857 operante
1198 3785 1374 3841 factus
1424 3797 1528 3856 est,
1571 3790 1846 3860 quomodo
1881 3791 1996 3860 jam

2101 3827 2198 3880 μεν
2248 3808 2384 3881 πρὸς
2431 3807 2646 3870 αὐτούς·
2689 3807 2753 3860 El
2785 3806 2882 3877 μὲν
2935 3804 2993 3872 ἐξ
3043 3785 3350 3877 αὐτομάτου
3394 3806 3608 3876 φύσεως
3635 3810 3664 3860 ὁ

430 3880 839 3949 proportionem
868 3894 930 3934 ac
979 3879 1225 3934 ordinem
1273 3881 1505 3950 accepit,
1545 3897 1667 3937 cum
1707 3881 1758 3936 id
1801 3899 1831 3938 a
1880 3883 1997 3938 sola

2097 3879 2305 3972 κόσμος
2328 3899 2568 3968 γέγονεν,
2601 3897 2718 3962 πῶς
2757 3897 2836 3951 ἔτι
2870 3897 3156 3966 ἀναλογίαν
3196 3899 3290 3951 καὶ
3331 3896 3483 3966 τάξιν
3515 3897 3661 3969 εἰλη-

431 3967 730 4026 exeellente
755 3967 1042 4036 prudentia
1071 3967 1188 4022 fieri
1221 3977 1404 4038 queat,
1427 3979 1588 4041 atque
1611 3974 1998 4043 comprehendi

2099 3967 2216 4062 φεν,
2252 3967 2394 4062 ἅπερ
2422 3991 2526 4045 ὑπὸ
2555 3989 2719 4061 μόνης
2749 3988 3188 4062 ὑπερϐαλλούσης
3220 3991 3532 4062 φρονήσεως
3567 3967 3660 4058 γε·

433 4075 463 4112 a
503 4058 617 4113 sola
647 4059 874 4114 scientia
901 4059 1015 4115 haec
1036 4075 1357 4130 pernoscere
1377 4078 1440 4118 ac
1465 4065 1724 4132 perlicere
1748 4065 1999 4120 valente?

2096 4058 2276 4141 νέσθαι
2301 4058 2522 4139 δυνατόν
2556 4058 2711 4148 ἰπὶ,
2755 4058 3283 4154 καὶνκαταληφθῆναι
3311 4058 3414 4136 ὑπὸ
3443 4061 3664 4152 ἐπιστή-

433 4148 590 4216 Quod
632 4149 678 4202 si
716 4149 970 4205 universa
1001 4166 1033 4205 a
1074 4152 1360 4221 prudentia
1407 4163 1734 4222 acceperunt
1773 4170 1996 4226 compa-

2099 4196 2206 4250 μης
2249 4178 2347 4250 τῆς
2390 4177 2556 4248 μόνης
2585 4174 2756 4228 ταῦτα
2808 4148 3440 4247 ἀκριϐοῦν-*δυναμένηῃ
3487 4175 3550 4227 Εἰ

435 4255 554 4311 gem
579 4247 634 4294 et
654 4238 1090 4310 dispositionem;
1113 4241 1261 4312 quod
1283 4244 1597 4298 necessario
1628 4245 1784 4300 aliter
1807 4262 1865 4302 se
1899 4247 1997 4301 ha-

2380 4238 2450 4322 τά
2479 4238 2656 4322 πάντα
2685 4267 2783 4338 τὴν
2831 4238 3132 4338 σύγκρασιν
3172 4238 3266 4320 καί
3309 4238 3663 4338 διακόσμησιν

434 4329 562 4383 bere
585 4343 694 4383 non
726 4329 925 4398 potuit,
954 4345 1063 4400 quo
1105 4342 1264 4400 pacto
1293 4333 1475 4390 adhuc
1499 4333 1758 4404 possibile
1787 4334 1912 4405 fuit,
1936 4345 1996 4392 ut

2097 4329 2335 4434 εέληφεν,
2382 4362 2518 4434 ὅπερ
2561 4329 2772 4430 ἀνάγκη
2808 4359 2880 4431 μὴ
2911 4329 3084 4422 άλλως
3139 4358 3300 4428 ἔχειν,
3349 4329 3574 4421 πῶς
3601 4360 3667 4412 ὲκ

436 4421 552 4476 hanc
578 4436 710 4477 casu
739 4421 852 4475 fieri
883 4423 1259 4494 contingeret?
2020 4452 2049 4507 ι

2048 4453 2068 4506 )
2099 4421 2519 4528 τοῦιαύτομάτου
2555 4421 2824 4524 συμϐῆναι
2854 4421 3024 4506 ταῦτα
3053 4421 3303 4520 γενέσθαι
3323 4451 3540 4506 δυνατὸν
3561 4447 3661 4522 ῆν,

505 4560 623 4618 XX.
649 4561 754 4628 Qui
783 4576 912 4631 ergo
936 4561 1161 4617 deorum
1189 4573 1335 4634 gesta
1368 4567 1700 4636 turpioribus
1726 4569 1997 4638 allegoriis

2173 4569 2291 4628 XX.
2322 4569 2386 4623 Οί
2421 4567 2601 4620 τοίνυν
2627 4565 2696 4618 τά
2738 4564 2855 4618 θεῖα
2895 4563 2988 4617 ἐπὶ
3013 4563 3074 4616 τὸ
3112 4563 3332 4634 αἰσχρὸν
3367 4562 3666 4634 ἀλληγορῆ-

436 4654 726 4708 voluerunt
749 4654 1045 4723 explicare,
1073 4655 1240 4723 velut,
1281 4657 1444 4713 Metin
1473 4675 1505 4714 a
1531 4659 1662 4716 Jove
1695 4661 1863 4718 fuisse
1894 4665 1996 4718 ab-

2105 4679 2197 4715 σαι
2219 4661 2262 4692 ⁸³
2299 4658 2640 4728 θελήσαντες,
2668 4653 2778 4709 οἷον
2811 4655 2910 4726 τὴν
2950 4656 3124 4726 Μῆτιν
3164 4656 3533 4726 καταποθῆναι
3562 4655 3666 4708 ὑπὸ

438 4754 700 4814 sorptam,
727 4743 765 4797 ii
797 4744 853 4798 in
905 4745 1185 4814 angustias
1236 4746 1565 4817 inciderunt,
1599 4752 1772 4822 ignari
1817 4755 1996 4823 quod,

2104 4753 2244 4818 Διὸς,
2277 4752 2355 4813 είς
2394 4748 2628 4820 ἀπορίαν
2671 4743 3116 4817 ἐμπεπτώκασιν,
3149 4745 3210 4799 οὐ
3261 4746 3549 4809 συνιέντες,
3583 4745 3664 4797 ὅτι

439 4837 531 4905 qni
557 4837 623 4892 de
641 4837 740 4892 diis
770 4851 836 4891 ex
877 4835 1098 4906 obliquo
1125 4830 1396 4909 [physicas
1441 4843 1787 4911 protulerunt
1832 4845 2002 4908 inter-

2104 4844 2156 4896 οί
2184 4839 2426 4909 πλαγίως
2455 4835 2943 4906 φυσιολογήσαντες
2971 4836 3097 4908 περὶ¹
3133 4834 3270 4890 θεῶν
3305 4836 3398 4888 καὶ
3424 4835 3484 4889 τδ
3527 4831 3665 4888 εἶναι

441 4927 794 4998 pretationes,
836 4929 1066 4986 deorum
1109 4946 1329 5002 quoque
1372 4933 1615 5004 ipsorum
1657 4937 1999 4991 existentiam

2109 4923 2660 5004 θεοὺς’ἀνῃρήκασιν,
2686 4927 2755 4984 τὰ
2787 4928 2898 5000 είδη
2946 4927 3125 4982 αὐτῶν
3169 4927 3256 4982 διὰ
3295 4929 3393 4999 τῆς
3433 4927 3663 4998 ἀλληγο-

1742 5070 1980 5126 VARI/{‘3
2017 5067 2415 5125 LECTIONES.

517 5159 563 5232 δέ
582 5177 770 5232 τεκτον
797 5161 921 5231 (sic)
949 5164 1324 5227 τεκνοκτονίας
1345 5161 1411 5225 0,
1438 5163 1619 5232 priore
1648 5180 1780 5219 voce
1801 5167 2109 5220 subnotata.
2213 5164 2258 5200 ι’
2285 5180 2344 5216 τε
2367 5160 2569 5217 inserui
2597 5176 2646 5214 c.
2677 5157 2741 5232 9.
2780 5155 3416 5232 Tnmﬁééevqltﬁacﬂg
3472 5228 3483 5232 _
3516 5158 3562 5195 ⁵⁸
3598 5157 3662 5215 D-

444 5230 590 5304 conj.
637 5226 912 5304 πράξεσινζ
993 5231 1036 5263 δ’
1063 5226 1406 5304 ἀσεϐέστεροι
1428 5226 1489 5288 C.
1562 5235 1608 5268 ⁸⁸
1639 5233 1713 5288 lla
1741 5233 1786 5288 Ο
1839 5251 1888 5290 c.
1928 5233 1966 5288 S
1997 5274 2013 5298 ,
2044 5233 2314 5304 αἰδοῦνται
2341 5232 2406 5304 C,
2475 5233 2517 5266 ⁸¹
2537 5232 2646 5304 στῆς
2671 5227 2753 5304 0._
2810 5229 2854 5265 ⁸³
2881 5226 2954 5297 μὴ
2989 5226 3162 5304 σεμνά
3191 5227 3252 5281 C.
3290 5297 3304 5304 _
3328 5229 3373 5260 ⁸³
3393 5227 3664 5304 ὀχήματα,

444 5301 483 5354 ἀ
513 5297 748 5372 τιναᾼνίἷ,
769 5297 1040 5372 σχήματα
1070 5300 1180 5369 jam
1227 5300 1270 5354 D
1328 5297 1484 5357 'reete
1527 5305 1785 5372 coniecit.
1867 5305 1915 5339 “
1937 5297 2126 5360 δέοηι.
2178 5301 2224 5358 Ο
2252 5345 2268 5368 ,
2317 5303 2410 5358 sed
2437 5297 3010 5372 pracbet__subsequens
3038 5298 3139 5372 μή,
3161 5297 3306 5372 qugd
3333 5297 3442 5372 non
3475 5297 3560 5372 est
3591 5299 3664 5372 in

446 5379 594 5425 textu
622 5370 705 5442 Ci.
730 5363 974 5442 ἰόεὶἰίμή
1001 5371 1053 5424 in
1070 5363 1254 5442 marg.
1327 5375 1372 5406 ⁸³
1396 5363 1652 5436 αύτούςίῖ
1678 5414 1693 5438 ,
1725 5375 1864 5428 αὑτά
1889 5372 1949 5433 S.
2020 5380 2066 5412 ⁸⁸
2088 5374 2192 5429 ὑπό
2225 5363 2265 5427 ς
2293 5413 2308 5438 ,
2332 5363 2483 5427 deest
2507 5385 2599 5442 ap_._
2628 5368 2674 5442 β
2730 5376 2780 5442 e_t
2822 5363 2874 5419 in
3041 5363 3304 5442 fV'Ita_0_
3327 5382 3376 5422 c.
3407 5365 3492 5442 SA,
3520 5365 3667 5442 ἐτὰλη

451 5456 632 5515 μησαν
655 5441 717 5515 (ξ.
758 5435 1593 5515 Aliam_'pr:etet'e:'t__emendandi
1619 5435 1880 5499 rationem
1922 5444 2176 5515 proponit
2219 5435 2306 5515 Ι),
2349 5443 2441 5515 qui
2479 5435 2642 5493 scribi
2682 5435 3108 5515 vultpoxll‘inpdiv
3139 5436 3435 5515 ἀχδρῶνῗ
3460 5438 3665 5515 ἐκεῖναι

445 5505 649 5586 τόλμαι.
675 5505 814 5586 ἦσαν
836 5512 896 5586 ἀί
935 5505 1141 5586 ὕϐρεις.
1217 5509 1348 5586 ⁵⁸⁸5.
1373 5509 1680 5586 ﬁotttmfst
1698 5505 2263 5586 _An_artag'(ii-zit_rtdwa_
2281 5505 2777 5586 διεκόσμησε-’νοῦς
2793 5505 2897 5586 ap;
2917 5505 3108 5586 simpl.
3128 5505 3342 5586 “Plagis;
3362 5505 3453 5586 fol.
3503 5507 3572 5560 33
3607 5507 3661 5566 b.

457 5547 639 5579 "nr.-.
682 5547 812 5581 ,μιν
841 5547 896 5564 υ..
939 5547 1141 5580 “re”.
1290 5547 1348 5566 υ.
1599 5547 1680 5569 τοι
1717 5547 2051 5595 ηιιμραδυιω
2076 5547 2250 5594 παν...
2281 5547 2455 5564 mm"
2511 5547 2604 5560 η..
2658 5547 2769 5569 νη,
2796 5547 2824 5559 ..
2871 5547 2883 5558 .
2918 5547 3108 5574 ν....,,..
3165 5547 3186 5560 .
3211 5547 3324 5576 ηε...
3362 5547 3453 5591 .νῖ
3503 5547 3570 5560 νυ
3607 5547 3661 5566 ν.

448 5577 988 5654 8ο1ιξιιῲοοῂ,Αηςι.ιξ.
1023 5581 1214 5654 fragm.
1261 5581 1331 5650 fr.
1376 5579 1543 5654 γιιι,
1568 5580 1652 5654 De
1691 5583 1892 5654 Stotcns
1923 5585 2023 5640 cfr.
2054 5582 2208 5654 Diog.
2244 5581 2424 5654 Laert.
2457 5547 2880 5654 lill,Al3§,_l55.
2956 5576 3099 5654 "ita
3123 5576 3166 5630 Ο
3196 5594 3269 5654 ne.
3311 5575 3664 5654 S‘.,‘O_tq._X£§0-

451 5647 834 5726 σμεῖσθαι
853 5650 919 5726 ⁵⁸⁸
945 5645 1361 5726 ἀποφηνάμενος
1387 5652 1482 5724 μὲν
1509 5653 1664 5724 φύσει
1691 5653 1755 5711 Ο.
1789 5654 1925 5712 Tum
1953 5645 2437 5726 deﬁuntovupyﬁaliat
2473 5648 2532 5716 S,
2558 5647 2603 5703 Ο
2632 5645 3162 5720 ,δεδημιουργςῖσθαι
3189 5648 3246 5702 C.
3327 5648 3366 5679 θ’
3396 5646 3449 5700 δέ
3479 5646 3539 5714 S,
3570 5645 3612 5701 0
3649 5684 3664 5712 ,

452 5703 550 5791 μ’ἑν
577 5718 635 5773 C.
691 5721 758 5801 ,⁸³
787 5703 1150 5792 ἀλληγορῆὌ.
