4084 6148
443 267 554 326 915

1339 262 1394 321 S.
1437 261 1822 318 CLEMENTIS
1863 261 2076 316 IROM.
2114 259 2316 317 ΡΟΝΤ.
2351 257 2579 314 OPERA
2617 255 2844 313 DUBIA.

3585 252 3694 308 2I6

446 377 802 450 temporalem
834 376 888 431 in
926 377 1074 448 turpi
1103 376 1392 446 complexu
1438 377 1644 446 pictum
1689 376 1780 446 (de
1811 375 1906 430 illo
1934 375 2002 430 fa-

2118 373 2421 446 γράψαντες
2447 373 2541 426 ἐπὶ
2580 374 2810 444 αἰσχρᾶς
2844 370 3068 442 πλοκῆς,
3108 370 3297 442 ὥσπερ
3325 370 3417 424 ἐπὶ
3443 371 3538 425 τοῦ
3566 372 3690 437 Διὸς

445 471 650 527 cientes
677 467 823 540 quod
850 467 918 524 de
959 465 1094 523 Jove
1133 464 1313 522 facere
1344 467 1569 537 audent)
1603 467 1782 537 palam
1812 482 2016 538 propo-

443 569 654 626 nerent,
681 577 791 631 quo
831 559 914 616 vel
943 561 1012 614 ab
1042 558 1123 613 ira
1170 558 1489 629 temporarii
1523 558 1894 629 imperatoris,
1939 559 2018 614 id-

443 669 551 726 que
600 653 872 716 hominis,
922 651 1196 706 discerent
1253 665 1350 720 per
1407 665 1572 705 suum
1638 650 2014 720 supplicium,

441 745 902 818 quemadmodum
934 750 1183 812 oporteat
1215 743 1628 798 convenientem
1661 742 1872 797 deferre
1911 741 2014 796 ho-

440 855 651 894 norem.
712 838 817 891 Ista
869 843 1048 890 autem
1100 835 1198 890 tiLi
1251 833 1464 902 refero,
1517 851 1626 890 non
1683 835 1843 905 quasi
1896 834 2013 904 ipse

435 931 548 1000 jam
580 911 906 998 cognoscam
930 942 1079 992 eum,
1107 927 1201 996 qui
1235 941 1360 981 vere
1393 936 1477 981 est
1521 925 1685 990 Deus,
1721 925 1818 981 sed
1853 939 2011 996 aequo

2117 466 2478 539 τετολμήκασι
2509 467 2750 538 ποιῆσαι,
2778 465 2923 520 οὕτω
2960 466 3280 537 ποιήσαντες
3309 464 3568 519 ἀνέθεσαν
3595 465 3691 536 δη-

2123 559 2304 631 μοσίᾳ,
2335 559 2422 612 ἴνα
2449 557 2551 612 κᾶν
2582 559 2690 612 ἀπὸ
2718 559 2817 630 τῆς
2844 558 3013 630 ὀργῆς
3038 557 3132 612 τοῦ
3166 555 3501 628 προσκαίρου
3534 557 3689 627 βασι-

2116 651 2270 717 λέως,
2300 651 2396 705 καὶ
2423 650 2595 704 ταῦτα
2634 650 2922 722 ἀνθρώπου
2956 650 3128 717 ὄντος,
3165 649 3378 721 μάθωσι
3407 649 3691 703 κολασθέν-

2113 761 2224 810 τες,
2255 743 2330 806 ὡς
2357 741 2437 796 δεῖ
2483 743 2580 813 τὴν
2619 741 2843 796 δέουσαν
2873 743 3163 814 ἀπονέμειν
3203 741 3389 812 τιμήν.
3418 741 3601 793 Ταῦτα
3628 739 3688 800 δέ

2118 851 2198 890 σοι
2248 835 2409 905 λέγω,
2441 836 2538 905 οὐχ
2587 837 2664 901 ὡς
2707 835 2869 900 αὐτὸς
2924 836 3022 908 ἤδη
3075 837 3329 906 ἐπιγνοὺς
3376 834 3467 887 τὸν
3518 834 3689 898 ὅντως

2113 928 2328 992 Θεὺν⁷¹,
2370 927 2481 982 ἀλλ’
2522 926 2877 1000 εὐγνωμονῶν
2922 925 3187 998 ὁμολογῶ,
3229 928 3276 980 εἰ
3326 925 3420 979 καὶ
3460 924 3513 976 τί
3555 924 3689 988 Θεὸς

438 1027 624 1081 animo
655 1024 931 1093 profiteor,
969 1021 1114 1092 quod
1161 1021 1288 1075 licet
1329 1036 1436 1076 non
1472 1021 1718 1076 noverim
1757 1018 1888 1088 quid
1939 1017 2002 1073 sil

2113 1021 2212 1074 οὐκ
2249 1017 2389 1089 οἶδα,
2437 1020 2548 1075 ἀλλ’
2577 1017 2670 1074 οὖν
2713 1037 2777 1089 γε
2820 1020 3004 1090 σαφῶς
3032 1019 3113 1072 ὅτι
3156 1016 3346 1082 Θεὺς¹¹²
3375 1015 3579 1087 νομίζω
3608 1016 3692 1070 εἰ·
3770 1074 3774 1076 Ἴ

438 1114 613 1177 Dens,
660 1123 898 1169 attamen
941 1112 1087 1182 quod
1138 1111 1210 1166 sit
1255 1111 1399 1166 Deus
1445 1112 1593 1167 clare
1639 1108 1774 1164 mihi
1818 1108 2009 1163 videor
2109 1111 2273 1166 δέναι.

437 1205 512 1258 sci
523 1218 598 1259 rc.

507 1291 696 1348 XXIV.
727 1290 1007 1363 Principio
1037 1292 1222 1362 itaque
1263 1301 1500 1362 quatuor
1526 1293 1701 1363 prima
1740 1293 2002 1349 elementa

2178 1299 2370 1354 XXIV.
2403 1300 2611 1355 Αὐτίκα
2641 1301 2773 1370 γοῦν
2801 1302 2870 1356 τά
2920 1301 3113 1372 πρῶτα
3158 1302 3399 1374 τέσσαρα
3449 1302 3688 1371 στοιχεῖα

435 1397 543 1437 non
577 1391 809 1452 possunt
856 1396 978 1438 esse
1026 1380 1191 1449 Deus,
1235 1396 1358 1452 quae
1403 1382 1472 1437 ab
1507 1383 1615 1438 alio
1661 1380 1803 1436 facta
1834 1391 2002 1437 sunt:

2107 1394 2238 1458 Θεὸς
2263 1391 2402 1448 εἶναι
2425 1396 2487 1448 οὐ
2521 1395 2739 1450 δύναται
2763 1396 2830 1464 ⁷³,
2847 1395 2914 1450 τὰ
2941 1396 3045 1450 ὑπὸ
3074 1395 3232 1451 ἄλλου
3254 1396 3520 1466 γενόμενα
3541 1413 3553 1425 ·
3585 1396 3685 1464 οὐχ

435 1490 542 1530 non
575 1477 842 1541 mistura,
876 1490 984 1530 non
1036 1475 1350 1544 temperies,
1403 1490 1512 1530 non
1551 1475 1849 1546 generatio,
1893 1490 2002 1532 non

2107 1488 2138 1557 ἡ
2176 1483 2341 1556 μίξις,
2366 1487 2463 1558 οὐχ
2478 1489 2510 1558 ή
2525 1489 2741 1559 κρᾶσις,
2761 1489 2858 1559 οὐχ
2871 1490 2904 1560 ή
2916 1488 3145 1558 γένεσις,
3163 1489 3225 1542 οὐ
3237 1487 3298 1542 τὸ
3312 1489 3419 1542 πᾶν
3433 1488 3687 1561 περιέχον

434 1566 614 1620 omnis
646 1566 760 1622 haec
787 1582 910 1636 quae
941 1565 1110 1620 ambit
1152 1565 1387 1620 visibilis
1415 1566 1609 1631 moles,
1650 1583 1827 1639 neque
1857 1569 2001 1639 quod

2105 1579 2294 1651 ὁρατὸν
2311 1579 2487 1644 κύτοςο
2509 1582 2615 1634 οὐδ’
2632 1582 2740 1652 ὴέν
2767 1581 2845 1652 τῷ
2874 1581 2974 1652 ᾄδῃ
3006 1581 3309 1652 συῤῥέουσα
3337 1579 3683 1650 ὑποστάθμηο

432 1659 500 1712 ad
537 1657 744 1715 inferos
779 1657 1042 1714 confluxit
1069 1657 1465 1725 sedimentum;
1498 1674 1608 1714 non
1638 1670 2000 1730 supernatans

2105 1671 2163 1724 οὐ
2194 1670 2256 1724 τὺ
2299 1670 2623 1736 ἐπιπολάζον
2653 1671 2831 1744 ὕδωρ·
2865 1673 2962 1742 οὐχ
2993 1675 3026 1742 ή
3061 1672 3257 1737 ζέουσα
3298 1671 3457 1726 οὐσία
3478 1687 3494 1702 ·
3528 1671 3624 1741 οὐχ
3656 1672 3686 1722 ὁ

433 1765 606 1820 aqua,
649 1764 759 1804 non
793 1749 1000 1804 fervida
1044 1749 1348 1808 substantia
1371 1789 1386 1817 ,
1418 1765 1527 1805 non
1562 1767 1656 1808 aer
1689 1753 1785 1823 qui
1825 1753 1894 1810 ab
1937 1769 2001 1809 ea

432 1843 720 1910 hucusque
763 1840 1124 1911 protenditur.
1168 1838 1304 1894 Nam
1363 1850 1600 1911 quatuor
1633 1843 1922 1912 elementa,
1955 1846 2001 1900 si

433 1949 465 1987 a
496 1947 555 1988 se
584 1931 816 1988 invicem
846 1940 1096 2002 separata
1125 1930 1370 1998 fuerunt,
1399 1947 1506 1988 non
1547 1942 1846 2003 potuerunt
1884 1938 2004 1992 abs-

431 2039 539 2095 que
568 2040 768 2096 magno
810 2024 1016 2079 artifice
1044 2025 1112 2080 ad
1159 2023 1415 2080 animalis
1446 2027 1852 2089 generationem
1899 2030 2003 2083 mi-

431 2118 595 2184 sceri,
636 2117 721 2172 sin
761 2131 891 2172 vero
932 2132 1148 2186 semper
1178 2127 1371 2173 mutuo
1417 2117 1640 2174 fuerunt
1688 2121 1999 2190 conjuncta,

431 2212 513 2266 sic
533 2225 753 2280 quoque
777 2210 845 2265 ab
871 2212 1078 2265 artifice
1105 2220 1285 2265 mente
1317 2209 1383 2264 ad
1416 2211 1802 2281 proprietatem
1831 2228 2003 2267 mem-

429 2299 657 2356 brorum
698 2309 752 2356 et
798 2301 1036 2371 partium
1068 2301 1323 2356 animalis
1353 2301 1700 2371 adaptantur,
1731 2317 1841 2371 quo
1874 2318 2000 2372 pns-

431 2391 544 2447 sint
582 2391 924 2462 singulorum
958 2392 1025 2447 ad
1063 2391 1276 2462 singula
1316 2406 1536 2446 servare
1565 2393 1997 2460 proportionem,

427 2490 483 2535 et
511 2481 882 2537 habitudinem
910 2490 1057 2537 recte
1074 2480 1483 2536 conformatum
1511 2481 1811 2546 obtineant,
1836 2489 2003 2550 utque

427 2573 686 2627 interiora
750 2574 933 2628 omnia
1002 2573 1421 2627 convenientem
1482 2573 1760 2642 accipiant
1817 2574 2001 2627 cohae-

425 2663 680 2717 rentiam.
728 2661 989 2717 Similiter
1023 2671 1078 2717 et
1127 2662 1564 2732 uniuscujusque
1618 2664 1839 2732 propria
1877 2665 1997 2719 loca

425 2769 552 2810 cum
583 2755 734 2808 omni
777 2753 1046 2822 elegantia
1092 2767 1248 2807 mens
1294 2752 1494 2808 artifex
1537 2753 1797 2824 disponit.
1831 2754 2001 2810 Com-

427 2845 631 2915 pendio
661 2843 838 2898 dicam
863 2861 876 2898 :
905 2852 961 2898 et
991 2843 1046 2896 in
1073 2843 1328 2898 omnibus
1359 2843 1502 2911 aliis,
1527 2859 1648 2914 quae
1678 2844 1879 2898 animal
1909 2844 2005 2901 ha-

425 2937 558 2993 bere
591 2935 771 3003 debet,
807 2935 942 2990 nihil
973 2934 1127 2991 deest
1167 2949 1367 3006 magno
1412 2935 1540 2991 huic
1569 2936 1790 2991 animali
1831 2937 1999 2993 totius

426 3025 600 3080 orbis.

422 3219 549 3261 esse
577 3205 877 3275 ingenitum
906 3206 1188 3272 artificem,
1215 3206 1311 3275 qui
1337 3206 1600 3261 elementa
1632 3206 1714 3261 vel
1742 3207 1999 3263 distantia

425 3295 807 3366 conjunxerit,
855 3295 941 3350 vel
976 3295 1266 3365 praesentia
1311 3305 1502 3350 mutuo
1531 3295 1598 3352 ad
1639 3295 1842 3351 animal
1873 3312 2000 3366 pro-

425 3389 734 3445 ducendum
785 3389 988 3444 aﬂ‘abre
1031 3388 1342 3455 miscuerit,
1388 3403 1672 3458 unumque
1711 3388 2001 3459 perfecerit

426 3497 496 3535 ex
524 3482 740 3536 cunctis
766 3496 924 3550 opus.
950 3479 1094 3533 Fieri
1141 3481 1288 3548 enim
1321 3494 1428 3535 non
1465 3488 1664 3549 potest,
1697 3489 1757 3533 ut
1793 3480 1999 3550 absque

426 3568 624 3635 majori
662 3569 898 3636 quadam
927 3577 1106 3622 mente
1137 3567 1608 3636 sapientissimum
1648 3582 1786 3637 opus
1816 3568 1999 3623 absol-

428 3664 612 3711 vatur.
639 3654 745 3711 Sed
777 3671 879 3710 ncc
899 3670 1054 3709 amor
1079 3670 1202 3715 esse
1231 3663 1412 3725 potest
1435 3664 1756 3710 cunctorum
1781 3656 1994 3727 opifex;

427 3757 538 3797 non
571 3742 868 3812 cupiditas,
905 3756 1014 3796 non
1051 3742 1135 3796 vis
1159 3783 1174 3809 ,
1208 3759 1316 3796 non
1357 3743 1489 3814 quid
1519 3744 1668 3800 aliud
1696 3745 1994 3815 ejusmodi;

428 3847 547 3900 quae
575 3833 779 3900 omnia,
809 3833 962 3888 casui
1005 3832 1264 3900 obnoxia,
1306 3834 1494 3890 venire
1524 3845 1578 3890 et
1607 3836 1760 3891 abire
1797 3838 1992 3894 solent.

427 3921 614 3993 Neque
641 3923 802 3978 etiam
832 3923 975 3993 quod
1004 3923 1073 3978 ab
1099 3924 1207 3980 alio
1237 3932 1485 3979 movetur
1516 3925 1664 3982 Deus
1692 3936 1794 3995 est,
1821 3944 1998 3999 neque

429 4013 576 4088 quod
612 4027 643 4066 a
683 4020 928 4082 tempore
954 4020 1050 4068 aut
1081 4021 1279 4074 natura
1305 4022 1552 4070 mutatur
1579 4029 1646 4070 ac
1679 4015 1736 4070 in
1765 4016 1996 4072 nihilum

430 4104 740 4158 resolvitur.

496 4193 688 4249 XXVI.
727 4193 859 4264 Quae
907 4209 1034 4252 cum
1085 4197 1153 4253 ad
1203 4197 1507 4270 Appiouem
1549 4198 1929 4270 proloquerer,
1965 4215 1997 4256 e

2107 1764 2164 1830 ἐξ
2192 1763 2360 1836 αὐτῆς
2396 1764 2555 1836 μέχρι
2581 1763 2686 1818 τῶν
2719 1763 2949 1818 ἐνταῦθα
2971 1765 3171 1836 διήκων
3197 1764 3324 1836 ἀήρ.
3353 1763 3445 1818 ’Τά
3482 1781 3541 1816 τε
3574 1763 3688 1835 γὰρ

2106 1855 2341 1923 στοιχεῖα
2381 1853 2640 1924 τέσσαρα,
2673 1854 2782 1907 εἴτε
2811 1853 3052 1926 ἀλλήλων
3081 1853 3405 1921 διεστάλκει,
3436 1856 3564 1908 ἀνευ
3598 1872 3685 1908 τι-

2104 1942 2192 2007 νὸς
2218 1941 2452 2013 μεγάλου
2476 1943 2718 2013 τεχνίτου
2755 1944 2976 2016 μιγῆναι
3006 1944 3143 2016 πρὸς
3175 1943 3313 2010 ζώου
3345 1944 3556 2014 γένεσιν
3583 1945 3686 1998 οὐκ

2104 2034 2344 2103 ἐδύνατο,
2375 2035 2533 2105 172
2561 2036 2668 2088 εἴτε
2698 2036 2783 2090 ἀεὶ
2813 2036 3063 2107 ἀλλήλοις
3098 2037 3334 2108 συνῆπτε
3357 2038 3424 2105 η,
3460 2037 3554 2090 καὶ
3591 2035 3684 2090 οὖ-

2101 2142 2209 2189 τως
2248 2123 2352 2179 ὑπὸ
2379 2125 2621 2197 τεχνίτου
2650 2126 2741 2180 νοῦ
2785 2127 2922 2198 πρὸς
2950 2128 3012 2180 τὸ
3051 2131 3246 2182 οἰκεῖον
3275 2129 3383 2182 τῶν
3411 2129 3506 2181 τοῦ
3540 2128 3683 2192 ζώου

2107 2216 2281 2286 μελῶν
2329 2219 2421 2270 καὶ
2474 2217 2652 2289 μερῶν
2705 2218 3131 2290 συναρμόζεται,
3174 2219 3259 2272 ἴνα
3306 2219 3404 2290 τὴν
3446 2219 3682 2283 ἐκάοῖτου

2104 2309 2238 2380 πρὸς
2265 2309 2493 2363 ἕκαστον
2524 2309 2814 2377 ἀναλογίαν
2849 2309 3153 2374 ἀποσώζειν
3183 2310 3427 2381 δύνηται,
3456 2312 3549 2365 καὶ
3580 2313 3682 2383 τὴν

2103 2401 2213 2465 ἕξιν
2251 2403 2649 2474 εὐπερίγραφον
2681 2403 2816 2474 ἔχῃ,
2852 2402 2948 2458 κα)⁹
2987 2402 3056 2457 τὰ
3101 2403 3310 2458 ἔνδοθεν
3355 2403 3533 2458 πάντα
3579 2404 3684 2475 τὴν

2104 2495 2480 2565 προσήκουσαν
2530 2494 2792 2566 ἁρμονίαν
2841 2493 3126 2565 λαμϐάνῃ·
3175 2495 3376 2565 ὁμοίως
3419 2513 3477 2548 τε
3498 2495 3544 2529 ’⁸
3584 2494 3683 2548 καὶ

2101 2585 2228 2648 τοὺς
2252 2584 2485 2648 οίκείους
2509 2586 2708 2650 τόπους
2741 2586 2969 2640 ἑκάστου
3001 2586 3139 2656 μετά
3167 2586 3352 2657 πάσης
3379 2587 3684 2658 εὐμορφίας

2101 2676 2130 2729 ὁ
2157 2675 2405 2747 τεχνίτης
2435 2676 2556 2740 νοῦς
2583 2676 2816 2748 ἀκριϐοῖ.
2851 2677 3093 2732 Συνελὼν
3117 2678 3261 2748 ἐρῶο
3299 2680 3393 2733 καὶ
3423 2679 3491 2733 τὰ
3521 2679 3676 2747 ἄλλα,

2102 2769 2200 2822 ὅσα
2237 2768 2368 2821 ποτὲ
2395 2767 2530 2833 ζῶον
2556 2768 2636 2823 δεῖ
2663 2768 2828 2838 ἐχειν,
2864 2770 3015 2824 οὐδὲν
3046 2771 3262 2829 ἐνέλιπε
3283 2771 3329 2805 ⁷⁸
3351 2770 3428 2844 τῷ
3459 2773 3679 2847 μεγάλῳ

2100 2859 2274 2931 τούτῳ
2299 2859 2423 2931 ζώῳ
2446 2861 2546 2932 τῆς
2568 2859 2695 2932 ὅλης
2719 2863 3040 2934 περιφορᾶς.

704 3113 787 3170 Ita
855 3115 1166 3170 necessario
1212 3113 1439 3186 intelligi
1494 3114 1654 3171 debet
1705 3115 1997 3186 quemdam

2167 3099 2334 3156 XXV.
2366 3100 2572 3166 Οῦτως,
2591 3102 2812 3174 ἀνάγκη
2837 3104 2959 3157 τινὰ
2983 3098 3122 3158 εἶναι
3158 3107 3295 3158 νοεῖν
3312 3106 3358 3137 ’³⁷
3385 3105 3680 3178 ἀγέννητον

2098 3194 2366 3264 τεχνίτην,
2396 3193 2455 3257 ὃς
2481 3193 2550 3247 τὰ
2578 3197 2812 3265 στοιχεῖα
2851 3195 2884 3266 ἢ
2915 3195 3175 3249 διεστῶτα
3207 3197 3513 3268 συνήγαγεν
3537 3199 3606 3265 τε,
3641 3198 3676 3269 ἦ

2102 3286 2324 3339 συνόντα
2354 3285 2601 3357 ἀλλήλοις
2637 3288 2773 3360 πρὸς
2815 3285 2953 3352 ζώου
2997 3288 3209 3356 γένεσιν
3256 3289 3516 3359 τεχνικῶς
3556 3291 3678 3345 ἐκέ-

2100 3395 2233 3450 ρασε
2270 3379 2363 3431 καὶ
2399 3376 2455 3431 ἓν
2482 3379 2546 3432 ἐκ
2578 3378 2794 3435 πάντων
2825 3379 2983 3449 ἔργον
3012 3379 3350 3434 ἀπετέλεσεν.
3393 3381 3678 3437 Ἀδύνατον

2099 3469 2207 3542 γὰρ
2234 3469 2360 3524 ἀνευ
2389 3469 2530 3532 τινος
2556 3469 2648 3524 νοῦ
2681 3471 2921 3542 μείζονος
2962 3470 3104 3524 πάνυ
3151 3472 3311 3541 σοφὸν
3348 3471 3506 3544 ἔργον
3541 3473 3677 3526 ἀπο-

2098 3561 2386 3618 τελεῖσθαι.
2424 3561 2557 3616 Οὐδὲ
2603 3563 2708 3634 μὴν
2754 3561 2892 3634 ἔρως
2921 3563 2968 3595 ⁷⁹
3013 3558 3150 3617 εἶναι
3196 3563 3415 3618 δύναται
3457 3565 3674 3620 πάντων

2098 3651 2365 3725 τεχνίτης,
2400 3653 2500 3706 οὐκ
2529 3651 2814 3723 ἐπιθυμία,
2843 3653 2942 3709 οὐκ
2976 3654 3148 3724 ἰσχὺς,
3186 3654 3288 3708 οὐκ
3322 3653 3450 3710 ἄλλο
3480 3673 3532 3709 τι
3571 3672 3676 3708 τοιο

2099 3743 2274 3810 οῦτον,
2298 3743 2334 3797 ἆ
2361 3761 2480 3797 τινα
2506 3742 2722 3815 παθητὰ
2755 3742 3068 3815 συμϐαίνειν
3094 3745 3189 3797 καὶ
3223 3744 3544 3799 ἀποϐαίνειν
3576 3745 3673 3798 πέ-

2105 3853 2296 3906 φυκεν.
2327 3835 2465 3889 Ἀλλ’
2495 3835 2619 3891 οὐδὲ
2641 3834 2701 3888 τὸ
2731 3836 2819 3905 ὑφ’
2851 3835 3038 3909 ἐτέρου
3069 3836 3362 3908 φερόμενόν
3388 3837 3670 3904 ἐστιΘεὸς,

2100 3927 2222 3981 οὐδέ
2256 3944 2318 3996 γε
2338 3926 2530 3993 condno
2555 3927 2749 3999 χρόνου
2773 3927 2806 3998 ἦ
2835 3927 3047 3998 φύσεως
3071 3927 3448 4000 ἀλλοιούμενον
3470 3929 3562 3984 καὶ
3591 3931 3670 3995 είς

2102 4023 2164 4076 τὸ
2189 4023 2385 4095 μηκέτι
2407 4020 2545 4076 εἶναι
2566 4022 2942 4094 ἀναλυόμενον.

2167 4201 2358 4258 XXVI.
2392 4202 2579 4258 Ταῦτά
2633 4221 2734 4276 μου
2780 4204 3160 4277 διαλεγομένου
3211 4205 3348 4277 πρὸς
3393 4205 3484 4260 τὸν
3537 4207 3670 4258 Ἀπ-

427 4286 676 4343 Caesarea
704 4288 924 4344 advenit
962 4287 1179 4358 Petrus,
1201 4301 1256 4346 et
1283 4305 1588 4348 concursus
1627 4291 1994 4348 multitudinis

2105 4296 2294 4365 πίωνα,
2325 4296 2435 4352 ἀπὸ
2479 4296 2814 4368 Καισαρείας
2863 4297 3020 4368 173
3065 4297 3266 4367 ἐπέστη
3306 4296 3530 4369 Πέτρος,
3578 4297 3672 4352 καὶ

429 4381 482 4434 in
513 4379 658 4451 Tyro
701 4379 830 4436 facti
871 4390 1022 4450 sunt,
1067 4381 1375 4438 festinantis
1403 4383 1506 4453 ipsi
1541 4397 1831 4450 occurrere
1868 4400 1993 4455 gra—

2105 4388 2394 4460 συνδρομαὶ
2422 4387 2529 4442 τῶν
2551 4387 2722 4458 ὄχλων
2748 4387 2994 4456 ἐγένοντο
3021 4389 3079 4441 ἐν
3105 4390 3172 4458 τῇ
3202 4388 3383 4460 Τύρῳ,
3418 4389 3671 4442 σπευδόν-

427 4471 667 4542 tiamque
693 4472 958 4528 adventus
988 4473 1250 4543 profiteri.
1291 4472 1359 4528 Et
1389 4473 1601 4544 Appiou
1641 4474 1864 4546 quidem
1904 4490 1991 4531 se-

2105 4499 2195 4538 :tov
2227 4481 2478 4551 ὑπαντᾷν
2503 4479 2652 4551 αὐτῷ
2686 4479 2781 4532 καὶ
2809 4479 2968 4550 χάριν
2987 4482 3053 4552 τῇ
3087 4479 3348 4551 ἐπιδημίᾳ
3370 4480 3668 4552 ὁμολογεῖν.

427 4565 594 4620 cessit
635 4579 760 4621 cum
804 4565 1110 4635 Anubione,
1131 4576 1196 4637 et_
1216 4565 1564 4622 Athenodoro
1593 4567 1754 4634 solis;
1795 4568 1991 4638 reliqui

2105 4576 2198 4631 Καὶ
2222 4578 2250 4629 ὁ
2285 4574 2382 4646 μέν
2398 4569 2640 4624 Ἀππίων
2665 4569 2936 4641 ὑπεχώρει
2971 4572 3088 4642 μετ’
3149 4571 3499 4636 Ἀνουϐίωνος
3518 4572 3565 4604 ⁸⁸
3579 4573 3672 4626 καὶ

427 4673 557 4713 vero
582 4674 772 4715 omnes
802 4657 964 4714 Petro
990 4659 1206 4714 obviam
1236 4657 1362 4714 ituri
1389 4661 1746 4730 prodivimus.
1774 4659 1990 4716 Primus

2105 4661 2470 4734 Ἀθηνοδώρου
2509 4660 2705 4730 μόνων,
2736 4661 2787 4713 οἱ
2816 4660 2873 4713 δὲ
2913 4659 3060 4715 ἄλλοι
3091 4661 3290 4724 πάντες
3317 4661 3394 4725 ὡς
3426 4662 3673 4733 ἀπαντη-

427 4759 609 4805 autem
641 4766 741 4822 ego
773 4760 899 4808 ante
923 4761 1108 4821 portas
1137 4766 1262 4806 eum
1289 4753 1566 4822 excipiens
1589 4753 1658 4808 ad
1692 4755 1989 4825 hospitium

2105 4757 2311 4826 πιόμενοι
2331 4754 2373 4785 ⁸¹
2396 4751 2474 4824 τῷ
2501 4751 2694 4823 Πέτρῳ
2717 4751 3073 4824 ὡρμήσαμεν.
3100 4752 3322 4824 Πρῶτος
3344 4751 3401 4805 δὲ
3433 4751 3541 4822 ἐγὼ
3565 4753 3672 4825 πρὸ

397 4839 578 4896 -duxi.
608 4842 709 4898 Ubi
738 4858 863 4898 cum
894 4843 1121 4907 fuimus,
1150 4845 1362 4913 plebem
1404 4845 1624 4914 quidem
1655 4846 1988 4912 dimisimus,

2105 4847 2204 4900 τῶν
2233 4845 2414 4898 πυλῶν
2442 4843 2838 4915 ἀποδεξάμενος
2868 4842 3027 4896 αὑτὸν
3056 4844 3154 4896 ἐπὶ
3183 4845 3283 4914 τὴν
3307 4843 3483 4908 ξενίαν
3512 4841 3667 4916 ἦγον.

426 4929 478 4984 ei
513 4945 643 4984 vero
678 4935 909 5003 roganti,
952 4943 1011 4989 ut
1053 4945 1174 4989 acta
1215 4950 1527 5000 narrarem,
1575 4937 1711 4991 nihil
1753 4938 1988 4992 abscon—

2109 4937 2194 4998 Ὡς
2221 4935 2279 4988 δὲ
2307 4933 2622 5005 ἐγενόμεθα,
2645 4934 2772 4996 τοὺς
2803 4932 2901 5003 μὲν
2921 4930 3110 5004 ὄχλους
3133 4932 3504 5005 ἀπελύσαμεν,
3521 4933 3670 5004 αὐτῷ

427 5019 569 5087 didi;
595 5021 690 5076 sed
718 5019 958 5078 Simonis
986 5025 1220 5080 indicavi
1245 5027 1547 5084 calumnias
1567 5039 1621 5083 et
1643 5037 1990 5099 portentosas

2105 5027 2154 5081 δὲ
2187 5024 2475 5090 ἀξιώσαντι
2510 5042 2578 5098 με
2611 5024 2679 5078 τά
2716 5022 3026 5096 πραχθέντα
3054 5022 3229 5092 λέγειν
3259 5024 3411 5079 οὐδὲν
3439 5025 3674 5095 ἀπεκρυ-

1669 5245 1677 5255 ,
1725 5184 1958 5241 vanu:
1998 5183 2398 5240 LECTIONES.

495 5331 692 5412 _"_Qeﬁ_g_
724 5332 788 5387 0.
865 5333 1012 5412 "_Ita
1052 5333 1096 5388 0
1124 5351 1192 5412 ac.
1305 5375 1320 5398 ,
1345 5334 1570 5412 636349.
1645 5335 1693 5367 ⁷³
1715 5334 1964 5412 δῦνανται
1985 5334 2052 5412 O_.
2088 5337 2226 5412 Tum
2260 5342 2355 5394 ἀπ’
2381 5341 2540 5394 ἄλλου
2576 5340 2631 5395 S.
2686 5411 2697 5412 ί
2731 5341 2875 5412 ⁷⁸-τά
2897 5358 2954 5394 τε
2982 5339 3099 5412 γὰρ
3123 5345 3361 5412 στοιχεῖα
3393 5341 3461 5412 τὰ
3484 5340 3531 5394 δ’
3553 5341 3666 5394 εἴτε

425 5402 790 5481 ἀεῖ-ἀλλήλοις
820 5405 1085 5481 συνῆπτον
1116 5404 1175 5481 0_
1191 5445 1206 5469 ,
1238 5405 1575 5481 initerinediis
1607 5407 1890 5481 vocabulis
1930 5409 2173 5481 omissis.
2279 5414 2325 5447 ⁷⁵
2348 5429 2407 5464 τε
2462 5411 2543 5481 SA,
2590 5412 2650 5465 τό
2671 5411 2736 5473 C,
2766 5409 2830 5466 0.
2907 5412 2952 5442 ⁷⁸
2975 5402 3083 5481 an:
3113 5402 3377 5476 ποτέζῶν
3401 5411 3481 5464 δεῖ
3500 5412 3664 5481 ἔχειν,

423 5471 578 5553 οὐδὲν
602 5471 950 5553 ἐνὲελειπεὶίὶ.⁷
1010 5480 1055 5512 ⁷⁷
1085 5475 1209 5528 νοῦν
1231 5475 1295 5529 0.
1372 5475 1513 5553 "id:
1538 5478 1774 5553 στοιχεῖα
1809 5475 2049 5553 ήδίστωε
2075 5478 2105 5549 ἢ
2145 5484 2452 5553 συνήγαγεν
2565 5521 2579 5545 ,
2617 5471 2923 5552 συνήγαμεν
2955 5497 3022 5553 ex
3055 5471 3324 5553 Cotelerio
3361 5471 3666 5553 minusnac;

425 5549 616 5620 curate
641 5555 793 5620 notat
821 5544 873 5620 S‘
892 5585 906 5608 ,
936 5560 1059 5620 cum
1087 5555 1262 5620 esstet
1295 5545 1500 5620 ap._fll.
1598 5548 1643 5620 ’ξ
1676 5544 1994 5620 Secundum
2015 5544 2394 5620 Pariiieniliem
2425 5561 2478 5604 et
2499 5544 2907 5620 hliiipedocleiri.
2957 5552 3040 5607 (ξι.
3070 5551 3324 5612 Karsten.
3356 5550 3662 5606 Parmcuid.

428 5611 575 5693 reliq.
604 5628 656 5666 v.
683 5615 805 5693 Inﬁt.
827 5615 1042 5693 lt‘mped.
1075 5614 1248 5682 reliq.,
1270 5611 1443 5693 p.345
1465 5630 1584 5693 sqq.
1606 5614 1772 5693 Arist.
1797 5617 2027 5687 .Iletaplz.
2056 5617 2097 5688 I,
2126 5623 2180 5691 4,
2217 5624 2263 5678 I.
2295 5623 2352 5678 ὃ.
2397 5627 2442 5662 ⁸ο
2466 5611 2838 5686 Ἀννόυϐίωνος
2863 5620 2932 5678 0.
2957 5620 3092 5678 Tum
3125 5621 3281 5693 μόνον
3296 5621 3356 5677 6..
3433 5621 3476 5655 ⁸³
3495 5623 3666 5679 ἀπανηι

423 5683 657 5755 τήσομεν
687 5682 731 5738 0
761 5723 773 5750 ,
803 5685 1052 5758 adytum
1077 5693 1379 5741 correctum
1409 5685 1464 5741 in
1497 5682 1942 5760 ἀπαντησάμενοιέ
