4084 6148
363 299 469 354 217

1364 341 1366 344 ,
1420 281 1876 342 CLEMENTINA.
1915 311 1986 324 -—
2020 273 2309 335 HOMILIA
2341 270 2453 329 VH.

3510 253 3614 311 218

367 411 602 482 πτόμην,
628 406 742 462 ἀλλ’
770 404 1004 478 ἐμήνυον
1043 400 1142 464 τάς
1182 416 1242 453 τε
1273 399 1367 453 τοῦ
1410 399 1651 470 Σίμωνος
1687 390 1937 458 διαϐολὰς

2040 391 2348 464 praestigias
2393 389 2463 444 ab
2493 390 2610 458 ipso
2651 384 2844 450 editas,
2877 390 3121 452 quotque
3161 376 3385 434 morbos
3425 375 3608 432 immi-
3718 400 3724 406 -

366 507 460 559 καὶ
495 505 595 567 τὰς
626 499 948 572 τερατώδεις
984 495 1282 566 φαντασίας
1315 493 1405 547 ὑπ’
1439 489 1604 546 αὑτοῦ
1637 488 1937 562 γεγενημέ-

365 610 483 660 νας,
533 591 628 646 καὶ
671 590 803 652 ὅσας
850 585 1093 658 ἐπεμψεν
1136 583 1321 646 νόσους
1344 582 1390 614 ea
1426 579 1562 652 μετά
1591 579 1689 650 τὴν
1725 581 1790 632 ἐκ
1837 579 1939 650 τῆς

371 681 656 754 βουθυσίας
681 677 941 746 ἑστίασιν,
976 677 1070 730 καὶ
1103 676 1186 731 ὅτι
1215 675 1280 728 ἐκ
1301 673 1410 727 τῶν
1431 670 1727 726 νοσούντων
1757 669 1806 722 οἱ
1841 670 1938 741 μὲν

367 772 591 826 αύτόθεν
609 771 653 804 ⁸³
680 767 1005 840 κατέμειναν
1044 769 1102 822 ἐν
1128 769 1195 838 τῇ
1229 765 1409 837 Τύρῳ,
1445 765 1494 835 οἱ
1532 763 1591 819 δὲ
1629 762 1708 834 τῷ
1737 761 1939 833 Σίμωνι

369 863 486 933 ἃμα
522 861 600 934 τῷ
642 859 742 932 ἐμὲ
779 859 956 914 ἐλθεῖν
1000 856 1504 929 συνεξεληλύθεισαν
1519 854 1566 888 ⁸⁸
1591 856 1672 919 είς
1709 853 1806 926 τὴν
1848 853 1938 906 Σι-

368 955 532 1021 δῶνα,
550 954 623 1016 ώς
644 953 733 1007 ὑπ’
755 951 904 1023 αύτῷ
920 951 966 984 ⁸⁵
992 948 1538 1024 θεραπευθησόμενοι,
1563 949 1657 1003 καὶ
1675 949 1758 1002 ὅτι
1780 949 1804 1000 ἐ
1813 947 1939 1018 μάν-

369 1045 527 1100 θανον
552 1043 752 1115 μηδένα
774 1042 950 1100 αὐτῶν
978 1043 1171 1104 ίάσεως
1196 1040 1551 1112 τετυχηκέναι
1580 1039 1670 1093 ὑπ’
1693 1037 1840 1109 αύτῴ
1855 1037 1901 1074 ⁸⁸
1919 1053 1935 1070 ο

370 1138 464 1190 καὶ
485 1136 583 1208 τὴν
613 1136 750 1208 πρὸς
788 1132 1070 1189 Ἀππίωνά
1094 1143 1185 1205 μοι
1212 1131 1580 1203 γεγενημένην
1609 1126 1838 1194 διάλεξιν
1863 1127 1940 1199 τῷ

370 1227 564 1299 Πέτρῳ
593 1226 962 1300 διηγησάμην.
1019 1226 1076 1281 '0
1118 1224 1176 1280 δὲ
1223 1225 1457 1296 στοργῆς
1487 1223 1582 1277 καὶ
1629 1220 1942 1294 προτροπῆς

367 1318 526 1389 χάριν
549 1317 843 1382 ἐπαινέσας
867 1334 936 1390 με
959 1316 1054 1374 καὶ
1079 1315 1397 1388 εὐλογήσας,
1428 1314 1570 1374 ἀλῶν
1603 1313 1939 1386 μεταλαϐὼν,

367 1409 453 1463 διά
480 1410 607 1475 τοὺς
647 1407 929 1481 καμάτους
963 1409 1063 1480 τῆς
1099 1408 1406 1480 ὁδοιπορίας
1442 1411 1510 1481 τῇ
1543 1404 1940 1477 ἀναγκαιοτάτη

367 1501 566 1572 ήσυχία
590 1499 684 1556 τοῦ
708 1498 876 1554 ὕπνου
907 1499 1099 1554 ἐαυτὸν
1121 1498 1436 1570 ἐπέτρεπεν.

875 1702 1140 1758 ὍΜῙΛῘΑ
1188 1703 1241 1755 ιιι
1281 1698 1414 1772 (te).

2036 486 2168 542 serit
2207 491 2332 556 post
2376 481 2509 539 illud
2550 494 2618 536 ex
2661 476 2944 535 immolato
2980 474 3117 530 bove
3172 471 3510 535 convivium,
3558 479 3612 528 et

2037 578 2183 652 quod
2219 593 2286 633 ex
2315 573 2534 647 aegrotis
2563 571 2654 627 alii
2683 569 2902 640 quidem
2940 565 3052 620 illic
3082 563 3225 633 apud
3251 560 3454 632 Tyrum
3486 575 3613 631 per-

2037 651 2371 734 manserint,
2407 663 2501 722 alii
2535 677 2665 718 vero
2695 659 2862 716 simul
2891 673 2955 713 ac
2982 671 3084 727 ego
3111 653 3234 710 veni
3267 651 3472 724 egressi
3502 651 3613 707 sint

2039 777 2160 818 cum
2207 758 2428 814 Simone
2457 757 2514 811 in
2557 752 2837 818 Sidonem,
2881 756 3142 817 tanquam
3173 744 3241 799 ab
3270 759 3335 798 eo
3358 741 3612 806 sanandi,

2037 854 2293 927 quodque
2325 847 2591 906 audierim
2636 844 2848 900 nullum
2882 854 3070 896 eorum
3097 837 3166 892 ab
3203 835 3324 905 ipso
3360 839 3611 888 sanatum

2040 925 2235 1013 fuisse;
2279 943 2376 1000 scd
2424 949 2478 996 et
2532 953 2712 994 meam
2761 935 3024 991 adversus
3071 928 3374 1000 Appionem
3421 925 3612 994 dispu-

2042 1039 2300 1095 tationem
2340 1033 2502 1090 Pctro
2528 1030 2710 1088 retuli.
2737 1029 2806 1082 At
2834 1027 2925 1082 ille
2958 1040 3069 1097 prae
3110 1036 3295 1079 amore
3319 1027 3374 1074 et
3409 1016 3613 1072 exhor-

2041 1132 2192 1189 tandi
2222 1129 2392 1203 gratia
2431 1128 2490 1184 in
2519 1142 2608 1182 me
2645 1123 2862 1180 laudem
2894 1135 2959 1175 ac
3001 1114 3437 1172 benedictionem
3480 1125 3614 1165 con-

2043 1224 2196 1292 tulit;
2233 1202 2288 1278 et
2327 1221 2450 1276 cibo
2483 1225 2702 1288 sumpto
2731 1229 2791 1271 se
2817 1210 2997 1269 somni
3026 1207 3221 1281 quieti,
3247 1221 3370 1276 quae
3410 1203 3484 1259 ob
3519 1202 3612 1257 iti-

2043 1313 2630 1386 nerisxfatigationem
2671 1308 2910 1366 maxime
2957 1313 3075 1360 erat
3117 1298 3454 1363 necessaria,
3499 1304 3613 1351 ιτα-

2043 1408 2200 1464 didit.

2609 1692 2896 1750 HOMILIA
2935 1690 3047 1749 VII.

437 1817 480 1871 1.
522 1817 600 1888 Τῇ
622 1815 669 1849 ⁸⁷
696 1815 931 1888 τετάρτῃ
952 1815 1008 1868 δὲ
1037 1813 1223 1886 ήμέρᾳ
1251 1770 1350 1885 τής
1371 1770 1427 1866 ἐν
1453 1789 1614 1885 Τύρῳ
1640 1812 1799 1883 ήμῶν
1826 1810 1940 1866 ἐπι-

2094 1799 2140 1856 l.
2199 1789 2408 1860 Quarto
2444 1805 2573 1846 vero
2599 1775 2686 1845 die
2722 1788 2896 1844 nostri
2925 1786 3069 1857 apud
3113 1783 3318 1856 Tyrum
3346 1770 3614 1837 adventus

367 1907 433 1976 δη
441 1906 588 1976 μίας,
608 1906 712 1958 ὑπὸ
732 1905 830 1977 τήν
855 1903 1015 1976 174
1033 1903 1129 1976 ὀρθ
1137 1919 1227 1976 ρον
1246 1902 1630 1974 προεληλυθότι
1651 1901 1728 1973 τῷ
1752 1903 1944 1973 Πέτρῳ

366 1993 621 2065 ἀπήντων
653 1993 1016 2066 πλησιόχωροί
1035 2011 1094 2048 τε
1125 1991 1224 2047 οὐκ
1249 1992 1417 2060 ὀλίγοι
1448 1993 1540 2047 καὶ
1576 1993 1745 2064 αὐτῆς
1765 1992 1942 2065 Τύρου

366 2084 696 2155 πάμπολλοι,
725 2086 818 2139 καὶ¹
857 2075 1168 2155 ἐπεφώνουν
1197 2083 1464 2154 λέγοντες,
1499 2087 1556 2140 '0
1579 2085 1711 2148 Θεὸς
1736 2085 1827 2138 διὰ
1850 2083 1944 2138 σοῦ

365 2178 515 2248 ἡμᾶς
537 2177 772 2242 ἐλεείτω,
797 2176 887 2232 διὰ
913 2175 1008 2231 σοῦ
1031 2176 1395 2251 θεραπευέτω.
1427 2179 1485 2232 'O
1508 2178 1565 2232 δὲ
1587 2178 1791 2250 Πέτρος
1815 2176 1945 2247 ἔστη

369 2269 463 2322 ἐπὶ
522 2267 670 2322 λίθου
715 2270 863 2333 τινὸς
911 2268 1116 2340 ὑψηλοῦ
1166 2268 1303 2341 πρὸς
1356 2269 1418 2323 τὸ
1475 2268 1734 2324 δύνασθαι
1780 2269 1945 2322 πᾶσιν

367 2358 618 2429 δρᾶσθαι,
669 2359 764 2412 καὶ
811 2356 1258 2430 προσαγορεύσας
1304 2355 1545 2412 θεοσεϐεῖ
1584 2354 1734 2427 νόμῳ
1776 2353 1946 2420 οὕτως

366 2448 591 2519 ἤρξατο·

441 2541 506 2594 11.
547 2538 665 2610 Θεῷ
698 2539 776 2611 τῷ
815 2538 1061 2594 κτίσαντι
1089 2540 1180 2594 τὸν
1219 2538 1447 2611 οὐρανὸν
1475 2537 1571 2595 καὶ
1610 2536 1672 2593 τὸ
1721 2537 1946 2609 σύμπαν

366 2631 430 2684 ού
461 2629 637 2683 λείπει
686 2631 959 2702 πρόφασις
1011 2630 1150 2702 πρὸς
1199 2632 1470 2702 σωτηρίαν
1518 2630 1624 2684 τῶν
1676 2627 1942 2694 σώζεσθαι

368 2721 647 2776 θελόντων.
670 2722 827 2775 Ὅθεν
853 2724 987 2794 μηδὲ
1017 2724 1109 2778 ἐπὶ
1131 2725 1176 2757 ⁸⁸
1202 2728 1315 2788 τοῖς
1341 2722 1558 2777 δοκοῦσι
1585 2721 1808 2792 φαύλοις
1837 2720 1944 2775 ὑπὸ

368 2814 698 2884 προπετείας
744 2831 828 2878 τις
863 2815 1022 2869 αὐτὸν
1055 2818 1130 2880 ὡς
1168 2816 1242 2888 μή
1263 2817 1308 2848 ⁸³
1353 2814 1732 2888 φιλάνθρωπον
1767 2813 1944 2869 αἰτιά-

372 2901 502 2959 σθω.
559 2904 677 2980 Τῶν
721 2907 830 2979 γὰρ
874 2906 1276 2978 συμϐαινόντων
1311 2905 1582 2980 ἀνθρώπῳ
1613 2905 1658 2938 ⁹⁰
1694 2905 1764 2960 τά
1810 2903 1941 2977 τέλη

370 2995 671 3066 ἀνθρώποις
717 2999 814 3069 μὲν
847 2999 1126 3068 ἄγνωστα,
1175 2999 1251 3063 ὡς
1297 2999 1397 3053 ἐπὶ
1439 2997 1597 3069 κακῷ
1645 2995 1943 3051 ὑποπτευό-

373 3105 507 3158 μενα
529 3088 596 3152 ⁹¹,
626 3087 744 3159 Θεῷ
769 3089 826 3143 δὲ
860 3089 936 3154 ὡς
962 3090 1347 3162 ἀποϐησόμενα
1387 3088 1628 3161 εὐτυχῶς
1667 3087 1936 3162 γνώριμα.

367 3178 572 3231 Αὐτίκα
605 3179 735 3249 γοῦν
779 3180 959 3252 Σίμων
1008 3180 1273 3253 ἀριστερά
1304 3181 1399 3235 τοῦ
1442 3180 1574 3234 Θεοῦ
1602 3179 1828 3250 δύναμις
1865 3177 1940 3232 ὢν

367 3271 463 3324 καὶ
514 3271 622 3324 τῶν
664 3273 755 3325 τὸν
793 3272 924 3325 Θεὸν
967 3273 1066 3325 οὐκ
1107 3272 1323 3325 εἰδότων
1367 3271 1459 3326 ἐπὶ
1505 3272 1798 3343 κακοποιὶᾳ
1843 3270 1941 3343 τὴν

367 3359 610 3427 ἐξουσίαν
644 3361 780 3432 ἔχων
800 3363 974 3425 νόσοις
1003 3363 1146 3433 ὑμᾶς
1176 3362 1484 3434 περιϐαλεῖν
1515 3362 1772 3434 ἠδυνήθη,
1801 3363 1940 3416 αἴτι-

368 3468 458 3515 νες
503 3450 590 3504 διὰ
641 3451 738 3523 τήν
781 3451 874 3505 τοῦ
925 3451 1058 3506 Θεοῦ
1106 3452 1316 3523 ἀγαθὴν
1388 3453 1643 3524 πρόνοιαν
1692 3451 1939 3520 γενέσθαι

368 3541 797 3613 συγχωρηθεῖσαι
818 3541 1132 3612 ἠνάγκασαν
1160 3542 1323 3613 ὑμᾶς,
1361 3541 1452 3594 τὸν
1498 3540 1676 3595 ίᾶσθαι
1708 3540 1941 3611 δυνάμε-

366 3649 458 3686 νον
507 3631 1006 3704 περιϐλεψαμένους
1048 3633 1141 3685 καὶ
1177 3631 1469 3703 εὑρόντας,
1526 3631 1794 3702 προφάσει
1841 3629 1942 3700 τῆς

369 3724 467 3778 τοῦ
498 3725 748 3795 σώματος
783 3723 1077 3797 θεραπείας
1097 3726 1162 3780 τά
1183 3724 1301 3794 Θεῷ
1329 3723 1587 3777 δοκοῦντα
1608 3721 1940 3792 ἀναδεξαμέ-

367 3832 513 3879 νους,
548 3814 832 3886 πεισθῆναι
862 3818 1096 3887 φρονεῖν,
1128 3815 1214 3869 ἵνα
1244 3812 1416 3876 οὕτως
1442 3812 1555 3884 ἅμα
1583 3814 1694 3875 τοῖς
1726 3809 1938 3882 σώμασι

368 3905 772 3976 σωθησομένοις
801 3907 894 3960 καὶ
922 3905 1021 3969 τὰς
1049 3905 1225 3977 ψυχὰς
1258 3903 1402 3968 σώας
1436 3903 1618 3974 ἔχητε.

435 3995 522 4050 Ill.
541 3995 812 4050 Μανθάνω
839 3993 952 4062 οὖν,
975 3996 1050 4060 ώς
1077 3995 1425 4067 βουθυτήσας
1462 3993 1698 4071 ἐστίασιν
1727 3994 1772 4026 ⁹²
1795 3993 1941 4064 ὑμᾶς

365 4090 424 4144 ἐν
451 4090 590 4160 μέσῃ
611 4091 679 4160 τῇ
703 4089 899 4160 ἀγορᾷ,
921 4089 1014 4142 καὶ
1041 4087 1212 4151 οὓτως
1238 4088 1396 4158 ὑμεῖς
1415 4087 1541 4157 οἴνῳ
1567 4084 1746 4156 πολλῷ
1766 4101 1939 4157 παρε-

367 4181 650 4251 νεχθέντες
698 4179 813 4252 ἅμα
854 4182 965 4245 τοῖς
1013 4181 1266 4250 πονηροῖς
1311 4178 1531 4250 δαίμοσι
1568 4177 1657 4231 τὸν
1705 4177 1940 4249 ἄρχοντα

364 4270 543 4328 αὐτῶν
580 4253 1038 4342 ἐφιλοφρονεϊσθε,
1071 4270 1167 4325 καὶ
1207 4268 1385 4333 οὕτως
1423 4267 1576 4340 ὑμῶν
1621 4268 1670 4322 οἱ
1701 4268 1939 4322 πλεῖστοι

367 4365 471 4418 ὑπὸ
503 4364 610 4418 τῶν
640 4364 828 4418 παθῶν
863 4364 1019 4435 175
1053 4364 1486 4435 κατελήφθησαν,
1530 4361 1752 4431 ἀγνοίας
1790 4361 1940 4432 αἰτία

2045 1889 2148 1944 sub
2181 1885 2482 1942 diluculum
2515 1897 2738 1954 egresso
2786 1879 2949 1936 Petro
2977 1883 3367 1949 processerunt
3395 1871 3613 1928 obviam

2043 1992 2155 2033 non
2184 1977 2343 2048 pauci
2387 1976 2625 2041 ﬁnitimi,
2651 1990 2715 2029 ac
2745 1989 2821 2032 ex.
2856 1973 2973 2043 ipsa
3001 1969 3147 2042 Tyro
3195 1963 3610 2038 quamplurimi,

2043 2080 2099 2128 et
2129 2071 2504 2126 acclamabant
2537 2069 2780 2124 dicentes
2811 2086 2825 2122 :
2869 2066 3013 2121 Deus
3035 2079 3131 2135 per
3159 2071 3209 2118 te
3237 2061 3410 2116 nostri
3442 2059 3612 2114 mise-

2044 2174 2249 2229 reatur,
2275 2178 2371 2232 per
2409 2173 2464 2218 te
2491 2177 2590 2217 nos
2617 2169 2791 2216 curet.
2839 2159 3036 2214 Petrus
3068 2172 3197 2212 vero
3227 2156 3376 2210 stetit
3425 2154 3481 2208 in
3513 2168 3613 2207 ex-

2044 2257 2192 2312 celso
2220 2254 2418 2324 lapide,
2456 2261 2515 2308 ut
2544 2253 2612 2308 ab
2644 2253 2898 2307 omnibus
2937 2259 3120 2321 posset
3155 2247 3420 2316 conspici,
3458 2259 3610 2298 cum-

2044 2366 2152 2421 que
2176 2349 2434 2421 religioso
2456 2363 2610 2404 more
2636 2348 2932 2404 salutasset
2983 2344 3058 2398 ita
3093 2354 3324 2398 exorsus
3349 2345 3464 2394 est:

2113 2523 2179 2581 ll.
2227 2523 2335 2579 Deo
2359 2521 2593 2579 creatori
2617 2519 2739 2576 caeli
2769 2527 2823 2574 et
2848 2517 3037 2572 mundi
3076 2532 3184 2571 non
3215 2514 3367 2569 deest
3396 2511 3612 2569 occasio

2043 2620 2112 2676 ad
2154 2617 2387 2673 salutem
2443 2628 2636 2669 eorum
2681 2613 2775 2681 qui
2829 2609 3035 2667 servari
3081 2608 3286 2663 volunt.
3341 2603 3612 2671 Quocirca

2043 2725 2223 2782 neque
2243 2711 2299 2764 in
2328 2708 2417 2775 iis,
2451 2722 2575 2777 quae
2609 2705 2860 2760 videntur
2890 2704 3051 2769 mala,
3083 2701 3282 2771 aliquis
3307 2716 3402 2770 per
3438 2707 3616 2754 teme-

2040 2803 2254 2858 ritatem
2273 2801 2425 2856 illum
2438 2800 2584 2855 velut
2601 2796 2880 2852 hominum
2897 2810 3004 2849 non
3019 2801 3289 2849 amantem
3314 2791 3612 2848 insimulet.

2042 2893 2246 2949 Eorum
2291 2892 2460 2956 enim,
2504 2906 2627 2960 qute
2653 2887 2871 2944 mortali
2917 2886 3190 2949 accidunt,
3228 2885 3362 2938 lines
3392 2882 3613 2954 quidem

2042 2985 2357 3042 hominibus
2397 2983 2657 3054 incogniti
2701 2990 2850 3048 sunt,
2892 2996 2956 3035 ac
2993 2979 3061 3034 de
3093 2978 3297 3031 malitia
3344 2975 3610 3046 suspecti,

2045 3077 2156 3134 Deo
2185 3086 2366 3134 autem
2413 3078 2633 3147 cogniti,
2664 3084 2725 3132 ut
2752 3075 2962 3132 cessuri
3004 3073 3254 3128 feliciter.
3296 3070 3482 3140 Itaque
3527 3070 3613 3124 Sin

1968 3162 2010 3220 (Ξ
2046 3185 2194 3236 mon,
2228 3169 2322 3238 qui
2345 3168 2567 3223 sinistra
2595 3166 2690 3220 Dei
2717 3165 2892 3219 virtus
2918 3172 3021 3229 est,
3045 3169 3478 3231 potestatemque
3510 3161 3612 3214 lia-

2043 3261 2132 3316 bet
2161 3261 2229 3314 ad
2259 3258 2674 3313 maleﬁcentiam
2707 3257 2760 3310 in
2785 3270 2880 3311 eos
2906 3254 3000 3324 qui
3025 3253 3193 3306 Deum
3220 3253 3491 3315 nesciunt,
3516 3266 3612 3305 vos

2043 3351 2219 3422 potuit
2241 3350 2448 3405 morbis
2488 3348 2789 3418 implicare,
2830 3345 2924 3415 qui
2951 3343 3126 3398 morbi
3159 3359 3252 3412 per
3278 3341 3476 3395 bonam
3516 3339 3612 3395 Dei

2042 3444 2438 3516 providentiam
2477 3442 2697 3498 evenire
2747 3438 2999 3511 permissi
3035 3443 3332 3505 coegerunt
3373 3450 3492 3498 vos,
3526 3443 3609 3500 ut,

2043 3536 2272 3606 quaesito
2298 3551 2364 3590 eo
2392 3535 2486 3605 qui
2510 3547 2705 3589 sanare
2743 3531 2948 3600 valeret
2975 3537 3029 3582 et
3055 3528 3294 3593 invento,
3320 3525 3611 3580 occasione

2043 3628 2343 3698 corporalis
2394 3625 2616 3681 medela:
2664 3622 2860 3693 placita
2895 3618 3004 3676 Deo
3047 3617 3398 3688 susciperctis
3446 3625 3610 3686 atque

2042 3720 2358 3784 crederetis,
2393 3727 2453 3772 ut
2481 3717 2562 3773 sic
2595 3730 2702 3770 una
2750 3729 2874 3770 cum
2912 3710 3143 3769 servatis
3191 3709 3514 3782 corporibus
3554 3715 3610 3764 et

2041 3814 2255 3870 animas
2287 3809 2533 3866 habeatis
2565 3808 2762 3865 salvas.

2111 3984 2199 4040 111.
2235 3983 2414 4039 Audio
2451 3984 2658 4055 utique,
2687 3997 2824 4054 eum
2862 3981 3000 4037 bove
3028 3987 3266 4036 mactato
3296 3976 3608 4032 convivium

2039 4076 2195 4131 vobis
2219 4075 2274 4129 in
2300 4075 2480 4131 medio
2505 4075 2721 4131 dedisse
2745 4075 2888 4140 foro,
2921 4073 3110 4139 sicque
3153 4086 3251 4128 vos
3288 4070 3459 4125 multo
3481 4069 3610 4124 vino

2039 4169 2250 4239 abrepti
2317 4184 2425 4224 una
2477 4183 2600 4222 cum
2677 4167 2863 4238 pravis
2919 4165 3260 4222 daemonibus
3306 4163 3609 4234 principem

2038 4275 2228 4316 eorum
2269 4259 2538 4330 complexi
2581 4259 2751 4327 estis,
2797 4270 2961 4328 atque
2991 4257 3065 4312 ita
3096 4265 3335 4313 vestrum
3385 4253 3608 4326 plurimi

2039 4353 2248 4407 morbis
2286 4353 2428 4423 capti
2461 4361 2607 4420 sunt,
2650 4366 2748 4422 per
2783 4350 3146 4422 ignorantiam
3178 4348 3234 4402 in
3274 4363 3333 4404 se
3370 4343 3610 4418 propriis

364 4455 486 4509 καθ’
518 4455 724 4511 ἑαυτῶν
753 4433 1123 4526 ίδίαιςῗχερσὶν
1152 4433 1584 4526 ἐπι-σπασάμενοι
1611 4453 1672 4507 τὸ
1699 4452 1792 4507 τοῦ
1823 4453 1938 4506 ὀλέ-

2040 4444 2292 4498 manibus
2319 4451 2549 4498 attracto
2576 4440 2836 4512 perniciei
2871 4440 3070 4512 gladio.
3099 4437 3287 4508 Neque
3329 4437 3476 4493 enim
3507 4433 3606 4489 ad-

2042 4551 2098 4554 4,-
2144 4551 2251 4554 μνη,
2288 4551 2381 4554 _-__
2423 4535 2685 4554 J_._--_.-_
2735 4533 3054 4554 1--L--:__-_.
3104 4535 3422 4554 ..Λιληιηοηνη
3501 4524 3604 4554 ηζοῗ

364 4549 492 4620 θρου
533 4549 701 4620 ξίφος.
733 4550 808 4605 Οὐ
853 4524 961 4622 γὰρ
991 4524 1058 4604 ἀν
1103 4549 1202 4622 τήν
1238 4549 1360 4604 καθ’
1401 4524 1552 4620 ὑμῶν
1591 4548 1747 4618 ἔσχον
1782 4545 1934 4611 ἐξου-

2040 4551 2258 4591 versum
2287 4551 2385 4590 vos
2414 4535 2690 4590 daemones
2733 4533 3058 4587 habuissent
3103 4535 3424 4602 potestatem
3446 4567 3462 4590 ,
3501 4524 3608 4582 nisi

366 4617 487 4697 σίαν
521 4645 572 4695 οἱ
595 4617 866 4713 δαίμονες,
897 4617 945 4695 εί
989 4639 1067 4712 μή
1095 4617 1361 4712 πρότερον
1393 4617 1472 4710 τῷ
1500 4617 1722 4711 ἄρχοντι
1758 4635 1936 4690 αὐτῶν

2041 4629 2194 4700 prius
2228 4643 2354 4683 cum
2393 4643 2581 4682 eorum
2626 4625 2871 4696 principe
2913 4623 3162 4680 fuissetis
3191 4620 3412 4692 epulati.
3445 4617 3608 4672 Prin.-

363 4733 654 4804 όμοδίαιτοι
682 4710 1001 4802 ἐγεγόνειτε.
1043 4710 1199 4786 Οὕτω
1221 4710 1330 4802 γάρ
1369 4710 1685 4803 ἀπαρχῆςυ
1709 4727 1813 4781 ὑπὸ
1840 4723 1935 4779 τοῦ

2042 4722 2184 4791 cipio
2242 4719 2509 4788 siquidem
2563 4718 2652 4771 illa
2696 4733 2791 4787 per
2840 4717 3220 4771 universorum
3264 4710 3606 4768 conditorem

365 4825 546 4879 πάντα
579 4823 860 4888 κτίσαντος
885 4822 1022 4879 Θεοῦ
1048 4823 1200 4877 δυσὶν
1218 4821 1476 4878 ἑκάστοτε
1510 4821 1757 4893 ἄρχουσι,
1780 4814 1938 4889 δεξιῷ

2045 4815 2214 4871 Deum
2248 4814 2335 4869 lex
2385 4813 2651 4884 praeﬁnita
2678 4819 2761 4867 est
2789 4811 3004 4866 duobus
3035 4807 3292 4878 utrinque
3347 4804 3605 4872 ducibus,

1669 4993 1904 5051 VARIAE
1957 4992 2360 5049 LECTIONES.

437 5139 482 5170 θ’
502 5138 660 5201 ὅσους
678 5135 743 5192 Ο.
818 5137 864 5172 ⁸³
893 5137 1078 5194 αὐτόθι
1097 5137 1160 5192 C.
1237 5134 1284 5168 ⁸⁸
1298 5134 1372 5206 Ita
1469 5149 1519 5206 ο.
1537 5131 1575 5187 S
1603 5132 2123 5206 ,συνεξεληλύθησαν
2137 5137 2200 5192 C.
2276 5138 2321 5177 ⁸⁵
2341 5137 2430 5190 ὑπ’
2457 5134 2620 5206 αὐτοῦ
2649 5133 2710 5190 C.
2754 5204 2763 5206 Α
2787 5133 2834 5206 ἦθ
2859 5132 2958 5206 ς)πί
2979 5125 3513 5206 αὐτού-τετυχηκέναι

363 5209 413 5248 ⁸⁷
441 5211 508 5278 τῇ
537 5195 738 5280 iit-afﬁxi
761 5223 810 5264 c.
845 5208 907 5280 Ο.
935 5208 1076 5280 Idem
1095 5215 1280 5280 postea
1300 5205 1392 5280 τὸν
1412 5195 1666 5280 ὄρθρον’.“
1700 5201 1746 5234 ⁸⁸
1770 5195 2072 5280 ἐπεραιζ).
2150 5209 2196 5240 θ’
2224 5208 2472 5280 pﬂdeest
2505 5210 2557 5261 in
2670 5274 2699 5280 _
2723 5204 2769 5242 ⁹⁰
2791 5200 3090 5273 ἀνθρώπων
3116 5200 3177 5280 (ξ,
3211 5195 3515 5280 ἀνθρώποις
3548 5195 3604 5250 in

367 5266 550 5350 marg:
574 5276 772 5350 Vocem
803 5266 1110 5350 ἀνθρώπων
1127 5276 1409 5350 delendam
1423 5266 1616 5350 censet
1635 5272 1675 5325 D
1701 5315 1716 5337 ,
1750 5274 2154 5350 συμϐαινόντων
2177 5266 2366 5334 παθῶν
2389 5278 2643 5350 proponit
2667 5274 2703 5330 S
2735 5293 2747 5328 :
2779 5266 3254 5350 conjecturaajam
3289 5266 3599 5350 superﬂuat.
3663 5311 3670 5319 .

365 5348 412 5384 ⁹¹
444 5336 938 5432 ὑποπτεχόμεναῤ.
968 5343 1771 5432 Τιιιεη,ξόιειιιυ(ξιτιεοϐησόμενα(ξἐ
1806 5336 1896 5432 Dn,
1926 5345 2238 5421 ἀποσόμενα
2264 5350 2306 5406 C
2336 5391 2351 5418 ,
2383 5336 2526 5404 idem
2559 5347 2598 5403 f.
2629 5336 2931 5416 ἐπεσόμενα
2978 5342 3064 5398 vel
3111 5336 3502 5410 ἀποσωζόμενα
3544 5336 3604 5392 in

368 5432 544 5488 marg.
649 5419 696 5450 ⁹²
718 5411 992 5473 εἱστίασεν
1025 5417 1238 5490 Epit.c.
1266 5416 1355 5473 54.
1430 5411 1481 5447 ³⁸
1515 5411 1609 5468 ἀπ’
1636 5414 1808 5486 ἀρχῆς
1829 5411 1896 5469 Ο.

1669 5552 2034 5611 VARIORUM
2063 5551 2293 5608 ΝΟΤᾹΞ.

374 5668 1111 5801 ωὲἶέἑῐίὸἷήῧῒεὲξριίωῶ
1151 5663 1377 5724 “mm
1415 5665 2014 5742 ί¹¹⁵ετίι³ιίοηίερητωω
2037 5681 2124 5738 θυι
2154 5665 2216 5724 C.
2243 5664 2459 5723 obviam
2490 5663 2582 5718 EN
2617 5660 2796 5732 ΤΥΡῼ
2838 5661 2912 5731 A',
2941 5673 3063 5728 quae
3108 5654 3350 5729 scitolion
3376 5651 3600 5718 redolet.
