4084 6148
545 295 650 356 219

1509 306 1566 362 s.
1607 306 1991 364 CLEMENTIS
2036 308 2058 378 ι
2095 303 2258 365 nou.
2298 308 2496 365 rom.
2537 310 2762 367 opma
2801 300 3024 370 DUBlA.

3664 317 3774 373 220

543 410 738 466 dextro
765 417 818 465 et
848 409 1094 479 sinistro,
1127 422 1192 468 ut
1220 430 1330 470 non
1365 415 1562 473 haheat
1596 421 1731 475 alter
1758 420 1973 476 illorum
2002 436 2082 491 po-

2198 435 2257 473 τε
2278 420 2372 472 καὶ
2392 421 2656 492 εὐωνύμῳ
2677 421 2745 486 ’⁸,
2768 423 2977 494 ὡρίσθη
3008 422 3170 494 νόμος
3184 464 3199 488 ,
3233 423 3308 494 μὴ
3328 421 3381 456 ’⁸
3406 422 3551 495 ἔχειν
3576 424 3775 480 ἑκάτε-

542 509 810 569 testatem,
839 503 944 558 nisi
973 505 1124 574 prius
1147 507 1374 564 conviva
1399 511 1703 582 cujuspiam
1729 511 1908 578 fuerit,
1939 528 2101 582 quem

541 593 804 648 beneflcio
834 595 916 649 vel
951 596 1148 666 injuria
1178 601 1328 669 cupit
1366 601 1596 658 allicere.
1648 603 1803 659 Sicut
1828 619 1957 674 ergo
1980 621 2103 675 per-

539 683 708 750 ceptis
754 685 1060 749 sacriﬁciis,
1090 701 1211 756 qua:
1257 687 1592 745 daemonibus
1637 689 1850 745 fuerant
1899 691 2099 756 oblata,

536 772 764 828 venistis
796 774 851 827 in
899 776 1213 830 servitutem
1257 778 1403 833 illius
1439 780 1533 848 qui
1584 781 1803 836 malitia:
1849 781 2100 851 princeps

535 869 639 925 est,
671 862 744 916 ita
770 862 817 916 si
842 864 909 916 ab
930 863 997 919 iis
1020 865 1390 922 abstinueritis
1416 876 1469 923 et
1497 869 1564 923 ad
1587 869 1755 924 Deum
1779 885 1874 940 per
1896 871 2100 925 bonum

533 952 900 1024 dextrumque
927 957 1228 1029 principem
1253 959 1639 1032 confugeritis,
1675 964 1974 1020 honoribus
2011 981 2099 1022 sa-

533 1043 726 1100 crificii
748 1049 1062 1116 expertibus
1088 1050 1348 1108 facientes
1376 1069 1497 1124 qua:
1523 1056 1657 1122 vult,
1683 1059 1850 1125 probe
1880 1058 2094 1126 scitote,

533 1135 676 1203 quod
707 1150 831 1190 cum
864 1141 1106 1208 corporis
1138 1145 1374 1198 sanitate
1422 1145 1634 1200 animas
1668 1162 1886 1217 quoque
1914 1149 2096 1216 possi-

534 1225 736 1283 debitis
781 1244 966 1286 sanas.
1018 1231 1135 1302 Ipse
1163 1249 1400 1306 namque
1444 1237 1629 1303 solus,
1671 1253 1770 1308 per
1816 1240 2094 1295 sinistram

510 1318 806 1383 occidens,
840 1336 938 1390 per
969 1323 1216 1379 dextram
1264 1334 1439 1395 potest
1464 1328 1631 1384 vitam
1679 1331 1900 1402 largiri;
1945 1332 2094 1401 pari-

531 1415 718 1476 terque
742 1417 795 1463 et
822 1423 1123 1481 percutere,
1148 1424 1202 1468 et
1226 1416 1492 1484 iacentem
1525 1419 1732 1489 erigere
1761 1434 1811 1476 ει.

597 1496 686 1553 IV.
703 1498 989 1570 Propterea
1005 1505 1240 1573 primum
1256 1523 1285 1562 a
1300 1524 1635 1576 praecursore
1649 1511 1871 1566 Simone
1882 1512 2093 1582 decepti

529 1589 738 1643 ratione
755 1592 950 1647 anima:
966 1597 1162 1650 mortui
1178 1600 1311 1654 estis
1324 1599 1436 1655 Deo
1451 1609 1504 1655 et
1519 1616 1745 1671 corpore
1759 1602 1936 1660 fuistis
1955 1605 2092 1660 aﬂli-

525 1680 620 1743 cti,
639 1683 863 1750 potestis
885 1688 1339 1756 autemvsimiliter
1364 1691 1559 1746 iterum
1575 1709 1669 1762 per
1693 1696 2088 1764 paenitentiam,

2207 528 2299 583 ρον
2327 511 2504 566 αὐτῶν
2533 513 2780 579 ἐξουσίαν
2803 553 2818 578 ,
2858 514 2952 568 ἐὰν
2988 513 3062 588 μὴ
3097 515 3359 586 πρότερόν
3396 533 3499 569 τινι
3532 515 3777 590 ὁμοτρά-

2204 602 2366 667 πεζος
2396 605 2618 675 γένηται
2638 643 2654 669 ,
2716 605 2775 659 ὃν
2806 607 3091 677 εὐποιῆσαι
3124 606 3157 677 ἢ
3214 607 3460 660 κακῶσαι
3497 606 3770 677 βούλεται.

2205 694 2414 766 Ὠσπερ
2442 691 2534 748 οὖν
2562 695 2810 767 δαίμοσιν
2836 697 3238 768 ἀποδεδομένων
3262 697 3512 768 θυμάτων
3538 701 3770 770 μεταλα-

2201 782 2384 846 ϐόντες
2409 783 2487 854 τῷ
2506 784 2604 856 τῆς
2629 787 2827 850 κακίας
2844 786 3070 858 ἡγεμόνι
3097 785 3547 858 κατεδουλώθητε,
3569 788 3765 856 οὓτως,

2199 873 2265 927 ἂν
2291 874 2496 928 τούτων
2528 875 2870 946 παυσάμενοι
2909 877 2989 948 τῷ
3031 876 3149 948 Θεῷ
3185 875 3272 930 διὰ
3298 877 3392 930 τοῦ
3433 879 3644 948 ἀγαθοῦ
3670 883 3767 935 καὶ

2197 963 2370 1028 δεξιοῦ
2396 965 2662 1037 ἡγεμόνος
2689 967 3062 1039 προσφύγητε,
3095 968 3312 1032 ἀθύτοις
3337 973 3522 1040 τιμαῖς
3546 971 3763 1026 ποιοῦν-

2195 1073 2286 1120 τες
2312 1055 2348 1110 ἃ
2376 1056 2644 1126 βούλεται,
2672 1053 2731 1111 εὖ
2762 1060 2874 1111 ῐστε
2901 1059 2985 1113 ὅτι
3015 1061 3111 1113 σὺν
3140 1062 3204 1130 τῇ
3231 1059 3324 1112 τοῦ
3351 1058 3598 1131 σώματος
3621 1062 3763 1118 ίάσει

2197 1147 2411 1211 καὶτὰς
2444 1147 2621 1218 ψυχὰς
2658 1149 3002 1216 ὑγιαινούσας
3041 1148 3206 1216 ἕξετε.
3242 1150 3415 1214 Αὐτὸς
3443 1151 3551 1224 γὰρ
3601 1153 3763 1223 μόνος

2193 1235 2282 1290 διά
2307 1236 2408 1306 τῆς
2428 1238 2721 1310 ἀριστερᾶς
2742 1239 2976 1311 ἀναιρῶν
3007 1239 3093 1294 διὰ
3116 1242 3214 1312 τῆς
3235 1240 3412 1308 δεξιᾶς
3433 1239 3764 1315 ζωοποιῆσαι

2193 1325 2433 1380 δύναται·
2459 1328 2662 1399 ὁμοίως
2685 1329 2741 1383 δὲ
2772 1329 2866 1384 καὶ
2889 1330 3153 1398 πατάξαι,
3187 1332 3282 1386 καὶ
3313 1333 3612 1405 ἀναστῆσαι
3646 1337 3768 1390 κει-ρ

2195 1432 2370 1486 μενον.

2263 1505 2348 1560 IV.
2391 1507 2490 1582 Διά
2513 1508 2910 1582 τοῦτοπρῶτον
2929 1512 3035 1567 ὑπὸ
3060 1515 3154 1567 τοῦ
3185 1514 3492 1586 προδρόμου
3519 1516 3763 1587 Σίμωνος

2192 1599 2684 1670 προαπατηθέντες,
2719 1602 2836 1674 Θεῷ
2868 1603 2968 1667 τὰς
2998 1603 3176 1674 ψυχὰς
3216 1605 3511 1660 ἀπεθάνετε
3551 1609 3643 1662 καὶ
3689 1609 3763 1663 τὰ

2193 1688 2418 1760 σώματα
2443 1691 2811 1764 ὲπωτάχθητε“
2841 1694 3070 1749 δύνασθε
3089 1696 3146 1750 δὲ
3172 1697 3373 1767 ὁμοίως
3397 1697 3459 1751 τὺ
3484 1698 3759 1772 δεύτερον,

526 1772 726 1837 utdixi,
742 1773 851 1830 Deo
863 1777 1059 1845 placita
1074 1781 1305 1847 amplexi
1321 1791 1611 1852 etcorpore
1621 1787 2020 1854 convalescere,
2035 1796 2082 1848 et

2189 1780 2278 1835 διὰ
2297 1781 2397 1852 τῆς
2419 1783 2732 1853 μετανοίας,
2756 1785 2832 1849 ὡς
2859 1785 3025 1858 ἔφην,
3053 1787 3120 1862 τά
3150 1787 3268 1858 Θεῷ
3301 1789 3599 1860 ἀρέσκοντα
3630 1793 3763 1851 ἀνα-

523 1865 761 1921 animam
784 1871 1302 1939 recuperare.Porro
1319 1873 1431 1928 Deo
1445 1875 1641 1944 placita
1658 1885 1786 1932 sunt
1801 1894 1949 1934 zeum
1964 1894 2088 1949 pre-

523 1953 634 2007 cari
661 1993 679 2021 ,
706 1965 889 2026 petere
913 1961 984 2015 ab
1008 1961 1101 2017 illo
1130 1971 1389 2034 tanquam
1414 1967 1482 2020 ab
1505 1981 1570 2021 eo
1593 1969 1685 2036 qui
1709 1978 1902 2025 cuncta
1930 1986 2086 2040 aequa

521 2045 640 2118 lege
671 2049 881 2117 tribuit,
915 2052 1221 2107 daemonum
1254 2070 1442 2112 mensa
1485 2073 1605 2113 sese
1639 2059 1944 2130 abstinere,
1974 2079 2085 2120 non

520 2146 742 2206 gustare
768 2154 986 2194 carnem
1014 2143 1379 2210 demortuam,
1409 2148 1731 2217 sanguinem
1768 2165 1877 2206 non
1921 2153 2085 2206 attin-

518 2242 668 2297 gere,
694 2229 762 2283 ab
788 2231 939 2284 omni
969 2232 1155 2288 illuvie
1182 2236 1458 2291 mundari.
1496 2237 1725 2310 Reliqua
1750 2249 1933 2297 autem
1975 2259 2083 2300 uno

516 2315 709 2384 verbo,
732 2333 1071 2390 quaecunque
1099 2320 1294 2389 Judaei,
1321 2341 1448 2398 erga
1480 2326 1652 2384 Deum
1698 2331 1938 2403 religiosi
1977 2334 2080 2388 ho-

515 2405 712 2474 mines,
744 2410 1056 2478 audierunt,
1089 2423 1145 2470 et
1172 2431 1272 2473 vos
1305 2420 1489 2474 cuncti
1536 2423 1719 2478 audite
1743 2464 1758 2491 ,
1792 2423 1848 2478 in
1893 2426 2080 2483 multis

513 2497 838 2566 corporibus
866 2515 1031 2556 unam
1055 2513 1289 2560 mentem
1314 2508 1491 2578 adepti
1515 2527 1529 2564 :
1554 2526 1678 2580 quas
1704 2514 2082 2584 unusquisque

513 2587 617 2642 sibi
643 2588 917 2646 desiderat
935 2592 1100 2658 bona,
1132 2597 1319 2652 eadem
1338 2607 1392 2654 et
1417 2600 1484 2654 de
1502 2602 1749 2670 proximo
1801 2614 2003 2661 statuat
2024 2608 2074 2662 ιι.

514 2677 609 2734 Sic
630 2689 812 2736 autem
836 2687 1212 2758 unusquisque
1232 2698 1471 2744 vestrum
1499 2691 1704 2748 bonum
1736 2696 2075 2766 cogitaverit,

512 2769 561 2824 si
597 2774 696 2825 ista
727 2775 868 2840 apud
899 2791 958 2830 se
988 2787 1198 2846 repetat
1224 2797 1237 2833 :
1286 2778 1405 2835 Non
1434 2781 1516 2837 vis
1545 2783 1813 2840 interﬁci?
1842 2788 2074 2845 alterum

510 2872 619 2913 non
655 2859 948 2919 interficias
985 2882 1000 2932 ;
1034 2881 1142 2920 non
1170 2867 1253 2923 vis
1283 2883 1505 2924 uxorem
1535 2881 1684 2926 tuam
1716 2875 1786 2929 ab
1813 2877 1920 2932 alio
1947 2893 2076 2933 con-

509 2951 782 3020 stuprari,
813 2954 1038 3011 alterius
1073 2966 1296 3027 nuptam
1347 2975 1417 3016 ne
1470 2972 1767 3033 constupra
1795 2984 1810 3034 ;
1847 2982 1955 3023 non
1990 2970 2074 3027 vis

510 3043 788 3112 quidpiam
830 3062 1012 3102 rerum
1047 3058 1264 3106 tuarum
1293 3051 1440 3108 furto
1489 3054 1736 3110 auferri?
1767 3059 1903 3115 nihil
1937 3062 2072 3117 alte-

2186 1867 2466 1938 δεξάμενοι
2501 1869 2688 1926 καὶτὰ
2721 1873 2948 1945 σώματα
2970 1875 3282 1948 ἀναρρῶσαι
3323 1879 3417 1933 καὶ
3457 1878 3556 1942 τὰς
3581 1879 3762 1951 ψυχάς

2186 1957 2490 2013 ἀναλαϐεῖν.
2523 1962 2677 2014 Ἐστι
2720 1963 2777 2017 δὲ
2811 1964 2879 2017 τά
2921 1965 3223 2037 ἀρέσκοντα
3253 1967 3331 2039 τῷ
3355 1968 3475 2040 Θεῷ
3507 1971 3568 2024 τὸ
3609 1973 3759 2043 αὐτῷ

2186 2048 2600 2120 προσεύχεσθαιο
2633 2053 2792 2107 αὑτὸν
2827 2057 2994 2110 αἰτεῖν
3015 2058 3061 2088 ’⁸
3089 2058 3166 2122 ὡς
3212 2059 3389 2113 πάντα
3431 2062 3582 2134 νόμῳ
3636 2082 3760 2135 κρι-

2183 2139 2318 2210 τικῷ
2344 2140 2574 2194 διδόνταο
2597 2143 2878 2216 τραπέζης
2908 2146 3173 2218 δαιμόνων
3204 2150 3518 2221 ἀπέχεσθαι·
3554 2158 3758 2226 νεκρᾶς

2187 2228 2261 2300 μὴ
2291 2229 2543 2297 γεύεσθαι
2575 2235 2792 2305 σαρκός·
2834 2235 2907 2308 μὴ
2933 2238 3091 2309 176
3107 2239 3300 2308 ψαύειν
3329 2241 3552 2311 αἵματος
3573 2245 3616 2276 ⁹⁷
3635 2259 3658 2276 ⁸
3691 2248 3758 2299 ἐκ

2184 2319 2384 2384 παντὸς
2407 2322 2762 2378 ἀπολούεσθαι
2778 2326 2824 2358 ⁸⁸
2850 2325 3104 2396 λύματος·
3128 2328 3195 2383 τὰ
3222 2330 3278 2383 δὲ
3303 2329 3462 2385 λοιπά
3483 2335 3561 2385 ἐνὶ
3587 2335 3754 2406 λόγῳ,

2182 2409 2259 2473 ὡς
2303 2413 2353 2464 οί
2391 2412 2523 2468 Θεὸν
2572 2415 2817 2481 σέϐοντες
2849 2419 3086 2488 ἥκουσαν
3119 2421 3358 2476 Ἰουδαῖοι
3390 2463 3405 2489 ,
3453 2426 3546 2480 κα).
3596 2428 3756 2498 ὑμεῖς

2181 2500 2446 2556 ἀκούσατε
2486 2503 2721 2570 ἅπαντες
2740 2547 2755 2572 ,
2788 2507 2846 2562 ὲν
2883 2507 3098 2572 πολλοῖς
3128 2510 3341 2582 σώμασι
3375 2515 3500 2585 μίαν
3526 2518 3755 2590 γνώμην

2179 2591 2552 2658 ἀναλαϐόντες·
2588 2596 2730 2670 άπερ
2753 2599 2978 2664 ἕκαστος
3013 2602 3191 2675 ἑαυτῷ
3215 2603 3459 2674 βούλεται
3494 2609 3651 2673 καλὰ,
3682 2612 3755 2667 τά

2179 2680 2322 2734 αύτά
2374 2681 2706 2751 βουλευέσθω
2740 2687 2785 2720 ⁸⁸
2840 2688 2934 2740 καὶ
2981 2689 3061 2761 τῷ
3108 2690 3352 2763 πλησίον.
3411 2694 3562 2748 Οὕτω
3607 2697 3652 2750 δ’
3681 2697 3752 2751 ἂν

2178 2771 2328 2842 ὑμῶν
2356 2773 2583 2838 ἕκαστος
2617 2777 2826 2847 νοήσειε
2856 2778 2915 2832 τὸ
2939 2780 3122 2846 καλὸν,
3151 2785 3198 2836 εί
3233 2785 3409 2857 ἑαυτῷ
3444 2787 3750 2862 διαλεχθείη

2174 2862 2243 2915 τὰ
2267 2863 2505 2917 τοιαῦταο
2531 2866 2605 2919 Οὐ
2637 2865 2810 2931 θέλεις
2838 2871 3178 2943 φονευθῆναι,
3221 2875 3404 2947 ἕτερον
3443 2877 3516 2948 μὴ
3555 2879 3751 2947 φονεύ-

2176 2967 2296 3025 σῃς·
2328 2954 2390 3006 ού
2435 2953 2608 3020 Θέλεις
2637 2956 2734 3029 τὴν
2765 2959 2860 3031 σὴν
2903 2961 2993 3031 ὑφ’
3035 2961 3222 3035 ἐτέρου
3257 2967 3603 3038 μοιχευθῆναι
3649 2987 3752 3038 γυ-

2174 3045 2356 3109 ναῖκα,
2379 3044 2478 3117 τὴν
2506 3047 2691 3119 ἑτέρου
2730 3049 2805 3122 μὴ
2840 3052 3056 3123 μοίχευε
3082 3059 3346 3128 γαμετήν·
3387 3060 3448 3111 ού
3484 3058 3658 3125 θέλεις
3693 3079 3752 3116 τι

509 3133 626 3188 rius
659 3133 860 3192 furare.
902 3138 1080 3208 Atque
1111 3141 1186 3196 ita
1218 3158 1284 3197 ex
1321 3145 1479 3200 vobis
1509 3146 1641 3216 ipsis
1693 3151 1837 3220 quod
1869 3154 2068 3210 rationi

2183 3131 2277 3186 τῶν
2315 3134 2422 3187 σῶν
2455 3135 2724 3208 κλαπῆναι
2749 3177 2765 3203 ,
2803 3141 2990 3212 ἑτέρου
3045 3142 3120 3214 μὴ
3168 3143 3365 3199 κλέπτε
3407 3148 3591 3218 μηδέν.
3635 3151 3750 3204 Καὶ

510 3233 938 3282 consentaneum
965 3240 1048 3284 est
1078 3231 1437 3304 intelligentes
1466 3246 1629 3307 atque
1645 3240 1926 3307 facientes,
1955 3245 2064 3300 Deo

508 3314 663 3369 chari
690 3315 866 3372 effecti
899 3325 1310 3391 consequemini
1362 3327 1685 3384 sanitatem:
1731 3332 1973 3404 alioquin
2015 3344 2071 3392 et

506 3403 563 3459 in
595 3409 846 3474 praesenti
869 3413 1069 3466 saeculo
1100 3415 1426 3484 corporibus
1453 3403 1880 3492 torquebimini,
1909 3434 1979 3496 _et
2011 3427 2069 3482 in

505 3493 695 3550 futuro
723 3498 1026 3567 puniemini
1056 3502 1365 3560 animabus.

577 3643 643 3703 ν.
684 3647 811 3707 Haec
858 3668 889 3708 a
935 3653 1096 3711 Petro
1145 3659 1332 3728 paucis
1363 3660 1555 3720 diebus
1582 3664 1759 3722 edocti
1790 3676 1845 3726 et
1888 3671 2067 3726 sanati

505 3737 765 3808 baptizati
799 3731 948 3799 sunt.
983 3745 1186 3803 Deinde
1218 3751 1360 3806 inter
1387 3764 1582 3810 cetera
1629 3758 1775 3815 illius
1804 3762 2067 3818 miracula

504 3828 699 3898 reliqui
741 3845 931 3889 omnes
973 3837 1026 3888 in
1059 3838 1236 3892 medio
1285 3838 1411 3895 foro
1459 3845 1662 3911 passim
1705 3845 1758 3900 in
1797 3849 2069 3906 cinere-ct

504 3930 665 3972 sacco
693 3921 974 3986 sedebant,
1011 3936 1234 3995 agentes
1276 3931 1650 3998 paenitentiam
1682 3935 1750 3991 de
1795 3938 2067 4006 prioribus

503 4007 736 4068 delictis.
771 4013 837 4068 Et
863 4016 956 4086 qui
990 4017 1246 4075 Sidonem
1279 4023 1609 4094 incolebant,
1645 4029 1746 4084 ista
1783 4031 2067 4089 audientes

503 4099 702 4156 similia
734 4103 998 4172 fecerunt,
1030 4111 1401 4184 miseruntque
1432 4116 1501 4170 ad
1532 4116 1751 4175 Petrum
1788 4124 2065 4193 supplica-

502 4199 687 4260 turos,
733 4199 880 4266 quod
930 4199 1030 4269 ipsi
1062 4213 1283 4272 pr0pter
1309 4207 1531 4263 morbos
1574 4225 1681 4265 non
1732 4224 1958 4282 possent
1996 4215 2064 4270 ad

2169 3221 2342 3286 οὕτως
2381 3225 2475 3294 ἀφ’
2510 3226 2663 3297 ὑμῶν
2707 3228 2886 3283 αὐτῶν
2917 3230 2978 3283 τὸ
3011 3231 3227 3301 εὔλογον
3278 3236 3620 3301 συννοοῦντες
3652 3241 3750 3292 καὶ

2171 3314 2468 3381 ποιοῦντες,
2522 3317 2642 3389 Θεῷ
2683 3320 2999 3391 προσφιλεῖς
3045 3324 3358 3394 γενόμενοι,
3401 3327 3746 3391 ὲπιτεύξεσθε

2168 3404 2267 3475 τῆς
2319 3405 2551 3472 ίάσεως,
2587 3410 2707 3464 ἐπεὶ
2738 3411 2833 3464 καὶ
2878 3414 2938 3465 ὲν
2981 3412 3060 3485 τῷ
3109 3415 3334 3487 παρόντι
3387 3417 3543 3471 αίῶνι
3575 3418 3746 3490 βασα-

2168 3494 2480 3567 νισθήσεσθε
2519 3499 2588 3554 τά
2637 3499 2896 3572 σώματα,
2941 3504 3036 3557 καὶ
3079 3505 3136 3558 έν
3169 3504 3247 3576 τῷ
3296 3507 3552 3583 μέλλοντι]
3584 3511 3744 3565 κολα-

2171 3585 2435 3657 σθήσεσθε
2466 3589 2564 3654 τὰς
2594 3590 2790 3663 ψυχάς.

2243 3677 2307 3734 ν.
2354 3679 2538 3735 Ταῦτα
2560 3683 2628 3716 ¹⁰⁰
2659 3683 2762 3738 ὑπὸ
2792 3685 2885 3739 τοῦ
2919 3687 3124 3759 Πέτρου
3164 3689 3221 3742 ὲν
3263 3689 3471 3758 ὀλίγαις
3505 3693 3743 3765 ἡμέραις

2168 3771 2564 3842 κατηχηθέντες
2610 3774 2705 3828 καὶ
2744 3775 2986 3841 ίαθέντες
3016 3777 3436 3853 ἐϐαπτίσθησαν.
3466 3785 3695 3839 Ἔπειτα
3720 3787 3740 3818 ί

2165 3863 2278 3924 τοῖς
2320 3862 2526 3926 λοιποῖς
2578 3863 2741 3918 αὑτοῦ
2795 3865 3066 3938 θαύμασιν
3117 3873 3166 3923 οι
3205 3872 3381 3926 λοιποὶ
3431 3875 3633 3941 πάντες
3680 3879 3741 3931 ὲν

2170 3951 2360 4021 μέσαις
2380 3957 2499 4017 ταῖς
2523 3955 2748 4024 ἀγοραῖς
2769 3959 3041 4031 πανδημεῖ
3066 3963 3158 4015 ἐπὶ
3191 3965 3387 4018 σποδοῦ
3409 3967 3503 4020 καὶ
3533 3969 3739 4022 σάκκου

2167 4040 2505 4106 ἐκαθέζοντο,
2534 4047 2916 4115 μετανοοῦντες
2941 4051 3032 4104 ἐπὶ
3059 4055 3172 4116 τοῖς
3199 4056 3456 4127 πρότερον
3481 4060 3737 4130 ἡμαρτη-

2170 4131 2370 4202 μένοις.
2408 4133 2518 4187 Kal.
2547 4135 2595 4186 οί
2627 4137 2684 4188 ὲν
2711 4137 2898 4192 Σιδῶνι
2924 4139 3095 4194 ταῦτα
3127 4143 3457 4210 ἀκούσαντες
3481 4147 3549 4200 τά
3575 4149 3742 4220 ὃμοια

2166 4220 2450 4290 ἐποίησαν,
2495 4223 2591 4275 καὶ
2637 4223 2820 4289 ἱκέτας
2851 4227 2988 4299 πρὸς
3017 4230 3108 4284 τὸν
3139 4232 3342 4304 Πέτρον
3386 4235 3735 4302 ἀπέστελλον,

502 4283 657 4340 illum
690 4289 894 4344 venire.
931 4289 1099 4362 Igitur
1141 4292 1332 4354 Petrus
1379 4313 1502 4353 cum
1555 4317 1652 4370 per
1699 4318 1903 4374 paucos
1949 4306 2064 4362 dies

502 4373 627 4400 l'l‘-._.:
675 4392 970 4400 --___.__.s-.
1026 4399 1031 4400 ,
1197 4395 1206 4400 .
1575 4394 1578 4400 .
1631 4394 1703 4400 ----
1862 4396 1872 4400 -
1918 4398 1926 4400 Α

2183 4310 2240 4374 ὓς
2272 4283 2543 4366 αύτοὶνδιά
2572 4314 2671 4379 τὰς
2701 4283 2907 4382 νόσους.
2935 4283 3070 4392 πρὸς
3089 4283 3271 4376 αὑτὸν
3305 4283 3491 4380 ιλθξιξ
3502 4283 3736 4400 pii—du:

500 4373 628 4448 Tyri
670 4392 1042 4437 commoratus
1069 4395 1214 4440 esset
1262 4394 1599 4460 cunctosque
1630 4394 1776 4450 illius
1827 4396 2062 4455 civitatis

501 4465 747 4494 "nm:nnn
803 4470 1146 4494 :....._--__:,,_A.
1266 4486 1302 4494 κ-
1362 4479 1418 4494 ..ι
1575 4483 1585 4494 .
1890 4489 1900 4494 -
2016 4491 2026 4494 -

2183 4401 2402 4472 νάμενοι.
2433 4373 2716 4478 ’0,Πέτρνος
2747 4407 2804 4462 δὲ
2830 4373 3736 4494 ἡμερῶνόύ-πολλῶν-ένδιαττρίψάς

480 4465 751 4524 homines
802 4470 1196 4542 instruxisset,
1254 4486 1308 4531 et
1362 4479 1704 4538 liberavisset
1755 4489 2060 4559 omnigenis

499 4559 703 4582 mn_L!-
763 4576 820 4582 Α-
857 4563 870 4582 2
921 4565 1003 4582 -.!.
1055 4566 1066 4578 α
1169 4576 1179 4582 .
1311 4571 1325 4582 ι
1394 4571 1404 4582 ι
1962 4581 1972 4582 γ

2183 4459 2270 4564 τῇιί
2293 4493 2473 4566 Τύρῳ,
2491 4459 2600 4551 ⁸καὶ
2627 4459 3098 4572 aedis-$25»;
3128 4507 3186 4560 ἐν
3216 4509 3353 4582 αὐτῇ
3380 4511 3536 4582 177
3559 4459 3736 4569 ἕπζῖ

491 4559 727 4625 morbis,
760 4576 825 4617 ac
857 4563 1186 4621 instituisset
1214 4571 1521 4637 ecclesiam,
1555 4583 1717 4644 atque
1749 4593 1814 4632 ex
1835 4581 2059 4652 presby—

2203 4559 2228 4564 "
2374 4559 2386 4566 '
2424 4559 2436 4566 '
2754 4559 2836 4572 ""
2921 4559 2937 4566 '
3077 4559 3095 4570 '
3169 4559 3173 4560 ⁷
3222 4559 3524 4582 “⁷““δΙ-,,
3560 4559 3702 4569 “””“”’

2183 4601 2263 4649 τας
2282 4625 2297 4649 ,
2347 4587 2441 4640 καὶ
2491 4591 2842 4645 παντοδαπῶν
2894 4594 3091 4659 αὐτοὺς
3142 4597 3454 4664 ἀπαλλάξας
3512 4603 3730 4670 παθῶν,

480 4642 662 4736 lteris,
699 4650 793 4718 qui
822 4667 947 4706 eum
982 4656 1382 4725 sequebantur,
1413 4661 1547 4730 ipsis
1581 4664 1896 4735 episcopum
1930 4682 2061 4722 ρυη-

499 4739 763 4764 Antoni--.“
823 4741 1073 4764 0:1-_-__
1145 4761 1233 4764 ,Δί
1289 4749 1338 4764 μ,
1415 4750 1431 4764 Α
1454 4760 1463 4764 -
1551 4753 1605 4764 η.
1924 4759 1955 4764 -.

2183 4642 2459 4747 ίκκλησίαν
2491 4695 2550 4731 τε
2584 4642 3006 4755 συστῗησάμεῷς,
3041 4642 3136 4740 οἷαὶ
3175 4689 3282 4743 ἀπὸ
3311 4642 3731 4764 τῶνὶὲπομένων

499 4739 786 4808 stituisset,
823 4741 1078 4798 Sidonem
1139 4749 1364 4817 appulit.
1400 4750 1471 4806 At
1551 4753 1778 4822 Simon,
1833 4759 2060 4816 audiens

500 4831 640 4858 “nam.
695 4834 1009 4858 -,1-.,...ι-..-ι
1069 4835 1261 4858 Π-ι----
1366 4857 1407 4858 ,,
1465 4842 1487 4858 ρ
1549 4845 1581 4858 ,ο
1741 4847 1752 4858 .
1806 4847 1844 4858 -.

2183 4739 2336 4838 ιύτῷυ
2361 4739 2751 4846 πρεσϐυτέρων.
2786 4739 3083 4831 ἐπίσκοπον
3128 4781 3311 4845 αὐτοῖς
3343 4739 3726 4858 καταστξσας,

482 4831 642 4902 ‘quod
695 4834 1012 4891 adventaret
1068 4835 1300 4905 Petrus,
1354 4842 1640 4901 confestim
1687 4847 1754 4902 ad
1806 4847 2059 4920 Berytum

2183 4831 2418 4926 ἱιρμησεν
2448 4859 2527 4922 είς
2550 4831 2770 4915 Σιδῶνα.
2807 4864 2864 4917 ’0
2895 4865 2952 4918 δὲ
2975 4831 3155 4938 Σίμων
3176 4831 3726 4943 -ειξόᾧξῆξᾷεέέξξίξ

497 4922 710 4995 aufugit
743 4942 866 4982 cum
894 4928 1142 5000 Appione
1175 4940 1229 4986 et
1261 4934 1444 4990 sociis.

2183 4922 2365 5018 Ιέτρον
2397 4949 2557 5014 εὐθὺς
2598 4951 2806 5024 ἀπέδρα
2832 4956 2912 5018 είς
2952 4922 3381 5032 Βηρυτδνέιετνέ
3413 4922 3728 5031 ligas;

2161 5036 2255 5089 καὶ
2285 5036 2393 5092 τῶν
2421 5039 2587 5094 αὐτοῦ
2615 5041 2858 5120 ἑταίρων.
3463 5091 3476 5103 ,

566 5139 773 5198 ιῡειιι.
807 5161 982 5216 ηιμ,
1010 5151 1113 5220 39;
1149 5149 1172 5208 l
1202 5153 1336 5233 Reg.
1367 5173 1429 5226 ll,
1457 5158 1510 5215 6.
1593 5161 1623 5202 δ
1649 5161 1838 5219 Matth.
1870 5181 1968 5231 vn,
1999 5167 2086 5224 l2.

1787 5276 2022 5336 VARUE
2060 5281 2461 5346 LECTIONES.

566 5386 725 5476 ⁸ηιξ
834 5431 850 5458 ,
872 5355 1043 5476 δεξιόν
1075 5401 1266 5476 re“ng
1305 5401 1596 5476 εὐωνύμων

570 5408 1043 5506 ῐῖις¹⁸²ἶρέ¹ιιιῗῗὲιξὲἶ
1075 5408 1275 5506 τε..κᾶ
1305 5408 1602 5506 Ξῗαῖᾚὲἳῇ
1642 5408 1729 5506 (ἐξ
1776 5412 2003 5506 ,δεεξῶὴ
2043 5435 2101 5472 τε
2149 5421 2252 5506 καὶ
2294 5421 2588 5506 εὐωνύμξων
2649 5421 2720 5506 9;
2787 5431 2864 5506 -"
2897 5429 3038 5506 μήρ
3077 5435 3244 5506 etde
3283 5439 3516 5506 conieci.
3551 5439 3594 5496 ε
3625 5443 3728 5506 ,ῖη

495 5463 654 5544 fuitis
707 5467 852 5544 textu
884 5463 1054 5522 deest.
1077 5537 1091 5544 _
1129 5469 1176 5502 "
1199 5469 1279 5544 ita
1311 5488 1377 5526 ex
1397 5463 1628 5544 conject.

607 5480 852 5568 ςξηξείξιὶι
884 5480 1091 5568 deest.)
1129 5480 1279 5568 ξομε
1311 5488 1377 5526 ex
1397 5480 1628 5557 conject.
1658 5480 1743 5551 Ci,
1773 5483 1918 5538 ἐστίν
1947 5495 2174 5557 uterque
2213 5490 2371 5546 ηοω.
2412 5480 2600 5547 οοὶιει.
2635 5495 2722 5568 -οῖ
2747 5480 3043 5568 αιμαὲξὶὁ.
3080 5480 3725 5567 ’ἷοῆεᾶἴὸῖῶὺοῖίέιὲἰί

841 5548 1055 5568 ηψπ-..
1099 5553 1125 5568 .
1282 5557 1343 5568 η-
1377 5557 1584 5568 μη.-.
1878 5555 1889 5568 .
1978 5558 1992 5568 .
2077 5558 2136 5568 .,
2211 5559 2232 5568 -
2338 5560 2348 5568 .

498 5525 783 5584 lectiOnem
809 5537 1152 5592 commendat
1189 5525 1346 5596 (λεὶ
1371 5525 1630 5613 έὸῆὶῖθὲῐζ
1665 5525 1931 5608 ’ὲὶέιῖἑιὶῑῇ
1949 5525 2388 5614 "a'i'c'o‘i‘é'éaéﬁ'ih
2631 5525 3087 5633 Delird‘go‘thc.
3113 5573 3158 5630 Ο
3192 5525 3344 5630 ηδῧσῐδῗ
3365 5525 3721 5650 ιὲἓὲἶηῗῖω

498 5596 579 5646 οϐ’
617 5598 666 5648 Οἱ
714 5597 773 5650 S.
875 5603 919 5634 ⁹⁹
952 5603 993 5650 Π
1037 5609 1284 5650 emendat
1328 5612 1595 5650 ρηηλέρη...
1685 5620 1751 5650 too
1796 5624 2084 5650 vr-.-.~.__..~
2212 5631 2225 5650 ι
2260 5628 2417 5650 υ--.Α
2455 5631 2536 5650 1--
2592 5649 2617 5650 η
2659 5633 2673 5650 κ
2710 5635 2722 5650 ι
2783 5635 2796 5650 .
2852 5637 2889 5650 .,
2933 5641 2946 5650 .
3188 5616 3236 5650 ν-
3699 5620 3721 5647 ο

495 5597 579 5646 ου’
617 5598 666 5648 ot
714 5597 773 5652 S.
875 5603 919 5634 ⁹⁹
951 5603 993 5656 D
1037 5609 1290 5689 emendat
1328 5597 1630 5681 petisset}?
1681 5597 1772 5652 ἶῖί
1796 5597 2834 5702 “illisa?“'"Y'roiie'iégT'xaTéﬁif
2852 5597 3722 5725 Wiga‘u‘é'musifigh(:cmﬁhr‘éxi

499 5662 645 5722 haud
676 5683 862 5725 sanam
886 5685 1006 5725 esse
1035 5675 1192 5725 faeile
1215 5691 1448 5725 annm-9L
1476 5685 1514 5725 Β
1612 5689 1631 5722 Ι
1653 5690 1729 5725 ωτι
1758 5691 1794 5725 Ω
1891 5693 1913 5725 Ι
1941 5699 2072 5725 ...-ι
2093 5697 2136 5725 n
2190 5697 2330 5725 ΜΛ...
2357 5699 2546 5725 Α-;..,.ι,.
2579 5703 2768 5725 1--...-2
3358 5711 3367 5724 .

499 5662 645 5722 haud
676 5683 862 5727 sanam
886 5685 1006 5732 esse
1033 5662 1192 5736 facile
1215 5662 1631 5752 aﬁpir'éiL'SI"'-
1653 5690 1730 5762 τῷ
1758 5662 1827 5748 $.-
2189 5662 2556 5760 idéﬁ'ciéé'ﬁ'é’
2859 5662 3131 5714 Vulgum“
3158 5662 3367 5724 sanem'
