4084 6148
342 288 441 346 nl

1421 288 1876 349 CLEMENTINA.
1918 322 1987 337 -
2023 291 2305 352 HOMILIA
2350 296 2458 354 vn.
2533 258 2540 266 ’

3454 300 3561 355 22‘!

413 400 504 457 Vl.
544 400 653 456 Τοῦ
682 401 738 456 δὲ
767 401 971 475 Πέτρου
1010 400 1265 466 εἰσιόντος
1294 399 1374 466 εις
1398 404 1496 474 τὴν
1515 404 1737 471 Σιδῶνα,
1768 407 1897 459 πολ-

2070 410 2159 465 Vl.
2199 410 2467 470 Caeterum
2519 427 2641 467 cum
2671 411 2865 470 Petrus
2894 412 3148 472 Sidonem
3175 414 3451 485 ingressus
3474 428 3567 467 es-

344 490 467 557 λοῦς
499 493 558 545 ὲν
586 489 794 555 κλίναις
822 491 1076 562 φέροντες
1105 490 1212 562 πρὸ
1242 493 1406 547 αὐτοῦ
1445 494 1707 549 ἐτίθεσαν.
1747 497 1805 550 '0
1847 497 1903 550 δὲ

343 584 481 655 πρὸς
512 584 705 646 αὐτοὺς
736 583 836 654 ἔφη
859 599 873 613 ’
913 583 1002 654 Μὴ
1036 584 1216 637 τοίνυν
1242 585 1495 656 νομίσητε
1531 587 1629 657 ὲμέ
1672 604 1723 640 τι
1748 587 1905 642 δύνα-

346 675 469 729 σθαι
504 675 639 745 πρὸς
672 673 935 746 ὑμετέραν
968 675 1129 740 ἴασιν,
1171 677 1340 748 ἀνδρα
1387 677 1574 749 θνητὸν
1618 680 1711 733 καὶ
1745 680 1904 734 αὐτὸν

342 766 558 829 πολλοῖς
578 767 799 821 πάθεσιν
835 768 1124 820 ὑποπεσεῖν
1150 768 1440 839 δυνάμενον
1463 786 1476 800 ·
1504 771 1827 840 ὑφηγεῖσθαι
1849 772 1905 826 δὲ
1936 760 1953 779 ⁵

345 858 476 929 ὑμῖν
507 858 595 911 τὸν
625 858 817 929 τρόπον
847 858 912 911 δι’
946 855 1006 913 οῦ
1036 859 1267 929 σωθῆναι
1302 854 1591 930 δυνήσεσθε
1618 862 1678 915 ού
1704 861 1903 931 φθονῶ,

344 950 443 1002 καὶ
472 949 630 1009 αὐτὸς
659 949 807 1018 παρά
837 949 931 1002 τοῦ
978 950 1078 1020 τῆς
1119 951 1369 1022 ἀληθείας
1402 951 1681 1024 Προφήτου
1726 953 1908 1025 μαθὼν

346 1039 475 1100 τοὺς
520 1040 960 1109 προωρισμένους
998 1038 1093 1093 τοῦ
1139 1040 1271 1093 Θεοῦ
1322 1041 1427 1112 πρὸ
1476 1043 1775 1114 καταϐολῆς
1818 1043 1911 1097 κό-

349 1145 485 1199 σμου
520 1130 795 1200 ὁρισμοὺς,
825 1128 967 1198 λέγω
1003 1129 1060 1182 δὲ
1090 1130 1179 1183 ἐπὶ
1228 1130 1406 1194 ποίαις
1446 1134 1641 1196 κακαῖς
1684 1132 1910 1203 πράξεσι

345 1221 470 1282 τοὺς
497 1218 812 1291 ἀνθρώπους
840 1219 1026 1285 ἔταξεν
1058 1220 1162 1275 ὑπὸ
1186 1220 1279 1274 τοῦ
1301 1222 1399 1293 τῆς
1426 1223 1622 1285 κακίας
1649 1223 1912 1295 ἡγεμόνος

348 1313 664 1380 κακοῦσθαι,
696 1316 898 1387 ὁμοίως
923 1317 980 1371 δὲ
1003 1315 1026 1348 δ
1054 1317 1145 1370 ἐπὶ
1176 1318 1355 1379 ποίαις
1392 1318 1622 1386 ἀγαθαῖς
1654 1318 1911 1391 πράξεσιν

347 1403 510 1476 ὥρισε
542 1407 803 1479 πρότερον
842 1407 1236 1473 πιστεύσαντας
1270 1410 1422 1481 αὐτῷ
1456 1411 1665 1483 ίωμένῳ
1695 1411 1764 1465 τὰ
1806 1411 1911 1466 σώ-

350 1514 494 1566 ματα
535 1497 820 1563 σώζεσθαι,
868 1499 1054 1554 ἔπειτα
1098 1501 1193 1554 καὶ
1239 1501 1339 1565 τὰς
1373 1502 1547 1574 ψυχάς
1586 1504 1912 1577 ἐπανορθοῦ-

348 1588 470 1642 σθαι
502 1590 639 1661 πρὸς
666 1590 728 1643 τὸ
757 1590 1079 1664 ἀνώλεθρον.

415 1680 530 1735 VII.
572 1682 785 1747 Ταύτας
815 1684 992 1738 τοίνυν
1018 1684 1117 1748 τάς
1140 1701 1200 1738 τε
1228 1684 1434 1754 ἀγαθὰς
1465 1686 1558 1740 καὶ
1579 1685 1754 1750 κακὰς
1774 1686 1915 1759 πρά-

346 1769 456 1835 ξεις
485 1771 638 1835 είδὼς
678 1774 974 1844 προμηνύω
1022 1776 1147 1846 ὑμῖν
1191 1776 1268 1839 ὡς
1294 1776 1316 1809 ⁸
1347 1775 1495 1839 ὁδοὺς
1540 1776 1651 1840 δύο,
1702 1778 1912 1832 ὑποδει-
1942 1769 1985 1824 Β

345 1860 523 1914 κνύων
544 1860 632 1914 διὰ
659 1862 816 1926 ποίας
847 1865 942 1933 μὲν
986 1862 1289 1933 βαδίζοντες
1330 1864 1673 1932 ἀπόλλυνται,
1709 1867 1866 1920 ποίαν
1889 1869 1910 1902 ⁸

342 1951 401 2004 δὲ
434 1952 702 2017 ὁδεύοντες
734 1953 1122 2021 ἀποσώζονται,
1158 1955 1277 2027 Θεῷ
1304 1957 1672 2029 ὁδηγούμενοι.
1726 1959 1792 2011 Ἡ
1815 1958 1911 2029 μὲν

342 2038 439 2096 οὖν
465 2043 573 2097 τῶν
606 2045 986 2117 ἀπολλυμένων
1028 2046 1145 2111 όδὺς
1171 2046 1398 2102 πλατεῖα
1414 2050 1542 2120 ,μὲν
1572 2050 1665 2105 καὶ
1698 2048 1912 2120 ὁμαλω-

342 2135 503 2205 τάτη,
540 2136 875 2190 ἀπολλύουσα
905 2138 962 2192 δὲ
998 2139 1125 2192 ἀνευ
1162 2138 1256 2192 τοῦ
1285 2133 1468 2203 πόνου,
1510 2142 1545 2212 ἡ
1570 2141 1628 2196 ἃ
1665 2140 1773 2194 τῶν
1805 2157 1912 2194 σω-

2007 512 2109 567 set,
2142 503 2349 559 multos
2382 503 2439 558 in
2478 503 2631 559 lectis
2664 502 2859 559 allatos
2891 520 3073 560 coram
3102 506 3219 576 ipso
3241 511 3560 574 posuerunt.

2003 592 2097 650 llle
2124 602 2303 650 autem
2352 593 2489 649 dixit
2535 594 2603 649 ad
2654 609 2788 650 eos:
2840 593 2919 650 Ne
2951 611 3079 650 vero
3116 595 3439 651 existimetis
3475 609 3563 649 me

2005 686 2205 756 aliquid
2230 701 2392 755 posse
2417 686 2485 741 ad
2514 687 2851 741 curationem
2884 696 3141 753 vestram,
3173 687 3266 757 qui
3316 686 3416 742 sim
3448 686 3564 755 ipse

2005 792 2223 847 quoque
2268 777 2433 833 homo
2482 779 2749 843 mortalis,
2784 787 2838 833 et
2882 778 2937 833 in
2990 780 3159 833 multa
3194 780 3392 848 possim
3430 778 3567 831 inci-
3646 826 3649 829 γ

2006 867 2134 924 dere
2165 868 2391 923 adversa
2428 884 2443 921 :
2473 867 2669 923 docere
2698 877 2880 923 autem
2915 884 3011 923 vos
3040 868 3260 923 modum
3290 883 3398 938 quo
3432 868 3566 923 salvi

2007 974 2128 1016 esse
2155 960 2397 1029 possitis,
2430 975 2538 1015 non
2570 961 2855 1031 gravabor,
2884 960 2979 1030 qui
3010 962 3125 1030 ipse
3154 961 3315 1015 etiam
3364 975 3395 1015 a
3420 962 3568 1015 veril-

2007 1050 2134 1107 tatis
2179 1047 2445 1119 Propheta
2494 1050 2657 1106 didici
2705 1051 2951 1121 prmﬂxos
2985 1066 3015 1105 a
3058 1050 3169 1105 Deo
3210 1061 3333 1105 ante
3380 1051 3567 1107 mundi

2009 1142 2447 1199 constitutionem
2476 1142 2759 1209 terminos,
2788 1143 2843 1196 in
2872 1142 3148 1213 qualibus,
3176 1142 3418 1212 inquam,
3454 1159 3574 1196 ma-

2009 1235 2077 1291 lis
2108 1236 2360 1306 operibus
2386 1235 2719 1306 disposuerit
2743 1244 2803 1289 ut
2832 1235 3083 1289 homines
3116 1251 3145 1288 a
3177 1234 3396 1288 malitiae
3427 1234 3569 1290 duce

2011 1326 2336 1396 aﬂligantur,
2372 1326 2465 1382 sed
2498 1326 2751 1382 similiter
2797 1326 2851 1379 in
2900 1325 3152 1392 qualibus
3200 1325 3358 1380 bonis
3388 1324 3568 1394 Operi—

2011 1416 2115 1472 hus
2144 1417 2441 1472 decreverit
2468 1424 2547 1483 ut,
2581 1416 2675 1487 qui
2712 1416 2766 1470 in
2798 1430 2923 1471 eum
2971 1414 3118 1469 velut
3150 1414 3416 1469 medicum
3448 1429 3569 1467 cre-

2012 1508 2276 1576 diderint,
2304 1507 2459 1577 prius
2489 1521 2718 1577 corpore
2758 1515 3039 1573 curentur,
3071 1504 3264 1561 deinde
3293 1514 3348 1560 et
3391 1505 3570 1560 anima

2013 1598 2384 1655 instaurentur
2411 1598 2478 1654 ad
2514 1599 2766 1655 salutem.

2084 1711 2197 1767 Vll.
2238 1710 2348 1769 Has
2374 1728 2505 1784 ergo
2528 1713 2883 1784 'cognoscens
2908 1713 3082 1769 bonas
3113 1723 3167 1769 et
3196 1714 3370 1770 malas
3402 1717 3571 1771 actio-

2013 1817 2108 1859 nes
2138 1803 2442 1874 praenuntio
2472 1804 2627 1859 vobis
2651 1804 2806 1874 quasi
2832 1804 2969 1861 duas
3000 1805 3292 1861 ostendens
3317 1807 3452 1873 vias,
3480 1824 3575 1877 per

2010 1909 2171 1965 quam
2196 1894 2413 1964 quidem
2442 1894 2750 1964 gradientes
2779 1903 3037 1964 pereant,
3080 1910 3178 1968 per
3220 1912 3385 1965 quam
3444 1913 3575 1950 vero

2011 1986 2319 2042 incedentes
2351 1986 2644 2053 salventur,
2667 1986 2814 2042 ducti
2842 1986 3133 2055 aDeo.,Via
3160 1988 3324 2057 igitur
3345 2004 3578 2059 pereun-

2011 2078 2148 2136 tium
2179 2078 2286 2132 lata
2301 2086 2451 2133 estet
2469 2079 2805 2149 planissima,
2827 2078 3110 2150 perditque
3122 2080 3330 2151 absque
3360 2081 3575 2148 labore;

2013 2175 2069 2222 at
2093 2168 2182 2223 via
2199 2175 2539 2223 servatorum
2562 2178 2788 2239 angusta
2812 2177 2895 2224 est
2924 2178 2979 2224 et
3010 2185 3224 2240 aspera,
3257 2171 3580 2241 tandemque

1991 2245 2117 2300 liter
2148 2244 2408 2302 facientes
2437 2257 2619 2302 servat
2644 2264 2769 2303 cum
2811 2250 2995 2305 labore
3023 2252 3193 2306 multo
3226 2264 3278 2307 ³.
3314 2252 3580 2309 Caeterum

1993 2333 2080 2390 his
2110 2335 2324 2393 duabus
2352 2337 2456 2393 viis
2487 2338 2785 2407 praesident
2818 2339 3171 2397 incredulitas
3196 2355 3250 2397 et
3274 2342 3431 2409 lides,
3454 2360 3583 2415 pro-

1992 2425 2316 2483 ﬁciscuntur
2337 2437 2519 2484 autem
2542 2445 2638 2500 per
2664 2429 3100 2487 incredulitatem
3127 2433 3349 2507 quidem
3377 2435 3471 2506 qui
3494 2452 3584 2492 vo-

1994 2520 2230 2591 luptates
2257 2520 2633 2591 praetulerunt,
2658 2532 2876 2593 propter
2897 2539 3034 2595 quas
3058 2522 3227 2598 [quod
3251 2525 3363 2582 Deo
3386 2530 3581 2600 displi-

2015 2628 2100 2675 cet
2144 2617 2407 2674 facientes
2446 2632 2623 2687 neque
2664 2631 2851 2670 curam
2881 2615 3076 2669 animat
3118 2613 3310 2669 salutis
3339 2622 3588 2684 gerentes

2016 2710 2123 2766 diei
2153 2708 2345 2780 iudicii
2374 2709 2526 2763 obliti
2569 2705 2718 2779 sunt]
2748 2718 2942 2776 meque
2983 2704 3129 2775 quod
3161 2706 3291 2761 utile
3311 2714 3395 2762 est
3430 2721 3590 2761 cura-

2016 2811 2210 2859 verunt
2263 2817 2526 2873 quaerere.
2590 2800 2777 2871 Itaque
2847 2799 3141 2869 ignorant,
3203 2798 3299 2854 Dei
3360 2802 3590 2856 consilia

2018 2899 2219 2956 similia
2246 2913 2354 2953 non
2381 2912 2503 2953 esse
2525 2897 2805 2953 humanis.
2839 2895 3025 2953 Primo
3044 2898 3240 2954 etenim
3276 2897 3423 2952 novit
3452 2897 3592 2954 Deus

2021 2990 2379 3063 cogitationes
2402 2988 2670 3053 omnium,
2696 2997 2749 3044 et
2774 3004 2881 3043 non
2906 2989 2976 3044 ob
2999 2990 3171 3045 solam
3196 2988 3591 3059 operationem,

1948 3105 1991 3161 ο
2024 3085 2118 3139 sed
2153 3092 2207 3138 et
2232 3090 2452 3153 propter
2476 3080 2861 3150 cogitationem
2884 3080 3261 3151 unusquisque
3293 3079 3593 3149 iudicatur.

2023 3172 2191 3227 Multo
2207 3180 2386 3227 autem
2408 3171 2589 3226 minus
2610 3170 2757 3240 impii
2785 3181 2933 3239 sunt,
2955 3172 3049 3241 qui
3071 3172 3319 3226 nituntur
3347 3170 3489 3225 bona
3519 3174 3597 3226 in-

344 2224 587 2297 ζομένων
621 2229 780 2299 στενὴ
833 2229 929 2299 μὲν
973 2229 1068 2281 καὶ
1108 2232 1352 2299 τραχεῖα,
1396 2229 1641 2293 σώζουσα
1684 2230 1742 2284 δὲ
1777 2230 1915 2303 πρὸς

344 2317 425 2388 τῷ
470 2318 612 2372 τέλει
644 2321 769 2383 τοὺς
797 2319 1246 2391 διαπορευθέντας
1286 2321 1574 2385 ἐπιπόνως.
1606 2321 1822 2376 Τούτων
1858 2321 1916 2376 δὲ

342 2406 469 2461 θεῶν’
492 2408 583 2461 δύο
630 2408 762 2463 ὁδῶν
801 2410 1191 2480 προκαθέζεται
1225 2411 1386 2480 178
1432 2410 1655 2466 ἀπιστία
1696 2411 1791 2466 καὶ
1826 2409 1917 2465 πί-

345 2515 465 2561 στις
488 2514 504 2529 ·
538 2498 632 2551 καὶ
678 2498 913 2553 ὁδεύουσι
947 2500 1035 2553 διά
1077 2500 1174 2572 μὲν
1209 2500 1463 2566 ἀπιστίας
1498 2502 1549 2557 οί
1588 2500 1688 2566 τὰς
1726 2499 1917 2572 ἡδονὰς

346 2588 758 2660 προκρίναντες,
808 2591 876 2645 δι’
909 2590 978 2655 ἃς
1023 2589 1329 2663 [ποιοῦντες
1372 2591 1402 2646 ὃ
1442 2592 1542 2646 οὐκ
1584 2590 1809 2663 ἀρεστὸν
1837 2588 1918 2661 τῷ

349 2682 469 2753 Θεῷ
500 2683 596 2736 καὶ
622 2681 1002 2753 ζάμελήσαντες
1033 2684 1114 2746 είς
1154 2683 1214 2737 τὸ
1243 2684 1412 2739 σῶσαι
1441 2683 1619 2756 ψυχὴν
1650 2683 1730 2754 τῷ
1755 2682 1916 2754 λόγῳ,

350 2771 597 2826 ἐλάθοντο
638 2774 850 2845 ἡμέρας
885 2774 1119 2845 κρίσεως
1150 2773 1219 2845 ’,]
1245 2774 1363 2830 οὐδὲ
1410 2774 1590 2846 ζητεῖν
1614 2774 1677 2828 τὸ
1709 2774 1916 2846 συμφέ-

353 2880 444 2934 ρον
470 2865 531 2917 ού
556 2862 895 2933 διεφύλαξαν.
936 2864 1211 2933 Ἀγνοοῦσι
1243 2866 1422 2936 μέντοι
1454 2866 1531 2930 ὼς
1568 2866 1669 2920 οὐκ
1710 2866 1919 2939 ἀνθρω-

350 2957 525 3021 πίνοις
553 2957 711 3027 ὄμοια
736 2955 806 3009 τά
851 2956 985 3011 Θεοῦ
1031 2956 1348 3029 βουλήματα
1369 2973 1385 2995 ε
1424 2957 1640 3029 πρῶτον
1679 2958 1776 3029 μὲν
1810 2958 1920 3029 γάρ

349 3043 457 3101 οἶδε
487 3047 555 3100 τά
596 3048 813 3101 πάντων
844 3047 1195 3119 διανοήματα,
1225 3049 1319 3101 καὶ
1342 3048 1441 3101 οὐκ
1468 3051 1526 3101 ὲν
1557 3048 1634 3119 τῷ
1670 3049 1920 3121 ἐγχειρῆ-

351 3154 443 3189 σαι
475 3137 654 3207 μόνον,
688 3135 823 3190 ἀλλά
851 3138 944 3190 καὶ
972 3138 1030 3190 ὲν
1051 3136 1130 3206 τῷ
1163 3137 1411 3207 ἐννοῆσαι
1438 3138 1680 3201 ἕκαστος
1705 3138 1922 3190 εὐθύνε-

349 3246 457 3282 ται.
489 3227 673 3297 Πολλῷ
692 3228 717 3260 ⁸
740 3228 795 3281 δὲ
822 3221 983 3298 ἦττον
1008 3225 1293 3281 ἀσεϐοῦσιν
1311 3227 1361 3279 οῑ
1391 3225 1761 3297 ἐγχειροῦντες
1785 3225 1927 3280 καλά

349 3324 491 3376 νοεῖν
508 3320 602 3374 καὶ
622 3318 1102 3389 ἀποτυγχάνοντες,
1118 3317 1229 3371 τῶν
1244 3317 1375 3388 μηδὲ
1390 3318 1523 3380 ὅλως
1541 3317 1926 3387 ἐγχειρούντων

350 3417 464 3477 τοῖς
489 3413 693 3477 καλοῖς.
727 3414 848 3466 ’Ότι
871 3410 1018 3480 αὐτῷ
1048 3410 1127 3480 τῷ
1162 3409 1281 3481 Θεῷ
1307 3409 1502 3473 ἔδοξεν,
1526 3409 1616 3461 τὸν
1644 3409 1700 3460 ἐν
1731 3405 1927 3476 γνώσει

350 3504 461 3558 τῶν
486 3504 664 3559 καλῶν
693 3502 1111 3575 παραπίπτοντα
1140 3503 1183 3565 ⁸,
1216 3499 1358 3554 κατά
1385 3499 1538 3566 λόγον
1580 3498 1686 3551 τῶν
1723 3496 1929 3567 ἀνθρω-

353 3597 524 3651 πίνων
554 3593 1035 3666 παραπτωμάτων,
1069 3590 1300 3663 μετρίως
1329 3587 1657 3643 κολασθέντα
1684 3587 1727 3620 '°
1763 3586 1931 3656 σωθῆ-

354 3704 463 3742 ναι.
498 3685 562 3738 Οἱ
602 3684 659 3737 δὲ
695 3683 793 3754 τὴν
842 3681 1017 3754 ἀρχὴν
1061 3682 1155 3733 καὶ
1192 3677 1286 3731 τοῦ
1322 3677 1538 3748 -γνῶναι
1579 3675 1641 3729 τὸ
1688 3678 1930 3747 κρεῖττον

353 3774 767 3847 ὲξημεληκότες,
797 3771 901 3827 κᾶν
935 3772 1103 3843 μυρία
1130 3770 1293 3842 ἕτερα
1336 3767 1581 3839 πράξωσι
1628 3766 1787 3829 καλά,
1816 3759 1930 3837 ὲνῇ

353 3866 414 3919 δὲ
443 3864 603 3927 αὐτὸς
624 3862 788 3937 ὥρισε
822 3861 1087 3935 θρησκείᾳ
1117 3861 1191 3932 μὴ
1237 3860 1519 3928 γένωνται,
1554 3855 1810 3928 ἀμελείας
1839 3855 1931 3924 έγ-

356 3957 544 4028 γλημα
572 3956 823 4019 λαϐόντες
844 3957 912 4026 τῇ
970 3952 1196 4025 μεγίστῃ
1236 3949 1729 4021 ἀποσϐεσθήσονται
1768 3948 1930 4006 κολά-

362 4067 446 4104 σει
476 4048 753 4111 παντελῶς
774 4047 838 4101 “.

432 4137 565 4193 Vlll.
617 4137 683 4192 Ἡ
723 4137 781 4191 δὲ
821 4137 911 4191 ὑπ’
944 4132 1108 4190 αὑτοῦ
1156 4132 1432 4205 ὀρισθεῖσα
1483 4131 1745 4203 θρησκεία
1786 4131 1933 4185 ἐστὶν

360 4232 500 4304 αῦτη
523 4248 537 4263 ·
580 4232 653 4286 Τὸ
687 4231 844 4302 μόνον
872 4229 1033 4283 αὐτὸν
1065 4226 1263 4291 σέϐειν,
1293 4226 1388 4280 καὶ
1416 4223 1496 4295 τῷ
1539 4225 1637 4295 τῆς
1679 4223 1934 4293 ἀληθείας

368 4324 512 4396 μόνῳ
548 4322 822 4377 πιστεύειν
854 4322 1125 4391 προφήτῃ,
1160 4320 1254 4373 καὶ
1301 4318 1383 4381 εἰς
1430 4318 1619 4385 ἄφεσιν
1654 4314 1934 4386 ἁμαρτιῶν

2025 3263 2265 3331 tclligere
2280 3268 2333 3315 et
2348 3261 2622 3324 aberrant,
2648 3260 2916 3330 quamqui
2936 3260 3244 3314 nullatenus
3269 3260 3596 3329 aggrediun-

2026 3364 2116 3409 tur
2143 3354 2314 3407 bona.
2347 3349 2485 3417 Quia
2536 3349 2645 3409 Deo
2676 3350 2899 3420 placuit,
2948 3358 3011 3404 ut
3054 3349 3149 3419 qui
3199 3349 3252 3403 in
3294 3346 3599 3420 cognitione

2027 3443 2154 3499 boni
2202 3441 2608 3513 lapsusl'uerit,
2662 3440 2820 3512 juxta
2898 3442 3162 3495 rationem
3232 3440 3597 3494 humanorum

2027 3533 2307 3605 lapsuum,
2340 3535 2556 3589 modice
2588 3534 2886 3603 castigatus
2931 3542 3197 3590 servetur.
3228 3531 3298 3587 At
3339 3532 3432 3603 qui
3480 3547 3598 3585 cm-

2028 3626 2161 3679 nino
2205 3623 2505 3693 intelligere
2546 3623 2920 3693 neglexerunt,
2963 3622 3065 3677 etsi
3109 3630 3397 3691 operentur
3437 3620 3598 3675 innu-

2032 3732 2180 3771 mera
2219 3716 2324 3770 alia
2349 3714 2630 3786 prteclara,
2663 3714 2786 3769 ideo
2815 3713 2958 3785 quod
3000 3713 3053 3767 in
3112 3714 3370 3783 religione
3408 3727 3439 3767 a
3486 3711 3598 3767 Deo

2029 3808 2250 3864 dellnita
2301 3822 2411 3863 non
2469 3806 2799 3872 exstiterint,
2839 3804 3187 3876 indiligentiae
3231 3812 3449 3875 sumpto
3493 3804 3601 3858 cri-

2030 3900 2178 3955 mine
2222 3913 2321 3970 per
2374 3898 2675 3954 maximum
2747 3896 2965 3969 penitus
3028 3895 3331 3951 interibunt
3391 3894 3597 3965 suppli-

2030 3992 2200 4046 cium.

2101 4125 2237 4183 Vill.
2277 4125 2450 4182 Porro
2476 4126 2546 4182 ab
2572 4140 2639 4182 eo
2672 4124 2893 4181 deﬁnita
2935 4122 3127 4193 religio
3154 4122 3271 4177 haec
3299 4130 3382 4178 est
3413 4138 3428 4177 :
3463 4119 3600 4175 Eum

2033 4218 2211 4275 solum
2250 4217 2447 4285 colere,
2479 4231 2545 4273 ac
2588 4216 2691 4271 soli
2733 4214 2954 4271 credere
3003 4212 3288 4283 Propheta:
3332 4213 3602 4279 veritatis,

2034 4312 2089 4367 in
2132 4311 2511 4367 remissionem
2551 4317 2903 4379 peccatorum
2950 4304 3248 4376 baptizari,
3277 4305 3466 4373 sicque
3508 4319 3604 4372 per

365 4392 741 4488 βαπτισθῆναι,
776 4417 869 4469 καὶ
915 4413 1087 4476 οὕτως
1130 4410 1217 4466 διὰ
1266 4411 1365 4482 τῆς
1413 4408 1709 4478 ἀγνοτάτης
1760 4406 1922 4477 βαφῆς

2036 4402 2411 4456 iutinctionem
2444 4398 2793 4471 purissimam
2827 4396 3041 4452 renasci
3073 4394 3184 4450 Deo
3212 4395 3265 4448 in
3286 4409 3426 4463 aqua
3456 4392 3605 4446 salu-

363 4508 790 4578 évayswqﬂﬁvat
822 4505 942 4572 Θεῷ
972 4503 1061 4558 διά
1105 4501 1200 4557 τοῦ
1248 4502 1509 4566 σώζοντος
1544 4500 1760 4562 ὕδατος·
1796 4515 1930 4569 τρα-

366 4598 536 4670 πέζης
567 4598 833 4669 δαιμόνων
865 4596 940 4669 μὴ
976 4593 1427 4666 μεταλαμϐάνειν,
1460 4592 1603 4661 λέγω
1633 4591 1690 4645 δὲ
1728 4590 1933 4644 εἰδωλο-

368 4690 562 4753 θύτων,
594 4689 823 4761 νεκρῶν,
857 4686 1117 4752 πνικτῶν,
1154 4683 1523 4757 θηριαλώτων,
1562 4683 1818 4753 αἵματος·
1857 4682 1931 4752 μὴ

366 4779 690 4850 ἀκαθάρτως
721 4779 881 4849 179
909 4777 1088 4849 βιοῦν,
1122 4776 1228 4830 ἀπὸ
1260 4774 1446 4845 κοίτης
1480 4773 1732 4843 γυναικὸς
1777 4772 1931 4825 λούε-

367 4874 513 4937 σθαι,
538 4872 703 4935 αῢτάς
736 4872 914 4943 μέντοι
947 4871 1042 4925 καὶ
1071 4870 1296 4941 ἀφεδρον
1317 4867 1627 4937 φυλάσσειν,
1651 4866 1857 4927 πάντας
1876 4863 1934 4918 δὲ

370 4963 685 5034 σωφρονεῖν,
737 4962 993 5027 εύποιεῖν,
1047 4961 1120 5033 μὴ
1154 4959 1387 5013 ἀδικεῖν·
1436 4956 1586 5027 παρά
1624 4955 1718 5008 τοῦ
1763 4954 1941 5008 πάντα

366 5057 661 5129 δυναμένου
693 5056 828 5111 Θεοῦ
860 5056 1002 5129 ζωὴν
1035 5054 1249 5109 αἰώνιον
1278 5050 1605 5123 προσδοκᾷν·
1639 5049 1823 5118 εὐχαῖς
1846 5047 1940 5099 καὶ

368 5152 585 5223 δεήσεσι
620 5149 890 5220 συνεχέσιν
910 5151 1060 5202 αίτου
1069 5149 1258 5219 μένους
1287 5142 1454 5213 αὐτὴν
1477 5140 1681 5197 λαϐεῖν.
1706 5136 1942 5191 Τοιαῦτα

439 5276 467 5306 ι
492 5261 685 5319 Matth.
720 5276 822 5330 vn,
850 5260 937 5318 l3.
1010 5282 1017 5291 ι

2038 4494 2174 4557 tari;
2206 4492 2341 4547 nihil
2372 4505 2591 4546 sumere
2618 4489 2686 4544 de
2708 4503 2898 4543 mensa
2935 4487 3273 4550 daemonum,
3303 4484 3407 4538 hoc
3431 4491 3513 4537 est
3538 4482 3605 4537 de

2037 4584 2389 4653 idolothytis,
2433 4580 2705 4646 mortuis,
2751 4578 3069 4643 sulfocatis,
3110 4591 3141 4631 a
3191 4574 3363 4630 bestia
3407 4573 3601 4642 captis,

2037 4674 2335 4746 sanguine;
2364 4688 2473 4728 non
2503 4671 2715 4740 impure
2739 4669 2954 4735 vivere,
2988 4667 3157 4721 lavari
3182 4672 3307 4735 post
3338 4663 3603 4719 concubi-

2036 4777 2151 4823 tum
2184 4780 2308 4820 cum
2339 4763 2586 4826 muliere,
2616 4759 2847 4815 feminas
2871 4774 3002 4815 vero
3026 4757 3301 4814 custodire
3334 4754 3497 4810 etiam
3524 4754 3604 4809 le—

2038 4873 2155 4929 gem
2190 4854 2550 4926 purgationis,
2580 4861 2807 4908 cunctos
2843 4860 3022 4905 autem
3071 4855 3432 4917 temperantes
3459 4860 3603 4911 esse,

2038 4948 2378 5015 benefacere,
2407 4962 2513 5002 non
2546 4945 2757 5000 allicere
2789 4942 3020 5013 injuria;
3044 4955 3076 4993 a
3100 4938 3211 4993 Deo
3238 4937 3606 5007 omnipotente

2039 5050 2355 5110 exspectare
2382 5039 2548 5095 vitam
2583 5049 2878 5101 aeternam;
2914 5030 3147 5105 petendo
3181 5030 3330 5085 illius
3361 5028 3606 5099 adeptio-

2040 5150 2163 5190 nem
2207 5132 2547 5190 orationibus
2585 5140 2641 5187 et
2690 5129 2944 5201 precibus
2974 5123 3270 5182 continuis.
3320 5121 3446 5178 Haec
3471 5120 3604 5179 etin

1664 5340 1903 5400 VARIIE
1933 5335 2335 5394 LECTIONES.

436 5499 462 5531 ι
487 5503 547 5539 τε
572 5484 636 5543 C.
709 5486 734 5520 ⁸
761 5483 899 5539 Vbb.
929 5484 1055 5554 ὑμῖν
1086 5483 1163 5546 ὡς
1185 5483 1266 5538 bis
1296 5482 1545 5554 leguntur
1565 5476 1619 5554 in
1741 5546 1752 5554 _
1779 5484 1800 5514 ο
1835 5474 2050 5554 ποίᾳᾳϐ.
2079 5473 2450 5554 ..ἵ-ιέθυηβῐη
2480 5468 2532 5552 in
2559 5465 2681 5554 cod.
2711 5462 2893 5554 Quoi);
2922 5457 3607 5554 post‘ot‘js‘obviamzve:

376 5520 462 5612 his
486 5520 701 5626 Qﬁiére
728 5520 1614 5626 mhiZiirﬁ'Jaewﬁré'éEeHuiﬁi'ﬁi}gig
1641 5520 1904 5626 iticl_tt_sa._
1939 5529 1980 5577 ’⁸
2007 5543 2186 5626 πολλῴ
2321 5551 2382 5626 ut
2409 5540 2553 5626 conj.

377 5599 462 5695 ίξῖιῖ
1119 5599 1673 5699 ξδοξεν
1700 5599 2000 5699 addendum
2026 5614 2125 5699 ὲπί
2142 5599 2224 5667 vel
2249 5612 2395 5683 περί,
2427 5599 2891 5699 auf'scribendum
2922 5604 3046 5667 τοὺς
3058 5632 3140 5699 τ.
3159 5599 3603 5699 παραπίπτοντας

379 5672 1198 5765 ierim?"ISI"7°"£51&&624:&&
1221 5672 1323 5753 ξίν
1353 5672 1704 5767 ammte-KG);
1727 5684 1769 5744 Ο
1800 5729 1814 5756 ,
1843 5685 1991 5761 quod
2011 5695 2060 5743 ct
2095 5684 2131 5740 S
2201 5672 2483 5756 propOSuit
2528 5678 2815 5751 legendum
2841 5717 2856 5745 ,
2892 5672 3140 5730 παντελεῖ
3167 5672 3231 5729 (3.
