4082 6160
498 307 606 364 2θῶ

1352 309 1408 363 S.
1449 307 1830 365 CLEMENTIS
1867 308 1886 362 Ι
1923 307 2087 362 ROM.
2129 306 2328 364 PONT.
2366 305 2594 362 OPERA
2636 295 2867 365 DUBIA.

3612 311 3722 366 224

502 423 702 480 Sidone
741 422 901 480 Petro
945 425 1225 494 suadente,
1272 441 1398 480 cum
1441 425 1630 496 paucis
1678 423 1869 480 diebus
1896 422 2053 479 multi

2156 421 2248 476 καὶ
2280 423 2337 476 ἐν
2369 425 2435 494 τῇ
2469 421 2653 476 Σιδῶνι
2677 422 2769 478 τοῦ
2808 422 3014 496 Πέτρου
3047 412 3454 497 παραινοῦντος,
3488 425 3722 497 ἡμέραις

498 515 574 570 lbi
626 531 844 586 quoque
893 517 1262 587 paenitentiam
1284 517 1542 588 egissent,
1586 532 1650 572 ac
1674 517 2053 584 credidissent,

498 616 662 678 atque
711 609 884 664 sanati
933 618 1134 676 essent,
1177 609 1460 666 ecclesiam
1505 609 1768 678 instituit;
1810 617 1864 665 et
1901 617 2054 680 post-

497 714 660 769 quam
691 699 924 768 aliquem
970 713 1036 753 ex
1088 699 1439 770 presbyteris,
1487 699 1580 769 qui
1624 715 1746 754 eum
1775 707 2056 756 consecta-

497 791 718 859 bantur,
750 790 1121 846 constituissct
1148 791 1252 848 illis
1278 791 1616 862 epis00pum,
1649 789 1850 846 Sidone
1873 804 2054 862 egres-

497 893 593 934 SUS
619 886 724 933 est.
834 914 852 929 .

566 969 656 1022 IX.
702 969 898 1023 Statim
945 980 1125 1026 autem
1170 989 1235 1027 ac
1276 971 1529 1045 Bcrytum
1577 974 1852 1044 pervenit,
1899 981 2056 1028 terra:

467 1093 472 1097 η
495 1070 673 1116 motus
705 1060 879 1117 factus
906 1074 1007 1130 est,
1040 1072 1201 1134 atque
1226 1066 1375 1136 plebs
1404 1066 1667 1122 accedens
1695 1067 1760 1121 ad
1783 1064 2000 1121 Petrum
2037 1084 2050 1120 :

495 1148 596 1203 Fer
626 1166 804 1220 opem,
833 1153 1133 1222 inquiebat;
1167 1157 1447 1211 timuimus
1489 1157 1657 1224 enim,
1685 1157 1958 1225 dixerunt,
1985 1172 2054 1213 ne

495 1252 686 1292 onmes
708 1241 930 1295 omnino
970 1243 1290 1311 periremus.
1328 1244 1483 1299 Tunc
1512 1245 1725 1316 Simon,
1749 1259 2056 1306 commento

493 1328 821 1400 excogitato,
853 1347 960 1386 una
997 1348 1118 1391 eum
1150 1334 1410 1403 Appioue,
1461 1335 1766 1401 Anubione,
1811 1338 2054 1394 Atheno-

493 1419 629 1474 doro
661 1421 981 1492 c'aaterisque
1025 1424 1302 1481 sodalibus
1344 1427 1559 1496 publice
1599 1429 1930 1486 multitudini
1957 1431 2056 1485 ad-

492 1525 684 1569 versus
739 1511 956 1569 Petrum
1010 1519 1342 1574 acclamabat
1370 1538 1382 1572 :
1411 1517 1632 1590 Fugite,
1675 1535 1709 1576 o
1757 1521 1884 1590 viri,
1913 1523 2057 1579 hunc

493 1598 798 1670 hominem;
831 1619 1023 1675 magus
1043 1616 1145 1662 est:
1171 1607 1312 1680 mihi.
1335 1609 1556 1677 credite;
1583 1621 1636 1664 et
1662 1618 1818 1666 terrae
1846 1620 2055 1668 motum

490 1689 539 1745 is
571 1692 725 1747 vobis
754 1693 902 1760 fecit,
939 1697 1053 1765 ipse
1089 1699 1308 1754 morbos
1336 1700 1610 1765 excitavit,
1640 1708 1701 1755 ut
1730 1715 1824 1756 vos
1849 1709 2056 1771 perter-

2155 511 2360 582 ὀλίγαις
2381 511 2587 567 πολλῶν
2621 512 2778 567 κάκεῖ
2811 515 3252 586 μετανοησάντων
3285 515 3379 569 καὶ
3411 517 3723 573 πιστευσάνε

2153 621 2292 672 των,
2329 603 2422 657 καὶ
2454 602 2887 675 θεραπευθέντων
2917 606 3211 678 ἐκκλησίαν
3243 605 3594 680 συνέστησεν,
3627 608 3723 663 καὶ

2153 695 2258 749 τῶν
2285 694 2659 765 συνεπομένων
2695 695 2844 766 αὐτῷ
2884 696 3268 768 πρεσϐυτέρων
3307 696 3428 752 τινὰ
3457 699 3725 769 καταστής
3789 683 3792 688 ’

2157 803 2253 850 σας
2275 787 2456 851 αὐτοῖς
2483 788 2796 854 ἐπίσκοπον,
2824 787 2970 860 ἐξῄει
2997 789 3096 860 τῆς
3127 788 3371 854 Σιδῶνος.

2223 964 2314 1021 IX.
2367 966 2455 1030 Ὡς
2502 967 2558 1021 δὲ
2607 966 2768 1031 εὐθὺς
2821 967 2990 1039 ἐπέϐη
3040 967 3139 1040 τῆς
3190 967 3466 1039 Βηρυτοῦ,
3501 968 3722 1040 σεισμὸς

2153 1057 2366 1127 ἐγένετο
2385 1075 2397 1088 ·
2434 1060 2527 1114 καὶ
2557 1059 2605 1112 οί
2643 1058 2789 1129 δχλοι
2817 1059 3128 1131 προσιόντες
3155 1057 3233 1128 τῷ
3265 1058 3475 1129 Πέτρῳ·
3505 1057 3721 1128 Βοήθει,

2153 1150 2370 1220 ἔλεγον·
2419 1150 2772 1222 πεφοϐήμεθα
2819 1150 2947 1222 γὰρ,
2997 1149 3222 1220 ἔφασαν,
3281 1149 3354 1220 μὴ
3399 1150 3506 1221 άρα
3552 1149 3721 1221 ἄρδην

2153 1241 2352 1307 πάντες
2381 1241 2724 1314 ἀπολώμεθα.
2760 1241 2890 1295 Τότε
2922 1243 2950 1295 ὁ
2978 1241 3180 1313 Σίμων,
3208 1238 3481 1313 τολμήσας
3507 1241 3624 1312 ἅμα
3641 1241 3722 1312 τῷ

2167 1334 2430 1388 Ἀππίωνι
2489 1334 2583 1388 καὶ
2685 1332 2990 1390 Ἀνουϐίωνι
3060 1334 3155 1386 καὶ
3222 1331 3566 1403 Ἀθηνοδώρῳ
3625 1333 3722 1388 καὶ

2152 1429 2266 1490 τοῖς
2298 1427 2501 1491 λοιποῖς
2535 1427 2770 1498 ἑταίροις
2803 1425 3220 1496 αὐτοῦ,δημοσίᾳ
3250 1427 3361 1489 τοῖς
3391 1423 3566 1494 δχλοις
3578 1423 3722 1477 κατά

2152 1515 2247 1571 τοῦ
2281 1518 2487 1588 Πέτρου
2520 1517 2648 1570 ἐϐόα
2671 1535 2685 1548 ·
2721 1516 2973 1585 Φεύγετε,
3006 1515 3226 1602 ἄνδρες,
3256 1513 3348 1568 τὸν
3383 1514 3550 1586 ἄνδρα
3597 1512 3724 1567 τοῦ·

2111 1651 2116 1657 .
2151 1625 2241 1662 τον
2263 1625 2276 1638 '
2317 1609 2488 1678 μάγος
2519 1608 2662 1661 ἐστί·
2699 1607 3022 1662 πιστεύσατε
3045 1646 3062 1672 ,
3099 1608 3192 1662 καὶ¹
3221 1607 3314 1662 τὸν
3359 1603 3579 1677 σεισμὸν
3619 1605 3720 1659 αὐρ-

2151 1700 2244 1763 τὸς
2274 1700 2525 1771 ἐποίησεν
2553 1701 2680 1770 ὑμῖν
2709 1700 2773 1768 ",
2807 1700 2901 1754 καὶ
2931 1698 3029 1764 τὰς
3050 1698 3236 1762 νόσους
3261 1696 3507 1768 ἐκίνησεν
3535 1694 3720 1758 αὐτὸς,

491 1791 628 1848 reat,
655 1786 812 1853 quasi
861 1787 976 1856 ipse
1026 1787 1096 1842 sit
1140 1785 1303 1843 Deus.
1350 1790 1524 1859 Atque
1573 1791 1742 1845 multa
1784 1790 2053 1860 ejusmodi

2154 1792 2239 1845 ἵνα
2268 1791 2411 1861 ὑμᾶς
2449 1789 2855 1862 καταπλήξηται
2884 1790 2949 1855 ¹³,
2982 1790 3059 1854 ὡς
3103 1789 3265 1854 αὐτὸς
3305 1789 3382 1843 ὢν
3429 1787 3577 1850 Θεός.
3609 1785 3721 1840 Καὶ

489 1887 618 1941 pars
649 1869 888 1931 Simonis
917 1887 1106 1932 contra
1151 1876 1369 1933 Petrum
1421 1879 1595 1944 ﬁnxit,
1622 1881 1770 1934 velut
1807 1895 1930 1934 eum
1959 1882 2054 1951 qui

491 1964 762 2022 humanas
790 1969 934 2023 vires
980 1970 1478 2041 supergrederetur.
1515 1971 1759 2041 Cumque
1803 1973 1953 2041 plebs
1995 1988 2057 2028 se

490 2058 546 2111 in
579 2059 794 2114 silentio
830 2063 1114 2128 tenuisset,
1143 2062 1336 2117 Petrus
1365 2062 1650 2117 subridens
1684 2073 1940 2118 terrorem
1972 2065 2054 2119 in-

487 2150 728 2206 cutiente
757 2152 999 2208 libertate
1035 2154 1168 2208 dixit
1201 2171 1214 2206 :
1251 2153 1382 2219 Viri,
1429 2169 1565 2224 quae
1590 2155 1658 2209 ab
1698 2155 1815 2210 istis
1856 2155 2054 2210 dicun-

487 2247 598 2305 tur,
629 2239 800 2295 fateor
831 2258 915 2295 me
944 2258 1103 2311 posse
1136 2242 1243 2297 Deo
1284 2245 1494 2299 volente
1539 2245 1746 2300 efﬁcere
1775 2265 1786 2300 :
1819 2246 1885 2299 ad
1939 2245 2054 2302 lucc

488 2343 711 2402 paratus
763 2353 906 2402 sum,
946 2341 1049 2395 nisi
1111 2343 1244 2396 mihi
1307 2343 1604 2398 habueritis
1654 2343 1810 2398 ﬁdem
1862 2343 1917 2396 in
1969 2343 2053 2400 his

486 2443 609 2496 qua:
635 2428 847 2500 loquor,
885 2432 1196 2489 universam
1245 2445 1480 2490 vestram
1532 2434 1776 2490 funditus
1808 2444 2053 2494 evertere

484 2521 774 2577 civitatem.

557 2611 626 2666 X.
668 2614 915 2684 Cumque
945 2618 1102 2670 turba
1154 2617 1348 2670 timore
1389 2625 1531 2672 esset
1575 2627 1847 2671 commota
1891 2627 2054 2687 atque

484 2703 824 2772 promisisset
874 2722 931 2760 se
961 2708 1106 2776 quod
1134 2708 1201 2760 ab
1225 2707 1343 2776 ipso
1371 2707 1728 2776 imperaretur
1751 2707 2011 2762 facturam
2035 2726 2050 2764 :

483 2791 657 2849 Nemo
692 2807 954 2863 vestrum,
987 2798 1162 2866 inquit
1196 2796 1413 2862 Petrus,
1452 2814 1627 2868 neque
1665 2800 2052 2856 commercium

483 2900 610 2940 cum
643 2885 761 2940 istis
812 2887 986 2956 magis
1032 2887 1246 2956 habeat,
1278 2905 1454 2958 neque
1492 2906 1616 2944 cum
1666 2891 1732 2946 iis
1768 2891 2049 2962 jungatur.

482 2976 645 3032 Plebs
698 2987 880 3033 autem
925 2979 1088 3032 simul
1137 2995 1201 3035 ac
1248 2982 1409 3035 breve
1460 2981 1774 3036 mandatum
1823 2983 2047 3050 audivit,

483 3067 720 3123 fustibus
764 3071 995 3140 sumptis
1040 3087 1133 3126 eos
1184 3082 1465 3141 persecuta
1500 3083 1602 3141 est,
1633 3075 1805 3130 donec
1835 3077 2049 3144 penitus
2077 3106 2120 3163 ο

481 3161 618 3215 urbe
647 3162 960 3230 pepulisset.
990 3163 1055 3218 Et
1097 3164 1327 3235 ingressi
1355 3166 1667 3236 quicunque
1693 3182 1755 3221 ex
1791 3168 1856 3222 iis
1880 3183 2050 3238 aegro-

483 3251 673 3306 tabant
702 3261 755 3307 et
801 3267 832 3306 a
878 3253 1218 3310 daemonibus
1266 3255 1621 3322 vexabantur,
1664 3272 1721 3311 se
1771 3258 1840 3313 ad
1888 3259 2052 3328 pedes

481 3341 629 3400 Petri
658 3345 1024 3414 projecerunt.
1050 3345 1145 3402 llle
1172 3340 1300 3401 vero
1331 3347 1446 3401 lucc
1491 3361 1722 3403 cernens
1751 3363 2052 3418 eorumque

484 3441 760 3503 stuporem
790 3435 978 3490 volens
1003 3437 1210 3490 solvere
1235 3436 1301 3490 ad
1325 3452 1417 3491 eos
1445 3436 1562 3490 inlit
1606 3454 1620 3491 :

556 3526 647 3583 XI.
686 3526 820 3600 Ego,
848 3529 893 3582 si
919 3537 1075 3582 terrae
1103 3538 1281 3584 motus
1309 3538 1362 3583 et
1393 3527 1656 3601 quidquid
1687 3530 1811 3587 volo
1835 3545 2051 3600 possem

485 3618 684 3685 facere,
716 3635 825 3673 non
867 3619 990 3674 dico
1033 3621 1178 3689 quod
1231 3619 1507 3674 Simonem
1559 3636 1684 3675 cum
1731 3621 1896 3677 sociis
1936 3624 2052 3679 suis

481 3711 935 3766 exterminassem
965 3711 1095 3781 (non
1123 3712 1270 3765 cnim
1313 3712 1379 3766 ad
1413 3713 1696 3767 hominum
1730 3713 2052 3768 internecio—

483 3817 610 3857 nem
640 3801 842 3857 missus
870 3801 994 3871 fui),
1026 3801 1119 3854 sed
1152 3816 1275 3853 cum
1323 3803 1456 3855 mihi
1507 3803 1742 3857 amicum
1788 3801 2052 3858 reddidis-

485 3907 626 3958 sem,
660 3905 729 3946 ne
756 3906 898 3945 verae
943 3892 1237 3947 detrahens
1270 3908 1403 3946 mete
1451 3895 1824 3963 prtedirationi
1867 3894 2052 3952 multis

486 3982 875 4051 impedimento
919 3993 1063 4038 esset
1100 3984 1165 4037 ad
1197 3983 1446 4039 salutem.
1477 3986 1632 4052 Quod
1664 3986 1709 4041 si
1762 3986 1896 4040 mihi
1933 4001 2053 4042 cre-

484 4073 619 4140 dite,
652 4073 769 4143 ipse
797 4081 882 4128 est
912 4089 1127 4144 magus,
1169 4075 1283 4144 ipse
1332 4076 1714 4143 calumniator,
1747 4077 1864 4147 ipse
1896 4077 2052 4130 mali-

485 4166 578 4220 tia:
609 4165 858 4220 minister
887 4165 943 4219 in
979 4181 1074 4220 eos
1105 4166 1199 4236 qui
1251 4168 1502 4222 nesciunt
1535 4168 1837 4223 veritatem.
1875 4168 2052 4238 Atque

487 4257 612 4314 ideo
639 4256 1016 4327 peccatoribus
1047 4258 1394 4327 aagritudines
1441 4267 1616 4327 potest
1651 4258 1881 4326 ellicere,
1925 4274 2050 4314 cum

486 4364 584 4405 eos
610 4359 922 4419 peccatores
965 4348 1244 4418 adjutores
1303 4350 1498 4405 habeat
1540 4349 1822 4419 potestatis
1863 4359 2051 4406 contra

2154 1883 2323 1937 πολλά
2356 1881 2582 1938 τοιαῦτα
2611 1883 2686 1948 ὡς
2719 1883 2857 1955 ὑπὲρ
2899 1883 3126 1954 δύναμιν
3173 1879 3515 1952 ἀνθρωπίνην
3559 1877 3717 1930 δυνα-

2156 1975 2314 2045 μένου
2347 1974 2440 2028 τοῦ
2471 1974 2677 2046 Πέτρου
2710 1974 3094 2044 κατεψεύδοντο
3123 1972 3326 2044 οἱπερὶ
3356 1970 3446 2025 τὸν
3478 1971 3718 2040 Σίμωνα.

2165 2064 2419 2135 Ἠσυχίαν
2448 2065 2503 2118 δὲ
2533 2064 2681 2135 αὐτῷ
2704 2065 2746 2096 ¹⁵
2779 2065 3161 2136 παρασχόντων
3201 2064 3307 2116 τῶν
3347 2063 3518 2133 ὄχλων
3557 2063 3584 2113 ὁ
3617 2059 3719 2112 Πέ-

2153 2174 2277 2228 τρος
2311 2156 2481 2228 βραχὺ
2517 2157 2902 2228 ὑπομειδιάσας
2932 2157 3343 2226 καταπληκτικῇ
3389 2157 3454 2225 τῇ
3501 2154 3718 2224 παρῤηο

2156 2246 2245 2316 ei;
2268 2262 2281 2276 °
2326 2246 2569 2317 Ἀνδρες,
2605 2243 2774 2313 εἶπεν,
2805 2247 2946 2320 ὅιπερ
2988 2243 3130 2300 οὗτοι
3159 2245 3423 2314 λέγουσιν,
3462 2242 3596 2295 Θεοῦ
3630 2242 3719 2295 θέ-

2152 2334 2352 2399 λοντος,
2388 2337 2559 2390 ποιεῖν
2588 2336 2807 2399 δυνατὸς
2839 2332 2976 2390 εἶναι
3019 2333 3284 2406 ὁμολογῶ,
3342 2333 3476 2403 πρὸς
3507 2331 3561 2384 δὲ
3598 2330 3720 2383 τού-

2151 2441 2264 2489 τοις
2302 2425 2514 2496 ἐτοιμός
2558 2425 2693 2496 εἰμι,
2743 2425 2837 2480 ἐὰν
2878 2427 2952 2496 μὴ
2984 2424 3241 2495 πείθησθέ
3290 2423 3332 2455 ³⁸
3373 2439 3459 2493 μοι
3489 2420 3614 2490 περὶ
3646 2411 3720 2474 ὧ-

2152 2514 2314 2584 λέγω,
2347 2516 2445 2587 τὴν
2475 2517 2655 2571 πᾶσαν
2688 2515 2840 2585 ὑμῶν
2867 2515 3226 2588 ἐκϐαθρεῦσαι
3257 2513 3426 2567 πόλιν.

2225 2607 2386 2677 180
2417 2606 2483 2663 X.
2519 2608 2640 2664 Τῶν
2666 2609 2721 2663 δὲ
2757 2608 2928 2680 ὄχλων
2973 2606 3312 2678 φοϐηθέντων
3358 2604 3451 2658 καὶ
3479 2604 3520 2635 ³⁸
3563 2603 3720 2672 ποιή-

2153 2714 2264 2752 σειν
2295 2698 2795 2769 ἐπαγγειλαμένων,
2821 2699 2956 2769 ὅπερ
2977 2696 3042 2750 ἂν
3075 2699 3164 2750 ὑπ’
3189 2695 3352 2750 αὑτοῦ
3377 2693 3720 2749 κελεύωνται.

2151 2785 2353 2855 Μηδεὶς
2386 2786 2560 2857 ὑμῶν,
2594 2786 2698 2857 ἔφη
2725 2789 2754 2840 ό
2781 2787 3002 2858 Πέτρος,
3039 2787 3174 2856 μήτε
3216 2783 3470 2855 δμιλείτω
3515 2782 3719 2844 τούτοις

2150 2879 2261 2939 τοῖς
2291 2876 2500 2948 γόησιν,
2535 2878 2669 2948 μήτε
2698 2877 3098 2948 ἀναμιγνύσθω.
3125 2878 3187 2930 Οἱ
3207 2876 3262 2930 δὲ
3292 2876 3437 2947 δχλοι
3477 2875 3592 2946 ἅμα
3642 2873 3722 2945 τῷ

2151 2966 2378 3022 ἀκοῦσαι
2404 2969 2498 3023 τοῦ
2532 2969 2898 3041 κελεύσματος
2935 2969 3028 3024 τοῦ
3056 2960 3317 3040 συντόμού
3361 2969 3402 3001 ⁸⁷
3453 2967 3600 3032 ξύλα
3630 2967 3722 3020 λα·-

2152 3057 2337 3123 6όντες
2374 3059 2594 3115 ἐδίωκον
2625 3063 2840 3128 αὐτοὺς,
2892 3063 2996 3126 ἕως
3049 3063 3244 3125 αὐτοὺς
3302 3059 3575 3122 παντελῶς
3623 3060 3722 3130 τῆς

2153 3152 2357 3217 πόλεως
2389 3151 2676 3223 ἐξήλασαν.
2709 3154 2819 3207 Καὶ
2863 3153 3191 3216 εἰσελθόντες
3235 3152 3283 3204 οἱ
3324 3149 3600 3212 νοσοῦντες
3633 3149 3723 3202 αὑ·

2150 3239 2257 3292 τῶν
2304 3241 2396 3293 καὶ
2425 3240 2782 3311 δαιμονῶντες
2819 3240 2955 3312 πρὸς
2978 3240 3105 3293 ποσὶ
3130 3238 3225 3292 τοῦ
3259 3233 3463 3310 Πέτρου
3497 3238 3722 3300 ἑαυτοὺς

2151 3331 2456 3402 ἐρρίπτουν.
2503 3333 2559 3385 Ὁ
2583 3331 2640 3385 δέ
2669 3331 2840 3384 ταῦτα
2874 3331 3106 3402 βλέπων,
3136 3333 3230 3386 καὶ
3261 3331 3358 3402 τὴν
3386 3329 3726 3400 κατάπληξιν

2151 3419 2328 3472 αὐτῶν
2357 3420 2616 3474 ἀναλῦσαι
2649 3419 2836 3487 θέλων,
2861 3421 2996 3491 πρὸς
3022 3421 3215 3484 αὐτοὺς
3238 3421 3361 3492 ἔφη’

2219 3529 2312 3586 XI.
2368 3530 2506 3599 Ἐγὼ
2535 3532 2788 3602 σεισμοὺς
2819 3532 2914 3586 καὶ
2947 3533 3054 3585 πᾶν
3085 3532 3116 3586 ὅ
3145 3549 3196 3585 τι
3226 3531 3480 3601 βούλομαι
3523 3530 3571 3583 εί
3603 3530 3722 3582 ἐδυ-

2151 3619 2327 3689 νάμην
2360 3621 2530 3672 ποιεῖν
2560 3619 2625 3684 ⁸⁸,
2661 3619 2880 3688 Σίμωνα
2926 3619 2988 3674 οὐ
3027 3620 3166 3689 λέγω
3197 3619 3278 3674 ὅτι
3323 3619 3460 3690 μετά
3489 3619 3597 3672 τῶν
3623 3621 3720 3672 αὺ-

2149 3709 2243 3764 τοῦ
2275 3709 2504 3780 έταίρων
2540 3709 2582 3740 ¹⁹
2615 3707 2971 3781 ἐξωλόθρευον
3017 3709 3099 3781 (οὐ
3132 3709 3241 3782 γὰρ
3287 3711 3378 3763 ἐπὶ
3411 3710 3587 3782 φθορᾷ
3626 3711 3716 3763 ἀν-

2151 3799 2382 3872 θρώπων
2409 3797 2795 3870 ἀπέσταλμαι),
2828 3799 2965 3855 ἀλλά
2995 3799 3145 3870 φίλον
3178 3799 3400 3872 ἐμαυτῷ
3446 3800 3607 3854 αὐτὸν
3649 3799 3722 3854 ἂν

2150 3891 2510 3962 ἐποιησάμην,
2542 3890 2628 3944 ίνα
2663 3891 2736 3962 μή
2768 3907 2868 3962 μου
2899 3890 2960 3944 τὸ
2991 3889 3185 3962 ἀληθές
3211 3889 3508 3944 διαϐάλλων
3547 3891 3718 3961 κήρυ-

2149 4001 2266 4057 γμα
2314 3983 2530 4048 πολλοῖς
2574 3981 2840 4057 ἐμποδίζῃ
2893 3982 3029 4055 πρὸς
3068 3981 3358 4053 σωτηρίαν.
3407 3981 3472 4035 Et
3518 3981 3576 4036 δέ
3627 4000 3716 4053 μοι

2153 4074 2430 4128 πιστεύετε
2458 4074 2524 4138 ³⁸,
2558 4074 2718 4138 αὑτός
2749 4076 2864 4129 ἐστι
2899 4074 3090 4147 μάγος,
3137 4073 3299 4137 αὐτὸς
3329 4071 3591 4139 διάϐολος,
3623 4075 3712 4127 αὺ-

2148 4167 2240 4229 τδς
2267 4166 2465 4231 κακίας
2509 4166 2786 4239 ὑπηρέτης
2818 4164 2958 4220 κατὰ
2987 4164 3097 4219 τῶν
3139 4163 3471 4234 ἀγνοούντων
3501 4165 3560 4218 τὸ
3587 4165 3702 4236 ἀλη-

2150 4257 2258 4321 θές.
2294 4258 2406 4312 Καὶ
2454 4257 2541 4312 διά
2585 4257 2742 4312 τοῦτο
2789 4255 3160 4328 ἁμαρτάνουσι
3184 4256 3226 4288 ²¹
3255 4255 3442 4320 νόσους
3481 4257 3720 4327 ἐνεργεῖν

2149 4349 2389 4415 δύναται,
2448 4351 2736 4421 συνεργοὺς
2767 4346 2924 4420 μέχων
2968 4347 3106 4413 τοὺς
3158 4346 3567 4420 ἁμαρτάνοντας
3619 4348 3717 4419 τῆς

487 4438 656 4508 ipsos.
689 4437 800 4510 Ego
822 4446 1002 4494 autem
1033 4440 1128 4494 Dei
1153 4440 1396 4496 omnium
1421 4442 1660 4496 auctoris
1689 4456 1880 4496 servus
1903 4458 2044 4511 sum,

2151 4445 2268 4498 κατ’
2317 4441 2496 4497 αὐτῶν
2533 4440 2829 4510 δυνάμεως.
2859 4437 2999 4507 Ἐγὼ
3053 4439 3110 4494 δὲ
3154 4436 3290 4492 Θεοῦ
3317 4439 3365 4470 ³³
3404 4438 3498 4492 τοῦ
3543 4439 3721 4493 πάντα

485 4531 772 4602 dextrique
801 4533 922 4603 ejus
963 4532 1246 4603 Propheta:
1291 4533 1609 4602 discipulus.
1643 4532 1909 4599 Quocirca
1949 4537 2044 4604 qui

487 4639 610 4679 sum
649 4624 795 4680 illius
824 4624 1127 4693 apostolus,
1157 4639 1284 4677 vera
1312 4624 1575 4693 praedico;
1607 4624 1750 4679 bono
1772 4625 1916 4679 enim
1941 4626 2046 4680 mi-

487 4716 730 4771 nistrans
753 4715 916 4770 etiam
941 4715 1165 4770 morbos
1194 4715 1428 4782 depello;
1465 4729 1588 4768 nam
1619 4715 1890 4770 secundus
1917 4716 2048 4773 mis-

490 4821 585 4861 sus
613 4821 757 4873 sum,
783 4803 1226 4876 quandoquidem
1255 4803 1510 4873 praecedit
1530 4805 1775 4872 morbus,
1803 4804 2048 4875 sequitur

488 4912 618 4952 vero
669 4899 902 4952 sanatio.
943 4897 1048 4952 Per
1071 4897 1224 4951 illum
1273 4911 1402 4966 ergo
1447 4895 1752 4952 maleﬁcum
1804 4913 2047 4969 magum,

491 4988 603 5044 Deo
648 4990 940 5056 increduli,
983 4989 1315 5060 azgrotastis;
1362 5001 1457 5057 per
1501 5002 1587 5041 me
1630 4995 1844 5052 autem,
1889 4989 2050 5045 modo

491 5081 548 5139 in
583 5097 706 5136 cum
732 5083 986 5149 credatis,
1013 5079 1364 5136 sanabimini.
1393 5078 1482 5133 Sic
1503 5078 1649 5133 enim
1679 5079 2050 5148 experimento

2150 4533 2507 4605 πεποιηκότος
2565 4531 2682 4602 εἰμὶ
2735 4528 2951 4596 δοῦλος,
3011 4529 3105 4584 τοῦ
3135 4527 3306 4595 δεξιοῦ
3365 4529 3529 4585 αὐτοῦ
3581 4531 3721 4601 Πρη-

2151 4625 2321 4694 φήτου
2358 4621 2618 4694 μαθητής.
2651 4619 2740 4675 Διὸ
2765 4619 2972 4675 ἐκείνου
2997 4620 3291 4685 ἀπόστολος
3322 4619 3398 4676 ὣν
3428 4620 3676 4692 ἀληθεύω
3699 4637 3716 4654 ·

2151 4713 2340 4785 ἀγαθῷ
2372 4712 2480 4784 γὰρ
2513 4711 2798 4785 ὑπηρετῶν
2830 4711 2926 4766 καὶ
2951 4712 3140 4777 νόσους
3190 4709 3506 4768 ἀπελαύνω·
3543 4712 3718 4784 ἐπέμο

2153 4804 2292 4876 φθην
2322 4803 2431 4876 γὰρ
2461 4803 2735 4874 δεύτερος·
2769 4803 2890 4856 ἐπεὶ
2919 4806 3233 4876 προηγεῖται
3269 4805 3366 4874 μὲν
3397 4803 3568 4868 νόσος,
3601 4805 3720 4857 έπε-

2154 4913 2244 4950 ται
2266 4895 2311 4927 ¹³
2337 4895 2392 4948 δὲ
2421 4895 2578 4958 ἴασις.
2613 4896 2690 4948 Δι’
2727 4893 2931 4948 ἐκείνου
2968 4895 3064 4965 μὲν
3101 4890 3194 4949 οὖν
3228 4893 3323 4948 τοῦ
3361 4895 3514 4965 18],
3553 4912 3717 4949 κακο-

2154 4986 2309 5042 ποιοῦ
2347 4986 2520 5058 μάγου
2552 4985 2630 5057 τῷ
2662 4985 2780 5058 Θεῷ
2811 4987 3209 5057 ἀποστήσαντες
3240 4987 3528 5058 ἐνοσήσατε
3556 4985 3622 5050 ’⁸,
3649 4985 3714 5038 δι’

2154 5078 2289 5152 ἐμοῦ
2321 5079 2400 5142 δὲ,
2439 5077 2532 5131 ἐάν
2562 5093 2621 5130 τε
2656 5076 2806 5148 αὐτῷ
2835 5077 3177 5146 πιστεύσητε,
3229 5075 3536 5147 ίαθήσεσθεῑ
3573 5075 3717 5129 οὓτω

1756 5197 1992 5255 VARIAL‘
2035 5197 2435 5254 LECTIONES.

561 5296 605 5369 ‘f
628 5297 759 5369 ἡμῖν
789 5293 878 5351 L0.

491 5361 734 5438 t'mép,"in
762 5363 1136 5438 ιειιιιίῶσπερ,
1165 5363 1231 5438 in
1249 5363 1294 5418 Ο
1322 5362 1398 5438 ῶς
1427 5361 1550 5438 πέρ.

1025 5291 1173 5364 “Ita
1219 5291 1283 5364 Oi
1339 5307 1397 5364 _c.
1440 5289 1505 5364 D_.
1577 5289 1926 5364 καιτιπιπλὴξῃΔ
1947 5308 2006 5344 τε
2053 5290 2116 5364 g.
2172 5290 2320 5364 Tum
2363 5288 2498 5364 ἄλλα
2525 5283 2999 5364 p._m1}&‘idem,i
3026 5284 3120 5364 qui
3158 5260 3715 5364 ἀεξηρθρεριληὶ..

1652 5362 1694 5393 ιδ
1724 5351 1936 5432 αὑτῷὌ
1981 5361 2108 5432 0.ίῦ
2135 5401 2152 5428 ,
2182 5359 2360 5432 αὐτῶν
2383 5358 2446 5415 C.
2527 5351 2576 5432 ίξ
2595 5357 2672 5413 Ita
2697 5358 2740 5414 Ο
2789 5375 2844 5432 c.
2869 5355 2928 5432 SA,
2953 5351 3243 5432 πείσθησθέ
3277 5351 3368 5409 (ἐξ
3420 5354 3462 5432 ξ’
3487 5351 3557 5408 Ci
3592 5351 3710 5406 ἐτέ-

579 5423 614 5500 ς’
639 5423 770 5491 ante
797 5437 1043 5505 ποιήσειν
1075 5423 1315 5505 omisic.
1342 5423 1406 5487 (ἱ.
1534 5430 1786 5505 retinere
1836 5423 1988 5505 velis,
2031 5423 2331 5505 legendum
2364 5435 2510 5505 auct.
2542 5425 2635 5505 S_,
2665 5442 2760 5483 aut
2789 5428 2862 5505 μὴ
2899 5423 3442 5505 ἐτέρωςξαυιλημοά
3463 5432 3707 5505 praestat,

579 5455 604 5500 ς
645 5455 770 5491 ante
797 5455 1043 5505 ποιησειν
1075 5455 1232 5488 0111151
1265 5455 1315 5488 C.
1342 5455 1406 5487 U.
1447 5455 1502 5484 δι
1555 5455 1786 5485 rcuucrt:
1837 5455 1988 5497 vcus,
2047 5455 2331 5501 tegctluulu
2364 5455 2510 5484 auct.
2543 5455 2583 5482 ι)
2620 5471 2634 5490 ,
2665 5455 2760 5483 aut
2789 5455 2862 5498 μη
2899 5455 3121 5496 ιυιρωεη
3157 5455 3269 5488 «ιω,
3295 5455 3442 5493 ψιυυ
3464 5455 3707 5492 precum,

493 5455 741 5593 8:26pm.
791 5506 938 5577 Epit.
971 5503 1141 5593 ο.⁴
1177 5504 1337 5593 habet
1377 5500 1689 5582 προθύμως.
1722 5501 1784 5556 Ci
1815 5503 1993 5593 versio
2025 5500 2292 5593 ferrinnon
2316 5504 2513 5593 potest.
2585 5498 2635 5593 ἔτ
2661 5497 2936 5593 σδντόμιὲς
2957 5495 3078 5576 cod.
3105 5493 3236 5593 Re’go.
3253 5494 3396 5593 ἕθιὴ
3454 5493 3505 5593 1'

495 5579 545 5634 ei
569 5577 838 5647 ἐδυνάμην
858 5577 920 5629 C.

499 5595 545 5634 ει
569 5595 769 5647 εουναμ
809 5595 920 5629 νι..

499 5646 746 5701 στεύεται
914 5645 955 5675 ’⁸

1019 5576 1061 5607 ¹⁹
1092 5573 1242 5628 Hanc
1270 5571 1332 5626 Ci
1384 5569 1750 5636 cnnjeeturam
1805 5574 2090 5627 conﬁrmat
2139 5569 2183 5625 Ο
2212 5609 2229 5636 ,
2261 5569 2431 5639 ἑτέρω

981 5643 1350 5714 ἁμαρτάνουσι
1380 5642 1440 5710 D,
1473 5641 1521 5714 VO
1551 5683 1566 5708 ,
1614 5641 2026 5714 ἁμαρτανούσας
2070 5639 2130 5695 C.

2433 5586 2462 5621 ν
2515 5568 2636 5624 cod.
2685 5561 2842 5624 llom'.
2874 5565 3107 5621 Parisin.
3183 5561 3396 5618 πίε.αο
3452 5578 3485 5619 c
3525 5563 3708 5628 Π,πι-

2233 5640 2276 5671 ²¹
2306 5631 2415 5710 ἐγὼ
2435 5637 2492 5693 δὲ
2521 5637 2616 5693 τοῦ
2641 5637 2774 5695 Θεοῦ
2791 5637 2856 5696 C.
2933 5636 2977 5668 ³³
2998 5633 3076 5690 lta
3099 5632 3142 5688 D
3171 5673 3189 5702 ,
3216 5632 3408 5690 ἔπειτα
3448 5633 3516 5702 C,
3563 5631 3630 5690 0.

496 5717 546 5761 ’δ
580 5715 640 5772 ln
671 5716 715 5771 0
759 5716 910 5786 prius
937 5710 1201 5783 scriptum
1230 5721 1345 5769 erat
1369 5713 1642 5782 ἐνοήσατε.
1675 5710 1876 5768 Deinde
1905 5711 2044 5767 idem
2077 5725 2183 5766 om.
2213 5725 2304 5765 τε.
