4084 6148
1406 262 1861 324 CLEMENTINA.
1902 291 1970 302 —
2009 258 2292 317 HOMILIA
2329 256 2458 318 VIII.

333 391 438 464 γὰρ
463 386 559 444 τοῦ
591 357 816 442 δυνατού
845 383 943 459 τὴν
971 382 1164 456 πείραν
1189 381 1236 415 ⁸⁸
1264 381 1517 445 λαϐόντες
1535 421 1550 445 ,
1575 381 1668 435 ἐπὶ
1711 380 1772 434 τὺ
1803 381 1874 436 εὐ-

1993 374 2136 430 facto
2203 373 2353 431 illius
2402 373 2499 445 qui
2551 380 2748 445 potens
2779 375 2899 441 'est,
2954 377 3022 434 ad
3073 376 3211 436 bene
3256 380 3564 442 faciendum

334 477 502 532 ποιεῖν
525 473 876 547 τραπόμενοι,
909 469 1004 527 καὶ
1033 469 1134 536 τὰς
1158 469 1338 543 ψυχὰς
1367 470 1710 543 ἀνασωθῆναι
1740 471 1898 544 δυνη-

334 547 526 618 θείητε.

396 635 512 693 XII.
550 633 734 691 Ταῦτα
769 631 933 689 αὐτοῦ
965 629 1236 703 λέγοντος,
1269 633 1320 686 ot
1352 632 1554 696 πάντες
1581 633 1897 702 γονυπετεῖς

331 725 436 799 πρὸ
471 724 579 784 τῶν
611 721 774 778 αὐτοῦ
823 721 1033 778 ἔκειντο
1070 721 1266 777 ποδῶν.
1324 721 1382 777 '0
1434 721 1491 775 δὲ
1541 723 1621 787 είς
1667 722 1894 794 οὐρανὸν

328 819 467 890 ἄρας
497 815 593 879 τάς
621 813 828 887 χεῖρας,
862 813 958 867 καὶ
981 812 1062 885 τῷ
1090 812 1210 885 Θεῷ
1246 812 1684 886 προσευξάμενος
1707 814 1894 868 ἰάσατο

262 919 263 922 ‘
325 908 452 971 τοὺς
493 906 698 968 πάντας
736 905 803 958 ἐκ
839 905 1006 977 μόνης
1047 902 1213 975 εὐχῆς
1235 942 1251 958 .
1294 904 1408 959 Οὐκ
1446 903 1639 974 ὀλίγων
1669 904 1725 958 δὲ
1753 905 1892 977 ήμε-

328 998 436 1069 ρῶν
469 994 806 1067 παραμείνας
835 997 949 1060 τοῖς
971 995 1274 1067 Βηρυτίοις,
1313 996 1407 1048 καὶ
1439 994 1664 1058 πολλοὺς
1691 998 1758 1067 τῇ
1796 1012 1892 1066 μο-

322 1090 554 1159 ναρχικῇ
597 1086 862 1160 θρησκεία
912 1086 1196 1151 συνεθίσας
1232 1089 1279 1120 ³⁸
1319 1085 1412 1141 καὶ
1446 1087 1733 1158 βαπτίσας,
1785 1087 1892 1142 άπὸ

319 1176 453 1240 τῶν,
481 1177 767 1248 ἑπομένων
819 1175 971 1248 αὐτῷ
1025 1176 1409 1250 πρεσϐυτέρων
1455 1178 1550 1233 ἕνα
1596 1175 1890 1232 ἐπίσκοπον

315 1268 501 1332 αὐτοῖς
557 1267 939 1339 καταστήσας,
992 1267 1074 1332 είς
1110 1269 1210 1340 τὴν
1253 1269 1444 1323 Βίϐλον
1477 1269 1521 1301 ’⁷
1577 1263 1746 1340 ἐξῄει.
1779 1267 1890 1322 Καὶ

309 1360 605 1425 γενόμενος
658 1361 774 1417 ἐκεῖ
807 1363 900 1416 καὶ
952 1360 1136 1434 μαθὼν
1187 1362 1268 1416 ὅτι
1299 1359 1480 1434 Σίμων
1521 1359 1642 1416 οὐδὲ
1691 1361 1820 1433 μιᾶς
1842 1362 1889 1394 ’⁸

308 1452 528 1525 ἡμέρας
565 1453 748 1519 αὐτοῖς
790 1455 1170 1526 προσέμεινεν,
1218 1453 1334 1508 ἀλλ’
1383 1453 1584 1517 εὐθέως
1632 1453 1713 1517 εἰς
1761 1447 1888 1524 Τρί-

311 1547 464 1600 πολιν
513 1546 791 1619 ῶρμησεν,
842 1547 1038 1617 ὀλίγων
1083 1549 1305 1621 ἡμερῶν
1352 1551 1532 1613 αὐτοῖς
1580 1547 1882 1620 ἐπιμείνας,

309 1636 402 1689 καὶ
424 1635 772 1707 θεραπεύσας
810 1637 910 1691 οὐκ
936 1637 1166 1717 ὀλίγους,
1187 1637 1282 1692 καὶ
1309 1640 1427 1702 ταῖς
1449 1639 1658 1703 Βίϐλοις
1687 1639 1884 1703 αὐτοὺς

1999 466 2266 534 conversi,
2293 466 2455 522 etiam
2507 465 2808 524 secundum
2840 467 3053 528 animas
3099 471 3237 530 salvi
3285 489 3408 533 esse
3464 492 3566 548 po-

1997 557 2195 614 teritis.
3267 626 3272 628 _

2065 649 2182 705 Xll.
2221 647 2352 715 Quae
2382 659 2508 705 cum
2552 647 2802 720 dixisset,
2833 652 3017 709 cuncti
3069 654 3139 711 ad
3189 671 3362 728 genua
3414 663 3566 720 acci-

1994 743 2185 799 dentes
2213 739 2473 810 jacebant
2513 748 2641 796 ante
2677 743 2842 811 pedes
2875 742 3047 802 illius.
3083 746 3154 802 At
3185 747 3297 813 ille,
3328 752 3564 811 sublatis

1993 831 2047 886 in
2078 831 2277 887 coelum
2321 831 2606 895 manibus,
2646 831 2930 905 Deumque
2979 847 3382 907 comprecatus,
3425 859 3565 900 cun-

1990 930 2110 978 ctos
2158 923 2474 992 precatione
2525 922 2641 978 sola
2691 923 2924 980 curavit.
2973 923 3093 981 Non
3137 939 3346 998 paucos
3376 940 3561 989 autem

1990 1015 2107 1070 dies
2137 1015 2280 1084 apud
2313 1013 2560 1084 Berytios
2585 1025 2992 1083 commoratus,
3024 1032 3150 1073 cum
3181 1021 3389 1078 multos
3432 1024 3563 1078 reli-

1989 1105 2138 1175 gioni
2185 1119 2313 1175 erga
2363 1119 2536 1160 unum
2579 1103 2751 1160 Deum
2805 1107 3255 1177 consuefecisset,
3301 1127 3405 1168 nec
3448 1129 3562 1170 non

1989 1197 2360 1266 baptizasset,
2401 1211 2513 1252 uno
2546 1211 2612 1259 ex
2655 1197 2988 1270 presbyteris
3038 1201 3132 1271 qui
3182 1216 3308 1259 eum
3363 1221 3562 1276 seque—

1987 1288 2187 1345 bantur
2234 1287 2369 1359 ipsis
2419 1289 2477 1344 in
2517 1288 2836 1361 episcopum
2871 1292 3190 1363 constituto,
3239 1295 3294 1351 in
3327 1296 3559 1370 Byblum

1985 1380 2137 1435 abiit.
2173 1379 2293 1446 Quo
2322 1394 2445 1435 cum
2476 1381 2834 1451 pervenisset,
2869 1392 3152 1452 comperto
3183 1387 3330 1457 quod
3365 1387 3556 1446 Simon

1984 1486 2053 1526 ne
2075 1486 2187 1526 uno
2210 1470 2430 1541 quidem
2461 1470 2550 1528 die
2581 1471 2704 1528 illos
2735 1481 3129 1542 exspectasset,
3163 1477 3258 1532 sed
3289 1479 3472 1534 statim
3498 1482 3554 1536 in

1984 1562 2247 1633 Tripolim
2279 1561 2564 1630 evasisset,
2593 1578 2798 1634 paucos
2823 1563 2940 1620 dies
2980 1566 3124 1635 apud
3157 1581 3253 1622 eos
3279 1579 3549 1639 moratus,

1981 1656 2296 1725 curatisquc
2348 1655 2567 1723 multis,
2621 1670 2688 1711 ac
2740 1656 2794 1710 in
2829 1655 3111 1728 Scriptura
3152 1659 3429 1728 exercitis,
3481 1663 3551 1718 ad

304 1726 644 1799 ἐνασκήσας,
677 1729 796 1782 κατ’
827 1729 972 1800 ίχνος
997 1728 1091 1783 τοῦ
1112 1729 1354 1800 Σίμωνος
1386 1730 1467 1794 είς
1492 1730 1592 1802 τὴν
1623 1730 1874 1800 Τρίπολιν

1981 1746 2242 1817 Tripolim
2294 1763 2392 1818 per
2443 1748 2676 1820 vestigia
2735 1726 2978 1807 Simonis
3031 1751 3324 1822 processit,
3365 1726 3552 1812 certus

305 1813 637 1888 ἐπορεύετο,
675 1817 1026 1888 μεταδιώκειν
1057 1818 1219 1873 αὐτὸν
1252 1819 1482 1892 μᾶλλον,
1515 1821 1614 1891 οὐχ
1641 1819 1878 1890 ὑποφεύ-

306 1923 370 1978 γε
378 1925 430 1962 ιν
466 1909 869 1982 προῃρημένος.

904 2067 1158 2123 ὈΜΙΛΙΑ
1198 2069 1280 2122 H'.

373 2153 417 2210 Ι.
463 2157 558 2221 Εἰς
579 2157 636 2210 δὲ
667 2159 768 2229 τὴν
789 2157 1048 2228 Τρίπολιν
1077 2156 1297 2210 εἰσιόντι
1327 2156 1407 2227 τῷ
1434 2157 1644 2230 Πέτρῳ,
1692 2156 1742 2209 οἱ
1785 2175 1876 2227 φιο

298 2246 692 2320 λομαθέστεροι
713 2248 776 2302 ἔκ
810 2265 870 2301 τε
896 2248 996 2319 τῆς
1025 2247 1201 2318 Τύρου
1235 2247 1329 2300 καὶ
1361 2247 1606 2311 Σιδῶνος,
1635 2245 1876 2318 Βηρυτοῦ

296 2353 358 2391 τε
384 2341 483 2391 καὶ
504 2337 720 2404 Βίϐλου,
743 2341 838 2394 καὶ
875 2340 940 2392 ὲκ
969 2337 1080 2393 τῶν
1109 2337 1496 2410 πλησιοχώρων
1517 2338 1674 2406 182
1697 2335 1878 2390 πολλώ⁵

297 2425 682 2500 συνεισῄεσαν.
729 2429 842 2500 Ούχ
869 2429 1067 2500 ἣκιστα
1099 2428 1154 2482 δὲ
1177 2428 1285 2482 τῶν
1319 2429 1413 2481 ἀπ’
1447 2428 1614 2499 αὐτῆς
1647 2429 1744 2499 τῆς
1778 2427 1874 2482 πό-

295 2519 443 2584 λεως
467 2521 642 2593 δχλων
670 2521 966 2594 συνδρομαὶ
994 2520 1254 2591 ἐγίνοντο,
1283 2521 1514 2592 ἱστορεῖν
1543 2519 1876 2592 βουλομένων

293 2611 486 2666 αὐτόν.
532 2611 933 2684 Συνετύγχανον
975 2608 1070 2666 οὖν
1110 2613 1241 2683 ήμῖν
1281 2613 1339 2664 έν
1385 2612 1498 2672 τοῖς
1537 2609 1876 2682 προαστείοις

293 2701 346 2756 οἱ
384 2703 486 2758 ὑπ’
518 2702 685 2757 αὐτοῦ
718 2702 1123 2774 ἐκπεμφθέντες
1163 2700 1409 2771 ἀδελφοὶ,
1449 2701 1520 2754 τά
1550 2718 1609 2753 τε
1645 2700 1777 2755 ἄλλα
1806 2699 1875 2754 τά

289 2794 440 2850 κατά
473 2795 576 2866 τὴν
604 2794 757 2849 πόλιν
794 2794 888 2849 καὶ
926 2795 996 2848 τά
1027 2794 1373 2866 πραττόμενα
1404 2791 1483 2862 τῷ
1513 2789 1716 2862 Σίμωνι
1748 2787 1873 2857 ἑξα-

286 2886 591 2959 κριϐῶσαι,
635 2887 785 2951 ὅπως
828 2886 1076 2950 ἐλθόντες
1121 2885 1525 2957 ὑφηγήσωνται.
1587 2881 1874 2950 Ἀποδεξά-

287 2997 442 3051 μενοι
476 2979 645 3033 αὐτὸν
675 2979 768 3034 ἐπὶ
797 2979 896 3051 τὴν
927 2978 1208 3051 Μαροόνου
1229 2979 1275 3009 ’⁸
1299 2972 1432 3049 ἦγον
1461 2975 1659 3030 οἰκίαν.

359 3073 426 3128 ll.
486 3073 546 3126 '0
574 3073 629 3126 δὲ
663 3074 747 3126 ἐπ’
779 3073 928 3144 αύτῷ
953 3072 1030 3144 τῷ
1054 3073 1170 3166 τῇς
1197 3071 1383 3166 ξενίας.
1409 3070 1611 3124 πυλῶνι
1779 3087 1872 3166 γε-
1895 3106 1938 3166 C

284 3163 467 3233 γονὼς
485 3204 504 3228 ,
544 3163 898 3235 ἐπιστραφεὶς
928 3164 1042 3226 τοῖς
1076 3161 1255 3232 ὄχλοις
1284 3160 1568 3231 ὑπέσχετο,
1605 3158 1742 3230 μετὰ
1771 3158 1870 3230 τὴν

282 3257 558 3310 ἐπιοῦσαν
588 3256 717 3327 περὶ
746 3253 1054 3316 θεοσεϐείας
1075 3252 1258 3316 αὐτοῖς
1283 3251 1648 3322 διαλεχθῆναι.
1679 3248 1871 3302 Εἰσελ-

283 3345 478 3411 θόντος
513 3345 570 3400 δὲ
607 3345 792 3409 αὐτοῦ,
825 3346 874 3398 οἱ
913 3343 1126 3416 πρόοδοι
1153 3345 1264 3406 τοῖς
1293 3341 1669 3412 συνεληλυθόσι
1693 3339 1870 3408 ξενίας

280 3437 644 3512 ηὑτρέπιζον.
695 3437 808 3492 Οὐκ
851 3437 1206 3490 ἀπελείποντο
1245 3435 1303 3488 δὲ
1351 3434 1472 3488 οὐδὲ
1520 3435 1569 3488 oi
1612 3433 1870 3504 ἀποδεχό-

285 3545 445 3600 μενοι
479 3527 580 3582 atat
610 3527 907 3594 ξενίζοντες
936 3526 1036 3596 τῆς
1064 3526 1174 3579 τῶν
1209 3524 1502 3590 ἀξιούντων
1539 3523 1864 3596 προθυμίας.

282 3619 520 3675 Τούτων
566 3619 625 3674 δὲ
661 3619 707 3651 ³⁸
735 3618 890 3674 οὐδὲν
936 3617 1091 3682 εἰδὼς
1134 3617 1166 3671 6
1205 3616 1428 3689 Πέτρος,
1481 3615 1728 3682 ἀξιωθεὶς
1776 3615 1866 3686 ὑφ’

278 3709 450 3786 ήμῶν
495 3711 705 3784 τροφῆς
752 3711 1096 3783 μεταλαϐεῖν,
1146 3709 1284 3784 ἔφη,
1348 3711 1422 3783 μὴ
1469 3709 1867 3783 μεταλήψεσθαι

279 3803 564 3877 πρότερον
596 3802 775 3870 αὐτὸς,
807 3802 973 3876 πρινή
1013 3801 1058 3834 ³⁸
1087 3802 1216 3866 τοὺς
1261 3799 1682 3873 συνεληλυθότας
1717 3800 1866 3872 αύτῷ

276 3895 786 3952 διαναπαύσασθαι.
880 3893 1348 3966 Ἀποκρινομένων
1405 3893 1462 3947 δὲ
1521 3893 1717 3966 ἡμῶν,
1781 3894 1864 3947 ὅτι

278 3987 427 4060 ἔφθη
462 3986 609 4042 τοῦθ’
636 3985 806 4052 οὕτως
829 3987 1176 4058 γεγενῆσθαι,
1210 3985 1480 4058 προφάσει
1510 3985 1608 4056 τῆς
1637 3983 1774 4057 πρὸς
1802 3986 1864 4042 σὲ

279 4077 532 4149 στοργῆς
563 4076 763 4148 σπουδῇ
799 4076 1001 4140 πάντας
1021 4077 1064 4108 ³⁸
1092 4075 1288 4139 αὐτοὺς
1321 4074 1753 4146 ὑποδεξαμένων,
1787 4075 1864 4140 ὡς

275 4171 417 4235 τοὺς
453 4170 530 4242 μὴ
567 4169 864 4242 ἐσχηκότας
901 4168 993 4233 οὓς
1032 4167 1311 4234 ξενίσωσιν
1343 4167 1389 4200 ³³
1421 4166 1862 4240 ὑπερϐαλλόντως

277 4258 668 4330 λελυπῆσθαι⁸
712 4259 742 4311 ό
787 4258 1024 4330 Πέτρος,
1059 4257 1296 4321 ἀκούσας
1361 4255 1457 4311 καὶ
1517 4257 1700 4328 ήσθεὶς
1761 4257 1862 4328 τῆς

275 4350 472 4417 ὀξείας
491 4348 902 4421 φιλανθρωπίας
935 4351 1000 4414 ³⁸,
1033 4349 1330 4420 εὐλογήσας
1375 4347 1572 4412 αὐτοὺς
1617 4346 1856 4419 ἐξῆλθεν,

1983 1853 2107 1893 eum
2145 1838 2382 1910 insequi,
2416 1854 2525 1893 non
2555 1837 2953 1911 subterfugere.

2542 2015 2828 2100 nommA
2865 2043 3003 2103 vm.

2064 2130 2107 2188 l.
2157 2133 2296 2189 Cum
2352 2144 2532 2191 autem
2574 2135 2769 2192 Petrus
2813 2133 3076 2210 Tripolim
3146 2140 3550 2214 ingrederetur,

1961 2225 2072 2295 'qui
2120 2226 2361 2282 discendi
2419 2237 2576 2284 erant
2631 2229 2941 2300 cupidiores
2990 2247 3058 2287 ex
3106 2233 3274 2307 Tyro,
3319 2237 3549 2307 Sidone,

1979 2313 2172 2388 Beryto
2201 2333 2264 2371 ac
2297 2317 2484 2390 Byblo,
2513 2328 2566 2376 ct
2591 2322 2746 2376 multi
2781 2337 2848 2377 ex
2882 2323 3129 2380 finitimis
3169 2325 3333 2381 simul
3369 2328 3546 2383 intra-

1977 2417 2124 2462 runt.
2156 2407 2376 2464 Maximi
2408 2410 2570 2466 etiam
2605 2429 2672 2468 ex
2703 2415 2818 2485 ipsa
2847 2415 3064 2472 civitate
3089 2417 3373 2472 hominum
3407 2433 3545 2474 con-

1976 2513 2171 2554 cursus
2219 2501 2440 2569 ﬁebant,
2481 2505 2906 2563 desiderantium
2948 2511 3129 2564 videre
3162 2510 3335 2565 illum.
3374 2511 3546 2583 Igitur

1975 2589 2189 2644 obviam
2239 2590 2366 2646 facti
2412 2603 2540 2649 sunt
2580 2597 2738 2652 nobis
2767 2598 2820 2653 in
2855 2600 3164 2665 suburhiis,
3199 2603 3292 2672 qui
3320 2603 3389 2658 ab
3422 2603 3544 2674 ipso

1975 2680 2098 2734 ideo
2130 2681 2283 2738 missi
2332 2684 2572 2752 fuerant,
2604 2696 2663 2741 ut
2691 2688 2919 2758 profecti
2962 2692 3312 2761 explorarent
3349 2709 3543 2748 narra-

1973 2779 2199 2842 rentque
2244 2783 2358 2828 tum
2416 2777 2569 2833 urbis
2609 2779 2746 2834 alias
2795 2795 2905 2847 res,
2937 2788 3050 2836 tum
3081 2783 3321 2840 Simonis
3365 2793 3538 2855 gesta.

1977 2861 2041 2916 Et
2087 2865 2415 2934 excipientes
2474 2868 2626 2923 illum
2681 2871 2738 2924 in
2784 2872 3008 2928 domum
3039 2873 3320 2930 Maroonis
3369 2876 3541 2932 duxe-

1971 2961 2122 3008 runt.

2039 3041 2103 3098 ll.
2145 3043 2194 3100 ls
2221 3061 2347 3101 vero
2374 3047 2485 3117 jam
2524 3046 2668 3106 fores
2705 3050 2931 3122 hospitii
2967 3063 3178 3122 tenens,
3218 3072 3536 3127 conversus,

1971 3135 2303 3192 multitudini
2352 3141 2632 3208 promisit,
2683 3159 2741 3198 se
2786 3155 2908 3214 post
2946 3145 3089 3200 diem
3134 3150 3431 3204 crastinum
3471 3152 3538 3206 de

1969 3227 2119 3281 cultu
2149 3227 2238 3282 Dei
2280 3229 2386 3284 illis
2414 3232 2576 3286 verba
2616 3232 2908 3290 facturum.
2952 3235 3204 3308 Ingresso
3233 3250 3411 3294 autem
3449 3259 3534 3310 eo,

1969 3318 2062 3388 qui
2095 3319 2356 3387 prtemissi
2400 3320 2636 3391 fuerant,
2672 3325 2909 3396 hospitia
2956 3329 3024 3382 iis
3051 3329 3145 3398 qui
3178 3331 3341 3385 simul
3367 3348 3534 3388 vene-

1968 3419 2094 3464 rant
2129 3411 2476 3467 ordinabant.
2529 3412 2638 3470 Nec
2680 3431 2810 3470 vero
2851 3418 2947 3487 qui
2996 3420 3236 3489 hospitio
3270 3423 3537 3493 suscipie-

1968 3499 2135 3564 bant,
2180 3501 2461 3558 alacritate
2517 3515 2675 3562 erant
2719 3507 3009 3564 inferiores
3056 3511 3124 3566 iis
3167 3511 3261 3582 qui
3302 3513 3534 3585 hospitia

1966 3592 2332 3661 postulabant.
2368 3593 2615 3662 Quorum
2660 3614 2784 3655 cum
2827 3599 2962 3655 nihil
3009 3603 3171 3658 sciret
3198 3602 3412 3672 Petrus,
3444 3623 3536 3663 ro-

1965 3697 2121 3755 gatus
2159 3704 2188 3742 a
2219 3691 2398 3757 nobis,
2423 3691 2607 3746 cibum
2644 3708 2882 3763 sumere,
2923 3712 3271 3768 nequaquam
3301 3716 3360 3756 se
3383 3717 3536 3756 sum-

1963 3786 2185 3848 pturum
2214 3781 2375 3848 dixit,
2407 3783 2513 3838 nisi
2543 3785 2698 3855 prius
2726 3788 2818 3857 qui
2852 3803 2978 3844 eum
3032 3787 3253 3846 fuerant
3291 3793 3534 3850 comitati

1963 3868 2467 3941 interquiescerent.
2521 3875 2996 3948 Respondentibus
3033 3891 3214 3938 autem
3261 3885 3444 3951 nobis,
3475 3887 3532 3943 ld

1958 3967 2068 4037 jam
2113 3969 2185 4024 ita
2222 3969 2424 4026 factum
2467 3983 2572 4043 est,
2609 3976 2710 4044 eis,
2744 3986 2967 4047 propter
3007 3994 3249 4036 amorem
3294 3997 3420 4054 erga
3457 3993 3531 4045 te.

1961 4079 2151 4120 omnes
2198 4065 2346 4135 ipsos
2390 4067 2635 4122 studiose
2679 4068 3126 4138 suscipientibus,
3159 4071 3294 4126 adeo
3325 4083 3407 4142 ut,
3434 4076 3531 4144 qui

1959 4171 2067 4211 non
2114 4156 2458 4224 habuerunt,
2497 4173 2638 4228 quos
2689 4159 2926 4230 hospitio
2979 4161 3314 4232 reciperent,
3364 4181 3530 4235 supra

1959 4249 2180 4302 modum
2223 4248 2424 4304 fuerint
2448 4251 2780 4316 contristati,
2833 4249 3026 4307 Petrus
3055 4253 3238 4308 audita
3273 4270 3352 4322 re,
3384 4256 3530 4312 dele-

1960 4349 2135 4395 ctatus
2173 4349 2423 4411 prompta
2453 4335 2813 4409 humanitate,
2847 4343 3147 4400 benedictis
3174 4346 3241 4401 iis
3271 4361 3526 4416 egressus

275 4443 378 4496 καὶ
413 4441 663 4515 θαλάσσῃ
687 4442 1018 4514 λουσάμενος
1051 4441 1298 4512 εἰσῆλθεν
1320 4440 1386 4507 ³⁸,
1419 4440 1511 4494 καὶ
1547 4439 1729 4493 σιτίων
1763 4439 1858 4492 σὺν

1971 4440 2042 4486 est
2081 4447 2095 4486 :
2133 4446 2366 4501 cumque
2411 4431 2632 4490 lavisset
2675 4433 2730 4487 in
2778 4434 2938 4501 mari,
2997 4434 3277 4505 ingressus
3322 4447 3425 4503 est,
3471 4445 3528 4492 et

271 4539 397 4600 τοῖς
431 4536 682 4607 προόδοις
723 4534 1060 4608 μεταλαϐὼν,
1093 4535 1328 4608 ἑσπέρας
1357 4531 1858 4606 ἐπικαταλαϐούσης

275 4629 560 4684 ὕπνωσεν.

349 4718 449 4774 111.
493 4718 626 4774 Ὑπὸ
651 4719 708 4774 δὲ
736 4719 835 4782 τὰς
859 4717 1116 4790 δευτέρας
1141 4716 1250 4771 τῶν
1275 4715 1642 4788 ἀλεκτρυόνων
1671 4715 1856 4786 φωνάς

267 4806 620 4872 διῦπνισθεὶς
649 4803 806 4880 εὗρεν
831 4809 977 4880 ἡμᾶς
1010 4806 1372 4880 ἐγρηγορότας
1405 4806 1472 4869 ³⁸,
1492 4801 1634 4877 ἦμεν
1664 4805 1721 4858 δὲ
1756 4806 1853 4859 σὺν

265 4895 439 4968 αὐτῷ
471 4896 522 4949 οι
555 4895 750 4963 πάντες
789 4897 1107 4962 ἑκκαίδεκα,
1138 4895 1299 4960 αὐτὸς
1341 4897 1371 4951 ό
1415 4896 1640 4968 Πέτρος,
1693 4895 1850 4967 183

266 4986 447 5058 κάγὼ
485 4986 516 5040 6
559 4986 788 5060 Κλήμης
810 5026 826 5053 ,
873 4987 1116 5061 Νικήτης
1145 5004 1206 5040 τε
1249 4987 1343 5041 καὶ
1384 4985 1644 5053 Ἀκύλας,
1677 4987 1772 5040 καὶ
1801 4987 1852 5040 οἱ

265 5076 713 5156 προοδεύσαντες
771 5076 998 5132 δώδεκα.
1046 5076 1500 5150 Προσαγορεύσας
1554 5072 1648 5132 οὖν
1704 5077 1852 5149 ἡμᾶς

265 5172 416 5242 ἔφη’
477 5169 724 5240 Σήμερον
768 5170 882 5232 τοῖς
925 5168 1031 5236 ἔξω
1079 5167 1156 5242 μὴ
1206 5168 1554 5240 σχολάζοντες
1603 5160 1852 5242 άλλήλοίς

266 5263 456 5336 ἐσμὲν
512 5259 777 5332 εὖσχολοι.
811 5259 902 5314 Διὸ
947 5259 1058 5331 ἐγὼ
1112 5261 1212 5335 μὲν
1262 5261 1391 5334 ὑμῖν
1438 5260 1510 5315 τά
1561 5261 1697 5334 μετὰ
1735 5260 1849 5335 ,τήν

1959 4531 2246 4592 postquam
2288 4521 2472 4577 cibum
2516 4538 2640 4577 cum
2689 4523 3126 4593 praacursoribus
3173 4527 3520 4597 sumpsisset,

1866 4665 1868 4667 .
1958 4622 2117 4668 nocte
2152 4613 2472 4670 adveniente
2501 4629 2697 4671 somno
2725 4631 2784 4672 se
2815 4617 2984 4673 dedit.

2027 4702 2116 4758 Ill.
2143 4704 2256 4760 Sub
2275 4707 2572 4762 secundum
2590 4722 2720 4763 vero
2736 4708 3003 4779 gallorum
3030 4716 3247 4765 cantum
3270 4725 3522 4783 experge-

1955 4792 2135 4851 factus
2165 4812 2263 4852 nos
2293 4795 2496 4852 invenit
2524 4797 2845 4867 vigilantes;
2877 4814 3098 4856 eramus
3122 4809 3301 4856 autem
3330 4817 3522 4860 omnes

1952 4903 2078 4944 cum
2100 4905 2165 4944 eo
2186 4889 2444 4957 sedecim,
2469 4891 2586 4962 ipse
2614 4891 2808 4948 Petrus
2825 4902 2880 4948 et
2894 4908 2996 4965 ego
3011 4893 3284 4962 Clemens,
3301 4893 3520 4954 Nicetas

1951 4985 2236 5055 etAquila,
2253 4994 2416 5056 atque
2435 4985 2721 5042 duodecim
2743 4985 2836 5056 qui
2858 4987 3144 5058 praegressi
3165 4987 3396 5046 fuerant.
3422 4990 3520 5049 Sa-

1951 5077 2136 5135 lutatis
2155 5093 2287 5150 ergo
2307 5079 2466 5134 nobis
2483 5079 2649 5134 dixit:
2673 5078 2844 5136 Hodie
2859 5079 2987 5149 quia
3004 5080 3127 5136 aliis
3143 5084 3390 5153 occupati
3404 5100 3516 5141 non

1951 5182 2164 5236 sumus,
2194 5169 2352 5224 nobis
2374 5184 2655 5226 vacemus.
2689 5167 2954 5236 Quocirca
2981 5185 3083 5242 ego
3106 5172 3327 5242 quidem
3354 5174 3516 5231 vobis

1949 5277 2072 5334 qua
2118 5263 2263 5334 apud
2295 5260 2500 5336 Tyrum
2549 5271 2674 5334 post
2723 5263 3028 5334 digressum
3073 5273 3316 5321 vestrum
3362 5273 3516 5336 gesta

1558 5397 2252 5469 VARIE._LECT10NES.

279 5533 310 5609 Ἀ
344 5539 402 5609 ’⁸7
426 5535 625 5609 πείραν
652 5532 738 5609 _C.

839 5535 886 5569 “
909 5535 1062 5606 Alius
1115 5536 1362 5606 praeferet
1407 5536 1707 5606 συνετίσας,
1764 5551 1874 5606 nec

1971 5535 2184 5591 Imerito
2214 5535 2256 5592 C
2297 5551 2314 5604 ;
2374 5533 2692 5606 auVegOlaac
2712 5534 2779 5592 0.
2855 5536 2903 5574 "
2933 5527 3142 5606 Βύϐλον
3161 5531 3306 5606 Epit.
3335 5547 3386 5606 c_.
3409 5531 3504 5588 58.

267 5607 320 5641 "
347 5603 615 5678 οὐδεμιᾶς
641 5605 706 5662 Ο.
782 5607 936 5660 “Ma
1021 5603 1139 5660 ’νου
1159 5605 1304 5678 Epit.
1319 5625 1368 5664 c.
1402 5609 1492 5666 59.
1539 5608 1585 5642 ³⁸
1617 5603 1821 5663 δέὀῐη.
1851 5604 1874 5662 (

268 5677 455 5734 σινυῡ.
531 5676 576 5710 ³⁸
610 5675 790 5736 Malim
815 5680 881 5744 τῇ
903 5623 1051 5744 egi:
1073 5677 1468 5744 φιλανθρωπία.
1494 5676 1553 5736 8.
1585 5679 1630 5714 ³⁸
1651 5676 1874 5735 είσελθώ

1995 5606 2039 5640 ³¹
2064 5607 2192 5711 πρὶν
2217 5607 2252 5680 ή
2277 5603 2343 5664 C.
2417 5606 2462 5639 ³¹
2489 5604 2638 5663 Fort.
2665 5606 2768 5678 leg.
2800 5606 3034 5661 πάντων.
3064 5604 3123 5660 8.
3198 5605 3243 5636 ³³
3267 5603 3506 5672 ξενίσω-

1971 5682 1994 5733 ὲ.
2086 5678 2108 5712 ⁸
2155 5677 2529 5744 άγρηγορότας
2559 5676 2624 5736 0.
2649 5675 2787 5736 Tum
2809 5676 2870 5744 ἐξ
2895 5677 2988 5732 καὶ
3010 5676 3142 5733 δέκα
3163 5673 3228 5736 C.

268 5677 455 5734 σινυῡ.
491 5675 501 5678 ”
531 5676 576 5710 ³⁸
610 5675 790 5736 Malim
815 5680 881 5751 τῇ
903 5679 932 5732 ό

963 5677 1051 5748 είᾳ
1073 5675 1468 5751 φιλανθρωπίᾳ.
1494 5676 1553 5736 8.
1585 5679 1630 5714 ³⁸
1651 5676 1905 5735 είσελθών
1931 5675 1994 5737 C.
2086 5678 2108 5712 ⁸

2155 5673 2529 5751 άγρηγορότας
2559 5676 2624 5736 0.
2649 5673 2787 5736 Tum
2809 5676 2870 5747 te
2895 5677 2988 5732 καὶ
3010 5676 3142 5733 δέκα
3163 5673 3228 5736 C.
