4084 6148
549 281 662 342 227

1386 284 1444 340 b‘.
1483 281 1866 340 CLEMENTIS
1902 282 1923 337 Ι
1959 281 2122 339 ROM.
2163 284 2361 342 PONT.
2401 282 2629 342 OPERA
2665 285 2891 346 DUBIA.

3668 288 3786 350 223

552 415 701 472 sunt,
736 404 1002 464 enarrabo
1044 421 1057 457 :
1099 416 1196 458 vos
1237 410 1419 456 autem
1465 401 1600 456 mihi
1647 416 1768 472 qua:
1809 401 1899 456 hic
1949 417 1979 456 a
2015 400 2105 454 Si-

2207 403 2315 457 ἀπδ
2361 403 2538 475 Τύρου
2571 405 2616 437 ³⁷
2639 405 2816 470 ἔξοδον
2846 405 3184 478 γεγενημένα
3228 405 3583 480 διηγήσομαι,
3619 409 3786 481 δμεῖς

552 511 715 552 mone
747 504 1056 566 perpetrata
1101 501 1252 558 sunt,
1281 493 1595 563 diligentius
1647 493 1919 562 exponite.
1969 492 2107 548 Cum

552 587 716 658 igitur
743 599 844 640 nos
883 593 1073 638 mutuo
1105 581 1434 652 specialibus
1465 583 1871 637 narrationibus
1911 583 2109 638 donas-

551 693 756 743 semus,
795 677 1073 746 ingressus
1097 683 1182 729 est
1211 674 1433 744 quidam
1479 689 1510 729 e
1539 672 1919 739 familiaribus,
1963 676 2110 730 hunc

550 768 804 824 nuntium
831 765 990 821 Petro
1039 764 1302 819 aﬂ’erens:
1328 762 1540 832 Simon,
1585 763 1678 818 ubi
1721 763 1909 819 didicit
1937 773 1989 820 te
2014 766 2110 820 ad—

547 859 783 925 venisse,
808 871 1000 912 versus
1023 854 1236 927 Syriam
1266 854 1541 924 profectus
1571 863 1676 920 est,
1703 855 1877 910 turba:
1903 866 2106 921 autem,

547 967 670 1023 qua:
689 965 854 1005 unam
881 949 1021 1004 hanc
1044 957 1257 1004 noctem
1281 947 1429 1002 velut
1473 962 1714 1001 annuum
1745 955 1958 1018 tempus
1990 947 2109 1016 opi-

546 1054 771 1109 nantur,
802 1057 903 1096 nec
927 1050 1159 1110 possunt
1186 1039 1550 1110 praestitutum
1590 1053 1620 1092 a
1655 1047 1708 1093 te
1735 1039 1877 1094 diem
1917 1054 2109 1109 exspe-

545 1142 716 1199 ctare,
751 1147 853 1202 pro
893 1130 1103 1186 foribus
1143 1139 1317 1197 stant,
1349 1137 1404 1185 et
1429 1145 1524 1200 per
1552 1138 1728 1185 cretus
1769 1143 1834 1184 ac
1871 1130 2108 1186 circulos

544 1223 614 1280 de
635 1223 874 1280 Simonis
899 1221 1186 1278 calumniis
1224 1221 1365 1276 inter
1400 1236 1460 1276 se
1489 1220 1719 1275 invicem
1765 1221 2096 1291 colloquun-

546 1325 657 1381 tur,
679 1316 915 1386 quicum
932 1329 1028 1370 eas
1050 1313 1104 1368 in
1125 1327 1274 1384 spem
1297 1311 1630 1378 adduxisset,
1653 1320 1815 1383 atque
1835 1313 2108 1382 pollicitus

545 1417 690 1464 esset
709 1408 852 1478 quod
884 1417 935 1462 te
960 1406 1148 1462 multis
1173 1405 1240 1460 de
1267 1403 1589 1460 criminibus
1617 1415 1937 1474 praesentem
1963 1415 2110 1461 esset

544 1500 914 1565 convicturus,
962 1497 1178 1568 cognito
1225 1495 1456 1551 adventu
1506 1503 1601 1550 tuo
1647 1511 1706 1551 se
1744 1504 1905 1551 noctu
1937 1497 1992 1552 in
2021 1496 2108 1552 fu-

545 1603 666 1660 gam
691 1585 1019 1656 coniecerit:
1048 1583 1143 1640 sed
1173 1592 1227 1638 et
1254 1593 1305 1638 te
1333 1583 1521 1638 audire
1549 1583 1890 1652 desiderant;
1921 1586 2107 1642 nescio

543 1679 690 1735 enim
727 1677 873 1731 unde
907 1690 1098 1730 rumor
1136 1674 1356 1740 incidit,
1384 1675 1544 1743 quasi
1579 1674 1743 1730 hodie
1777 1676 1856 1731 sis
1885 1677 1951 1731 ad
1984 1677 2105 1735 illos

544 1769 850 1825 locuturus.
867 1765 944 1822 Ne
959 1767 1364 1838 igiturmultum
1398 1764 1610 1836 fatigati
1626 1776 1820 1836 praeter
1836 1769 2102 1826 rationem

545 1859 910 1927 dimittantur,
953 1858 1086 1929 quid
1132 1856 1229 1912 tibi
1273 1855 1584 1913 faciendum
1628 1857 1720 1924 sit,
1762 1857 1878 1927 ipse
1904 1873 2106 1931 cogno-

545 1953 679 2009 scis.

613 2041 706 2098 IV.
741 2042 808 2098 Et
827 2041 1043 2108 Petrus,
1075 2040 1373 2096 admiratus
1401 2039 1549 2110 vulgi
1587 2042 1852 2112 studium,
1880 2058 2105 2115 respon-

545 2133 944 2201 dit:Videtis,
992 2132 1224 2200 fratres,
1287 2147 1396 2203 quo
1452 2145 1612 2202 pacto
1655 2132 1872 2190 Domini
1933 2135 2104 2191 nostri

545 2225 714 2281 verba
776 2225 1068 2280 manifesto
1133 2223 1478 2294 impleantur.
1533 2221 1754 2278 Memini
1793 2225 1939 2280 enim
1980 2241 2105 2280 eum

543 2317 724 2372 dicere
761 2332 776 2369 :
822 2315 981 2369 Multi
1030 2316 1232 2369 uenient
1290 2313 1354 2368 ab
1410 2314 1606 2368 oriente
1663 2323 1712 2368 et
1759 2317 2042 2383 occidente,
2073 2330 2108 2372 ιι

545 2407 894 2478 septentrione
940 2416 990 2462 et
1046 2406 1291 2470 meridie,
1358 2414 1409 2459 et
1451 2405 1746 2461 recumbcnt
1801 2408 1858 2461 in
1903 2408 2106 2463 sinibus

543 2501 790 2567 Abrahae,
829 2500 1008 2556 Isaaci
1037 2509 1086 2555 et
1112 2499 1299 2553 Jacobi
1323 2511 1374 2556 α.
1425 2498 1531 2554 Sed
1561 2508 1616 2554 et
1669 2499 1850 2566 Multi,
1908 2501 2102 2572 inquit,

541 2595 731 2660 uocati,
783 2595 938 2663 pauci
992 2609 1109 2646 vero
1138 2592 1289 2646 electi
1321 2592 1370 2645 δ.
1408 2589 1560 2656 Quod
1598 2607 1726 2662 ergo
1759 2592 1861 2661 ipsi
1888 2593 2108 2648 veniant

546 2686 749 2751 vocati,
791 2685 845 2738 id
885 2683 1236 2753 adimpletum
1276 2693 1379 2738 est.
1427 2681 1566 2748 Quia
1599 2699 1728 2738 vero
1755 2684 1858 2739 hoc
1889 2699 1994 2739 non
2023 2694 2108 2741 est

541 2789 734 2828 eorum
783 2773 1088 2842 pr0prium,
1137 2772 1233 2828 sed
1264 2780 1348 2826 est
1379 2771 1472 2826 Dei
1508 2773 1600 2843 qui
1648 2789 1743 2829 eos
1785 2775 2000 2830 vocavit
2041 2792 2106 2833 ac

541 2865 672 2920 fecit
697 2863 962 2927 venire,in
985 2877 1056 2919 oo
1078 2863 1194 2918 solo
1225 2864 1526 2919 mercedem
1547 2879 1654 2919 non
1676 2877 2102 2937 consequuntur,

541 2954 801 3025 quoniam
855 2954 1100 3023 ipsorum
1143 2952 1424 3023 proprium
1463 2968 1573 3008 non
1599 2962 1702 3022 est,
1743 2955 1837 3010 sed
1867 2956 1987 3025 ejus
2010 2957 2105 3027 qui

2207 493 2265 547 δὲ
2289 494 2334 526 ⁸⁸
2359 496 2480 565 ἐμοὶ
2518 495 2588 548 τὰ
2620 497 2852 550 ἐνταῦθα
2879 497 2982 550 ὑπὸ
3008 497 3101 550 τοῦ
3135 499 3376 568 Σίμωνος
3408 503 3785 570 πεπραγμένα

2209 584 2302 638 καὶ
2341 585 2724 656 ἀκριϐέστερον
2754 586 3094 659 ἐξηγήσασθε
3109 587 3174 641 ⁸⁹.
3215 588 3627 659 Ἀμειψαμένων
3681 587 3785 644 οὖν

2207 676 2465 748 ἀλλήλους
2514 679 2635 741 ταῖς
2666 677 2724 730 ἐν
2767 677 2920 749 μέρει
2950 677 3296 749 διηγήσεσιν,
3331 679 3502 749 εἰσῄει
3541 697 3624 744 τις
3667 681 3784 734 τῶν

2210 766 2450 839 συνήθων
2496 768 2849 836 ἀπαγγέλλων
2893 767 3108 839 Πέτρῳ’
3158 769 3239 821 δτι
3284 769 3465 840 Σίμων
3500 771 3687 840 μαθών
3719 790 3784 826 σε

2207 857 2614 928 ἐπιδημήσαντα
2664 857 2763 926 τήν
2819 856 2911 909 ἐπὶ
2959 853 3158 926 Συρίαν
3223 855 3478 928 ὥρμησεν
3525 857 3684 923 ὁδὸν,
3728 861 3781 914 οί

2205 948 2264 1001 δὲ
2315 947 2458 1016 ὄχλοι
2501 947 2599 1018 τὴν
2653 947 2780 1018 μίαν
2823 943 3025 1018 ταύτην
3066 945 3235 1000 νύκτα
3262 947 3338 1012 ὡς
3369 949 3612 1002 ἐνιαυτοῦ
3643 951 3780 1020 χρό-

2207 1055 2296 1092 νον
2341 1039 2712 1111 ἡγησάμενοι,
2765 1041 2859 1093 καὶ
2910 1039 3194 1110 ἀναμένειν
3237 1040 3336 1110 τὴν
3381 1039 3622 1092 δοθεῖσαν
3669 1040 3782 1095 ὑπὸ

2210 1129 2305 1184 σοῦ
2365 1131 2700 1202 προθεσμίαν
2761 1132 2835 1203 μὴ
2895 1131 3217 1202 δυνάμενοι,
3270 1131 3376 1201 πρὸ
3421 1130 3530 1184 τῶν
3564 1131 3782 1203 ιθυρῶν

2209 1221 2520 1292 ἑστήκασιν,
2555 1219 2697 1274 κατά
2743 1219 3019 1286 συντάξεις
3049 1220 3094 1250 ⁸ο
3136 1220 3230 1272 κα)⁸
3281 1217 3567 1286 συλλόγους
3602 1217 3779 1289 ἀλλή-

2206 1308 2318 1374 λοις
2364 1312 2492 1381 περὶ
2529 1311 2628 1382 τῆς
2677 1309 2771 1363 τοῦ
2814 1311 3054 1382 Σίμωνος
3087 1309 3336 1380 διαϐολῆς
3372 1308 3780 1373 διαλαλοῦντες,

2206 1402 2289 1455 ὅτι
2323 1401 2656 1473 μετεωρίσας
2696 1402 2920 1465 αὐτοὺς,
2967 1400 3063 1455 καὶ
3097 1401 3190 1454 ἐπὶ
3221 1401 3432 1464 πολλοῖς
3471 1403 3659 1464 κακοῖς
3714 1418 3780 1454 σε

2207 1494 2443 1564 ἐλέγξειν
2496 1493 2716 1547 ἐλθόντα
2747 1494 3134 1565 ὑποσχόμενος,
3177 1493 3584 1566 ἐπιδημήσαντα
3611 1491 3779 1560 γνοὺς

2206 1586 2421 1659 νύκτωρ
2475 1585 2706 1656 ἔφυγεν·
2764 1586 2905 1658 πλὴν
2945 1585 3299 1657 ἐπιθυμοῦσιν
3347 1585 3498 1640 αὐτοὶ
3541 1583 3777 1639 ἀκοῦσαί

2209 1696 2322 1732 σου.
2340 1679 2454 1732 Οὐκ
2483 1672 2599 1730 οῐδα
2631 1676 2793 1731 πόθεν
2825 1679 2979 1748 φήμη
3011 1695 3092 1740 τις
3124 1676 3406 1740 ἐπέπεσεν,
3443 1676 3519 1738 ὡς
3551 1675 3775 1745 μέλλον-

2204 1769 2296 1833 τός
2345 1786 2437 1822 σου
2489 1770 2723 1842 σήμερον
2770 1769 2952 1832 αὐτοῖς
2991 1767 3348 1836 διαλέγεσθαι.
3392 1768 3506 1820 Ἵνα
3551 1763 3642 1821 οὖν
3695 1767 3774 1838 μὴ

2205 1861 2299 1917 ἐπὶ
2343 1860 2475 1916 πολὺ
2517 1861 2782 1933 καμόντες
2831 1861 3038 1930 ἀλόγως
3080 1859 3414 1926 διαλύωνται,
3455 1859 3508 1912 τί
3554 1859 3658 1930 χρή
3709 1874 3775 1911 σε

2205 1953 2398 2015 ποιεῖν,
2424 1949 2586 2012 αὐτὸς
2612 1947 2916 2019 γινώσκεις.

2276 2040 2364 2096 1V.
2400 2040 2509 2094 Καὶ
2539 2042 2567 2093 ὁ
2587 2039 2811 2112 Πέτρος,
2831 2038 3114 2110 θαυμάσας
3144 2037 3253 2091 τῶν
3282 2037 3450 2108 δχλων
3480 2034 3577 2108 τὴν
3607 2053 3775 2089 σπου-

2204 2132 2320 2206 δὴν,
2357 2132 2704 2205 ἀπεκρίνατο·
2724 2132 2936 2204 Ὁρᾶτε,
2970 2126 3204 2199 ἀδελφοὶ,
3233 2129 3348 2192 πῶς
3371 2130 3420 2182 ot
3440 2127 3531 2181 τοῦ
3561 2126 3771 2200 Κυρίου

2204 2225 2362 2297 ἡμῶν
2422 2225 2567 2293 λόγοι
2622 2220 2877 2294 ἐμφανῶς
2937 2221 3234 2275 τελοῦνται.
3293 2221 3592 2291 Μέμνημαι
3659 2217 3772 2290 γάρ

2205 2316 2370 2372 αὑτοῦ
2396 2316 2635 2378 εἰπόντος
2656 2331 2670 2344 ·
2692 2312 2919 2369 Πολλοὶ
2945 2313 3295 2367 ἐλεύσονται
3321 2310 3438 2365 ἀπὸ
3458 2307 3772 2366 ἀνατολῶν

2205 2408 2304 2465 καί
2333 2406 2598 2478 δυσμῶν,
2624 2405 2842 2474 ἄρκτου
2868 2421 2930 2458 τε
2961 2403 3060 2459 καὶ
3079 2403 3464 2473 μεσημϐρίας,
3497 2399 3596 2454 καί
3626 2401 3774 2454 ἁνα-

2205 2499 2589 2568 κλιθήσονται
2609 2500 2695 2564 είς
2715 2498 2980 2562 κόλπους
3010 2494 3260 2563 Ἀϐραὰμ
3277 2492 3375 2546 καὶ
3393 2490 3771 2562 ιεάκισαὰκ

2205 2591 2303 2646 καί
2348 2589 2565 2647 Ἰακώϐ.
2622 2585 2784 2641 Ἀλλά
2843 2587 2937 2640 καὶ
2989 2584 3238 2648 πολλοὶ,
3279 2585 3477 2656 φησὶν,
3535 2581 3766 2650 κλητοί,

2205 2681 2394 2751 ὀλίγοι
2423 2678 2492 2732 δὲ
2521 2677 2810 2733 ἐκλεκτοί.
2845 2675 2920 2730 Τὸ
2953 2677 3057 2748 μὴν
3089 2671 3180 2730 οὖν
3214 2675 3385 2728 ἐλθεῖν
3415 2673 3609 2736 αὐτοῦς
3637 2674 3772 2746 κλη-

2205 2771 2394 2834 θέντας
2449 2769 2820 2840 πεπλήρωται.
2888 2767 3040 2821 Ἐπεὶ
3093 2767 3151 2820 δὲ
3193 2766 3239 2800 δι
3292 2765 3392 2819 οὐκ
3442 2764 3618 2819 αὐτῶν
3649 2767 3766 2816 ἐστι

2203 2861 2361 2916 τοῦτο
2407 2861 2555 2926 ἴδιον,
2608 2859 2742 2914 ἀλλὰ
2783 2859 2876 2913 τοῦ
2909 2859 3232 2922 καλέσαντος
3281 2858 3475 2921 αὐτοὺς
3500 2856 3633 2910 Θεοῦ
3673 2857 3773 2909 καὶ

2204 2952 2375 3008 ἐλθεῖν
2429 2953 2819 3026 πεποιηκότος,
2876 2952 2972 3005 ἐπὶ
3019 2951 3192 3022 τούτῳ
3244 2951 3387 3023 μόνῳ
3435 2949 3621 3022 μισθὸν
3665 2950 3770 3002 οὐκ

542 3047 828 3117 permovit.
889 3044 1044 3112 Quod
1107 3045 1154 3101 si
1203 3051 1330 3113 post
1375 3045 1715 3101 vocationem
1757 3047 1900 3102 bona
1943 3063 2104 3118 opera

2207 3048 2439 3118 ἔχουσιν,
2461 3047 2542 3101 δτι
2568 3048 2641 3118 μὴ
2674 3045 2852 3100 αὐτῶν
2883 3044 3032 3108 ῐδιον,
3059 3043 3194 3098 ἀλλά
3228 3044 3321 3098 τοῦ
3353 3045 3768 3115 ἐνεργήσαντοςο

542 3134 786 3201 faciant,
836 3134 982 3204 quod
1023 3148 1212 3188 eorum
1253 3141 1336 3188 est
1377 3134 1683 3204 proprium,
1732 3142 1864 3190 tunc
1895 3150 1993 3206 pro
2037 3151 2105 3192 eo

542 3227 806 3294 recipient
838 3224 1164 3280 mercedem.

611 3317 677 3371 ν.
729 3315 914 3386 Neque
941 3317 1085 3371 enim
1117 3315 1346 3381 Hebraei,
1374 3314 1545 3386 Moysi
1573 3317 1871 3385 credentes,
1903 3326 1958 3373 et
1983 3334 2104 3389 quae

545 3411 616 3465 ab
653 3427 718 3464 eo
743 3409 890 3464 dicta
928 3417 1058 3464 sunt
1103 3423 1212 3462 non
1248 3409 1638 3476 custodientes,
1665 3406 1964 3473 salvantur,
1996 3409 2103 3467 nisi

539 3517 660 3572 quae
702 3501 805 3556 sibi
843 3501 987 3555 dicta
1028 3499 1522 3574 suntcustodiant.
1572 3496 1707 3552 Nam
1752 3499 1896 3568 quod
1928 3496 2101 3570 Moysi

538 3591 887 3658 crediderint,
927 3605 1036 3645 non
1081 3605 1149 3644 ex
1199 3589 1418 3643 illorum
1468 3597 1651 3644 ortum
1697 3599 1779 3644 est
1804 3589 2098 3656 voluntate,

537 3678 631 3736 sed
683 3695 751 3734 ex
802 3678 896 3734 Dei
948 3678 1044 3750 qui
1093 3677 1267 3750 Moysi
1326 3679 1464 3735 dixit
1517 3698 1533 3736 :
1590 3679 1727 3736 Ecce
1785 3699 1878 3754 ego
1929 3683 2120 3737 accedo

538 3771 608 3824 ad
644 3779 692 3824 te
722 3770 778 3824 in
803 3768 1050 3824 columna
1085 3768 1270 3834 nubis,
1315 3778 1374 3822 ut
1413 3771 1602 3826 audiat
1651 3774 1874 3844 populus
1905 3773 2117 3845 quando

539 3863 724 3930 loquor
774 3865 844 3915 ad
918 3869 1010 3926 te,
1069 3869 1120 3914 et
1183 3860 1279 3914 tibi
1322 3863 1560 3916 .crcdant
1624 3864 1681 3917 in
1752 3873 2007 3921 ceter-num
2061 3875 2112 3920 θ.

546 3953 684 4008 Cum
728 3967 856 4021 ergo
893 3947 1134 4004 Hebraeis
1173 3958 1228 4004 et
1272 3948 1358 4016 iis,
1398 3949 1493 4020 qui
1527 3965 1594 4005 ex
1625 3950 1873 4021 gentibus
1923 3950 2099 4005 vocati

540 4054 688 4108 sunt,
718 4058 748 4096 a
773 4041 884 4096 Deo
917 4041 1105 4094 datum
1141 4041 1214 4094 sit
1239 4041 1458 4095 credere
1487 4041 1733 4095 veritatis
1762 4041 2096 4108 doctoribus,

540 4135 898 4204 relictumque
929 4133 1001 4188 sit
1038 4132 1378 4202 singulorum
1430 4132 1648 4201 proprio
1687 4131 1914 4201 judicio,
1953 4131 2095 4187 bona

541 4241 702 4296 opera
754 4240 1048 4290 exercere,
1112 4238 1320 4279 merces
1371 4220 1509 4277 bene
1557 4222 1906 4292 operantibus
1952 4223 2096 4291 juste

540 4316 872 4387 rependitur.
913 4313 1101 4384 Neque
1139 4314 1284 4368 enim
1329 4312 1516 4378 Mosis,
1567 4327 1743 4382 neque
1766 4311 1968 4366 Christi
2001 4311 2096 4366 ad-

2215 3140 2341 3194 Ἕάν
2374 3139 2431 3192 δὲ
2474 3137 2610 3209 μετά
2653 3136 2714 3189 τὸ
2747 3137 2791 3168 δ’
2823 3134 3083 3204 κληθῆναι
3115 3133 3254 3187 καλά
3288 3131 3582 3204 πράξωσιν,
3631 3133 3770 3205 ὅπερ

2204 3227 2352 3284 ἐστὶν
2382 3227 2559 3280 αὐτῶν
2589 3226 2741 3290 ἴδιον,
2767 3223 2888 3278 τότε
2922 3223 3015 3278 ἐπὶ
3045 3223 3217 3294 τούτῳ
3248 3223 3433 3293 μισθὸν
3461 3222 3693 3288 ἕξουσιν.

2273 3318 2341 3373 γ.
2398 3318 2532 3372 Ούδὲ
2580 3316 2688 3389 γὰρ
2753 3315 2989 3388 Ἑϐραῖοι
3043 3316 3271 3370 Μωῡσεῖ
3310 3313 3354 3346 ⁵³
3396 3313 3764 3380 πιστεύοντες,

2202 3412 2297 3466 καὶ
2328 3415 2396 3464 ea
2426 3410 2491 3463 δι’
2511 3409 2674 3464 αὐτοῦ
2711 3408 2939 3481 ρηθέντα
2970 3405 3043 3478 μὴ
3072 3406 3450 3476 φυλάσσοντες,
3481 3403 3763 3470 σώζονται,

2200 3503 2297 3556 ἐὰν
2324 3500 2397 3574 μὴ
2422 3499 2490 3554 τά
2522 3500 2754 3572 ρηθέντα
2788 3499 2968 3560 αὐτοῖς
3000 3496 3322 3567 φυλάξωσιν.
3359 3498 3481 3550 Ὅτι
3511 3498 3606 3551 καὶ
3631 3499 3694 3552 τὸ
3719 3498 3768 3532 ⁸⁵

2199 3593 2422 3650 Μωῡσεῖ
2469 3589 2754 3644 πιστεῦσαι
2802 3588 2997 3652 αὐτοὺς
3045 3589 3164 3659 οὐχὶ
3207 3589 3307 3660 τῆς
3343 3587 3518 3642 αὐτῶν
3567 3589 3764 3659 βουλῆς

2199 3684 2443 3754 γέγονεν,
2490 3682 2623 3736 ἀλλά
2670 3679 2763 3733 τοῦ
2803 3678 2937 3732 Θεοῦ
2980 3676 3074 3730 τοῦ
3119 3673 3397 3748 εἰρηκότος
3443 3676 3758 3729 Μωΰσεῖ“ο

2197 3767 2346 3824 Ἰδοὺ
2370 3766 2760 3838 παραγίνομαι
2781 3765 2895 3838 ἐγὼ
2916 3765 3064 3837 πρὸς
3081 3768 3155 3823 σὲ
3171 3767 3242 3822 ἐν
3263 3767 3466 3833 στύλῳ
3479 3763 3763 3834 νεφέάης,

2199 3857 2302 3914 ινα
2335 3859 2574 3928 ἀκούσῃ
2609 3862 2642 3914 ὁ
2668 3859 2817 3926 λαός
2849 3859 3186 3926 λαλοῦντός
3211 3877 3328 3929 μου
3365 3858 3506 3928 πρὸς
3537 3857 3632 3922 σὲ,
3665 3855 3770 3909 και

2199 3961 2298 4002 σοι
2323 3949 2736 4005 πιστεύσωσιν
2755 3950 2842 4017 είς
2861 3949 2965 4005 τὸν
2985 3950 3188 4005 αἰῶνα.
3205 3952 3358 4005 Ἐπεὶ
3376 3946 3468 4005 οὖν
3495 3949 3767 4021 Ἑϐραίοις

2199 4054 2260 4094 τε
2299 4041 2393 4094 καὶ
2435 4043 2547 4104 τοῖς
2583 4041 2689 4095 ἀπὺ
2728 4041 2895 4096 ἐθνῶν
2935 4041 3291 4111 κεκλημένοις
3333 4041 3395 4095 τὸ
3432 4039 3767 4101 διδασκάλοις

2200 4129 2454 4202 ἀληθείας
2479 4132 2763 4186 πιστεῦσαι
2789 4133 2852 4186 ἐκ
2876 4130 3009 4187 Θεοῦ
3031 4132 3271 4200 γέγονεν,
3293 4131 3400 4186 τῶν
3421 4130 3598 4184 καλῶν
3625 4128 3770 4200 πρά-

2203 4220 2338 4289 ξεων
2371 4221 2474 4294 ίδίᾳ
2508 4221 2687 4294 κρίσει
2725 4223 2939 4295 ἑκάστῳ
2980 4224 3153 4276 ποιεῖν
3199 4221 3705 4292 ἀπολελειμμένων,
3737 4219 3772 4272 δ

2205 4315 2396 4388 μισθὸς
2424 4316 2536 4379 τοῖς
2576 4310 2636 4368 εὖ
2669 4314 2970 4388 πράσσουσι
3006 4315 3231 4379 δικαίως
3274 4313 3601 4367 ἀποδίδοται.
3631 4313 3768 4368 Οὔτε

538 4417 703 4464 ventu
737 4423 874 4477 opus
916 4407 1128 4469 fuisset,
1159 4405 1204 4460 si
1243 4421 1272 4458 a
1307 4420 1364 4459 se
1398 4403 1531 4473 ipsis
1559 4403 1703 4472 quod
1733 4403 1933 4457 rationi
1966 4419 2096 4458 con-

2205 4410 2312 4482 γὰρ
2353 4409 2418 4464 ἂν
2462 4408 2768 4473 Μωῦσὲως,
2811 4407 2934 4462 οὕτε
2978 4408 3076 4479 τῆς
3113 4407 3208 4461 τοῦ
3258 4406 3430 4478 Ἰησοῦ
3466 4407 3773 4478 παρουσίας

541 4489 856 4557 seutaucuni
891 4506 976 4553 est
1009 4495 1307 4550 voluissent
1349 4493 1644 4564 intelligere
1673 4510 1686 4546 :
1716 4493 1809 4548 sed
1841 4508 1940 4548 nec
1981 4509 2094 4548 ma-

541 4593 725 4663 gistris
747 4589 1016 4645 credendo
1043 4602 1246 4656 eosque
1281 4585 1537 4641 dominos
1565 4585 1806 4640 vocando
1829 4586 1976 4642 salus
2005 4602 2096 4641 ac-

541 4682 796 4752 quiritur.

613 4770 700 4824 Vl.
748 4769 813 4823 Et
860 4769 980 4824 ideo
1037 4767 1106 4822 ab
1149 4765 1387 4821 Hebraeis
1433 4765 1650 4836 quidem
1704 4765 1798 4835 qui
1851 4762 2089 4836 Moysem

605 4905 636 4936 ι
664 4893 854 4953 Matth.
883 4913 1002 4964 vm,
1033 4897 1134 4964 li;
1167 4897 1304 4954 Luc.
1329 4914 1450 4967 nu,
1485 4898 1574 4954 29.
1649 4895 1679 4940 δ
1707 4898 1894 4953 Matth.
1933 4914 2023 4961 xx,
2053 4894 2140 4954 16.

2204 4504 2360 4576 χρεία
2389 4499 2478 4575 ἦν,
2517 4504 2672 4575 εἴπερ
2718 4502 2811 4571 ἀφ’
2850 4503 3054 4557 ἑαυτῶν
3086 4501 3146 4556 τὸ
3179 4499 3397 4570 εὔλογον
3441 4503 3581 4554 νοεῖν
3615 4499 3773 4553 ἐϐού-

2204 4597 2376 4660 λοντο,
2416 4594 2538 4648 οὐδὲ
2570 4595 2626 4648 ὲν
2662 4593 2740 4665 τῷ
2768 4592 3041 4647 πιστεύειν
3066 4591 3403 4656 διδασκάλοις
3430 4589 3522 4644 καὶ
3551 4590 3771 4660 κυρίους

2205 4687 2402 4750 αὐτοὺς
2432 4685 2629 4754 λέγειν,
2657 4686 2692 4756 ή
2724 4684 2966 4756 σωτηρία
2997 4683 3225 4752 γίνεται.

2278 4776 2367 4832 Vl.
2391 4775 2593 4829 Τούτου
2627 4775 2734 4848 γάρ
2769 4775 2875 4848 (15)
2901 4775 3083 4827 ἕνεκεν
3107 4773 3216 4826 ἀπὸ
3251 4771 3348 4844 μὲν
3381 4770 3647 4842 Ἐϐραίων
3681 4769 3773 4824 τὸν

2217 4909 2240 4938 ο
2272 4895 2444 4952 Exod.
2471 4913 2587 4966 xu,
2616 4895 2672 4954 9.

1753 5073 2016 5148 varum
2069 5089 2468 5149 LECTIONES.

623 5221 666 5298 ξ’
692 5223 797 5298 ἀπὸ
826 5224 920 5298 τοῦ
965 5223 1234 5298 ΤύρουΑΟ.

544 5297 588 5366 εξ
616 5294 941 5366 διηγήσασθε
962 5295 1026 5350 0.
1048 5294 1104 5366 '_
1121 5295 1166 5327 “
1199 5294 1481 5366 συστάσεις

1349 5223 1394 5310 ξ’
1423 5221 1553 5324 τερ
1583 5264 1598 5290 ,
1650 5221 1761 5324 qpill
1791 5222 2031 5324 sqbixmlg
2081 5227 2210 5324 ἐμοὶ
2250 5226 2319 5281 τά
2360 5243 2407 5282 c.
2459 5227 2517 5291 S,
2546 5229 2612 5283 τὰ
2660 5229 2781 5310 ἐμοί
2803 5230 2864 5286 C.
2891 5229 3203 5302 Proximum
3238 5233 3330 5288 καί
3359 5247 3462 5288 non
3487 5242 3570 5289 est
3601 5233 3653 5287 in
3678 5235 3744 5288 Ο.

1349 5311 1481 5324 ιρι-ιο
1773 5311 1833 5324 ,ε
2199 5299 2379 5324 x--.21.
2411 5302 2449 5324 Ι*
2496 5299 2630 5324 φη...
2656 5317 2811 5324 --μ-Α
2843 5316 2865 5324 Α
2913 5300 2956 5324 n
3051 5312 3106 5324 --ι
3145 5303 3392 5324 -,_-_-__!.
3446 5303 3477 5324 ο
3573 5304 3629 5324 -ι
3680 5307 3720 5324 ι-

653 5295 941 5366 ιηγήσασθε
962 5295 1026 5350 0.
1047 5293 1059 5298 ⁷
1121 5295 1166 5376 δέ
1199 5294 1481 5357 συστάσεις
1505 5294 1566 5348 C.
1646 5293 1708 5373 ’⁸⁸
1740 5295 1861 5375 ἐπεὶ
1902 5294 1959 5348 δέ
1995 5294 2051 5360 S,
2081 5293 2132 5350 0'
2157 5338 2171 5363 ,
2198 5299 2470 5424 ἐπειδᾌϋ.
2496 5299 2633 5353 Tum
2655 5293 2814 5352 τοῦτο
2838 5316 2886 5355 c.
2913 5300 2956 5355 0
2985 5343 3000 5367 ,
3051 5312 3110 5357 ut
3131 5299 3397 5374 proponit
3445 5303 3483 5358 S
3511 5343 3528 5366 ,
3569 5304 3632 5356 τό
3678 5307 3746 5360 C.

653 5363 748 5417 ετὰ
783 5365 843 5417 τό
866 5363 910 5418 0
939 5404 954 5424 ,
983 5362 1205 5424 utEmt.
1235 5379 1285 5418 c.
1309 5364 1397 5424 62,
1423 5363 1559 5424 μετά
1579 5379 1674 5415 του
1702 5363 1742 5418 C
1792 5379 1843 5416 In
1873 5371 2041 5420 textu.
2076 5367 2155 5421 Ad
2184 5382 2333 5422 oram
2411 5369 2703 5424 ttobouiani
2739 5369 2919 5424 :v60a.
2945 5382 2998 5424 et
3017 5374 3178 5424 naulo
3198 5383 3322 5424 mst
3357 5393 3371 5424 :
3401 5373 3746 5424 νοθευόηενα.

542 5363 588 5402 δ’
611 5362 843 5434 paeane
866 5363 910 5418 0
939 5404 954 5431 ,
983 5362 1205 5434 utEpit.
1235 5379 1285 5418 c.
1309 5364 1397 5427 62,
1423 5363 1559 5434 μετά
1574 5363 1674 5434 τοῦ
1702 5363 1742 5418 C
1791 5363 2041 5434 in_tettu.
2076 5362 2165 5421 Adi
2184 5382 2333 5422 oram

2411 5369 2707 5444 ttobouiani
2739 5369 2919 5444 :__vo_Q_a,
2945 5382 3005 5444 et
3017 5369 3178 5441 paulo
3198 5369 3322 5444 post
3357 5393 3371 5429 :
3401 5373 3721 5444 νοθευόμενα

542 5411 779 5502 ιιυᾚξιέιι
795 5411 1205 5504 ’ἐυὶεὶεῖῐιέηἳίξὶ
1226 5411 1486 5504 ,ἐρἐέἰαῗῖ
1501 5411 1923 5507 “nmmo:
1941 5411 2717 5510 ”ίὶ”τό’ῑ)ξὶιῖ”ῖηέὗίιῖἶὲ’ζ“ἑξ›
2739 5411 3651 5524 hi'irdm'ﬁl'i'gfof3:335:71:
3664 5411 3747 5500 ἳῖῖ

1831 5589 2184 5649 VARIORUM
2210 5590 2439 5647 ΝΟΤᾹΞ.

608 5702 725 5774 (l3)
763 5705 977 5762 Τούτου
1008 5707 1120 5775 γὰρ
1147 5723 1201 5761 κ.
1230 5723 1279 5760 τ.
1308 5705 1358 5760 λ.
1395 5705 1531 5766 Vide
1565 5723 1634 5765 ne
1672 5709 1922 5782 nugatori
1954 5707 2206 5768 Ebionaro
2225 5706 2384 5765 ﬁdem
2415 5705 2634 5766 habeas.
2665 5709 2801 5772 Cor.
