4084 6148
1339 241 1798 302 CLEMENTINA.
1839 271 1912 285 --
1935 238 2222 299 HOMILIA
2256 231 2404 296 VIII.

3484 244 3594 309 250

355 366 598 438 Μωῦσῆν
626 365 673 398 ⁸⁸
697 364 1019 420 διδᾶσκαλον
1049 361 1211 434 185
1241 363 1538 436 εἰληφότων
1587 361 1920 416 καλύπτεται

2038 367 2419 430 praeceptorem
2443 365 2788 428 acceperunt,
2818 356 3170 416 absconditur
3194 360 3358 419 Jesus
3383 377 3397 415 :
3424 363 3494 418 ab
3522 363 3594 421 iis

357 456 627 529 δἹησοῦς,
656 455 765 510 ἀπὸ
789 455 832 487 ⁸⁷
857 455 914 507 δὲ
941 452 1019 525 τῷ
1045 453 1218 525 Ἰησοῦ
1250 451 1686 506 πεπιστευκότων
1713 453 1742 505 ὁ
1762 451 1929 505 Μωῦε-

361 549 461 621 σῆς
501 547 930 620 ἀποκρύπτεται.
979 545 1126 607 Mra;
1168 543 1276 616 γάρ
1307 543 1374 597 δι’
1421 543 1742 615 ἀμφοτέρων
1781 541 1927 595 διδα-

362 639 590 704 σκαλίας
647 639 812 709 οὔσης
865 636 960 689 τὸν
1019 635 1220 688 τούτων
1276 635 1386 690 τιν).
1427 635 1472 668 ⁸⁸
1531 632 1929 688 πεπιστευκότα

359 732 391 784 ὁ
421 730 554 793 Θεὸς
593 729 930 799 ἀποδέχεται.
990 725 1150 779 Ἀλλά
1196 727 1259 780 τὸ
1311 727 1584 780 πιστεύειν
1631 723 1930 795 διδασκάλῳ

359 820 524 874 ἕνεκα
554 820 643 874 τοῦ
677 821 849 872 ποιεῖν
884 819 954 871 τά
984 818 1090 872 ὑπὸ
1117 816 1210 870 τοῦ
1242 817 1286 850 ⁸⁸
1316 817 1450 871 Θεοῦ
1484 817 1750 889 λεγόμενα
1782 816 1929 885 γίνε-

361 929 472 965 ται.
512 911 630 965 Ὀτι
657 910 714 963 δέ
741 909 886 964 τοῦθ’
918 908 1092 972 οὕτως
1131 908 1264 979 ἔχει,
1297 909 1458 972 αὐτὸς
1488 911 1516 963 ό
1541 907 1747 980 Κύριος
1773 907 1930 978 ἡμῶν

361 1002 526 1071 λέγει·
556 999 1056 1070 Ἐξομολογοῦμαί
1084 999 1130 1030 ⁸ο
1163 1014 1281 1064 σοι,
1313 999 1503 1068 Πάτερ
1533 998 1640 1053 τοῦ
1670 997 1930 1066 οὐρανοῦ

362 1091 462 1146 καὶ
492 1091 600 1160 τῆς
628 1089 765 1161 γῆς,
799 1090 890 1144 ὅτι
925 1089 1280 1159 ἀπέκρυψας
1305 1091 1493 1144 ταῦτα
1521 1090 1638 1144 ἀπὸ
1663 1088 1930 1158 σοφῶνδί

361 1183 461 1238 καὶ
489 1183 925 1253 πρεσϐυτέριον,
952 1185 1052 1239 καὶ
1081 1181 1478 1250 ἀπεκάλυψας
1515 1179 1666 1235 αὐτὰ
1690 1181 1932 1248 νηπίοις

363 1273 740 1341 θηλάζουσιν.
753 1273 938 1338 Οὕτως
947 1274 1108 1338 αὐτὸς
1126 1272 1293 1335 όΘεὸς
1303 1273 1413 1335 τοῖς
1432 1271 1532 1342 μὲν
1568 1269 1770 1342 ἔκρυψε
1782 1269 1931 1323 διδά-

364 1363 580 1428 σκαλον,
628 1363 704 1427 ὡς
748 1363 1150 1435 προεγνωκόσιν
1193 1361 1230 1416 ἃ
1267 1361 1348 1415 δεῖ
1392 1359 1672 1432 πράττειν,
1717 1361 1831 1424 τοῖς
1875 1358 1934 1413 δὲ

362 1454 726 1524 ἀπεκάλυψεν,
753 1456 828 1518 ὡς
854 1453 1137 1523 ἀγνοοῦσιν
1161 1451 1198 1507 ἃ.
1218 1453 1323 1524 χρὴ
1353 1455 1544 1506 ποιεῖν.

434 1543 546 1600 VII.
581 1544 716 1599 Οὔτε
747 1543 840 1599 οῦν
883 1545 1122 1617 Ἑϐραῖοι
1148 1544 1277 1616 περὶ
1305 1541 1526 1612 ἀγνοίας
1567 1541 1740 1614 Ἰησοῦ
1773 1559 1936 1596 κατα-

361 1634 691 1700 δικάζονται,
722 1636 811 1690 διά
835 1637 926 1690 τὸν
959 1635 1261 1708 κρύψαντα,
1283 1635 1379 1689 ἐάν
1411 1651 1474 1703 γε
1506 1633 1835 1707 πράττοντες
1864 1633 1934 1687 τά

2026 465 2157 506 vero
2212 448 2310 520 qui
2355 448 2410 502 in
2443 445 2630 504 Jesum
2658 447 3024 516 crediderunt,
3055 448 3236 506 Moses
3261 453 3593 509 occultatur.

2027 537 2166 595 Cum
2213 537 2359 595 enim
2397 553 2507 593 una
2544 537 2620 594 sit
2657 553 2756 608 per
2815 547 3115 611 utrumque
3157 540 3428 610 doctrina,
3468 558 3599 600 eum

2027 630 2123 703 qui
2162 629 2410 686 alterutri
2457 630 2633 686 credit
2672 628 2869 701 recipit
2900 629 3066 686 Deus.
3115 629 3320 687 Verum
3357 633 3494 690 ﬁdes
3542 635 3600 690 in

2029 722 2352 794 magistrum
2384 719 2506 776 ideo
2532 729 2639 786 est,
2683 730 2744 776 ut
2783 736 2906 791 quae
2937 737 2968 776 a
2992 721 3102 778 Deo
3131 723 3276 779 dicta
3311 734 3441 781 sunt
3469 742 3600 797 per-

2028 820 2282 884 agantur.
2326 809 2484 893 Quod
2526 819 2707 866 autem
2740 811 2848 866 hoc
2886 811 2962 866 ita
2994 826 3054 867 se
3086 812 3316 879 habeat,
3348 815 3466 884 ipse
3490 815 3601 870 Βοσ-

2027 904 2212 959 minus
2239 911 2426 959 noster
2455 901 2558 957 ait:
2577 900 2844 970 Conﬁteor
2874 901 2991 966 tibi,
3017 901 3182 958 Pater
3202 905 3317 958 caeli
3343 915 3391 959 et
3423 915 3598 976 terra,

2029 995 2155 1066 quia
2202 994 2534 1048 abscondisti.
2578 993 2690 1048 haec
2737 1010 2771 1047 a
2823 993 3150 1064 sapientibus
3205 1003 3255 1050 et
3278 989 3596 1066 senioribus,

2029 1093 2082 1139 et
2105 1083 2428 1140 revelastiea
2445 1084 2681 1154 parvulis
2707 1083 3022 1140 lactentibus
3055 1097 3103 1140 ι.
3145 1084 3237 1141 Sic
3288 1085 3432 1142 Deus
3482 1087 3601 1156 ipse

2032 1177 2139 1232 illis
2164 1177 2383 1248 quidem
2411 1177 2700 1232 abscondit
2726 1176 3035 1245 doctorem,
3062 1185 3124 1234 ut
3151 1176 3462 1249 quiscirent
3479 1195 3604 1250 qum

2032 1278 2216 1323 essent
2263 1266 2532 1333 facienda,
2582 1267 2668 1322 his
2713 1283 2844 1324 vero
2892 1269 3188 1338 revelavit,
3233 1279 3296 1326 ut
3340 1267 3434 1343 qui
3482 1287 3606 1343 quae

2033 1373 2195 1432 agere
2223 1365 2473 1429 oporteat
2500 1357 2833 1430 ignorarent.

2106 1526 2220 1588 VII.
2249 1527 2437 1603 Neque
2456 1548 2586 1604 ergo
2605 1531 2815 1590 Hebraei
2845 1533 2914 1591 de
2941 1535 3281 1607 ignoratione
3305 1535 3431 1594 Jesu
3463 1553 3604 1595 cou-

2034 1621 2385 1691 demnantur,
2407 1632 2629 1696 propter
2652 1640 2777 1682 eum
2801 1627 2895 1697 qui
2920 1627 3225 1693 abscondit,
3249 1629 3318 1695 si,
3342 1628 3606 1687 facientes

360 1729 452 1786 διὰ
481 1731 757 1795 Μωῦσέως
777 1731 843 1796 ³⁸,
876 1731 934 1784 ὃν
959 1701 1230 1801 ἠγνόησαν
1264 1729 1338 1800 μὴ
1375 1701 1694 1800 μισήσωσιν*
1729 1727 1840 1781 οὔτ’
1863 1724 1930 1783 αὖ

2038 1729 2066 1771 a
2091 1713 2278 1786 Moyse
2325 1717 2662 1788 praescripta,
2685 1733 2850 1789 quem
2885 1719 3138 1801 nesciunt
3188 1720 3316 1776 odio
3358 1737 3470 1777 non
3508 1723 3608 1778 ha-

363 1821 415 1874 oi
476 1822 572 1876 ἀπ’
591 1822 637 1855 ⁵³
673 1821 841 1876 ἐθνῶν
894 1822 1256 1893 ἀγνοήσαντες
1293 1821 1385 1874 τὸν
1418 1820 1658 1891 Μωῦσῆν
1703 1817 1793 1873 διὰ
1827 1821 1934 1875 ’τὸν

363 1913 676 1984 καλύψαντα
705 1911 1172 1977 καταδικάζονται,
1197 1912 1292 1966 ἐάν
1319 1929 1425 1984 περ
1457 1911 1554 1965 καὶ
1582 1905 1727 1966 οὗτοι
1760 1913 1936 1985 πράσι-

365 2021 552 2069 σοντες
596 2005 664 2060 τὰ
702 2004 795 2060 διὰ
833 2005 928 2060 τοῦ
968 2005 1142 2076 Ἰησοῦ
1176 2004 1409 2077 ρηθέντα
1441 2005 1515 2077 μὴ
1545 2005 1846 2077 μισήσωσιν
1876 2005 1937 2058 ὃν

363 2096 652 2167 ἠγνόησαν.
686 2097 796 2151 Καὶ
826 2098 926 2152 οὐκ
957 2099 1014 2151 ἐν
1043 2096 1122 2168 τῷ
1166 2098 1295 2161 τοὺς
1334 2096 1683 2160 διδασκάλους
1715 2095 1937 2169 κυρίους

365 2186 570 2252 καλεῖν,
602 2187 671 2241 τὰ
711 2187 772 2240 δὲ
813 2187 1012 2242 δούλων
1051 2187 1124 2259 μὴ
1166 2188 1360 2250 ποιεῖν,
1393 2185 1726 2256 ὠφελοῦνταί
1771 2203 1933 2250 τινες.

366 2276 566 2330 Τούτου
610 2277 718 2350 γὰρ
775 2276 958 2331 ἕνεκεν
986 2279 1015 2331 ό
1059 2276 1264 2348 Ἰησοῦς
1295 2277 1450 2349 ἡμῶν
1493 2277 1630 2349 πρός
1675 2294 1797 2330 τινα
1832 2294 1937 2331 πυ-

367 2366 624 2440 κνότερον
669 2368 872 2440 Κύριον
903 2369 1062 2422 αὐτὸν
1112 2369 1358 2437 λέγοντα,
1397 2367 1559 2440 μηδὲν
1590 2368 1647 2422 δέ
1685 2368 1940 2423 ποιοῦντα

364 2455 443 2516 ὧν
475 2462 634 2526 αὐτὸς
666 2463 992 2534 προσέταξεν
1007 2463 1076 2527 ⁸⁸,
1107 2463 1210 2533 ἔφη
1233 2479 1248 2493 ·
1286 2463 1347 2517 Τί
1381 2479 1458 2532 με
1483 2461 1700 2532 λέγεις,
1739 2463 1937 2530 Κύριε,

364 2553 562 2620 Κύριε,
607 2553 706 2607 καὶ
759 2554 831 2608 οὐ
882 2553 1068 2620 ποιεῖς
1111 2552 1150 2607 ἂ
1193 2555 1380 2622 me;
1412 2553 1486 2605 Οὐ
1529 2552 1638 2624 γὰρ
1670 2553 1940 2624 ὠφελήσει

363 2643 489 2697 τινὰ
544 2642 606 2696 τὺ
650 2643 847 2712 λέγειν,
875 2643 1010 2697 ἀλλά
1059 2643 1120 2696 τδ
1157 2645 1350 2696 ποιεῖν.
1397 2642 1490 2695 Ἐκ
1537 2642 1737 2705 παντὸς
1782 2643 1942 2713 186

365 2729 460 2788 οῦν
493 2734 697 2807 τρόπου
729 2733 907 2788 καλῶν
939 2733 1113 2806 ἔργων
1144 2733 1322 2806 χρεία.
1355 2733 1502 2804 Πλὴν
1533 2734 1586 2786 εἰ
1611 2749 1696 2797 τις
1711 2733 1755 2764 ⁵⁵
1781 2750 1941 2787 κατα-

367 2825 586 2897 ξιωθείη
629 2824 768 2890 τοὺς
800 2825 1140 2897 ἀμφοτέρους
1169 2823 1467 2893 ἐπιγνῶναι
1512 2824 1588 2887 ὡς
1640 2825 1768 2895 μιᾶς
1799 2823 1942 2878 διδα-

372 2917 597 2980 σκαλίας
650 2917 744 2972 ὑπ’
784 2916 963 2971 αὐτῶν
1018 2916 1459 2988 κεκηρυγμένης,
1505 2907 1663 2980 οὗτος
1707 2915 1846 2988 ἀνὴρ
1882 2916 1940 2970 ἐν

309 3022 315 3026 ·
370 3007 488 3080 Θεῷ
543 3008 794 3072 πλούσιος
851 3007 1272 3080 κατηρίθμηται,
1305 3007 1376 3061 τά
1405 3024 1467 3061 τε
1493 3007 1698 3079 ἀρχαῖα
1739 3008 1834 3062 νέα
1862 3005 1940 3079 τῷ
1967 3034 2011 3094 C

366 3101 561 3174 χρόνῳ,
594 3103 686 3155 καὶ
716 3100 786 3155 τὰ
815 3099 975 3154 καινὰ
1003 3100 1207 3155 παλαιά
1237 3101 1364 3155 ὄντα
1399 3099 1687 3172 νενοηκὼς.

437 3256 568 3312 VIII.
605 3256 788 3312 Ταῦτα
818 3257 911 3311 τοῦ
943 3257 1150 3329 Πέτρου
1183 3257 1448 3326 λέγοντος,
1468 3256 1517 3311 οἱ
1549 3256 1716 3329 ὄχλοι,
1752 3256 1941 3330 ὥσπερ

285 3331 292 3336 ⁸
369 3348 474 3402 ὑπό
531 3366 674 3413 τινος
725 3347 1032 3420 κληθέντες,
1067 3349 1319 3418 εἰσῄεσαν
1366 3347 1493 3402 ἔνθα
1538 3349 1567 3401 ὁ
1612 3348 1818 3420 Πέτρος
1851 3344 1938 3420 ἦν.

381 3440 440 3493 '0
479 3439 534 3494 δὲ
575 3439 666 3493 τὸν
704 3439 868 3493 πολὺν
899 3439 1054 3511 ὄχλον
1110 3437 1234 3491 ίδὼν
1267 3437 1454 3511 ὥσπερ
1503 3437 1746 3508 ποταμοῦ
1807 3438 1943 3509 ἥσυ-

369 3550 461 3604 χον
514 3531 690 3604 ῥεῦμα
741 3531 929 3603 πράως
978 3529 1332 3602 προσρέοντα,
1379 3529 1483 3602 ἔφη
1539 3529 1617 3600 τῷ
1667 3529 1940 3602 Μαροόνῃ·

369 3621 480 3676 Ποῦ
525 3639 607 3676 σοι
649 3621 814 3686 τόπος
873 3619 1106 3674 ἐνταῦθα
1143 3619 1339 3691 μᾶλλον
1370 3621 1499 3683 τοὺς
1529 3619 1719 3690 ὄχλους
1750 3621 1945 3692 χωρεῖν

367 3715 692 3786 δυνάμενος;
725 3712 818 3768 τοῦ
850 3713 967 3766 se"
1004 3699 1286 3783 Μαροόνου
1350 3711 1431 3775 είς
1469 3711 1635 3765 τόπον
1681 3710 1946 3782 ὕπαιθρον

370 3807 778 3878 κεκηπευμένον
823 3803 1159 3877 προάγοντος
1207 3802 1400 3870 αὐτὸν,
1436 3802 1652 3856 εἵποντο
1686 3803 1734 3856 oi
1778 3801 1942 3874 ὄχλοι.

383 3897 444 3950 ’0
489 3897 546 3949 δὲ
590 3896 796 3967 Πέτρος
836 3895 927 3949 ἐπί
957 3909 1102 3958 τινος
1137 3893 1343 3964 βάσεως
1373 3893 1684 3965 ἀνδριάντος
1713 3892 1772 3946 ού
1806 3893 1946 3946 πάνυ

374 3987 582 4059 ὑψηλῆς
597 3989 664 4052 ³⁷,
691 3986 936 4050 ἐπιστὰς,
971 3986 1087 4057 ἅμα
1122 3985 1200 4058 τῷ
1245 3986 1338 4040 τὸν
1370 3985 1524 4056 ὄχλον
1554 3985 1799 4038 θεοσεϐεῖ
1832 3985 1944 4040 ἐθει

374 4077 827 4150 προσαγορεῦσαι,
868 4076 1021 4141 εἰδὼς
1064 4077 1290 4140 πολλοὺς
1339 4079 1403 4130 ἐκ
1444 4076 1551 4130 τῶν
1586 4077 1949 4149 παρεστώτων

375 4169 545 4241 ὄχλων
590 4169 695 4223 ὑπὸ
738 4168 1005 4239 δαιμόνων
1037 4186 1097 4222 τε
1129 4167 1222 4222 καὶ
1258 4167 1469 4222 πολλῶν
1507 4165 1694 4222 παθῶν
1726 4169 1790 4222 ἐκ
1822 4167 1949 4221 πολ-

375 4261 484 4315 λῶν
527 4260 732 4332 χρόνων
779 4258 1213 4332 ἐνοχλουμένους,
1269 4257 1565 4331 βρύχοντάς
1615 4275 1676 4312 τε
1726 4259 1840 4329 μετ’
1878 4258 1951 4311 oi-

2034 1805 2231 1861 bcant:
2253 1821 2429 1878 neque
2453 1824 2672 1865 rursum
2703 1809 2796 1880 qui
2837 1824 2905 1866 ex
2927 1794 3179 1882 gentibus
3209 1821 3356 1881 sunt,
3373 1814 3440 1870 de
3461 1811 3611 1885 igno-

2035 1892 2156 1952 rato
2179 1897 2364 1970 Moyse
2402 1900 2858 1968 condemnamur,
2887 1911 3110 1974 propter
3135 1918 3260 1959 eum
3285 1903 3378 1974 qui
3421 1905 3610 1961 occul-

2036 1990 2192 2056 tavit,
2219 1990 2266 2046 si
2297 1999 2352 2046 et
2380 1991 2482 2060 ipsi
2509 2007 2606 2063 per
2630 1993 2912 2049 Christum
2951 1994 3097 2050 dicta
3128 1994 3410 2066 facientes,
3440 2013 3607 2068 quem

2039 2080 2295 2151 ignorant
2324 2082 2451 2137 odio
2487 2097 2596 2137 non
2626 2093 3054 2154 prosequantur.
3085 2083 3340 2158 Nihilque
3367 2087 3606 2158 cuipiam

2038 2173 2301 2242 proderit,
2329 2173 2604 2244 magistris
2650 2189 2847 2230 nomen
2900 2176 3251 2232 dominorum
3294 2178 3446 2244 dare,
3491 2193 3605 2233 non

2040 2262 2222 2319 facere
2269 2271 2450 2319 autem
2499 2279 2663 2335 opera
2703 2279 3011 2320 servorum.
3035 2263 3172 2321 Nam
3217 2265 3422 2322 idcirco
3448 2264 3611 2324 Jesus

2039 2363 2228 2411 noster
2250 2356 2319 2410 ad
2348 2357 2662 2426 quemdam,
2688 2357 2784 2427 qui
2814 2371 2940 2413 cum
2971 2357 3283 2428 frequenter
3315 2357 3609 2414 Dominum

2038 2447 2290 2512 vocabat,
2320 2447 2458 2502 nihil
2487 2456 2668 2504 tamen
2695 2449 2764 2503 ab
2795 2464 2863 2504 eo
2904 2451 3285 2504 mandatorum
3324 2449 3559 2506 faciebat
3592 2468 3609 2506 :

2043 2538 2207 2604 Quid,
2236 2538 2436 2608 inquit,
2482 2539 2613 2593 mihi
2655 2539 2813 2607 dicis,
2845 2539 3091 2605 Domine,
3131 2541 3373 2609 Domine,
3405 2551 3455 2596 et
3509 2557 3614 2596 non

2041 2629 2177 2698 facis
2211 2646 2327 2698 qua:
2353 2631 2471 2684 dico
2507 2631 2571 2684 η
2615 2627 2896 2685 Neminem
2929 2630 3128 2701 quippe
3152 2631 3365 2702 juvabit
3408 2631 3611 2700 dicere,

2043 2720 2136 2776 sed
2178 2719 2374 2776 facere.
2407 2718 2568 2775 Omni
2609 2721 2791 2791 itaque
2823 2721 2987 2776 modo
3022 2736 3163 2792 opus
3197 2729 3282 2776 est
3308 2722 3464 2777 bonis
3485 2737 3614 2793 ope-

2042 2811 2487 2868 ribus.Caaterum
2528 2813 2576 2869 si
2610 2814 2701 2870 cui
2745 2814 3006 2870 donatum
3033 2811 3220 2882 fuerit,
3260 2821 3314 2868 et
3340 2809 3527 2868 Jesum
3557 2821 3616 2868 et

2041 2903 2283 2977 Moysem
2342 2920 2692 2976 cognoscere,
2739 2914 3000 2976 tanquam
3059 2920 3169 2960 una
3241 2904 3494 2960 doctrina
3543 2905 3614 2960 ab

2042 3001 2275 3066 utroque
2295 2997 2610 3067 praedicata,
2639 2997 2730 3052 hic
2758 2996 2843 3050 vir
2872 2997 2925 3050 in
2954 2995 3066 3052 Deo
3097 2996 3250 3052 dives
3280 2996 3612 3064 censebitur,

2041 3089 2136 3160 qui
2157 3095 2342 3142 vetera
2372 3103 2512 3143 nova
2538 3095 2803 3157 tempore,
2824 3094 2880 3142 et
2904 3101 3065 3154 nova,
3095 3101 3219 3157 quae
3249 3097 3431 3143 vetera
3463 3095 3612 3155 sunt,

2040 3177 2292 3248 intelligit
2320 3187 2369 3231 ο.

2117 3267 2248 3322 νιιι.
2275 3264 2402 3321 llaec
2444 3265 2607 3321 Petro
2639 3265 2851 3320 dicente
2881 3265 3060 3320 omnis
3107 3265 3421 3331 multitudo,
3449 3266 3611 3336 quasi

2017 3361 2114 3439 ab
2140 3360 2325 3430 aliquo
2355 3366 2601 3422 evocata,
2634 3357 2879 3428 ingressa
2905 3357 2988 3412 es't
3018 3356 3113 3411 ubi
3144 3365 3267 3411 erat
3301 3355 3515 3411 Petrus.
3543 3354 3616 3412 Ut

2045 3463 2225 3509 autem
2249 3452 2339 3506 ille
2358 3450 2494 3505 vidit
2519 3449 2730 3516 turbas,
2760 3449 2909 3503 velut
2931 3447 3111 3502 amnis
3143 3447 3414 3516 placidum
3437 3446 3613 3502 ﬂuen-

2045 3555 2158 3601 tum
2191 3544 2383 3600 leniter
2407 3551 2800 3607 commeantes,
2857 3540 2994 3595 dixit
3038 3538 3284 3594 Marooni
3320 3558 3334 3593 :
3368 3538 3473 3595 Ubi
3517 3540 3609 3596 hic
3673 3561 3681 3569 ·

2043 3638 2150 3694 tibi
2192 3638 2347 3692 locus
2390 3642 2494 3699 est,
2521 3633 2616 3703 qui
2646 3632 2822 3703 magis
2850 3631 3026 3703 possit
3048 3646 3240 3701 capere
3265 3632 3404 3686 hanc
3426 3631 3612 3686 multi-

2045 3724 2324 3782 tudinem?
2349 3722 2414 3778 Et
2449 3722 2708 3776 Maroone
2746 3723 3048 3778 deducente
3072 3737 3197 3776 cum
3221 3721 3275 3775 in
3307 3721 3612 3778 subdialem

2046 3816 2208 3872 horto
2244 3814 2521 3872 excultum
2567 3813 2772 3880 locum,
2805 3821 3006 3869 secutae
3035 3821 3167 3870 sunt
3195 3812 3387 3867 turbae.
3415 3812 3611 3869 Petrus

2046 3913 2228 3962 autem
2271 3920 2437 3975 super
2484 3903 2657 3960 basim
2699 3912 2892 3958 statuae
2918 3918 3025 3958 non
3057 3903 3127 3958 ad
3157 3903 3382 3957 modum
3425 3903 3609 3959 excel-

2048 4013 2164 4054 sam
2193 3996 2520 4062 consistens,
2551 3995 2714 4051 simul
2760 4005 2924 4066 atque
2971 3995 3231 4066 populum
3280 4009 3434 4050 more
3478 3995 3613 4050 relic

2048 4091 2203 4162 gioso
2250 4089 2562 4154 salutasset,
2592 4087 2784 4144 videns
2836 4087 3037 4142 multos
3089 4085 3320 4142 astantis
3361 4085 3537 4156 plebis
3577 4100 3610 4143 ει

2048 4182 2389 4237 daemonibus
2412 4188 2467 4236 et
2489 4181 2739 4251 pluribus
2774 4177 3120 4248 morbisjam
3146 4179 3239 4233 diu
3270 4179 3608 4245 molestatos,

2049 4287 2113 4327 ac
2139 4271 2367 4327 stridere
2399 4286 2525 4326 cum
2573 4272 2812 4335 ululatu,
2853 4279 2908 4326 et
2930 4268 3213 4339 procidere
3249 4285 3372 4324 cum
3401 4270 3612 4339 suppli--

382 4353 568 4424 μωγῆς
627 4353 720 4406 καὶ
781 4351 1077 4414 πίπτοντας
1143 4349 1260 4423 μεθ’
1324 4350 1561 4414 ἱκεσίας,
1620 4349 1939 4420 ἐπιτιμήσας

2049 4364 2284 4429 catione,
2331 4364 2622 4434 increpitis
2661 4362 2748 4427 iis,
2779 4362 3165 4432 silentiumque
3194 4370 3376 4416 tenere
3408 4361 3606 4431 jussis,

377 4444 556 4508 αὐτοῖς
595 4444 689 4498 καὶ
741 4441 969 4514 ἡσυχίαν
1017 4441 1162 4512 ἔχειν
1202 4441 1506 4513 προστάξας
1549 4441 1642 4495 καὶ
1673 4441 1770 4512 τὴν
1803 4441 1942 4493 ἴασιν

380 4535 517 4606 μετὰ
546 4535 608 4588 τὸ
636 4534 975 4606 διαλεχθῆναι
1000 4533 1382 4605 ὑποσχόμενος,
1415 4532 1507 4586 τοῦ
1539 4531 1713 4602 λέγειν
1744 4531 1944 4603 ἤρξατο

379 4625 550 4690 οὕτως
565 4643 579 4658 ο
1654 4640 1656 4642 ⁷

451 4717 542 4772 IX.
587 4717 910 4790 Ἀρχόμενος
951 4715 1042 4771 τὸν
1074 4717 1212 4788 ὑπὲρ
1248 4715 1553 4780 θεοσεβείας
1586 4714 1742 4785 λόγον
1771 4717 1942 4770 ποιεῖ-

385 4808 509 4862 σθαι
549 4811 659 4871 τοῖς
701 4806 978 4870 παντελῶς
1023 4806 1274 4877 ἀγνοοῦσι
1324 4806 1392 4861 τὰ
1406 4807 1452 4840 ⁸⁸
1477 4807 1682 4871 πάντα,
1712 4806 1806 4862 καὶ
1839 4804 1944 4862 ὑπὸ

382 4899 493 4954 τῶν
541 4898 632 4952 τοῦ
673 4899 1041 4970 ἀντικειμένου
1073 4898 1204 4971 ἡμῖν
1232 4899 1470 4970 Σίμωνος
1505 4897 1764 4953 διαϐολῶν
1791 4899 1976 4952 sam--

385 4989 645 5060 λωμένοις
698 4989 787 5042 τὸν
834 4989 978 5055 νοῦν,
1030 4989 1322 5059 ἀναγκαῖον
1374 4989 1666 5062 ἡγησάμην
1709 4990 1943 5063 πρῶτον,

388 5081 527 5152 ὑπὲρ
556 5079 650 5134 τοῦ
687 5081 760 5152 μὴ
795 5081 902 5135 δεῖν
954 5081 1260 5153 μέμφεσθαι
1287 5079 1378 5135 τὸν
1418 5081 1488 5136 τά
1520 5081 1693 5135 πάντα
1725 5098 1952 5153 πεποιη-

459 5205 486 5234 ι
521 5191 710 5248 Matth.
735 5208 813 5261 ιι,
837 5193 929 5249 25.
1004 5193 1243 5266 διΜειιιιι.
1279 5209 1378 5262 vn,
1407 5194 1496 5248 21.

2046 4468 2148 4508 nec
2176 4468 2286 4508 non
2311 4452 2586 4522 pollicitus
2617 4451 2953 4507 curationem
2980 4460 3102 4522 post
3125 4451 3370 4507 habitum
3395 4466 3606 4506 sermo-

2046 4560 2194 4614 nem,
2224 4545 2298 4600 ita
2319 4545 2470 4616 loqui
2500 4544 2699 4615 coepit:

2120 4715 2212 4770 1x.
2245 4713 2513 4786 incipiens
2541 4713 2610 4784 de
2636 4729 2767 4770 vero
2797 4713 2890 4770 Dei
2914 4715 3066 4771 cultu
3095 4713 3275 4771 facere
3299 4728 3608 4771 sermonem

2047 4809 2115 4862 ad
2167 4822 2263 4862 eos
2311 4807 2407 4876 qui
2434 4805 2650 4874 penitus
2683 4806 2935 4876 ignorant
2955 4806 3158 4871 omnia,
3189 4820 3609 4874 quorummens

2049 4916 2144 4970 per
2165 4898 2459 4955 adversarii
2478 4898 2647 4953 nostri
2675 4898 2916 4953 Simonis
2944 4898 3249 4953 calumnias
3274 4896 3474 4953 itedata
3501 4906 3606 4965 est,

2050 4991 2416 5049 necessarium
2458 4990 2611 5057 duxi,
2641 4991 2818 5061 primo
2851 5004 3158 5046 sermonem
3182 4989 3380 5063 habere
3419 4990 3485 5044 de
3516 5004 3607 5055 eo,

2051 5084 2198 5156 quod
2225 5099 2333 5140 non
2363 5092 2612 5154 Oporteat
2633 5083 2877 5139 omnium
2927 5092 3229 5139 creatorem
3281 5081 3453 5139 Deum
3491 5083 3608 5138 cul-

1581 5205 1605 5233 c
1636 5193 1826 5250 Matth.
1859 5211 1980 5266 xm,
2012 5196 2100 5252 52.

1661 5306 1898 5364 VARIIE
1928 5308 2334 5365 LECTIONES.

458 5403 660 5459 “Nihil
686 5403 1126 5460 mutandum.Ci.
1150 5402 1285 5474 Lob.
1307 5403 1507 5474 Phryn.
1531 5415 1588 5474 ι).
1613 5400 1738 5458 156.
1770 5399 2044 5458 Habemus
2068 5403 2122 5456 in
2139 5401 2475 5474 Clementia“
2494 5401 2658 5474 etiam
2683 5398 3145 5474 ᾶειίνιιηιξΜωυσῇ
3172 5398 3605 5474 hom_.1t_vtt,_§18:

393 5473 454 5529 S.
529 5476 573 5544 δῖ
603 5476 710 5530 ἀπό
731 5475 794 5536 D,
817 5475 862 5528 0
892 5513 907 5537 ,
929 5474 1037 5528 ὑπό
1059 5474 1122 5544 ι).
1153 5473 1289 5529 Tum
1322 5474 1376 5527 in
1410 5470 1474 5544 Ο,
1497 5470 1612 5544 τοῦ,
1637 5486 1925 5544 man._sec.
1967 5472 2382 5544 supragjrtinante
2410 5471 2628 5544 Ῐιησοῦ,
2656 5487 2744 5541 ap.
2783 5473 2825 5544 β
2885 5470 3014 5544 τῶν.

391 5560 517 5616 om.
539 5542 604 5599 0.
704 5546 748 5579 ⁵⁸
762 5544 1059 5616 *ἐξομολογο

389 5616 437 5654 δ’
468 5615 724 5685 Μωῦσέος
751 5613 816 5670 Ο.
866 5609 937 5685 ξδ’
957 5609 1063 5667 ἀπό
1085 5609 1149 5668 0.
1223 5617 1271 5685 ξι
1297 5609 1659 5685 προσέτασσεν
1686 5609 1747 5685 C_.

3117 5458 3166 5511 ἵε
3195 5471 3316 5524 τινά
3339 5470 3401 5525 C.
3447 5458 3609 5522 ’δστοῦ
3664 5458 3675 5469 ’

1061 5543 1090 5596 ῦ
1165 5545 1279 5599 νο.
1377 5543 1419 5578 ³⁸
1443 5541 1684 5613 ἔκρυψας
1709 5539 1879 5595 ταῦτα
1899 5543 2007 5596 ἀπὸ
2028 5537 2088 5596 σο
2129 5537 2287 5596 ῶνὈ.
2327 5541 2421 5595 καί
2473 5537 2886 5610 copula—etiam
2935 5543 3088 5596 adest
3133 5540 3185 5595 in
3231 5541 3267 5596 l.
3316 5555 3366 5595 c.
3414 5537 3482 5593 N.
3537 5537 3601 5593 Τ.

1223 5617 1271 5650 ⁵⁸
1297 5614 1659 5666 προσέτασσεν
1686 5609 1747 5665 C.
1847 5621 1893 5654 ⁸³
1922 5560 2128 5666 εττιςὸ
2173 5627 2222 5666 c.
2251 5612 2311 5665 (ll
2343 5653 2359 5666 .
2386 5614 2419 5666 ἦ
2443 5629 2527 5666 τις
2557 5612 2617 5665 C.
2730 5619 2776 5652 ⁸⁸
2815 5612 2872 5665 δέ
2919 5627 3029 5666 om.
3068 5611 3207 5666 Tum
3243 5611 3404 5666 τόπον
3453 5613 3601 5666 Enit.

891 5615 937 5650 ⁸³
957 5613 1063 5667 ἀπό
1085 5613 1149 5668 Ο.
1223 5617 1271 5650 ⁵⁸
1297 5614 1659 5676 προσέτασσεν
1686 5613 1747 5665 C.
1847 5621 1893 5654 ⁸³
1922 5613 2054 5676 εττις

2173 5612 2359 5686 (καὶ,
2386 5614 2420 5683 ἦ
2443 5629 2527 5686 τις
2557 5612 2652 5686 (ξ.-
2730 5619 2776 5652 ιο
2801 5612 2872 5686 ⁸δέ
2887 5627 3029 5686 ⁸οιιι.
3068 5611 3207 5667 Tum
3243 5611 3404 5666 τόπον
3453 5613 3604 5686 Epit.

395 5699 446 5740 c.
496 5683 584 5752 62,
608 5677 717 5741 τόν
762 5685 824 5755 C,
852 5683 915 5742 Ο.
950 5685 1146 5745 Dcinde
1190 5677 1352 5750 αύτόν
1376 5699 1488 5740 om.
1514 5680 1580 5738 0.
1607 5754 1624 5761 η
1645 5684 1696 5762 4³⁷
1725 5677 1800 5738 Ita
1828 5682 1872 5738 Ο
1920 5700 1950 5744 c
1980 5681 2018 5740 S
2047 5725 2062 5750 ,
2085 5681 2288 5756 etiam
2316 5682 2378 5738 C.
2409 5677 2501 5758 '_0"
2531 5681 2600 5736 τά
2622 5682 2771 5739 deest
2799 5681 2854 5737 in
2876 5679 2944 5738 0.
