4084 6148
517 276 620 334 251

1360 267 1418 324 S.
1459 263 1848 322 CLEMENTIS
1883 263 1904 318 l
1944 262 2112 320 ROM.
2163 263 2373 320 ΡΟΝΤ.
2414 260 2648 319 OPERA
2687 261 2915 319 DUBIA.
3007 277 3009 279 ‘
3083 279 3086 284 ·

3660 263 3773 321 232

516 375 671 470 pare,
726 409 834 450 non
891 388 1111 448 aliunde
1157 389 1443 459 incipiens,
1475 403 1640 457 quam
1695 386 1762 440 ab
1815 386 1914 440 ista
1963 400 2083 455 qua:

2190 385 2323 437 κὸτα
2351 382 2482 437 Θεὸν
2498 383 2542 415 ⁵³
2557 380 2648 435 τὸν
2663 380 2817 448 λόγον
2833 378 3179 452 ποιήσασθαι,
3197 378 3288 432 τὸν
3309 375 3472 449 187
3487 375 3588 432 οὐκ
3606 377 3769 434 ἄλλο-

519 487 864 563 providenter
905 485 972 539 ab
1001 499 1066 537 eo
1103 492 1405 552 opportune
1434 480 1674 550 subjecta
1708 477 1808 532 fuit
1840 479 2078 543 occasio,

518 591 581 637 ut
609 585 966 648 cognoscatur
989 573 1133 644 quod
1157 582 1302 628 recta
1331 572 1539 625 ratione
1563 569 1868 638 complures
1895 584 1922 622 a
1949 567 2083 622 mul«

518 671 589 728 tis
611 667 949 726 daamonibus
976 665 1182 721 obsessi
1211 672 1408 719 suntet
1435 678 1465 716 a
1491 661 1721 716 diversis
1742 659 2080 714 difﬁcilibus-

513 779 624 835 que
649 760 858 816 morbis
893 756 1290 828 comprehensi,
1324 765 1384 809 ut
1406 771 1500 824 per
1529 754 1632 807 hoc
1660 768 1878 822 quoque
1909 766 2080 820 appa-

515 865 636 914 reat
671 853 882 925 justitia
911 851 1027 907 Dei.
1058 850 1123 904 Et
1149 851 1240 920 qui
1273 863 1369 920 per
1409 848 1770 918 ignorantiam
1810 845 1960 899 illum
1990 859 2083 899 ac-

513 954 801 1012 cusarunt,
830 944 876 1000 si
915 941 1370 1005 nunc,discentes
1413 936 1544 1008 quid
1585 935 1932 992 sentiendum
1986 935 2076 998 sit,

515 1054 613 1110 per
653 1038 849 1092 bonam
889 1032 1331 1105 praedicationem
1379 1036 1434 1082 et
1465 1029 1607 1083 bona
1658 1042 1821 1096 Opera
1852 1041 1882 1080 a
1912 1023 2081 1094 priori

517 1129 748 1187 crimine
784 1142 844 1183 se
890 1133 1165 1190 revocent,
1213 1135 1434 1178 causam
1473 1118 1601 1172 mali
1636 1117 1894 1172 facinoris
1925 1115 2082 1186 igno-

515 1220 731 1286 rantite,
768 1226 829 1274 ut
857 1216 1070 1272 veniam
1095 1216 1520 1282 consequantur,
1548 1205 1904 1262 ascribentes.

588 1392 656 1450 X.
695 1393 775 1448 lta
804 1405 935 1446 vero
965 1388 1130 1444 habet
1160 1403 1176 1442 :
1207 1383 1342 1442 Cum
1385 1382 1549 1448 Deus,
1581 1378 1675 1450 qui
1724 1378 1874 1433 solus
1906 1375 2085 1430 bonus

517 1495 622 1551 est,
647 1492 842 1540 cuncta
877 1483 1015 1537 bene
1055 1485 1299 1533 creasset
1328 1490 1392 1530 ac
1425 1471 1633 1528 homini
1672 1472 1741 1526 ad
1786 1469 2084 1539 imaginem

519 1593 676 1638 suam
705 1575 848 1631 iacto
883 1571 1217 1635 tradidisset,
1251 1569 1298 1624 is
1328 1569 1499 1622 homo
1527 1564 1829 1621 conditoris
1859 1562 1942 1616 sui
1976 1559 2086 1628 spi-

515 1685 648 1725 rans
687 1667 1046 1728 divinitatem,
1072 1678 1197 1719 eum
1235 1667 1380 1717 esset
1401 1673 1562 1713 verus
1592 1656 1852 1726 propheta
1883 1661 1936 1708 et
1962 1651 2086 1706 uni-

2187 476 2278 529 θεν
2299 476 2619 547 ἀρχόμενος,
2643 474 2674 546 ἣ
2704 473 2798 528 ἀπ’
2827 475 2995 545 αὐτῆς
3012 474 3110 544 τῆς
3132 471 3274 526 κατά
3297 470 3550 543 πρόνοιαν
3567 472 3656 525 ὐπ’
3677 473 3772 526 αὐ-

2184 566 2280 621 τοῦ
2308 568 2578 639 εὐκαίρως
2612 566 3008 638 ὐποδληθείσης
3036 566 3380 639 προφάσεως⁸
3415 566 3501 617 ἵνα
3523 565 3766 636 γνωσθῇ,

2184 659 2260 722 ὼς
2284 658 2520 727 εὐλόγως
2552 658 2600 710 οί
2632 655 2817 710 πολλοὶ
2850 657 2954 710 ὑπὸ
2983 656 3191 710 πολλῶν
3217 655 3485 726 δαιμόνων
3514 655 3770 724 συνεσχέ-

2185 748 2357 820 θησαν
2409 749 2504 802 καὶ
2556 747 2661 801 ὐπὸ
2711 747 3013 803 ἀλλοκότων
3073 741 3263 800 παθῶν
3323 747 3765 819 κατελήφθησαν,

2183 840 2331 904 ὅπως
2378 841 2472 893 καὶ¹
2517 840 2575 893 ἐν
2619 838 2792 909 τούτῳ
2824 835 2885 892 τὺ
2923 837 3018 891 τοῦ
3053 838 3188 891 Θεοῦ
3219 838 3423 892 δίκαιον
3457 841 3621 908 φανῇ.
3656 836 3766 891 Καὶ

2182 932 2231 984 οἱ
2264 931 2330 984 δι’
2347 933 2569 1000 ἄγνοιαν
2605 928 2942 1002 μεμφόμενοι
2971 931 3151 996 αὐτὸν,
3184 931 3288 986 κᾶν
3303 931 3349 962 ⁸ο
3376 930 3469 983 νῦν
3505 929 3766 1000 μαθόντες

2182 1021 2258 1085 ὡς
2316 1021 2396 1074 δεῖ
2450 1024 2685 1093 φρονεῖν,
2723 1021 2790 1074 δι’
2842 1021 3119 1093 εὐφημίας
3150 1039 3210 1074 τε
3256 1022 3350 1075 καὶ
3388 1019 3631 1084 εὐποιίας
3670 1020 3762 1074 τοῦ

2184 1112 2450 1183 προτέρου
2521 1113 2865 1184 ἐγκλήματος
2937 1112 3161 1176 ἑαυτοὺς
3237 1103 3761 1177 ἀνακαλέσωνταιθί,

2182 1205 2364 1260 αἰτίαν
2403 1205 2497 1259 τοῦ
2550 1206 2721 1260 κακοῦ
2769 1206 3120 1278 τολμήματος
3165 1207 3264 1279 τὴν
3295 1209 3516 1277 ἄγνοιαν
3554 1209 3634 1271 εἰς
3664 1209 3763 1281 τὴν

2186 1295 2515 1368 συγγνώμην
2549 1297 2893 1368 προθέμενοι.

2258 1389 2327 1445 Χ.
2360 1390 2513 1461 Ἔχει
2561 1389 2616 1442 δὲ
2661 1388 2851 1452 οὕτως·
2904 1387 3010 1443 Τοῦ
3062 1387 3227 1461 μόνου
3273 1388 3480 1459 ἀγαθοῦ
3526 1391 3660 1445 Θεοῦ
3693 1393 3763 1446 τὰ

2185 1483 2362 1536 πάντα
2410 1481 2589 1545 καλῶς
2639 1481 3001 1552 πεποιηκότος
3049 1484 3143 1536 καὶ
3197 1483 3636 1554 παραδεδωκότος
3685 1484 3764 1556 τῷ

2183 1571 2304 1624 κατ’
2343 1571 2525 1624 εἰκόνα
2567 1570 2731 1624 αὐτοῦ
2781 1569 3060 1644 γενομένῳ
3076 1573 3121 1603 ⁸³
3149 1571 3438 1645 ἀνθρώπῳ,
3472 1573 3500 1626 ό
3526 1574 3764 1643 γεγονὼς

2184 1658 2283 1731 τῆς
2313 1658 2405 1713 τοῦ
2440 1661 2799 1732 πεποιηκότος
2830 1661 2990 1716 αὐτὸν
3024 1663 3200 1716 πνέων
3247 1662 3538 1735 θειότητος,
3557 1664 3765 1736 ἀληθὴς

516 1774 674 1816 versa
729 1762 1100 1827 cognosceret,
1135 1754 1188 1807 in
1239 1753 1502 1806 honorem
1553 1745 1730 1800 Patris
1771 1745 1866 1816 qui
1903 1744 2083 1799 omnia

2185 1749 2473 1822 Προφήτης
2501 1751 2576 1804 ὣν
2609 1751 2703 1805 καὶ
2729 1750 2884 1816 εἰδὼς
2907 1751 2975 1806 τά
3006 1752 3122 1816 ὅλα,
3157 1755 3238 1817 είς
3266 1755 3430 1826 τιμὴν
3464 1755 3556 1807 τοῦ
3585 1755 3764 1808 πάντα

518 1850 595 1906 illi
617 1855 983 1913 concesserat,
1005 1857 1056 1901 et
1079 1844 1147 1899 ob
1175 1841 1407 1898 salutem
1436 1854 1504 1894 ex
1539 1853 1598 1893 se
1621 1836 1928 1891 futurorum
1953 1834 2088 1888 ﬁlio-

517 1958 666 2010 rum,
704 1950 963 2010 tanquam
996 1949 1289 2008 germanus
1318 1941 1469 2002 pater
1499 1927 1930 1986 benevolentiam
1959 1941 2087 1997 erga

521 2028 928 2100 asegignendos
955 2029 1165 2084 liberos
1186 2037 1542 2089 conservans,
1568 2035 1708 2092 quos
1749 2027 1971 2090 cuperet
2019 2017 2086 2071 ad

517 2145 707 2185 eorum
731 2126 1021 2184 utilitatem
1047 2124 1273 2194 diligere
1299 2121 1470 2176 Deum
1499 2128 1552 2174 et
1575 2133 1604 2172 a
1634 2116 1745 2171 Deo
1783 2114 1956 2185 diligi,
1984 2114 2087 2169 iter

517 2221 660 2294 quod
687 2220 754 2275 ad
783 2218 932 2273 illius
956 2216 1179 2272 duceret
1202 2205 1501 2269 amicitiam
1543 2205 1961 2269 demonstravit,
1983 2202 2084 2256 do-

515 2314 736 2384 cuitque
807 2309 1137 2381 quibusnam
1206 2297 1865 2361 hominumfactionibus
1933 2295 2084 2349 solus

515 2406 875 2473 omniumque
902 2400 1167 2456 Dominus
1199 2395 1340 2451 Deus
1368 2394 1666 2450 delectetur
1696 2407 1712 2444 :
1745 2396 1800 2445 et
1826 2386 2085 2452 ostensis,

515 2513 638 2569 qua!
683 2495 761 2551 illi
807 2494 1106 2564 placerent,
1137 2489 1311 2563 legem
1357 2493 1616 2540 aeternam
1645 2479 1858 2536 cunctis
1883 2479 2084 2544 sanxit,

515 2603 640 2658 quae
669 2601 773 2641 nec
813 2585 883 2639 ab
921 2581 1175 2638 hostibus
1215 2574 1468 2632 consumi
1503 2581 1710 2644 posset,
1732 2585 1833 2626 nec
1864 2571 1935 2625 ab
1974 2569 2085 2624 ullo

516 2677 688 2748 impio
718 2673 1091 2744 interpolanda
1127 2679 1292 2734 esset,
1318 2681 1420 2722 nec
1448 2680 1558 2719 uno
1584 2666 1637 2717 in
1677 2663 1800 2716 loco
1851 2661 2087 2715 abscon-

515 2769 758 2832 deretur,
783 2763 878 2820 sed
906 2779 939 2818 a
993 2761 1206 2817 cunctis
1237 2765 1426 2829 posset
1453 2755 1578 2826 legi.
1605 2753 1774 2807 Erant
1795 2767 1925 2824 ergo
1953 2752 2084 2819 illis,

516 2877 586 2918 ex
611 2857 916 2916 obedientia
950 2855 1108 2928 legis,
1136 2861 1332 2908 cuncta
1363 2849 1586 2915 aﬂ‘atim,
1617 2845 1803 2918 fruges
1827 2846 2084 2916 pulcher-

515 2955 687 3016 rimae,
718 2948 846 3006 anni
868 2944 1275 3016 eompleti,sine
1302 2941 1543 3002 tristitia,
1567 2940 1686 2995 sine
1716 2939 2084 3004 morbis,cum

518 3041 877 3104 saluberrima
911 3038 1056 3094 aeris
1096 3034 1356 3105 temperie
1386 3041 1502 3089 tuto
1533 3030 1742 3087 donati.

585 3304 678 3361 XI.
717 3303 786 3359 At
834 3303 932 3370 illi,
965 3301 1092 3372 quia
1125 3297 1366 3355 nondum
1418 3294 1560 3351 mala
1598 3293 1805 3365 experti.
1845 3294 2082 3361 fuerant,

516 3401 585 3456 ad
622 3401 800 3470 ipsum
827 3398 1099 3453 bonorum
1125 3394 1327 3448 donum
1352 3405 1514 3445 sensu
1536 3388 1799 3455 destituti,
1825 3404 1922 3459 per
1941 3391 2086 3444 cibo-

517 3509 640 3550 rum
683 3500 738 3546 et
777 3488 1096 3545 deliciarum
1142 3481 1532 3538 abundantiam
1585 3478 1652 3533 ad
1683 3479 1879 3548 ingrati
1917 3480 2084 3534 animi

514 3583 710 3638 vitium
754 3577 1183 3637 declinaverunt,
1209 3581 1267 3627 ut
1298 3571 1692 3626 arbitrarentur
1714 3585 1822 3624 non
1852 3570 2086 3624 existere

471 3663 479 3671 ’
515 3671 940 3736 Providentiam,
960 3667 1105 3738 quod
1123 3665 1272 3719 nullo
1294 3663 1633 3733 praecedente
1651 3661 1877 3732 justitiae
1899 3661 2086 3717 labore

514 3764 659 3818 bona
712 3767 772 3814 ut
817 3756 1124 3813 meroedem
1173 3753 1528 3822 recepissent,
1585 3759 1773 3822 utpote
1825 3752 1975 3806 nullo
2017 3767 2083 3806 ex

516 3854 652 3925 ipsis
681 3855 736 3907 in
765 3865 956 3907 casum
1007 3847 1241 3917 aliquem
1269 3844 1355 3898 vel
1399 3843 1646 3898 morbum
1680 3853 1772 3898 aut
1801 3843 1966 3898 ullam
1991 3860 2086 3898 ne-

519 3945 827 4000 cessitatem
851 3941 1072 4009 delapso
1103 3955 1118 3992 :
1153 3935 1288 3991 adeo
1319 3945 1397 4002 ut,
1419 3935 1875 4006 quemadmodum
1909 3935 2086 3990 solent

517 4036 768 4092 homines
792 4049 824 4089 a
854 4047 1020 4104 prava
1051 4029 1393 4086 aberratione
1423 4027 1630 4093 afﬂicti,
1657 4027 1849 4095 Deum,
1872 4029 1964 4098 qui
1988 4043 2083 4084 eos

514 4133 730 4198 poterat
778 4137 996 4186 sanare,
1041 4121 1402 4190 despicerent.
1433 4116 1636 4173 Verum
1671 4119 1947 4175 enimvero
1973 4129 2085 4174 sta-

517 4217 615 4270 tim
645 4223 768 4285 post
793 4220 1186 4282 centemptum,
1209 4223 1275 4263 ex
1306 4214 1484 4261 metus
1509 4203 1784 4260 vacuitate
1807 4214 1861 4260 et
1891 4219 2082 4259 secura

516 4309 794 4378 voluptate
813 4304 1219 4376 procedentem,
1248 4299 1395 4355 velut
1433 4298 1501 4352 ab
1532 4295 1816 4352 harmonia
1847 4296 2081 4368 quadam

2186 1837 2335 1910 αὐτῷ
2363 1838 2750 1912 δωρησαμένου
2784 1842 2998 1913 Πατρδς
3024 1843 3118 1896 καὶ
3145 1845 3224 1907 είς
3257 1845 3528 1916 σωτηρίαν
3568 1845 3676 1899 τῶν
3703 1845 3764 1910 ἐξ

2185 1928 2351 1983 αὐτοῦ
2393 1930 2698 2002 γενομένων
2730 1933 2883 1997 υἱῶν,
2915 1933 2992 1996 ὡς
3022 1935 3205 2005 πατὴρ
3230 1936 3449 2007 γνήσιος
3480 1937 3614 2008 πρὸς
3637 1938 3763 2000 τοὺς

2186 2018 2279 2073 ὑπ’
2312 2018 2475 2073 αὐτοῦ
2519 2021 2842 2094 γενομένους
2874 2023 3068 2087 παῖδας
3112 2024 3409 2089 ἀποσώζων
3455 2025 3517 2078 τὸ
3549 2024 3760 2091 εὔνουν,

2188 2109 2508 2185 βουλόμενος
2536 2115 2734 2180 αὐτοὺς
2777 2116 2916 2188 πρὸς
2956 2117 3018 2170 τὺ
3059 2115 3335 2190 συμφέρον
3367 2119 3550 2183 αὐτοῖς
3590 2119 3763 2188 φιλεῖν

2185 2201 2318 2256 Θεὸν
2381 2203 2474 2258 καὶ
2528 2203 2798 2275 φιλεῖσθαι
2845 2207 2937 2261 ὐπ’
2983 2207 3169 2272 αὐτοῦ,
3217 2210 3317 2280 τὴν
3389 2208 3525 2281 πρὸς
3579 2209 3764 2278 φιλίαν

2184 2294 2348 2349 αὐτοῦ
2390 2296 2628 2365 ἄγουσαν
2662 2298 2917 2369 ἐξέφηνεν
2947 2299 3085 2364 ὁδὸν,
3103 2299 3318 2365 διδάξας
3339 2300 3518 2364 ποίαις
3549 2300 3761 2372 ἀνθρώ-

2185 2404 2303 2442 πων
2355 2387 2620 2460 πράξεσιν
2674 2391 2704 2445 ό
2763 2392 2923 2462 μόνος
2965 2393 3060 2446 καὶ
3101 2393 3314 2446 πάντων
3337 2392 3602 2464 δεσπότης
3631 2391 3765 2456 Θεὸς

2185 2479 2558 2551 εὐφραίνεται,
2585 2483 2680 2536 καὶ
2708 2483 2778 2536 τά
2824 2483 3018 2554 ἐκείνῳ
3049 2483 3303 2538 δοκοῦντα
3335 2485 3572 2555 ἐκφήνας
3602 2483 3762 2554 νόμον

2186 2565 2400 2620 αἰώνιον
2463 2567 2631 2639 ὥρισε
2686 2570 2797 2632 τοῖς
2823 2569 2868 2600 ⁸³
2915 2568 3075 2634 ὅλοις,
3116 2570 3242 2642 μήθ’
3283 2569 3389 2624 ὐπὸ
3420 2570 3692 2640 πολεμίων
3718 2571 3763 2602 ⁸⁴

2183 2656 2568 2728 ἐμπρησθῆναι
2611 2658 2927 2730 δυνάμενον,
2983 2661 3107 2734 μήθ’
3165 2662 3270 2715 ὑπὸ
3335 2661 3564 2726 ἀσεόοῦς
3618 2679 3763 2726 τινος

2187 2747 2663 2820 ὐπονοθευόμενον,
2715 2754 2851 2824 μήτε
2915 2753 2995 2806 ἐνὶ
3039 2753 3188 2825 τόπῳ
3244 2753 3759 2826 ἀποκεκρυμμένον,

2183 2839 2320 2893 ἀλλά
2351 2842 2516 2895 πᾶσιν
2547 2842 2957 2916 ἀναγνωσθῆναι
2987 2845 3301 2918 δυνάμενον.
3329 2841 3438 2900 Ἦν
3458 2843 3550 2900 οὖν
3581 2847 3764 2910 αὐτοῖς

2186 2933 2251 2985 ἐκ
2280 2933 2380 3004 τῆς
2409 2933 2728 3007 πειθαρχίας
2759 2937 2852 2991 τοῦ
2885 2939 3048 3009 νόμου
3084 2940 3262 2994 πάντα
3307 2941 3534 3009 ἄφθονα,
3552 2939 3622 2992 τά
3653 2939 3764 2992 τῶν

2185 3027 2413 3097 καρπῶν
2459 3028 2741 3093 κάλλιστα,
2778 3029 2847 3083 τὰ
2902 3031 3064 3101 188
3108 3031 3216 3085 τῶν
3269 3032 3404 3087 ἐτῶν
3448 3033 3630 3086 τέλεια
3670 3033 3765 3087 ml.

2187 3117 2366 3172 ἄλυπα
2416 3121 2510 3173 καὶ
2556 3121 2742 3183 ἀνοσα,
2797 3120 2933 3191 μετά
2962 3122 3142 3194 πάσης
3185 3122 3284 3193 τῆς
3323 3123 3432 3176 τῶν
3470 3124 3647 3195 ἀέρων
3682 3124 3765 3177 εὐ-

2186 3210 2419 3282 κρασίας
2441 3210 2610 3274 ἀδεῶς
2640 3211 3004 3283 δεδωρημένα.

2254 3321 2349 3379 ΧΙ.
2379 3325 2442 3378 Oi
2469 3323 2525 3378 δὲ
2553 3324 2675 3378 ἐπεὶ⁹
2698 3325 2772 3397 μὴ
2807 3324 3022 3397 πρῶτον
3065 3325 3172 3379 τῶν
3209 3328 3394 3381 κακῶν
3425 3327 3762 3401 ἐπειράσθη-

2188 3433 2309 3482 σαν,
2341 3416 2480 3488 πρὸς
2513 3416 2682 3490 αὐτὴν
2697 3417 2741 3449 ⁸⁸
2759 3417 2866 3471 τῶν
2922 3417 3140 3487 ἀγαθῶν
3171 3418 3376 3492 δωρεὰν
3419 3420 3760 3492 ἀναισθήτως

2186 3507 2418 3579 ἔχοντες,
2465 3509 2569 3562 ὑπὸ
2612 3509 2710 3582 τῆς
2757 3507 2986 3579 ἀφθόνου
3043 3511 3248 3583 τροφῆς
3298 3512 3392 3565 καὶ
3441 3513 3651 3584 τρυφῆς
3682 3514 3763 3577 είς

2186 3597 2506 3671 ἀχαριστίαν
2534 3598 2903 3672 ἐξετρέποντο,
2937 3598 3013 3664 ὡς
3041 3601 3280 3672 νομίσαι,
3315 3601 3511 3667 αὐτοὺς
3536 3603 3655 3675 μηδ’
3687 3601 3762 3657 εῖ-

2186 3707 2274 3744 ναι
2301 3690 2586 3763 Πρόνοιαν,
2616 3691 2738 3745 ἐπεὶ
2773 3691 3142 3763 μὴτπρότερον
3175 3692 3440 3762 καμόντες
3455 3692 3548 3747 ἐπὶ
3566 3692 3761 3747 δικαιο-

2187 3781 2353 3854 σύνης
2383 3781 2459 3845 ὡς
2492 3781 2680 3853 μισθὸν
2723 3780 2792 3835 τὰ
2831 3780 3012 3850 ἀγαθὰ
3052 3782 3360 3853 εἰλήφεσαν,
3396 3783 3492 3837 ἆτε
3536 3779 3760 3854 μηδενὸς

2186 3873 2364 3927 αὐτῶν
2397 3872 2430 3946 ἦ
2461 3872 2620 3926 πάθει
2653 3873 2760 3927 τινὶ
2791 3873 2824 3944 ἢ
2854 3872 2993 3944 νόσῳ
3020 3871 3052 3944 ἥ
3087 3873 3220 3946 ἄλλῃ
3248 3873 3354 3928 τινλ⁵
3383 3873 3599 3945 ἀνάγκῃ
3629 3874 3760 3928 ὐπο-

2186 3965 2474 4028 πεσόντος·
2521 3964 2627 4029 ἵνα,
2662 3963 2737 4028 ὡς
2768 3962 3074 4035 ἀνθρώποις
3129 3963 3278 4034 φίλον
3325 3963 3471 4017 ἐστὶν
3511 3964 3616 4018 ὑπὸ
3659 3965 3759 4041 τῆς

2187 4056 2361 4126 κακῆς
2391 4054 2716 4128 διαμαρτίας
2733 4055 2782 4086 ⁶⁶
2814 4055 3158 4119 κακωθεῖσιν,
3190 4057 3400 4120 ἑαυτοῖς
3432 4057 3522 4109 τὸν
3576 4057 3757 4111 ἰᾶσθαι

2185 4147 2477 4219 δυνάμενον
2524 4146 2955 4220 περιϐλέψωνται
3005 4146 3156 4200 Θεόν.
3204 4146 3364 4200 Ἀλλά
3411 4146 3519 4218 γὰρ
3557 4148 3758 4213 εὐθέως

2189 4222 2326 4308 μετά
2377 4236 2477 4309 τὴν
2508 4237 2572 4290 ἐκ
2603 4237 2702 4308 τῆς
2733 4236 2964 4305 ἀφοϐίας
3000 4236 3094 4290 καὶ
3127 4235 3314 4300 ἀδεοῦς
3343 4239 3555 4309 τρυφῆς
3587 4255 3758 4291 κατα-

2187 4328 2475 4400 φρόνησιν,
2503 4327 2691 4400 ὥσπερ
2719 4327 2777 4395 ἐξ
2808 4325 3069 4398 ἁρμονίας
3094 4327 3239 4392 τινὸς
3257 4327 3561 4392 ἀκολούθως
3588 4330 3759 4402 ἐφηρ-

517 4406 915 4468 consequentcr
965 4396 1238 4466 adaptata,
1287 4396 1436 4466 justa
1483 4409 1578 4450 eos
1609 4393 1808 4449 invasit
1845 4393 2076 4464 punitio,

2185 4393 2478 4496 μοσμένης,
2524 4393 2707 4478 δικαία
2744 4393 2828 4487 τις
2845 4393 3040 4486 ἀὐτοῖς
3073 4421 3351 4495 ἀπήντησε
3394 4393 3656 4494 τιμωρία,

517 4506 641 4563 quae
686 4490 827 4544 bona
864 4487 1085 4558 quidem
1120 4499 1181 4542 ut
1221 4487 1382 4542 noxia
1412 4486 1642 4560 expulit,
1672 4485 1815 4540 mala
1863 4499 1992 4540 vero
2023 4491 2082 4538 ut

518 4583 772 4655 adjutura
805 4589 994 4637 contra
1025 4579 1259 4636 induxit.

588 4785 704 4842 ΧΠ.
735 4783 870 4840 Nam
902 4799 969 4839 ex
1003 4781 1126 4839 caeli
1157 4780 1350 4837 incolis
1380 4779 1682 4852 ‘spiritibus
1724 4780 1783 4848 ii,
1823 4781 1915 4850 qui
1957 4780 2080 4835 inii-

2190 4517 2285 4588 μὲν
2302 4517 2408 4589 γὰρ
2434 4517 2477 4548 ⁸⁷
2507 4516 2684 4585 ἀγαθά
2708 4515 2782 4579 ὡς
2797 4515 3072 4586 βλάψαντα
3103 4513 3414 4579 ἀπωθοῦσα,
3435 4513 3504 4567 τὰ
3529 4513 3586 4567 δέ
3611 4513 3757 4568 κακά

2185 4608 2262 4672 ὡς
2293 4608 2646 4680 ὠφελήσαντα
2677 4608 3121 4679 ἀντεισφέρουσα.

2256 4780 2370 4835 ΧΠ.
2387 4781 2506 4835 Τῶν
2518 4780 2626 4853 γάρ
2650 4781 2739 4836 τὸν
2751 4779 2974 4854 οὐρανὸν
3002 4779 3350 4835 ἐνοικούντων
3360 4779 3407 4812 ⁸³
3429 4778 3754 4850 πνευμάτων

423 5466 433 5476 -
585 5476 600 5501 ,
631 5437 766 5507 μήτε
779 5434 921 5489 “πολέ

517 4895 663 4934 mam
727 4878 1004 4949 regionem
1063 4875 1313 4930 habitant
1367 4874 1562 4943 angeli,
1613 4873 1806 4928 oil‘ensi
1865 4873 2078 4944 ingrato

2185 4875 2231 4927 οἱ
2257 4873 2678 4946 τὴνκατωτάτω
2692 4873 2871 4946 χώραν
2894 4872 3275 4934 κατοικοῦντες
3327 4869 3568 4939 ἄγγελοι,
3592 4869 3754 4940 ἀχθε-

518 4969 800 5025 hominum
832 4983 958 5038 erga
1012 4967 1182 5020 Deum
1239 4965 1424 5019 animo
1479 4964 1772 5035 postulant,
1808 4964 1860 5018 in
1908 4965 2074 5018 vitam

2185 4965 2400 5031 σθέντες
2453 4965 2544 5020 ἐπὶ
2595 4966 2799 5039 τῇτῶν
2853 4964 3153 5038 ἀνθρώπων
3184 4966 3267 5027 είς
3286 4961 3416 5016 Θεὸν
3435 4959 3750 5032 ἀχαριστία,

519 5060 802 5116 hominum
835 5057 1018 5115 venire
1044 5057 1226 5124 liceat,
1261 5065 1320 5112 ut
1355 5067 1482 5110 vere
1510 5053 1761 5109 homines
1799 5051 1948 5121 facti,
1981 5069 2077 5124 per

2185 5053 2456 5112 αἰτοῦνται
2507 5059 2587 5124 είς
2636 5058 2724 5112 τὸν
2757 5056 3056 5130 ἀνθρώπων
3089 5055 3263 5110 ἐλθεῖν
3293 5052 3427 5126 βίον,
3464 5053 3550 5106 ἵνα
3583 5052 3754 5115 ὅντως

1785 5189 2020 5248 VARUE
2062 5190 2464 5250 LECTIONES.

584 5300 633 5336 ⁸ο
659 5294 790 5349 Θεόν
814 5293 879 5358 Ο,
908 5303 970 5350 ut
996 5292 1101 5365 legi
1128 5292 1284 5365 jubet
1303 5291 1426 5365 ett}
1457 5290 1544 5365 ,_in
1570 5288 1680 5365 cuj.
1707 5287 2021 5365 ῐειιιιιφεοῦ.
2065 5358 2078 5365 _
2103 5289 2148 5365 f°
2173 5289 2344 5365 καί
2422 5294 2464 5331 ⁶¹
2486 5291 2905 5365 ἀνακαλέσονται
2927 5288 3018 5365 (3.-
3049 5288 3095 5322 ⁰¹
3118 5289 3408 5365 γενωμένῳ
3428 5285 3493 5365 0.
3569 5286 3615 5325 ⁸³
3637 5287 3750 5365 τοῖς

515 5366 715 5421 excidit
743 5381 830 5436 ap.
863 5356 923 5420 Cl
973 5356 1315 5435 (edd.'1698,
1351 5361 1510 5433 1724)
1533 5370 1587 5413 et
1622 5356 1680 5416 S.
1756 5362 1804 5396 “
1832 5358 1967 5428 μήτε
1995 5358 2245 5432 πολέμων
2279 5361 2319 5415 C
2351 5401 2365 5426 ,
2403 5363 2527 5436 μήθ’
2556 5364 2661 5416 ὐπὸ
2683 5361 2957 5433 πολεμίων
2984 5359 3028 5413 D
3058 5399 3073 5425 ,
3107 5356 3243 5478 μήτε
3267 5356 3568 5430 ’πολεμίοις
3591 5356 3741 5478 coni.

517 5434 557 5478 ἓ
588 5476 597 5478 ,
632 5437 762 5478 nec;
792 5434 1012 5478 καλέω.)
1036 5431 1099 5478 ﬂ-
1178 5436 1222 5468 ⁸⁸
1260 5439 1359 5478 τήν
1387 5432 1445 5478 ίῖ-
1523 5431 1568 5465 ⁸³
1591 5429 1658 5478 δι’
1683 5429 1954 5478 ἁμαρτίαι.
1981 5430 2046 5478 Ο.
2077 5428 2117 5478 S
2171 5449 2184 5478 ε
2217 5431 2394 5478 [meum
2425 5433 2778 5478 multifariam
2810 5440 3124 5478 corrnnlus.
3181 5432 3384 5478 )alivus
3421 5430 3635 5478 ἑαυτοῖς
3660 5443 3696 5478 0
3720 5454 3741 5465 -

967 5428 1012 5506 ip
1036 5431 1128 5506 0.”
1178 5436 1222 5468 ⁸⁸
1260 5439 1359 5506 τήν
1387 5432 1445 5487 C.
1493 5428 1568 5465 ’⁸³
1591 5429 1658 5482 δι’
1683 5429 1954 5506 ἁμαρτίας
1981 5430 2046 5495 0,
2077 5428 2146 5506 §'_
2171 5449 2184 5484 :
2217 5428 2779 5506 yicus_'inultifaﬁam
2810 5428 3124 5506 corruptus.

517 5434 557 5518 ξι
585 5476 600 5501 ,
631 5437 766 5517 μήτε
779 5431 1012 5559 ’πολέμῳ
1036 5431 1100 5490 Ο.
1119 5505 1131 5517 .
1178 5436 1222 5468 ⁸⁸
1260 5439 1359 5504 τήν
1387 5432 1445 5487 C.
1493 5431 1568 5465 ’⁸³
1591 5431 1658 5482 δι’
1683 5431 1954 5514 ἁμαρτίας
1981 5431 2046 5495 0,
2171 5449 2184 5484 :
2217 5431 2779 5488 Locus'niultifariam
2810 5431 3124 5501 corruptus.
3159 5431 3384 5487 Dativus
3421 5431 3635 5488 ἐαυτοῑς
3660 5431 3747 5478 of-

517 5508 685 5560 lendtt
709 5515 900 5561 contra
951 5521 1074 5575 eges
1097 5505 1294 5574 linguae
1316 5502 1536 5566 Graecm,
1569 5509 1624 5556 et
1657 5501 1785 5571 quid
1841 5500 2020 5554 ιᾶσθαι
2047 5501 2148 5555 sub:
2171 5504 2320 5568 velit,
2354 5503 2568 5566 diﬂicile
2595 5512 2678 5558 est
2721 5502 3026 5568 intellectu;
3049 5502 3174 5558 deni
3218 5517 3287 5556 ue
3313 5495 3747 5572 περιϐλέπεσθαι

517 5587 624 5627 non
651 5577 790 5627 idem
821 5576 1110 5627 siuniﬁcat.
1137 5574 1283 5627 auod
1315 5573 1596 5627 despicere.
1628 5571 2052 5627 Coniectaverim
2076 5587 2198 5626 esse
2227 5573 2574 5627 scribendum
2603 5573 2772 5627 ἀδεῶς
2791 5572 2882 5627 τὸν
2918 5519 3279 5627 τιμωρεῖσθαι
3303 5571 3602 5627 δυνάμενον
3629 5582 3746 5620 παλ

516 5577 790 5660 non‘i'dem
821 5571 1110 5660 significat,
1137 5571 1283 5660 quod
1315 5573 1596 5660 despicere.
1628 5571 2052 5660 goutjectaverim
2076 5587 2198 5626 esse
2227 5573 2574 5660 scribendum
2603 5573 2772 5660 ἀδεῶς
2791 5572 2882 5660 τὸν
2918 5571 3746 5660 τιμορεῖίθαιιδμνέμνοξξᾶτ

555 5636 901 5716 amilum"
913 5646 1065 5700 Θεόνο
1096 5636 1106 5644 ’
1141 5636 1185 5685 δ’
1209 5644 1318 5716 γάρ
1334 5636 1446 5702 om.
1477 5641 1522 5700 Ο
1552 5682 1567 5712 ,
1598 5643 1665 5698 ad
1696 5636 1807 5714 cui.
1833 5657 1983 5698 oram
2012 5651 2264 5701 monetur
2293 5661 2309 5702 :
2344 5641 2642 5701 νοθεύεται.
2716 5636 2764 5686 ⁸⁸
2789 5636 3141 5702 ἐνοικούντὼν
3165 5642 3228 5701 Cl
3274 5636 3523 5715 (1698⁷61.
3551 5636 3746 5706 1⁸724),

620 5715 871 5773 ικούντων
912 5722 971 5779 S.
