4082 6160
371 276 476 336 253

1439 260 1891 319 CLEMENTINA.
1932 291 2002 304 --
2030 259 2316 316 HOMILIA
2353 260 2488 316 VIII.

3503 271 3608 329 934

366 390 636 462 ἂνθρωποι
681 385 984 456 γενόμενοι,
1023 383 1114 436 ἐπὶ
1157 380 1402 452 πολιτείᾳ.
1449 379 1650 433 πλείονι
1693 380 1821 442 τοὺς
1865 378 1930 441 είς

2051 374 2277 430 multam
2327 375 2792 431 conversationem
2845 377 3155 450 redargutis
3205 379 3298 451 qui
3346 380 3400 434 in
3436 377 3605 437 Deum

366 469 525 533 αὐτὸν
553 475 1031 546 ἀχαριστήσαντας
1049 471 1364 540 ὲλέγξαντες
1394 469 1581 523 αὐτόθι
1611 472 1678 540 τῇ
1703 470 1824 522 κατ’
1841 467 1949 532 ἀξί-

365 586 431 621 αν
475 568 704 620 ἕκαστον
756 563 1064 616 ὑποϐάλωσι
1115 560 1375 631 τιμωρίᾳ.
1421 559 1612 612 Ὁπότε
1646 555 1737 612 οὖν
1786 555 1949 627 189

364 659 685 728 αἰτήσαντες
706 653 919 714 ἔλαϐον,
938 651 1073 722 πρὸς
1105 653 1284 704 πᾶσαν
1311 648 1536 712 aue-ob;
1559 648 1883 720 μετέϐαλλον
1901 648 1946 679 ⁸³

363 746 546 816 φύσιν,
590 745 686 798 ἀτε
749 741 1134 812 θειωδεστέρας
1178 741 1329 802 ὄντες
1385 738 1574 802 οὐσίας
1609 738 1704 792 καὶ
1750 737 1947 810 ῥᾳδίως

364 834 502 906 πρὸς
529 832 708 887 πάντα
738 831 1167 904 μετατρέπεσθαι
1199 829 1504 900 δυνάμενοι.
1547 831 1656 883 Καὶ
1692 829 1942 899 ἐγένοντο

360 925 507 988 λίθος
546 924 743 996 τίμιος,
780 925 873 976 καὶ
909 922 1254 994 μαργαρίτης
1286 923 1663 993 περίϐλεπτος,
1687 921 1942 994 πορφύρα

359 1037 421 1072 τε
443 1017 660 1088 εἰτύχοι
686 1015 969 1086 καλλίστη,
1001 1015 1095 1070 καὶ
1127 1016 1327 1088 χρυσὸς
1358 1014 1584 1080 ἔνδοξος,
1608 1017 1702 1069 καὶ
1729 1015 1940 1068 πᾶσα⁷⁰

363 1109 675 1179 πολυτίμιος
723 1107 843 1178 ὕλη.
877 1108 986 1160 Καὶ
1017 1107 1126 1160 τῶν
1169 1107 1264 1176 μὲν
1290 1108 1370 1169 εἰς
1395 1109 1604 1176 χεῖρας,
1635 1107 1741 1159 τῶν
1772 1105 1830 1158 δὲ
1862 1106 1942 1168 είς

362 1200 560 1253 κόλπον
586 1199 892 1261 ἐνέπιπτον,
911 1200 1004 1252 καὶ
1036 1199 1124 1251 ὑπ’
1153 1198 1328 1250 αὐτῶν
1361 1197 1573 1260 ἑκόντες
1597 1197 1937 1250 ὲκλέπτοντο.

360 1289 768 1345 Μετεϐἀλλοντο
804 1289 860 1342 δὲ
893 1288 987 1341 καὶ⁸
1016 1291 1095 1352 είς
1126 1287 1430 1358 τετράποδα
1467 1288 1560 1340 καὶ
1595 1288 1675 1349 εἰς
1707 1285 1936 1356 ἑρπετὰ,

359 1384 539 1456 νηκτά
551 1399 613 1437 τε
635 1383 729 1438 καὶ
751 1381 949 1453 πτηνὰ,
967 1383 1059 1436 καὶ
1080 1383 1159 1443 εἰς
1189 1382 1295 1433 πᾶν
1311 1381 1447 1450 ὅπερ
1467 1379 1782 1449 ἤθελον.”Ατ
1792 1393 1876 1430 ινα
1892 1377 1936 1408 ⁷⁸

358 1478 457 1531 καὶ
487 1478 538 1530 οί
583 1477 712 1547 παρ’
763 1476 891 1547 ὑμῖν
946 1475 1163 1545 ποιηταὶ
1196 1473 1425 1542 ἀφοϐίας
1458 1474 1606 1543 αἰτίᾳ
1643 1474 1717 1536 ὡς
1749 1472 1936 1543 ἔτυχεν

361 1567 599 1640 ᾅδουσιν,
634 1567 714 1620 ἑνὶ
729 1567 774 1598 ⁷⁸
800 1565 978 1618 τοίνυν
1007 1564 1106 1628 τὰς
1135 1564 1348 1618 πάντων
1383 1562 1584 1626 πολλὰς
1616 1565 1709 1616 καί⁷
1749 1563 1934 1638 διαφό-

362 1673 493 1728 ρους
521 1653 754 1728 πράξεις
784 1653 1172 1724 ἀπονέμοντες.

2051 467 2245 536 ingrati
2301 465 2541 529 fuerant,
2605 465 2893 522 confestim
2944 487 3382 542 unumquemque
3411 475 3606 527 merito

2049 554 2326 610 adicerent
2373 555 2664 626 supplicio.
2701 555 2929 622 Quando
2963 560 3124 630 igitur
3152 563 3296 632 quod
3340 563 3607 632 petierant

2047 653 2394 714 acceperunt,
2431 645 2484 699 in
2517 661 2732 700 omnem
2759 661 2819 701 se
2841 656 3121 704 mutarunt
3141 661 3410 720 naturam,
3431 663 3489 708 ut
3510 655 3604 724 qui

2046 737 2331 794 divinioris
2386 746 2570 793 essent
2619 738 2958 806 substantiae,
3013 739 3282 813 facileque
3325 745 3378 798 in
3418 747 3603 802 omnia

2045 838 2267 899 possent
2297 829 2558 885 converti.
2590 829 2657 884 Et
2683 829 2813 886 facti
2860 839 2988 887 sunt
3043 833 3178 903 lapis
3229 837 3516 904 pretiosus,
3549 847 3603 893 et

2045 920 2342 990 margarita
2392 920 2708 990 conspicua,
2741 931 2795 978 et
2838 938 3076 993 purpura
3112 925 3158 980 si
3205 941 3326 996 quae
3356 931 3602 997 pulcher-

2044 1013 2204 1080 rima,
2238 1020 2291 1068 et
2323 1029 2517 1068 aurum
2561 1015 2792 1086 insigne,
2828 1032 2892 1071 ac
2920 1019 3098 1074 omnis
3125 1021 3408 1090 magnifica
3435 1033 3604 1080 matc-

2041 1105 2144 1163 ria.
2194 1106 2372 1174 Atque
2398 1104 2450 1158 in
2479 1105 2711 1160 aliorum
2761 1106 2982 1176 quidem
3021 1124 3236 1178 manus,
3264 1112 3317 1166 in
3369 1113 3600 1170 aliorum

2042 1210 2169 1250 vero
2214 1196 2394 1251 sinum
2444 1196 2771 1263 inciderunt,
2802 1206 2857 1253 et
2886 1199 2954 1254 ab
2987 1200 3054 1256 iis
3087 1212 3280 1272 sponte
3319 1205 3604 1274 rapieban-

2042 1296 2151 1342 tur.
2178 1285 2282 1342 Sed
2328 1295 2382 1343 et
2427 1287 2800 1344 transformati
2853 1300 2984 1345 sunt
3029 1291 3085 1346 in
3119 1289 3498 1364 quadrupedes
3547 1306 3602 1352 et

2039 1388 2340 1447 serpentes,
2373 1380 2550 1448 pisces
2585 1387 2640 1434 et
2681 1395 2829 1449 aves,
2860 1397 2925 1436 ac
2953 1382 3007 1437 in
3052 1385 3416 1456 quodcunque
3453 1389 3604 1444 vole-

2036 1469 2186 1523 bant.
2214 1468 2344 1534 Quae
2373 1469 2539 1524 vestri
2570 1471 2734 1526 etiam
2765 1483 2956 1542 poetae.
2990 1475 3137 1543 quod
3165 1475 3301 1530 nihil
3352 1477 3599 1544 timeant,

2035 1574 2135 1630 pro
2190 1560 2348 1616 libito
2399 1571 2625 1625 canunt,
2675 1563 2768 1617 uni
2818 1579 3013 1635 nempe
3056 1566 3300 1621 omnium
3348 1569 3520 1624 multa
3549 1581 3602 1626 et

2035 1650 2187 1705 varia
2212 1665 2376 1720 opera
2405 1652 2726 1708 tribuentes.

436 1764 575 1820 XIII.
617 1749 780 1836 Πλὴν
803 1765 894 1818 ὅτε
927 1763 1100 1817 ταῦτα
1134 1757 1408 1834 γενόμενοι
1439 1764 1563 1826 τοὺς
1597 1763 1930 1834 διαρπάσαν-

2105 1763 2242 1818 ΧΙΙΙ.
2274 1762 2544 1820 Caeterum
2575 1766 2792 1836 quando
2832 1767 2947 1827 haec
2992 1767 3123 1824 facti
3167 1779 3416 1841 raptores
3460 1788 3594 1830 suos

358 1871 462 1918 τας
487 1855 686 1918 αὐτοὺς
723 1853 1051 1915 πλεονέκτας
1081 1852 1330 1922 ἤλεγξαν,
1363 1853 1456 1906 καὶ
1487 1854 1566 1915 είς
1594 1853 1692 1924 τὴν
1722 1852 1932 1924 ἀνθρὼ-

363 1963 488 1999 πων
520 1945 679 2014 φύσιν
703 1946 929 2008 ἑαυτοὺς
953 1943 1274 2014 μετέϐαλλον
1294 1944 1363 2010 ⁷³,
1395 1945 1480 1996 ἵνα
1509 1944 1671 2007 ὁσίως
1697 1943 1936 1996 πολιτευο

362 2035 587 2106 σάμενοι
617 2036 711 2088 καὶ
756 2035 817 2088 τὺ
858 2035 1077 2088 δυνατὸν
1120 2033 1213 2087 τοῦ
1258 2033 1631 2086 πολιτεύεσθαι
1666 2032 1935 2099 δείξαντες

360 2127 491 2190 τοὺς
513 2127 842 2198 ἀχαρίστους
861 2125 908 2157 ⁷⁸
937 2125 1188 2189 εὐθύναις
1222 2124 1591 2188 ὑποϐάλωσιν,
1639 2123 1825 2194 ἐπειδὴ
1847 2124 1934 2177 ὅν-

361 2236 473 2282 τως
500 2216 570 2271 τὰ
599 2217 776 2272 πάντα
803 2216 1077 2288 ἄνθρωποι
1109 2215 1347 2284 ἐγίνοντο
1374 2215 1466 2268 καὶ
1498 2215 1597 2285 τὴν
1642 2214 1934 2284 ἐπιθυμίαν

362 2308 521 2378 ἔσχον
545 2307 643 2378 τὴν
673 2305 1038 2376 ἀνθρωπίνην,
1072 2305 1175 2358 ὑπὸ
1201 2304 1406 2374 ταύτης
1445 2302 1804 2374 κρατούμενοι
1853 2304 1934 2366 είς

360 2397 636 2468 γυναικῶν
655 2396 798 2468 μῖξιν
814 2396 1056 2461 ὤλισθον,
1074 2389 1161 2458 αἷς
1177 2395 1580 2465 συμπλακέντες
1602 2394 1695 2446 καὶ
1712 2392 1934 2464 μιασμῷ

361 2489 631 2558 παγέντες
644 2488 847 2559 καὶτῆς
866 2487 1087 2559 πρώτης
1099 2487 1376 2556 δυνάμεως
1392 2484 1665 2549 παντελῶς
1683 2483 1936 2538 κενωθέν-

359 2597 458 2644 τες
484 2578 556 2633 τὰ
577 2578 829 2650 ὲκ-πυρὺς
853 2580 1125 2650 τραπέντα
1159 2578 1292 2649 μέλη
1325 2579 1403 2641 είς
1433 2578 1491 2630 τὸ
1525 2577 1738 2648 πρῶτον
1756 2575 1932 2630 αὐτῶν

360 2673 464 2744 τῆς
472 2672 520 2704 ⁷⁸
536 2670 670 2736 ίδίας
687 2671 896 2742 φύσεως
905 2671 1160 2744 ἀμίαντον
1182 2672 1596 2746 μετασυγκρῖναι
1610 2669 1715 2724 »οὐκ
1727 2667 1936 2741 ἐξίσχυ-

362 2778 484 2815 σαν.
511 2761 601 2833 Τῷ
629 2761 738 2834 γάρ
766 2761 920 2833 βάρει
948 2761 1025 2833 τῷ
1056 2761 1159 2815 ὑπὸ
1175 2762 1275 2832 τῆς
1305 2760 1593 2831 ἐπιθυμίας
1624 2762 1704 2823 εἰς
1735 2760 1931 2831 σάρκα,

359 2849 777 2922 τελευτήσαντος
794 2849 956 2903 αὑτοῦ
971 2849 1062 2902 τοῦ
1074 2849 1120 2880 ⁷⁸
1138 2848 1325 2918 πυρὸς,
1338 2848 1434 2918 τὴν
1452 2845 1750 2899 ἀσεϐοῦσαν
1767 2844 1931 2897 ὥδευ-

362 2956 464 2994 σαν
503 2940 619 2994 όδὸν
658 2940 826 2994 κάτω’
864 2940 1064 3010 σαρκὸς
1099 2938 1207 3009 γὰρ
1249 2938 1401 2990 αὐτοὶ
1429 2937 1646 3007 δεσμοῖς
1699 2933 1933 3005 πεπεδη-

2035 1870 2232 1911 avaros
2267 1856 2658 1922 ostenderunt,
2694 1866 2749 1912 et
2776 1857 2830 1912 in
2861 1859 3142 1914 hominum
3173 1871 3425 1917 naturam
3473 1879 3596 1918 mu-

2035 1955 2287 2002 taverunt
2314 1962 2372 2002 se
2391 1988 2408 2014 ,
2440 1963 2548 2017 quo
2574 1957 2761 2005 sancte
2783 1950 3026 2006 viventes
3057 1961 3111 2007 et
3153 1953 3317 2008 vitam
3348 1965 3596 2011 sanctam

2035 2053 2156 2095 esse
2185 2039 2503 2110 possibilem
2535 2049 2903 2098 monstrantes
2932 2043 3176 2114 ingratos
3198 2045 3376 2115 poenis
3404 2048 3597 2103 subde-

2033 2139 2157 2185 rent
2182 2148 2194 2184 :
2221 2132 2504 2201 quoniam,
2527 2131 2773 2202 inquam,
2801 2148 2928 2188 vere
2949 2134 3175 2191 omnino
3201 2137 3448 2193 homines
3477 2138 3596 2193 exi-

2033 2221 2248 2276 stebant
2280 2232 2336 2276 et
2362 2221 2636 2276 habebant
2664 2223 3159 2294 concupiscentiam
3185 2226 3499 2295 humanam,
3523 2229 3595 2285 ab

2032 2326 2097 2367 ea
2135 2311 2408 2382 subjugati
2439 2312 2494 2366 in
2531 2311 2856 2369 feminarum
2889 2317 3236 2373 concubitum
3267 2318 3408 2391 lapsi
3439 2330 3592 2392 sunt,

2032 2403 2232 2474 quibus
2261 2403 2557 2474 commisti,
2587 2412 2640 2462 et
2670 2405 2884 2476 piaculo
2909 2411 3130 2478 conﬁxi,
3158 2421 3322 2482 atque
3352 2428 3384 2468 a
3415 2414 3594 2483 prima

2031 2497 2233 2552 virtute
2274 2499 2492 2555 vacuati
2533 2501 2749 2569 penitus
2769 2543 2784 2568 ,
2811 2516 2879 2556 ex
2908 2501 3032 2573 igne
3059 2518 3323 2560 conversa
3348 2507 3594 2562 membra

2033 2589 2088 2647 in
2123 2590 2355 2663 primam
2389 2602 2599 2648 naturae
2621 2585 2734 2649 suae
2755 2595 3045 2664 puritatem
3070 2611 3178 2650 non
3205 2597 3493 2653 valuerunt
3515 2599 3592 2654 in-

2033 2691 2302 2739 staurare.
2337 2682 2471 2738 Nam
2495 2697 2592 2754 per
2613 2685 2828 2754 pondus
2863 2699 2928 2740 ex
2961 2686 3168 2740 carnali
3202 2689 3592 2758 concupiscen-

2035 2775 2107 2829 tia
2136 2782 2339 2843 ortum,
2366 2775 2484 2845 ipso
2516 2775 2641 2846 igne
2678 2775 2994 2841 desinente,
3041 2791 3137 2846 per
3178 2777 3398 2847 impiam
3445 2780 3591 2835 viam

2031 2863 2173 2918 infra
2214 2864 2573 2920 incesserunt.
2620 2865 2932 2935 Siquidem,
2959 2867 3143 2923 carnis
3170 2867 3405 2924 vinculis
3437 2886 3589 2925 com-

2030 2956 2216 3026 pediti,
2252 2956 2455 3012 detenti
2486 2966 2611 3013 sunt
2646 2973 2711 3012 ac
2743 2957 2954 3012 fortiter
2985 2958 3154 3029 ligati,
3186 2968 3406 3030 propter
3443 2963 3590 3031 quod

365 3031 516 3102 μένοι
547 3029 705 3102 ιθο
735 3030 1153 3100 κατέσχηνται⁷⁷
1185 3028 1277 3082 καὶ
1313 3027 1545 3098 ἰσχυρῶς
1576 3026 1833 3092 δέδενται,
1865 3015 1926 3078 οὗ

2032 3065 2139 3104 non
2169 3058 2464 3121 potuerunt
2491 3049 2724 3120 amplius
2753 3049 2808 3104 in
2839 3051 3006 3106 caelos
3033 3052 3353 3108 ascendere.

361 3126 546 3179 ἕνεκεν
571 3126 651 3188 είς
681 3125 941 3196 οὐρανοὺς
967 3121 1204 3177 ἀνελθεῖν
1231 3123 1416 3175 οὐκέτι
1447 3119 1800 3192 ἐδυνήθησαν.

351 3232 359 3292 ι
430 3223 574 3281 XIV.
615 3225 771 3280 Μετὰ
800 3227 909 3297 γὰρ
963 3223 1274 3287 συνουσίαν,
1321 3223 1349 3276 ὃ
1375 3223 1420 3254 ⁷⁸
1459 3222 1520 3275 τὸ
1553 3222 1766 3293 πρῶτον
1811 3221 1924 3289 ὲγί-

362 3333 514 3371 νοντο
540 3315 930 3387 ἀπαιτηθέντες
968 3314 1058 3367 καὶ
1100 3316 1398 3386 παρασχεῖν
1437 3313 1629 3383 μηκέτι
1672 3311 1925 3382 δυνηθέν-

362 3425 472 3474 τες,
499 3407 590 3462 διά
612 3408 675 3461 τὸ
707 3407 834 3460 ἀλλο
859 3424 914 3460 τι
943 3405 1080 3477 μετά
1114 3407 1348 3477 μιασμὸν
1377 3406 1602 3468 ἑαυτοὺς
1623 3406 1670 3439 ⁷⁸
1702 3406 1926 3475 ποιῆσαι

364 3500 440 3572 μὴ
471 3499 1011 3571 δύνασθαι,ἀρέσκειν
1037 3517 1097 3551 τε
1126 3501 1245 3562 ταῖς
1275 3498 1573 3568 ὲρωμέναις
1598 3497 1923 3568 βουλόμενοι,

361 3589 476 3643 ἀνθ’
504 3589 712 3644 ἑαυτῶν
744 3590 870 3653 τοὺς
901 3589 1001 3659 τῆς
1037 3590 1142 3659 γῆς
1177 3588 1403 3660 μυελοὺς
1437 3588 1718 3654 ὑπέδειξαν
1737 3627 1752 3652 ,
1785 3587 1927 3656 λέγω

361 3681 418 3734 δὲ
444 3681 516 3734 τὰ
544 3683 607 3734 ὲκ
644 3681 918 3751 μετάλλων
945 3680 1079 3751 ἄνθη
1099 3721 1114 3744 ,
1147 3679 1370 3752 χρυσὸν,
1402 3679 1626 3750 χαλκὸν,
1657 3680 1922 3750 ἄργυρον,

365 3769 581 3841 σίδηρον
617 3770 712 3824 καὶ
739 3770 808 3823 τὰ
844 3772 1025 3841 ὅμοια,
1073 3771 1168 3824 σὺν
1198 3774 1314 3834 τοῖς
1349 3768 1693 3841 τιμιωτάτοις
1725 3768 1926 3822 ἅπασιν

363 3859 552 3924 λίθοις.
577 3861 680 3915 Σὺν
715 3860 925 3924 τούτοις
953 3860 1012 3912 δὲ
1039 3863 1153 3924 τοῖς
1186 3861 1532 3931 μαγευθεῖσιν
1555 3860 1598 3892 ⁸ο
1627 3857 1792 3920 λίθοις
1831 3857 1926 3910 καὶ

359 3951 457 4014 τὰς
504 3951 698 4022 τέχνας
742 3951 849 4005 τῶν
892 3952 1027 4024 πρὸς
1059 3953 1262 4008 ἕκαστα
1315 3951 1648 4024 πραγμάτων
1693 3949 1923 4020 παρέδο-

361 4057 460 4095 σαν
478 4042 548 4106 ⁸¹,
577 4042 671 4096 καὶ
705 4043 932 4113 μαγείαν
956 4043 1338 4110 συνυπέδειξαν
1362 4045 1406 4075 δ’
1435 4047 1527 4098 καὶ
1566 4042 1923 4115 ἀστρονομίαν

359 4132 636 4200 ἐδίδαξαν,
685 4135 939 4206 δυνάμεις
977 4155 1035 4190 τε
1084 4136 1246 4208 ῥιζῶν
1277 4138 1369 4190 καῖ⁹
1397 4137 1496 4189 ὅσα
1527 4135 1653 4189 ποτὲ
1688 4133 1791 4187 ὑπὸ
1823 4134 1920 4186 ἀν-

359 4220 640 4294 θρωπίνης
668 4224 874 4289 ἐννοίας
911 4225 1199 4296 εὑρεθῆναι
1229 4225 1503 4287 ἀδύνατον,
1530 4223 1609 4276 ἔτι
1640 4223 1698 4275 δὲ
1721 4220 1920 4293 χρυσοῦ

361 4308 454 4360 καὶ
482 4308 724 4382 ἀργύρου
752 4313 845 4366 καὶ
873 4312 982 4366 τῶν
1016 4313 1212 4383 ὁμοίων
1245 4313 1418 4383 χύσιν,
1448 4314 1544 4375 τάς
1565 4329 1623 4364 τε
1643 4311 1750 4363 τῶν
1772 4309 1921 4381 ἐσθή-

2093 3185 2236 3243 XIV.
2267 3185 2480 3242 Etenim
2502 3195 2627 3256 post
2653 3187 3026 3256 concubitum,
3046 3188 3190 3258 quod
3213 3198 3338 3246 ante
3370 3189 3588 3246 fuerant

2025 3286 2272 3348 repetere
2295 3277 2438 3347 jussi
2465 3292 2566 3332 nec
2594 3277 2830 3346 amplius
2867 3277 3108 3332 valentes
3135 3287 3413 3348 praestare,
3444 3296 3583 3350 quo-

2027 3369 2176 3425 niam
2209 3369 2357 3424 aliud
2387 3383 2496 3423 non
2525 3377 2780 3438 poterant
2809 3377 2934 3438 post
2980 3369 3452 3438 inquinamentum
3501 3371 3584 3426 fa-

2025 3475 2169 3528 cere,
2195 3468 2250 3515 et
2275 3459 2538 3515 adamatis
2561 3459 2880 3515 mulieribus
2908 3459 3122 3528 placere
3159 3462 3458 3530 cupientes,
3484 3478 3583 3532 pro

2027 3569 2085 3610 se
2114 3555 2249 3625 ipsis
2281 3556 2490 3611 viscera
2516 3562 2674 3608 terrae
2709 3554 3083 3622 ostenderunt,
3109 3555 3298 3620 decus,
3335 3556 3580 3627 inquam,

2025 3650 2390 3717 metallorum,
2423 3663 2638 3714 aurum,
2666 3662 2761 3715 aes,
2789 3656 3094 3720 argentum,
3119 3647 3320 3704 ferrum
3350 3657 3404 3704 et
3432 3648 3585 3706 simi-

2025 3741 2118 3809 lia,
2151 3757 2274 3797 cum
2307 3740 2562 3796 omnibus
2593 3740 2845 3810 pretiosis
2871 3738 3162 3809 lapidibus.
3193 3739 3328 3794 Cum
3369 3741 3453 3796 his
3483 3759 3583 3797 au-

2028 3842 2132 3888 tem
2173 3833 2528 3904 praestigiosis
2575 3833 2803 3904 gemmis
2851 3833 3189 3889 tradiderunt
3227 3843 3281 3888 et
3330 3845 3474 3890 artes
3512 3836 3581 3892 ad

2026 3925 2241 3995 singula
2273 3924 2628 3994 pertinentes,
2663 3933 2718 3980 et
2752 3925 2994 3996 magicas
3027 3926 3282 3980 scientias
3311 3937 3582 3982 monstra-

2023 4027 2253 4083 vcrunt,
2284 4026 2339 4073 et
2368 4019 2760 4072 astronomiam
2787 4017 3110 4084 docuerunt,
3156 4019 3282 4074 item
3327 4020 3580 4091 stirpium

2023 4108 2188 4172 vires,
2218 4123 2320 4163 nec
2360 4124 2468 4164 non
2497 4124 2834 4180 quaecunque
2864 4109 3103 4166 humana
3147 4127 3300 4166 mens
3332 4127 3440 4167 non
3476 4129 3577 4183 po-

2025 4201 2218 4255 tuisset
2251 4200 2514 4268 invenire,
2542 4201 2722 4256 adhuc
2749 4209 2803 4255 et
2828 4200 2948 4255 auri
2988 4203 3303 4272 argentique
3331 4218 3394 4258 ac
3424 4204 3577 4258 simi-

2023 4291 2156 4344 lium
2188 4291 2457 4346 fusionem
2481 4331 2497 4357 ,
2532 4299 2693 4360 atque
2722 4289 2955 4345 vestium
3002 4290 3258 4345 diversas
3289 4292 3572 4346 tincturas.

359 4415 466 4453 των
487 4399 535 4433 ⁸⁸
560 4378 810 4466 ποικίλας
858 4378 1062 4474 βαφάςί
1103 4407 1211 4459 Καὶ
1245 4378 1412 4458 ⁷πάνθ’
1446 4403 1660 4467 ἁπλῶς,
1710 4378 1916 4473 ὅσαπερ

2032 4380 2265 4452 Denique
2289 4381 2472 4436 omnia
2501 4397 2752 4452 prorsus,
2773 4396 2892 4451 quae
2919 4378 2986 4433 ad
3009 4389 3258 4435 ornatum
3277 4389 3330 4436 et
3349 4382 3576 4435 oblecta-

351 4483 497 4563 Ϊπρδς
537 4491 743 4563 κόσμου
789 4494 881 4548 καὶ
927 4495 1168 4568 τέρψεως
1214 4498 1327 4550 ἐστι
1371 4496 1674 4564 γυναικῶν,
1715 4493 1821 4547 τῶν
1861 4497 1918 4547 ὲν

362 4582 523 4653 σαρκὶ
548 4582 807 4639 δεθέντων
829 4585 1092 4656 δαιμόνων
1125 4588 1270 4639 ἐστὶν
1296 4587 1581 4657 εὑρήματα
1602 4585 1666 4637 ⁸⁸.

351 4724 359 4768 Ι
428 4680 545 4736 XV.
599 4683 691 4737 Ἐκ
733 4684 791 4738 δὲ
845 4686 946 4756 τῆς
975 4685 1124 4739 νόθου
1179 4685 1371 4755 μίξεως
1426 4684 1600 4738 αὐτῶν
1645 4683 1919 4755 ἄνθρωποι

351 4772 600 4842 Ἐγένοντο
626 4775 788 4841 νόθοι,
822 4776 998 4848 πολλῷ
1029 4794 1090 4846 γε
1119 4776 1226 4831 τῶν
1256 4775 1553 4848 ἀνθρώπων
1587 4773 1728 4829 κατά
1757 4792 1918 4845 κορυ-

349 4853 465 4935 ὶρὴν
498 4865 737 4936 μείζους,
771 4866 864 4931 οὓς
892 4867 1003 4920 oi”
1036 4867 1172 4938 μετά
1211 4866 1381 4922 ταῦτα
1414 4867 1671 4935 γίγαντας
1699 4865 1914 4936 ὠνόμα-

348 4967 476 5019 ’σαν,
509 4955 572 5009 οὐ
607 4955 1024 5028 δρακοντόποδες
1054 4959 1204 5021 ὄντες
1231 4960 1323 5011 καὶ
1357 4958 1491 5029 πρὸς
1523 4957 1652 5010 Θεὸν
1686 4955 1914 5027 πόλεμον

2021 4471 2220 4526 tionem
2253 4473 2542 4527 mulierum
2571 4481 2836 4542 spectant,
2866 4473 3173 4529 daemonum
3216 4471 3271 4526 in
3315 4486 3478 4526 carne
3505 4472 3572 4525 li-
3607 4528 3617 4538 ,

1941 4637 1959 4650 ο
2020 4573 2270 4634 gatorum
2299 4573 2429 4619 sunt
2460 4565 2699 4620 inventa.

2089 4677 2207 4734 XV.
2251 4678 2328 4733 Ex
2356 4679 2660 4734 adulterina
2692 4686 2872 4733 autem
2917 4677 3130 4732 illarum
3183 4678 3570 4746 conjunctione

2018 4770 2130 4825 nati
2160 4781 2291 4826 sunt
2319 4772 2568 4827 homines
2592 4773 2761 4842 spurii
2781 4816 2795 4840 ,
2823 4773 2994 4828 multo
3022 4771 3336 4826 hominibus
3366 4778 3569 4825 statura

2020 4862 2276 4932 majores,
2314 4877 2453 4932 quos
2484 4872 2671 4933 postea
2717 4865 2963 4934 gigantes
2981 4863 3431 4924 nominaverunt,
3464 4877 3571 4915 non

2020 4953 2351 5024 anguipcdcs
2389 4962 2443 5010 et
2484 4955 2746 5011 adversus
2794 4955 2962 5010 Dcum
3007 4955 3207 5009 bellum
3251 4953 3462 5019 adorti,
3513 4961 3574 5007 ut

346 5043 655 5115 ἓάράμενοι,
704 5044 780 5110 ὡς
821 5047 870 5098 οί
917 5045 1222 5119 βλάσφημοι
1268 5046 1376 5100 τῶν
1420 5046 1680 5117 Ἑλλήνων
1731 5045 1914 5117 ᾅδουσι

2032 5045 2200 5114 impia:
2229 5044 2536 5100 Graecorum
2568 5045 2857 5101 decantant
2892 5045 3120 5110 fabulae,
3159 5045 3249 5097 sed
3275 5043 3372 5098 feri
3412 5043 3572 5097 mori-

345 5136 518 5214 ξμῦθοι
539 5175 557 5202 ,
586 5135 723 5191 ἀλλά
751 5135 1033 5210 θηριώδεις
1064 5140 1154 5193 τὸν
1183 5139 1402 5212 τρόπον,
1435 5139 1525 5192 καὶ
1557 5137 1776 5208 μείζους
1815 5137 1915 5208 μὲν

2032 5133 2148 5199 bus,
2181 5143 2234 5189 et
2262 5134 2575 5191 hominibus
2614 5135 2833 5204 quidem
2868 5134 3009 5188 mole
3043 5132 3286 5202 corporis
3315 5131 3569 5200 majores,

1651 5249 1885 5304 VARIE
1914 5246 2317 5305 LECTIONES.

423 5367 468 5400 σε
500 5359 794 5434 μετέϐαλον
819 5361 883 5417 C.
957 5363 1004 5401 7°
1029 5365 1162 5418 πᾶσι
1195 5361 1258 5418 0.
1333 5363 1383 5434 τίκ
1404 5361 1630 5434 ᾶπερίο.
1667 5361 1859 5434 Postea
1890 5362 2179 5434 c.__eodem
2213 5361 2382 5434 αἰτία,
2427 5369 2488 5434 ut
2517 5360 2813 5434 voluit_S._,_
2847 5361 3020 5414 αἰτίαν
3067 5359 3298 5434 _vulgo.__
3316 5357 3368 5434 ff
3395 5373 3500 5434 ενει
3527 5354 3572 5408 0

350 5425 558 5504 absq_ue
582 5432 774 5504 spiritu
798 5440 1122 5504 etaccentu.
1151 5434 1198 5465 ⁷³
1227 5425 1595 5504 μετέϐαλονὈ.
1651 5430 1860 5504 τίνω).
1884 5430 2152 5504 δείξαντες
2171 5435 2295 5504 tofo;
2315 5425 2641 5504 ἀχαρίστους
2664 5431 3041 5504 desiderantur
3067 5431 3122 5483 in
3139 5425 3212 5504 _0.
3255 5430 3300 5462 ⁷⁸
3316 5425 3570 5504 Mendnm

348 5501 447 5572 τήν
470 5496 514 5572 S
542 5496 696 5572 male
727 5501 974 5555 attribuit
998 5496 1265 5559 Cotelerib
1291 5521 1304 5557 :
1335 5512 1510 5557 exstat
1536 5517 1623 5572 ap.
1662 5502 1742 5572 Cl.
1817 5507 1863 5538 ⁷ο
1885 5499 2061 5572 αύτῶν
2087 5500 2148 5555 C.
2199 5502 2270 5572 ﬂ"
2303 5496 2617 5572 κατέχονται
2644 5501 2703 5556 C.
2778 5501 2825 5534 ’⁸
2851 5499 2925 5554 Ita
2949 5499 2992 5554 Ο
3035 5509 3089 5572 et
3113 5502 3153 5554 C
3205 5496 3568 5572 _t’Ai_9"|_liCCly

342 5565 413 5643 ἕν’
541 5568 596 5622 in
625 5578 821 5643 textu._.
869 5572 1139 5643 "obruti;
1161 5572 1219 5627 C.
1295 5573 1340 5643 3°
1376 5565 1680 5643 μεγευθεῖσι
1711 5569 1809 5643 0.-
1847 5575 1892 5609 ιι
1921 5568 2058 5643 Ita_0
2083 5586 2156 5643 _c.
2193 5569 2232 5623 S
2259 5613 2282 5643 ,_
2330 5565 2652 5643 παρέδωσαν
2678 5573 2736 5628 C.
2814 5572 2860 5606 θ’
2895 5571 3124 5640 μαγείας
3197 5566 3480 5632 ὑπέδειξαν
3505 5565 3566 5620 C.

291 5709 303 5722 ⁸
339 5634 395 5712 βξ
427 5638 754 5709 ἐσθημάθων
778 5639 844 5695 0.
919 5641 968 5674 ⁸⁸
991 5641 1263 5711 εύρέματα
1289 5642 1351 5700 Ο.
1376 5634 1481 5722 ’κεῖ
1518 5643 1567 5696 οἱ
1611 5641 1814 5698 inserui
1837 5655 1888 5697 c.
1912 5639 1976 5696 0.
2002 5639 2137 5695 Dein
2189 5640 2349 5694 τοῦτο
2377 5634 2441 5697 ϐ’.

671 5733 945 5805 Parnm.
992 5735 1109 5796 Gn.
1140 5735 1216 5797 Il.
3299 5734 3338 5794 8
