4082 6160
485 263 606 322 ‘235

1353 260 1412 316 S.
1450 257 1836 314 CLEMENTIS
1871 260 1892 316 ι
1926 259 2090 314 BUM.
2133 257 2330 315 PONT.
2370 256 2599 314 OPEBA
2632 257 2858 316 DUBIA.

3607 254 3714 311 2'56

481 363 670 452 utpote
703 393 770 436 ex
801 379 1006 452 angelis
1031 379 1157 446 orti,
1183 377 1391 450 angelis
1420 391 1550 433 vero
1583 377 1846 443 minores,
1876 385 1938 431 ut
1971 391 2033 431 ex

2143 375 2440 448 ἀνθρώπων
2471 376 2541 429 τὰ
2566 376 2798 448 μεγέθη,
2829 375 3058 447 ἐπείπερ
3084 374 3142 441 ἐξ
3173 373 3418 443 ἀγγέλων
3446 372 3715 442 ἐγένοντο,

480 473 698 528 feminis
727 473 917 543 geniti.
952 471 1096 527 Deus
1121 486 1250 540 ergo
1271 509 1285 534 ,
1319 483 1548 524 cernens
1581 469 1702 523 illos
1735 469 1803 522 ad
1845 468 2039 523 ferita—

479 575 586 620 tem
620 573 998 634 exasperatos,
1029 561 1338 632 quibusque
1369 560 1435 614 ad
1465 560 1770 615 satietatem
1802 561 2041 616 mundus

477 673 589 712 non
637 657 905 712 sufﬁceret
936 656 1085 725 (nam
1116 654 1182 707 ad
1214 653 1498 707 hominum
1535 653 1945 723 proportionem
1989 661 2043 709 et

475 752 541 804 ad
571 766 702 804 usus
727 750 995 802 humanos
1019 745 1274 800 conditus
1305 754 1389 798 est
1413 743 1608 814 orbis),
1640 759 1707 798 ne
1729 743 1905 798 victus
1929 744 2044 798 ino-

475 843 560 912 pia
598 843 662 896 ad
693 852 901 894 natura:
935 844 1326 907 repugnantem
1359 849 1515 889 esum
1557 833 1874 888 animalium
1907 848 2043 888 con-

479 935 614 988 versi
645 934 886 987 insontes
915 945 1035 984 esse
1066 928 1399 991 viderentur,
1433 927 1592 995 quasi
1624 926 1678 980 id
1709 942 1774 980 ex
1802 926 2044 982 necessi-

477 1036 583 1083 tate
611 1024 915 1088 auderent,
947 1022 1057 1076 illis
1091 1021 1234 1075 Deus
1267 1019 1615 1088 omnipotens
1655 1034 1857 1073 manna
1904 1017 2043 1088 pluit

471 1131 536 1168 ex
573 1115 720 1168 varia
758 1112 1090 1183 cupiditate,
1143 1121 1305 1181 atque
1341 1110 1490 1165 omni
1542 1110 1849 1167 desiderato
1889 1109 2040 1164 fruiti

471 1217 634 1273 sunt;
674 1216 728 1261 at
758 1207 858 1274 illi,
887 1207 958 1262 ob
1001 1206 1244 1276 spuriam
1278 1216 1529 1260 naturam
1574 1219 1715 1274 puro
1761 1205 1886 1260 cibo
1929 1221 2040 1260 non

468 1289 737 1363 delectati,
766 1298 940 1350 solum
963 1296 1244 1365 sanguinis
1262 1303 1477 1365 gustum
1493 1295 1837 1364 appetebant.
1858 1292 2040 1361 Quare

467 1397 520 1441 et
547 1387 705 1456 primi
737 1402 930 1443 carnes
954 1391 1332 1458 degustarunt.

539 1653 677 1709 XVI.
718 1653 822 1721 Qui
852 1669 985 1710 vero
1014 1670 1138 1710 cum
1171 1654 1278 1710 illis
1307 1655 1575 1726 degebant
1601 1656 1872 1740 homiqes,
1907 1666 2038 1713 tunc

2146 471 2390 540 ἀγγέλων
2421 470 2572 542 191
2598 471 2654 523 δὲ
2680 470 2952 533 ἐλάττους,
2987 468 3216 540 ἐπείπερ
3243 469 3307 519 ἐκ
3330 467 3603 535 γυναικῶν
3624 485 3718 536 γε-

2145 563 2367 632 γένηντο
2379 562 2444 614 ⁸⁸.
2478 562 2534 614 '0
2559 557 2650 614 οὖν
2677 560 2826 624 Θεὸς,
2861 558 3016 621 εἰδὼς
3044 559 3239 621 αὐτοὺς
3272 557 3409 629 πρὸς
3426 557 3488 609 τὸ
3515 557 3718 629 θηριῶ·

2145 654 2234 716 δες
2261 652 2713 724 ὲξηγριωμένους,
2738 651 2833 705 καί
2865 650 3000 721 πρὸς
3031 651 3130 720 τὴν
3162 649 3370 702 ἑαυτῶν
3403 649 3719 721 πλησμονὴν

2143 744 2234 798 τὸν
2267 744 2467 814 κόσμον
2498 743 2598 795 οὐκ
2628 741 2848 812 ἔχοντας
2867 741 2911 773 ⁸⁷
2944 741 3057 811 (LI)
3103 740 3348 811 αὐτάρκη
3400 740 3570 812 (πρὸς
3608 740 3717 810 γὰρ

2145 835 2446 907 ἀνθρώπων
2476 833 2764 902 ἀναλογίαν
2803 832 3203 904 ἐδημιουργήθη
3244 833 3337 885 καὶ
3385 832 3580 903 χρῆσιν
3626 832 3720 884 ἀν-

2145 926 2480 998 θρωπίνην),
2514 925 2602 979 ἵνα
2650 925 2722 996 μὴ
2769 923 2945 994 ἐνδείᾳ
2981 924 3184 994 τροφῆς
3205 923 3250 955 ⁸⁸
3289 923 3383 977 ἐπὶ
3423 922 3522 994 τὴν
3565 923 3718 994 παρὰ

2145 1020 2306 1089 φύσιν
2330 1018 2437 1072 τῶν
2467 1016 2618 1082 ζώων
2653 1015 2815 1088 βοράν
2841 1015 3163 1087 τρεπόμενοι
3185 1014 3459 1068 ἀνεύθυνοι
3486 1015 3715 1068 δοκῶσιν

2143 1107 2305 1175 εἶναι,
2336 1111 2414 1174 ὠς
2442 1110 2509 1163 δι’
2531 1109 2775 1180 ἀνάγκην
2803 1107 2957 1161 τοῦτο
2981 1107 3388 1178 τετολμηκότος,
3421 1106 3594 1178 μάννα
3618 1107 3716 1160 αύ-

2141 1207 2254 1267 τοῖς
2279 1206 2307 1256 ό
2336 1201 2738 1272 παντοδύναμος
2766 1200 2898 1263 Θεὸς
2928 1199 3272 1272 ἐπώμϐρισεν
3289 1200 3335 1232 ³⁸
3367 1200 3431 1252 ἐκ
3463 1199 3713 1272 ποικίλης

2143 1291 2466 1366 ἐπιθυμίας,
2517 1295 2612 1348 καὶ
2655 1293 2854 1357 παντὸς
2885 1287 3053 1365 οὗπερ
3097 1290 3377 1347 ἐϐούλοντο
3404 1293 3709 1366 άπήλαυον·

2142 1389 2191 1441 οἱ
2233 1387 2277 1440 δ’
2297 1387 2345 1419 ⁹⁰
2374 1387 2478 1440 ὑπὸ
2510 1386 2662 1439 νόθου
2698 1385 2944 1455 φύσεως,
2984 1385 3064 1455 τῷ
3100 1385 3324 1457 καθαρῷ
3369 1387 3469 1456 τῆς
3503 1385 3713 1458 τροφῆς

2102 1553 2116 1556 _
2143 1481 2242 1534 οὐκ
2274 1481 2667 1554 ἀρεσκόμενοι,
2701 1480 2868 1552 μόνης
2905 1480 3002 1551 τῆς
3046 1479 3154 1532 τῶν
3187 1481 3434 1551 αἱμάτων
3472 1478 3714 1550 γεύσεως

2143 1572 2437 1643 ἐγλίχοντο.
2467 1572 2558 1626 Διὸ
2586 1573 2677 1626 καὶ
2709 1572 2915 1644 πρῶτοι
2948 1571 3163 1644 σαρκῶν
3190 1571 3503 1640 ἐγεύσαντο.

2212 1663 2351 1720 XVI.
2380 1666 2442 1718 Οί
2460 1665 2516 1717 δὲ
2539 1665 2633 1718 σὺν
2654 1665 2835 1727 αὐτοῖς
2855 1664 2949 1718 ἄνθ
2959 1681 3128 1735 ρωποι
3147 1663 3207 1716 τὸ
3225 1664 3406 1734 ὅμοιον
3422 1661 3540 1715 τότε
3560 1661 3713 1734 πρῶ-

461 1748 703 1817 primum
747 1747 890 1801 idem
935 1747 1285 1802 aemulatione
1331 1747 1479 1802 ducti
1533 1732 1797 1804 fecerunt:
1844 1751 1920 1804 Ita
1954 1751 2033 1806 vel

2137 1775 2227 1812 τον
2257 1760 2428 1811 ποιεῖν
2457 1757 2751 1829 ἐζήλωσαν.
2775 1756 2959 1820 Οὕτως
2976 1756 3085 1808 εἴτε
3107 1755 3302 1826 ἀγαθοὶ
3325 1756 3432 1810 εἴτε
3461 1756 3620 1810 κακοὶ
3645 1755 3710 1808 οὐ

466 1838 592 1891 boni
617 1837 701 1892 vel
721 1837 848 1891 mali
868 1852 974 1891 non
1000 1839 1299 1904 nascimur,
1326 1837 1418 1892 sed
1447 1837 1642 1904 ﬁmus;
1667 1848 1722 1892 et
1742 1841 2032 1896 assuefacti

463 1929 556 1982 vix
589 1929 938 1984 retrahimur.
968 1929 1140 1985 Porro
1171 1945 1296 1985 cum
1342 1931 1518 1985 bruta:
1559 1931 1862 1988 animantes
1902 1944 2032 1989 tunc

465 2019 778 2085 deﬁcerent,
806 2021 962 2074 nothi
991 2021 1242 2076 homines
1272 2021 1435 2076 etiam
1483 2022 1754 2077 humanas
1799 2024 2035 2079 ederunt

467 2130 660 2170 carnes
687 2131 701 2168 :
728 2131 835 2170 non
860 2115 1003 2170 enim
1027 2115 1138 2185 jam
1169 2116 1327 2185 longe
1350 2115 1576 2171 aberant
1601 2132 1631 2170 a
1657 2115 1908 2172 violanda
1932 2133 2032 2173 sua

465 2209 653 2275 carne,’
679 2207 772 2278 qui
799 2207 953 2278 prius
976 2207 1030 2261 in
1059 2207 1182 2261 aliis
1213 2207 1500 2276 speciebus
1526 2222 1750 2264 carnem
1781 2217 2034 2280 gustave-

462 2308 610 2354 rant.

448 2437 451 2442 .
534 2389 700 2444 XVII.
742 2389 846 2444 Per
880 2391 1112 2446 multum
1139 2407 1267 2448 vero
1295 2394 1616 2464 sanguinem
1648 2395 1830 2450 fusum
1865 2411 2033 2466 purus

463 2497 558 2537 aer
609 2483 825 2554 impuro
875 2483 1112 2540 fmdatus
1157 2501 1361 2555 vapore
1399 2495 1454 2542 et
1506 2488 1803 2544 insalubris
1855 2489 2033 2545 factus

463 2577 643 2646 ipsum
669 2577 940 2647 spirantes
965 2577 1202 2631 reddidit
1228 2578 1434 2632 morbis
1465 2578 1756 2643 obnoxios,
1784 2587 1845 2634 ut
1874 2580 2032 2634 dein-

463 2683 592 2736 ceps
628 2668 877 2722 homines
923 2666 1204 2721 immaturi
1238 2676 1600 2722 morerentur.
1641 2668 1806 2726 Terra
1846 2681 2031 2724 autem

464 2757 590 2814 ideo
610 2757 766 2812 valde
788 2758 991 2826 polluta
1020 2767 1147 2811 tunc
1169 2757 1404 2826 primum
1424 2759 1680 2813 animalia
1696 2769 1958 2815 venenata
1978 2768 2032 2815 et

464 2849 718 2905 nocentia
766 2847 894 2904 fecit
944 2849 1194 2903 ebullire.
1238 2847 1466 2904 Cunctis
1496 2864 1626 2920 ergo
1660 2850 1728 2906 ad
1762 2851 2031 2909 deteriora

462 2950 689 3012 propter
711 2938 856 2995 feros
886 2939 1162 2995 daemones
1193 2941 1559 3010 vergentibus,
1590 2941 1734 2999 Deus
1765 2943 1890 3000 illos
1921 2953 2034 3000 tan-

463 3048 628 3102 quam
660 3035 864 3087 malum
889 3031 1215 3086 fermentum
1246 3033 1434 3090 tollere
1457 3034 1717 3104 decrevit,
1738 3052 1804 3092 ne
1831 3052 1861 3092 a
1884 3038 2030 3093 malo

463 3124 674 3179 semine
724 3139 820 3193 per
873 3123 1070 3179 seriem
1115 3139 1455 3195 unaquaaque
1511 3137 1644 3182 tetas
1702 3129 2028 3197 przecedcuti

465 3217 792 3284 assimilata,
817 3217 1130 3288 pariterque
1153 3218 1341 3288 impia,
1369 3217 1614 3274 futurum
1641 3219 2026 3277 salvandorum

463 3309 752 3364 hominum
785 3309 1045 3364 saeculum
1073 3309 1334 3365 aboleret.
1364 3310 1708 3382 Quapropter
1736 3322 2029 3385 postquam

468 3401 564 3455 uni
590 3403 706 3458 viro
737 3401 904 3473 iusto,
933 3418 1056 3458 cum
1083 3403 1256 3459 tribus
1271 3419 1335 3459 ex
1366 3405 1456 3460 illo
1479 3406 1623 3460 natis
1647 3421 1882 3478 cumque
1904 3407 2029 3463 illu-

465 3509 592 3548 rum
633 3495 899 3552 uxoribus
929 3503 1092 3566 atque
1123 3494 1283 3560 ﬁliis,
1334 3505 1392 3551 ut
1451 3496 1507 3550 in
1567 3513 1692 3552 arca
1735 3500 2032 3556 evaderent

463 3585 916 3654 praenuntiasset,
954 3600 1152 3656 aquam
1191 3585 1381 3640 diluvii
1404 3585 1667 3656 immisit,
1689 3596 1750 3644 ut
1772 3592 2030 3647 omnibus

473 3677 836 3747 consumptis,
857 3676 1092 3731 mundus
1121 3684 1386 3747 purgatus
1419 3678 1504 3743 ei,
1536 3678 1628 3750 qui
1660 3679 1714 3733 in
1745 3695 1872 3735 arca
1908 3694 2029 3736 ser-

463 3778 622 3824 vatus
649 3766 850 3834 fuerat,
874 3768 928 3821 in
951 3767 1250 3823 secundum
1270 3767 1396 3822 vitae
1420 3769 1675 3826 humana:
1700 3770 2028 3843 principium

465 3855 641 3932 purus
673 3861 1010 3916 redderetur.
1042 3857 1220 3929 Atque
1249 3859 1323 3915 ita
1352 3861 1553 3918 evenit.

536 4035 907 4108 XVIII..Quia
951 4052 1081 4107 ergo
1119 4046 1462 4093 mortuorum
1509 4039 1788 4110 gigantum
1833 4040 2028 4096 animae

461 4129 718 4184 humanis
747 4128 1034 4184 animabus
1064 4138 1226 4184 erant
1269 4129 1529 4199 majores,
1568 4139 1627 4184 ut
1657 4146 1778 4201 quae
1823 4147 1891 4187 ex
1934 4148 2026 4187 ra-

461 4222 614 4276 tione
641 4234 934 4289 corporum
965 4219 1317 4287 excellerent,
1347 4229 1604 4290 tanquam
1634 4235 1832 4275 novum
1857 4235 2028 4291 genus

461 4329 666 4370 novum
697 4327 896 4368 nomen
925 4319 1274 4382 acceperunt.
1306 4309 1516 4376 Quibus
1549 4311 1931 4381 superstitibus
1969 4313 2024 4366 in

2134 1849 2532 1922 γεννώμεθαθί,
2552 1849 2686 1903 ἀλλά
2716 1848 2994 1920 γινόμεθαο
3031 1850 3126 1903 καὶ
3156 1848 3456 1912 ἐθισθέντες
3472 1848 3706 1902 δυσαπο-

2137 1942 2389 2005 σπάστως
2419 1940 2633 2011 ἔχομεν.
2667 1938 2786 1992 Τῶν
2812 1938 2868 1991 δὲ
2897 1938 3103 2007 ἀλόγων
3123 1937 3274 2002 ζώων
3293 1938 3410 1991 τότε
3431 1937 3709 1992 ἐπιλιπόν-

2133 2052 2261 2098 των,
2281 2035 2329 2086 oi
2355 2032 2498 2087 νόθοι
2524 2031 2797 2104 ἄνθρωποι
2818 2032 2910 2084 καὶ
2939 2030 3294 2103 ἀνθρωπίνων
3311 2031 3527 2104 σαρκῶν
3551 2031 3708 2100 ἐγεύ-

2138 2144 2294 2182 σαντο
2314 2127 2381 2191 ”,
2411 2125 2591 2178 οὐκέτι
2619 2124 2728 2195 γὰρ
2755 2124 2937 2187 αὐτοῖς
2962 2119 3029 2195 ἧν
3054 2123 3290 2194 μακράν,
3311 2124 3408 2194 τὴν
3439 2125 3558 2193 ἴσην
3585 2123 3708 2177 δια-

2135 2219 2350 2292 φθεῖραι
2375 2217 2573 2285 σάρκα,
2597 2217 2858 2288 πρότερον
2887 2215 2944 2270 ἐν
2976 2216 3189 2287 ἑτέραις
3221 2219 3450 2287 μορφαῖς
3473 2215 3641 2286 αὐτῆς
3660 2215 3710 2247 ³³

2133 2310 2480 2380 γευσάμενοι.

2205 2399 2371 2454 XVII.
2411 2399 2532 2453 Ἐπὶ
2555 2398 2612 2452 δὲ
2648 2400 2714 2470 τῇ
2750 2396 2915 2468 πολλῇ
2943 2396 3051 2451 τῶν
3083 2397 3327 2468 αἱμάτων
3364 2395 3514 2469 ῥύσει
3545 2396 3573 2449 ό
3604 2412 3710 2448 κα-

2134 2492 2298 2563 θαρὸς
2327 2493 2434 2563 ἀὴρ
2467 2490 2759 2562 ἀκαθάρτῳ
2784 2489 3140 2560 ἀναθυμιάσει
3171 2487 3413 2560 μιανθεὶς
3435 2487 3529 2541 καὶ
3555 2488 3709 2558 νοσήι

2137 2599 2232 2644 σας
2251 2583 2378 2644 τοὺς
2399 2582 2762 2641 άναπνεοντας
2795 2579 2958 2632 αὐτὸν
2985 2577 3234 2641 νοσώδεις
3255 2575 3615 2648 ἀπειργάζετο
3634 2575 3705 2640 ’⁵,

2133 2673 2209 2736 ὡς
2240 2673 2366 2735 τοὺς
2399 2671 2718 2742 ἀνθρώπους
2751 2669 2936 2722 λοιπὸν
2969 2669 3179 2740 ἀώρους
3211 2669 3592 2740 ἀποθνήσκειν.
3637 2668 3706 2720 Ἦ

2131 2763 2188 2816 δὲ
2238 2762 2310 2832 γῆ
2361 2763 2424 2814 ἐκ
2463 2761 2666 2814 τούτων
2703 2759 2859 2829 192
2895 2759 3099 2831 σφόδρα
3151 2759 3434 2830 μιανθεῖσα
3490 2757 3707 2829 πρῶτον

2131 2859 2251 2911 τότε
2283 2856 2352 2912 τὰ
2387 2855 2566 2909 ἱοϐόλα
2596 2855 2691 2908 καὶ
2723 2851 3028 2924 λυμαντικά
3061 2851 3176 2916 ζῶα
3216 2851 3531 2924 ἐξέδρασεν.
3582 2851 3706 2905 Τῶν

2131 2946 2223 3004 οὖν
2246 2949 2461 3002 πάντων
2494 2945 2723 3018 πρὸς-,τὸ
2747 2949 2928 3017 χεῖρον
2957 2943 3319 3015 χωρησάντων
3347 2943 3435 2997 διὰ
3465 2943 3590 3007 τοὺς
3615 2943 3708 3014 θη-

2135 3037 2344 3112 ριώδεις
2375 3038 2652 3108 δαίμονας,
2680 3040 2708 3089 ὁ
2731 3036 2861 3098 Θεὸς
2893 3035 3088 3096 αὐτοὺς
3119 3033 3308 3104 ῶσπερ
3328 3033 3504 3103 κακὴν
3527 3032 3708 3105 ζύμην

2132 3131 2332 3196 ἐξελεῖν
2365 3128 2697 3194 ἐϐουλεύετο,
2725 3127 2810 3179 ἵνα
2837 3125 2910 3196 μὴ
2936 3124 3045 3177 ἀπὸ
3078 3124 3285 3194 σπορᾶς
3315 3123 3490 3193 κακῆς
3507 3122 3553 3154 ⁸⁵
3582 3123 3708 3176 κατ’

2131 3223 2444 3279 ἀκολουθίαν
2491 3221 2694 3292 ἑκάστη
2745 3216 2907 3287 γενεά
2952 3218 3019 3287 τῇ
3072 3215 3177 3287 πρὸ
3219 3215 3388 3285 αὐτῆς
3419 3213 3706 3285 ἐξομοιου-

2134 3318 2303 3390 μένη,
2332 3315 2535 3387 ὁμοίως
2565 3311 2856 3373 ἀσεϐοῦσα,
2890 3309 2983 3362 τὸν
3028 3307 3284 3379 ἐσόμενον
3328 3307 3498 3360 αἰῶνα
3531 3305 3706 3370 σωζος·

2134 3411 2308 3481 μένων
2335 3405 2544 3478 ἀνδρῶν
2576 3403 2810 3476 κενὼσῃ.
2848 3401 3052 3455 Τούτου
3084 3400 3148 3471 δὴ
3180 3399 3362 3452 ἕνεκεν
3389 3398 3467 3451 ἐνί
3495 3415 3600 3451 τινι
3631 3398 3708 3450 δι-

2132 3503 2277 3573 καίῳ
2301 3499 2438 3573 μετὰ
2466 3498 2576 3553 τῶν
2604 3497 2664 3564 ἐξ
2696 3494 2862 3550 αὐτοῦ
2893 3493 3080 3565 τριῶν,
3117 3492 3212 3546 σὺν
3242 3494 3364 3555 ταῖς
3392 3489 3569 3543 αὐτῶν
3599 3506 3703 3568 γυ-

2131 3595 2321 3662 ναιξὶν,
2371 3593 2488 3661 ἅμα
2537 3593 2649 3653 τοῖς
2692 3590 2828 3651 υἱοῖς
2845 3588 2912 3651 ⁸⁸,
2959 3588 3017 3639 ἐν
3061 3585 3289 3657 λάρνακι
3340 3579 3703 3646 διασώζεσθαι

2130 3684 2493 3759 προαγγείλας
2526 3681 2671 3751 ὕδωρ
2717 3681 2798 3742 εἱς
2829 3677 3212 3748 κατακλυσμὸν
3255 3675 3580 3739 ἐπέκλυσεν,
3609 3672 3702 3726 ἵνα

2131 3780 2346 3834 πάντων
2400 3774 2781 3831 ἀναλωθέντων
2841 3774 2870 3825 ό
2933 3771 3135 3841 κόσμος
3183 3764 3703 3838 κατεκκαθαρισθεὶς

2131 3870 2278 3942 αὐτῷ
2311 3869 2389 3941 τῷ
2431 3870 2488 3924 ὲν
2530 3866 2762 3937 λάρνακι
2805 3861 3122 3918 διασωθέντι
3157 3860 3238 3922 είς
3285 3857 3540 3929 δευτέραν
3582 3855 3703 3927 βίου

2129 3963 2300 4034 ἀρχὴν
2333 3960 2571 4032 καθαρὸς
2602 3955 2860 4026 ἀποδοθῇ,
2896 3953 3007 4007 Καὶ
3039 3951 3102 4023 δὴ
3135 3949 3306 4012 οὕτως
3340 3948 3572 4017 ἐγένετο.

2199 4052 2384 4108 XVIII.
2435 4050 2588 4104 Ἐπεὶ
2620 4044 2712 4102 οὖν
2738 4049 2794 4100 αἱ
2827 4044 2936 4097 τῶν
2966 4040 3275 4096 τεθνεώτων
3297 4040 3566 4110 γιγάντων
3592 4038 3700 4109 ψυ-

2128 4146 2221 4218 χαὶ
2247 4144 2354 4198 τῶν
2389 4139 2743 4214 ἀνθρωπίνων
2762 4138 2806 4169 ⁸⁷
2840 4134 3027 4205 ψυχῶν
3063 4132 3278 4204 μείζους
3308 4127 3468 4203 ἦσαν,
3503 4130 3597 4184 ἀτε
3630 4129 3699 4201 δὴ

2129 4239 2221 4292 καὶ¹
2273 4238 2384 4299 τοῖς
2433 4232 2678 4304 σώμασιν
2711 4229 3104 4301 ὑπερέχουσαι,
3147 4224 3223 4288 ὡς
3240 4223 3288 4256 ⁸⁸
3328 4221 3511 4276 καινὸν
3543 4221 3702 4290 γένος

2129 4329 2301 4400 καινῷ
2351 4327 2446 4382 καὶ
2489 4325 2567 4395 τῷ
2605 4323 2831 4393 ὀνόματι
2867 4315 3400 4391 προσηγορεύθησαν.
3436 4307 3530 4377 Οἷς
3574 4315 3699 4365 ἐπι-

459 4406 686 4486 mundo,
718 4419 827 4475 quo
849 4403 1012 4458 modo
1036 4403 1327 4458 vivendum
1349 4445 1364 4471 ,
1417 4419 1447 4457 a
1490 4402 1599 4458 Deo
1633 4420 1728 4473 per
1773 4405 2022 4476 angelum

2135 4423 2333 4484 λοίποις
2363 4419 2442 4490 τῷ
2474 4418 2660 4486 κόσμῳ
2691 4414 2768 4476 ὼς
2799 4413 2880 4466 δεῖ
2911 4409 3082 4478 βιοῦν,
3116 4406 3222 4462 ὑπὸ
3261 4406 3396 4459 Θεοῦ
3427 4405 3496 4459 δι’
3528 4404 3699 4473 ἀγγέ-

461 4500 671 4556 sancita
693 4507 778 4552 est
801 4497 907 4551 lex.
934 4495 1074 4551 Cum
1109 4496 1255 4550 enim
1287 4503 1470 4551 essent
1495 4511 1689 4566 genere
1719 4499 1926 4568 spurii,
1957 4515 2023 4555 ex

2135 4524 2215 4572 λου
2259 4514 2420 4586 νόμος
2472 4509 2702 4581 ὡρίσθη.
2762 4507 2955 4568 ὐντες
3000 4503 3108 4574 γὰρ
3157 4499 3300 4555 νόθοι
3331 4498 3410 4569 τῷ
3440 4497 3586 4567 γένει
3632 4497 3700 4549 ἐκ

462 4592 587 4664 igne
621 4590 935 4662 angelorum
966 4598 1020 4643 et
1052 4588 1344 4643 mulierum
1372 4589 1658 4658 sanguine,
1677 4598 1731 4644 et
1755 4590 1879 4645 ideo
1909 4607 2031 4662 pro-

2135 4611 2295 4684 πυρὸς
2327 4605 2570 4676 ἀγγέλων
2597 4603 2690 4656 καὶ
2717 4600 2944 4672 αἵματος
2976 4595 3268 4666 γυναικῶν,
3303 4595 3395 4684 καλ.
3425 4591 3515 4684 διά
3538 4590 3701 4684 τοῦτο

463 4685 644 4756 prium
687 4681 962 4753 quoddam
1012 4695 1185 4751 genus
1225 4688 1410 4735 essent
1455 4682 1798 4751 concupituri
1827 4723 1842 4748 ,
1882 4683 2030 4752 justa

2135 4681 2258 4756 ίδίου
2291 4699 2435 4760 τινὸς
2465 4695 2653 4764 γένους
2702 4690 2985 4760 ἐπιθυμεῖν
3022 4686 3330 4758 μέλλοντες,
3362 4681 3554 4752 δικαίῳ
3589 4681 3700 4734 τινὶ

466 4778 649 4848 aliqua
681 4776 796 4845 lege
825 4772 1188 4845 prteoccupati
1235 4780 1381 4826 sunt.
1428 4771 1628 4827 Missus
1666 4775 1810 4828 enim
1845 4775 1910 4828 ad
1937 4789 2033 4829 eos

2135 4791 2548 4865 προελήφθησαν
2595 4787 2762 4857 νόμῳ.
2841 4781 3184 4852 Ἐξεπέμφθη
3215 4778 3323 4850 γὰρ
3365 4777 3550 4839 αὐτοῖς
3592 4774 3701 4828 ὑπὸ

1761 4969 1996 5026 VARIJE
2029 4969 2429 5027 LECTIONES.

532 5092 579 5159 {0
601 5087 924 5159 γεγέννηντο
950 5087 1014 5145 Ο.
1090 5090 1135 5124 ⁸⁷
1156 5087 1232 5144 lta
1259 5083 1496 5159 correxit
1509 5083 1562 5159 ρ
1591 5123 1607 5150 ,
1636 5093 1792 5159 ciuus
1806 5081 1945 5159 “cod.
1977 5081 2209 5152 ἔχοντες,
2241 5091 2300 5159 ut
2322 5079 2385 5159 9.
2415 5154 2426 5159 _
2461 5078 2512 5159 δή
2544 5077 2618 5159 Ita
2645 5077 2767 5133 dedi
2791 5093 2856 5132 ex
2887 5073 3118 5159 conject:
3150 5065 3649 5159 95597193??th
3677 5107 3694 5132 ο

378 5190 385 5198 -
462 5135 1120 5246 tyjt‘a‘i-Zéeﬁ'tiil’bstea
1584 5135 1607 5238 ,1
1639 5135 1776 5236 “'Ita
1805 5150 1862 5204 S.
1886 5135 2286 5246 ledc'IIIIest’épd.
2316 5150 2400 5246 Oi!
2412 5149 2780 5246 ἐπώίνὸρτγξεχ,
2809 5163 2896 5246 3R.
2989 5135 3403 5246 Endvﬁpjgv};
3435 5135 3657 5246 1:323!
3663 5176 3694 5246 ἑ

458 5208 560 5281 ὁὲθ’
1370 5227 1428 5280 C.
1473 5222 1862 5300 _"fysdcovro
1885 5221 1946 5300 βε
1973 5221 2117 5300 Tum
2139 5223 2270 5300 ἰδίαν
2292 5239 2344 5300 p.
2379 5221 2498 5290 ἴσην
2523 5208 2611 5300 CL.
2653 5208 2705 5254 '93
2729 5208 2881 5300 [lano
2927 5229 2978 5270 c.
3001 5213 3054 5295 _S
3084 5254 3100 5300 ,
3134 5208 3696 5300 GETOKELSUPEIE‘}

459 5279 816 5371 γευσαμένοις
846 5279 1422 5371 Οἶηθῗάπει-ᾇγάζετο
1557 5279 1652 5371 0:,
1685 5290 2138 5371 ἀπεργάζετο
2214 5295 2259 5371 ἐξ
2455 5279 2631 5359 κακῆς
2690 5303 2720 5342 a
2906 5282 3480 5371 omissa‘inutextum
3520 5279 3696 5371 =rediit

460 5350 527 5421 ἐκ
556 5350 648 5424 0.]
683 5350 980 5434 λλίλόιποίς
1011 5350 1215 5425 (ἒξ-..δῖ
1233 5350 1580 5423 ἀνθρωπείων
1613 5350 1675 5415 Ο.
1752 5350 1934 5426 “"59;-
1955 5363 2020 5418 0.
2055 5364 2199 5418 Idem
2229 5364 2422 5418 deinde
2451 5350 2896 5431 προσηγορεύθης
2923 5350 3004 5417 οἷς
3030 5351 3318 5423 ἐπηλύτοις
3365 5351 3485 5407 sine
3518 5350 3693 5403 intor-

459 5441 774 5507 punctione.

1761 5547 2066 5605 VARIORU
2076 5549 2124 5602 Μ
2160 5546 2387 5602 NOTA‘J.

522 5648 644 5718 .(M)
678 5653 798 5704 Οὐκ
823 5650 1082 5718 ἔχοντες.
1108 5646 1344 5718 Ριοῌοῡκ
1378 5644 1616 5714 ἔχοντας.
1641 5639 1844 5718 Vitium
1866 5642 2023 5718 calli-
2127 5639 2412 5718 disseritur
2439 5637 2505 5691 de
2527 5635 2912 5718 abstinentiaa
2942 5633 3238 5718 carnibus;
3251 5637 3310 5718 et
3328 5635 3693 5686 adnectunutl'

456 5701 813 5793 graphiﬁioh
830 5701 1286 5790 t§pographi.rEx
1325 5701 1476 5770 more
1498 5701 1697 5787 “autem
1725 5711 2024 5770 Ebionitice
2132 5711 2323 5766 fabulae
2343 5720 2570 5779 cognitae
2590 5708 2743 5778 juxta
2772 5721 2834 5763 ac
2855 5705 3160 5776 incognitae.
3199 5701 3335 5763 Cor.
