4084 6148
360 283 460 338 257

1395 279 1863 353 (ΖιιΕΜΕΝΤΙΝΔ.
1900 310 1969 320 --
2003 277 2293 334 ΗοΜιιιΑ
2334 280 2466 336 Vl".

3510 289 3627 358 233:

358 398 453 452 τού
481 393 680 451 Θεοῢδθ
711 394 936 466 ἄγγελός
969 410 1054 459 τις
1075 433 1089 461 ,
1135 396 1234 468 τὴν
1266 395 1432 450 αὐτού
1484 395 1683 466 ,βουλὴν
1721 395 1920 466 μηνύωπ

2041 403 2128 448 est
2151 408 2183 449 a
2215 393 2328 449 Deo
2353 394 2577 466 quidam
2609 395 2854 468 angelus,
2887 397 3034 456 illius
3068 399 3402 456 voluntatem
3425 399 3611 457 decla-

360 490 454 544 καὶ
483 489 679 558 λέγων·

429 582 574 637 XIX.
616 583 753 637 Τάδε
793 583 939 635 δοκεῖ
980 580 1060 651 τῷ
1113 580 1468 652 παντεπόπτῃ
1506 579 1663 650 Θεῷ,
1714 580 1940 651 μηδενὸς

355 674 661 748 ἀνθρώπων
687 675 830 744 ὑμᾶς
857 673 1151 744 κυριεύειν,
1181 673 1315 744 μηδὲ
1343 672 1696 744 παρενοχλεῖν
1729 671 1936 743 μηδενὶ,

357 769 456 821 ἐὰν
505 769 577 839 μή
628 783 710 828 τις
743 763 882 817 ἑκὼν
929 763 1120 818 ἑαυτὸν
1152 765 1280 834 ὑμῖν
1321 762 1741 836 καταδουλώσῃ,
1782 760 1937 833 193

356 857 676 930 προσκυνῶν
725 857 868 927 ὑμᾶς
923 857 1015 909 καὶ
1064 855 1205 908 θύων
1255 856 1349 908 καὶ
1400 854 1644 907 σπένδων
1697 855 1790 907 καὶ
1837 853 1938 923 τῆς

357 949 629 1020 ὑμετέρας
661 947 1091 1019 μεταλαμϐάνων
1131 943 1414 1018 τραπέζης
1436 989 1450 1009 ,
1480 945 1513 1015 ἢ
1545 945 1731 1017 ’ἐτερόν
1763 962 1815 997 τι
1862 937 1936 997 ὧν

354 1041 417 1093 ού
450 1040 552 1112 χρὴ
586 1038 840 1101 ἐκτελῶν,
876 1036 909 1108 ἦ
952 1033 1091 1108 αἷμα
1127 1037 1286 1108 χέων,
1315 1037 1349 1108 ἢ
1385 1036 1604 1107 σαρκῶν
1637 1036 1844 1107 νεκρῶν
1868 1037 1934 1068 ¹⁰⁰

354 1133 666 1204 γεύομενος,
701 1133 734 1204 ἧ
776 1132 964 1204 θηρίου
1006 1131 1262 1200 λειψάνου
1310 1131 1347 1201 ἢ
1399 1129 1606 1201 τμητοῦ
1641 1129 1674 1200 ἢ
1710 1129 1934 1182 πνικτοῦ

352 1226 388 1297 ἢ
432 1227 588 1280 ἄλλου
621 1225 773 1289 τινὸς
829 1225 1142 1297 ἀκαθάρτου
1189 1225 1605 1296 ἐμπιπλάμενος
1629 1227 1668 1278 ί.
1716 1225 1836 1279 Τῶν
1877 1225 1934 1278 δὲ

352 1317 500 1388 νόμῳ
528 1317 644 1388 ἐμῷ
669 1317 1117 1389 προσφευγόντων
1148 1315 1210 1369 ού
1247 1315 1410 1386 μόνον
1436 1315 1497 1368 οὐ
1519 1314 1774 1385 ψαύσετε,
1798 1315 1934 1368 ἀλλά

353 1410 447 1461 καὶ
478 1409 641 1479 τιμὴν
673 1407 907 1470 δώσετε,
943 1407 1037 1460 καὶ
1073 1408 1138 1459 ἐκ
1177 1403 1470 1485 προσώπου
1507 1404 1763 1474 φεύξεσθε
1785 1407 1827 1458 ³.
1867 1402 1932 1459 "0

350 1517 403 1552 τι
434 1499 540 1571 γὰρ
568 1499 633 1553 ἂν
663 1499 845 1562 αὐτοῖς
872 1497 1101 1561 δικαίοις
1130 1493 1251 1552 οὖσι
1282 1496 1402 1550 καθ’
1435 1496 1587 1566 ὑμῶν
1607 1496 1760 1568 δοκῇ,
1784 1496 1930 1550 τοῦθ’

351 1591 494 1660 ὑμᾶς
518 1591 695 1660 δεήσει
725 1590 932 1643 παθεῖν.
970 1589 1094 1642 Ἐἀν
1124 1589 1181 1642 δέ
1211 1605 1358 1652 τινες
1381 1587 1489 1642 τῶν
1507 1588 1526 1620 ³
1558 1589 1681 1659 ἐμοὶ
1712 1606 1931 1661 προκει-

352 1681 526 1751 μένων
559 1680 962 1752 ἐξαμάρτωσιν,
995 1679 1028 1751 ἢ
1066 1679 1489 1752 μοιχευσάμενοι
1512 1677 1533 1708 ⁸⁵
1560 1677 1593 1748 ἢ
1630 1679 1930 1751 μαγεύσαν-

2042 500 2193 552 rans,
2221 485 2308 542 his
2331 486 2515 542 verbis
2540 503 2554 540 :

2112 576 2254 631 XIX.
2296 577 2425 633 Haec
2455 578 2570 634 visa
2603 588 2732 634 sunt
2757 580 3002 636 omnium
3039 583 3332 652 inspectori
3357 583 3489 650 Deo,
3512 599 3614 641 vos

2041 667 2096 723 in
2127 670 2400 726 neminem
2434 672 2723 727 hominum
2775 674 3074 742 dominari,
3123 693 3300 747 neque
3345 679 3444 733 ulli
3487 694 3609 733 mo-

2039 761 2252 817 lestiam
2289 762 2516 829 inferre,
2555 765 2661 819 nisi
2693 766 2818 836 quis
2845 768 3036 823 volens
3064 783 3124 823 se
3149 753 3306 825 vobis
3335 771 3390 825 in
3437 771 3612 827 servi-

2037 862 2208 909 tutem
2242 855 2496 924 subjecit,
2527 856 2764 912 adorans
2801 873 2921 923 vos,
2951 868 3006 914 et
3051 861 3365 918 sacriﬁcans
3388 902 3404 928 ,
3444 873 3500 919 et
3540 864 3611 920 li-

2037 947 2197 1012 bans,
2228 956 2283 1003 et
2304 957 2500 1004 vestra:
2525 964 2696 1004 caena:
2720 951 3012 1020 particeps,
3035 961 3132 1006 aut
3152 953 3430 1023 quidpiam
3457 955 3608 1012 aliud

2036 1039 2182 1107 quod
2213 1054 2324 1094 non
2345 1039 2537 1094 deceat
2561 1039 2870 1110 perliciens,
2894 1042 2978 1096 vel
3008 1041 3244 1098 fundens
3264 1044 3609 1115 sanguinem,

2034 1133 2120 1186 vel
2139 1131 2370 1201 gustatis
2384 1133 2615 1187 mortuis
2629 1133 2908 1199 carnibus,
2921 1134 3006 1188 vel
3020 1133 3145 1189 ferae
3160 1136 3425 1206 reliquiis,
3439 1149 3610 1205 secto,

2037 1221 2323 1288 suﬂ‘ocato,
2338 1231 2433 1276 aut
2448 1223 2555 1276 alio
2577 1221 2862 1278 immundo
2878 1226 3135 1295 repletus.
3155 1225 3261 1282 Eos
3277 1243 3406 1284 vero
3425 1228 3514 1300 qui
3541 1223 3609 1285 ad

2034 1313 2206 1383 legem
2246 1327 2419 1367 meam
2453 1313 2798 1384 confugiunt,
2845 1331 2955 1370 non
2995 1319 3158 1372 modo
3197 1334 3305 1374 non
3351 1321 3610 1392 tangetis,

2034 1404 2130 1460 sed
2163 1414 2218 1459 et
2255 1405 2466 1460 honore
2494 1405 2783 1461 'donabitis
2803 1447 2819 1474 ,
2847 1417 2903 1462 et
2939 1423 3123 1464 coram
3158 1409 3396 1481 fugietis.
3423 1411 3609 1478 Quod-

2033 1510 2251 1566 cunque
2277 1497 2424 1551 enim
2450 1496 2606 1567 ipsis,
2631 1506 2817 1568 utpote
2837 1498 3023 1568 justis,
3049 1509 3237 1556 contra
3263 1516 3364 1557 vos
3387 1503 3610 1572 placue-

2029 1587 2122 1654 rit,
2181 1588 2235 1643 id
2281 1603 2378 1644 vos
2428 1603 2652 1645 necesse
2687 1589 2793 1645 erit
2823 1591 2956 1660 pati.
2996 1591 3152 1656 Quod
3189 1593 3234 1648 si
3265 1595 3512 1649 nonnulli
3539 1607 3608 1652 ex

2030 1679 2159 1744 illis,
2173 1679 2266 1749 qui
2292 1680 2425 1734 mihi
2455 1681 2753 1749 adhaerent,
2776 1681 3101 1748 aberrarint,
3115 1685 3197 1740 vel
3215 1685 3605 1752 adulterantes,

345 1789 438 1836 τες
469 1772 502 1843 ἢ
536 1772 861 1844 ἀκαθάρτως
882 1771 1176 1843 βιώσαντες
1223 1771 1256 1843 ἢ
1300 1769 1428 1824 ἄλλο
1455 1786 1510 1823 τι
1546 1769 1654 1824 τῶν
1686 1771 1809 1842 ἐμοὶ
1851 1769 1920 1842 μὴ

2030 1770 2112 1826 vel
2148 1771 2383 1841 magiam
2425 1781 2776 1839 exercentes,
2814 1773 2901 1827 vel
2943 1774 3158 1846 impure
3197 1777 3474 1846 viventes,
3519 1782 3606 1836 vel

345 1861 642 1918 δοκούντων
675 1863 999 1934 πράξαντες,
1031 1863 1153 1918 τότε
1199 1863 1258 1930 ἐξ
1300 1862 1445 1935 ἐμῆς
1489 1855 1789 1925 κελεύσεως
1823 1861 1928 1916 πά-

260 2002 264 2006 .
348 1973 501 2026 σιχειν
540 1973 593 2008 τι
638 1956 835 2020 αὐτοὺς
867 1955 956 2026 ὑφ’
986 1955 1140 2026 ὑμῶν
1171 1952 1204 2026 ἢ
1236 1955 1327 2025 ὑφ’
1365 1952 1570 2027 ἐτέρων
1610 1952 1810 2024 δεήσει’
1846 1946 1928 2017 οἷς

345 2047 442 2099 καὶ
477 2047 890 2118 μετανοήσασιν,
924 2045 1023 2118 τὴν
1058 2046 1344 2118 μετάνοιαν
1369 2046 1581 2118 κρίνας,
1617 2042 1727 2097 εἴτε
1761 2042 1924 2110 ἀξία⁸

344 2138 462 2190 ἐστὶ
512 2135 837 2209 συγγνώμης
867 2136 977 2192 εἴτε
1010 2139 1102 2191 καὶ
1135 2136 1228 2202 οὒ,
1265 2137 1366 2208 τὴν
1393 2137 1666 2206 ἀπόφασιν
1701 2136 1925 2207 π-κήσο-

347 2247 466 2300 μαι.
503 2229 688 2283 Ταῦτα
719 2225 813 2284 οὖν
851 2228 1212 2303 μνημονεύειν
1257 2229 1353 2284 καὶ
1396 2232 1572 2284 ποιεῖν
1596 2229 1617 2260 ⁸
1649 2227 1922 2299 ὀφείλετε,

342 2320 403 2380 εὖ
437 2325 667 2389 εἰδότες,
697 2326 782 2378 ὅτι
813 2324 934 2379 ούδέ
972 2326 1030 2380 αἱ
1063 2323 1390 2396 ἐνθυμήσεις
1420 2323 1576 2396 ὑμῶν
1608 2323 1790 2378 λαθεῖν
1820 2322 1922 2376 αὑ-

341 2419 434 2472 τὸν
469 2418 807 2490 δυνήσονται.
830 2418 838 2426 ’
1222 2477 1225 2480 _

413 2508 534 2563 XX.
569 2508 804 2562 Τοιαῦτα
834 2507 1381 2581 παρακελευσάμενος
1406 2507 1590 2571 αὐτοῖς
1628 2507 1657 2558 ὁ
1692 2505 1921 2575 ἄγγελος

340 2601 654 2674 ἀπηλλάγη.
702 2599 888 2672 Ὑμεῖς
918 2599 976 2654 δὲ
1007 2600 1088 2654 ἐτι
1119 2600 1305 2654 τοῦτον
1338 2601 1581 2668 ἀγνοεῖτε
1609 2599 1700 2652 τὸν
1733 2599 1917 2669 νόμον,

339 2693 422 2746 ὅτι
454 2691 772 2764 προσκυνῶν
802 2709 885 2756 τις
913 2691 1169 2763 δαίμονας
1195 2691 1229 2762 ἢ
1261 2690 1402 2746 θύων
1433 2691 1466 2763 ἦ
1498 2691 1776 2764 τραπέζης
1820 2693 1919 2745 αύ-

338 2788 452 2848 τοῖς
489 2783 1080 2848 λοινωνῶνλύπόδουλος
1131 2784 1314 2848 αὐτοῖς
1343 2784 1650 2854 γενόμενος,
1697 2783 1772 2846 ὡς
1814 2781 1920 2836 ὑπὸ

341 2876 526 2930 κακῶν
553 2875 826 2930 δεσποτῶν
859 2875 1039 2948 πάσης
1064 2877 1164 2948 τῆς
1195 2875 1255 2942 ἐξ
1283 2875 1459 2930 αὐτῶν
1495 2875 1712 2947 μεθέξει
1743 2878 1916 2948 τιμω-

345 2969 486 3040 ρίας·
521 2975 614 3022 καὶ
635 2967 724 3022 διὰ
752 2969 852 3039 τὴν
885 2968 1108 3037 ἄγνοιαν
1134 2968 1338 3041 ταύτην
1361 2972 1474 3032 τοῖς
1501 2970 1678 3024 αὐτῶν
1714 2969 1919 3042 βωμοῖς

2029 1863 2237 1932 aliquid
2265 1861 2415 1918 aliud
2460 1879 2652 1919 eorum
2691 1879 2816 1934 qua:
2853 1866 2988 1921 mibi
3027 1867 3316 1936 displicent
3365 1873 3602 1941 operati,
3639 1901 3646 1916 ι

2007 1952 2160 2010 ’ωηο
2187 1954 2480 2024 oportebit,
2512 1963 2575 2010 ut
2605 1957 2709 2027 ipsi
2735 1971 2802 2012 ex
2823 1955 2982 2023 jussu
3011 1973 3134 2013 meo
3163 1958 3370 2030 aliquid
3395 1960 3604 2029 patian-

2028 2053 2117 2101 tur
2144 2055 2240 2101 aut
2271 2061 2299 2100 a
2337 2047 2511 2114 vobis,
2555 2057 2650 2103 aut
2679 2049 2748 2104 ab
2772 2050 2914 2107 aliis.
2957 2049 3168 2116 Quibus
3197 2061 3252 2106 et
3291 2053 3606 2122 paenitenti-

2025 2137 2154 2203 bus,
2192 2138 2570 2210 paenitentiam
2597 2141 2928 2210 ponderans,
2957 2158 3025 2197 an
3051 2157 3116 2198 ea
3147 2143 3364 2198 veniam
3390 2159 3604 2213 merea-

2035 2237 2126 2284 tur
2146 2245 2248 2284 nec
2277 2245 2376 2297 ne,
2407 2231 2729 2286 sententiam
2759 2233 3145 2303 pronuntiabo.
3178 2232 3306 2289 Haec
3351 2250 3484 2307 ergo
3511 2252 3603 2291 re-

2025 2327 2226 2382 ducere
2264 2325 2318 2380 in
2353 2327 2672 2381 memoriam
2697 2336 2751 2382 et
2777 2327 2955 2384 facere
2973 2329 3202 2396 debetis,
3224 2331 3395 2399 probe
3423 2333 3601 2402 gnari,

2025 2419 2170 2488 quod
2200 2432 2302 2473 nec
2323 2419 2676 2490 cogitationes
2706 2430 2900 2476 vestrae
2929 2435 3053 2477 eum
3082 2420 3256 2478 latere
3282 2433 3562 2494 poterunt.

2095 2509 2215 2565 XX.
2246 2509 2374 2565 Hzec
2405 2518 2696 2582 postquam
2727 2513 2835 2569 illis
2876 2514 3141 2570 suasisset
3162 2515 3410 2586 angelus,
3435 2516 3594 2572 abiit.

2028 2600 2134 2658 Vos
2165 2610 2346 2657 autem
2394 2602 2574 2658 adhuc
2603 2601 2752 2658 illam
2794 2605 3059 2676 ignoratis
3083 2589 3296 2677 legem,
3327 2607 3473 2676 quod
3502 2608 3600 2678 qui

2022 2693 2153 2749 colit
2187 2693 2483 2760 damones,
2517 2693 2602 2750 vel
2633 2695 2931 2764 sacriﬁcat,
2973 2697 3058 2752 vel
3084 2712 3209 2753 cum
3252 2697 3363 2753 illis
3405 2714 3599 2755 mensa

2021 2787 2412 2852 communicat,
2445 2786 2549 2842 sub
2578 2789 2895 2844 servitutem
2921 2804 3115 2845 eorum
3151 2791 3431 2858 redactus,
3468 2800 3597 2846 tan-

2021 2894 2185 2948 quam
2215 2895 2245 2934 a
2275 2879 2434 2935 malis
2461 2879 2701 2937 dominis
2730 2896 2922 2937 omnes
2954 2897 3021 2936 ex
3050 2882 3158 2938 illis
3200 2882 3339 2940 feret
3364 2889 3594 2955 'pmnas.

2021 2971 2088 3027 Et
2117 2980 2335 3042 propter
2383 2973 2524 3028 hanc
2569 2974 2958 3045 ignorantiam,
2987 2975 3093 3046 qui
3128 2977 3198 3032 ad
3239 2992 3429 3034 eorum
3468 2994 3596 3036 aras

341 3062 778 3135 προσφθαρέντες
823 3063 917 3115 καὶ
949 3061 1128 3115 αὐτῶν
1169 3061 1615 3135 ἐκπληρωθέντες
1661 3063 1765 3117 ὑπὸ
1814 3063 1914 3135 τὴν

2023 3065 2325 3136 perniciose
2351 3067 2662 3122 accessistis
2691 3076 2856 3138 atque
2884 3068 2953 3124 iis
2981 3069 3179 3138 expleti
3209 3072 3365 3139 estis,
3408 3074 3594 3130 venis-

342 3154 522 3208 αὐτῶν
567 3154 727 3226 194,
756 3152 1002 3218 ἐξουσίαν
1047 3152 1329 3224 γεγόνατε,
1387 3155 1481 3208 καὶ
1526 3155 1689 3209 παντὶ
1728 3155 1914 3227 τρόπῳ

342 3245 687 3318 ὑϐριζόμενοι
728 3245 799 3298 τά
831 3243 1059 3316 σώματα
1103 3245 1369 3315 ἀγνοεῖτε.
1417 3245 1631 3300 Είδέναι
1672 3245 1729 3300 δὲ
1770 3246 1915 3318 ὑμᾶς

341 3341 446 3412 χρὴ
477 3341 559 3394 ὅτι
603 3339 906 3404 οὐδενὸςοοὶ
935 3339 1188 3410 δαίμονες
1231 3339 1444 3410 ἔχουσιν
1491 3339 1773 3406 ἐξουσίαν.
1819 3337 1915 3393 ἐὰν

346 3436 419 3507 μὴ
453 3433 714 3508 πρότερόν
745 3451 829 3496 τις
859 3432 1042 3496 αὐτοῖς
1065 3430 1407 3504 ὀμοδίαιτοςτ
1439 3432 1681 3502 γένηται.
1724 3430 1914 3485 Ὁπότε

339 3529 460 3583 οὐδὲ
491 3531 519 3582 ὁ
546 3528 724 3584 αὐτῶν
757 3527 940 3601 ἄρχων
973 3524 1126 3598 παρά
1155 3524 1245 3578 τὸν
1274 3524 1380 3578 ὑπὸ
1403 3524 1498 3578 τοῦ
1520 3523 1654 3578 Θεοῦ
1677 3523 1797 3577 κατ’
1819 3524 1917 3578 αὐ-

339 3619 448 3673 τῶν
480 3618 793 3691 κινούμενον
813 3618 836 3650 ⁸
867 3616 1030 3688 νόμον
1074 3617 1248 3669 ποιεῖν
1278 3631 1334 3669 τι
1375 3612 1616 3678 δύναται,
1649 3612 1732 3668 διδ
1763 3610 1914 3679 ἐξου-

341 3712 463 3765 σίαν
493 3711 637 3775 τινὸς
666 3711 768 3765 οὐκ
807 3709 921 3781 ἔχει
957 3708 1033 3780 μὴ
1065 3708 1540 3780 προσκυνήσαντος
1572 3705 1751 3761 αὐτόν·
1799 3706 1914 3760 ἀλλ’

335 3804 460 3857 οὐδὲ
491 3802 674 3857 λαϐεῖν
694 3819 778 3866 τις
809 3800 940 3874 παρ’
963 3799 1144 3854 αὐτῶν
1173 3799 1395 3854 δύναταί
1425 3819 1478 3856 τι
1507 3793 1581 3855 ὧν
1617 3801 1779 3864 θέλει,
1801 3801 1914 3856 ἀλλ’

337 3895 460 3948 οὐδὲ
494 3895 755 3966 βλαϐῆναι
795 3893 970 3957 οὐδὲν,
1021 3892 1097 3957 ὡς
1130 3892 1340 3948 ἐκεῖθεν
1387 3891 1615 3948 δυνασθε
1636 3895 1657 3925 ⁹
1698 3893 1910 3965 μαθεῖν.

409 3987 552 4043 XXI.
584 3987 675 4060 Τῷ
711 3987 820 4059 γὰρ
852 3987 951 4058 τῆς
995 3983 1276 4049 εὐσεϐείας
1303 3984 1461 4057 ἡμῶν
1496 3983 1706 4055 βασιλεῖ
1746 4002 1914 4058 προσ-

336 4081 470 4154 ῆλθέ
521 4100 650 4136 ποτε
691 4082 722 4135 ὁ
766 4079 1099 4153 πρόσκαιρος
1151 4079 1424 4150 βασιλεὺς,
1475 4079 1630 4133 ml.“
1675 4079 1736 4132 οὐ
1795 4079 1915 4149 βίαν

337 4175 528 4238 ποιῶν,
553 4176 614 4229 ού
641 4174 749 4246 γὰρ
782 4173 932 4245 ἐξῆν,
955 4171 1091 4226 ἀλλά
1120 4171 1441 4245 προτρέπων
1470 4173 1564 4225 καὶ
1584 4170 1912 4236 ἀναπείθων,

336 4269 422 4323 ὅτι
465 4267 526 4320 τὸ
564 4266 848 4339 πεισθῆναι
892 4265 986 4319 ἐπὶ
1024 4267 1091 4336 τῇ
1115 4265 1156 4296 ¹¹
1185 4264 1418 4319 ἑκάστου
1466 4267 1642 4318 κεῖται
1674 4263 1910 4335 ἐξουσίᾳ.

338 4359 657 4432 Προσελθὼν
703 4354 815 4424 οὖν,
862 4358 939 4422 ὡς
972 4356 1083 4410 τῶν
1131 4356 1411 4429 παρόντων
1443 4355 1518 4410 ὢν
1548 4357 1591 4388 ¹³
1629 4355 1910 4428 βασιλεὺς,

2014 3158 2085 3214 tis
2101 3158 2204 3214 sub
2221 3163 2408 3213 eoru‘m
2422 3166 2751 3228 potestatem
2772 3177 2785 3213 ε
2809 3168 2998 3215 etcum
3012 3175 3243 3232 corpora
3261 3165 3410 3217 omni
3423 3167 3587 3224 modo

2015 3249 2217 3306 fuerint
2235 3251 2578 3306 contumeliae
2601 3252 2834 3322 objecta,
2849 3253 3094 3308 nescitis.
3119 3253 3272 3310 Scire
3295 3264 3476 3311 autem
3494 3273 3594 3313 vos

2016 3352 2250 3413 oportet,
2282 3343 2338 3397 in
2361 3344 2568 3399 nullum
2595 3345 2868 3400 daemones
2891 3346 3089 3401 habere
3120 3355 3465 3417 potestatem,
3486 3351 3594 3406 nisi

2015 3436 2139 3506 quis
2153 3435 2302 3504 prius
2313 3435 2539 3492 conviva
2551 3452 2738 3492 eorum
2753 3435 2934 3492 fuerit.
2952 3435 3400 3508 Quandoquidem
3417 3455 3594 3510 neque

2015 3527 2266 3597 princeps
2282 3527 2498 3583 illorum
2524 3527 2730 3598 aliquid
2747 3537 2926 3599 potest
2943 3529 3121 3585 facere
3143 3538 3336 3585 contra
3363 3529 3534 3602 legem
3558 3549 3590 3585 a

2016 3619 2130 3675 Deo
2159 3620 2214 3676 in
2244 3636 2340 3678 eos
2365 3622 2553 3676 latam.
2580 3619 2761 3688 Quare
2800 3621 3008 3679 nullius
3035 3623 3200 3679 habet
3236 3633 3586 3695 potestatem,

2016 3711 2110 3782 qui
2137 3728 2246 3767 non
2272 3713 2452 3784 ipsum
2478 3713 2810 3769 adoraverit.
2845 3713 2951 3769 Sed
2982 3730 3083 3771 nec
3112 3715 3237 3786 quis
3276 3725 3457 3787 potest
3481 3717 3588 3772 al’i-

2015 3805 2146 3876 quid
2192 3820 2406 3870 eorum,
2456 3821 2580 3875 qua;
2608 3806 2776 3877 cupit,
2809 3806 2878 3862 ab
2921 3807 3032 3864 illis
3073 3810 3361 3880 consequi,
3409 3825 3590 3882 neque

2015 3899 2181 3954 etiam
2217 3897 2341 3952 laedi
2371 3897 2664 3966 ullatenus,
2693 3908 2756 3954 ut
2783 3899 2986 3955 isthinc
3008 3899 3222 3957 discere
3249 3904 3501 3973 potestis.

2085 3988 2228 4044 XXI.
2279 3988 2416 4045 Nam
2467 3989 2537 4045 ad
2583 3999 2832 4046 nostrum
2862 3991 3081 4062 pietatis
3121 4008 3304 4065 regem
3351 3997 3590 4052 accessit

2016 4082 2311 4154 aliquando
2335 4083 2648 4154 temporalis
2677 4099 2796 4149 rex,
2827 4099 2938 4140 non
2968 4083 3020 4138 vi
3045 4083 3211 4150 facta,
3236 4101 3414 4158 neque
3437 4089 3587 4144 enim

2015 4173 2234 4242 licebat,
2262 4175 2355 4230 sed
2387 4175 2616 4231 hortans
2644 4185 2699 4231 et
2733 4175 2992 4239 suadens,
3025 4176 3155 4247 quia
3184 4180 3501 4248 persuaderi
3529 4182 3587 4238 in

2017 4265 2454 4338 uniuscujusque
2486 4267 2650 4322 situm
2693 4275 2778 4322 est
2805 4267 3066 4323 arbitrio.
3102 4267 3382 4328 Accedens
3423 4275 3585 4344 ergo,

2017 4366 2274 4414 utrerum
2291 4358 2639 4429 praesentium
2661 4373 2778 4424 rex,
2794 4358 2859 4414 ad
2882 4357 3186 4420 futurarum
3205 4377 3386 4432 regem
3409 4363 3548 4419 dixit
3568 4384 3583 4419 :

335 4423 416 4524 τῶ
455 4451 569 4505 τῶν
606 4450 906 4524 μελλόντων
958 4448 1169 4520 βασιλεῖ
1212 4423 1338 4522 ἐφη·
1375 4451 1553 4504 Πᾶσαι
1585 4423 1644 4502 αῖ
1673 4447 1768 4502 τοῦ
1817 4449 1913 4502 νῦν

2023 4449 2210 4505 Omnia
2242 4423 2526 4521 prazsentis
2571 4423 2769 4505 mundi
2797 4465 2963 4522 regna
2999 4451 3135 4506 mihi
3181 4423 3490 4524 subiacent,
3530 4465 3588 4512 et

337 4544 541 4616 κόσμου
588 4543 855 4616 βασιλεῖαι
902 4541 1217 4596 ὑπόκεινται
1250 4543 1393 4615 ἐμοὶ,
1448 4542 1530 4596 ἔτι
1561 4559 1622 4596 τε
1653 4543 1682 4595 ὁ
1713 4541 1913 4614 χρυσὸς

337 4638 433 4692 καὶ
465 4640 494 4693 ὁ
523 4637 762 4710 ἄργυρος
782 4638 877 4692 καὶ
905 4640 1053 4693 πᾶσα
1079 4640 1113 4710 ή
1144 4637 1323 4711 τρυφὴ
1353 4635 1448 4690 τοῦ
1485 4636 1690 4708 κόσμου
1720 4635 1910 4689 τούτου

338 4731 444 4786 ὑπὸ
489 4735 608 4795 ταῖς
639 4732 799 4802 ἐμαῖς
828 4731 975 4785 ἐστὶν
1017 4731 1300 4798 ἐξουσίαις·
1334 4729 1416 4783 διδ
1446 4730 1626 4784 πεσὼν
1668 4729 1910 4803 προσκύ-

337 4825 498 4896 νησόν
534 4824 751 4895 μοι,καὶ
773 4823 930 4878 δώσω
962 4840 1042 4877 σοι
1077 4823 1254 4878 πάντα
1277 4822 1469 4877 ταῦτα.
1500 4822 1687 4877 Ταῦτα
1714 4821 1772 4876 δέ
1795 4821 1911 4875 ἕλε-

335 4933 433 4986 γεν
465 4915 639 4981 εἰδὼς,
673 4918 754 4970 ὅτι
790 4917 927 4988 μετά
951 4917 1013 4970 τὸ
1033 4916 1076 4948 ⁸³
1117 4916 1489 4988 προσκυνῆσαι
1521 4916 1615 4969 καὶ
1653 4915 1750 4986 τὴν
1782 4916 1905 4968 κατ’

336 5007 502 5063 αὐτοῦ
551 5003 694 5078 εἶχεν
741 5008 1018 5073 ἐξουσίαν,
1074 5007 1168 5062 καὶ
1199 5005 1342 5060 οὕτω
1371 5006 1414 5037 ¹⁸
1455 5006 1555 5078 τῆς
1613 5005 1912 5078 μελλούσης

334 5100 494 5172 δόξης
526 5101 620 5153 καὶ
653 5098 928 5170 βασιλείας
958 5101 1120 5154 αὑτὸν
1144 5100 1188 5131 ¹⁵
1216 5097 1436 5170 ἀφῄρει.
1473 5100 1583 5153 Καὶ
1619 5098 1795 5153 πάντα
1832 5100 1911 5152 εί-

335 5191 441 5259 δὼς
472 5193 534 5247 οὐ
565 5193 724 5265 μόνον
755 5193 914 5248 αὑτὸν
938 5193 998 5246 οὐ
1034 5190 1456 5265 προσεκύνησεν,
1496 5191 1611 5244 ἀλλ’
1644 5191 1763 5244 οὐδὲ
1798 5190 1908 5244 τῶν

2015 4555 2272 4615 praeterea
2350 4556 2546 4597 aurum
2604 4550 2660 4596 et
2719 4550 3007 4612 argenturm
3068 4558 3372 4616 omnesque
3421 4545 3586 4602 istius

2015 4635 2202 4693 mundi
2230 4636 2438 4691 deliciae
2465 4635 2569 4690 sub
2597 4649 2716 4689 mea
2763 4646 2892 4690 sunt
2932 4645 3225 4705 patestate,
3269 4652 3443 4708 quare
3483 4653 3581 4694 ca-

2014 4729 2149 4785 dens
2171 4728 2335 4783 adora
2365 4742 2471 4794 me,
2493 4735 2547 4782 et
2568 4726 2709 4782 dabo
2737 4726 2834 4782 tibi
2851 4741 2914 4782 ea
2933 4726 3136 4781 omnia.
3157 4725 3284 4783 Hec
3307 4742 3472 4798 porro
3496 4730 3583 4785 di-

2015 4821 2194 4887 cebat,
2240 4819 2370 4890 quia
2418 4825 2666 4884 noverat,
2700 4817 2848 4888 quod
2894 4825 3019 4888 post
3069 4818 3443 4874 adorationem
3476 4819 3580 4876 ba-

2017 4913 2230 4970 buisset
2273 4911 2329 4966 in
2383 4910 2534 4965 illum
2567 4917 2911 4980 potestatem,
2945 4909 3135 4980 sicque
3168 4919 3223 4966 et
3265 4909 3451 4965 futuro
3481 4912 3582 4968 bo-

2017 5021 2152 5062 nore
2181 5020 2245 5060 ac
2273 5011 2443 5075 regno
2465 5002 2751 5073 privasset.
2778 5000 2849 5056 At
2872 5002 2968 5071 qui
2999 5001 3180 5056 omnia
3212 5001 3439 5070 sciebat,
3464 5019 3574 5058 non

2018 5099 2182 5156 modo
2211 5099 2360 5154 illum
2393 5111 2501 5152 non
2530 5095 2794 5162 adoravit,
2848 5094 2942 5150 sed
2973 5109 3073 5150 nec
3103 5094 3398 5166 quidquam
3432 5094 3579 5151 illius

2020 5190 2290 5247 donorum
2317 5186 2490 5243 voluit
2512 5186 2776 5256 accipere.
2810 5182 2884 5241 Se
2944 5184 3089 5240 enim
3114 5199 3237 5239 cum
3269 5185 3386 5241 suis
3421 5185 3576 5256 oppi-

1633 5323 1868 5380 VARUE
1909 5323 2314 5381 LECTIONES.

349 5425 365 5492 ἶ
406 5430 452 5462 θ’
474 5423 572 5478 ὑπ’
598 5421 762 5478 αὑτοῦ
787 5437 841 5492 p.
872 5419 1094 5492 barbth
1119 5418 1254 5492 Θεοῦ
1276 5417 1340 5475 0.
1372 5419 1442 5492 [οδ
1459 5417 1668 5491 νεκρῶν
1695 5418 2160 5492 praetermiserunt
2179 5417 2241 5492 βε
2303 5414 2445 5478 (edd.
2461 5414 2834 5492 jﬁ9§,_l72})
2862 5423 2916 5471 ct
3021 5411 3260 5492 Subinde
3282 5413 3578 5492 γευόμενος

335 5491 386 5550 0
435 5511 485 5550 c.
512 5493 552 5548 8
581 5535 596 5559 ,
626 5491 828 5564 γευομέ

335 5565 463 5622 inde
529 5565 610 5617 ὃτι
633 5559 698 5618 0.
761 5559 796 5594 ’³
828 5559 937 5614 τῶν
958 5575 1067 5614 om.
1100 5559 1163 5614 0.

337 5641 360 5672 ⁷
390 5634 687 5700 ὁμοδίαιτον
711 5630 776 5688 0.
850 5631 872 5661 "
903 5629 1150 5700 κείμενον
1175 5629 1240 5685 0.
1273 5629 1410 5700 Tum
1437 5628 1503 5683 δι’
1529 5628 1556 5700 ὃ
1593 5628 1654 5700 C.

829 5508 934 5545 νων
960 5489 1022 5544 C.
1045 5488 1183 5545 Tum
1210 5489 1405 5591 θνητοῦ
1439 5505 1492 5560 ρ.
1535 5481 1745 5559 τμητόῢ
1769 5489 1831 5543 C.
1898 5491 1914 5520 ³
1951 5485 2420 5558 ἐμπιμπλώμενος
2453 5485 2511 5540 C.
2587 5481 2714 5540 ‘Vlta
2747 5485 2792 5541 0
2816 5481 2824 5487 ’
2845 5501 2893 5541 c.
2933 5484 2971 5540 S
3001 5525 3015 5550 ,
3069 5481 3338 5566 φεύξῃσθε
3371 5481 3577 5568 (κῆαι)-

829 5559 937 5591 -::...
959 5575 1046 5591 nm
1100 5559 1144 5591 n
1345 5558 1722 5591 εει-..-Μ-,τιρηι
1775 5558 1806 5591 .s
1841 5559 2226 5591 .m.u..-x...em.
2255 5557 2294 5591 αἳ
2416 5566 2438 5591 ι
2460 5556 2543 5591 κισ.
2572 5555 2752 5591 (ιιι-ιη
2848 5563 2869 5591 ο
2907 5559 3077 5591 nunc?“
3102 5558 3296 5591 nvnnlnl
3327 5569 3393 5591 ειη
3444 5556 3483 5591 5

1344 5558 1743 5682 ἐξαὲαὲτῶσιν,
1775 5558 2234 5682 ’ξομοιχησάμενοξ

1344 5646 1410 5682 Im
1473 5649 1487 5682 ι
1593 5628 1654 5682 C.
1731 5636 1754 5668 ο
1813 5629 2089 5682 υνασαιϐ.
2265 5645 2316 5680 1.:

341 5667 832 5774 ’tuﬁucTIVn'o‘fc
853 5743 869 5770 ,
892 5667 1113 5756 Sfrﬁso
1147 5667 1336 5756 scribit
1364 5698 1422 5755 S.
1503 5699 1544 5731 “
1571 5697 1664 5752 τού
1688 5696 1750 5754 Ο.
1830 5697 2071 5777 {ﬂabra};
2097 5697 2159 5754 C.

2416 5566 2438 5598 ³
2459 5556 2546 5622 ἀξι
2572 5555 2693 5626 (sic)
2707 5557 2770 5612 Ο.
2848 5563 2873 5626 ξ
2907 5559 3077 5610 ποιεῖν
3102 5555 3301 5626 excidit
3326 5569 3412 5624 ap.

2192 5627 2234 5658 ¹⁰
2263 5627 2356 5696 καί
2382 5621 2698 5696 transcripsi
2734 5642 2798 5681 ex
2838 5623 2904 5696 Ο.
3010 5627 3050 5657 ¹¹
3082 5627 3149 5696 τῇ
3175 5623 3237 5691 S,
3270 5624 3335 5691 0,
3361 5621 3484 5677 ’τοῦ
3509 5624 3572 5680 C.

2259 5699 2300 5733 ³⁸
2337 5695 2408 5750 Ita
2447 5695 2485 5749 S
2517 5737 2530 5762 ,
2569 5693 2759 5750 ἑαυτόν
2784 5698 2846 5766 C,
2874 5693 2938 5753 Ο.
