4082 6160
461 299 577 360 239

1285 301 1342 356 S.
1379 299 1770 358 CLEMENTIS
1805 301 1825 355 1
1867 300 2034 358 ΒΟΜ.’
2075 299 2274 357 PONT.
2301 299 2530 355 OPERA
2564 296 2794 361 DUBIA.

3617 309 3725 365 240

473 423 743 493 gneravit,
770 416 917 487 quod
943 423 1047 481 est,
1072 428 1180 470 non
1206 414 1373 471 licere
1397 416 1629 484 posthac
1656 417 1952 486 quidquam
1974 415 2043 469 ab

2147 413 2240 468 ὑπ’
2268 414 2433 469 αὐτοῦ
2475 414 2779 486 δεδομένων
2798 416 2844 449 ¹⁶
2877 416 3063 472 λαϐεῖν
3105 435 3161 473 τι
3209 418 3493 492 ἠθέλησενο
3535 421 3729 476 ἑαυτὸν

475 514 596 584 ipso
631 510 953 565 traditorum
980 507 1066 564 vel
1093 516 1333 577 tangere.
1368 506 1670 578 Respondit
1694 523 1825 579 ergo
1853 526 1866 562 :
1904 506 2045 561 Scri-

470 615 619 675 ptum
655 612 755 669 est,
794 601 1075 656 Dominum
1099 597 1269 653 Deum
1309 608 1460 655 tuum
1502 601 1834 666 revereberis,
1876 608 1927 653 et
1962 598 2044 654 illi

466 697 573 753 soli
596 697 786 752 servies
816 707 865 751 α.

538 976 706 1033 XXII.
744 977 1013 1033 Caeterum
1047 976 1338 1047 impiorum
1376 988 1497 1040 rex,
1529 986 1654 1028 cum
1698 988 1882 1044 regem
1924 973 2045 1044 pio-

469 1086 592 1126 rum
622 1070 691 1125 ad
723 1085 879 1125 suam
921 1069 1190 1124 adducere
1230 1069 1562 1123 voluntatem
1607 1067 1904 1137 plurimum
1950 1081 2046 1121 co-

471 1171 636 1218 natus
661 1169 807 1217 esset
843 1176 943 1216 nec
971 1161 1260 1232 potuisset,
1289 1159 1450 1214 tinem
1482 1157 1631 1226 fecit,
1666 1167 1721 1214 et
1749 1158 1805 1213 in
1832 1158 2044 1227 reliqua

468 1254 581 1308 vita
615 1254 768 1309 illum
818 1253 1091 1307 nitebatur
1126 1260 1369 1323 captare.
1408 1248 1522 1307 Vos
1561 1264 1693 1306 vero
1720 1246 2044 1320 praeﬁnitam

470 1345 789 1417 ignorantes
834 1345 1006 1416 legem
1061 1345 1133 1400 ob
1165 1344 1308 1398 mala
1352 1356 1517 1414 opera
1567 1342 1671 1398 sub
1724 1341 1872 1397 illius
1911 1341 2046 1396 estis

470 1444 756 1507 potestate.
784 1433 1054 1501 Quocirca
1083 1448 1315 1503 corpore
1347 1442 1402 1489 et
1429 1433 1615 1488 anima
1652 1431 1922 1486 maculam
1953 1446 2045 1502 ge-

470 1528 594 1584 ritis
621 1547 634 1583 ;
667 1537 722 1584 et
749 1526 805 1582 in
839 1525 1090 1598 praesenti
1116 1524 1336 1597 quidem
1375 1541 1407 1580 a
1436 1524 1644 1581 morbis
1690 1532 1746 1579 et
1778 1520 2044 1580 daemoni—

2148 506 2258 578 γάρ
2291 507 2386 560 σὺν
2416 509 2530 571 τοῖς
2562 508 2755 561 ἑαυτοῦ
2782 508 3235 582 κατενεχύραζεν,
3279 513 3418 586 ὅπερ
3453 515 3620 577 ἐστὶν,
3653 515 3730 588 μὴ

2147 597 2349 662 ἐξεῖναι
2390 598 2485 652 τοῦ
2532 599 2721 654 λοιποῦ
2767 600 2877 655 τῶν
2926 596 3077 673 αὐ⁵τῷ
3099 604 3141 637 ⁸⁷
3172 602 3545 660 ἀποδοθέντων
3596 607 3732 678 μηδὲ

2145 689 2352 759 ψαῦσαι
2408 690 2566 762 195
2621 692 2724 747 ἔτι.
2785 694 3248 767 Ἀποκρινάμενος
3291 694 3385 752 οὖν
3433 699 3558 772 ἔφη·
3618 699 3732 755 Γέ-

2145 796 2418 850 γραπται,
2472 785 2696 853 Κύριον
2739 785 2848 839 tor
2898 786 3047 841 Θεόν
3091 803 3209 844 σου
3255 791 3592 861 φοϐηθήσῃ,
3632 790 3733 847 καί

2146 874 2308 941 αὐτῷ
2337 878 2689 946 λατρεύσεις
2711 880 2897 947 μόνῳ.

2217 966 2384 1023 XXII.
2411 969 2559 1040 Πλὴν
2592 969 2621 1022 ὁ
2650 969 2758 1024 τῶν
2789 970 3001 1024 ἀσεϐῶν
3020 971 3065 1003 ⁸³
3094 969 3349 1042 βασιλεὺς
3376 973 3518 1027 κατὰ
3559 973 3733 1030 πολλά

2144 1059 2235 1114 τὸν
2246 1060 2356 1116 τῶν
2375 1061 2615 1117 εὐσεϐῶν
2629 1063 2854 1134 βασιλέα
2873 1065 3010 1138 πρὸς
3026 1065 3088 1118 τὸ
3109 1065 3305 1121 ἑαυτοῦ
3322 1066 3569 1138 βούλημα
3587 1083 3733 1140 παρ-

2148 1153 2302 1223 άγειν
2354 1153 2696 1227 πειρώμενος
2728 1157 2840 1212 ’καὶ
2906 1158 2981 1230 μὴ
3030 1158 3281 1231 δυνηθεὶς
3314 1159 3359 1192 ¹⁹
3406 1158 3686 1214 ἐπαύσατο
3709 1199 3727 1226 ,

2144 1246 2284 1319 πρὸς
2314 1247 2385 1301 τὰ
2414 1248 2575 1303 λοιπὰ
2603 1249 2704 1321 τῆς
2736 1249 3009 1316 πολιτείας
3039 1250 3292 1325 θηρεύειν
3323 1250 3484 1307 αὐτὸν
3520 1255 3733 1325 ἐπιχει-

2149 1339 2276 1412 ρῶν.
2332 1340 2522 1413 Ὑμεῖς
2544 1336 2615 1396 ¹δὲ
2647 1343 2738 1397 τὸν
2776 1344 3167 1415 προορισθέντα
3199 1344 3362 1417 νόμον
3407 1346 3731 1415 ἀγνοοῦντες

2145 1431 2233 1486 διὰ
2280 1434 2389 1488 τῶν
2438 1436 2625 1490 κακῶν
2665 1436 2918 1509 πράξεων
2968 1438 3072 1492 ὑπὸ
3112 1439 3215 1511 τὴν
3266 1437 3516 1504 ἐξουσίαν
3561 1437 3727 1492 αὐτοῦ

2146 1523 2419 1592 ἐγένεσθε.
2453 1525 2546 1581 Διὸ
2599 1528 2759 1599 σῶμα
2805 1530 2902 1582 καὶ
2932 1528 3111 1602 ψυχὴν
3159 1530 3477 1603 ἐμιάνθητε’
3529 1531 3623 1584 καὶ
3669 1532 3730 1585 ἐν

469 1620 577 1677 bus
628 1619 944 1685 illudimiui,
975 1619 1031 1675 in
1075 1617 1263 1675 futuro
1291 1626 1472 1673 autem
1518 1617 1809 1674 animabus
1851 1616 2043 1688 punie-

2150 1616 2250 1686 μὲν
2264 1618 2360 1690 ’τῷ
2395 1620 2623 1692 παρόντι
2656 1620 2762 1675 ὐπό
2789 1639 2849 1675 τε
2881 1622 3069 1677 παθῶν
3101 1625 3201 1677 καὶ
3223 1623 3494 1695 δαιμόνων
3514 1623 3729 1695 ἐνυϐρί-

472 1712 631 1768 mini.
678 1710 795 1768 Iloc
837 1725 967 1766 vero
1010 1725 1120 1765 non
1167 1723 1267 1765 vos
1288 1708 1389 1764 soli
1436 1708 1505 1763 ab
1539 1707 1852 1778 ignorantia
1897 1706 2046 1777 passi

2149 1704 2328 1775 ζεσθε,
2355 1712 2413 1765 ἐν
2439 1711 2495 1765 δὲ
2526 1711 2604 1783 τῷ
2638 1711 2883 1783 μέλλοντι
2901 1715 2947 1746 ’⁸
2983 1714 3085 1779 τὰς
3115 1714 3294 1785 ψυχὰς
3325 1715 3728 1787 κολασθησομέ-

470 1806 626 1874 estis,
657 1805 750 1861 sed
782 1814 836 1860 et
864 1803 1111 1859 nonnulli
1137 1816 1206 1857 ex
1236 1811 1425 1856 nostra
1454 1809 1640 1871 gente,
1673 1799 1768 1870 qui
1798 1798 1853 1853 in
1887 1797 2043 1852 malis

2148 1816 2246 1864 νας
2275 1801 2445 1867 ἕξετε.
2481 1802 2650 1858 Τοῦτο
2675 1804 2733 1859 δὲ
2763 1805 2861 1876 οὐχ
2887 1806 3046 1878 ὑμεῖς
3074 1807 3223 1878 μόνοι
3256 1807 3361 1860 ὑπὸ
3390 1805 3611 1876 ἀγνοίας
3636 1825 3728 1860 πε-

399 1885 402 1888 ’
471 1896 731 1967 operibus
763 1911 792 1950 a
826 1896 1049 1951 malitia?
1078 1896 1217 1951 duce
1269 1893 1542 1965 occupati,
1585 1900 1775 1963 postea
1799 1891 1947 1946 velut
1976 1889 2043 1945 ad

471 2003 687 2046 coenam
716 2004 746 2043 a
770 1997 926 2059 patre
949 1988 1044 2043 ﬁlii
1079 1987 1299 2058 nuptias
1328 1986 1642 2043 celebrante
1670 1983 1907 2052 invitati,
1934 1998 2045 2038 non

471 2081 795 2137 obedierunt
824 2080 876 2136 ι’.
932 2079 989 2135 In
1029 2081 1208 2136 locum
1251 2089 1431 2135 autem
1455 2093 1669 2144 eorum,
1698 2077 1792 2148 qui
1823 2084 2047 2148 prOpter

471 2173 905 2244 occupationem.
933 2173 1359 2244 deuegaverant,
1400 2172 1495 2242 qui
1537 2170 1649 2226 ﬁlio
1691 2169 1910 2240 nuptias
1951 2184 2045 2225 ce-

468 2265 720 2321 lebrabat
748 2275 899 2337 pater
926 2280 1024 2335 per
1048 2263 1294 2320 veritatis
1323 2262 1652 2335 Pmphetam
1679 2261 1843 2333 jussit
1861 2260 2042 2327 nobis,

470 2365 534 2412 ut
563 2357 837 2430 progressi
886 2357 953 2411 ad
982 2356 1164 2412 exitus
1186 2356 1423 2422 viarum,
1456 2355 1510 2411 id
1551 2362 1637 2410 est
1691 2354 1758 2409 ad
1799 2341 1918 2419 vos,
1959 2352 2044 2407 iu-

470 2451 766 2506 dueremus
809 2464 1003 2521 puram
1046 2459 1251 2504 vestem
1296 2447 1615 2517 nuptialem,
1659 2460 1780 2515 quas
1827 2453 1910 2499 est
1945 2443 2046 2498 ba-

469 2541 692 2611 ptisma,
717 2540 862 2610 quod
886 2540 939 2593 in
972 2539 1348 2594 remissionem
1377 2539 1436 2592 Iit
1459 2546 1807 2607 peccatorum
1834 2541 2045 2588 vestro—

474 2645 618 2697 rum,
648 2639 703 2685 et
729 2640 790 2684 ut
820 2630 998 2687 bonos
1021 2630 1074 2683 in
1118 2627 1213 2683 Dei
1245 2643 1457 2683 coenam
1500 2627 1722 2681 inducat
1748 2639 1817 2679 ex
1861 2623 2040 2694 poeni—

470 2721 661 2784 tentia,
694 2721 818 2776 Iicet
847 2720 1006 2774 initio
1030 2720 1100 2774 ab
1126 2719 1303 2789 epulis
1332 2716 1632 2772 abfueriut.

2148 1892 2399 1963 πόνθατε,
2433 1895 2571 1950 ἀλλά
2616 1897 2709 1952 καί
2739 1914 2886 1963 τινες
2915 1900 3010 1953 τοῦ
3043 1898 3315 1972 ἡμετέρου
3353 1900 3559 1964 ἔθνους,
3593 1900 3725 1953 οἵτι-

2148 2000 2237 2048 νες
2268 1976 2362 2041 ἐπὶ
2393 1990 2591 2059 κακαῖς
2625 1990 2890 2063 πράξεσιν
2917 1992 3023 2046 ὑπὸ
3043 1993 3138 2046 τοῦ
3171 1995 3271 2065 τῆς
3299 1992 3500 2057 κακίας
3525 1991 3726 2065 ἡγεμό-

2147 2093 2238 2142 νος
2265 2080 2687 2153 προληφθέντες,
2730 2083 2922 2140 ἔπειτα
2960 2084 3149 2157 ῶσπερ
3188 2086 3281 2140 ἐπὶ⁹
3297 2088 3340 2118 ’³
3373 2085 3589 2139 δεῖπνον
3619 2081 3728 2138 ὑπὸ
3797 2085 3801 2087 “

2148 2170 2355 2242 πατρὸς
2384 2172 2485 2244 υίῷ
2516 2174 2797 2241 τελοῦντος
2826 2177 3036 2248 γάμους
3064 2175 3353 2250 κληθέντες
3382 2177 3481 2248 οὐχ
3501 2178 3545 2208 ²¹
3579 2175 3724 2247 ὐπή-

2150 2278 2371 2317 κουσαν.
2415 2265 2559 2320 Ἀντὶ
2587 2267 2644 2322 δὲ
2677 2268 2786 2323 τῶν
2814 2270 3226 2342 ἅπειθησάντων
3256 2268 3346 2322 διὰ
3376 2268 3476 2338 τὴν
3508 2265 3727 2339 Πρὸληα

2148 2352 2243 2423 φιν
2270 2356 2299 2408 6
2322 2357 2450 2423 τοὺς
2477 2358 2689 2430 γάμους
2709 2360 2789 2433 τῷ
2809 2361 2913 2434 υίῷ
2942 2362 3112 2417 τελῶν
3145 2362 3327 2435 πατὴρ
3351 2361 3441 2415 διὰ
3459 2360 3551 2415 τοῦ
3584 2378 3722 2432 προσ

2151 2446 2321 2517 φήτου
2353 2450 2452 2521 τῆς
2491 2451 2745 2524 ἀληθείας
2780 2454 3067 2510 ἐκέλευσεν
3103 2457 3257 2528 ἡμῖν,
3303 2456 3384 2518 είς
3415 2453 3514 2518 τὰς
3548 2452 3726 2519 διεξό-

2149 2535 2273 2603 δους
2303 2540 2409 2596 τῶν
2441 2543 2576 2598 όδῶν
2605 2545 2869 2612 ἐλθοῦσιν,
2902 2550 2932 2602 ὅ
2959 2550 3075 2604 ἐστι
3103 2548 3240 2621 πρὸς
3284 2548 3448 2622 ὑμᾶς,
3483 2545 3727 2617 καθαρὸν

2149 2628 2353 2705 ἔνδυμα
2394 2636 2572 2709 γάμου
2619 2640 2950 2713 περιϐαλεῖν,
2990 2642 3127 2713 ὅπερ
3175 2641 3291 2694 ἐστὶ
3342 2641 3643 2711 βάπτισμα,
3692 2638 3723 2692 δ

2150 2723 2233 2787 εἰς
2272 2725 2464 2795 ἄφεσιν
2494 2729 2711 2799 ξγίνεται
2743 2716 2851 2785 τῶν
2901 2733 3301 2805 πεπραγμένων
3341 2734 3467 2805 ὑμῖν
3501 2731 3723 2793 κακῶν,

471 2811 568 2866 καὶ
584 2810 632 2842 ’⁸
666 2812 793 2874 τοὺς
833 2809 1070 2879 ἀγαθοὺς
1117 2811 1198 2872 εἰς
1224 2807 1286 2861 τὸ
1317 2807 1452 2862 Θεοῦ
1483 2806 1696 2860 δεῖπνον
1737 2804 1979 2875 εἰσάγειν
1998 2807 2051 2841 ἰ
2075 2809 2140 2863 ὲκ
2170 2814 2272 2886 τῆς
2317 2820 2697 2890 μεταμελείας,
2750 2823 2800 2876 εί
2840 2822 2937 2877 καὶ
2970 2824 3070 2895 τὴν
3105 2824 3280 2895 ἀρχὴν
3320 2804 3728 2896 ἀπελείφθησαν

468 2905 570 2976 τῆς
600 2903 850 2975 εὐωχίας.

542 2997 732 3054 XXIII.
773 2996 830 3052 Si
863 2995 1030 3051 vultis
1062 2992 1246 3065 itaque
1272 3003 1333 3048 ut
1361 2992 1505 3048 [latis
1530 2992 1917 3048 vestimentum
1958 2990 2043 3047 di-

2219 3000 2381 3075 196
2405 3004 2590 3061 XXIII.
2626 3008 2867 3082 Ἔνδυμα
2897 3007 2992 3067 οὗν
3033 3014 3081 3066 εί
3116 3008 3369 3085 βούλεσθε
3389 3013 3434 3046 ⁸⁵
3468 3011 3727 3083 γενέσθαι

469 3091 583 3146 vini
608 3089 851 3160 spiritus,
875 3087 1148 3143 enitimini
1172 3087 1351 3157 primo
1379 3099 1581 3140 exuere
1605 3084 1884 3139 sordidam
1908 3099 2040 3155 prae.

471 3181 838 3253 sumptionem
865 3188 1126 3243 vestram,
1155 3192 1280 3248 quae
1306 3185 1393 3232 est
1416 3175 1738 3230 immundus
1777 3174 2003 3245 spiritus
2021 3216 2037 3241 ,

471 3281 528 3329 et
554 3273 828 3344 impurum
862 3270 1184 3328 amiculum.
1216 3267 1336 3323 Non
1361 3267 1591 3339 potestis
1621 3275 1804 3322 autem
1826 3265 1933 3322 alia
1955 3280 2046 3321 ra-

468 3365 622 3422 tione
641 3365 933 3436 deponere,
964 3360 1070 3417 nisi
1103 3359 1257 3430 prius
1289 3359 1343 3414 in
1375 3356 1537 3413 bonis
1580 3355 1891 3412 actionibus
1942 3355 2044 3410 ba-

468 3454 752 3532 ptizemini
780 3474 795 3511 :
830 3465 995 3525 atque
1044 3453 1119 3508 ita
1151 3450 1274 3523 puri
1303 3464 1533 3520 corpore
1553 3457 1609 3504 et
1648 3447 1832 3503 anima
1867 3446 2044 3503 eII‘ccti

469 3548 660 3605 futuro
706 3554 971 3617 perpetuo
997 3557 1170 3615 regno
1199 3540 1480 3597 fruemini.
1533 3538 1705 3611 Igitur
1748 3553 1849 3594 nec
1883 3538 2045 3601 idolis

471 3637 700 3704 credite,
722 3652 823 3691 nec
843 3650 1047 3692 mensae
1066 3649 1258 3689 eorum
1283 3632 1513 3702 impurae
1530 3629 1824 3701 participes
1845 3634 2042 3694 estote,

472 3741 584 3781 non
618 3725 873 3793 occidite,
916 3740 1024 3779 non
1072 3723 1399 3788 adulterata,
1444 3737 1554 3775 non
1603 3719 1729 3774 o'dio
1754 3717 2044 3788 prosequi-

471 3818 607 3873 mini
633 3830 775 3887 quos
803 3831 912 3870 non
941 3815 1116 3879 decet,
1152 3828 1261 3867 non
1290 3811 1491 3867 furtum
1520 3810 1703 3878 facite,
1727 3824 1904 3881 neque
1922 3824 2045 3864 om-

473 3907 606 3963 nino
633 3906 905 3976 capessite
936 3905 1046 3959 ulla
1094 3918 1261 3974 prava
1289 3901 1558 3958 facinora.
1591 3901 1854 3972 Alioquin
1897 3899 2046 3955 futu-

474 4013 664 4052 rorum
689 4013 787 4067 spe
816 3997 1012 4067 privati
1036 3996 1090 4050 in
1117 3995 1369 4065 prmseuti
1394 3994 1616 4064 quidem
1646 3994 1845 4049 saeculo
1871 4008 1901 4047 a
1928 4008 2046 4048 ma-

472 4091 544 4146 lis
564 4090 909 4146 daemonibus
939 4098 996 4146 et
1018 4104 1048 4143 a
1073 4089 1330 4161 gravibus
1359 4088 1569 4144 morbis
1597 4087 1953 4154 vexabimini,
1988 4086 2046 4140 in

471 4181 661 4239 futuro
688 4192 868 4238 autem
897 4182 1040 4253 ignis
1074 4181 1263 4236 tetcrui
1296 4180 1486 4237 feretis
1529 4179 1878 4249 supplicium.
1912 4176 2046 4245 Quae

471 4289 603 4347 ergo
650 4274 810 4329 hodie
836 4274 993 4330 vobis
1024 4272 1170 4331 dicta
1199 4282 1348 4339 sunt,
1389 4271 1677 4328 sulliciant.
1723 4269 1800 4326 De
1847 4280 2044 4327 ea:er

472 4367 569 4437 qui
593 4377 833 4422 vestrum
859 4365 1067 4423 morbis
1090 4364 1451 4430 alllictamiui,
1476 4364 1542 4421 ad
1570 4362 1936 4433 recipiendam
1959 4377 2043 4418 sa-

471 4461 699 4516 nitatem
727 4468 965 4527 manete,
993 4472 1063 4514 ex
1089 4458 1215 4514 aliis
1244 4472 1394 4527 vero,
1424 4456 1517 4527 (ιιιί
1547 4455 1734 4521 “nisi
1756 4470 1883 4513 cum
1908 4468 2041 4526 pm
2069 4480 2119 4542 Β

541 4790 731 4849 XXIV.
767 4791 893 4849 Iltec
920 4808 1044 4849 cum
1074 4791 1322 4857 dixisset,
1366 4803 1557 4846 omnes
1584 4796 2038 4860 permanserunt,

470 4887 563 4943 alii
593 4896 652 4941 ut
673 4895 1014 4952 curarentur,
1042 4885 1133 4941 alii
1164 4892 1225 4939 ut
1244 4884 1488 4938 viderent
1512 4898 1606 4938 eos
1630 4881 1723 4953 qui
1748 4882 2037 4939 sanitatem

470 4979 794 5049 reciperent.
841 4976 1034 5033 Petrus
1076 4985 1256 5031 autem
1286 4974 1554 5029 duntaxat
1599 4975 1885 5043 imponens
1926 4972 2041 5051 illis

470 5088 667 5129 manus
702 5081 756 5127 et
788 5079 1046 5143 precatus
1068 5068 1279 5126 sanavit
1304 5085 1317 5121 :
1343 5067 1500 5133 adeo,
1529 5075 1590 5121 ut
1610 5066 1704 5137 qui
1733 5065 1913 5122 subito
1935 5079 2034 5120 cu-

542 5199 570 5278 τ
599 5185 790 5242 Matth.
822 5200 911 5254 tv;
943 5183 1078 5241 Luc.
1105 5199 1183 5238 ιν.
1254 5182 1284 5224 ι
1312 5180 1506 5239 Matth.
1534 5197 1670 5237 χιιι.

2145 3096 2287 3151 θείου
2320 3099 2656 3171 Πνεύματος,
2694 3104 3031 3159 σπουδάσατε
3065 3105 3277 3179 πρῶτον
3311 3103 3725 3159 ὲκδύσασθαιτδ

2146 3188 2391 3262 ῥυπαρὸν
2440 3192 2595 3264 ὑμῶν
2652 3196 2971 3269 πρόλημμα,
3019 3196 3156 3270 ὅπερ
3202 3198 3349 3250 ἐστὶν
3413 3195 3726 3266 ἀκάθαρτον

2144 3283 2383 3356 πνεῦμα,
2413 3288 2506 3341 καὶ
2534 3288 2727 3361 μιαρὸν
2758 3290 3091 3365 περίϐλημα.
3125 3290 3295 3346 Τοῦτο
3327 3291 3384 3345 δὲ
3416 3289 3517 3344 οὐκ
3548 3288 3726 3350 ἄλλως

2136 3377 2516 3436 ἀποδύσασθαι
2560 3384 2808 3450 δύνασθε,
2860 3385 2957 3440 ἐὰν
3003 3386 3077 3459 μὴ
3115 3385 3379 3458 πρότερον
3409 3384 3501 3438 ἐπὶ
3528 3384 3725 3447 καλαῖς

2146 3473 2379 3546 πράξεσι
2403 3476 2752 3550 βαπτισθῆτεο
2781 3478 2874 3534 καὶ
2900 3475 3043 3535 οὕτω
3066 3479 3295 3553 καθαροὶ
3321 3476 3531 3550 σώματί
3548 3494 3607 3532 τε
3627 3478 3724 3533 καὶ

2143 3564 2286 3641 ψυχῇ
2321 3568 2598 3642 γενόμενοι
2629 3572 2729 3643 τῆς
2774 3571 3039 3645 ἐσομένης
3067 3574 3236 3628 ἀϊδίου
3267 3569 3544 3644 βασιλείας
3584 3571 3723 3623 ἀποτ-

2144 3661 2371 3716 λαύσετε
2391 3663 2457 3716 ’⁵.
2500 3664 2655 3735 Μήτε
2685 3659 2778 3717 οὗν
2807 3663 3046 3728 εἰδώλοις
3078 3662 3383 3729 πιστεύετε,
3416 3665 3551 3735 μήτε
3585 3680 3722 3735 τρα-

2145 3756 2317 3828 πέζης
2348 3757 2530 3822 αὐτοῖς
2562 3761 2867 3812 κοινωνεῖτε
2904 3759 3125 3832 μιαρᾶς,
3167 3759 3241 3830 μὴ
3274 3756 3592 3829 φονεύσητε,
3643 3756 3720 3830 μὴ

2149 3851 2449 3923 μοιχεύετε,
2478 3853 2551 3925 μὴ
2575 3852 2841 3925 μισήσητε
2862 3852 2956 3918 οὓς
2986 3854 3061 3926 μὴ
3078 3852 3307 3917 δίκαιον,
3334 3854 3407 3925 μὴ
3434 3850 3718 3916 κλέπτετε,

2149 3945 2283 4017 μηδὲ
2334 3947 2532 4009 κακαῖς
2554 3946 2599 3977 ⁸⁷
2647 3946 2790 3999 τισὶν
2841 3945 2979 4009 ὅλως
3027 3945 3290 4019 πράξεσιν
3339 3945 3717 4000 ἐπιϐάλλεσθε.

2159 4040 2312 4095 Ἐπεὶ
2329 4041 2437 4095 τῶν
2469 4038 2741 4111 ἐσομένων
2765 4037 2987 4108 ἀγαθῶν
3016 4037 3369 4110 στερηθέντες
3387 4038 3487 4111 τῆς
3508 4037 3721 4101 ἐλπίδος

2145 4134 2205 4187 ἐν
2237 4131 2335 4204 μὲν
2366 4131 2444 4204 τῷ
2473 4130 2700 4204 παρόντι
2729 4131 2833 4185 ὑπό
2855 4148 2915 4183 τε
2948 4130 3133 4185 κακῶν
3156 4129 3422 4201 δαιμόνων
3453 4130 3547 4184 καὶ
3567 4130 3722 4201 χαλε-

2147 4225 2264 4281 πῶν
2296 4224 2633 4297 παθημάτων
2670 4222 3150 4296 συνελασθήσεσθε,
3185 4223 3242 4277 ἐν
3270 4222 3327 4276 δὲ
3366 4222 3445 4294 τῷ
3477 4223 3726 4295 ἐσομένῳ

2146 4317 2305 4372 αίῶνι
2331 4317 2485 4389 ἀϊδίῳ
2515 4315 2912 4389 κολασθήσεσθε
2934 4315 3085 4389 πυρί.
3120 4314 3203 4369 Τὰ
3232 4316 3329 4386 μὲν
3355 4310 3447 4369 οὖν
3478 4316 3723 4387 σήμερον

2148 4411 2275 4483 ὑμῖν
2323 4408 2552 4483 ρηθέντα
2594 4408 2883 4482 αὐτάρκως
2925 4407 3058 4479 ἔχει.
3099 4408 3300 4462 Λοιπὸν
3341 4408 3421 4472 δέ,
3467 4407 3621 4478 ὑμῶν
3665 4409 3717 4461 οε

2272 4506 2318 4538 ’³
2352 4504 2457 4559 ὐπὸ
2500 4504 2840 4574 παθημάτων
2883 4490 3197 4573 ὀχλούμενοι
3244 4501 3381 4571 πρὸς
3424 4500 3525 4573 τὴν
3574 4500 3718 4554 τασιν

2147 4596 2542 4671 παραμείνατε,
2576 4596 2683 4652 τῶν
2714 4596 2769 4650 δὲ
2801 4595 2975 4651 ἄλλων
3002 4596 3052 4648 οἱ
3086 4593 3396 4666 βουλόμενοι
3421 4597 3535 4666 μετ’
3564 4595 3719 4667 εἰρή-

2146 4708 2243 4764 νης
2272 4688 2586 4762 πορεύεσθε.

2217 4783 2406 4838 XXIV.
2436 4781 2621 4839 Ταῦτα
2660 4780 2824 4837 αὐτοῦ
2851 4781 3093 4845 εἰπόντος
3122 4781 3172 4834 oi
3213 4779 3414 4844 πάντες
3445 4780 3716 4853 παρέμει-

2147 4890 2262 4943 ναν,
2295 4877 2344 4929 οἱ
2380 4877 2477 4949 μὲν
2508 4874 2603 4930 τοῦ
2629 4874 3025 4948 θεραπευθῆναι
3056 4874 3236 4946 χάριν,
3273 4874 3325 4927 ot
3357 4874 3413 4928 δὲ
3446 4874 3540 4928 τοῦ
3575 4877 3719 4928 ἱστο-

2149 4970 2308 5044 ρῆσαι
2357 4972 2483 5034 τοὺς
2530 4968 2630 5042 τῆς
2680 4967 2975 5041 θεραπείας
3026 4967 3503 5038 ἐπιτυγχάνοντας.
3562 4966 3620 5021 Ὀ
3658 4966 3717 5019 δὲ

2139 5063 2347 5136 Πέτρος
2389 5063 2489 5129 τὰς
2526 5064 2714 5136 χεῖρας
2745 5063 2926 5126 αὐτοῖς
2959 5058 3168 5124 ἐπιθεὶς
3217 5059 3375 5118 μόνον
3425 5060 3519 5115 καὶ
3550 5058 3715 5126 εὐξά-

1770 5292 2005 5349 VARLE
2037 5290 2441 5349 LECTIONES.

547 5395 591 5434 ⁸⁸
611 5394 908 5466 δεδομένων
954 5391 1011 5466 in
1057 5400 1192 5466 text,
1228 5388 1409 5466 recepi
1432 5385 1580 5466 c._O.
1657 5386 1700 5425 ¹⁷
1723 5385 1874 5466 αὐτνῷ
1911 5384 2241 5466 uon_legitur
2271 5385 2325 5466 iu
2565 5381 2703 5438 Tum
2731 5380 2866 5466 fort.
2898 5380 3004 5463 leg.
3032 5376 3117 5466 ἐτι
3130 5394 3227 5466 ίτικ
3249 5375 3705 5466 Ῠροίιιιιςεράιιοιι

469 5448 806 5534 rectevvertit
846 5462 1208 5534 oppignerauit
1252 5470 1309 5516 et
1354 5448 1418 5513 ub
1476 5448 1985 5534 ipso_tradi_to'rum.
2023 5448 2246 5534 vertere
2294 5454 2525 5534 debebat
2548 5472 2569 5534 _:
2621 5448 3149 5534 gppigperevisse‘t‘et
3206 5448 3327 5534 ipsi
3349 5448 3700 5534 traditarum.

472 5516 822 5599 ίῖ
854 5516 1201 5601 ᾇηίιῖίιῖιιιινα.
1244 5546 1355 5586 sec.
1410 5516 1559 5601 man.
1583 5526 1730 5601 ’ἴσως
1754 5525 2012 5601 εὐσεϐῶν.
2092 5524 2136 5601 ίξ
2162 5525 2258 5601 καὶ
2289 5516 2699 5601 ﬂamonia:
2740 5516 2946 5601 ί²⁰¹τοῖς
2976 5518 3260 5601 μέλλουσὲγ
3425 5518 3471 5601 ’ξ
3501 5517 3607 5601 ὐλπό
3635 5516 3704 5572 Ο.

469 5608 517 5640 ²¹
546 5606 644 5677 οὐχ
671 5606 795 5661 add.
844 5620 894 5660 c.
925 5602 993 5660 Ο.
1046 5603 1111 5677 _’_’
1135 5600 1321 5677 κακῶν
1367 5601 1462 5677 καὶ

470 5660 805 5747 conjectura,
836 5683 1015 5747 textus
1036 5672 1097 5731 Ci
1146 5671 1447 5727 ἐϐούλεσθε.
1525 5660 1570 5708 ⁸⁸
1593 5667 1667 5725 Ita
1693 5664 1739 5723 Ο
1784 5675 1837 5729 et
1858 5660 2028 5739 'Ept't.
2061 5681 2112 5727 c.
2141 5668 2199 5737 4,
2250 5660 2598 5737 ἀπολαύσητε
2636 5662 2698 5721 C.

469 5743 702 5805 accessit
747 5760 814 5801 ex
863 5743 930 5800 0.

1650 5587 1930 5667 ’δςείσάγει
1963 5595 2026 5650 C.
2106 5595 2153 5636 ’⁵
2185 5598 2233 5652 εί
2264 5587 2540 5667 βούλεσθε
2577 5587 2675 5667 0Δ
2697 5600 2751 5650 et
2801 5587 3123 5667 (secundum
3180 5587 3481 5667 clericum)
3514 5587 3564 5667 C_
3634 5603 3705 5667 ex

2832 5666 2850 5697 ⁷
2881 5662 2958 5734 μὴ
2984 5659 3269 5723 δαιασταῖς
3291 5655 3357 5714 0.
3435 5655 3482 5691 ’δ
3514 5659 3567 5711 oi
3600 5657 3709 5728 μὲν
