4084 6148
350 314 449 370 2M

1421 310 1882 369 CLEMENTINA.
1918 343 1986 354 ——
2025 303 2312 367 HOMILIA
2351 296 2460 363 IX.

3493 313 3600 368 242

349 447 510 502 μενος
548 428 759 483 ἰάσατο·
795 427 871 492 ὡς
901 428 1028 490 τοὺς
1056 427 1154 498 μὲν
1189 427 1534 499 παραχρῆμα
1571 427 1934 500 θεραπευθέν-

2037 429 2139 483 rati
2182 427 2422 492 fuerant,
2467 425 2798 492 lzetarentur,
2838 425 2933 496 qui
2973 434 3155 483 autem
3191 427 3458 497 viderant,
3487 444 3602 485 ma-

343 539 444 586 τας
471 521 725 590 γενέσθαι
759 522 1094 592 περιχαρεῖς,
1125 520 1253 584 τοὺς
1271 519 1328 573 δὲ
1354 521 1744 591 ἱστορήσαντας
1765 522 1929 594 ὑπερ-

345 614 626 685 θαυμάσαι
656 631 716 666 τε
745 614 838 666 καὶ
866 612 1291 684 εὐφημήσαντας
1329 613 1421 666 τὸν
1453 613 1588 667 Θεὸν
1614 613 1808 686 βεϐαίᾳ
1850 614 1930 667 ὲλ-

343 707 462 761 πίδι
489 705 796 768 πιστεῦσαι,
829 706 946 775 ἅμα
977 722 1038 759 τε
1069 708 1185 770 τοῖς
1204 706 1248 737 ’³
1277 705 1696 777 θεραπευθείσιν
1738 707 1832 761 ἐπὶ
1857 707 1930 762 τά

346 799 556 853 ἑαυτῶν
601 798 843 861 ἀπιέναι,
884 796 1102 870 ἐντολὴν
1151 798 1308 868 197
1355 799 1578 870 ἔχοντας
1626 801 1929 871 πρωίτερον

343 896 412 965 τῇ
445 892 702 964 ὑστεραίᾳ
736 890 1031 944 συνελθεῖν.
1086 891 1457 946 Ἀπελθόντων
1487 892 1545 946 δὲ
1578 892 1780 957 αὐτῶν,
1812 894 1930 947 ἐκεῖ

347 987 542 1055 μείνας
575 984 605 1034 6
635 983 842 1053 Πέτρος
868 981 1006 1053 μετά
1037 982 1147 1036 τῶν
1168 982 1216 1015 ³ο
1242 982 1511 1055 συνήθων,
1535 985 1740 1055 τροφῆς
1763 1001 1929 1054 μεταο

343 1076 520 1130 λαϐὼν
542 1075 863 1128 διανέπαυεν
896 1073 1090 1128 ἑαυτὸν
1115 1073 1196 1144 τῷ
1221 1074 1390 1145 ὕπνῳ.

960 1259 1220 1315 ὍΜΙΛῙΑ
1249 1259 1326 1314 Θ’.

414 1354 454 1409 Ι.
491 1355 568 1426 Τῇ
604 1353 702 1426 μὲν
723 1351 817 1409 οὖν
838 1353 1142 1430 ³¹νὲπιούσῃ
1171 1351 1357 1423 ἡμέρα
1383 1353 1411 1405 6
1440 1351 1650 1421 Πέτρος
1681 1349 1798 1422 ἅμα
1815 1353 1928 1415 τοῖς

345 1443 576 1518 ἑταίροις
595 1444 753 1512 ἐξιὼν
784 1445 881 1498 κα)⁸
911 1444 1002 1497 ἐπὶ
1034 1443 1126 1498 τὸν
1155 1444 1261 1514 πρὸ
1293 1446 1422 1514 μιᾶς
1452 1445 1615 1497 τόπον
1637 1442 1805 1498 ἐλθὼν
1833 1447 1927 1500 καὶ

345 1537 570 1601 ἐπιστὰς
595 1536 797 1608 ἤρξατο
812 1536 1014 1606 λέγειν·
1035 1535 1234 1600 ὉΘεὸς
1262 1537 1394 1600 τοὺς
1414 1536 1582 1590 πάλαι
1609 1536 1929 1609 ἀνθρώπους

345 1630 716 1702 ἀσεϐήσαντας
760 1629 968 1690 πάντας
1005 1626 1159 1681 ῦδατι
1209 1627 1564 1699 διαφθείρας,
1606 1629 1671 1682 ὲκ
1709 1629 1928 1683 πάντων

353 1719 449 1774 ἕνα
470 1720 674 1790 εὐσεϐῆ
693 1718 892 1791 εὑρὼν,
922 1721 981 1772 ὲν
1029 1719 1260 1791 λάρνακι
1313 1719 1450 1790 μετά
1489 1720 1657 1790 τριῶν
1688 1721 1852 1775 αὑτοῦ
1879 1721 1926 1753 ³⁸

345 1812 477 1865 υἱῶν
501 1814 595 1866 καὶ
621 1811 896 1880 γυναικῶν
926 1809 1166 1882 σωθῆναι
1194 1813 1466 1882 ἐποίησεν.
1507 1812 1668 1866 Ὅθεν
1698 1814 1930 1867 συνιδεῖν
1962 1797 2003 1852 Β

344 1901 491 1955 ἐστιν
525 1902 688 1956 αὐτοῦ
720 1904 820 1976 τὴν
849 1903 1010 1972 φύσιν
1031 1943 1046 1969 ,
1082 1903 1241 1975 ὄχλου
1283 1904 1382 1976 μὲν
1407 1905 1748 1960 ἀσεϐούντων
1776 1906 1850 1977 μὴ
1885 1906 1930 1938 ⁸³

344 1993 732 2066 φροντίζουσαν
753 2034 769 2061 ,
803 1996 923 2060 ἐνὸς
952 1995 1011 2049 δὲ
1059 1995 1319 2060 εὐσεϐοῦς
1353 1997 1627 2068 σωτηρίας
1661 1997 1760 2052 οὐκ
1791 1999 1930 2069 ἀμεέ

343 2086 561 2142 λοῦσαν.
611 2088 808 2143 Πασῶν
843 2083 938 2143 οῦν
970 2087 1170 2161 μείζων
1217 2089 1263 2122 ³⁸
1302 2089 1454 2143 ἐστὶν
1487 2089 1713 2144 ἀσέϐεια
1742 2090 1805 2144 τὸ
1839 2090 1932 2145 τὸν

349 2181 507 2250 μόνον
538 2181 755 2236 πάντων
787 2181 1191 2250 καταλείψαντα
1216 2181 1514 2253 Δεσπότην,
1549 2181 1778 2246 πολλοὺς
1805 2183 1934 2246 τοὺς

344 2274 443 2326 οὐκ
474 2273 634 2337 ὄντας
659 2274 734 2337 ὡς
758 2273 920 2336 ὄντας
957 2273 1005 2305 ⁸³
1032 2272 1213 2326 σέϐειν
1243 2271 1418 2336 θεούς.

416 2365 478 2420 ΙΙ.
525 2366 650 2420 Ἐὰν
679 2361 772 2420 οὖν
803 2365 960 2438 (ἐμοῦ
991 2367 1120 2437 ὑμῖν
1155 2365 1532 2437 ὑφηγουμένου
1563 2366 1659 2419 καὶ
1689 2365 1934 2421 δεικνύν-

343 2476 458 2524 τος,
487 2460 570 2512 ὃτι
591 2459 750 2512 τοῦτό
785 2459 901 2512 ἐστι
929 2458 990 2511 τὸ
1027 2457 1282 2528 μέγιστον
1310 2457 1635 2530 ἁμάρτημα,
1665 2457 1695 2510 ὃ
1727 2458 1934 2521 πάντας

347 2552 494 2622 ὑμᾶς
524 2551 790 2604 ἀπολέσαι
833 2550 1076 2620 δύναται)
1123 2551 1215 2603 τὸν
1265 2550 1529 2621 ὑμέτερον
1561 2551 1853 2625 ὑποδράμῃ
1889 2550 1932 2582 ³⁸

343 2643 489 2705 νοῦν,
532 2643 614 2696 ὅτι
656 2643 755 2696 οὐκ
785 2641 1107 2706 ἀπόλλυσθε,
1152 2641 1336 2696 πολλοὶ
1377 2641 1531 2706 ὄντες
1576 2642 1756 2713 ὄχλοι,
1790 2644 1935 2713 ἡπά-

343 2735 530 2806 τησθεο
566 2734 719 2805 ἔχετε
748 2734 861 2806 γὰρ
885 2734 980 2788 τοῦ
1011 2733 1178 2789 πάλαι
1211 2734 1701 2800 κατακλυσθέντος·
1723 2736 1930 2807 κόσμου

345 2827 406 2880 τὸ
460 2827 791 2898 ὁπόὸειγμαζ
841 2828 1021 2881 καίτοι
1076 2827 1302 2883 ἐκείνων
1358 2828 1458 2899 μὲν
1517 2829 1580 2882 τὸ
1627 2829 1932 2901 ἁμάρτημα

347 2903 481 2973 πολὺ
499 2912 660 2991 ἦττον
688 2914 757 2991 ἦν
773 2920 866 2974 τοῦ
894 2918 1016 2973 καθ’
1045 2919 1208 2991 ὑμᾶς.
1255 2919 1483 2974 Ἐκεῖνοι
1515 2920 1624 2992 γὰρ
1657 2922 1738 2985 εις
1770 2921 1934 2993 198

345 3011 473 3074 τοὺς
503 3011 718 3082 ὁμοίους
751 3012 794 3043 ⁸⁷
829 3011 1080 3082 ἠσέϐουν,
1105 3012 1138 3077 ἢ
1161 3011 1532 3084 φονεύοντεςῆ
1565 3012 1928 3084 μοιχεύοντες⁶

2033 535 2273 591 gnopere
2305 519 2660 583 mirarentur,
2692 517 2965 588 simulque
2995 520 3281 577 laudarent
3311 521 3514 588 Deum,
3536 538 3601 578 ac

2032 613 2189 667 ﬁrma
2224 626 2320 681 spe
2345 610 2651 676 crederent,
2685 618 2848 680 atque
2879 626 2985 664 una
3020 626 3145 665 cum
3186 613 3254 669 iis
3283 615 3379 684 qui
3422 615 3600 671 sanati

2031 702 2268 766 fuerant,
2297 702 2366 757 ad
2395 714 2494 756 sua
2520 700 2754 765 abirent,
2793 700 3050 756 mandato
3073 713 3316 773 accepto,
3343 714 3403 762 ut
3426 715 3604 764 matu-

2031 795 2150 850 rius
2181 793 2446 866 postridie
2476 791 2856 848 convenirent.
2890 792 3139 862 Cumque
3185 795 3598 866 discessissent,

2030 884 2106 940 ibi
2136 899 2366 938 manens
2386 881 2580 936 Petrus
2606 896 2714 935 una
2739 895 2864 937 cum
2889 880 3276 949 familiaribus,
3304 886 3426 942 cibo
3450 903 3601 943 sum:-

2031 985 2147 1045 pto,
2175 989 2234 1031 se
2263 988 2459 1030 somno
2487 971 2694 1027 refecit.
3215 971 3221 977 '

2609 1268 2895 1324 llOMILlA
2926 1269 3014 1324 IX.

2101 1364 2143 1420 Ι.
2179 1363 2438 1433 Sequenti
2483 1363 2701 1432 quidem
2733 1362 2821 1416 die
2860 1362 3054 1416 Petrus
3092 1376 3200 1415 una
3245 1375 3370 1416 eum
3402 1359 3606 1415 sodali-

2030 1457 2136 1523 bus
2181 1470 2440 1526 egressus
2468 1463 2522 1509 et
2554 1453 2620 1508 ad
2652 1453 2830 1508 locum
2863 1453 3217 1523 praecedentis
3245 1451 3352 1506 diei
3382 1452 3608 1506 veniens

2031 1562 2095 1602 ac
2141 1546 2452 1602 consistens
2504 1546 2670 1614 erepit
2712 1545 2896 1600 dicere
2945 1544 3142 1599 :Deus
3187 1543 3438 1598 homines
3473 1542 3611 1605 olim

2033 1640 2233 1710 impios
2273 1646 2504 1694 cunctos
2554 1653 2680 1692 cum
2733 1652 2831 1706 per
2881 1651 3079 1708 aquam
3132 1635 3485 1705 perdidisset,
3543 1650 3608 1687 ac

2032 1747 2202 1786 unum
2253 1746 2320 1786 ex
2371 1731 2630 1786 omnibus
2665 1729 2814 1800 pium
2853 1728 3185 1793 invenisset,
3229 1728 3282 1782 in
3324 1742 3448 1781 arca
3477 1741 3615 1781 eum

2033 1839 2161 1878 cum
2205 1823 2382 1881 tribus
2425 1823 2552 1878 ﬁliis
2592 1830 2648 1877 et
2687 1837 2879 1877 eorum
2916 1821 3181 1876 uxoribus
3215 1820 3424 1875 salvum
3459 1817 3603 1873 fecit.

2034 1909 2188 1968 Unde
2216 1923 2440 1982 apparet
2457 1912 2645 1967 divina
2670 1919 2885 1977 natura,
2918 1927 3040 1981 quae
3065 1910 3360 1980 impiorum
3385 1907 3608 1979 quidem

2033 2002 2260 2073 Iegligit
2297 2002 2730 2068 multitudinem,
2760 2002 2926 2057 unius
2960 2016 3092 2056 vero
3132 2000 3204 2071 pii
3237 2001 3467 2055 salutem
3497 2013 3618 2052 nou

2033 2092 2286 2163 despicit.
2340 2093 2676 2148 Cunctarum
2731 2106 2862 2164 ergo
2919 2091 3158 2147 maxima
3193 2098 3276 2145 est
3329 2088 3611 2159 impietas,

2035 2185 2214 2241 solum
2247 2183 2494 2239 omnium
2521 2184 2804 2239 dominum
2837 2183 3168 2253 relinquere,
3201 2178 3258 2236 et
3290 2181 3493 2236 multos
3513 2181 3612 2250 qui

2034 2290 2142 2330 non
2171 2284 2320 2340 sunt,
2354 2274 2515 2344 quasi
2545 2275 2690 2343 sint,
2721 2276 2854 2330 deos
2888 2276 3164 2329 venerari.
3493 2337 3502 2342 η

2104 2367 2168 2422 ll.
2205 2366 2268 2423 Si
2297 2382 2428 2439 ergo
2465 2369 2617 2440 (dum
2648 2369 2804 2424 vobis
2826 2383 3024 2424 enarro
3044 2384 3110 2422 ac
3132 2369 3383 2435 ostendo,
3410 2369 3459 2424 id
3486 2383 3613 2423 ma-

2034 2459 2243 2512 ximum
2273 2473 2394 2513 esse
2424 2468 2728 2528 peccatum,
2761 2457 2908 2527 quod
2932 2472 3030 2511 vos
3053 2472 3245 2512 oinnes
3274 2458 3447 2527 possit
3483 2473 3607 2527 per-

2035 2551 2184 2621 dere)
2219 2560 2412 2606 vestrae
2449 2551 2620 2606 menti
2665 2551 2972 2615 subveniat,
3011 2565 3108 2605 vos
3149 2566 3258 2604 non
3313 2551 3610 2620 perituros,

2034 2644 2162 2714 quia
2206 2644 2427 2713 plurimi
2473 2643 2627 2709 estis,
2663 2642 2860 2698 erratis
2891 2660 2907 2709 ;
2945 2643 3159 2696 habetis
3194 2643 3393 2711 quippe
3423 2643 3610 2697 mundi

2035 2735 2167 2790 olim
2201 2736 2406 2790 diluvio
2453 2735 2708 2791 inundati
2753 2735 3101 2805 exemplum;
3148 2744 3201 2790 et
3229 2751 3358 2789 vero
3388 2735 3610 2790 illorum

2036 2839 2320 2900 peccatum
2353 2830 2526 2884 multo
2559 2840 2680 2883 erat
2711 2829 2892 2883 minus
2917 2837 3119 2884 vestro.
3171 2827 3254 2882 llli
3291 2844 3528 2899 namque
3555 2829 3612 2883 in

2034 2937 2195 2995 pares
2235 2923 2400 2992 impie
2429 2937 2489 2978 se
2515 2928 2822 2991 gesserunt,
2861 2929 2956 2974 aut
2979 2919 3300 2988 occidendo,
3330 2929 3428 2974 aut
3453 2920 3611 2974 adul-

2035 3013 2301 3070 terando:
2338 3027 2436 3068 vos
2463 3021 2646 3067 autem
2691 3011 2745 3066 in
2770 3010 3016 3066 omnium
3060 3009 3231 3066 Deum
3270 3012 3403 3067 estis
3433 3012 3607 3081 impii,

348 3103 506 3173 ὑμεῖς
534 3103 592 3156 δὲ
624 3103 704 3166 εἰς
735 3103 826 3157 τὸν
857 3103 966 3156 τῶν
993 3104 1130 3158 ὅλων
1163 3104 1410 3158 ἀσεϐεῖτε
1439 3104 1593 3170 Θεὸν,
1628 3106 1743 3158 ἀντ’
1765 3105 1930 3159 αὐτοῦ

2034 3122 2134 3178 pro
2163 3121 2230 3162 eo
2273 3105 2356 3162 vel
2377 3121 2502 3161 cum
2534 3119 2602 3160 eo
2632 3104 2876 3160 inanima
2912 3103 3490 3169 coientessimulacra,
3521 3119 3610 3157 sa-

347 3192 382 3264 ἢ
411 3194 507 3246 καὶ
548 3194 645 3248 σὺν
690 3193 839 3266 αὐτῷ
887 3194 1070 3266 ἀψυχα
1109 3195 1399 3268 ἀγάλματα
1447 3196 1713 3263 σέϐοντες,
1747 3199 1839 3252 καὶ
1869 3199 1931 3252 τὺ

349 3284 490 3337 θεῖον
540 3283 704 3338 αὑτοῦ
766 3285 939 3357 ὄνομα
998 3287 1148 3359 πάσῃ
1210 3287 1522 3360 ἀναισθήτῳ
1565 3289 1666 3362 ὕλῃ
1711 3291 1932 3363 ἐπιρρι-

346 3374 568 3445 ψαντες.
602 3377 826 3448 Πρῶτον
867 3377 966 3450 μὲν
996 3374 1092 3433 οῦν
1136 3378 1587 3452 δεδυστυχήκατε,
1625 3381 1698 3452 μὴ
1728 3384 1931 3454 γνωρί-

351 3486 544 3533 σαντες
572 3471 672 3542 τὴν
714 3469 978 3542 διαφορὰν
1008 3471 1108 3547 τὴν
1143 3471 1345 3542 μεταξὺ
1381 3473 1677 3544 μοναρχίας
1713 3475 1807 3528 καὶ
1835 3491 1932 3529 πο·-

347 3559 628 3632 λυαρχίας,
661 3563 745 3616 eu
779 3565 813 3636 ἡ
845 3563 942 3634 μὲν
959 3563 1222 3636 μοναρχία
1243 3563 1353 3636 (-15)
1370 3565 1617 3636 ὁμονοίας
1647 3567 1762 3620 ἐστὶ
1793 3585 1933 3638 παρ-

349 3655 572 3724 εκτικὴ,
619 3657 653 3726 ἡ
696 3655 753 3708 δὲ
788 3655 1090 3727 πολυαρχία
1120 3655 1371 3726 πολέμων
1415 3655 1795 3730 ὲξεργαστική.
1857 3659 1932 3711 Τὸ

348 3744 458 3818 γάρ
485 3747 542 3799 ἓν
567 3746 744 3819 ἑαυτῷ
767 3747 828 3800 οὐ
854 3747 1086 3819 μάχεται
1108 3787 1124 3812 ,
1143 3747 1217 3802 τὰ,
1241 3747 1299 3801 δὲ
1323 3747 1492 3801 πολλά
1513 3749 1784 3822 πρόφασιν
1818 3749 1937 3822 ἔχει

350 3838 449 3909 τὴν
482 3839 528 3872 ³⁸
553 3839 689 3910 πρὸς
719 3839 905 3912 ἕτερον
943 3840 1121 3914 μάχην
1153 3841 1474 3911 ἐπιχειρεῖν.

422 3929 510 3985 111.
544 3932 752 3986 Αὐτίκα
782 3933 935 4002 γοῦν,
960 3933 1123 3997 εὐθὺς
1156 3933 1200 3966 ³⁹
1237 3933 1374 4004 μετά
1404 3935 1496 3988 τὸν
1529 3933 1930 4006 κατακλυσμὸν,

351 4027 381 4078 6
410 4025 532 4078 Νῶε
565 4024 852 4097 τριακόσια
874 4026 972 4082 καὶ
1007 4025 1343 4098 πεντήκοντα
1375 4025 1639 4100 ἐπιζήσας
1666 4026 1760 4103 ἔτη
1796 4028 1938 4102 μετά

350 4116 462 4170 τῶν
494 4117 552 4185 ἐξ
585 4119 749 4172 αὑτοῦ
781 4119 1088 4192 γενομένων
1121 4120 1292 4191 ὄχλων
1324 4121 1382 4173 ὲν
1413 4121 1635 4192 ὁμονοίᾳ
1676 4122 1930 4187 διετέλει,

352 4208 446 4262 τοῦ
483 4210 646 4279 μόνου
679 4210 812 4264 Θεοῦ
845 4213 968 4266 κατ’
991 4212 1174 4265 εἰκόνα
1203 4212 1452 4284 ὑπάρξας
1480 4213 1752 4283 βασιλεύς.
1778 4215 1934 4270 Μετά

351 4301 412 4354 δὲ
443 4300 542 4373 τὴν
564 4301 727 4355 αὐτοῦ
760 4303 1018 4374 τελευτὴν
1040 4303 1228 4358 πολλοὶ
1247 4305 1354 4359 τῶν
1384 4305 1440 4372 ἐξ
1469 4305 1636 4360 αὑτοῦ
1657 4306 1934 4376 βασιλείας

351 4395 704 4467 ὠρέχθησαν,
770 4397 865 4450 καὶ
912 4397 1048 4468 πρὸς
1115 4395 1178 4450 τὸ
1237 4396 1551 4467 βασιλεῦσαι
1616 4397 1935 4463 σπεύδοντες

351 4488 416 4541 τὸ
448 4489 566 4553 πῶς
599 4488 849 4562 δυνηθείη
880 4490 1110 4553 ἕκαστος
1150 4491 1379 4544 ἐπενόει.
1421 4492 1532 4544 Καὶ
1572 4492 1602 4543 6
1645 4491 1744 4562 μὲν
1776 4491 1934 4546 πολέ-
1965 4479 2009 4534 Ῑ)

357 4597 463 4650 μῳ,
490 4581 648 4644 ἄλλος
679 4581 853 4652 δόλῳ,
897 4581 1083 4653 ἕτερος
1115 4581 1292 4636 πειθοῖ
1325 4582 1393 4647 ⁸ο,
1420 4584 1514 4636 καὶ
1545 4583 1702 4648 ἄλλος
1735 4583 1932 4650 ἄλλως,

353 4667 428 4728 ὧν
447 4667 528 4736 εἷς
555 4691 640 4737 τις
659 4673 767 4727 ἀπὸ
797 4673 986 4742 γένους
1011 4671 1088 4727 ὢν
1125 4673 1283 4744 Χάμ,
1308 4673 1393 4728 ⁴δοῦ
1427 4677 1748 4746 ποιήσαντος
1775 4675 1868 4730 τὸν
1889 4677 1934 4708 “

428 4797 454 4825 α
484 4785 620 4841 Gen.
648 4801 724 4852 Ix,
748 4784 839 4840 9.8.

2035 3213 2301 3268 eruntque
2325 3197 2444 3266 ejus
2480 3210 2678 3250 nomen
2715 3195 3064 3265 projicientes
3096 3193 3166 3249 ad
3193 3209 3409 3249 omnem
3441 3209 3608 3249 sensu

2035 3299 2309 3346 carentem
2354 3287 2661 3343 materiam.
2711 3285 2898 3341 Primo
2928 3286 3110 3354 itaque
3140 3285 3429 3339 infeliciter
3452 3285 3607 3339 vobis

2035 3382 2220 3447 cessit,
2264 3381 2409 3451 quod
2453 3379 2810 3435 diﬁerentiam
2855 3378 2997 3432 inter
3031 3377 3193 3432 unius
3217 3392 3281 3431 ac
3310 3377 3608 3431 multorum

2036 3473 2398 3545 principatum
2445 3471 2727 3543 ignoratis,
2764 3469 3043 3540 quoniam.
3069 3468 3232 3522 unius
3275 3467 3610 3538 principatus

2035 3566 2341 3622 concordia:
2388 3563 2658 3619 faciendae-
2700 3562 2808 3616 vim
2862 3561 3046 3624 habet,
3103 3561 3443 3631 principatus
3481 3575 3611 3614 vero

2037 3657 2329 3712 multorum
2378 3656 2600 3712 eﬁector
2651 3654 2919 3709 bellorum
2971 3661 3073 3708 est.
3128 3652 3283 3719 Quod
3332 3653 3478 3707 enim
3528 3661 3614 3707 est

2037 3770 2232 3821 unum,
2252 3767 2435 3808 secum
2455 3766 2567 3806 non
2596 3746 2828 3820 pugnat;
2859 3762 2980 3819 quae
2997 3762 3126 3801 vero
3148 3754 3275 3800 sunt
3305 3745 3498 3826 multa,
3521 3759 3614 3799 oc:

2035 3847 2312 3902 casionem
2348 3843 2549 3899 habent
2573 3856 2633 3898 se
2666 3840 2897 3896 invicem
2921 3837 3267 3910 aggrediendi
3293 3836 3608 3891 certamine.

2106 3957 2192 4013 Ill.
2244 3955 2439 4012 Statim
2472 3959 2655 4025 itaque
2694 3961 2816 4026 post
2861 3951 3128 4008 diluvium
3169 3947 3284 4006 Noe
3312 3951 3473 4007 annis
3503 3961 3613 4006 tre—

2035 4051 2208 4109 centis
2247 4059 2302 4105 et
2347 4047 2742 4120 quinquaginta
2807 4053 3087 4116 superstes
3127 4055 3152 4084 α
3198 4043 3252 4098 in
3314 4043 3610 4104 concordia

2035 4159 2163 4204 cum
2195 4141 2431 4196 ﬁliorum
2471 4140 2610 4195 vixit
2642 4135 3011 4202 multitudine,
3058 4133 3271 4203 fuitque
3298 4133 3472 4189 solius
3514 4132 3611 4188 Dei

2034 4241 2102 4295 ad
2141 4233 2434 4309 imaginem
2482 4245 2599 4291 rex.
2636 4227 2769 4284 Post
2811 4234 3040 4281 mortem
3082 4239 3213 4279 vero
3257 4222 3404 4279 illius
3452 4222 3613 4276 multi

2035 4342 2378 4405 posterorum
2411 4342 2638 4401 regnum
2663 4319 3028 4398 oppetierunt,
3061 4328 3116 4378 et
3143 4315 3406 4394 regnandi
3428 4312 3612 4368 studio

2037 4423 2415 4495 unusquisque
2437 4417 3001 4508 modumexcogitavit
3023 4431 3133 4486 quo
3155 4421 3340 4487 posset
3356 4423 3606 4486 regnare.

2038 4515 2134 4572 l-lle
2189 4515 2410 4586 quidem
2457 4505 2621 4578 bello,
2664 4509 2805 4566 alius
2830 4509 2977 4576 dolo,
3021 4510 3158 4564 alter
3194 4508 3364 4563 suada
3393 4516 3448 4562 et
3469 4505 3609 4561 alius

2038 4609 2216 4664 aliter.
2241 4606 2285 4660 E
2313 4605 2517 4676 quibus
2544 4618 2689 4659 unus
2710 4602 2921 4680 exstitit
2947 4599 3016 4656 de
3045 4613 3240 4670 genere
3264 4597 3478 4663 Chami,
3509 4612 3609 4666 pa-

2040 4701 2137 4755 tris
2183 4697 2497 4764 Mesraimi,
2550 4710 2616 4750 ex
2685 4709 2797 4766 quo
2865 4679 3158 4748 Mesrainto
3230 4688 3610 4760 Egyptiorum

1650 4877 1887 4934 νΑιυιΕ
1925 4863 2325 4934 LECTtoNEs.

438 4968 484 5008 ὀ
509 4967 583 5023 Ita
624 4967 708 5032 S,

660 4996 708 5049 ι,
761 4969 980 5056 ϐεϐαίας
1003 4967 1214 5056 EVM-ciae?
1247 4969 1544 5056 magsguv,
1577 4970 1715 5056 ’άμα
1745 4973 1857 5056 τοῖς
1897 4971 1938 5027 C
1969 5011 1984 5036 ,
2013 4968 2236 5056 βεϐαίας
2267 4968 2455 5056 ’ἑλπίδι
2477 4967 2773 5056 πιστεόειν,
2806 4966 2921 5056 ἤμει
2953 4966 3066 5028 τοῖς
3096 4961 3161 5056 (ξῖ

358 5053 412 5107 p.
437 5039 595 5163 ίμεεξὰ
617 5039 725 5092 τῶν
762 5035 836 5096 ’(Σ.
913 5041 956 5073 ³³
984 5037 1079 5094 οὖν
1104 5041 1229 5095 add.
1254 5055 1306 5097 c.
1333 5039 1541 5094 0.Tum
1577 5035 1650 5095 id.
1686 5042 1935 5113 ἑταίροιςἸ

358 5125 409 5161 c.
489 5149 502 5163 .
563 5109 664 5162 ὀὐ
687 5107 751 5163 Ο.
828 5111 872 5142 ³⁸
897 5109 972 5163 Ita
995 5109 1040 5163 Ο
1095 5127 1145 5163 c.
1175 5109 1214 5163 S
1243 5151 1259 5163 .
1297 5110 1476 5163 μεῖζον
1497 5110 1560 5163 C.
1638 5110 1684 5144 ³⁵
1711 5111 1852 5163 Vbb.
1878 5111 1935 5163 (in

2034 5041 2165 5110 ;legi
2191 5041 2306 5094 vult
2329 5041 2370 5109 tl
2399 5079 2415 5105 ,
2467 5041 2628 5109 cujus
2653 5048 2785 5093 text.
2823 5035 3048 5135 ἑτέροις.

2034 5127 2158 5163 νταε
2187 5125 2275 5163 an.
2305 5110 2345 5163 S
2395 5125 2506 5163 non
2553 5119 2791 5163 exstant.
2891 5106 2912 5136 ³
2966 5105 3048 5157 om

539 5109 583 5181 ff
603 5110 664 5162 οὐ
687 5107 751 5164 Ο.
828 5111 872 5181 ³7⁸
897 5109 972 5165 Ita
995 5109 1040 5165 Ο
1095 5127 1145 5166 c.
1175 5109 1214 5164 S
1243 5151 1259 5176 ,
1296 5110 1476 5181 μεῖζον
1497 5110 1566 5181 C.
1611 5110 1684 5181 7”
1711 5107 1852 5169 γωδ.
1878 5111 1935 5165 ὼ‹

2034 5107 2158 5174 ντας
2187 5125 2275 5181 ap.
2305 5107 2351 5164 S‘
2395 5125 2506 5181 non
2538 5107 2791 5181 exstant.

3270 4965 3314 4998 “
3330 4967 3610 5046 μενόντων

3126 5034 3170 5108 ’ξ
3193 5034 3357 5090 αὑτοῦ
3383 5038 3609 5108 adjunxi

2891 5103 2935 5178 ξδ
2966 5103 3254 5178 ὑποδράμῃ
3281 5109 3384 5178 leg.
3416 5103 3609 5162 cénset

357 5176 794 5260 1).,sutfr5'sante
820 5180 885 5244 ον
910 5164 1204 5260 arcessita
1227 5164 1690 5260 (ῖδίῗοέωὲιβκλοι
1713 5164 1738 5246 ἓν
1757 5164 1851 5260 θέί
1891 5164 1935 5214 7³⁷

2034 5164 2168 5260 gito-1;
2332 5179 2656 5260 'f_Fortas_se
2690 5174 2942 5260 leg._'§oﬁ.
3103 5164 3163 5257 ἐξ
3179 5164 3438 5260 3321060.
3467 5178 3608 5260 Tum

355 5247 485 5347 τρία
510 5249 605 5302 καί
642 5247 745 5319 pro
785 5247 1074 5322 τριακόσια
1120 5247 1205 5318 (3',
1263 5250 1357 5318 qui
1407 5247 1626 5320 quidem
1680 5252 1970 5320 genuinam
2004 5247 2531 5307 'OttobonianiLect.
2563 5251 2688 5338 jam
2740 5247 2875 5302 vidit
2906 5255 3122 5299 exstare
3151 5247 3204 5298 in
3232 5249 3368 5305 Gen.
3409 5264 3486 5310 ix,
3510 5247 3602 5301 28.

358 5323 384 5356 ι
437 5317 509 5356 Im
556 5319 601 5356 ί.
673 5335 703 5356 η
765 5318 803 5356 ς
920 5321 1091 5356 ..κάλει
1123 5320 1164 5356 n
1228 5319 1426 5356 ιιιης..
1457 5321 1726 5356 ..ξοην-..ηας
1757 5336 1820 5356 m-
1858 5320 1902 5356 n
1961 5321 2099 5356 vrum
2129 5319 2204 5356 ς.
2241 5321 2323 5356 ιι...
2373 5322 2627 5356 Μςκηη...
2687 5319 2769 5356 ρι’..
2825 5316 2940 5356 nm
2990 5332 3062 5356 m
3097 5315 3207 5356 97-
3284 5321 3361 5356 tr.-
3415 5317 3602 5356 ηιιὶΙηη

437 5317 511 5372 lta
545 5319 601 5392 ρ
644 5315 724 5374 —c.
765 5318 803 5375 S
823 5315 869 5392 ',
920 5321 1092 5392 πειθῷ
1123 5315 1199 5392 (3.⁷
1228 5337 1232 5341 '
1261 5315 1305 5356 ⁴’¹
1333 5315 1730 5392 τόν”εεειιηιρὲἱ
1757 5336 1824 5374 ex
1856 5320 1924 5392 ο.

2034 5338 2100 5375 im
2129 5319 2205 5374 S:
2241 5321 2353 5392 leg.
2373 5315 2652 5392 Μεσραῗμ,
2687 5319 2788 5374 cfr.
2819 5316 2942 5392 lico.
2965 5332 3068 5381 ,ιν,
3195 5333 3235 5392 :7
3280 5321 3361 5375 Ea:

358 5402 494 5460 unus
530 5387 698 5444 Citam
729 5391 971 5460 nomine,
1011 5385 1223 5444 cuidam
1260 5404 1325 5442 ea:
1349 5391 1479 5459 ﬁliis
1515 5385 1662 5453 suis;
1700 5392 1791 5460 qui
1844 5390 2097 5446 Mesraim
2127 5385 2514 5460 appellabatur}
2567 5385 2774 5444 Chron.
2814 5387 2968 5440 Alex.
3011 5402 3066 5455 p.
3101 5385 3358 5446 62.1taJ.
3388 5408 3403 5444 :

359 5457 650 5531 Μεσραεὶμ
673 5462 703 5514 ό
733 5457 1570 5533 Αἰγύπτιος-οἰκήτωργίνεται
1599 5457 1880 5533 Βάκτρων.

3415 5317 3604 5389 quibus

3451 5384 3606 5452 οὗτος

1676 5538 2036 5606 V’ARIORUM
2075 5550 2308 5606 NOTIE.

431 5639 545 5715 (15)
565 5713 574 5715 _
596 5642 664 5697 ἸΙ
687 5642 806 5711 μὲν
829 5640 1152 5715 μοζαρχία,
1175 5651 1280 5699 etc.
1313 5642 1496 5715 Usque
1523 5643 1592 5700 ad
1619 5643 1779 5698 ﬁnem
1827 5659 1920 5699 ea-

361 5710 510 5780 pitis.
559 5713 616 5767 In
667 5710 870 5785 scripto
918 5711 1257 5770 Danrasecno
1305 5710 1520 5773 exstant
1570 5715 1758 5784 ecloga
1800 5715 1928 5786 περὶ

2028 5645 2310 5725 ἀναρχίας.
2346 5644 2885 5725 (Rargllelorum‘lili.
2941 5662 2978 5710 l,
3019 5662 3137 5721 cap.
3165 5646 3281 5720 22.)
3329 5645 3462 5702 Vide
3505 5663 3603 5702 su-

2035 5717 2221 5785 perius
2250 5717 2438 5773 homil.
2472 5717 2528 5785 5,
2551 5732 2672 5788 cap.
2706 5717 2794 5772 62.
2831 5719 2966 5774 (lor.
