4084 6148
477 284 577 338 ΞΠ

1261 276 1317 330 S.
1348 267 1733 328 CLEMENTIS
1769 267 1788 321 l
1826 266 1989 322 ROM.
2031 263 2232 320 PONT.
2275 264 2501 319 OPERA
2540 265 2766 322 DUBlA.

3607 267 3715 322 248

477 403 778 470 plausmus,
803 412 1039 471 quorum
1080 393 1252 465 gratia
1308 391 1519 461 decepti
1559 390 1710 444 stulti
1763 384 2032 442 homines,

2138 377 2245 430 λῶν
2275 395 2334 430 τε
2370 379 2464 432 καὶ
2497 379 2720 448 κρότων,
2755 375 2831 434 ῶν
2865 381 3133 451 προφάσει
3163 381 3210 434 οἱ
3245 381 3459 452 ἀνόητοι
3492 382 3716 436 ἀπατὼ-

474 497 724 570 quamvis
755 510 921 566 regno
965 507 1064 548 suo
1103 489 1340 552 sublato,
1369 503 1398 540 a
1428 482 1880 542 concurrentibus
1925 494 2036 534 non

473 593 745 650 desistunt
775 583 1290 659 superstitionibus:
1326 582 1379 635 in
1412 587 1622 635 tantum
1664 573 1879 631 veritati
1911 587 2039 642 pro-

473 697 594 760 pter
614 686 944 754 voluptatem
975 692 1214 734 errorem
1273 673 1586 744 praeferunt.
1645 669 1750 737 Qui
1805 677 1860 724 et
1915 676 2040 737 post

471 782 750 851 crapulam
775 776 844 832 ad
867 790 993 830 aras
1021 779 1355 827 contractam
1377 765 1635 824 emittunt
1664 761 1923 825 ululatus,
1955 760 2039 813 ni-

472 876 674 929 mirum
706 871 888 927 anima
911 883 976 921 ex
1003 862 1292 935 profundo,
1321 859 1470 914 velut
1493 857 1547 912 in
1594 855 1823 911 somniis
1852 894 1868 919 ,
1904 853 2038 922 ipsis

472 964 872 1036 praenuntiante
889 957 1128 1014 futuram
1145 957 1210 1011 de
1229 950 1427 1010 talibus
1441 948 1699 1020 operibus
1721 947 2034 1001 vindictam.

551 1147 681 1203 Vlll.
712 1146 848 1202 Cum
875 1159 1007 1214 ergo
1035 1140 1217 1196 multae
1252 1138 1306 1192 in
1348 1136 1457 1190 vita
1508 1135 1868 1205 praeterierint
1910 1133 2039 1188 reli-

474 1243 684 1311 giones,
716 1238 981 1294 adsumus
1011 1233 1138 1288 boni
1163 1230 1530 1301 negotiatores
1562 1225 1840 1295 religionis
1869 1241 1898 1278 a
1924 1240 2040 1278 ma-

473 1333 680 1388 ioribus
708 1328 866 1385 nobis
894 1325 1105 1382 tradita:
1145 1331 1200 1379 et
1229 1332 1474 1384 servatm,
1500 1334 1620 1374 eam
1654 1318 1811 1374 vobis
1838 1332 2039 1387 appor-

473 1434 674 1491 tantes,
703 1422 860 1492 quasi
889 1419 1098 1476 semina
1129 1408 1382 1485 stirpium
1411 1411 1788 1478 ostendentes,
1837 1426 1902 1465 ac
1935 1409 2039 1465 sub

472 1527 654 1571 vestra
679 1521 942 1582 ponentes
969 1523 1199 1565 censura
1248 1514 1302 1561 et
1350 1512 1638 1575 potestate.
1680 1501 1839 1568 Quod
1882 1501 2036 1557 vobis

473 1607 728 1678 placebit,
786 1603 988 1674 eligite.
1038 1600 1095 1655 Si
1141 1615 1271 1670 ergo
1307 1608 1494 1653 nostra
1527 1595 1878 1680 delegeritis,
1927 1609 2036 1648 non

473 1707 649 1758 solum
677 1699 950 1753 daemones
977 1703 1031 1750 et
1061 1693 1282 1770 morbos
1305 1693 1373 1746 ab
1398 1692 1465 1746 iis
1489 1690 1766 1744 immissos
1791 1687 2038 1758 poteritis
2065 1727 2110 1783 Β

468 1789 723 1856 elIugere,
754 1785 848 1841 sed
875 1785 1072 1858 fugatis
1102 1785 1350 1855 utrisque
1387 1791 1441 1839 et
1472 1797 1504 1838 a
1544 1780 1884 1838 daemonibus
1913 1795 2047 1851 sup-

467 1881 679 1950 pliciter
717 1878 892 1951 rogati
936 1878 1099 1933 etiam
1143 1876 1342 1932 futuris
1393 1875 1553 1932 bonis
1596 1881 1858 1946 perpetuo
1899 1870 2050 1927 frue-

470 1972 626 2027 mini.

541 2049 631 2104 IX.
662 2049 917 2118 Alioquin
963 2056 1154 2101 contra
1176 2045 1233 2100 in
1262 2045 1367 2100 hac
1392 2045 1610 2116 quidem
1655 2045 1766 2099 vita
1801 2059 1898 2114 per
1922 2045 2032 2099 dae-

470 2157 662 2198 mones
693 2140 968 2195 atrocibus
993 2138 1199 2194 morbis
1227 2137 1556 2205 illudemini;
1602 2138 1821 2208 quando
1853 2145 2032 2192 autem

472 2235 668 2288 animae
714 2239 964 2286 vestrzee
1013 2244 1242 2300 corpore
1289 2229 1622 2300 migrabunt,
1679 2229 1733 2283 in
1769 2237 2034 2284 aeternum

470 2341 662 2395 pcenas
689 2323 920 2390 solvent,
954 2321 1197 2393 profecto
1221 2337 1327 2376 non
1351 2322 1496 2391 quod
1521 2320 1665 2376 Deus
1690 2319 2031 2387 condemnet,

471 2418 565 2473 sed
598 2418 741 2488 quod
767 2417 908 2470 mala
935 2430 1098 2484 opera
1123 2415 1226 2470 hoc
1255 2413 1871 2484 mereanturjudicium.
1897 2410 2033 2468 Nam

470 2511 748 2565 dminoncs
776 2516 1043 2578 potestate
1070 2522 1166 2577 per
1193 2506 1327 2575 ipsis
1357 2506 1614 2560 traditum
1646 2505 1828 2560 cibum
1872 2520 2032 2565 acce-

469 2612 582 2674 pta,
614 2601 810 2655 vestris
851 2599 1110 2653 manibus
1159 2597 1215 2650 in
1266 2605 1444 2650 veStra
1485 2596 1854 2649 immittuntur
1906 2609 2033 2650 cor-

469 2707 624 2763 pora.
689 2689 796 2744 Ubi
849 2689 994 2742 enim
1053 2687 1330 2740 latuerunt
1371 2678 1543 2740 multo
1574 2694 1834 2753 tempore,
1866 2685 2030 2740 etiam

469 2801 594 2839 cum
619 2784 800 2837 anima
829 2779 1271 2834 commiscentur.
1298 2776 1364 2830 Et
1400 2786 1619 2845 propter
1650 2776 2031 2846 negligentiam

469 2891 685 2942 eorum,
718 2875 811 2944 qui
841 2872 943 2928 sibi
971 2869 1256 2941 providere
1272 2876 1488 2922 autnon
1513 2867 1772 2936 cogitant,
1803 2875 1898 2920 aut
1921 2882 2032 2922 non

467 2969 679 3031 volunt,
702 2963 1019 3020 eorumdem
1042 2960 1245 3026 anima,
1268 2975 1392 3014 cum
1416 2973 1446 3012 a
1471 2971 1699 3026 corpore
1725 2955 2031 3027 separatur,

467 3059 697 3116 dzemoui
729 3058 879 3112 unita
923 3055 1234 3111 necessario
1263 3053 1333 3108 ab
1380 3067 1444 3106 eo
1489 3052 1542 3106 in
1595 3051 1715 3106 loca
1753 3066 1874 3121 quaa
1915 3052 2031 3120 ipse
2056 3076 2099 3134 ο

464 3153 584 3215 vult
636 3150 896 3206 defertur.
944 3148 1212 3217 Quodque
1241 3146 1627 3216 gravissimum
1675 3154 1777 3209 est,
1811 3143 2032 3214 quando

467 3246 522 3300 in
544 3245 789 3299 omnium
821 3240 1295 3297 consummatione
1325 3238 1536 3293 daemon
1556 3237 1735 3307 primo
1765 3237 1816 3289 in
1841 3235 2028 3304 expia-

466 3339 632 3395 tionis
657 3339 835 3408 ignem
871 3334 1103 3389 traditus
1139 3332 1324 3398 fuerit,
1351 3346 1572 3386 necesse
1595 3337 1698 3396 est,
1736 3339 1797 3384 ut
1826 3330 1874 3384 ei
1903 3328 2029 3399 qui-

2142 488 2312 542 μενοι,
2342 471 2518 524 καίτοι
2549 473 2648 542 τῆς
2683 472 2957 543 βασιλείας
2989 475 3167 528 αὐτῶν
3185 474 3591 547 ἀφαιρεθείσης,
3612 478 3715 531 αὐ-

2136 564 2220 616 τοὶ
2245 563 2353 616 τῶν
2388 564 2755 620 συνελθουσῶν
2779 567 2826 598 ⁵⁸
2845 567 3149 640 θρησκειῶν
3168 569 3268 622 οὐκ
3287 567 3672 624 ἀπολείπονται
3693 587 3712 602 ·

2136 657 2229 708 ἐπὶ
2277 657 2529 710 τοσοῦτον
2575 659 2674 730 τῆς
2707 659 2983 732 ἀληθείας,
3018 660 3106 714 διά
3150 662 3195 693 ⁸⁸
3225 662 3326 732 τὴν
3361 662 3710 734 ἡδυπάθειαν,

2139 748 2512 820 προετίμησαν
2541 751 2642 822 τὴν
2673 752 2877 823 πλάνην
2911 753 2977 806 ⁵⁸.
3015 755 3076 808 Οἳ
3111 754 3202 808 καὶ
3239 754 3377 825 μετά
3412 755 3580 828 μέθην
3605 775 3712 810 m-

2142 840 2413 913 ραϐώμιον
2438 844 2865 913 ἐπολολύζουσιν,
2901 847 2999 918 τῆς
3017 848 3193 920 ψυχῆς
3213 851 3276 904 ἐκ
3298 850 3494 920 βάθους
3525 851 3716 924 ῶσπερ

2136 932 2202 984 δι’
2235 933 2458 1005 ὀνείρων
2492 938 2676 1001 αὐτοῖς
2705 939 2803 1010 τὴν
2841 939 3137 1011 μέλλουσαν
3170 943 3262 995 ἐπὶ
3287 946 3410 1006 ταῖς
3439 943 3713 1011 τοιαύταις

2138 1025 2315 1080 αὐτῶν
2349 1028 2578 1097 πράξεσι
2613 1033 3090 1107 προαγγελλούσης
3117 1035 3408 1107 τιμωρίαν.
3519 1099 3530 1110 _

2211 1118 2344 1175 VIII.
2380 1121 2597 1174 Πολλῶν
2629 1119 2722 1177 οὖν
2751 1126 2809 1177 ἐν
2846 1124 2945 1196 βίῳ
2978 1126 3362 1198 παρελθουσῶν
3408 1126 3711 1200 θρησκειῶν

2140 1211 2419 1284 πάρεσμεν
2453 1215 2707 1286 φέροντες
2740 1219 2886 1288 ὑμῖν,
2916 1220 2964 1271 ot
3000 1219 3190 1288 ἀγαθοὶ
3223 1219 3452 1294 ἔμποροι
3483 1224 3549 1276 ἐκ
3578 1241 3713 1295 προ-

2137 1305 2308 1374 γόνων
2355 1308 2485 1378 ἡμῖν
2541 1309 2940 1382 παραδοθείσης
2989 1313 3082 1365 καὶ
3159 1312 3524 1386 φυλαχθείσης
3573 1316 3711 1389 θρη-

2140 1399 2325 1463 σκείας
2359 1399 2424 1465 ",
2459 1401 2534 1464 ὡς
2564 1402 2852 1474 σπέρματα
2885 1404 3064 1473 φυτῶν
3079 1405 3386 1472 δεικνύντες
3417 1408 3512 1462 καὶ
3528 1409 3620 1463 ἐπὶ
3640 1412 3710 1482 τῇ

2139 1490 2377 1562 ὑμετέρᾳ
2403 1492 2581 1564 κρίσει
2611 1495 2700 1547 καὶ
2725 1495 2943 1567 ἐξουσίᾳ
2972 1496 3228 1562 τιθέντες.
3266 1499 3338 1553 Τὸ
3358 1500 3486 1572 ὑμῖν
3522 1501 3712 1556 δοκοῦν

2140 1580 2477 1647 ἐπιλέξασθε.
2528 1584 2652 1638 Ἐὰν
2689 1586 2788 1657 μὲν
2809 1583 2902 1641 οῦν
2935 1589 3002 1642 τὰ
3051 1591 3296 1663 ἡμέτερα
3324 1593 3371 1624 ⁸⁸
3403 1593 3616 1665 ἕλησθε,
3643 1595 3709 1649 ού

2143 1673 2300 1742 μόνον
2328 1673 2373 1705 δ’
2405 1673 2664 1745 δαίμονας
2717 1679 2807 1732 καὶ
2836 1679 2904 1732 τά
2933 1681 2998 1735 ἐκ
3029 1681 3294 1754 δαιμόνων
3321 1685 3488 1758 ςπάθη
3519 1691 3710 1757 φυγεῖν

2136 1760 2445 1834 δυνήσεσθε,
2502 1767 2661 1838 202
2692 1769 2828 1823 ἀλλὰ
2879 1772 3033 1826 αὐτοὶ
3061 1773 3198 1828 αὐτὰ
3227 1775 3273 1807 ⁶⁰
3295 1777 3706 1846 φυγαδεύοντες,

2136 1855 2230 1907 καὶ
2252 1856 2619 1928 ίκετευόμενοι
2657 1862 2748 1914 ὑπ’
2765 1863 2965 1929 αὐτῶν,
2987 1866 3209 1921 καὶτῶν
3233 1869 3408 1924 εἰσαεὶ
3433 1870 3711 1943 ἐσομένων

2135 1946 2354 2016 ἀγαθῶν
2387 1949 2739 2006 ἀπολαύσετε.

2205 2037 2294 2092 IX.
2341 2040 2553 2110 Ἐπείγε
2584 2045 2889 2101 τούναντίον
2915 2049 2973 2101 ἐν
3003 2048 3103 2120 μὲν
3122 2049 3200 2122 τῷ
3233 2051 3328 2107 νῦν
3345 2052 3444 2124 βίῳ
3473 2053 3579 2110 ὑπὸ
3595 2055 3709 2108 δαι-

2137 2130 2312 2200 μόνων
2344 2132 2654 2200 ἀλλοκότοις
2685 2137 2915 2192 πάθεσιν
2961 2141 3388 2214 ἐνυϐριζόμενοι,
3423 2146 3518 2202 ἐπὶ
3550 2150 3620 2218 τῇ
3642 2149 3708 2202 ἐκ

2133 2221 2226 2274 τοῦ
2261 2222 2509 2296 σώματος
2557 2229 2841 2304 ἀπαλλαγῇ
2875 2233 2968 2286 καὶ
2998 2233 3097 2299 τὰς
3121 2234 3298 2306 ψυχὰς
3323 2239 3496 2292 εἰσαεὶ
3544 2241 3706 2293 κολα-

2137 2313 2473 2386 σθησομένας
2495 2317 2664 2386 ἕξετε,
2699 2321 2766 2377 τὰ
2792 2323 2966 2394 ἀληθῆ
3003 2325 3114 2399 (22)
3145 2329 3206 2380 ού
3239 2327 3375 2382 Θεοῦ
3411 2332 3707 2386 καταδικά-

2135 2406 2336 2474 ζοντος,
2367 2409 2502 2464 ἀλλὰ
2530 2413 2714 2469 κακῶν
2748 2413 3000 2488 πράξεων
3037 2418 3292 2490 τοιαύτην
3328 2421 3565 2492 ἐχουσῶν
3587 2425 3710 2497 κρίε

2135 2515 2238 2553 σιν.
2264 2503 2326 2555 Οί
2357 2502 2464 2575 γὰρ
2490 2503 2758 2578 δαίμονες,
2779 2508 2868 2562 διὰ
2893 2511 2992 2582 τῆς
3010 2509 3193 2576 αὐτοῖς
3211 2511 3562 2586 ἀποδοθείσης
3583 2533 3707 2587 τρο-

2134 2591 2240 2662 φῆς
2265 2592 2505 2657 ἐξουσίαν
2537 2596 2770 2667 ἔχοντες,
2805 2601 2910 2654 ὑπὸ
2939 2602 3047 2657 τῶν
3075 2605 3354 2679 ὑμετέρων
3394 2609 3593 2680 χειρῶν
3625 2611 3707 2675 εἰς

2131 2681 2200 2734 τὰ
2234 2683 2470 2774 ὑμέτερα
2503 2690 2859 2762 είσκρίνονται
2895 2693 2938 2727 ἰ
2972 2675 3216 2768 σώματα.
3247 2675 3707 2774 *Ἐνδομυχήσαν-

2132 2789 2222 2836 τες
2252 2773 2359 2842 γὰρ
2376 2777 2552 2850 πολλῷ
2586 2781 2664 2852 τῷ
2684 2783 2858 2856 χρόνῳ
2874 2788 2966 2841 καὶ
2980 2791 3046 2860 τῇ
3065 2788 3210 2862 ψυχῇ
3231 2773 3616 2865 ἀνακίρνανται
3636 2796 3706 2852 θ’.

2132 2865 2248 2962 Καὶ.
2295 2867 2382 2921 διὰ
2427 2870 2527 2943 τὴν
2583 2874 2842 2945 ἀμέλειαν
2885 2879 2994 2935 τῶν
3045 2883 3255 2947 ἑαυτοῖς
3286 2884 3346 2936 ⁸³.
3365 2885 3578 2958 βοηθεῖν
3628 2890 3705 2962 μὴ

2131 2957 2393 3014 νοούντων
2425 2962 2458 3034 ἢ
2495 2967 2588 3019 καὶ
2623 2968 2697 3040 μὴ
2732 2969 3087 3044 βουλομένων,
3149 2976 3353 3032 τούτων
3393 2981 3573 3035 αὐτῶν

2130 3053 2195 3146 τῇ
2229 3052 2322 3107 τοῦ
2374 3054 2624 3129 σώματος
2663 3061 2814 3116 λύσει
2854 3067 2889 3136 ἡ
2919 3065 3064 3140 ψυχὴ
3095 3068 3174 3140 τῷ
3200 3070 3410 3142 δαίμονι
3450 3073 3704 3146 ἡνωμένη

2132 3145 2378 3218 ἀνάγκην
2409 3149 2522 3220 ἔχει
2573 3154 2832 3227 φέρεσθαι
2870 3159 2960 3212 ὑπ’
2989 3161 3151 3214 αὐτοῦ
3185 3164 3265 3228 είς
3310 3164 3404 3230 οὓς
3457 3145 3702 3237 βούλεται

2129 3237 2345 3332 τόπους.
2376 3241 2450 3294 Τὸ
2479 3241 2535 3294 δέ
2559 3245 2774 3302 πάντων
2824 3250 3205 3321 χαλεπιὶιτατον
3225 3295 3240 3319 ,
3276 3255 3414 3311 ἐπάν
3449 3257 3494 3290 ⁸⁸
3537 3259 3598 3311 ἐν
3633 3262 3702 3332 τῇ

2130 3329 2237 3383 τῶν
2275 3333 2412 3388 ὅλων
2459 3337 2737 3412 συντελείᾳ
2767 3342 2796 3394 6
2827 3341 3033 3415 δαίμων
3060 3344 3130 3399 τὰ
3169 3347 3359 3420 πρῶτα
3390 3350 3472 3414 είς
3500 3350 3564 3404 τὸ
3603 3329 3704 3406 καῖ

465 3431 587 3486 dem
619 3429 878 3500 permista
916 3427 1096 3480 anima
1122 3423 1408 3478 infandum
1438 3422 1493 3476 in
1518 3421 1740 3478 modum
1779 3430 2027 3488 vexetur,

2135 3421 2313 3495 θαῖρον
2347 3425 2456 3498 πῦρ
2477 3429 2733 3503 ἀποδοθῇ,
2765 3434 2800 3506 ἠ
2823 3436 3188 3507 συγκραθεῖσα
3207 3439 3356 3513 αὑτῷ
3371 3440 3515 3513 ψυχὴ
3535 3443 3701 3513 ἀνάγ-

466 3531 677 3584 daemon
705 3539 833 3581 vero
861 3524 1110 3605 gaudeat.
1135 3520 1230 3576 Illa
1257 3518 1548 3589 siquidem,
1578 3533 1701 3588 qua:
1727 3534 1795 3574 ex
1823 3519 2030 3576 lumine

2135 3535 2233 3589 κην
2264 3519 2376 3591 ἔχει
2402 3523 2540 3594 αὐτὴ
2565 3524 2662 3594 μὲν
2694 3527 3022 3600 ἀπορρήτως
3046 3529 3387 3598 κολάξεσθαι,
3438 3536 3466 3588 ὁ
3495 3535 3553 3589 δὲ
3582 3536 3699 3590 δαί-

465 3630 568 3688 cst,
600 3615 914 3675 extraneam
955 3615 1096 3687 ignis
1127 3613 1403 3669 ﬂammam
1431 3627 1544 3667 non
1600 3610 1780 3665 ferens
1811 3620 2030 3680 torque-

2135 3629 2246 3681 μων
2277 3613 2518 3684 ἥδεσθαι.
2567 3617 2631 3674 Ἡ
2660 3617 2768 3691 γάρ
2802 3620 2865 3674 ἐκ
2893 3621 3070 3690 φωτὸς
3101 3618 3253 3690 οὖσα,
3287 3626 3387 3697 τὴν
3405 3626 3698 3698 ἀλλόφυλον

468 3724 590 3780 tur;
622 3711 711 3766 hic
737 3717 941 3773 autem,
970 3707 1065 3777 qui
1109 3705 1165 3760 in
1221 3705 1437 3776 generis
1467 3703 1553 3759 sui
1581 3711 1664 3758 est
1698 3701 2026 3770 substantia,

2135 3701 2221 3754 τοῦ
2253 3704 2424 3774 πυρὸς
2457 3705 2630 3776 φλόγα
2673 3709 2747 3780 μὴ
2782 3710 3019 3781 φέρουσα
3042 3753 3057 3779 ,
3095 3712 3459 3784 βασανίζεται,
3493 3723 3522 3774 6
3550 3720 3607 3774 δὲ
3639 3724 3696 3775 ἐν

463 3812 621 3868 valde
658 3811 894 3873 laetatur,
919 3821 1045 3862 cum
1066 3805 1262 3858 animae
1292 3804 1360 3858 ab
1383 3803 1503 3873 ipso
1531 3800 1806 3874 deglutita:
1833 3799 2028 3854 vincu-

2135 3796 2191 3864 τῇ
2227 3795 2322 3848 τοῦ
2355 3797 2547 3864 γένους
2576 3799 2738 3854 αὐτοῦ
2759 3799 2835 3856 ὣν
2863 3803 3040 3876 οὐσίᾳ,
3073 3808 3322 3878 μεγάλως
3378 3811 3584 3884 ¹ἣδεται,
3619 3815 3697 3868 δε-

463 3908 576 3960 lum
607 3905 787 3959 factus
839 3901 912 3956 sit
939 3907 1103 3969 ruptu
1135 3895 1535 3952 dilIicillimum.

2135 3891 2265 3962 σμὸς
2293 3892 2591 3966 δύσρηκτος
2610 3897 2897 3968 γενόμενος
2936 3900 3034 3972 τῆς
3074 3901 3165 3954 ὑπ’
3193 3903 3352 3957 αὐτοῦ
3402 3906 3696 3978 συμποθείυι

2130 3999 2229 4054 σης
2262 3984 2307 4016 ⁸⁵
2339 3987 2533 4058 ψυχῆςο

2195 4095 2264 4151 Χ.
2295 4098 2368 4150 Τὸ
2398 4097 2454 4151 δὲ
2484 4101 2530 4135 ⁸⁸
2544 4101 2669 4165 τοὺς
2698 4102 2954 4175 δαίμονας
2972 4105 3250 4177 γλίχεσθαι
3287 4109 3369 4174 είς
3385 4109 3454 4163 τὰ
3470 4111 3578 4164 τῶν
3601 4111 3696 4165 ἀν-

465 4193 748 4248 Ιιοηιὶηιιηι
771 4191 996 4255 intrare,
1022 4188 1137 4242 base
1163 4202 1326 4242 causa
1352 4197 1455 4241 est.
1487 4184 1626 4239 Cum
1654 4185 1766 4240 sint
1799 4184 2026 4254 spiritus

2135 4187 2597 4260 θρώπωνείσδύειν
2617 4194 2776 4265 203
2797 4195 3038 4268 σώματα,
3057 4198 3201 4251 αίτία
3225 4199 3384 4272 αὕτη.
3407 4201 3696 4273 Πνεῦματα

464 4295 518 4339 et
547 4291 803 4354 appetant
827 4281 978 4336 cibos
1003 4288 1056 4334 et
1078 4288 1240 4349 potus
1269 4294 1333 4333 ac
1356 4277 1659 4345 libidinem,
1696 4291 1795 4331 nec
1816 4277 2029 4346 possint

2135 4281 2278 4346 ὄντες
2301 4287 2394 4338 καὶ
2419 4286 2518 4356 τὴν
2549 4287 2842 4358 ἐπιθυμίαν
2873 4289 3088 4360 ἔχοντες
3120 4292 3201 4355 είς
3221 4291 3404 4364 βρωτὰ
3437 4295 3529 4348 καὶ
3556 4295 3697 4349 ποτὰ

464 4393 677 4448 capere,
697 4377 846 4446 quia,
862 4390 988 4430 cum
1015 4373 1239 4442 spiritus
1263 4373 1394 4438 sint,
1424 4371 1669 4440 indigent
1689 4385 2021 4441 organorum

2135 4375 2219 4428 καὶ
2254 4377 2565 4466 συνουσίαν,
2607 4379 3037 4451 μεταλαμϐάνειν
3069 4381 3124 4434 δὲ
3170 4383 3246 4454 μὴ
3295 4383 3578 4455 δυνάμενοι
3609 4385 3696 4441 διά

463 4467 530 4520 ad
559 4480 720 4521 usum
750 4464 1212 4526 necessariorum,
1245 4463 1300 4516 in
1324 4462 1610 4516 hominum
1640 4461 2022 4532 ingrediuntur

2135 4466 2185 4519 τὸ
2213 4468 2496 4539 πνεύματα
2527 4465 2786 4526 εἶναικαὶ
2821 4473 2863 4504 ⁸⁷
2897 4472 3103 4528 δεῖσθαι
3132 4475 3378 4545 ὀργάνων
3413 4476 3523 4532 τῶν
3557 4477 3695 4548 πρὸς

463 4573 692 4628 corpora
720 4597 736 4623 ,
784 4564 846 4612 ut
894 4565 1150 4625 tanquam
1188 4553 1555 4608 ministrantia
1590 4553 1832 4607 membra
1881 4554 2026 4608 nacti

2135 4560 2221 4631 τὴν
2254 4562 2446 4632 χρῆσιν
2504 4563 2843 4633 ἐπιτηδείων,
2903 4565 2984 4628 είς
3013 4564 3083 4619 τὰ
3127 4566 3428 4639 ἀνθρώπων
3461 4568 3690 4622 εἰσίασιν

463 4669 585 4724 qua:
607 4652 833 4722 cupiunt
855 4649 1071 4720 possint
1092 4647 1359 4713 obtinere,
1394 4648 1509 4702 sive
1550 4648 1730 4712 cibos,
1765 4662 1860 4717 per
1889 4647 2022 4702 den—

2135 4650 2370 4722 ςὼματα,
2407 4653 2512 4718 ἵνα,
2547 4652 2735 4726 ὣσπερ
2770 4656 3186 4727 ὑπουργούντων
3227 4659 3473 4732 ὀργάνων
3503 4661 3692 4732 τυχόν-

462 4755 546 4800 tes
600 4743 858 4806 hominis,
909 4740 1024 4797 sive
1075 4739 1378 4806 libidinem,
1418 4755 1514 4810 per
1548 4739 1804 4810 genitalia
1853 4739 2016 4795 illius.

2135 4759 2232 4807 nec,
2264 4737 2339 4798 ὧν
2374 4743 2615 4800 θέλουσιν
2659 4747 2936 4819 ἐπιτυχεῖν
2964 4749 3177 4805 δυνατοὶ
3202 4744 3354 4820 ὦσιν,
3405 4753 3515 4807 εἴτε
3547 4753 3690 4826 βρω-

1756 4874 1989 4930 VARL‘E
2029 4876 2424 4936 LECTIONES.

1193 4972 1238 5004 ⁸⁵
1269 4971 1355 5022 διὰ
1405 4967 1605 5023 excidit
1647 4983 1678 5023 e
1720 4984 1927 5024 recens.
1987 4970 2422 5030 Clerico-Schvve
2460 4976 2684 5034 leriana.

1193 5040 1420 5094 δοθεῖσαν
1478 5039 1572 5092 καὶ
1617 5037 1976 5100 φυλαχθεῖσαν
1993 5039 2304 5100 θρησκείαν.
2331 5046 2400 5100 cl.
2425 4992 2555 5100 giae.
2586 5065 2659 5100 IV.

533 4100 602 4154 Χ.
635 4097 792 4165 Quod
851 4105 1031 4150 autem
1079 4094 1356 4149 daemones
1399 4093 1638 4163 gestiunt
1690 4093 1747 4148 in
1797 4107 2024 4162 corpora

532 4977 578 5012 ιδ
600 4972 976 5044 παρελθουσῶν
1030 4970 1094 5026 Ο.
1193 4972 1238 5004 ⁸⁵
1269 4971 1355 5022 διὰ
1405 4970 1605 5023 excidit
1647 4983 1678 5023 e
1720 4984 1927 5024 recens.
1987 4970 2684 5081 Clerico-Schwegleriana.
2789 4983 2836 5017 ⁸⁸
2861 4982 3006 5037 Fort.
3062 4985 3165 5055 leg.
3205 4986 3304 5058 τῆς
3341 4986 3482 5040 πλάν
3521 5005 3558 5050 ς.
3623 4987 3683 5044 S.

462 5046 506 5081 57
548 5042 976 5081 linnianlnuarim
1031 5040 1420 5081 πηηηκηῆςῖττην
1478 5039 1572 5081 ντὶ
1617 5037 2284 5081 ωυλανῆεἶσηυθηπησνςίηυ
2331 5046 2376 5081 nl
2480 5061 2535 5081 m-
2586 5065 2640 5081 ιυ
2697 5049 2758 5081 ιι
2811 5050 2847 5081 Ε
2949 5052 3116 5081 enim.
3143 5055 3315 5081 -.-ι-μ
3349 5058 3438 5081 -.-ι
3470 5006 3683 5081 ιἿξ--.-ι-

548 5037 1005 5132 seniéetaverim.
1031 5040 1420 5132 ῑταεαδοθεὶῖσξν
1617 5037 2304 5132 φυὲαὲςίέξεὶῖαχθεὲτὶσδεείοξιτ
2331 5037 2561 5132 cnseo.
2697 5049 2784 5132 ιλι-
2810 5050 2891 5132 εει.
2949 5037 3318 5132 «vivere
3349 5037 3688 5132 έάίέιδυσξςι

459 5143 530 5153 --
572 5106 680 5164 ἐὰν
696 5113 793 5183 μὲν
821 5107 913 5165 οὖν
938 5110 1007 5164 τά
1035 5106 1277 5236 ὴμέτιέρα
1298 5111 1415 5164 des.
1442 5110 1496 5162 in
1521 5106 1584 5162 Ο.
1632 5106 1640 5108 “
1681 5114 1727 5147 ⁸⁸
1759 5106 1915 5178 μόνον
1937 5109 2001 5172 Ο,
2029 5106 2183 5181 ὀὸηί.
2212 5106 2373 5170 etiam
2403 5116 2460 5184 S,
2495 5106 2687 5187 μόνους
2709 5119 2769 5174 C.
2849 5106 2892 5154 ⁸⁸

463 5185 506 5228 6‘
530 5183 601 5236 Ita
629 5182 666 5236 S
695 5222 711 5236 .
743 5183 1068 5236 είσκοίνεται
1089 5182 1149 5236 C.
1231 5222 1245 5235 .
1321 5181 1364 5213 ”
1391 5179 1774 5236 ἀνακίρνανται
1806 5177 1870 5236 S.
1889 5177 1934 5233 Ο
1962 5220 1978 5236 .
2009 5181 2343 5236 ἀνακίρναται
2370 5187 2428 5236 C.
2509 5189 2554 5220 ⁸³
2581 5190 2763 5236 αὐτοῖς
2787 5188 2851 5236 0.
2928 5194 2974 5228 εδ
3003 5195 3139 5236 ἐπάν
3195 5195 3233 5236 ς.
3303 5199 3347 5236 n
3417 5197 3502 5236 ἔην’
3530 5197 3596 5236 μιν
3620 5199 3659 5236 Γ

463 5185 506 5228 σι
530 5183 601 5236 lla
629 5182 666 5236 S
695 5177 711 5246 ξ
743 5177 1149 5253 είσκρίνεταίά,
1181 5177 1245 5236 Ο.
1321 5181 1364 5213 ⁸³
1391 5179 1774 5302 ἀνακίὲναντᾳι
1806 5177 1870 5246 S,
1962 5220 1978 5245 ,
2009 5177 2343 5254 ἁνακίρνατα
2370 5177 2457 5242 ϐξ
2495 5177 2554 5220 ’⁸³
2581 5177 2763 5250 αὐτοῖς
2787 5188 2852 5243 0.
2928 5194 2974 5228 “
3003 5195 3139 5249 ἐπάν
3190 5177 3252 5262 ἒ,
3620 5177 3660 5253 ξ

463 5258 508 5292 ⁸⁸
531 5252 898 5302 συιιποθείστις
917 5252 976 5302 D-
1023 5250 1067 5302 Ο
1097 5291 1111 5302 .
1138 5251 1514 5302 συιιπαθείσης
1605 5288 1618 5302 .
1649 5264 1744 5302 (ml
1782 5263 1927 5302 com.
1958 5255 2354 5302 συμπαγείσης-
2433 5265 2479 5297 σο
2505 5258 2599 5302 τοῦ
2629 5259 2686 5302 δέ
2711 5260 2899 5302 gnrihii
2934 5259 3351 5302 thliammmm
3399 5266 3550 5302 nio...
3625 5284 3658 5302 η

462 5250 903 5338 ἶὶξυιιτξὲθεὲπσηί
917 5252 978 5325 ον
999 5250 1067 5338 2
1097 5250 1586 5338 ἠσνμπαέἒίσλῖςοθ
1605 5250 1744 5338 ’.393
1782 5250 1928 5338 2991':
1958 5250 2354 5338 ῗὲμτξατξίσηῑε
2433 5265 2479 5338 °.°
2505 5258 2686 5338 Ξοῦῥέ
2711 5260 2903 5338 scribi!
2934 5250 3353 5338 Schlieman'uué
3379 5250 3574 5338 'Clem-
3625 5250 3678 5336 ri

463 5316 740 5408 ςδθίεθθ.
781 5316 1079 5377 Βεόιε.’οί.
1108 5316 1266 5376 Ηοιίι.
1321 5337 1394 5389 ιν,
1445 5316 1495 5376 9.
1525 5316 1584 5375 s.
1614 5316 1745 5374 Dein
1779 5316 2059 5375 deeSt'ccbv
2091 5316 2232 5378 in'o.
2293 5316 2354 5358 ἐτ
2378 5329 2471 5382 καί
2505 5329 2565 5397 s,
2607 5326 2694 5395 0,
2754 5316 3373 5405 άεείάειυέιιιῖέῇῗόῗὶ)
3408 5316 3682 5409 regna;

462 5409 745 5465 πνευματα
770 5392 898 5446 ὄντα
925 5392 1148 5445 δεῖσθαι.
2577 5449 2586 5455 ι

1745 5522 2109 5581 VARIORUM
2143 5525 2374 5584 ΝΟΤιΕ.

539 5615 984 5712 ςὲξξξοιξμετὶυε
1007 5620 1149 5712 itaet;
1173 5619 1313 5712 Ἧξιυ
1335 5620 1505 5712 vertit,
1527 5637 1539 5672 :
1556 5635 1828 5712 nverq‘non
1856 5620 1994 5675 auod
2026 5619 2163 5679 Deus
2189 5626 2519 5695 geondemnet.
2569 5627 2770 5687 Eodem
2801 5630 2963 5688 modo
2996 5631 3064 5686 τὰ
3095 5629 3266 5706 ἀληθῆ
3298 5629 3390 5683 I:
3402 5628 3670 5702 τάληθῶς)

465 5698 760 5757 usurpatur
786 5689 932 5745 hom.
968 5706 1045 5760 xi,
1083 5690 1169 5761 l2,
1196 5690 1304 5760 ‘29;
1335 5705 1446 5757 xrv,
1475 5689 1525 5746 7.
1555 5689 1613 5748 S.
1669 5692 1923 5750 DRESSEL.
