4084 6148
441 223 547 299 με
1496 220 1952 279 CLEMENTINA.
1987 250 2061 268 --
2093 212 2386 274 I‘IOMILIA
2423 215 2523 274 IX.
3581 214 3684 270 250

443 339 555 394 τῶν
585 338 675 394 διὰ
702 336 814 393 τῶν
840 337 885 370 ⁸⁸
917 335 1213 409 ἀνθρώπου.
1252 337 1478 392 ὀδόντων
1501 378 1518 405 ,
1564 339 1676 393 εῖτε
1709 339 2014 404 συνουσίας,

2122 334 2278 392 Unde
2308 334 2375 390 ad
2398 332 2666 406 fugandos
2691 330 2969 388 daemonas
2992 326 3323 384 abstinentia
3342 335 3394 381 et
3409 323 3683 396 jejunium

445 431 533 486 διὰ
565 430 675 486 τῶν
707 429 918 486 ἐκείνου
978 427 1213 485 αἰδοίων.
1249 428 1410 484 Ὅθεν
1436 429 1574 501 πρὸς
1617 432 1718 504 τὴν
1757 432 1868 486 τῶν
1904 432 2019 486 δαι-

2122 439 2176 486 et
2199 426 2480 484 afﬂictatio
2502 423 2846 495 aptissimum
2877 430 2961 476 est
3004 421 3293 479 auxilium.
3349 417 3408 473 Si
3437 418 3583 474 enim
3617 417 3691 476 ad,

448 525 629 598 μόνων
645 524 823 596 φυγὴν
849 525 882 596 ἡ
911 522 1090 577 ἔνδεια
1115 523 1212 577 καὶ
1238 523 1272 595 ἡ
1299 523 1522 596 νηστεία
1553 525 1648 579 καὶΙ
1679 527 1712 598 ή
1755 524 2019 596 κακουχία

2122 517 2413 575 fruendum
2458 515 2842 585 ingrediuntur
2894 512 2948 566 in
2977 527 3180 580 corpus
3212 508 3474 575 hominis,
3533 514 3688 578 patet

444 615 776 672 οἰκειότατόν
797 617 910 669 ἐστι
947 613 1217 688 βοήθημα.
1251 615 1314 668 Εἰ
1337 615 1445 686 γάρ
1470 615 1564 669 τοῦ
1587 616 2018 689 μεταλαμϐάνειν

2122 612 2244 668 illos
2289 608 2466 681 fugari
2498 607 2810 662 afﬂictione.
2843 602 3045 658 Verum
3078 601 3204 671 quia
3247 600 3469 670 quidam
3515 599 3688 654 mole-

445 708 608 781 χάριν
638 707 973 780 εἰσέρχονται
1023 707 1104 771 είς
1153 706 1441 779 ἀνθρώπου
1479 709 1657 781 σῶμα,
1702 709 1944 780 δηλονότι
1972 710 2016 743 ⁸⁸

2122 705 2340 770 stiores,
2365 701 2458 756 ubi
2481 697 2883 762 contenderim,
2914 694 3164 766 quamvis
3187 692 3390 747 fuerint
3411 690 3685 761 castigati,

445 799 710 872 κακουχίᾳ
740 797 1148 868 φυγαδεύονται.
1192 798 1329 852 Ἀλλ’
1361 799 1546 870 ἐπειδὴ
1591 799 1706 854 ἔνια
1747 800 2019 873 δεινότερα

2122 807 2299 854 tamen
2349 795 2404 850 i‘n
2455 793 2722 864 castigato
2771 803 3004 862 corpore
3047 793 3387 857 permanent,
3447 783 3571 838 ideo
3618 782 3686 838 ad

445 891 778 960 τυγχάνοντα
795 890 1406 963 προσφιλονεικήσαντα,
1420 891 1597 946 καίτοι
1610 892 1850 965 τιμωροῦ
1859 911 2014 965 μενα,
2037 934 2040 935 ν

444 983 524 1053 τῷ
547 983 939 1055 τιμωρουμένῳ
981 983 1276 1054 προσμένει
1313 981 1564 1055 σώματι,
1596 983 1685 1039 διὰ
1723 983 1879 1037 τοῦτο
1910 984 2016 1056 χρὴ

445 1072 812 1146 προσφεύγειν
839 1073 958 1146 Θεῷ
978 1073 1168 1145 εὐχαῖς
1199 1075 1295 1128 καὶ
1326 1074 1598 1148 δεήσεσιν,
1643 1077 2018 1148 ἀπεχομένους

443 1165 626 1236 πάσης
658 1165 706 1197 ⁷⁵
753 1164 1066 1236 ἀκαθάρτου
1110 1165 1468 1238 προφάσεως,
1504 1166 1652 1234 ὅπως
1693 1169 1727 1239 ἡ
1754 1168 1849 1220 τοῦ
1880 1168 2015 1222 Θεοῦ

443 1257 566 1330 χεὶρ
598 1258 680 1322 εἰς
700 1255 846 1312 ῖασιν
873 1256 1040 1312 αὐτοῦ
1075 1256 1371 1329 ἐπιψαῦσαι
1402 1257 1624 1330 δυνηθῇ,
1645 1258 1724 1323 ὡς
1747 1259 1910 1329 ἁγνοῦ
1926 1261 2018 1327 καὶ

443 1348 806 1413 πιστεύοντος.

513 1439 603 1494 XI.
641 1442 732 1493 Δεῖ
747 1439 805 1494 δὲ
823 1439 918 1493 καὶ
949 1439 1008 1493 ὲν
1037 1441 1157 1504 ταῖς
1182 1441 1369 1510 εὐχαῖς
1384 1439 1446 1494 τὸ
1473 1439 1648 1509 τίθεῷ
1670 1457 2014 1512 προσπεφευ-

441 1530 596 1598 γέναι
627 1531 930 1601 ὁμολογεῖν,
963 1532 1057 1586 καὶ
1073 1532 1547 1604 διαμαρτύρασθαι
1580 1534 1627 1564 ⁷³
1645 1533 1746 1604 τὴν
1773 1533 1868 1586 τοῦ
1901 1533 2017 1586 δαί-

445 1640 606 1694 μονος
632 1623 733 1677 οὐκ
755 1623 1044 1690 ἀπάθειαν,
1073 1623 1208 1679 ἀλλά
1244 1624 1550 1696 βραδυτῆτα
1586 1625 1662 1658 ⁷³·
1701 1625 1879 1679 πάντα
1907 1625 2012 1697 γὰρ

439 1715 519 1788 τῷ
543 1716 850 1771 πιστεύοντι
898 1717 1140 1786 γίνεται,
1171 1716 1487 1771 ἀπιστοῦντι
1537 1717 1595 1772 δὲ
1639 1718 1813 1773 οὐδέν.
1857 1695 2018 1772 Ὅθεν
2048 1695 2090 1751 Β

441 1809 659 1862 αὐτοῖοί
677 1807 947 1880 δαίμονες,
982 1809 1182 1873 ειδότες
1199 1802 1274 1863 ὧν
1289 1809 1642 1881 ἐπικρατοῦσι
1662 1811 1764 1881 τῆς
1785 1810 2020 1874 πίστεως

439 1901 542 1971 τὴν
575 1901 864 1973 ποσότητα,
895 1901 1260 1972 ἀναλογοῦσαν
1289 1902 1672 1974 ὲπιμετροῦσιν
1704 1903 1884 1956 αὐτῶν
1920 1903 2020 1974 τὴν

441 1994 724 2066 ἐπιμονήν.
770 1992 868 2046 Διά
909 1993 1069 2047 τοῦτο
1113 1997 1228 2058 τοῖς
1271 1994 1590 2050 ἀπιστοῦσιν
1649 1994 2017 2066 ἐπιμένουσιν,

440 2086 556 2147 τοῖς
587 2083 644 2137 δὲ
673 2084 984 2148 δυσπίστοις
1015 2084 1464 2157 ὲμϐραδύνουσιν,
1488 2089 1602 2152 τοῖς
1621 2087 1686 2140 ’δὲ
1706 2086 2020 2140 παντάπασι

443 2176 763 2231 πιστεύσασι
785 2177 878 2232 καὶ
908 2173 968 2231 εὖ
997 2177 1161 2250 204
1193 2179 1522 2250 πράττουσιν
1541 2180 1662 2233 οὐδὲ
1682 2180 1818 2252 πρὸς
1849 2181 2020 2253 ῥοπὴν

442 2267 588 2340 ὧρας
617 2271 849 2324 συνεῖναι
870 2269 1142 2323 δύνανται.
1161 2271 1224 2323 Ἠ
1243 2269 1350 2341 γάρ
1370 2271 1516 2342 ψυχὴ
1534 2273 1600 2342 τῇ
1618 2270 1755 2342 πρὸς
1781 2270 1912 2325 Θεὸν
1927 2269 2021 2324 πίε

444 2376 554 2412 στει
579 2361 654 2422 ὡς
667 2361 746 2423 είς
759 2359 948 2423 ὓδατος
963 2360 1124 2429 φύσιν
1135 2363 1406 2432 τραπεῖσα
1419 2361 1510 2415 τὸν
1522 2361 1607 2414 δαί
1616 2378 1750 2432 μονα
1765 2361 1840 2424 ὡς
1861 2378 2019 2416 σπιν-

443 2449 584 2520 θῆρα
617 2450 788 2522 πυρὸς
813 2451 1222 2504 ἀποσϐέννυσιν.
1248 2450 1509 2522 Κάματος
1527 2447 1618 2506 οὖν
1641 2454 1787 2507 ἐστιν
1807 2452 2021 2522 ἑκάστῳ

441 2540 755 2612 ὲννοηθῆναι
787 2541 836 2572 ⁷⁸
865 2542 964 2613 τὴν
998 2541 1093 2594 τοῦ
1126 2542 1319 2596 ἑαυτοῦ
1351 2543 1604 2613 δαίμονος
1631 2544 1826 2615 φυγήν.
1876 2543 2023 2597 Ἀνα-

443 2632 762 2704 κιρνάμενοι
791 2632 901 2704 γὰρ
931 2635 1051 2696 ταῖς
1069 2633 1287 2704 ψυχαῖς,
1324 2634 1473 2698 ὅπως
1491 2651 1577 2698 τις
1600 2635 1700 2706 τῆς
1717 2634 1882 2688 αὐτοῦ
1917 2653 2021 2690 σω-

440 2724 636 2796 τηρίας
665 2725 914 2797 ἀμελήσῃ
947 2725 1017 2790 ⁷⁸,
1054 2725 1380 2797 ἐνθυμήσεις
1413 2726 1550 2798 πρὸς
1579 2727 1616 2781 ἃ
1652 2726 1939 2798 βούλονται
1971 2729 2020 2762 ⁷⁸

443 2817 834 2872 ὑποϐάλλουσιν
870 2819 950 2881 είς
980 2817 1072 2872 τὸν
1105 2818 1334 2872 ἑκάστου
1358 2818 1503 2873 νοῦν.

411 2927 439 2952 οι
510 2908 626 2966 ΧΠ.
666 2908 828 2962 Ὅθεν
859 2908 1067 2974 πολλοὶ,
1097 2910 1198 2962 οὐκ
1216 2907 1417 2969 εἰδότες
1451 2899 1614 2964 πόθεν
1646 2910 2016 2983 ὲνεργοῦνται,

2117 887 2288 942 Deum
2346 892 2562 956 oportet
2614 879 2908 951 confugere
2946 877 3202 949 precibus
3230 867 3286 930 et
3319 875 3681 939 orationibus,

2118 988 2283 1049 atque
2332 975 2486 1032 omni
2516 975 2727 1046 impura
2762 971 3052 1027 occasione
3083 965 3430 1033 abstinendo,
3478 977 3540 1020 ut
3591 963 3686 1019 Dei

2120 1085 2320 1126 manus
2350 1069 2404 1123 in
2435 1067 2584 1124 illius
2615 1065 2903 1122 sanitatem
2925 1062 3100 1134 possit
3117 1059 3397 1128 accedere,
3425 1066 3686 1128 tanquam

2119 1163 2245 1234 puri
2269 1176 2333 1217 ac
2356 1159 2549 1216 ﬁdelis.

2187 1447 2282 1504 XI.
2320 1444 2548 1516 Oportet
2583 1449 2766 1498 autem
2804 1439 2859 1495 in
2890 1436 3146 1509 precibus
3195 1433 3442 1491 confiteri
3495 1429 3683 1488 confu-

2119 1545 2264 1616 gisse
2289 1557 2391 1597 nos
2418 1540 2486 1596 ad
2533 1537 2727 1603 Deum,
2775 1545 2940 1605 atque
2971 1540 3230 1587 attestare
3279 1527 3544 1584 dmmonis
3576 1540 3689 1583 non

2120 1634 2476 1692 indolentiam
2507 1674 2523 1698 ,
2549 1630 2645 1686 sed
2687 1627 3046 1692 tarditatem;
3101 1631 3296 1678 cuncta
3351 1619 3494 1676 enim
3542 1617 3688 1672 fideli

2121 1728 2282 1794 fiunt,
2307 1723 2512 1779 infideli
2541 1733 2674 1776 vero
2697 1716 2854 1772 nihil.
2888 1713 3042 1769 Unde
3064 1712 3166 1782 ipsi
3191 1711 3487 1774 daemones,
3519 1708 3690 1762 scien-

2121 1826 2204 1874 tes
2241 1831 2433 1873 eorum
2454 1827 2598 1884 quos
2635 1810 2888 1866 obtinent
2913 1807 3037 1864 ﬁdei
3065 1806 3443 1878 quantitatem,
3475 1817 3542 1857 ex
3563 1815 3690 1870 pro-

2120 1909 2369 1982 portione
2393 1921 2550 1962 suam
2579 1905 2880 1959 metiuntur
2909 1900 3272 1957 mansionem.
3325 1893 3598 1962 Quocirca
3632 1892 3690 1962 in

2122 1999 2437 2056 inﬁdelibus
2467 2003 2844 2068 perseverant.
2879 1994 2934 2048 in
2974 1993 3044 2048 iis
3067 1999 3252 2047 autem
3277 1987 3374 2058 qui
3406 1999 3548 2056 aegre
3570 1998 3692 2040 cre-

2121 2091 2259 2147 dunt
2286 2089 2675 2154 immorantur;
2717 2100 2843 2141 cum
2869 2084 2938 2138 iis
2960 2098 3111 2147 vero,
3144 2080 3238 2151 qui
3266 2079 3486 2150 penitus
3515 2073 3690 2132 credi-

2121 2185 2320 2241 derunt
2344 2188 2400 2237 et
2424 2187 2613 2235 sancte
2642 2177 2855 2243 vivunt,
2879 2189 2982 2230 nec
3001 2172 3070 2228 ad
3098 2180 3439 2226 momentum
3479 2173 3692 2235 tempo-

2119 2274 2200 2329 ris
2219 2279 2452 2344 possunt
2486 2263 2812 2326 consistere.
2847 2267 3045 2320 Anima
3068 2265 3268 2335 quippe
3294 2276 3391 2332 per
3435 2259 3596 2314 fidem
3633 2257 3690 2310 in

2121 2363 2291 2419 Deum
2315 2361 2474 2433 quasi
2504 2360 2558 2415 in
2589 2373 2746 2430 aquae
2771 2366 3022 2413 naturam
3045 2368 3334 2419 conversa,
3386 2351 3690 2406 daemonem

2121 2456 2268 2510 velut
2296 2453 2588 2509 scintillam
2620 2450 2764 2520 ignis
2789 2447 3108 2518 exstinguit.
3170 2443 3352 2498 Labor
3389 2441 3574 2510 itaque
3606 2446 3692 2492 est

2121 2547 2440 2616 unicuique,
2467 2551 2529 2599 ut
2559 2542 2828 2611 intelligat
2857 2538 3124 2594 daemonis
3150 2537 3236 2592 sui
3260 2535 3471 2605 fugam.
3506 2530 3692 2601 Siqui-

2119 2636 2245 2692 dem
2275 2649 2402 2690 cum
2433 2634 2724 2688 animabus
2750 2630 3053 2700 conjuncti,
3089 2645 3199 2699 quo
3227 2625 3428 2696 aliquis
3458 2623 3690 2678 salutem

2122 2746 2276 2788 suam
2305 2727 2560 2798 negligat,
2584 2726 2946 2796 cogitationes
2973 2723 3040 2778 ad
3065 2737 3188 2792 quae
3211 2719 3402 2775 volunt
3424 2717 3480 2772 in
3505 2716 3692 2786 cujus-

2119 2840 2228 2898 que
2249 2832 2489 2879 mentem
2515 2822 2791 2892 injiciunt.

2190 2916 2310 2971 XII.
2342 2916 2526 2983 Quare
2557 2913 2738 2979 multi,
2794 2911 3104 2967 nescientes
3153 2906 3299 2962 unde
3334 2903 3690 2975 inspirentur,

442 3003 561 3063 ταῖς
579 3000 688 3056 τῶν
720 3001 989 3073 δαιμόνων
1021 3002 1218 3066 κακαῖς
1249 3001 2019 3074 ύποϐαλλοιὶέναιςζέπινοίαις

2122 3009 2306 3081 pravis
2355 3009 2667 3063 daemonum
2721 3001 3169 3073 suggestionibus
3195 3007 3455 3066 tanquam
3497 2994 3695 3050 anima:

442 3091 519 3154 ὡς
548 3091 626 3162 τῷ
664 3093 762 3164 τῆς
791 3094 968 3165 ψυχῆς
998 3093 1179 3149 αὐτῶν
1228 3094 1473 3166 λογισμῷ
1524 3097 1875 3152 συντίθενται.
1927 3097 2018 3151 Διὸ

443 3183 580 3254 πρὸς
609 3184 736 3247 τοὺς
767 3183 959 3249 σώζειν
993 3185 1190 3248 αὐτοὺς
1218 3174 1550 3257 δυναμένους
1583 3186 1756 3241 ἐλθεῖν
1794 3188 2022 3259 ὀκνηρό-

442 3289 589 3344 τεροι
641 3274 902 3342 γίνονται,
952 3274 1044 3328 καὶ
1099 3275 1298 3338 αὐτοὺς
1329 3276 1374 3308 τ’
1411 3263 1503 3328 ὑπ’
1541 3274 1718 3328 αὐτῶν
1755 3275 1863 3329 τῶν
1902 3277 2020 3329 ὲνε-

443 3362 740 3434 δρευόντων
769 3363 1034 3435 δαιμόνων
1059 3365 1474 3436 ἀναλισκόμενοι
1527 3365 1835 3434 ἀγνοοῦσιν.
1883 3365 2019 3418 Ὑπὺ

447 3455 546 3527 μὲν
577 3451 670 3508 οὖν
699 3455 808 3508 τῶν
843 3458 964 3519 ταῖς
994 3454 1193 3527 ψυχαῖς
1229 3455 1410 3510 αὐτῶν
1440 3456 1877 3528 ὲνδομυχούντων
1908 3459 2022 3511 δαι-

448 3546 623 3616 μόνων
652 3546 942 3600 ὲπιδίδοται
977 3548 1158 3612 αὐτοῖς
1188 3547 1557 3619 ἐνθυμεῖσθαι,
1591 3550 1666 3612 ὠς
1684 3549 1744 3602 οὐ
1773 3536 2024 3620 δαίμονος

443 3637 812 3708 ἐνοχλοῦντος,
877 3638 1011 3692 ἀλλά
1059 3639 1380 3711 σωματικῆς
1417 3641 1592 3704 νόσου,
1656 3636 1766 3695 οἷον
1805 3641 1838 3712 ἢ
1891 3641 2023 3712 ῦλης

443 3725 710 3797 δριμείας,
745 3727 779 3798 ἢ
813 3727 1011 3798 χολῆς,
1056 3728 1090 3800 ἢ
1141 3728 1483 3800 φλέγματος,
1541 3732 1575 3802 ἢ
1608 3732 1838 3802 αἵματος
1886 3732 2023 3802 ἀμε-

443 3817 601 3889 τρίας
623 3818 690 3883 ’⁸,
714 3819 746 3889 ἢ
787 3820 1047 3891 μήνιγγος
1080 3821 1410 3894 φλεγμονῆς,
1436 3822 1469 3894 ἢ
1504 3822 1664 3877 ἄλλου
1685 3825 1850 3889 τινός.
1873 3825 1938 3878 EI
1965 3825 2022 3878 δὲ

445 3916 541 3970 καὶ
568 3915 730 3970 τοῦτο
757 3913 844 3988 ἦν,
887 3918 994 3972 οὐδ’
1030 3917 1162 3971 αὐτὸ
1204 3917 1544 3989 ἀπήλλακται
1592 3917 1844 3989 δαίμονος
1884 3912 2025 3981 εἶδος

446 4003 604 4064 εἶναι.
642 4010 706 4063 Ἦ
739 4010 847 4082 γὰρ
881 4011 1110 4064 καθόλου
1145 4011 1238 4064 καὶ
1270 4009 1479 4080 γεώδης
1508 4011 1653 4082 ψυχὴ
1677 4050 1692 4075 ,
1726 4011 1874 4083 αἰτίᾳ
1908 4010 2021 4081 (25)

447 4103 662 4160 πάντων
694 4103 802 4156 τῶν
836 4103 1056 4175 βρωτῶν
1103 4104 1469 4176 διικνουμένη,
1501 4103 1605 4156 ὑπὸ
1653 4105 1752 4175 τῆς
1783 4103 2025 4168 πλείονος

447 4197 652 4269 τροφῆς
684 4197 777 4250 ἐπὶ
809 4196 991 4250 πλεῖον
1022 4196 1452 4268 προσληφθεῖσα,
1482 4196 1616 4267 αὐτὴ
1649 4197 1746 4267 μὲν
1780 4197 1856 4260 ὡς
1894 4214 2024 4266 συγ-

447 4292 593 4356 γενεῖ
606 4289 818 4343 ἑνοῦται
837 4288 916 4360 τῷ
946 4289 1234 4358 πνεύματι,
1255 4291 1390 4360 ὅπερ
1407 4289 1716 4360 205ἐστὶν
1737 4288 2022 4361 ἀνθρώπου

2123 3117 2236 3157 suae
2293 3096 2718 3155 considerationi
2785 3092 3156 3150 consentiunt.
3230 3088 3574 3158 Quapropter
3625 3085 3696 3142 ad

2124 3194 2247 3248 illos
2269 3190 2572 3256 adeundos,
2604 3188 2699 3258 qui
2730 3187 2881 3254 ipsos
2915 3197 3134 3240 servare
3157 3181 3393 3251 possint,
3428 3181 3568 3234 fiunt
3601 3193 3694 3233 se-

2123 3286 2374 3357 gniores;
2404 3297 2630 3350 eosque.
2652 3278 2721 3333 ab
2747 3275 3136 3331 insidiantibus
3160 3271 3501 3327 daemonibus
3524 3269 3697 3339 capti,

2124 3375 2396 3445 ignorant.
2455 3371 2642 3440 Itaque
2669 3383 2766 3439 per
2805 3367 3037 3421 latentes
3080 3363 3137 3419 in
3180 3377 3371 3419 eorum
3405 3361 3698 3416 animabus

2123 3468 2398 3522 daemones
2429 3464 2589 3518 datur
2617 3461 2725 3515 illis
2759 3457 3010 3528 intelligi,
3037 3471 3097 3511 se
3121 3471 3228 3510 non
3263 3471 3295 3510 a
3324 3455 3572 3510 dzemone
3605 3467 3695 3507 ve-

2125 3558 2263 3625 xari,
2295 3556 2389 3612 sed
2421 3570 2450 3620 a
2475 3552 2720 3623 corporis
2760 3549 2977 3613 morbo,
3001 3547 3238 3617 exempli
3279 3547 3454 3618 gratia
3492 3545 3579 3600 vel
3626 3543 3696 3598 ab

2123 3653 2237 3710 acri
2267 3649 2518 3715 materia,
2542 3647 2626 3702 vel
2677 3661 2708 3700 a
2738 3644 2866 3707 bile,
2893 3641 2978 3696 vel
3013 3656 3044 3696 a
3071 3638 3266 3710 pituita
3286 3678 3302 3704 ,
3330 3638 3416 3692 vel
3462 3653 3494 3691 a
3525 3635 3701 3691 nimio.

2125 3743 2411 3813 sanguine,
2442 3739 2528 3794 vel
2559 3737 2627 3792 ab
2654 3735 2990 3791 inﬂammata
3012 3731 3222 3787 cerebri
3246 3729 3587 3793 membrana,
3609 3726 3698 3782 vel

2125 3837 2193 3891 ab
2225 3833 2332 3888 alio
2374 3830 2654 3902 quopiam.
2710 3827 2870 3894 Quod
2923 3824 3026 3880 etsi
3057 3833 3235 3889 esset,
3295 3836 3472 3891 neque
3514 3820 3694 3890 ipsum

2123 3926 2396 3982 desineret
2419 3936 2541 3977 esse
2567 3919 2834 3975 daemonis
2851 3916 3078 3987 species.
3103 3913 3441 3970 Universalis
3463 3911 3611 3966 enim
3630 3923 3696 3964 ac

2128 4012 2404 4070 terrestris
2420 4011 2624 4078 anima,
2651 4019 2874 4079 propter
2899 4021 3094 4062 omnes
3113 4005 3266 4060 cibos
3289 4009 3604 4073 penetrans,
3628 4014 3697 4055 ex

2125 4106 2298 4163 nimio
2330 4105 2589 4159 alimento
2624 4100 2790 4156 nimis
2816 4107 3122 4168 assumpta,
3155 4098 3275 4168 ipsa
3316 4095 3536 4166 quidem
3573 4091 3695 4146 uni-

2126 4208 2216 4254 tur
2239 4196 2455 4268 spiritui
2483 4202 2742 4262 tanquam
2766 4190 2934 4253 aﬂini,
2955 4191 3058 4244 hoc
3084 4197 3168 4244 est
3194 4185 3434 4241 hominis
3463 4183 3691 4246 animae;

2126 4287 2273 4359 quod
2299 4298 2480 4341 autem
2514 4285 2568 4338 in
2602 4283 2937 4337 nutrimento
2984 4294 3232 4335 crassum
3255 4286 3358 4343 est,
3414 4287 3698 4330 cum~cor--

445 4381 611 4454 ψυχὴ,
645 4383 705 4436 τὸ
737 4381 794 4434 δὲ
827 4381 927 4452 τῆς
958 4381 1162 4452 τροφῆς
1198 4381 1398 4446 ὑλῶδες
1439 4382 1518 4453 τῷ
1567 4381 1778 4453 σώματι
1827 4383 2023 4436 ένωθὲν

2129 4396 2258 4452 pore
2281 4380 2497 4434 unitum
2521 4385 2580 4431 ut
2603 4391 2764 4446 grave
2788 4375 2864 4429 illi
2889 4374 3214 4443 relinquitur
3238 4383 3530 4426 venenum.
3550 4365 3699 4431 Quo-

448 4472 523 4536 ὡς
554 4473 723 4536 δεινὸς
741 4472 890 4544 αὐτῷ
909 4472 1258 4526 ὑπολείπεται
1293 4474 1387 4538 ίὸς.
1423 4473 1515 4528 Διὸ
1542 4475 1632 4527 ἐπὶ
1677 4473 1892 4528 πάντων
1923 4493 2022 4529 κα-
2063 4511 2071 4519 -

445 4564 536 4618 λδν
561 4567 593 4635 ἡ
623 4565 942 4636 αὐτάρκεια.

517 4653 653 4708 XIII.
689 4655 845 4719 Τινὲς
862 4655 918 4708 δὲ
939 4656 1048 4708 τῶν
1078 4655 1402 4727 κακούργων
1431 4657 1703 4730 δαιμόνων
1729 4659 1903 4725 ἄλλως
1931 4661 2018 4714 ὲν-

453 4743 782 4816 εδρεύουσιν.
819 4748 929 4818 Τὴν
950 4747 1126 4818 ἀρχὴν
1149 4748 1270 4801 οὐδὲ
1298 4749 1381 4802 ὅτι
1401 4750 1446 4781 ⁷⁸
1474 4750 1612 4805 εἰσὶν
1643 4752 2016 4821 ἐμφαίνοντες,

2130 4473 2275 4530 circa
2301 4471 2356 4525 in
2384 4468 2639 4526 omnibus
2660 4468 2804 4522 bona
2826 4475 2910 4522 est
2934 4464 3243 4534 frugalitas.

2192 4650 2336 4705 XIII.
2371 4646 2475 4702 Alii
2499 4661 2632 4701 vero
2655 4643 3056 4699 malitiosorum
3089 4641 3399 4696 daemonum
3435 4639 3698 4696 insidian-

2126 4754 2212 4802 tur
2236 4744 2413 4798 aliter.
2444 4737 2767 4794 Nullatenus
2789 4737 2934 4792 enim
2961 4733 3312 4789 manifestam
3333 4750 3410 4801 se,
3426 4748 3492 4788 ne
3508 4741 3699 4788 contra

1751 4908 1987 4964 VARUE
2025 4903 2425 4964 LECTIONES.

525 5001 574 5038 “
599 5002 725 5065 τοῦς
741 5001 800 5056 C.
825 5000 962 5055 Tum
1105 5000 1321 5072 ὀδόντας
1348 5007 1403 5055 et
1434 4998 1508 5072 ’τὸἒ
1522 4999 1728 5072 ἐκείνου
1771 5002 1962 5056 αἰδοῖα.
2041 5009 2085 5041 θ’
2134 5002 2290 5072 δῆλον
2312 4993 2524 5072 ΔὅτιᾘοΪ

2629 4993 2676 5030 ⁷ο
2706 4992 2764 5047 Ci
2811 5008 2870 5046 τε
2916 4998 3040 5046 ante
3091 4991 3272 5058 πάσης
3329 4989 3486 5043 omisi
3543 5003 3592 5042 c.
3631 4986 3695 5058 0.

455 5073 502 5112 τί
525 5072 602 5142 τῷ
621 5057 742 5152 ~07"
765 5071 1231 5191 διαμαρτύρεσθαι
1259 5057 1324 5123 0.
1400 5069 1792 5191 "'Epczﬁticma
1822 5073 1882 5126 C.
1918 5072 2056 5127 Tum
2083 5073 2140 5126 δέ
2163 5057 2272 5126 οἰιι.
2302 5066 2366 5122 0.
2429 5068 2476 5101 ’⁸
2507 5063 2828 5134 ὲκνοηθῆναι
2854 5061 2914 5116 C.
2945 5061 3146 5115 Deinde
3169 5057 3261 5112 τοῦ
3287 5061 3342 5112 ὲν
3361 5059 3507 5129 αὐτῴ
3533 5075 3584 5127 p.
3606 5057 3698 5110 τοῦ

455 5142 650 5191 ἑαυτου
682 5141 747 5191 0.
822 5147 868 5180 τε
891 5142 1029 5191 ἀαελ
1072 5159 1150 5191 σει
1175 5141 1237 5191 Ο.
1314 5147 1361 5179 ἰσ
1391 5139 1483 5191 βου
1519 5156 1667 5191 ονται
1699 5120 1786 5191 ὸ·.
1809 5150 1867 5191 ut
1889 5144 2062 5191 voluit
2092 5143 2150 5191 S-
2191 5140 2436 5191 ϐούλεται
2459 5134 2517 5189 C.
2600 5139 2645 5170 ⁷⁷
2681 5133 2756 5191 Ita
2809 5137 2866 5190 S.
2895 5149 3020 5191 τους
3053 5127 3258 5191 alisque
3294 5138 3517 5184 accentu
3575 5131 3694 5182 cod.

455 5139 650 5196 ἑαυτοῦ
682 5141 747 5197 0.
822 5139 872 5180 τέ
891 5139 1150 5212 ἀμελήσει
1175 5141 1237 5195 0.
1294 5147 1361 5212 7"
1391 5139 1483 5212 βού

1519 5120 1789 5212 agenti
2088 5120 2436 5212 ﬁcales}:
2555 5205 2569 5212 ἢ
2600 5120 2772 5212 "ﬁta
2895 5127 3258 5212 coug_alisque
3294 5120 3547 5212 accentit'
3575 5131 3694 5212 cog.

452 5214 536 5284 Ci,
564 5213 655 5282 qui
688 5196 782 5268 καὶ
796 5196 1016 5284 τούτους
1049 5196 1351 5284 proposuit,
1381 5196 1507 5274 τούς
1538 5209 1602 5265 0.
1678 5215 1725 5247 ⁷⁸
1758 5196 1998 5284 ἀμετρία
2017 5196 2080 5268 0.
2110 5196 2200 5248 “"9.
2226 5213 2331 5268 Pro
2357 5208 2439 5261 ὅτι
2463 5204 2502 5261 S
2555 5204 2659 5276 legi
2685 5211 2803 5265 vult
2829 5203 2984 5268 ὅλως.
3011 5201 3150 5257 Tum
3166 5196 3367 5258 inserui
3393 5201 3529 5253 εἰσίν
3553 5216 3600 5255 c.
3632 5196 3695 5254 0.

459 5280 664 5339 Deinde
704 5285 738 5354 ἡ
778 5282 1065 5338 delendum
1100 5280 1254 5351 putat
1297 5280 1356 5335 S.

1747 5392 2116 5452 VARIORUM
2146 5381 2377 5453 Nom.

528 5511 644 5582 (23)
672 5510 740 5566 S:
769 5513 803 5582 ὴ
831 5508 920 5564 διὰ
943 5508 1086 5582 conj.
1121 5510 1370 5582 Neander
1403 5517 1575 5582 gnoﬁst.
1619 5508 1764 5576 Syst.
1806 5523 1858 5577 p.
1891 5508 2017 5582 4I8.

461 5578 666 5653 Vocem
689 5578 838 5653 αἰτίᾳ
856 5580 1144 5653 explicavit
1165 5578 1473 5653 Crednerus
1497 5581 1551 5636 in
1567 5579 2024 5653 commentatione

467 5666 564 5707 sua
591 5652 659 5709 de
689 5647 994 5711 Essénis'ct
1022 5649 1294 5706 Ebionacis
1324 5649 1535 5731 (Winer
1554 5692 1569 5720 ,
1619 5647 1873 5706 Zeitschr.
1908 5650 2014 5720 fur.

2130 5509 2272 5590 wiss.
2313 5507 2496 5590 [lico].
2535 5507 2694 5578 I829)
2728 5523 2780 5579 p.
2807 5509 2932 5565 282.
2969 5509 3075 5566 τῶι
3097 5488 3224 5565 ante
3248 5505 3468 5581 βρωτῶν
3493 5509 3697 5564 adscri-

2133 5581 2214 5650 psi
2239 5597 2285 5636 c.
2319 5576 2381 5637 Ο.
2429 5576 2680 5634 Dnussu.
