4084 6148
416 272 517 329 εει

1261 268 1318 325 S.
1354 267 1738 324 CLEMENTIS
1774 270 1795 324 1
1825 268 1989 326 ROM.
2029 268 2228 327 ΡΟΝΤ.
2265 270 2492 328 OPERA
2528 273 2754 332 DUBIA.

3472 336 3483 345 ,
3553 275 3660 333 252

419 388 546 445 illos
556 386 875 444 adhibeatur
888 384 1491 456 diligentia,opportune
1502 386 1984 451 autem,oceasione

2094 385 2245 451 ὅπως
2274 388 2310 459 ἡ
2337 391 2458 442 κατ’
2490 389 2675 445 αὐτῶν
2696 390 2897 462 σπουδὴ
2923 391 2996 462 μὴ
3028 391 3272 462 γένηται,
3301 390 3569 464 εὐκαίρως
3599 394 3660 449 δὲ

418 479 741 541 ἱτωωηονίε
769 484 863 533 aut
881 476 1102 532 alterius
1117 475 1419 545 eujuspiam
1446 487 1666 546 repente
1677 493 1771 533 seu
1791 476 1988 548 gladio,

418 581 514 622 seu
540 567 748 636 laqueo,
768 579 864 622 seu
906 564 1224 636 praecipitio,
1277 579 1372 619 seu
1402 566 1509 619 alio
1529 568 1763 635 quodam
1791 578 1987 623 contu-

416 659 633 713 mellam
666 659 909 712 inferunt
949 656 1187 725 corpori,
1209 655 1342 709 etin
1376 655 1481 711 fine
1504 659 1776 727 punitioni
1807 660 1983 730 subji-

415 749 569 805 ciunt
596 754 847 819 deceptas
875 749 941 803 ab
973 748 1107 818 ipsis
1133 762 1323 802 eorum
1366 751 1599 816 animas,
1653 751 1985 822 quibuscum

416 843 568 898 fuere
597 826 868 914 permisti,
920 843 1059 896 sicut
1087 840 1348 909 diximus,
1399 845 1649 900 abeundo
1703 846 1757 900 in
1805 847 1985 917 ignem

413 934 800 1002 expiatorium.
825 932 928 985 Alii
960 946 1088 985 vero
1121 934 1368 988 homines
1391 934 1548 988 aliter
1579 935 1806 990 insidias
1834 936 1984 1006 passi

414 1039 525 1077 non
555 1025 817 1078 accedunt
850 1024 921 1078 ad
944 1042 1065 1093 nos,
1096 1025 1306 1095 decepti
1356 1025 1723 1094 malignorum
1769 1025 1977 1079 daemo-

414 1130 545 1169 num
596 1114 1049 1183 inspirationihus
1079 1158 1094 1183 ,
1150 1125 1410 1186 tanquam
1460 1131 1496 1169 a
1538 1116 1643 1170 diis
1691 1116 1825 1185 ipsis
1878 1117 1982 1172 ista

414 1213 636 1275 propter
664 1205 975 1274 religionem
1006 1222 1134 1277 erga
1170 1221 1266 1262 eos
1293 1208 1590 1275 patiantur,
1618 1207 1833 1276 possint
1854 1224 1983 1263 vero

415 1313 511 1367 per
551 1298 820 1353 sacriﬁcia
854 1299 905 1353 in
933 1300 1162 1368 gratiam
1207 1315 1331 1354 cum
1367 1299 1437 1356 iis
1486 1300 1684 1363 redire,
1722 1300 1982 1371 quodque

414 1403 527 1441 non
572 1389 804 1443 debeant
832 1389 991 1443 nobis
1038 1390 1315 1457 accedere,
1343 1392 1435 1446 sed
1464 1400 1654 1446 contra
1710 1392 1897 1462 fugere
1919 1410 1983 1450 ac

415 1486 541 1541 odio
592 1488 870 1557 prosequi.
928 1487 1131 1558 Sicque
1159 1490 1392 1544 oderunt
1417 1505 1483 1544 ac
1536 1488 1816 1561 refugiunt
1864 1506 1981 1557 eos,

415 1576 508 1644 qui
541 1577 753 1632 iilorum
772 1579 954 1647 potius
982 1580 1334 1646 miserentur,
1350 1581 1555 1650 quique
1585 1581 1708 1637 illos
1729 1583 1796 1636 ad
1817 1582 1983 1638 bene-

416 1665 541 1721 llcia
571 1666 956 1738 insequuntur.
982 1676 989 1681 '

2091 475 2259 549 ὀργῆς
2277 480 2807 552 προφάσει,ἒρωτος,
2829 482 2862 552 ἢ
2884 481 3044 535 ἄλλου
3075 481 3244 546 τινος,
3270 481 3394 551 ἤτοι
3421 482 3469 513 ⁸⁸
3489 483 3654 551 ξίφει,

2088 568 2128 638 ἢ
2158 568 2353 642 βρόχῳ,
2402 571 2435 642 ἢ
2468 573 2717 644 κρημνῷ,
2748 573 2781 644 ἢ
2834 573 3005 644 ἑτέρῳ
3056 572 3164 624 τινὶ
3199 572 3260 625 τὸ
3292 572 3450 643 σῶμα
3477 574 3657 642 αὶιφνι-

2085 656 2213 722 δίως
2234 659 2623 733 ἐνυϐρίζουσιν,
2642 664 2736 716 καὶ
2757 664 2837 727 είς
2864 661 3014 725 τέλος
3035 661 3502 734 κολασθησομένας
3523 663 3654 716 καθ-

2088 746 2285 800 εστῶσι
2307 748 2351 779 ⁸⁸
2420 749 2527 802 τῶν
2593 750 3048 823 ἀνακεκραμένων
3084 749 3184 813 τάς
3228 751 3585 822 ἠπατημένας
3606 754 3654 785 ⁸³

2085 837 2270 901 αὐτοῖς
2296 839 2491 909 ψυχὰς,
2527 841 2604 904 ῶς
2647 841 2874 913 ἔφαμεν,
2933 844 3013 906 εἰς
3042 843 3104 895 τὸ
3135 842 3428 914 καθάρσιον
3473 846 3656 917 χωρή-

2088 946 2277 994 σαντες
2332 930 2461 1003 πῦρ.
2528 933 2708 987 ιἈλλοι
2766 934 2822 987 δέ
2880 934 3054 998 ἄλλως
3117 934 3520 1007 ἐνεδρευόμενοι
3586 938 3650 990 οὐ

2086 1023 2370 1093 προσίασιν
2403 1024 2553 1094 ἡμῖν,
2596 1027 2716 1088 ταῖς
2752 1025 2860 1079 τῶν
2891 1025 3214 1096 κακούργων
3257 1025 3525 1096 δαιμόνων
3557 1029 3646 1081 ἐν-

2084 1113 2381 1186 θυμήσεσιν
2401 1115 2772 1187 ἀπατώμενοι,
2795 1118 2871 1180 ὡς
2902 1116 3008 1171 ὑπὸ
3042 1116 3140 1188 μὲν
3170 1115 3279 1169 τῶν
3311 1115 3448 1170 θεῶν
3471 1117 3651 1173 αὐτῶν

2081 1201 2259 1257 ταῦτα
2315 1205 2615 1274 πάσχοντες
2672 1204 2762 1259 διὰ
2791 1206 2890 1277 τὴν
2936 1205 3075 1277 πρὸς
3136 1206 3336 1268 αὐτοὺς
3367 1205 3647 1276 ἀμέλειαν,

2084 1294 2294 1359 θυσίαις
2313 1295 2370 1349 δὲ
2397 1296 2594 1359 αὐτοὺς
2622 1296 2958 1352 διαλλάσσειν
2982 1295 3291 1367 δυνάμενοι,
3325 1299 3418 1351 καὶ
3451 1299 3533 1356 ὅτι
3574 1299 3648 1370 μὴ

2083 1385 2188 1455 χρὴ
2220 1385 2417 1449 αὐτοὺς
2450 1387 2579 1455 ἡμῖν
2610 1386 2912 1457 προσιέναι,
2940 1384 3076 1439 ἀλλά
3102 1387 3404 1441 τούναντίον
3428 1389 3663 1458 φεύγειν-

2076 1471 2172 1525 καὶ
2217 1474 2416 1543 μισεῖν.
2446 1472 2557 1527 Καὶ
2597 1472 2747 1545 ὁμῶς
2770 1471 2815 1505 ⁸³
2845 1473 3063 1544 μισοῦσι
3095 1475 3191 1531 καὶ
3234 1474 3492 1546 φεύγουσι
3519 1479 3646 1544 τοὺς

2078 1561 2278 1634 μᾶλλον
2309 1562 2590 1629 ἐλεοῦντας
2626 1563 2674 1597 ⁸⁸
2701 1564 2796 1620 καὶ
2839 1566 2929 1620 ἐπ’
2967 1566 3258 1641 εὐεργεσίᾳ
3299 1569 3499 1635 αὐτοὺς
3524 1571 3650 1625 διώ-

2075 1670 2292 1720 κοντας.

485 1756 628 1813 XIV.
675 1727 810 1814 D'um
857 1760 1152 1830 igiturnos
1203 1765 1331 1820 odio
1367 1766 1569 1821 habent
1621 1773 1675 1820 et
1731 1764 1983 1836 fugiunt,

2155 1761 2294 1818 XIV.
2327 1762 2630 1829 Μισοῦντες
2658 1759 2755 1819 οὖν
2783 1766 2876 1819 καὶ
2909 1764 3198 1835 φεύγοντες
3222 1765 3369 1836 ἡμᾶς
3405 1762 3651 1843 ἐνεδρεύτ-

418 1850 637 1906 iusidiis
688 1862 1041 1922 appetuntur,
1091 1856 1265 1925 ignari
1310 1856 1456 1912 unde
1510 1858 1646 1927 ipsis
1682 1858 1984 1929 contingat,

415 1949 479 1996 ut
505 1944 782 1998 contraria
823 1945 982 1999 saluti
1019 1962 1133 2002 suae
1165 1949 1422 2003 sentiant.
1471 1946 1657 2018 Neque
1682 1948 1826 2002 enim
1852 1964 1975 2016 nos,

416 2035 462 2089 si
487 2036 663 2089 nolint
691 2036 758 2090 ad
794 2037 1025 2102 salutem
1056 2039 1411 2108 prependere,
1445 2054 1639 2111 cogere
1662 2055 1757 2094 eos
1782 2055 1983 2109 possu-

413 2140 560 2189 mus,
590 2125 719 2195 quia
748 2134 953 2181 tantam
996 2145 1143 2185 nunc
1165 2145 1274 2185 non
1305 2130 1569 2186 habemus
1618 2131 1674 2184 in
1701 2132 1849 2200 ipsos
1878 2146 1980 2201 po-

416 2224 702 2281 testatem,
747 2232 925 2287 neque
959 2219 1076 2288 'ipsi
1128 2236 1157 2274 a
1210 2220 1403 2289 seipsis
1451 2236 1673 2290 pravam
1721 2222 1984 2277 daemonis

416 2304 831 2382 inspirationem
885 2320 1115 2377 possunt
1169 2310 1469 2382 intelligere
1501 2327 1513 2361 :
1548 2311 1799 2366 nesciunt
1836 2311 1982 2366 enim

415 2396 560 2452 unde
588 2397 692 2453 sibi
721 2380 986 2454 malorum
1035 2380 1396 2473 suggerantur
1421 2402 1800 2467 cogitationes.
1845 2401 1985 2457 Sunt

415 2498 595 2543 autem
622 2490 720 2557 illi,
761 2506 902 2560 quos
924 2492 1198 2547 dremones
1220 2509 1329 2562 qua
1358 2493 1553 2547 volunt
1581 2492 1754 2547 forma
1813 2508 1982 2562 appa-

415 2588 625 2646 rentes,
659 2589 885 2636 terrent.
960 2583 1237 2636 Interdum
1282 2596 1418 2637 vero.
1467 2583 1686 2651 aegrotis
1741 2583 1985 2638 remedia

414 2669 803 2739 praescribunt.
843 2670 1021 2738 Atque
1048 2672 1122 2724 ita
1179 2671 1366 2736 abiis,
1397 2687 1536 2740 quos
1571 2672 1723 2741 prius
1764 2673 1987 2742 decepe-

414 2768 565 2827 runt,
606 2760 831 2815 deorum
876 2761 1138 2816 honorem
1199 2770 1496 2831 reportant.
1554 2762 1622 2818 Et
1676 2764 1824 2833 quod
1869 2764 1983 2820 dae-

414 2865 610 2905 mones
644 2851 793 2918 sint,
839 2850 1040 2906 multos
1091 2853 1252 2919 latet,
1302 2867 1413 2908 non
1472 2861 1653 2909 tamen
1701 2870 1804 2911 nos
1833 2899 1848 2923 ,
1886 2855 1983 2925 qui

414 2957 608 2997 eorum
670 2941 876 2997 scimus
905 2943 1248 3012 mysterium,
1282 2958 1447 3013 quam
1492 2945 1563 3000 ob
1610 2940 1837 3002 causam
1869 2947 1984 3003 haec

414 3030 641 3099 faciant,
672 3043 735 3087 ut
752 3032 808 3087 in
836 3032 1062 3088 somniis
1075 3049 1132 3088 se
1155 3034 1544 3092 trausformeut
1568 3037 1831 3093 adversus
1857 3038 1980 3095 illos
2002 3058 2053 3123 α

413 3126 509 3196 qui
561 3124 616 3179 in
653 3138 847 3180 eorum
908 3133 1038 3181 sunt
1106 3134 1392 3196 potestate,
1446 3136 1503 3184 et
1575 3130 1711 3185 alios
1760 3131 1977 3200 quidem

414 3224 677 3283 terreant,
732 3217 873 3273 alios
905 3233 1037 3273 vero
1080 3228 1340 3274 moneant
1395 3221 1636 3277 oraculis
1677 3230 1730 3276 et
1756 3231 1984 3293 poscant

414 3307 705 3375 sacriﬁcia,
744 3324 811 3364 ac
855 3324 1040 3365 secum
1064 3309 1210 3365 vesci
1236 3310 1487 3382 jubeant,
1514 3327 1624 3382 quo
1648 3312 1864 3369 illorum
1888 3315 1984 3370 de-

414 3401 648 3473 glutiant
674 3402 908 3458 animas.

484 3494 632 3566 ΧΠ
655 3495 1124 3563 Quemadmodum
1183 3496 1331 3552 enim
1381 3497 1506 3551 tetri
1552 3506 1834 3567 serpentes
1880 3513 1983 3556 suo

416 3586 591 3642 halitu
652 3600 905 3657 passeres
957 3586 1259 3652 attrahunt,
1284 3586 1382 3647 :sic
1433 3594 1489 3641 et
1535 3585 1812 3642 daemones
1863 3602 1981 3655 eos,

415 3680 508 3750 qui
557 3693 760 3735 mensae
799 3678 1021 3733 illorum
1070 3677 1363 3747 participes
1413 3686 1562 3743 sunt,
1618 3694 1714 3749 per
1741 3679 1895 3735 cibos
1924 3688 1980 3736 et

2084 1873 2256 1923 ονται,
2282 1858 2382 1911 οὐκ
2410 1856 2609 1920 εἰδότες
2641 1857 2801 1911 πόθεν
2828 1857 3010 1921 αὐτοῖς
3035 1855 3106 1910 τὰ
3137 1855 3352 1910 ἐναντία
3375 1858 3443 1928 τῇ
3470 1855 3652 1910 αὐτῶν

2086 1947 2329 2020 σωτηρίᾳ
2377 1950 2591 2018 φρονεῖν
2619 1948 2847 2017 γίνεται’
2898 1946 3021 2001 οὔτε
3079 1946 3190 2019 γὰρ
3240 1948 3402 2018 ἡμεῖς
3455 1948 3653 2011 αὐτοὺς

2088 2036 2164 2107 μὴ
2215 2035 2568 2108 βουλομένους
2607 2037 2744 2108 πρὸς
2802 2036 3073 2108 σωτηρίαν
3117 2035 3305 2092 νεῦσαι
3363 2036 3653 2107 βιάσασθαι

2083 2125 2378 2198 δυνάμεθα,
2408 2129 2530 2183 ἐπεὶ
2565 2128 2639 2199 μὴ
2660 2128 2926 2198 τοσαύτην
2967 2126 3062 2181 νῦν
3093 2130 3212 2181 κατ’
3245 2127 3423 2182 αὐτῶν
3455 2127 3653 2200 ἔχομεν

2084 2217 2349 2284 ἐξουσίαν,
2382 2218 2505 2273 οὔτε
2535 2219 2692 2273 αὐτοὶ
2730 2219 2822 2287 ἀφ’
2844 2219 3050 2271 ἑαυτῶν
3076 2219 3176 2290 τὴν
3202 2220 3379 2291 κακὴν
3406 2219 3503 2272 τοῦ
3535 2219 3653 2273 δαί-

2087 2327 2247 2381 μονος
2282 2309 2575 2382 ἐνθύμησιν
2604 2310 2792 2381 νοῆσαι
2812 2308 3084 2373 δύνανται,
3105 2310 3167 2362 οὺ
3196 2309 3305 2381 γὰρ
3336 2308 3512 2364 ἴσασιν
3530 2312 3652 2365 ὅθεν

2084 2402 2264 2467 αὐτοῖς
2299 2402 2461 2473 206
2480 2403 2537 2455 αἱ
2559 2400 2669 2456 τῶν
2684 2401 2867 2454 κακῶν
2891 2401 3212 2472 ἐνθυμήσεις
3241 2401 3657 2457 ὑποϐάλλονται.

2084 2495 2234 2547 Εἰσὶν
2261 2492 2317 2545 δὲ
2351 2486 2460 2563 (Ξᾶ)
2490 2484 2656 2555 οῦτοι,
2681 2490 2776 2550 οὓς
2805 2491 2854 2543 οἱ
2911 2488 3158 2560 δαίμονες
3196 2489 3317 2544 καθ’
3344 2489 3410 2554 ἃς
3437 2490 3653 2561 βούλονο

2082 2600 2172 2637 ται
2224 2582 2437 2653 μορφὰς
2493 2580 2906 2650 ἐπιφαινόμενοι
2945 2576 3222 2649 φοϐοῦσιν.
3264 2579 3415 2633 Ἔσθ’
3456 2582 3545 2633 ὅτε
3592 2581 3651 2634 δὲ

2084 2674 2179 2728 καὶ
2207 2678 2319 2738 τοῖς
2352 2672 2568 2727 νοσοῦσι
2598 2671 2894 2744 θεραπείας
2926 2670 3333 2734 συντάσσουσιν,
3364 2671 3461 2725 καὶ
3480 2670 3652 2735 οὔτως

2082 2767 2196 2828 τοῖς
2218 2761 2696 2835 προηπατημένοις
2730 2761 2871 2815 θεῶν
2902 2761 3058 2827 δόξαν
3107 2761 3490 2832 ἀποφέρονται.
3542 2763 3653 2815 Καὶ

2081 2856 2207 2918 τοὺς
2228 2853 2484 2924 δαίμονας
2494 2853 2539 2884 ⁸⁵
2565 2847 2708 2906 εἶναι
2743 2851 2869 2914 τοὺς
2888 2850 3112 2915 πολλοὺς
3132 2850 3498 2917 λανθάνουσιν,
3519 2851 3663 2909 ἀλλά

2082 2949 2179 3017 οὐχ
2190 2949 2223 3018 ἡ
2234 2947 2340 3016 μᾶς
2351 2944 2478 3008 τοὺς
2491 2943 2694 3007 εἰδότας
2714 2942 2890 2998 αὐτῶν
2906 2941 2966 2995 τὸ
2989 2942 3464 3013 μυστήριον,“τίνος
3490 2943 3656 2999 ἕνεκα
3695 2990 3710 3019 ε

2081 3035 2303 3091 τοιαῦτα
2343 3035 2698 3106 πράττουσιν,
2741 3032 2961 3095 ἑαυτοὺς
3008 3032 3125 3085 κατ’
3163 3030 3294 3103 ὄναρ
3313 3030 3432 3086 καθ’
3453 3027 3528 3086 ὧν
3553 3032 3654 3104 τὴν

2083 3127 2327 3196 ἐξουσίαν
2355 3127 2535 3198 ἔχουσι
2553 3142 2688 3197 μετα
2695 3116 3042 3196 μορφοῦντες,
3056 3122 3250 3187 καὶοὒς
3268 3124 3364 3194 μὲν
3378 3122 3654 3193 φοϐοῦσιν,

2083 3215 2164 3284 οἷς
2189 3220 2246 3273 δέ
2277 3215 2675 3292 χρηματίζουσι
2718 3217 2811 3269 καὶ
2844 3216 3033 3279 θυσίας
3064 3214 3353 3269 ἀπαιτοῦσι
3405 3215 3498 3269 καὶ
3532 3231 3656 3268 συν-

2084 3310 2365 3364 εστιᾶσθαι
2422 3307 2733 3363 κελεύουσιν
2755 3347 2771 3374 ,
2828 3306 2914 3361 ἴνα
2945 3304 3122 3360 αὐτῶν
3159 3305 3258 3368 τάς
3288 3304 3466 3376 ψυχὰς
3518 3323 3655 3376 συμ-

2084 3406 2311 3460 πίνωσιν
2341 3405 2408 3461 ⁸⁸.

2151 3496 2269 3553 XV.
2315 3498 2401 3562 Ὧς
2432 3495 2540 3568 γὰρ
2566 3497 2615 3548 οἱ
2648 3495 2811 3548 δεινοὶ
2844 3493 2999 3563 ὄφεις
3028 3496 3140 3558 τοῖς
3169 3493 3349 3549 αὐτῶν
3375 3494 3654 3564 πνεύμασι

2084 3591 2211 3655 τοὺς
2273 3587 2563 3662 στρούθους
2616 3586 2978 3652 ἐπισπῶνται,
3014 3585 3155 3640 οὕτω
3185 3587 3278 3639 καὶ
3329 3585 3481 3640 αὐτοὶ
3525 3585 3654 3649 τοὺς

2086 3675 2598 3748 μεταλαμϐάνοντας
2634 3678 2734 3749 τῆς
2775 3679 2956 3735 αὐτῶν
2999 3679 3298 3752 τραπέζης,
3327 3680 3416 3734 διά
3450 3696 3515 3749 γε
3546 3678 3656 3733 τῶν

414 3779 577 3842 potus
607 3771 758 3837 cumf
781 3778 962 3826 mente
995 3785 1188 3825 eorum
1242 3773 1525 3842 temperati
1573 3774 1642 3829 ad
1692 3790 1846 3831 suam
1874 3783 1984 3830 tra-

2084 3766 2304 3840 βρωτῶν
2334 3768 2430 3822 καὶ
2462 3769 2642 3823 ποτῶν
2682 3769 3083 3843 ἀνακραθέντες
3121 3772 3297 3826 αὐτῶν
3332 3769 3412 3842 τῷ
3440 3768 3548 3837 νῷ,
3574 3770 3655 3833 είς

415 3862 558 3918 hunt
606 3862 978 3926 voluntatem,
1039 3862 1500 3920 transformantes
1559 3882 1619 3921 se
1676 3866 1732 3921 in
1777 3867 1984 3923 somnis

2084 3858 2139 3913 τὸ
2165 3857 2294 3913 ἴδιον
2317 3858 2496 3916 αὐτῶν
2518 3860 2562 3893 ⁸⁷
2589 3859 2926 3916 ἐπισπῶνται
2950 3860 3218 3933 βούλημα,
3247 3860 3656 3932 μεταμορφοῦν-

415 3952 569 4022 iuxta
621 3954 827 4007 formas
883 3953 1322 4019 simulacrorum,
1361 3963 1422 4009 ut
1458 3970 1699 4012 errorem
1731 3965 1984 4028 augeant.

2084 3966 2167 4017 τες
2191 3951 2416 4014 ἑαυτοὺς
2444 3953 2563 4007 κατ’
2592 3953 2725 4027 ὄναρ
2746 3953 2886 4009 κατὰ
2913 3952 3011 4019 τὰς
3034 3952 3142 4009 τῶν
3171 3953 3373 4019 ξοάνων
3412 3953 3555 4016 ίδὲας
3582 3953 3630 3985 ⁸⁸

417 4039 554 4097 Nam
604 4044 956 4099 simulacrum
1013 4059 1190 4114 neque
1238 4045 1440 4100 animal
1494 4056 1598 4114 est,
1642 4063 1819 4119 neque
1853 4049 1984 4105 divi-

2089 4047 2177 4101 ἵνα
2207 4045 2307 4118 τὴν
2354 4043 2561 4115 πλάνην
2602 4042 2929 4114 αὐξήσωσιν.
2999 4042 3072 4095 Th
3122 4041 3230 4113 γὰρ
3292 4040 3479 4106 ξόανον
3533 4038 3656 4092 οὔτε

418 4150 553 4189 ιιιιιιι
603 4135 766 4190 habet
818 4135 1104 4207 spiritum;
1136 4138 1232 4207 qui
1280 4152 1412 4194 vero
1460 4140 1711 4209 apparuit
1751 4141 1984 4210 daemon,

2089 4134 2227 4203 ζῶόν
2279 4137 2447 4200 ἐστιν,
2510 4133 2635 4188 οῦτε
2700 4132 2842 4187 θεῖον
2886 4132 2999 4204 ἔχει
3040 4131 3276 4203 πνεῦμα,
3328 4133 3357 4185 ὁ
3388 4131 3445 4184 δὲ
3472 4130 3657 4200 ὀφθεὶς

421 4224 605 4295 specie
649 4225 856 4282 abusus
914 4236 1016 4282 est.
1084 4226 1228 4294 Quot
1277 4228 1531 4285 similiter
1583 4229 1836 4286 homines
1891 4247 1984 4302 per

2086 4227 2291 4301 δαίμων
2338 4229 2405 4299 τῇ
2459 4227 2637 4298 μορφῇ
2685 4225 3056 4296 ἀπεχρήσατο.
3092 4224 3254 4276 Πόσοι
3276 4223 3321 4255 ⁸⁸
3354 4224 3472 4277 κατ’
3526 4222 3658 4289 ὄναρ

422 4317 696 4376 somnium
744 4317 815 4373 ab
864 4317 987 4373 aliis
1022 4319 1126 4375 visi
1157 4329 1288 4374 sunt
1351 4328 1405 4375 et
1462 4320 1605 4375 inter
1648 4321 1984 4393 vigilandum

2087 4320 2284 4393 ὁμοίως
2338 4319 2515 4384 ἄλλοις
2544 4317 2823 4389 ὤφθησαν,
2857 4318 2951 4370 καὶ
2984 4315 3131 4387 ὕπαρ
3176 4312 3663 4386 συναντήσαντες⁹⁸

420 4408 570 4464 obvii
615 4406 785 4475 facti,
839 4406 1091 4478 factaque
1158 4408 1570 4479 comparatione
1627 4391 1753 4465 cum
1810 4413 1984 4467 somni

2093 4391 2343 4484 ἀλλήλοις
2375 4411 2512 4485 πρὸς
2557 4411 2620 4464 τὸ
2640 4410 2758 4464 κατ’
2791 4408 2923 4482 ὄναρ
2984 4406 3388 4471 ἀντιϐἀλλοντες
3435 4406 3497 4459 οὐ
3533 4422 3658 4458 συν-

420 4499 565 4568 viso,
607 4515 718 4555 non
760 4501 1214 4555 consenuerunt?
1243 4499 1392 4556 Adeo
1440 4510 1501 4556 ut
1521 4502 1857 4560 insomnium
1884 4504 1984 4561 hoc

2094 4504 2379 4578 εφὼνησαν
2398 4521 2413 4571 ;
2431 4503 2571 4557 ὥστε
2601 4502 2699 4556 οὐκ
2730 4500 2983 4571 ἑτι207
2996 4499 3128 4571 ὄναρ
3156 4499 3657 4568 ἐπιφάνειαυέκεῖ-

420 4591 533 4663 jam
578 4606 687 4646 non
730 4591 804 4646 sit
854 4589 1147 4662 apparitio,
1182 4592 1277 4646 sed
1326 4592 1571 4648 accessio
1604 4593 1688 4648 vel
1717 4593 1984 4651 dremonis

2093 4601 2153 4654 v6
2179 4599 2346 4662 ἐστιν,
2380 4593 2493 4651 ἀλλ’
2525 4592 2560 4664 ἢ
2594 4590 2845 4662 δαίμονός
2891 4592 3038 4643 ἐστιν
3071 4589 3104 4660 ἢ
3138 4588 3317 4661 ψυχῆς
3341 4588 3409 4642 τὰ
3441 4589 3487 4621 ⁸³
3534 4589 3658 4641 ἐπι-

423 4683 508 4739 vel
543 4685 740 4738 anima:
766 4695 820 4750 α,
886 4697 1008 4753 quae
1055 4698 1123 4738 ex
1167 4683 1527 4753 praesentibus
1581 4693 1637 4738 et
1693 4685 1984 4756 cupiditate

2095 4690 2409 4761 γεννήματα
2438 4686 2556 4748 τοῖς
2588 4681 2846 4755 παριοῦσι
2879 4680 3061 4750 φόϐοις
3108 4680 3203 4733 καὶ
3233 4678 3496 4749 ἐπιθυμίᾳ
3523 4678 3660 4732 ἀπο-

496 4795 945 4869 ιοοιιει-ιιειιιίιιε
972 4795 1160 4852 Graeco
1184 4804 1487 4853 verteretur
1518 4816 1532 4852 :
1569 4813 1684 4868 qua:
1712 4799 1934 4853 instanti
1957 4802 2135 4856 timori
2166 4800 2242 4855 vel
2276 4796 2561 4869 cupiditati
2593 4795 2794 4865 formas
2821 4793 3088 4848 attribuit.
3120 4790 3280 4847 Ευιτ.
3310 4789 3550 4848 ΡΑτιιοι..

1729 4889 1964 4947 VARUE
2001 4889 2402 4948 LECTIONES.

500 4981 548 5058 ξ’
570 4981 605 5053 ἡ
624 4997 687 5058 τε
788 4984 934 5058 ,ῌῆτε
959 4981 1039 5058 S._
1088 4981 1478 5058 '{fdQEG‘antV
1522 4980 1563 5036 C
1605 4981 1970 5058 ,καθιστᾶσιν
1993 4982 2051 5038 S.
2127 4982 2567 5058 ωλῆςιταςιημένους
2588 4984 2651 5036 0.
2686 5052 2696 5058 _
2727 4979 2774 5012 ⁸³
2789 4977 2866 5058 Ita
2895 4976 2934 5032 S
2962 5018 2987 5058 ,_
3000 4975 3097 5058 qui
3127 4974 3299 5039 οὕτως
3322 4974 3663 5058 εοηίτκδιξῳς

425 5050 565 5129 C_,
583 5043 605 5129 ι’
647 5051 695 5083 ⁸⁸
715 5043 977 5129 ἐλεῶντας
1000 5052 1063 5108 C.
1120 5052 1165 5129 ξ’
1188 5054 1314 5116 τοὺς
1325 5051 1596 5129 ῥαίμονας
1607 5043 1735 5129 dedi
1756 5068 1821 5107 ex
1839 5043 2471 5129 conject._,_'r96_'8at_tp§vo;
2496 5043 2582 5129 C_;,
2608 5052 2701 5122 qui
2724 5047 2988 5129 pOPj.AT05
3009 5043 3373 5129 §g£pgyagﬂut
3392 5043 3475 5129 es}
3496 5043 3659 5129 Q‘.

427 5069 565 5115 b,U.
647 5069 695 5083 ν’
715 5069 977 5118 ελεωντας
1000 5069 1063 5108 υ.
1120 5069 1165 5085 ο·
1188 5069 1314 5116 τους
1338 5069 1421 5106 οαι
1467 5069 1596 5115 ονας
1615 5069 1735 5106 aeut
1756 5069 1821 5107 ex
1839 5069 1937 5108 con
1964 5069 2091 5116 eet.,
2108 5070 2203 5106 του
2220 5069 2471 5124 οαιμονος
2496 5069 2537 5107 υ
2567 5091 2582 5114 ,
2608 5069 2701 5122 qui
2727 5069 2870 5118 con].
2895 5069 2988 5101 του
3011 5069 3287 5116 οαιμονας,
3314 5069 3373 5101 υι
3392 5069 3475 5101 est
3496 5069 3549 5099 ιιι
3571 5069 3615 5099 υ

427 5122 490 5177 τὸ
509 5121 840 5204 δαίμονες
902 5123 949 5155 ⁸⁸
962 5122 1297 5204 συμπίνωσιν
1316 5070 1468 5204 _S,
1488 5163 1504 5189 ,
1535 5121 1891 5204 συμπίνουσιν
1926 5069 2000 5204 (ξι
2029 5123 2107 5204 ,⁸⁷
2134 5124 2202 5204 _8r.’
2230 5123 2487 5204 aﬁttbvnp.
2520 5122 2652 5204 ἴδιον
2678 5119 2856 5204 αῦτῶν
2978 5203 2983 5204 ν
3008 5116 3055 5204 δέ
3080 5116 3256 5204 είδέας
3281 5115 3343 5204 0.
3374 5116 3465 5204 η⁸ξ

430 5210 492 5247 ex
520 5182 754 5263 conject:
776 5193 831 5248 in
859 5182 1249 5260 margfmdaor;
1278 5192 1351 5247 id.
1369 5182 1450 5246 'in
1490 5182 1692 5263 textu,
1721 5201 1784 5263 ut
1815 5190 1879 5263 0.
1954 5192 2001 5225 ’°
2029 5191 2107 5248 Ita
2134 5194 2188 5247 iu
2214 5203 2384 5260 marg.
2408 5182 2449 5248 (ξ
2482 5233 2498 5257 ,
2525 5193 2620 5262 qui
2640 5192 2693 5245 in
2715 5199 2863 5263 textu
2889 5188 3476 5258 ὑπερσυναντήσαντες,
3504 5195 3563 5239 ιιι
3591 5182 3657 5237 0.

431 5265 473 5297 "
494 5260 780 5335 ἐπιφανείη
820 5264 882 5320 0.
943 5263 1071 5318 ⁸³τά
1090 5263 1285 5320 melius
1311 5263 1545 5319 abesset.
1576 5261 1635 5317 S.
1662 5260 1864 5318 Deinde
1883 5263 2118 5387 «reﬁciam
2146 5263 2191 5319 (1
2237 5280 2305 5319 ex
2330 5260 2586 5334 conjectl,
2620 5260 2791 5331 παρία
2813 5260 2868 5313 in
2895 5268 3061 5312 testu.

1454 5373 1463 5383 .
1747 5330 1960 5387 VARIO
2014 5332 2112 5387 UM
2138 5332 2367 5387 NOTjE.

1747 5330 2112 5390 VARIORUM
2138 5332 2367 5390 ΝΟΤΛΕ.

505 5425 621 5496 (2t)
654 5424 958 5503 Cotelerius
997 5425 1052 5481 in
1089 5427 1340 5503 versione
1374 5425 1985 5503 vehementerJabitur.
2100 5427 2335 5503 diversas
2374 5425 2629 5503 imagines
2666 5430 2976 5503 apparentes
3042 5420 3308 5503 interdum
3352 5416 3525 5503 allium

433 5484 703 5567 Caeterum
726 5495 914 5567 Gratea
950 5512 1168 5567 quoque
1193 5497 1337 5553 haud
1366 5513 1497 5567 sana
1528 5504 1678 5567 sunt.
1732 5495 1987 5553 Fortasse
2097 5499 2358 5567 tendunt,
2389 5484 2656 5567 interdum
2679 5484 2998 5567 ςεὶιίιὶιαιεδ-
3032 5490 3349 5567 pollicentur
3387 5486 3485 5567 (ty,
3506 5484 3661 5567 p.19).

433 5565 598 5620 verba
624 5567 761 5620 εἰσιν
790 5566 849 5620 δέ
877 5556 1134 5623 mutanda
1155 5578 1284 5624 sunt
1316 5568 1369 5621 in
1391 5566 1581 5632 ἀλλους
1601 5566 1659 5620 δέ
1688 5567 1776 5622 cui
1802 5581 1988 5622 emen-
2093 5567 2207 5625 Cir.
2252 5556 2395 5623 inira
2418 5582 2468 5621 c.
2522 5564 2611 5618 14.
2675 5562 2733 5618 S.
2766 5562 2897 5632 Post
2943 5556 3087 5616 οὗτοι
3112 5566 3382 5617 commate
3400 5556 3662 5620 dtstiaxi,

434 5635 645 5720 dationi
678 5637 837 5720 tidem
861 5635 996 5720 facit
1015 5637 1443 5720 ﬁecoguttiouam
1468 5631 1798 5720 liber,c_ujus
1821 5652 1984 5708 para-
2099 5638 2479 5720 assumpsique
2505 5633 2599 5700 οὓς
2619 5650 2683 5710 es
2710 5633 2798 5711 0.;
2819 5631 3079 5689 Dussssn.

438 5705 651 5776 phrasis
682 5706 793 5761 haec
839 5707 1097 5764 estzAliis
1140 5705 1300 5764 étiam
1350 5712 1606 5763 da'mones
1656 5705 1847 5763 inrisit
1899 5723 1990 5778 per
