4082 6160
457 247 564 304 355
1519 247 1976 303 CLEMENTINA.
2015 279 2069 291 -—

2075 277 2085 290 -
2119 246 2402 302 HOMlLlA
2435 248 2526 303 1x.
3574 259 3687 313 εδ,

455 359 704 435 διδούσης
737 381 838 428 τας
867 363 1010 430 ἰδέας
1037 367 1106 421 ’³.
1161 368 1193 438 ἡ
1231 366 1339 439 γὰρ
1369 407 1384 430 ,
1422 368 1571 440 φόϐῳ
1601 368 1691 421 τὸν
1725 367 1850 421 νοῦν
1889 367 2067 438 πλη-λ

2078 366 2336 429 \l'ormas
2389 382 2482 421 seu
2550 365 2701 422 ideas
2775 368 3031 437 exprimit
3077 386 3091 422 ι
3141 370 3232 424 illa
3284 372 3429 426 etaim
3497 373 3690 428 timore

454 459 634 524 γεῖσα,
691 456 763 509 δι’
792 455 840 488 ⁸⁸
893 456 1118 528 ὀνείρων
1173 457 1274 521 τὰς
1323 457 1467 522 ἰδέας
1491 458 1839 514 ἁποκυῑσκειιι
1866 457 1931 509 Ei.
1969 457 2026 510 δέ

2128 470 2362 516 mentem
2403 459 2655 528 perculsa,
2689 474 2786 529 per
2814 460 3051 529 quietem
3100 463 3248 519 ideas
3298 465 3460 534 parit.
3508 468 3564 520 Si
3590 484 3688 523 au-

453 547 524 600 τὰ
555 545 720 612 ξόανα
749 547 923 601 οἴεσθε
950 547 1027 611 ὡς
1058 547 1271 620 ἔμπνοα
1326 549 1639 621 ὖπάρχοντα
1681 548 1750 602 τὰ
1804 547 2032 602 τοιαῦτα

2127 563 2237 610 tem
2291 552 2618 608 existimatis
2643 561 2873 618 statuas,
2901 563 3086 622 utpote
3118 557 3268 610 vivas
3309 570 3363 612 et
3393 559 3685 628 spirantes,

453 639 694 710 ἐνεργεῖν
753 637 1042 702 δύνασθαι,
1086 640 1180 692 ἐπὶ
1224 638 1391 708 ζύγοῦ
1437 640 1831 711 ἐπιστήσαντες
1867 637 2024 702 αὐτὰ,

2126 646 2234 700 ista
2262 658 2424 713 posse
2479 641 2708 710 elﬁcere,
2763 644 2817 696 in
2847 644 3115 714 εεᾳυίιίωὴ
3166 655 3368 702 statera
3418 650 3681 719 imponite

457 730 570 782 ἴσου
601 729 752 792 ὄντος
776 727 872 782 τοῦ
895 729 1136 792 κανόνος,
1157 730 1218 783 τὸ
1249 730 1572 802 ἀντίρροπον
1591 731 1684 783 ἐπὶ
1712 730 1811 801 τῆς
1835 729 2028 801 ἐτέρας

2125 751 2220 793 eas
2267 744 2322 790 et
2369 735 2423 790 in
2455 735 2622 789 altera
2654 736 2808 790 lance
2837 751 2935 806 par
2980 738 3191 807 pondus
3221 741 3501 807 collocate,
3532 752 3688 797 tune-

455 820 788 890 πλάστιγγος
828 821 1013 885 θέντες
1035 862 1050 888 ,
1085 820 1355 886 ἀξιώσατε
1402 821 1541 875 αὐτὰ
1573 821 1605 893 ἢ
1641 821 1902 894 ὁλκότερα
1934 838 2028 890 γε-

2125 843 2232 900 que
2271 836 2459 898 rogate
2505 829 2627 884 illas
2676 837 2737 882 ut
2786 829 3194 898 aut'graviores
3243 831 3376 885 ﬁant
3399 842 3492 887 aut
3515 833 3685 888 levio-

454 914 636 970 νέσθαι
671 914 704 986 ἢ
733 913 1059 984 κουφότερα,
1094 915 1190 967 καὶ
1220 912 1393 976 οὕτως
1424 913 1520 966 ἐὰν
1539 913 1785 984 γένηται,
1816 911 2028 982 έμπνοά

2126 934 2238 988 res,
2294 927 2459 987 atque
2506 918 2554 972 si
2601 917 2677 972 ita
2708 917 2967 984 evenerit,
2999 920 3232 973 vivunt:
3273 922 3366 974 sed
3420 938 3527 976 non
3563 941 3688 979 eve-

453 1008 617 1060 ἐστιν’
661 1005 776 1060 ἀλλ’
805 1006 866 1059 οὐ
885 1005 1110 1074 γίνεταιο
1147 1005 1196 1058 εί
1232 1004 1289 1058 δὲ
1319 1003 1497 1068 ἔσται,
1523 1002 1676 1056 οὐπω
1710 1003 1772 1057 τὸ
1817 1001 2026 1056 τοιοῦτο

2125 1010 2280 1065 niet:
2325 1009 2470 1080 quod
2520 1009 2624 1064 etsi
2681 1008 2855 1072 ﬁeret,
2925 1010 3168 1065 nondum
3225 1013 3538 1080 hujusmodi
3600 1032 3688 1072 res

451 1095 573 1160 θέός
601 1097 771 1150 ἐστιν.
805 1097 915 1151 Καὶ
937 1095 1045 1168 γὰρ
1065 1095 1312 1167 δακτύλῳ
1330 1095 1580 1167 δαίμονος
1596 1093 1754 1147 τοῦτο
1776 1092 2025 1164 γενέσθαι

2123 1111 2266 1157 esset
2299 1116 2524 1155 numen.
2569 1098 2780 1155 Etenim
2823 1101 3086 1156 daemonis
3120 1103 3369 1172 digitqiid
3410 1104 3545 1159 elIici
3587 1123 3687 1175 po-

449 1187 692 1243 δύναται.
708 1187 819 1241 Καὶ
833 1185 1112 1259 σκώληκες
1126 1186 1421 1250 κινοῦνται,
1452 1185 1545 1238 καὶ
1558 1184 1668 1238 θεοὶ
1678 1185 1740 1237 οὐ
1753 1185 2020 1253 λέγονται.

2125 1199 2250 1248 test.
2281 1190 2570 1247 Etvermes
2602 1200 2914 1257 moventur,
2956 1208 3060 1247 nec
3091 1204 3268 1248 tamen
3303 1194 3560 1250 dicuntur
3590 1198 3687 1252 dii.

536 1277 676 1334 XVI.
717 1280 841 1333 Ὅτι
873 1279 930 1333 δὲ
960 1278 1096 1350 πρὸς
1126 1277 1226 1342 τὰς
1259 1277 1558 1350 προλήψεις
1587 1278 1624 1346 ἡ
1657 1275 1887 1329 ἑκάστου
1924 1275 2025 1346 ψυ-

2193 1281 2336 1336 XVI.
2364 1280 2517 1348 Quod
2541 1291 2722 1337 autem
2764 1299 2828 1338 ex
2861 1284 3255 1353 anticipatione
3284 1287 3464 1340 anima
3499 1289 3691 1343 unius-

449 1369 519 1442 χὴ
545 1366 688 1432 ἰδέας
709 1367 756 1401 ’⁸
784 1366 1058 1438 δαιμόνων
1093 1365 1445 1431 ἁπεικονίζει,
1479 1367 1572 1419 καὶ
1595 1366 1693 1435 οὐχ
1715 1367 1764 1418 οἱ
1787 1365 2016 1436 λεγόμε-

2125 1373 2574 1445 cujusque‘ideas
2621 1374 2929 1429 daemonum
2957 1375 3209 1446 ellingat,
3253 1392 3364 1431 non
3411 1380 3562 1433 vero
3595 1380 3687 1449 qui

445 1475 530 1513 νοι
564 1456 678 1511 θεοὶ
710 1457 1107 1527 ἐπιφαίνονται,
1141 1457 1312 1527 σαφές
1341 1459 1492 1510 ἐστιν
1530 1457 1594 1510 ἐκ
1622 1455 1718 1508 τοῦ
1750 1456 2022 1520 Ἰουδαίοις

2120 1466 2378 1521 dicuntur
2422 1466 2497 1520 dii
2551 1476 2868 1537 appareant,
2909 1467 3123 1549 clarum.
3175 1477 3259 1522 est
3309 1484 3377 1523 ex
3421 1484 3487 1523 eo
3542 1471 3688 1539 quod

449 1549 526 1622 μὴ
557 1548 960 1620 ἐπιφαίνεσθαι,
1010 1547 1149 1601 Ἀλλ’
1201 1549 1319 1620 ἐρεῖ
1347 1565 1434 1611 τις
1458 1563 1473 1578 ·
1511 1546 1639 1611 Πῶς
1669 1542 1761 1606 οὖν
1799 1565 2019 1618 χρημα-

2121 1571 2153 1611 a
2210 1555 2418 1613 Iudaeis
2461 1572 2572 1612 non
2626 1568 2947 1612 cernuntur.
2984 1542 3123 1613 Sed.
3161 1559 3382 1628 objiciet
3445 1560 3686 1631 aliquis:

444 1641 656 1706 τίζουσι
705 1639 776 1694 τὰ
832 1640 1100 1712 μέλλοντα
1160 1639 1661 1711 προσημαίνοντες;
1715 1639 1810 1694 καὶ
1864 1639 2056 1711 τοῦτο,

2080 1703 2094 1719 _
2123 1646 2244 1713 Quo
2274 1647 2439 1702 modo
2463 1647 2628 1716 igitur
2649 1662 2912 1717 responsa
2941 1649 3092 1712 dant,
3111 1649 3292 1703 futura
3319 1651 3692 1719 praenuntian-

442 1701 640 1802 tiniiﬁdg
667 1701 846 1787 Eat-tv:
867 1732 1108 1786 Δεδόσθω
1139 1701 1480 1803 διε-ἀλήθειαν
1501 1733 1546 1764 ⁸⁸
1571 1701 1730 1798 είνναι,
1763 1730 1915 1785 οὔπω
1961 1732 2024 1785 τὸ
2052 1702 2054 1755 ἶ

2080 1703 2257 1794 ἰεεῖ
2305 1737 2373 1792 Ει
2419 1739 2526 1793 hoc
2577 1736 2774 1793 falsum
2829 1748 2952 1806 est;
2986 1740 3080 1795 sed
3134 1756 3323 1794 verum
3386 1755 3507 1795 esse
3559 1756 3692 1796 con-

439 1823 654 1878 τοιοῦτο
679 1823 800 1889 θεός
831 1825 1000 1877 ἐστιν’
1032 1822 1228 1894 οὐ⁹γὰρ
1255 1821 1309 1875 εί
1333 1840 1387 1876 τι
1419 1823 1464 1856 ³⁷
1506 1822 1850 1894 μαντεύεται,
1900 1822 2022 1886 θεός

2122 1829 2366 1894 cedatur,
2415 1831 2659 1884 nondum
2690 1830 2745 1885 id
2775 1831 2918 1887 deus
2963 1841 3062 1889 est.
3114 1829 3232 1886 Non
3272 1833 3440 1898 enim,
3485 1833 3689 1902 siquid

442 1916 618 1995 ἐστιν·
654 1916 738 1970 δτι
769 1916 865 1970 καὶ
898 1911 1146 1978 πύθωνες
1193 1913 1568 1985 μαντεύονται,
1604 1914 1718 1970 ἀλλ’
1752 1915 1841 1983 ὑφ’
1863 1914 2021 1985 ἡμῶν

2121 1918 2637 1988 vaticinatur,‘deus
2664 1931 2766 1978 est.
2798 1922 2936 1979 Nam
2959 1932 3013 1979 et
3033 1924 3306 1995 Pythones
3334 1925 3683 1994 praesagiunt,

441 1987 521 2070 ὧς
549 2005 799 2078 δαίμονες
823 2004 1201 2077 ἐκριζούμενοι
1245 2003 1657 2074 φυγαδεύονται.
1733 2003 1872 2056 Ἀλλ’
1907 2005 2022 2074 ἐρεῖ

2122 2028 2310 2067 verum
2344 2027 2376 2066 a
2412 2013 2594 2080 nobis,
2646 2023 2706 2069 ut
2731 2015 3044 2079 daemones,
3098 2015 3358 2070 eradieali
3409 2015 3685 2086 fugantur.

439 2115 528 2162 τις
547 2115 560 2128 ο
596 2099 790 2162 Ἐνίοις
811 2097 1106 2168 θεραπείας
1128 2097 1578 2168 προστάσσουσιν.
1612 2094 1822 2158 Ψεῢδός
1840 2097 1984 2147 ἐστιν
2000 2110 2014 2125 ο

2119 2103 2190 2157 At
2233 2103 2376 2158 dicet
2415 2102 2684 2172 quispiam
2723 2123 2734 2158 :
2767 2103 3055 2160 Nonnullis
3092 2106 3335 2160 remedia
3393 2105 3663 2158 tribuunt.

439 2189 670 2245 δεδόσθω
694 2190 752 2243 δὲ
783 2187 958 2253 οὕτως
986 2189 1151 2260 ἔχειν,
1180 2187 1332 2242 οὔπω
1363 2189 1425 2240 τὸ
1450 2181 1658 2241 τοιοῦτο
1686 2188 1807 2250 θεός
1841 2189 2014 2240 ἐστιν·

2120 2193 2347 2248 Falsum
2412 2200 2536 2260 est;
2590 2193 2685 2248 sed
2739 2195 2811 2250 ita
2862 2195 3062 2251 habere
3113 2196 3482 2260 concedatur,
3541 2210 3682 2248 non-

441 2280 536 2334 καὶ
587 2279 700 2351 γὰρ
752 2279 929 2350 ίατροὶ
960 2277 1146 2331 ἰῶνται
1180 2277 1425 2343 πολλοὺς,
1460 2278 1554 2330 καὶ
1586 2277 1698 2331 θεοὶ
1729 2279 1830 2330 οὐκ
1858 2277 2015 2330 εἰσίν.

2119 2284 2249 2338 dum
2281 2283 2335 2338 id
2370 2292 2452 2340 est
2491 2285 2647 2340 deus.
2704 2283 2914 2340 Etenim
2975 2286 3170 2340 medici
3213 2285 3414 2340 inultos
3465 2295 3681 2348 curant,

454 2369 618 2424 Ἀλλά
673 2387 838 2442 φησιν
860 2385 874 2399 ⁸
941 2370 1114 2440 ἰατροὶ
1153 2369 1214 2422 οὐ
1250 2368 1467 2432 πάντως
1528 2368 1710 2424 ἰῶνται
1756 2369 2015 2433 ἐκείνους,

2119 2390 2221 2431 nec
2272 2376 2348 2430 dii
2394 2385 2542 2431 sunt.
2615 2376 2761 2442 Sed,
2822 2376 3019 2445 inquit,
3070 2375 3266 2430 medici
3325 2391 3436 2430 non
3489 2390 3682 2429 omnes

439 2455 520 2516 ὧν
551 2459 652 2530 τὴν
683 2459 938 2532 πρόνοιαν
981 2458 1289 2521 ποιοῦνται,
1335 2452 1481 2512 οὗτοι
1511 2457 1570 2510 δὲ
1601 2459 1697 2511 καὶ
1749 2459 2019 2531 χρηματί-

2119 2465 2242 2521 illos
2273 2474 2491 2533 sanant,
2517 2481 2748 2536 quorum
2797 2483 2984 2522 curam
3027 2467 3354 2534 suscipiunt,
3387 2466 3442 2519 bi
3471 2481 3596 2520 vero
3629 2475 3684 2520 et

440 2566 636 2613 σαντες
663 2550 825 2621 208
853 2549 1056 2604 ἰῶνται.
1105 2549 1240 2603 Ἀλλ’
1267 2549 1442 2603 ἴσασιν
1472 2551 1521 2602 οἱ
1541 2549 1793 2620 δαίμονες
1822 2551 1891 2604 τὰ
1931 2550 2017 2604 ὅν-

2119 2573 2216 2627 per
2255 2559 2475 2612 oracula
2505 2565 2722 2613 sanant.
2749 2558 2820 2611 At
2846 2558 3030 2612 sciunt
3054 2559 3329 2612 daemones
3352 2601 3367 2624 ,
3407 2573 3529 2627 qua:
3555 2572 3681 2611 vere

436 2657 549 2704 τως
590 2641 725 2713 πρὸς
754 2641 984 2696 ἕκαστον
1042 2641 1214 2705 πάθος
1245 2641 1717 2713 προσοικειωμένα
1741 2641 1786 2672 ⁸⁸
1821 2641 2011 2712 βοηθή-

2119 2649 2187 2703 ad
2241 2665 2688 2720 unumquemque
2737 2650 2988 2704 morbum
3040 2657 3166 2718 apta
3223 2657 3351 2710 sunt
3417 2651 3676 2704 remedia.

439 2749 608 2803 ματα*
641 2732 724 2786 διὸ
758 2734 930 2804 ἰατροὶ
970 2733 1330 2804 ἐπιστήμονες
1360 2731 1541 2785 ἰᾶσθαι
1578 2731 1886 2802 δυνάμενοι,
1922 2735 2017 2785 καὶ

2118 2741 2298 2806 Quare
2347 2757 2470 2795 cum
2537 2740 2648 2796 sint
2677 2741 2834 2810 periti
2883 2740 3108 2805 medici,
3157 2738 3360 2794 mederi
3417 2740 3679 2805 valentes,

434 2822 611 2878 ταῦτα
641 2823 710 2877 τὰ
742 2825 789 2857 ⁹⁹
820 2824 924 2878 ὑπὸ
950 2823 1251 2896 ἀνθρώπων
1301 2823 1511 2895 ίσθῆναι
1543 2824 1835 2895 δυνάμενα,
1881 2823 2017 2876 ἀλλὰ

2119 2831 2281 2900 idque
2303 2831 2530 2897 morbis,
2557 2831 2650 2900 qui
2676 2836 2744 2885 ab
2770 2830 3081 2885 hominibus
3109 2841 3341 2899 possunt
3368 2830 3686 2899 cognoscis,

437 2915 535 2971 καὶ
569 2913 805 2985 μαντικὰ
834 2915 962 2970 ὄντα
1001 2911 1101 2969 καῖ
1138 2915 1313 2968 εἰδότα
1346 2915 1476 2968 πότε
1507 2914 1734 2969 ἕκαστον
1763 2915 1821 2981 ἐξ
1855 2915 2014 2968 αὐτο-

2118 2936 2352 2991 cumque
2386 2931 2534 2976 vates
2560 2921 2687 2986 sint,
2713 2921 2997 2989 sciantque
3027 2919 3248 2989 quando
3275 2919 3508 2988 quisque
3535 2934 3683 2971 mor-

440 3004 612 3078 μάτου
643 3003 1024 3076 θεραπεύεται,
1044 3005 1166 3058 τότε
1196 3005 1554 3059 συντάσσουσι
1575 3005 1673 3070 τὰς
1697 3005 2013 3077 θεραπείας,
2045 3040 2052 3080 ς

2076 3034 2086 3084 ς
2124 2994 2224 3068 bus
2253 3028 2317 3067 ex
2353 3027 2412 3067 se
2442 3013 2561 3081 ipso
2587 3021 2828 3078 curetur,
2853 3011 2927 3065 ita
2969 3011 3104 3065 dant
3132 3010 3370 3065 remedia
3399 3050 3416 3077 ,
3473 3018 3534 3064 ut
3583 3011 3688 3066 sibi

435 3095 526 3156 ἵνα
554 3097 781 3160 ἑαυτοὺς
806 3097 1208 3169 ἐπιγράφωσιν.

2117 3111 2370 3158 eventum
2412 3103 2734 3157 attribuant.
3025 3157 3031 3159 _

505 3183 672 3239 XVII.
720 3185 873 3239 Ἐπεὶ
903 3184 992 3239 διὰ
1022 3186 1075 3240 τί
1108 3187 1177 3218 ¹⁰⁰
1210 3185 1346 3256 μετὰ
1381 3186 1550 3240 πολὺν
1578 3187 1771 3258 χρόνον
1802 3205 2018 3258 χρημα-

2189 3192 2353 3259 XVII.
2405 3192 2662 3262 Alioquin
2682 3207 2779 3246 cur
2808 3201 2930 3262 post
2980 3192 3212 3246 multum
3266 3192 3528 3261 temporis
3561 3209 3690 3262 pro-

435 3274 647 3340 τίζουσι
698 3277 800 3342 τὰς
835 3277 1044 3344 ίὰσεις;
1095 3277 1182 3332 διὰ
1211 3278 1265 3332 τί
1295 3277 1385 3343 δὲ,
1420 3280 1468 3331 εί
1510 3279 1686 3332 πάντα
1742 3278 2016 3342 δύνανται,

2119 3285 2342 3338 mittunt
2371 3283 2734 3338 curationes?
2763 3283 2876 3338 Cur
2933 3297 3060 3336 vero
3111 3283 3154 3336 si
3189 3291 3385 3337 cuneta
3437 3295 3688 3367 possunt,

433 3368 571 3424 ἄνευ
619 3366 716 3423 τοῦ
774 3368 1106 3440 προσφέρειν
1145 3385 1198 3422 τι
1224 3368 1240 3400 ¹
1273 3369 1372 3438 τὴν
1427 3368 1569 3422 ἴασιν
1602 3370 1663 3423 οὐ
1699 3369 2015 3434 ποιοῦνται;

2116 3376 2324 3445 absque
2375 3375 2452 3430 rei
2502 3375 2734 3444 alicujus
2777 3373 3088 3428 admotione
3119 3389 3227 3427 non
3271 3374 3505 3428 reddunt
3545 3366 3688 3428 sani?

433 3461 578 3526 τίνος
608 3461 667 3515 δὲ
698 3452 1014 3530 ἕνεκα,’τισ“ι
1054 3461 1153 3533 μὲν
1184 3461 1500 3532 εὐξαμένοις
1524 3461 1816 3534 θεραπείας
1849 3480 2018 3534 προσ-

2119 3475 2283 3522 tatem
2311 3467 2335 3520 ?
2384 3465 2558 3532 Quam
2601 3466 2764 3520 etiam
2804 3465 2875 3519 ob
2900 3479 3121 3519 causam
3155 3464 3434 3518 nonnullis
3463 3464 3685 3533 quidem

434 3552 746 3619 τάσσουσιν,
779 3552 941 3617 ἐνίοις
965 3553 1021 3607 δὲ
1047 3553 1155 3607 ἐσθ’
1179 3554 1267 3607 ὅτε
1290 3554 1383 3608 καὶ
1414 3555 1761 3625 οἰκειοτέροις
1782 3549 1932 3608 οὖσιν
1953 3555 2013 3607 οὐ

2118 3557 2466 3627 precantibus
2498 3557 2737 3612 remedia
2786 3557 3092 3624 imperant,
3141 3556 3469 3625 quibusdam
3528 3572 3683 3623 vero,

434 3643 894 3716 χρηματίζουσινς
915 3642 1090 3706 οὕτως
1108 3644 1306 3697 ὁπόταν
1328 3644 1386 3710 ἐξ
1414 3645 1719 3715 αὐτομάτου
1747 3645 2014 3716 θεραπεία

2106 3645 2492 3716 interdumque
2519 3644 2693 3716 magis
2722 3643 3109 3709 familiaribus,
3154 3661 3262 3700 non
3293 3645 3426 3700 dant
3456 3660 3688 3716 respon-

439 3734 611 3807 μέλλῃ
635 3734 900 3803 γίνεσθαι,
936 3734 1386 3804 ἐπαγγέλλονται,
1420 3735 1505 3788 ἵνα
1536 3736 1761 3799 ἑαυτοὺς
1794 3737 2016 3807 ἐπιγρά-

2103 3738 2206 3792 sa?
2235 3737 2456 3794 Scilicet
2481 3737 2701 3809 quando
2742 3737 2951 3794 sanitas
2989 3736 3132 3794 ultro
3168 3739 3540 3808 recuperanda
3581 3747 3688 3805 est,

433 3823 631 3893 ψωσιν.
663 3823 843 3878 ’Δλλοι
874 3824 930 3877 δὲ
962 3827 1287 3896 νοσήσαντες
1320 3827 1414 3878 καὶ
1445 3824 1736 3897 εὐξάμενοι
1772 3825 1830 3890 ἐξ
1856 3827 2016 3880 αὐτο-

2100 3829 2448 3892 pollicentur,
2493 3839 2551 3885 ut
2579 3829 2681 3885 sibi
2725 3830 3066 3885 sanationem
3091 3831 3384 3887 vindicent.
3423 3832 3530 3888 Alii
3557 3847 3689 3889 vero

441 3916 615 3989 μάτου
667 3915 1014 3985 ὑγιάναντες,
1049 3916 1142 3980 οὓς
1189 3917 1616 3981 ἐπεκαλέσαντο,
1658 3917 1974 3988 ἐπέγραψαν
1998 3957 2012 3981 ,

2114 3922 2325 3994 aegroti,
2354 3929 2479 3991 post
2526 3936 2715 3986 preces
2737 3935 2868 3976 casu
2919 3932 3137 3992 recepta
3167 3922 3420 3990 sanitate,
3454 3922 3520 3976 iis
3547 3937 3687 3992 quos

439 4008 535 4071 καὶ
564 4007 890 4078 ἀναθήματα
937 4007 1217 4077 ἐποίησαν.
1257 4008 1319 4060 Οἱ
1375 4007 1560 4078 μέντοι
1594 4023 1657 4074 γε
1695 4009 1812 4077 μετ’
1848 4006 2013 4077 εὐχὴν

2114 4013 2501 4066 invocaverant
2563 4009 2977 4079 adscripserunt
3035 4020 3090 4066 et
3137 4012 3364 4067 donaria
3413 4014 3686 4084 appende-

436 4099 880 4172 διαφωνήσαντες
909 4099 1008 4163 τὰς
1062 4099 1361 4168 ἀποτυχίας
1404 4098 1680 4153 ἀναθεῖναι
1731 4098 1792 4151 οὐ
1821 4097 2012 4150 δύναν-

2115 4111 2263 4158 runt.
2331 4102 2434 4169 Qui
2488 4110 2670 4156 autem
2701 4110 2826 4172 post
2848 4112 3038 4157 votum
3061 4104 3275 4173 decepti
3315 4105 3684 4175 exspirarunt,

436 4194 556 4244 ται.’
601 4191 748 4263 Πλὴν
790 4192 838 4244 εί
870 4193 919 4244 οί
979 4192 1262 4259 συγγενεῖς
1318 4188 1426 4241 τῶν
1485 4187 1792 4242 τεθνεώτων
1831 4187 1863 4259 ἢ
1900 4189 1919 4217 ²
1954 4187 2012 4254 ἐξ

2121 4195 2421 4260 infortunia
2464 4210 2573 4250 non
2600 4203 2833 4265 pos'sunt
2851 4195 3124 4250 dedicare.
3165 4196 3320 4262 Quod
3347 4198 3392 4252 si
3441 4209 3686 4254 mortuo-

439 4282 618 4336 αὐτῶν
659 4300 807 4346 τινες
830 4279 1168 4353 ἀνεζήτησαν
1199 4280 1219 4312 ³
1251 4280 1351 4343 τὰς
1396 4280 1726 4348 ἀποτυχίας,
1763 4279 2013 4342 πλείονας

2117 4303 2237 4341 rum
2268 4286 2453 4344 amnes
2480 4289 2566 4342 vel
2591 4302 2783 4342 eorum
2823 4287 3015 4356 aliqui,
3052 4289 3270 4357 quoties
3286 4291 3398 4344 voti
3423 4291 3507 4346 sui
3535 4307 3686 4345 com-

438 4370 505 4433 ἂν
536 4371 842 4443 εὐρήκειτε·
879 4369 978 4433 τὰς
1015 4369 1316 4439 ἀποτυχίας
1363 4367 1472 4420 τῶν
1505 4367 1526 4399 ⁸
1574 4366 2009 4436 ἐπιτευγμάτων.
2045 4361 2050 4413 ἶ

2074 4365 2089 4413 )
2119 4385 2276 4448 potes
2305 4378 2434 4433 facti
2465 4393 2573 4432 non
2590 4376 2811 4443 fuerint,
2838 4377 3178 4447 indagarent,
3198 4380 3686 4448 plurainveniretis

453 4462 592 4525 ’ᾼλλ’
623 4461 799 4526 οὐδεὶς
829 4459 1264 4532 προειλημμένος
1304 4458 1486 4521 αὐτοῖς
1529 4457 1619 4510 τὸν
1667 4458 1786 4509 κατ’
1836 4455 2014 4510 αὐτῶν

2117 4471 2344 4526 adversa
2385 4485 2548 4540 quam
2593 4484 2874 4539 prospera.
2923 4467 3030 4522 Sed
3074 4470 3258 4524 nullus
3292 4471 3360 4526 iis
3402 4487 3687 4540 praeoccu-

443 4554 666 4624 ἔλεγχον
717 4553 952 4622 ἐκφάναι
993 4551 1176 4615 θέλει,
1237 4549 1551 4621 αἰδούμενος
1585 4548 1618 4618 ἢ
1653 4545 2012 4618 φοϐούμενος,

2117 4571 2274 4631 patus
2299 4576 2487 4618 eorum
2511 4561 2950 4632 redargutionem
2974 4558 3092 4613 vult
3142 4559 3328 4628 eloqui
3358 4601 3373 4628 ,
3423 4563 3687 4617 reveritus

440 4643 577 4708 ἀλλὰ
607 4643 934 4708 τούναντίον,
963 4641 1032 4696 τὰ
1063 4641 1232 4695 πιστὰ
1277 4639 1456 4694 αὐτῶν
1503 4640 1831 4710 ἀτοπήματα
1884 4655 2014 4706 συγ-

2117 4659 2213 4706 aut
2242 4661 2512 4720 metuens,
2536 4653 2648 4708 imo
2677 4659 2888 4718 contra,
2909 4649 3188 4722 explorata
3209 4650 3429 4705 illorum
3452 4651 3687 4707 crimina

441 4733 753 4806 κρύϐουσιν.

2121 4743 2418 4800 occultant.

511 4847 674 4919 209
706 4844 892 4901 XVIII.
932 4845 1094 4900 Πόσοι
1124 4843 1183 4898 δὲ
1212 4843 1307 4897 καὶ
1337 4841 1761 4912 καταψεύδονται
1792 4857 2009 4912 χρημα-

2190 4835 2379 4891 XVIII.
2421 4835 2593 4901 Quam
2622 4835 2776 4891 multi
2809 4849 2936 4890 vero
2963 4841 3016 4889 et
3052 4833 3273 4888 oracula
3315 4834 3688 4889 ementiuntur

509 5002 535 5030 ⁸
559 4999 761 5073 Legere
787 4997 1002 5053 mallem
1032 5011 1156 5053 cum
1177 4993 1446 5052 Cotelerio
1479 4993 1679 5057 curari,
1715 5003 1771 5050 et
1800 4991 1854 5047 in
1877 4990 2064 5047 Graeco
2091 4991 2329 5057 ἰαθῆναι.
2361 4990 2514 5045 Enn.
2544 4989 2785 5046 Pnnoe.

1738 5149 1972 5207 nam
2012 5147 2413 5225 LECTIONES.

511 5317 744 5380 ⁹³ειδέας
764 5316 828 5374 C.
903 5316 951 5349 ”
970 5316 1060 5371 διὰ
1087 5315 1147 5370 C.
1225 5314 1272 5348 "
1297 5313 1472 5378 εἰδέας
1501 5313 1565 5384 C.
1617 5313 1663 5346 '°
1683 5312 1764 5384 Ita
1793 5312 2062 5384 scriptura
2088 5314 2210 5370 cod.
2245 5313 2426 5368 Ottob.
2459 5309 2923 5384 explicandaesse
2946 5307 3177 5384 videtu_r.
3195 5299 3530 5384 _dccusatnivo
3555 5314 3693 5384 opus

439 5371 876 5464 asse-.iam'xidit
903 5385 962 5464 ἓν
992 5386 1214 5464 ἀλήεὲειρι
1233 5385 1416 5464 “1‘30-
1452 5371 1514 5417 "'
1549 5383 1697 5464 ῖοῑι·
1725 5383 1829 5464 1‘38.-
1853 5371 1937 5464 τξῗς
1970 5382 2028 5437 S-
2101 5371 2637 5464 ’ἱπρρσαξξεειώεὲξνει
2664 5382 2724 5464 9-
2783 5377 2918 5432 ⁹⁹’τά
2941 5378 3082 5464 ίὲθίει
3112 5377 3168 5432 δα
3195 5371 3691 5464 Ἒ¹¹ῐ¹ξρὲῗ9ἧὶ²ῗῖξὲν

442 5441 695 5526 ῖασθῆναι
735 5456 816 5510 Cl.
851 5441 1484 5526 Labitur'ScbwegTerus
1516 5453 1660 5524 quod
1703 5441 2090 5526 adulecti'onem
2127 5441 2403 5526 Cotelerii.
2433 5441 2723 5504 -—-'Dcinde
2754 5447 2987 5520 μαντικὰ
3011 5447 3138 5526 ὄντα
3158 5443 3454 5526 και-εἰδότα
3476 5441 3545 5526 ad
3585 5443 3694 5526 dat-

437 5511 633 5582 monas
665 5526 1133 5597 relegendumﬁst,
1176 5525 1243 5580 de
1259 5511 1474 5597 quibus
1508 5511 1684 5597 saepe,
1704 5521 2254 5597 quasiuirdrsatpévta
2291 5529 2645 5597 praecesserit,
2692 5511 2884 5597 neutro
2906 5533 3098 5597 genere
3119 5517 3357 5597 loquitur
3379 5521 3564 5597 auctor
3592 5511 3693 5597 lio-

441 5543 633 5582 monas
665 5537 1133 5596 rel’erendumﬁst,
1176 5537 1243 5580 ae
1273 5537 1474 5595 qulbus
1508 5538 1670 5593 saepe,
1745 5537 1860 5576 uaSI
1901 5537 1970 5574 τα
2007 5537 2254 5594 οαιμονια
2291 5537 2645 5592 prmccssent,
2692 5537 2884 5575 nt'uu'o
2906 5537 3098 5588 genere
3119 5537 3357 5586 loquitur
3379 5537 3564 5566 auctor
3592 5537 3660 5563 uu

441 5597 723 5668 miliarum
771 5595 949 5668 Supra
970 5610 1028 5668 _c.
1054 5593 1146 5668 ιθ,
1180 5594 1472 5668 et_inl’_ra_c_.
1504 5593 1592 5668 l_9,
1622 5537 1775 5668 20g.
1943 5590 2192 5668 δύνανται
2218 5608 2268 5668 p.
2295 5591 2462 5668 6:&_tl
2493 5593 2552 5644 0.
2583 5589 2722 5668 Tum
2758 5590 2896 5644 idem
2924 5587 3088 5642 πολὺν
3111 5588 3297 5660 χρόνον
3320 5583 3535 5668 ,χρόνον
3559 5596 3664 5652 χρη

441 5608 723 5650 mularum
771 5608 949 5666 Supra
980 5610 1028 5650 C.
1061 5608 1146 5661 τυ,
1180 5608 1235 5648 ει
1259 5608 1397 5649 Illll‘a
1423 5609 1472 5648 C.
1504 5608 1592 5659 ιν,
1622 5608 1775 5647 Ζυ.δ.
1856 5608 1922 5622 “"'
1943 5608 2192 5646 ουνανται
2218 5608 2268 5716 ἓ.
2295 5608 2381 5646 οια
2410 5608 2462 5644 τι
2493 5608 2552 5644 υ.
2593 5608 2613 5642 Ι
2633 5608 2722 5644 um
2758 5608 2896 5644 luem
2924 5608 3088 5642 TCOA‘JV
3111 5608 3297 5660 χρονον
3320 5608 3523 5668 ,χρμνυν
3560 5608 3664 5652 χρῖε

441 5663 750 5737 ματίζουσι.
897 5664 1019 5737 ιτίςᾉ
1039 5667 1116 5737 0L
1175 5663 1258 5737 ζῆ
1287 5664 1493 5737 addidit
1522 5663 1585 5718 Ι).
1654 5665 1714 5737 *³
1737 5660 2100 5737 συνεζὴτησαν
2130 5663 2191 5737 ς.
2261 5672 2351 5737 ost
2377 5660 2672 5737 ἀποτυχίας
2691 5674 2971 5735 perperam
3006 5671 3205 5731 puncto
3229 5661 3671 5730 ιιιειοιίιιιδιιυλε

441 5731 545 5793 ξω.
588 5735 785 5792 Verum
811 5735 1046 5803 restituit
1066 5732 1146 5810 _D.
1175 5731 1314 5789 Τυω
1344 5734 1622 5810 εὐρήκειτε
1653 5731 1712 5806 S,
1736 5732 1799 5801 0,
1829 5731 2094 5808 εὑρήκητε
2122 5732 2182 5794 C.
2259 5733 2392 5809 ‘ﬁﬁv
2414 5735 2470 5786 0.

605 5983 635 6018 Ι
