4084 6148
439 318 546 374 257

1542 305 2004 366 'CLEMENTINA.
2043 333 2114 346 --
2150 295 2442 360 IIOMILIA
2481 300 2567 361 IX.

3588 309 3696 370 258

441 431 538 485 καὶ
585 430 614 482 ό
661 427 780 498 Θεῷ
829 423 1018 480 ἑαυτὸν
1064 419 1317 488 ἀποδοὺς,
1373 418 1564 484 πιστὸς
1592 419 1939 492 ὣν,δαίμοσί
1970 435 2012 471 τι

2135 424 2330 485 estque
2356 414 2551 484 ﬁdelis,
2594 415 2932 472 dmmonibus
2962 431 3028 474 ac
3070 417 3274 475 morbis
3312 418 3580 476 duntaxat
3610 420 3696 476 lo-

441 526 537 578 καὶ
570 522 768 577 πάθεσι
802 520 959 591 μόνον
1004 515 1180 586 λέγων
1225 511 1518 578 ἀκούεται,
1551 512 1647 566 καὶ
1677 508 2022 582 ὒποχωροῦσι

440 617 715 688 δαίμονες,
760 613 892 666 πολὺ
941 608 1281 680 ἰσχυρότεροι
1320 607 1475 670 δντες
1519 604 1627 659 τῶν
1669 603 2018 658 κελευόντων.

454 696 740 777 Ἀφράστῳ
796 702 904 774 γάρ
955 699 1181 771 δυνάμει
1227 696 1319 751 τὸν
1369 695 1600 750 ἑκάστου
1652 693 1778 750 νοῦν
1825 696 1854 748 ό
1890 693 2022 757 Θεὸς

442 797 736 852 ὐποτάσσει
770 787 814 862 ᾧ
851 792 1116 864 βούλεται.
1165 791 1254 854 Ὦς
1292 788 1402 861 γὰρ
1434 785 1526 842 τὸν
1565 786 1822 858 Καίσαρα
1855 785 2023 854 πεφό-

441 889 632 958 ϐηνται
664 886 792 940 ὄντα
829 883 1115 955 ἄνθρωπον
1144 880 1327 935 πολλοί
1359 879 1625 951 ἡγεμόνες
1660 878 1799 951 μετὰ
1831 877 2020 931 πασῶν

438 978 547 1032 τῶν
581 974 936 1046 παρεμϐολῶν
969 974 1063 1028 καὶ
1095 972 1322 1036 πόλεων,
1338 971 1438 1042 τῆς
1461 968 1694 1023 ἑκάστου
1729 967 1958 1038 καρδίας
1976 967 2020 1000 ³⁸

436 1069 544 1122 τῶν
598 1069 733 1121 ὅλων
777 1067 960 1120 εἰκόνα
1008 1064 1280 1138 προτιμᾷν
1325 1061 1676 1133 σπευδούσης·
1725 1059 1861 1113 Θεοῦ
1911 1059 2022 1131 γὰρ

437 1161 599 1232 βουλῇ
635 1158 703 1212 τὰ
735 1157 912 1214 πάντα
955 1155 1324 1226 δεδουλωμένα
1368 1153 1516 1224 φόϐῳ
1548 1153 1648 1224 τὴν
1695 1151 1872 1206 αἰτίαν
1918 1152 2020 1205 οὐκ

435 1248 595 1303 οἶδεν·
647 1249 791 1303 οὕτω
822 1251 914 1303 καὶ
945 1249 1036 1302 τὸν
1079 1247 1197 1318 Θεῷ
1231 1245 1642 1318 προσφεύγοντα
1674 1243 1769 1298 καὶ
1807 1243 1906 1315 τὴν
1937 1244 2018 1298 δι-

436 1345 598 1396 καίαν
632 1342 814 1395 πίστιν
847 1341 1035 1412 ῶσπερ
1082 1338 1266 1392 εἰκόνα
1306 1336 1470 1390 αὐτοῦ
1504 1338 1562 1390 ὲν
1593 1339 1661 1408 τῇ
1705 1335 1872 1390 αὑτοῦ
1918 1334 2018 1406 βα-

437 1427 700 1494 στάζοντα
733 1429 928 1502 καρδία
962 1429 1137 1481 πάντα
1169 1426 1238 1480 τὰ
1271 1425 1544 1480 παθοποιὰ
1580 1425 1862 1498 πνεύματα
1883 1427 2019 1498 τιμᾷ

435 1521 528 1575 καὶ
563 1520 775 1590 φεύγει,
812 1522 1013 1590 φυσικῇ
1047 1517 1152 1571 τινὶ
1183 1517 1286 1589 ὁδῷ
1315 1516 1688 1589 πεφοϐημένα.

502 1611 670 1666 XXII.
723 1612 861 1666 ’κᾶλλ’
882 1612 1028 1682 ὅμως
1079 1609 1183 1663 κᾶν
1234 1609 1280 1641 ¹⁶
1331 1608 1532 1674 πάντες
1575 1609 1829 1680 δαίμονες
1877 1605 2019 1680 μετά

435 1707 654 1760 πάντων
686 1705 792 1758 τῶν
828 1705 1012 1758 παθῶν
1064 1705 1208 1774 ὑμᾶς
1260 1703 1567 1773 φεύγωσιν,
1619 1703 1720 1756 οὐκ
1765 1702 1912 1755 ἔστιν
1956 1703 2014 1755 ὲν

2123 520 2299 576 quens
2341 506 2582 574 auditur,
2635 515 2689 561 et
2735 507 2999 563 recedunt
3044 508 3338 574 daemones,
3392 513 3697 581 qui'multo

2120 594 2379 654 fortiores
2413 607 2543 653 sunt
2567 597 2905 668 jubentibus.
2951 598 3214 656 lneffabilt
3242 602 3441 672 quippe
3472 603 3527 658 vi
3550 602 3696 660 Deus

2121 697 2356 744 mentem
2385 689 2725 761 singulorum
2755 690 2940 746 subdit
2971 691 3062 746 cui
3085 691 3219 748 vult.
3259 692 3394 748 Nam
3430 694 3696 765 quemad-

2120 780 2343 835 modum
2394 780 2684 848 Caesarem,
2726 780 2818 852 qui
2865 780 3033 835 homo
3073 789 3178 847 est,
3228 791 3480 838 metuunt
3526 785 3695 841 duces

2119 869 2343 940 plurimi
2388 885 2512 924 cum
2543 871 2800 926 omnibus
2831 871 3025 927 castris
3057 879 3113 926 et
3153 873 3402 940 urbibus,
3447 874 3694 945 singulo-

2120 976 2244 1017 rum
2275 961 2439 1017 corde
2481 961 2773 1032 imaginem
2829 961 3047 1018 Domini
3091 972 3415 1019 cunctorum
3445 966 3694 1020 venerari

2119 1066 2450 1124 properante
2476 1071 2490 1107 :
2519 1053 2613 1108 Dei
2643 1054 2910 1124 siquidem
2936 1055 3216 1110 voluntate
3255 1056 3440 1111 omnia
3491 1056 3694 1112 timore

2120 1142 2176 1196 in
2207 1144 2520 1198 servitutem
2545 1143 2762 1199 redacta
2797 1159 3020 1199 causam
3057 1144 3350 1199 nesciunt:
3384 1144 3457 1199 ita
3483 1153 3540 1199 et
3567 1160 3694 1200 eum
3784 1167 3787 1174 ·

2120 1233 2216 1301 qui
2243 1231 2310 1286 ad
2331 1230 2500 1286 Deum
2532 1233 2798 1302 confugit,
2829 1240 2884 1287 et
2925 1231 3085 1288 fidem
3111 1233 3336 1304 justam,
3367 1235 3514 1289 velut
3546 1233 3696 1293 illius

2118 1323 2433 1394 imaginem,
2464 1323 2519 1378 in
2565 1325 2728 1379 corde
2768 1333 2980 1394 portat,
3011 1327 3194 1381 cuncti
3241 1328 3557 1382 morborum
3595 1342 3697 1384 au-

2117 1423 2296 1498 ctores
2325 1413 2552 1484 spiritus
2574 1414 2846 1470 honorant
2866 1424 2920 1471 et
2941 1414 3177 1488 fugiunt,
3202 1417 3436 1472 naturali
3457 1417 3695 1489 quadam

2115 1505 2326 1559 ratione
2359 1505 2652 1574 perterriti.

2185 1592 2352 1647 XXII.
2383 1592 2635 1649 Attamen
2663 1594 2790 1650 licet
2825 1595 3010 1652 cuncti
3050 1595 3326 1652 daemones
3353 1611 3483 1653 cum
3507 1597 3693 1653 omni-

2117 1685 2220 1740 bus
2248 1685 2457 1740 morbis
2494 1701 2592 1740 vos
2621 1686 2851 1756 fugiant,
2880 1688 2935 1742 in
2961 1703 3028 1744 eo
3055 1689 3171 1744 solo
3199 1702 3309 1742 non
3338 1695 3422 1744 est
3453 1689 3695 1759 gauden-

435 1798 610 1867 τούτῳ
639 1797 782 1867 μόνῳ
817 1797 858 1827 ¹¹
891 1772 1120 1868 χαίρειν,
1155 1772 1344 1849 ἀλλ’νὲν
1484 1795 1551 1847 δι’
1580 1792 1899 1865 εὐαρεστίαν
1947 1792 2012 1846 τὰ

2115 1777 2268 1843 dunt,
2292 1776 2385 1868 sed
2425 1777 2480 1830 in
2511 1791 2578 1832 eo
2599 1777 2744 1846 quod
2783 1786 3007 1848 propter
3041 1777 3441 1848 beneplacitum
3467 1778 3693 1833 nomina

435 1889 672 1959 ὀνόματα
703 1887 855 1958 ὑμῶν
898 1889 956 1940 ὲν
999 1886 1211 1958 ούρανῷ
1257 1886 1332 1949 ῶς
1376 1885 1462 1939 ἀεὶ
1507 1883 1722 1949 ζώντων
1774 1886 2014 1956 ἀναγρα-

437 1981 624 2052 φῆναι.
663 1977 821 2032 Οὕτω
857 1979 952 2031 καὶ
993 1977 1054 2030 τὸ
1085 1977 1227 2030 θεῖον
1257 1978 1410 2046 ἆγιον
1442 1976 1666 2047 Πνεῦμα
1696 1974 1898 2046 χαίρει,
1933 1975 2014 2028 ὅτι

433 2071 526 2125 τὸν
561 2071 785 2125 θάνατον
817 2069 1097 2140 νενίκηκεν
1130 2069 1433 2141 ἄνθρωπος’
1468 2068 1528 2121 τὸ
1560 2068 1670 2140 γὰρ
1692 2070 1736 2100 ³⁸
1757 2068 2016 2138 δαίμονας

435 2161 756 2232 φυγαδεύειν
806 2163 885 2224 εἰς
924 2161 1024 2232 τὴν
1069 2159 1228 2214 ἄλλου
1273 2159 1414 2212 ἴασιν
1455 2159 1684 2237 γίνεται.
1729 2156 1913 2210 Ταῦτα
1958 2156 2015 2208 δὲ

433 2255 684 2326 λέγομεν,
717 2255 815 2324 οὐχ
844 2254 919 2317 ὼς
950 2252 1270 2325 ἀρνούμενοι
1302 2253 1364 2304 τὸ
1399 2251 1474 2327 μὴ
1517 2251 1625 2312 δεῖν
1669 2249 1847 2312 ἄλλοις
1886 2248 2014 2319 βοη-

435 2348 568 2412 θεῖν,
604 2348 716 2401 ἀλλ’
737 2348 818 2400 ὄτι
852 2345 924 2416 μὴ
957 2346 1062 2416 χρὴ
1096 2345 1189 2398 ἐπὶ
1207 2345 1379 2414 τούτῳ
1417 2343 1766 2413 τυφωθέντας
1807 2341 2014 2394 ἑαυτῶν

434 2441 675 2511 ἀμελεῖν.
728 2439 985 2493 Ἔσθ’ὂτε
1019 2437 1076 2490 δέ
1104 2437 1148 2468 ’⁸
1170 2453 1319 2499 τινας
1364 2436 1595 2505 ἀνόμους
1626 2434 1823 2506 ἄνδρας
1853 2433 2013 2502 212

433 2530 686 2602 δαίμονες
717 2529 975 2600 φεύγουσι
999 2529 1064 2582 δι’
1096 2529 1265 2598 ὄνομα
1294 2528 1491 2598 τίμιον·
1527 2519 1620 2579 καὶ
1649 2523 2013 2596 ὲνεδρεύονται

435 2623 464 2676 ὅ
496 2641 558 2677 τε
590 2622 869 2684 ἀπελάσας
897 2620 1361 2692 καὶόίστορήσας.
1391 2619 1448 2671 '0
1481 2617 1576 2688 μὲν
1607 2617 1905 2680 ἀπελάσας,
1938 2614 2014 2678 ὡς

433 2714 523 2768 διὰ
551 2713 894 2783 δικαιοσύνην
920 2711 1294 2784 προ-τιμηθεὶς,
1329 2709 1427 2763 οὐκ
1460 2707 1614 2772 εἰδὼς
1644 2707 1740 2760 τοῦ
1762 2707 2014 2778 δαίμονος

432 2807 494 2860 τὸ
513 2807 843 2879 κακοῦργον·
879 2807 996 2875 ἅμα
1027 2822 1086 2857 τε
1131 2803 1240 2876 γὰρ
1269 2804 1330 2856 τὸ
1361 2802 1532 2872 ὄνομα
1559 2801 1876 2872 τετίμηκεν,
1918 2797 2013 2853 καὶ

433 2902 501 2970 τῇ
523 2902 666 2970 φυγῇ
697 2897 786 2951 τὸν
820 2897 986 2967 ἀσεϐῆ
1014 2897 1094 2959 εἰς
1123 2895 1296 2966 οίησιν
1324 2892 1670 2962 δικαιοσύνης
1699 2887 2011 2962 περιϐαλὼν

432 2989 526 3042 τοῦ
573 2989 647 3060 μὴ
695 2990 969 3060 μετανοεῖν
1013 2986 1311 3059 ἠπάτησεν.
1365 2985 1422 3038 '0
1470 2984 1526 3038 δὲ
1578 2984 1888 3055 ἱστορήσας,
1935 2979 2012 3045 ὡς

434 3081 647 3134 εὐσεϐεῖ
697 3080 1141 3152 συγχρησάμενος
1183 3077 1262 3148 τῷ
1313 3076 1678 3139 ἀπελάσαντι,
1729 3072 1867 3146 πρὸς
1912 3071 2010 3144 τὴν

435 3173 622 3244 ὁμοίαν
664 3173 932 3226 πολιτείαν
967 3171 1206 3234 σπεύσας
1237 3170 1544 3222 ἀπόλλυται.
1597 3167 1796 3220 Ἐνίοτε
1829 3165 1885 3218 δὲ
1916 3164 2010 3217 καὶ

434 3264 559 3327 τοὺς
593 3264 667 3336 μὴ
700 3263 817 3335 Θεῴ
847 3261 1273 3336 προσκειμένους
1301 3262 1496 3333 ὅρκους
1528 3259 1749 3328 φεύγειν
1781 3254 2010 3326 ὑποκρί-

436 3371 633 3419 νονται,
676 3355 763 3408 ἵνα
791 3355 1168 3425 ἀπατήσαντες
1195 3352 1410 3417 αὐτοὺς,
1452 3353 1539 3405 ὅτε
1574 3350 1838 3412 θέλουσιν,
1885 3344 2010 3400 ἀνέ-

436 3443 601 3498 λωσιν
633 3444 697 3500 ’⁸.

507 3685 694 3740 XXIII.
735 3685 845 3739 Καὶ
870 3681 1028 3737 τοῦτο
1057 3681 1150 3738 οὖν
1177 3683 1321 3754 ὑμᾶς
1347 3680 1543 3735 εἰδέναι
1575 3678 1896 3750 βουλόμεθα,
1926 3679 2007 3733 ὄτι

437 3777 532 3832 ἐὰν
571 3780 643 3848 μή
666 3795 750 3840 τις
782 3777 973 3829 ἑαυτὸν
1005 3775 1146 3829 ἑκὼν
1187 3775 1233 3807 ³⁸
1261 3774 1477 3844 δαίμοσι
1515 3771 1700 3825 δοῦλον
1732 3769 1900 3841 ἐκδῷ,
1933 3770 2008 3834 ὡς

436 3865 623 3936 τάχιον
656 3867 830 3930 εἶπον,
855 3869 882 3920 ὁ
902 3866 1110 3936 δαίμων
1143 3866 1243 3937 τὴν
1281 3866 1400 3917 κατ’
1420 3862 1584 3917 αὑτοῦ
1629 3861 1876 3927 ἐξουσίαν
1908 3862 2008 3913 οὐκ

437 3958 570 4028 ἔχει.
611 3959 743 4012 Ἕνα
781 3957 872 4013 οὖν
918 3959 1050 4012 Θεὸν
1101 3957 1275 4010 σέϐειν
1318 3955 1556 4025 ἑλόμενοι
1602 3955 1696 4006 καὶ
1732 3952 2009 4025 τραπέζης

436 4049 700 4120 δαιμόνων
727 4051 1087 4122 ἀποσχόμενοι
1123 4051 1216 4102 καὶ
1260 4047 1612 4118 σωφροσύνην
1645 4045 1782 4116 μετὰ
1822 4045 2008 4115 φιλαν-

437 4139 680 4213 θρωπίας
727 4144 819 4196 καὶ
849 4142 1190 4212 δικαιοσύνης
1233 4140 1612 4210 ἀναδεξάμενοι
1645 4140 1738 4193 καί
1778 4154 2010 4209 τρισμα-

435 4233 603 4304 scapi;
634 4233 966 4303 ὲπονομασίᾳ
1013 4234 1092 4295 είς
1120 4233 1310 4301 ἄφεσιν
1345 4229 1624 4302 ἁμαρτιῶν
1674 4226 2010 4298 βαπτισάμε-

437 4341 536 4387 νοι,
674 4324 719 4355 ²⁶
746 4325 869 4377 ὅσον
907 4323 1132 4376 δύνασθε
1174 4323 1266 4375 ἐπὶ
1307 4323 1368 4374 τὸ
1415 4321 1617 4374 τέλειον
1649 4319 1748 4388 τῆς
1789 4317 2008 4386 ἁγνείας

2115 1873 2298 1918 vestra
2320 1863 2376 1918 in
2405 1865 2566 1932 coelo,
2601 1875 2860 1937 tanquam
2892 1883 3108 1939 semper
3133 1868 3454 1933 viventium,
3481 1868 3693 1925 descri-

2113 1962 2210 2024 pta
2253 1963 2400 2012 sunt.
2445 1955 2538 2013 Sic
2581 1958 2745 2013 etiam
2795 1969 3018 2015 sanctus
3057 1959 3154 2014 Dei
3199 1960 3433 2031 Spiritus
3471 1959 3689 2031 gaudet,

2117 2047 2264 2115 quod
2315 2051 2481 2102 homo
2524 2058 2756 2106 mortem
2803 2052 3030 2120 vicerit;
3072 2068 3202 2108 nam
3236 2053 3386 2123 quod
3418 2053 3692 2109 daamones

2115 2137 2396 2210 fugantur,
2436 2141 2490 2194 in
2521 2141 2746 2198 alterius
2789 2143 3078 2199 sanitatem
3111 2145 3190 2199 fit.
3227 2143 3355 2200 Haec
3394 2159 3525 2200 vero
3553 2143 3692 2198 dici-

2116 2245 2263 2296 mus,
2293 2245 2402 2284 non
2431 2232 2590 2302 quasi
2617 2247 2882 2302 negemus
2910 2234 3034 2289 aliis
3064 2249 3188 2290 esse
3231 2232 3688 2300 succurrendum,

2117 2321 2210 2375 sed
2241 2321 2367 2390 quia
2397 2337 2506 2376 non
2535 2332 2772 2393 oportet,
2801 2333 2862 2379 ut
2887 2338 3007 2379 eam
3035 2324 3104 2379 ob
3130 2339 3245 2378 rem
3276 2325 3404 2380 elati
3444 2324 3689 2395 negliga-

2115 2426 2240 2466 mus
2277 2427 2396 2466 nos.
2439 2413 2718 2485 Contingit
2755 2424 2937 2472 autem
2966 2415 3279 2488 aliquando,
3324 2423 3386 2471 ut
3412 2415 3690 2472 daemones

2113 2503 2266 2558 viros
2296 2503 2563 2573 quosdam
2591 2505 2786 2574 impios
2819 2506 3031 2578 fugiant
3064 2517 3285 2578 propter
3315 2508 3690 2564 venerandum

2114 2611 2334 2663 nomen,
2372 2605 2610 2668 tuncque
2634 2599 2847 2654 insidiis
2888 2611 3216 2671 appetuntur
3242 2611 3296 2657 et
3335 2602 3429 2672 qui
3468 2601 3689 2671 expellit

2113 2696 2167 2742 et
2189 2687 2282 2756 qui
2313 2689 2488 2743 cernit
2519 2707 2534 2744 :
2575 2691 2668 2759 qui
2711 2691 2948 2760 expellit,
2973 2693 3131 2762 quasi
3175 2703 3396 2761 propter
3417 2691 3686 2761 justitiam

2112 2775 2279 2831 fuerit
2305 2777 2631 2846 honoratus,
2661 2782 2914 2837 nesciens
2959 2783 3224 2838 damonis
3265 2782 3566 2849 malitiam;
3611 2783 3689 2838 si-

2113 2867 2227 2920 mul
2257 2867 2400 2923 enim
2435 2884 2499 2924 ac
2526 2885 2723 2926 nomen
2755 2872 2963 2927 honore
2988 2882 3311 2942 prosecutus
3338 2882 3442 2938 est,
3479 2882 3534 2930 et
3559 2873 3686 2939 fuga

2113 2973 2213 3015 sua
2248 2959 2474 3030 impium
2523 2962 2580 3016 in
2631 2963 2944 3032 Opinionem
2988 2965 3215 3034 justitiae
3267 2965 3687 3037 injecithatque

2113 3053 2188 3107 ita
2219 3052 2286 3106 ad
2328 3053 2704 3122 pmnitentiam
2753 3070 2865 3109 non
2909 3056 3173 3126 agendam
3219 3055 3414 3112 fraude
3444 3059 3685 3113 induxit.

2115 3143 2220 3209 Qui
2255 3159 2384 3198 vero
2411 3145 2604 3211 cernit,
2639 3145 2766 3199 dum
2809 3147 3197 3202 commercium
3227 3147 3390 3204 habet
3429 3165 3554 3205 cum
3583 3165 3686 3205 ex-

2112 3233 2348 3304 pellente
2371 3243 2631 3306 tanquam
2661 3251 2785 3290 cum
2829 3236 3051 3293 homine
3089 3239 3200 3307 pio,
3228 3241 3295 3294 ad
3328 3241 3564 3294 similem
3603 3242 3684 3298 vi-

2113 3323 2272 3379 vendi
2319 3324 2582 3381 rationem
2636 3325 2901 3381 festinans
2948 3328 3106 3395 perit.
3141 3327 3414 3384 Interdum
3459 3346 3590 3386 vero
3629 3341 3686 3387 et

2111 3429 2228 3479 eos,
2275 3415 2366 3485 qui
2411 3416 2477 3471 ad
2529 3416 2696 3470 Deum
2735 3432 2842 3470 non
2888 3416 3132 3472 referunt
3176 3419 3566 3488 adjurationcs,
3597 3422 3686 3476 fu-

2111 3522 2236 3577 gere
2284 3508 2571 3576 simulant,
2625 3516 2684 3562 ut
2731 3509 3021 3578 deceptos,
3073 3525 3199 3566 cum
3242 3512 3442 3579 velint,
3489 3514 3681 3570 interi-

2109 3607 2281 3652 mant.

2179 3689 2364 3743 XXIII.
2410 3689 2475 3744 Et
2526 3690 2630 3746 hoc
2676 3690 2839 3761 igitur
2882 3706 2980 3746 vos
3021 3692 3162 3747 scire
3212 3693 3494 3760 volumus,
3535 3695 3682 3764 quod

2110 3779 2214 3834 nisi
2245 3783 2370 3850 quis
2398 3789 2590 3850 sponte
2631 3796 2690 3835 se
2733 3781 2910 3851 ipsum
2939 3782 3280 3838 daemonibus
3320 3799 3536 3838 servum
3567 3791 3681 3840 tra-

2107 3869 2221 3935 dat,
2248 3872 2706 3940 quemadmodum
2739 3873 2852 3927 dixi
2903 3872 3083 3940 modo,
3116 3873 3326 3928 daemon
3359 3889 3470 3929 non
3515 3875 3682 3930 habet

2101 3971 2429 4031 potestatem
2466 3965 2520 4018 in
2555 3980 2701 4019 eum.
2737 3965 2924 4036 Itaque
2962 3967 3126 4022 unius
3165 3965 3261 4020 Dei
3299 3967 3506 4022 cultum
3561 3981 3680 4020 am-

2108 4044 2271 4123 plexi,
2311 4055 2618 4110 damonum
2658 4072 2845 4113 mensa
2884 4058 3236 4122 abstinentes,
3265 4058 3676 4128 temperantiam

2108 4158 2232 4198 cum
2259 4146 2600 4199 humanitate
2644 4160 2708 4200 ac
2736 4145 2949 4214 justitia
2985 4145 3283 4201 consectati
3311 4156 3362 4200 et
3409 4155 3493 4200 ter
3517 4147 3676 4200 beata

2108 4236 2452 4292 invocatione
2491 4235 2546 4290 in
2592 4236 2971 4290 remissionem
3011 4246 3360 4305 peccatorum
3394 4235 3674 4304 baptizati,

2104 4343 2207 4398 pro
2238 4327 2446 4381 viribus
2471 4327 2536 4381 ad
2558 4325 2812 4396 puritatis
2850 4326 3234 4396 perfectionem
3260 4342 3358 4381 vos
3391 4325 3675 4389 tradendo,

437 4417 662 4479 ἑαυτοὺς
693 4415 986 4468 ἐπιδιδόναι
1027 4415 1095 4478 ’⁷,
1130 4412 1357 4466 δύνασθε
1391 4410 1663 4472 κολάσεως
1697 4408 1864 4462 ἀϊδίου
1908 4411 2004 4480 pu-

2113 4418 2331 4487 potcstis
2381 4417 2449 4471 ab
2479 4424 2681 4471 aeterna
2721 4417 2856 4486 eripi
2902 4416 3250 4470 damnatione
3274 4455 3290 4481 ,
3325 4424 3378 4469 ct
3408 4414 3676 4468 bonorum
3771 4461 3782 4476 ,

439 4506 652 4568 σθέντες
709 4506 942 4558 αἰωνίων
1007 4504 1228 4573 ἀγαθῶν
1283 4503 1604 4574 κληρονόμοι
1649 4499 2000 4568 καταστῆναι.

439 4595 618 4649 Ταῦτα
647 4594 814 4648 εἰπὼν
841 4597 952 4657 τοῖς
984 4595 1088 4648 ὑπὸ
1128 4593 1313 4647 παθῶν
1347 4592 1686 4662 όχλουμένοις
1727 4589 2007 4661 προσιέναι

438 4686 747 4748 ἐκέλευσεν,
770 4684 863 4738 καί
893 4684 1064 4747 οὕτως
1095 4685 1277 4737 πολλοὶ
1316 4685 1478 4755 πείρᾳ
1517 4682 1626 4735 τῶν
1658 4681 1811 4750 ἐχθὲς
1843 4680 1887 4712 ⁸⁸
1915 4679 2004 4734 θε-

445 4777 813 4848 ραπευθέντων
861 4777 1271 4849 συνεληλυθότες
1312 4775 1617 4847 προσῄεσαν
1645 4775 1706 4832 ’⁸.
1733 4774 1789 4825 '0
1819 4772 1874 4824 δὲ
1907 4771 2006 4834 τὰς

440 4872 624 4938 χεῖρας
657 4870 838 4933 αὐτοῖς
869 4868 1076 4932 ἐπιθείς
1107 4869 1201 4922 καὶ
1249 4867 1544 4937 εὐξάμενος
1589 4867 1817 4936 ἐξαυτῆς
1851 4864 2005 4917 ἰασά-

447 4981 624 5034 μενος,
671 4965 1042 5037 ὲντειλάμενος
1091 4963 1249 5033 213
1296 4964 1479 5026 αὐτοῖς
1523 4963 1617 5014 καὶ
1663 4965 1776 5024 τοῖς
1827 4961 2006 5022 ἀλλοις

442 5054 755 5129 όρθρίτερον
804 5057 848 5088 ³⁰
903 5055 1271 5128 συνεδρεύειν,
1330 5054 1488 5116 αὐτὸς
1547 5052 1872 5123 λουσάμενος
1916 5051 2011 5104 καὶ

443 5145 648 5244 ἱροφῆς
683 5147 1016 5217 μεταλαϐὼν,
1047 5145 1313 5200 ὕπνωσεν.

2112 4517 2435 4562 aeternorum
2495 4507 2752 4562 constitui
2791 4507 3050 4562 lueredcs.
3090 4505 3222 4571 Quae
3269 4513 3555 4574 postquam
3593 4503 3677 4557 di-

2111 4599 2301 4665 xisset,
2333 4613 2427 4654 eos
2452 4598 2545 4668 qui
2583 4597 2994 4668 aegritudinibus
3035 4593 3551 4662 vexabanturjussit
3584 4608 3676 4648 ac-

2112 4689 2323 4755 cedere,
2353 4698 2404 4742 et
2429 4689 2501 4742 ita
2541 4687 2695 4741 multi
2724 4697 2943 4757 propter
2983 4701 3097 4753 eos,
3127 4700 3265 4754 quos
3296 4684 3549 4738 hesterno
3586 4682 3674 4736 die

2112 4789 2331 4835 curatos
2362 4779 2628 4846 viderant,
2662 4778 2974 4848 congregati
3017 4784 3383 4831 accesserunt.
3417 4773 3508 4827 Ille
3546 4787 3674 4828 vero

2112 4871 2382 4940 impositis
2413 4885 2574 4940 super
2603 4885 2698 4925 eos
2741 4869 2995 4922 manilius
3020 4877 3074 4922 et
3104 4873 3356 4937 precatus
3383 4863 3672 4920 confestim

2111 4963 2346 5028 sanavit,
2378 4962 2740 5032 praecepitque
2774 4977 2899 5015 cum
2931 4962 2998 5016 iis
3018 5001 3034 5025 ,
3060 4970 3174 5014 tum
3206 4957 3350 5020 aliis,
3377 4966 3437 5012 ut
3473 4956 3669 5025 majori

2107 5070 2268 5108 mane
2311 5055 2706 5108 convenirent:
2746 5062 2908 5122 atque
2942 5052 3108 5121 lotus,
3160 5051 3390 5122 ciboque
3429 5055 3668 5117 sumpto,

2106 5159 2299 5200 somno
2334 5160 2392 5200 se
2417 5145 2658 5200 tradidit.

1747 5277 1982 5332 VARIE
2021 5276 2420 5336 LECTIONES.

446 5443 459 5456 ‘
517 5373 559 5404 ¹⁹
581 5371 712 5427 Post
732 5373 868 5496 καὲδ

446 5459 499 5496 tn
525 5443 614 5495 τὸν
639 5443 772 5495 Θεου
846 5481 860 5494 .

446 5443 499 5496 in
525 5443 614 5495 τὸν
639 5443 772 5495 Θεοῦ
803 5443 860 5496 S.

874 5373 1024 5471 ίαξορ
1071 5371 1416 5471 ingerendum
1450 5378 1602 5471 pptat
1624 5367 1718 5449 τοῦ
1748 5370 1829 5450 vel
1851 5367 2006 5471 8506;
2036 5367 2317 5471 (Ἀττικέ.
2348 5373 2732 5471 Ξιοιηλιιζιξί.
2763 5371 3016 5471 Fortasse
3039 5370 3146 5424 τῶν
3172 5371 3307 5425 ὅλων
3341 5368 3666 5425 mutandum

1032 5454 1079 5471 η
1206 5460 1232 5471 ..
1281 5458 1432 5471 ...ηπ
1537 5457 1549 5471 .
1631 5455 1683 5471 ,η
1713 5455 1866 5471 mm...
1923 5454 1982 5471 ο,
2016 5454 2045 5471 ..
2080 5455 2145 5471 ν-
2310 5460 2339 5471 ..
2379 5461 2464 5471 ..-η
2686 5454 2734 5471 ,η
2787 5459 2940 5471 ,.,......
2969 5455 3278 5471 ηη--.........,
3318 5451 3479 5471 Mn..-

935 5443 981 5474 ¹⁰
1009 5442 1083 5496 Ita
1115 5442 1160 5497 0
1203 5460 1254 5498 c.
1281 5439 1463 5510 marg.
1489 5439 1551 5494 Ci
1581 5481 1596 5504 ,
1631 5440 1685 5492 in
1712 5439 1868 5510 cujus
1901 5447 2046 5510 textu
2080 5439 2190 5510 καί.
2244 5443 2264 5472 ³

2308 5443 2464 5512 μόνον
2481 5442 2543 5497 Ο.
2593 5445 2638 5476 ³⁸
2661 5445 2737 5496 Ita
2767 5443 2941 5497 locum
2967 5455 3279 5511 corruptum
3317 5451 3480 5510 atque
3517 5456 3670 5493 man-

444 5529 565 5566 cum
595 5513 783 5567 sanavi
806 5527 856 5566 c.
885 5511 947 5564 0.
976 5514 1072 5582 Ap.
1098 5513 1138 5566 Ο
1186 5523 1268 5568 est
1291 5507 1432 5565 οὕτω
1461 5511 1522 5563 τὸ
1553 5510 1693 5582 θεῖον
1733 5507 1984 5582 {inopina
2011 5509 2235 5582 conject.
2268 5507 2402 5564 Θεοῦ
2447 5515 2600 5581 ἆγιον
2628 5514 2711 5566 vel
2750 5512 2883 5565 Θεοῦ
2910 5507 3148 5582 ὀνόματα
3207 5528 3312 5566 ιιοη
3372 5507 3525 5582 opus
3561 5519 3664 5582 est.

447 5583 491 5614 ³⁸
507 5582 564 5634 δέ
591 5586 914 5638 subnotatur
941 5583 992 5635 in
1023 5576 1066 5635 0
1095 5624 1110 5648 ,
1132 5584 1197 5636 ad
1231 5584 1339 5648 cuj.
1367 5596 1517 5635 oram
1551 5580 1656 5633 διά.
1704 5579 1774 5650 ff
1800 5576 2094 5650 θελήσωσιν
2125 5580 2382 5650 ἀνελῶσιν
2415 5576 2506 5637 Ο(
2554 5585 2596 5614 ²⁵
2615 5582 2754 5636 ἑκών
2786 5584 2965 5638 addidi
2998 5576 3046 5636 ὸ.
3078 5583 3385 5648 0,subinde
3409 5576 3556 5650 E3669
3583 5579 3623 5632 S
3648 5617 3666 5643 ,

444 5651 621 5726 ὲκδῴη
645 5653 704 5718 C,
874 5653 919 5684 "
933 5650 1076 5726 ItaAS
1106 5692 1122 5715 ,
1163 5653 1223 5726 τό
1247 5653 1318 5726 ΑΟ,
1348 5651 1412 5706 Ο.
1489 5651 1532 5726 ’ξ’
1555 5648 1877 5726 ἐπιδιδόντες
1909 5650 1968 5700 Ο.
2047 5648 2092 5678 ⁸⁸
2107 5649 2232 5719 χθές
2259 5655 2317 5708 Ο,
2386 5655 2430 5686 ²⁹
2454 5653 2527 5708 Ita
2553 5652 2597 5708 Ο
2646 5669 2694 5712 c.
2724 5652 2762 5709 S
2791 5693 2804 5720 ,
2840 5653 3132 5726 προσίεσαν
3165 5653 3225 5708 C.
3305 5652 3348 5685 ³⁰
3373 5648 3668 5724 ὀρθριῶτε-

449 5738 539 5780 ρον
564 5719 626 5776 CI
671 5733 724 5778 et
751 5723 789 5778 S
819 5764 834 5789 ,
866 5723 960 5792 qui
986 5723 1071 5779 hic
1097 5730 1152 5778 et
1181 5719 1321 5776 infra
1349 5721 1553 5776 mavult
1591 5719 1983 5794 ὀρθριαίτερον.
