4082 6160
440 237 542 293 £59

1022 348 1302 406 HOMILIA
1335 348 1406 403 Χ.

510 438 550 493 I.
585 436 774 496 Tertio
817 441 998 512 itaque
1044 439 1184 509 apud
1215 435 1479 506 Tripolim
1513 435 1602 491 die
1641 433 1915 491 maturius
1974 449 2005 489 e

440 545 635 586 somno
673 533 969 588 suscitatus
1000 529 1191 583 Petrus
1219 528 1519 598 ingreditur
1555 527 1609 580 in
1641 527 1883 592 hortum,
1911 524 2005 580 ubi

441 620 634 692 ingens
675 632 794 679 erat
838 637 989 692 aquae
1020 619 1442 687 receptaculum,
1480 619 1534 672 in
1567 617 1710 688 quod
1751 617 2006 672 continue

443 711 677 781 plurima
701 711 900 766 ﬂuebat
929 708 1090 762 unda.
1124 707 1202 761 ibi
1237 707 1382 762 lotus
1417 708 1605 776 sicque
1647 717 1836 776 postea
1876 722 2004 776 pre-

441 815 598 858 catus
641 801 886 856 consedit
931 817 944 854 :
999 813 1100 854 nos
1143 813 1274 853 vero
1325 798 1786 853 circumsedentes
1837 812 1904 852 ac
1948 797 2004 852 in

441 909 566 949 eum
597 891 967 960 reSpicientes,
993 891 1151 958 quasi
1181 889 1274 958 qui
1323 889 1528 960 aliquid
1570 888 2006 944 desideraremus

441 982 649 1044 audire,
678 979 1118 1033 animadvertcns
1145 978 1286 1032 dixit
1319 995 1334 1032 :

507 1071 573 1126 ll.
603 1069 769 1123 Multa
793 1070 928 1124 mihi
958 1070 1173 1124 videtur
1202 1083 1324 1124 esse
1355 1069 1658 1124 differentia
1683 1068 1824 1122 inter
1851 1067 2007 1139 igna-

439 1179 532 1220 ros
559 1170 612 1218 et
658 1171 924 1218 errantes.
976 1161 1080 1228 Qui
1125 1161 1271 1216 enim
1302 1162 1557 1232 'ignorat,
1606 1161 1823 1215 videtur
1870 1159 2006 1214 mihi

439 1255 634 1312 similis
662 1268 786 1310 esse
816 1254 1026 1309 homini
1049 1254 1116 1308 ad
1142 1253 1457 1324 praeclaram
1487 1253 1760 1307 civitatem
1784 1265 2009 1323 pergere

441 1347 670 1413 nolenti,
701 1347 921 1402 inscitia
955 1346 1226 1400 bonorum
1253 1345 1326 1398 ibi
1359 1343 1705 1413 positorum;
1755 1345 1849 1413 qui
1878 1357 2008 1397 vero

439 1446 607 1504 errat,
652 1437 865 1492 homini
908 1436 1102 1491 scienti
1151 1433 1371 1503 quidem
1420 1433 1657 1488 civitatis
1689 1434 1863 1497 bona,
1911 1432 2009 1488 scd

439 1528 534 1600 qui
557 1529 613 1584 in
638 1528 838 1584 itinere
867 1535 1120 1596 suscepto
1150 1527 1401 1580 semitam
1443 1525 1740 1579 mutaverit
1778 1523 2008 1594 ideoque

441 1621 727 1677 aberrarit.
774 1618 856 1673 Ad
907 1634 1030 1672 eum
1085 1617 1248 1687 igitur
1295 1617 1517 1671 modum
1565 1624 1698 1686 puto
1753 1629 2006 1685 magnam

1319 237 1381 293 S.
1418 233 1795 292 CLEMENTIS
1828 231 1847 288 I
1891 232 2049 294 ΗΘΜ.
2082 231 2280 290 ΡΟΝΤ.
2322 231 2550 289 OPERA
2591 226 2817 291 DUBIA.

2035 353 2085 411 Α

3182 315 3192 332 ν
3578 243 3685 300 seu

2677 348 2932 403 'OMIAIA
2962 339 2996 402 l'
3037 350 3096 397 υ.

2175 437 2216 492 I.
2240 438 2318 510 Τῇ
2357 439 2457 510 μὲν
2487 431 2579 494 οὖν
2619 439 2678 493 ὲν
2707 441 2976 511 ιΤριπόλει
3020 440 3180 516 τρίτῃ
3224 441 3407 516 ἡμέρᾳ⁸
3451 435 3688 516 όρθρίτυ-

2109 549 2199 604 ρον
2231 532 2274 564 ³³
2321 531 2380 598 ἐξ
2420 531 2590 586 ὕπνου
2637 533 2882 604 ἐγερθεὶς
2920 533 2949 586 ό
2991 535 3196 606 Πέτρος
3246 536 3327 599 είς
3376 537 3469 589 τὸν
3514 538 3688 608 κῆπον

2105 621 2278 694 εἰσῄει
2311 621 2376 688 ³³,
2417 623 2543 677 ἔνθα
2572 619 2640 694 ἦν
2684 623 2985 695 ὐδροχοεῖον
3029 625 3192 695 μέγα,
3243 613 3383 690 είςδ
3425 623 3690 699 διηνεκῶς

2107 713 2358 767 πλούσιον
2391 713 2582 785 έρῤεεν
2613 713 2775 785 ὕδωρ.
2825 715 2971 768 Ἐκεῖ
3002 717 3358 789 λουσάμενος,
3394 717 3493 772 εἶθ’
3517 711 3689 784 οὕτως

2105 800 2400 873 εὐξάμενος
2430 801 2718 872 ἐκαθέσθη,
2751 803 2900 873 ἡμᾶς
2943 803 3001 856 δὲ
3034 806 3561 878 περικαθεζομένους
3593 809 3689 862 καὶ

2105 891 2185 954 εἰς
2218 891 2380 945 αὐτὸν
2413 890 2753 956 ἀτενίζοντας
2781 892 2968 964 ὥσπερ
2999 895 3229 950 ἀκοῦσαί
3258 915 3311 950 τι
3332 890 3688 969 βουλομένους

2108 981 2309 1046 συνεὶς,
2332 980 2460 1052 ἔφη·

2177 1069 2240 1123 ll.
2278 1071 2452 1144 Πολλή
2479 1089 2567 1143 μοι
2601 1072 2748 1126 δοκεῖ
2780 1068 2916 1126 εἶναι
2951 1067 3185 1148 διαφορά
3214 1076 3322 1131 τῶν
3347 1070 3685 1146 ἀγνοούντων

2107 1161 2244 1233 πρὸς
2290 1164 2418 1225 τοὺς
2455 1163 2922 1235 πεπλανημένους.
2978 1167 3036 1220 '0
3070 1168 3176 1240 γάρ
3207 1159 3416 1238 ἀγνοῶν
3449 1164 3683 1223 ἐοικέναι

2111 1270 2200 1324 μοι
2228 1254 2372 1308 δοκεῖ
2404 1254 2555 1326 ἀνδρί
2587 1245 2674 1308 tn"
2706 1257 3102 1331 εὐθηνουμένην
3133 1253 3285 1312 πόλιν
3322 1261 3394 1332 μὴ
3427 1257 3605 1333 ὁρμᾷν
3637 1263 3684 1295 ³⁸

2108 1343 2443 1416 βουληθέντι,
2485 1345 2572 1398 διά
2613 1345 2674 1399 τὸ
2723 1346 2934 1415 ἀγνοεῖν
2965 1347 3032 1401 τὰ
3063 1349 3180 1401 ἐκεῖ
3217 1347 3376 1415 καλά,
3423 1353 3452 1403 ὁ
3497 1345 3554 1404 δὲ
3587 1368 3684 1406 πε-

2107 1436 2448 1507 πλανημένος
2482 1436 2703 1507 μαθόντι
2739 1437 2928 1508 μὲντά
2965 1438 3107 1492 κατά
3141 1439 3240 1510 τὴν
3277 1434 3430 1493 πόλιν
3481 1441 3681 1510 ἀγαθὰ,

2108 1527 2165 1580 ἐν
2197 1527 2255 1580 δὲ
2288 1527 2366 1598 τῷ
2397 1528 2573 1599 όρμᾷν
2605 1528 2748 1582 κατὰ
2778 1529 2874 1600 τὴν
2918 1529 3035 1582 ὁδὸν
3066 1523 3250 1601 τρίϐον
3284 1532 3684 1603 παραλλάξαντι

2109 1619 2201 1672 καὶ
2227 1618 2315 1671 διά
2345 1618 2502 1672 τοῦτο
2531 1619 2882 1690 πλανωμένῳ.
2909 1619 3098 1685 Οὕτως
3128 1616 3222 1675 οὖν
3259 1640 3347 1693 μοι
3374 1623 3519 1676 δοκεῖ
3555 1625 3685 1678 πολ-

440 1727 560 1766 esse
587 1709 941 1766 differentiam
974 1708 1122 1763 inter.
1145 1708 1417 1762 idolorum
1443 1707 1681 1762 cultores
1708 1716 1761 1762 et
1784 1721 1880 1762 eos
1910 1707 2003 1776 qui

2108 1708 2205 1781 λὴν
2249 1708 2510 1781 διαφορὰν
2554 1705 2692 1763 εἶναι
2719 1685 2847 1763 τῶν-
2869 1710 3063 1765 εἴδωλα
3102 1685 3364 1766 σεϐόντων
3399 1711 3534 1783 πρὸς
3559 1715 3685 1780 τοὺς

441 1804 495 1860 iu
533 1817 659 1856 vera
702 1801 958 1871 religione
989 1808 1238 1869 peccant.
1279 1796 1415 1852 Nam
1457 1798 1724 1853 idolorum
1767 1799 2006 1853 cultores

439 1894 606 1950 vitam
629 1902 888 1948 aeternam
920 1891 1194 1956 nesciunt,
1227 1905 1394 1959 quam
1419 1889 1543 1945 ideo
1572 1905 1672 1945 nec
1706 1898 2004 1960 appetunt:

439 1983 586 2055 quod
634 1983 778 2039 enim
837 1983 1111 2051 ignorant,
1166 1997 1277 2036 non
1334 1989 1567 2052 possunt
1620 1981 1866 2052 diligere.
1900 1979 2007 2048 Qui

439 2085 619 2132 autem
664 2089 834 2128 unum
886 2072 1055 2127 Deum
1103 2072 1288 2127 colere
1331 2073 1437 2127 sibi
1478 2080 1920 2143 proposuerunt,
1952 2081 2008 2128 et

438 2178 692 2223 aeternam
753 2165 917 2219 vitam
963 2163 1122 2218 bonis
1167 2163 1348 2218 datam
1385 2164 1561 2219 edocti
1607 2172 1753 2231 sunt,
1800 2163 1847 2220 si
1875 2164 2004 2234 quid

439 2267 626 2314 contra
666 2257 998 2312 voluntatem
1027 2257 1119 2312 Dei
1145 2266 1240 2312 aut
1267 2255 1602 2312 crediderint
1633 2265 1726 2311 aut
1758 2255 2003 2324 fecerint,

438 2347 811 2404 assimilantur
831 2346 899 2402 iis
923 2347 1017 2417 qui
1045 2362 1112 2402 ex
1138 2346 1391 2417 supplicii
1422 2346 1638 2401 civitate
1681 2356 2001 2415 eruperunt,

438 2449 501 2496 ut
522 2439 769 2496 venirent
809 2439 1120 2502 ad,urbem
1173 2439 1472 2506 felicitatis,
1519 2448 1683 2509 atque
1733 2438 1927 2494 itinere
1970 2451 2004 2492 a

437 2540 582 2588 recta
613 2531 702 2586 via
731 2531 1074 2586 aberrarunt.

505 2618 591 2674 Ill.
624 2617 748 2674 Haec
772 2634 896 2674 cum
938 2621 1098 2677 nobis
1124 2621 1482 2686 edissereret,
1515 2619 1793 2690 ingressus
1839 2626 1922 2674 est
1957 2619 2003 2675 is

437 2709 532 2780 qui
580 2708 650 2764 ad
698 2708 1016 2778 huiusmodi
1081 2709 1364 2765 referenda
1411 2709 1714 2763 destinatus
1765 2719 1882 2762 erat
1935 2723 2004 2764 ex

439 2799 664 2863 nostris,
695 2807 757 2852 ut
786 2800 1062 2854 nuntiaret
1091 2799 1167 2853 illi
1204 2817 1218 2853 :
1253 2815 1450 2870 magna
1491 2799 1776 2852 hominum
1819 2797 2004 2852 multi-

438 2890 588 2957 tudo,
611 2890 828 2956 dom'me
859 2890 933 2944 mi
965 2890 1144 2957 Petre,
1176 2906 1274 2960 pro
1300 2889 1512 2945 foribus
1541 2898 1668 2944 stat.
1715 2889 1846 2959 Ejus
1873 2905 2001 2960 ergo

438 2969 700 3055 permissu
736 2982 958 3037 intravit
995 2998 1189 3053 magna
1221 2982 1502 3040 hominum
1546 2982 1870 3052 frequentia.
1909 2983 2001 3037 Ille
2027 3018 2069 3076 ο

435 3087 565 3130 vero
594 3087 822 3142 surgens
853 3081 907 3127 et
935 3073 989 3126 in
1016 3073 1134 3128 basi
1169 3073 1425 3127 hesterna
1452 3073 1685 3143 positus,
1717 3087 1839 3128 cum
1873 3073 2000 3126 reli-

435 3164 614 3235 gionis
643 3165 751 3218 ritu
781 3165 1090 3228 salutasset,
1139 3163 1277 3218 dixit
1309 3178 1325 3217 :
1363 3163 1480 3230 Dei,
1511 3165 1770 3218 creatoris
1797 3164 1918 3218 caeli
1947 3171 2002 3217 et

438 3265 596 3310 terra:
643 3255 999 3324 omniumque
1046 3255 1113 3310 iis
1155 3262 1539 3310 contentorum
1589 3255 1672 3324 (ut
1708 3270 1870 3309 verus
1901 3270 1998 3309 nos

433 3346 618 3402 docuit
645 3346 931 3415 propheta)
962 3346 1030 3400 ad
1075 3346 1367 3416 imaginem
1390 3354 1444 3401 et
1481 3347 1547 3400 ad
1589 3332 1997 3402 similitudinem

435 3437 600 3491 homo
633 3435 832 3499 factus,
853 3437 1185 3492 constitutus
1212 3445 1296 3491 est
1321 3446 1382 3491 ut
1410 3437 1704 3506 imperaret
1737 3452 1801 3492 ac
1823 3437 2000 3492 domi-

433 3537 678 3595 naretur,
708 3527 832 3582 dico
861 3537 1042 3582 autem
1088 3527 1143 3581 in
1181 3542 1245 3583 ea
1276 3543 1398 3598 qua:
1438 3538 1568 3583 sunt
1592 3527 1648 3582 in
1681 3543 1826 3594 aere,
1854 3538 1997 3583 terra

432 3627 488 3674 et
513 3619 703 3689 aquis,
739 3617 1198 3688 quemadmodum
1251 3633 1319 3672 ex
1370 3618 1489 3688 ipsa
1520 3632 1582 3673 re
1625 3632 1850 3674 cernere
1892 3627 1996 3675 est.

431 3707 570 3764 Nam
617 3709 882 3764 industria
921 3724 1017 3763 sua
1045 3724 1168 3779 qua:
1209 3708 1264 3762 in
1305 3723 1432 3764 aere
1468 3721 1759 3765 versantur
1789 3710 1994 3779 dejicit,

432 3816 554 3872 quae
581 3801 635 3854 in
665 3801 935 3872 profundo
955 3802 1160 3871 degunt
1188 3801 1418 3867 extollit,
1447 3817 1569 3871 quae
1616 3809 1816 3856 terram
1848 3803 1998 3857 inco-

433 3893 554 3946 lunt
580 3902 830 3957 venatur,
859 3892 1110 3961 quamvis
1153 3892 1350 3946 robore
1387 3893 1618 3948 multum
1642 3908 1708 3949 eo
1733 3903 1997 3964 prtestan-

433 3983 592 4046 tiora,
615 3981 934 4050 elephantos
974 3982 1196 4050 inquam
1226 3989 1281 4035 et
1322 3982 1510 4038 leones
1540 3997 1605 4037 ac
1644 3984 1730 4038 his
1773 3984 1990 4039 similia.

502 4071 592 4125 ιν.
617 4071 869 4136 Quandiu
899 4087 1028 4143 ergo
1055 4073 1237 4142 justus
1272 4073 1513 4137 exstitit,
1551 4074 1803 4129 omnibus
1836 4075 1994 4130 malis

431 4163 680 4232 superior
706 4161 827 4228 fuit,
863 4180 925 4219 ac
956 4166 1103 4219 velut
1139 4165 1192 4219 in
1236 4179 1463 4234 corpore
1498 4164 1791 4219 immortali
1831 4181 1996 4234 expe-

431 4257 724 4311 rimentum
759 4256 966 4311 doloris
1007 4259 1202 4326 capere
1248 4272 1358 4311 non
1403 4263 1632 4326 poterat.
1673 4254 1774 4310 Ubi
1809 4266 1990 4311 autem

2107 1799 2165 1852 ἐν
2196 1798 2476 1870 θεοσεϐείᾳ
2501 1797 2832 1868 ἀλωμένους.
2870 1798 2938 1851 Οἵ
2965 1815 3026 1852 τε
3051 1799 3162 1870 γὰρ
3199 1799 3393 1854 εἴδωλα
3436 1800 3682 1864 σέϐοντες

2106 1889 2358 1960 ἀγνοοῦσι
2379 1889 2478 1961 τὴν
2497 1888 2713 1943 αἰώνιον
2734 1887 2897 1960 ζωὴν,
2931 1884 2992 1945 οὗ
3012 1885 3218 1948 εἴκεκεν
3251 1887 3372 1944 οὐδὲ
3402 1891 3682 1962 ὀρέγονται

2106 1985 2296 2055 αὐτῆςσ
2340 1983 2368 2036 ὃ
2399 1982 2507 2052 γὰρ
2543 1984 2616 2054 μὴ
2647 1982 2844 2046 ἴσασιν,
2876 1983 3094 2053 ἀγαπᾷν
3125 1982 3186 2035 οὐ
3225 1981 3492 2038 δύνανται.
3534 1985 3598 2037 Οί
3624 1983 3682 2038 δὲ

2104 2074 2196 2128 τὸν
2228 2066 2390 2144 214
2419 2073 2516 2126 ’ἐνα
2545 2066 2676 2124 Θεὸν
2706 2071 2882 2124 σέϐειν
2913 2071 3155 2142 ἑλόμενοι
3179 2069 3274 2125 καὶ
3300 2071 3514 2127 αἰώνιον
3536 2073 3682 2144 ζωὴν

2105 2168 2218 2229 τοῖς
2251 2164 2474 2234 ἀγαθοῖς
2495 2163 2782 2234 δεδομένην
2803 2163 3197 2235 μεμαθηκότες,
3230 2163 3323 2217 ἐάν
3349 2183 3401 2218 τι
3434 2165 3584 2238 παρά
3611 2165 3684 2221 τὰ

2104 2255 2365 2310 δοκοῦντα
2390 2255 2468 2326 τῷ
2490 2255 2608 2325 Θεῷ
2633 2254 2667 2326 ἢ
2692 2253 3050 2308 πιστεύσωσιν
3073 2251 3105 2325 ἢ
3129 2255 3444 2325 ποιήσωσιν,
3470 2255 3680 2310 ἐοίκασι

2103 2350 2214 2411 τοῖς
2243 2347 2342 2418 τὴν
2363 2345 2406 2378 ³⁸
2427 2347 2526 2418 μὲν
2544 2347 2693 2401 πόλιν
2708 2347 2808 2418 τῆς
2827 2346 3092 2419 τιμωρίας
3114 2345 3483 2418 ἐκϐεϐηκόσιν,
3506 2347 3680 2403 ἐλθεῖν

2103 2436 2160 2490 δὲ
2191 2440 2270 2502 εἰς
2301 2439 2399 2510 τὴν
2447 2433 2846 2510 εὐθηνουμένην
2877 2439 2922 2470 ³⁸
2941 2437 3369 2510 [ἐπιθυμοῦσιν],
3399 2440 3493 2492 καὶ
3519 2439 3576 2492 ἐν
3609 2442 3677 2512 τῇ

2102 2530 2206 2602 ὁδῷ
2231 2530 2331 2600 τῆς
2354 2529 2567 2592 εὐθείας
2599 2529 2963 2600 πλανηθεῖσιν.

2173 2621 2259 2675 Ill.
2296 2619 2480 2675 Ταῦτα
2502 2621 2665 2676 αὐτοῦ
2690 2617 3071 2692 διαλεγομένου
3095 2621 3225 2692 ἡμῖν
3254 2621 3423 2694 εἰσῄει
3455 2641 3538 2687 τις
3568 2622 3676 2676 τῶν

2103 2713 2385 2785 ἡμετέρων
2414 2715 2443 2765 ό
2487 2713 2579 2766 ἐπὶ
2617 2712 2694 2783 τῷ
2735 2706 3097 2780 ἀπαγγέλλειν
3141 2713 3288 2783 αὐτῷ
3335 2714 3405 2767 τά
3458 2714 3676 2768 τοιαῦτα

2103 2801 2456 2877 καθεστηκὼς
2478 2803 2649 2873 λέγων
2667 2805 2735 2836 ³⁷⁸
2762 2799 2945 2858 πολλοὶ
2963 2805 3128 2875 ὄχλοι,
3165 2803 3320 2874 κύριέ
3345 2822 3446 2876 μου
3479 2806 3672 2878 Πέτρε,

2104 2897 2209 2969 πρὸ
2232 2895 2339 2949 τῶν
2374 2895 2552 2967 θυρῶν
2587 2896 2897 2966 ἑστήκασιν.
2938 2893 3356 2965 Ἐπιτρέψαντος
3385 2890 3477 2948 οὖν
3509 2893 3674 2948 αὐτοῦ

2104 2990 2268 3052 πολὺς
2287 2981 2603 3058 ἐπεισῆλθεν
2622 2983 2793 3057 ὄχλος.
2831 2985 2888 3040 '0
2904 2986 2959 3038 δὲ
2981 2986 3224 3057 ἐγερθεὶς
3245 2987 3339 3039 καὶ
3359 2990 3424 3058 τῇ
3451 2989 3605 3058 ἐχθὲς
3629 2988 3674 3019 ³⁸
3725 2989 3739 3004 ⁶

2105 3078 2258 3149 βάσει
2290 3077 2533 3140 ἐπιστὰς,
2567 3075 2646 3145 τῷ
2675 3077 2773 3146 τῆς
2805 3075 3113 3140 θεοσεϐείας
3151 3075 3260 3129 ἔθει
3305 3077 3679 3149 προσαγορεύ-

2103 3186 2220 3232 σας,
2255 3168 2380 3238 ἔςρη·
2429 3167 2564 3220 Θεοῦ
2593 3166 2686 3220 τοῦ
2729 3165 2820 3219 τὸν
2849 3166 3075 3238 οὐρανὸν
3120 3168 3400 3233 κτίσαντος
3440 3171 3532 3223 καὶ
3573 3173 3675 3243 τὴν

2100 3259 2202 3328 γῆν
2240 3259 2334 3311 καὶ
2359 3257 2536 3310 πάντα
2565 3256 2634 3309 τά
2654 3258 2710 3308 ἐν
2742 3257 2922 3320 αὐτοῖς
2955 3257 3332 3328 πεποιηκότος,
3365 3259 3441 3321 ὡς
3477 3260 3505 3312 ὁ
3538 3261 3672 3332 ἀλη-

2101 3346 2198 3418 θὴς
2223 3345 2354 3419 ἡμῖν
2389 3346 2576 3417 εἴρηκε
2594 3343 2637 3376 ³⁸
2666 3346 2964 3417 προφήτης,
2987 3346 3309 3418 όάνθρωπος
3342 3349 3460 3401 κατ’
3491 3349 3671 3403 εἰκόνα

2098 3437 2195 3490 καί⁸
2227 3437 2347 3490 καθ’
2375 3436 2630 3506 ὁμοίωσιν
2664 3433 2901 3502 γεγονὼς
2935 3436 3123 3507 ἄρχειν
3166 3455 3225 3490 τε
3261 3439 3354 3491 καί
3399 3437 3670 3510 κυριεύειν

2098 3527 2422 3598 κατεστάθη,
2465 3527 2606 3596 λέγω
2648 3525 2707 3579 δὲ
2738 3526 2845 3578 τῶν
2869 3527 2926 3578 ὲν
2947 3528 3067 3598 ἀέρι
3103 3527 3197 3580 καὶ
3227 3531 3296 3599 γῇ
3331 3531 3424 3584 καὶ
3463 3529 3668 3595 ὕδασιν,

2097 3617 2173 3680 ὡς
2201 3618 2246 3649 ⁸ο
2270 3617 2328 3684 ἐξ
2373 3617 2537 3670 αὐτοῦ
2582 3617 2677 3671 τοῦ
2709 3618 3031 3690 πράγματος
3058 3619 3170 3671 ἔστι
3211 3620 3455 3685 συνιδεῖν,
3489 3621 3569 3674 ὅτι
3599 3625 3667 3693 τῇ

2097 3706 2288 3761 ἐαυτοῦ
2341 3709 2551 3761 συνέσει
2598 3709 2667 3761 τά
2711 3709 2810 3780 μὲν
2843 3711 2900 3762 ἐν
2940 3709 3061 3780 ἀέρι
3101 3709 3254 3780 φέρει
3280 3711 3448 3776 κάτω,
3498 3711 3569 3766 τά
3608 3714 3669 3767 ἐν

2098 3796 2243 3868 βυθῷ
2270 3797 2461 3866 ἀνάγει
2491 3797 2623 3861 ἀνω,
2655 3798 2726 3851 τά
2753 3799 2809 3850 ἐν
2837 3801 2906 3870 γῇ
2938 3799 3180 3870 ἀγρεύει,
3215 3801 3306 3852 καί
3339 3801 3420 3854 τοί
3450 3819 3512 3870 γε
3544 3804 3666 3854 κατ’

2095 3891 2265 3962 ἀλκὴν
2298 3890 2462 3943 αὐτοῦ
2511 3890 2690 3961 πολλῷ
2738 3890 2956 3961 μείζονα
2989 3890 3136 3955 ὄντα,
3183 3891 3322 3959 λέγω
3353 3892 3413 3944 δὲ
3443 3893 3668 3963 ἐλέφαν-

2093 3998 2193 4046 τας
2226 3983 2318 4036 καὶ
2347 3981 2567 4046 λέοντας
2589 3982 2682 4036 καὶ
2710 3982 2780 4034 τά
2800 3981 3009 4044 τούτοις
3043 3983 3396 4056 παραπλήσια
3425 3985 3489 4038 δί.

2164 4071 2252 4126 IV.
2293 4072 2418 4125 Ὅτε
2451 4071 2548 4143 μέν
2575 4089 2658 4125 τοι
2699 4072 2902 4136 δίκαιος
2947 4072 3259 4142 ἐτύγχανεν,
3309 4073 3402 4126 καὶ
3447 4075 3663 4129 πάντων

2093 4163 2428 4235 παθημάτων
2460 4162 2730 4226 ἀνώτατος
2761 4162 2920 4232 215
2944 4157 3031 4233 ἦν,
3063 4162 3137 4224 ὼς
3168 4163 3417 4234 ἀθανάτῳ
3451 4163 3662 4235 σώματι

2091 4255 2187 4308 τοῦ
2217 4255 2398 4324 ἀλγεῖν
2419 4257 2613 4326 πεῖραν
2645 4255 2826 4308 λαϐεῖν
2849 4255 2922 4325 μὴ
2949 4254 3259 4324 δυνάμενος,
3289 4257 3376 4308 ὅτε
3406 4257 3462 4308 δέ
3482 4258 3662 4328 ἥμαρ-

429 4346 694 4417 peccavit,
727 4346 870 4400 sicut
918 4347 1004 4400 die
1052 4348 1309 4402 hesterno
1354 4358 1409 4402 et
1461 4348 1612 4402 illum
1657 4349 1991 4418 praecedente

2103 4365 2202 4412 τεν,
2244 4347 2320 4410 ὡς
2347 4347 2501 4417 ἐχθὲς
2546 4346 2590 4378 δ’
2634 4347 2728 4399 καὶ
2768 4349 2832 4416 τῇ
2879 4345 2984 4414 πρὸ
3026 4345 3195 4416 αὐτῆς
3240 4346 3540 4418 ἐδείξαμεν,
3582 4349 3662 4412 ὡς

430 4435 790 4504 ostendimus,
821 4447 1078 4506 tanquam
1109 4437 1282 4494 factus
1327 4454 1516 4494 servus
1544 4441 1749 4509 peccati
1778 4442 1990 4497 cunctis

2103 4439 2272 4503 Ξοῦλος
2317 4438 2556 4508 γεγονὼς
2594 4439 2695 4508 τῆς
2735 4440 3008 4510 ἁμαρτίας
3055 4442 3217 4493 πᾶσιν
3263 4440 3500 4493 ὑπέπεσε
3545 4445 3658 4505 τοῖς

429 4527 876 4597 perpessionibus
925 4528 1200 4598 subjacuit
1244 4538 1299 4584 et
1344 4530 1602 4585 omnibus
1647 4530 1806 4586 bonis
1840 4532 1988 4601 justo

2103 4531 2425 4602 παθήμασιν,
2465 4529 2683 4582 πάντων
2715 4528 2895 4581 καλῶν
2927 4530 3110 4602 δικαίᾳ
3149 4530 3321 4602 κρίσει
3355 4530 3652 4602 στερηθείς.

424 4619 634 4688 judicio
661 4619 904 4688 privatus
932 4628 1034 4674 est.
1067 4618 1222 4675 Haud
1256 4621 1402 4675 enim
1433 4636 1651 4691 aequum
1681 4621 1895 4688 fuisset,
1927 4632 1988 4677 ut

2103 4621 2162 4674 oo
2195 4619 2302 4691 γάρ
2336 4617 2552 4687 εὐλογον
2573 4613 2660 4689 ἦν,
2693 4617 2788 4670 τοῦ
2817 4617 3104 4682 δεδωκότος
3144 4617 3656 4686 ἐγκαταλειφθέντος

429 4711 618 4766 relicto
647 4711 836 4766 datore
880 4711 1006 4766 data
1044 4712 1188 4782 apud
1226 4711 1466 4781 ingratos
1501 4721 1800 4768 manerent.
1833 4711 1987 4770 Unde

2103 4711 2155 4766 ιά
2209 4710 2428 4763 δοθέντα
2483 4708 2816 4780 παραμένειν
2867 4712 2978 4770 τοῖς
3023 4709 3349 4780 ἀγνώμοσιν.
3392 4709 3550 4762 Ὅθεν
3594 4707 3654 4777 ἐξ

429 4815 525 4869 per
577 4809 992 4870 exsuperantem
1038 4801 1500 4866 misericordiam,
1533 4806 1657 4873 ’quo
1703 4819 1810 4859 una
1856 4819 1984 4861 cum

2103 4799 2528 4874 ὅπερϐαλλούσης
2557 4797 2720 4854 αὐτοῦ
2752 4799 3151 4870 εὐσπλαγχνίας
3183 4801 3317 4872 πρὸς
3353 4799 3415 4852 τὺ
3448 4800 3653 4853 ἀπολα-

429 4890 701 4960 prioribus
726 4890 909 4946 futura
931 4906 1149 4964 quoque
1169 4903 1370 4949 aeterna
1391 4894 1794 4964 perciperemus
1815 4897 1979 4964 bona,

2103 4892 2202 4946 δεῖν
2222 4892 2266 4924 ⁸³
2285 4891 2433 4962 ἡμᾶς
2464 4889 2579 4961 ἅμα
2603 4891 2714 4954 τοῖς
2732 4888 2965 4962 πρώτοις
2995 4891 3089 4944 καὶ
3106 4890 3174 4944 τά
3204 4891 3432 4962 ἐσόμενα
3458 4889 3650 4944 αἰώνια

1721 5074 1956 5131 VAle
1993 5070 2391 5131 LECTIONES.

505 5187 543 5269 ³)
555 5189 755 5271 δεκάτη
780 5187 844 5243 0.
910 5189 1318 5271 ³ξόρθριώτερον
1341 5189 1403 5271 (ξι
1447 5197 1502 5244 et
1525 5187 1583 5244 S.
1647 5189 1692 5222 ³³
1709 5188 1880 5271 εἰσῄει
2057 5231 2073 5255 ,
2097 5189 2256 5271 ειίσίεριζ
2278 5185 2820 5271 Τμιηύδροχοεῖον
2851 5186 2889 5242 8
2917 5227 2932 5252 ,
2960 5187 3238 5271 ὁδροχόῖον
3263 5185 3403 5271 (1.0..
3451 5187 3496 5271 "_‘
3513 5170 3647 5271 όρῷι

426 5248 468 5333 9
505 5259 577 5333 _iu
611 5248 780 5333 textu,
812 5260 956 5333 quod
977 5248 1038 5333 in
1064 5248 1238 5333 'rnarg:
1273 5261 1587 5333 ead.__man.
1611 5248 1866 5333 _correi'it
1904 5248 1970 5333 in
2003 5248 2191 5333 όρμᾷν.
2224 5248 2800 5333 διιὺίηρε-βουληθέντι
2833 5273 2897 5312 ex
2920 5248 3159 5333 conject.
3179 5259 3241 5313 Ci
3272 5300 3290 5333 ,_
3311 5248 3433 5333 'cuj;
3463 5248 3646 5333 tentus

428 5325 729 5396 βούλεσθαι,
755 5325 902 5382 υιυ.
973 5330 1128 5400 ³⁸τήν
1162 5325 1272 5386 oin.
1295 5329 1356 5384 Ο.
1399 5327 1538 5382 Tum
1574 5329 1716 5384 idem
1761 5325 2135 5400 ἐκϐεϐηκόσίνζ
2170 5338 2230 5384 ut
2279 5327 2423 5397 conj.
2449 5325 2537 5390 C',
2573 5325 2765 5448 in'cuj’.
2807 5337 2952 5383 textu
2998 5325 3646 5400 ἐκϐεϐοηκόσι.’8ιιι›ἰιιιισ

428 5397 629 5448 inserui
653 5398 709 5448 δέ
735 5415 784 5448 c.
822 5397 886 5448 0.
962 5398 1008 5430 ³⁸
1024 5400 1418 5448 adeuvouuévnv
1441 5403 1499 5448 0.
1534 5398 1641 5448 cui.
1681 5399 1887 5448 faenum
1930 5399 2279 5448 snhsemtenli
2314 5397 2560 5448 inscrinsi
2607 5395 2720 5448 Ιέπι
2757 5397 3024 5448 υμοῦσινῖ.
3066 5398 3270 5448 Deinde
3299 5401 3396 5448 τῆς
3429 5396 3646 5448 εὐθείας

425 5395 709 5481 ξιξερτυίῥέ
735 5415 797 5481 c.‘
822 5397 886 5452 0.
921 5395 1418 5481 η’ξεύθυνουμένην
1441 5403 1504 5481 0,
1534 5398 1643 5481 cui.
1681 5399 1887 5481 lacunae
1930 5395 2279 5481 subsequent}
2311 5395 2560 5481 inscripsi
2597 5395 3024 5481 .[éﬂ‘teupofptv].
3066 5395 3270 5481 Deinde
3287 5401 3396 5481 5:77,:
3424 5396 3646 5481 edet-:ng

426 5464 499 5518 id.
541 5483 590 5520 c.
631 5468 671 5518 D
700 5509 715 5532 ,
748 5468 845 5569 την
883 5467 1094 5523 εὐθείαν
1131 5471 1194 5525 C.
1252 5461 1310 5502 ’⁸⁷
1332 5461 1442 5523 τῶν
1479 5461 1758 5539 ἡμετέρων
1790 5469 1884 5522 ἐπὶ
1923 5471 2002 5556 τῷ
2037 5461 2360 5538 ἀπάγγελεῖν
2385 5461 2551 5536 αὐτῷ,
2587 5461 2627 5519 δ
2653 5465 2723 5520 τά
2752 5461 3362 5540 τοιαῦτα’καθεστηκὼς’
3379 5468 3556 5536 λέγειν
3575 5461 3642 5522 C.

426 5532 606 5569 ιονηέρ
638 5539 678 5569 n
772 5538 792 5568 ι
836 5538 910 5569 Α..
938 5539 1138 5569 ιρι-οε-
1169 5539 1385 5569 ,δι-ηρ..
1427 5541 1558 5569 αυτ..
1590 5538 1630 5569 ρ
1729 5539 1774 5569 ιο
1797 5538 1914 5569 Vm.
1975 5540 2160 5569 ut--.“
2184 5539 2258 5569 ,ιη
2289 5539 2369 5569 ιλιι,
2403 5545 2618 5569 nvos-alo
2656 5545 2783 5569 anni
2839 5537 2892 5569 δη
2927 5537 2972 5569 n
3069 5539 3199 5569 ut...
3228 5538 3272 5569 η
3322 5554 3350 5569 η
3397 5538 3457 5569 l‘l
3531 5535 3642 5569 ..ἔω

425 5532 606 5617 ⁸⁸χθές
638 5539 697 5590 Ο.
772 5532 816 5569 ’ί
835 5538 910 5600 ὡς
935 5539 1138 5625 ἀληθὴς
1169 5539 1385 5640 εἴρηκεν
1427 5532 1558 5611 ἡμῖν
1590 5532 1665 5593 ΟΣ
1729 5539 1774 5570 ⁸⁸
1797 5538 1935 5594 Vbb.
1973 5532 2258 5603 ὕδασινῶς
2289 5539 2373 5592 bis
2403 5532 2620 5617 exarata
2656 5545 2787 5591 sunt
2839 5537 2892 5590 in
2927 5537 2991 5592 0.
3069 5539 3201 5592 u~Ita
3223 5532 3272 5591 Ὁ
3321 5554 3371 5592 c.
3397 5532 3462 5592 Ci
3491 5578 3505 5598 .
3531 5535 3642 5590 τῶν

425 5607 1040 5640 ΙΙΛηφΛιρ-νιηκρλεηριιΑυ
1065 5609 1088 5640 ί
1202 5611 1224 5640 δ
1260 5609 1385 5640 ..Ωιι
1416 5612 1458 5640 n
1552 5610 1598 5640 η
1619 5608 1753 5640 ,φιλι-
1776 5610 1836 5640 ’λ
1868 5610 2157 5640 λωἸ-Αρ...
2179 5609 2218 5640 ι’
2279 5623 2342 5640 nr
2374 5615 2583 5640 nnnnnn!
2671 5606 2807 5640 ρλλρ
2839 5606 2916 5640 ’,τι
2949 5606 3237 5640 lynx-uie...
3271 5607 3320 5640 ἷιΙ
3374 5609 3426 5640 ἷιιι
3465 5617 3611 5640 Invln

423 5606 630 5666 τούτοις
649 5606 1040 5680 παραπλησίων
1065 5606 1128 5664 C.
1159 5670 1165 5674 ,
1202 5606 1246 5642 ⁴⁷⁸
1260 5606 1385 5680 χθές
1416 5606 1482 5664 οξ
1552 5610 1598 5643 ⁸³
1619 5608 1753 5681 πρὸς
1776 5610 1836 5664 τὸ
1867 5610 2157 5666 ἀπολαύειν
2179 5609 2220 5664 C.
2279 5623 2345 5664 ex
2374 5606 2632 5678 conject.,
2671 5606 2807 5678 πρὸς
2839 5606 2916 5678 τῷ
2949 5606 3237 5662 ἀπολαύειν
3271 5607 3343 5663 id.
3374 5609 3428 5662 in
3465 5617 3636 5662 textu.
