4082 6160
399 291 496 349 9.θὶ

1469 276 1936 338 CLEMENTINA.
1967 304 2036 315 ——
2069 272 2352 330 HOMILIA
2390 272 2460 327 Χ.

3540 270 3647 329 962

401 402 603 472 ἀγαθὰ,
639 402 733 458 τὸν
760 399 924 456 αὑτοῦ
956 400 1165 472 ἔπεμψε
1188 399 1486 472 προφήτην.
1543 401 1586 450 0
1617 396 1673 450 δὲ
1695 392 1977 466 προφήτης

2079 365 2240 442 suum
2277 387 2427 442 misit
2450 385 2792 456 prophetam.
2823 385 2928 451 Qui
2964 383 3222 456 propheta
3257 384 3414 440 nobis
3439 397 3645 456 prece-

401 494 537 568 πρᾲς
571 495 716 565 ὑμᾶς
757 494 937 561 λέγειν
983 495 1110 564 ἡμῖν
1138 494 1184 523 ⁵⁵
1224 491 1261 545 ἃ
1303 491 1383 543 δεῖ
1411 491 1628 560 φρονεῖν
1660 487 1754 540 καί
1800 486 1973 537 ποιεῖν

399 583 720 638 ἐνετείλατο.
777 581 997 635 Ἕλεσθε
1045 575 1158 645 οὖν,
1203 580 1233 633 ὃ
1273 580 1366 632 ἐπὶ
1408 581 1474 649 τῇ
1521 576 1762 648 ὑμετέρᾳ
1798 576 1973 642 κεῖται

398 673 637 745 ἐξουσία.
690 674 759 726 Ἀ
808 673 906 744 μὲν
949 668 1040 726 οὖν
1073 671 1152 725 δεῖ
1195 674 1444 744 φρονεῖν,
1491 670 1606 722 ἐστὶ
1649 666 1839 721 ταῦτα’
1885 666 1974 718 τὸν

398 767 576 820 πάντα
606 764 943 835 πεποιηκότα
977 762 1152 816 σέϐειν
1185 762 1335 816 Θεὸν’
1371 761 1428 814 ὃν
1463 760 1527 814 ἂν
1556 757 1864 828 ἀπολάϐητε
1895 754 1973 827 τῷ

397 855 494 928 νῷ,
541 857 633 910 ἀπ’
690 855 736 887 ³⁸
786 854 949 908 αὐτοῦ
1001 853 1343 925 ἀπολήψεσθε
1395 852 1510 922 ἅμα
1559 851 1672 914 τοῖς
1740 848 1974 921 πρώτοις

398 948 584 1010 καλοῖς
616 945 711 1000 καὶ
741 944 810 998 τά
840 945 1072 1014 ἐσόμενα
1097 943 1290 997 αἰώνια
1322 941 1523 1012 ἀγαθά.

470 1036 532 1092 Y.
571 1038 762 1090 Πεῖσαι
796 1031 888 1090 οὖν
927 1036 1150 1100 ἑαυτοὺς
1182 1035 1318 1108 πρὸς
1341 1035 1411 1089 τὰ
1444 1034 1786 1106 συμφέροντα
1815 1033 1953 1103 δυνή-

402 1130 579 1195 σεσθε,
610 1129 814 1200 ἐάνπερ
841 1127 920 1199 τῷ
942 1127 1306 1199 ἐμφωλεύοντι
1327 1129 1385 1182 ἐν
1413 1130 1482 1198 τῇ
1506 1127 1746 1199 ὑμετέρᾳ
1777 1125 1973 1196 καρδία

396 1222 554 1292 δεινῷ
601 1221 725 1291 δφει
766 1221 954 1292 ὥσπερ
1001 1219 1290 1291 ἐπᾴδοντες
1334 1219 1546 1290 λέγητε·
1602 1219 1822 1286 Κύριον
1869 1215 1975 1269 τὸν

402 1310 552 1366 Θεὸν
585 1309 926 1379 φοϐηθήσῃ,
955 1308 1056 1363 καὶ
1085 1306 1244 1374 αὐτῷ
1272 1309 1437 1379 μόνῳ
1462 1308 1815 1374 λατρεύσεις
1881 1305 1976 1358 Ἐκ

394 1400 596 1463 παντὸς
615 1395 706 1453 οὖν
727 1398 984 1470 λογισμοῦ
1006 1398 1271 1469 συμφέρει
1310 1398 1371 1451 τὸ
1403 1396 1561 1450 αὐτὸν
1605 1397 1762 1471 μόνον
1791 1394 1974 1465 φοϐεῖ-

398 1492 543 1557 σθαι,
564 1493 663 1561 οὐχ
682 1491 758 1555 ὼς
783 1492 967 1546 ἄδικον
983 1532 998 1555 ,
1028 1493 1141 1545 ἀλλ’
1165 1493 1240 1556 ὡς
1267 1492 1491 1545 δίκαιον.
1525 1491 1636 1544 Καὶ
1655 1493 1764 1562 γὰρ
1791 1489 1975 1544 ἄδικόν

395 1601 484 1650 τις
512 1585 775 1655 φοϐεῖται,
814 1587 888 1658 μὴ
925 1585 1124 1648 ἀδίκως
1166 1584 1446 1655 ἀναιρεθῇ,
1497 1583 1709 1638 καὶτὸν
1747 1582 1972 1648 δίκαιον,

399 1678 477 1749 μὴ
504 1677 550 1709 δ’
581 1678 826 1750 ἁμαρτίᾳ
868 1677 1139 1750 φωραθεὶς
1177 1676 1486 1748 τιμωρηθῇ.
1514 1674 1751 1728 Δύνασθε
1784 1669 1876 1727 οὖν
1917 1675 1976 1726 ἐν

511 1740 644 1842 πρὸς
671 1740 833 1824 αὐτὸν
857 1740 1005 1841 φόϐιρ
1027 1740 1366 1823 πολλῶνντῶν
1382 1740 1694 1820 ’ἐπιϐλαϐῶν
1723 1767 1766 1798 ⁵⁷
1789 1767 1973 1820 ἀπαλ-
2004 1740 2048 1795 Β

397 1859 625 1932 λαγῆναι
645 1860 842 1930 φόϐων.
871 1860 1002 1913 Ἕνα
1020 1859 1128 1930 γὰρ
1145 1859 1236 1912 τὸν
1257 1858 1473 1912 πάντων
1495 1857 1679 1930 κύριον
1700 1857 1793 1910 καὶ
1815 1873 1973 1926 ποιη-

397 1950 498 2021 τὴν
529 1950 621 2004 ἐὰν
650 1952 724 2024 μὴ
748 1951 984 2022 φοϐῆσθε
1015 1951 1080 2016 ⁸⁸,
1107 1950 1321 2005 πάντων
1342 1950 1451 2002 τῶν
1472 1948 1658 2002 κακῶν
1681 1947 1853 2001 δοῦλοι
1883 1949 1975 2001 ἐπὶ

396 2045 466 2113 τῇ
489 2043 651 2113 216
675 2041 881 2095 ἑαυτῶν
919 2041 1091 2114 βλάϐῃ
1123 2040 1328 2104 ἔσεσθε,
1358 2040 1500 2108 λέγω
1516 2040 1573 2092 δὲ
1601 2039 1866 2111 δαιμόνων
1881 2041 1974 2092 καὶ

399 2133 549 2203 παθη
559 2133 740 2204 μάτων
763 2133 858 2186 καὶ
881 2132 1079 2196 παντὸς
1101 2132 1198 2202 οἵῳ
1225 2130 1268 2162 ἰ’
1289 2131 1352 2202 δή
1373 2148 1477 2184 τινι
1504 2130 1690 2202 τρόπῳ
1720 2130 1974 2200 βλάπτειν

395 2225 718 2296 δυναμένου.

475 2311 563 2370 Vl.
598 2316 977 2388 Θαρσήσαντες
1017 2310 1111 2370 οὖν
1155 2314 1379 2387 πρόσιτε
1424 2315 1471 2348 ⁸ο
1503 2315 1582 2387 τῷ
1615 2315 1754 2388 Θεῷ,
1797 2316 1847 2369 οἰ
1878 2315 1976 2387 τὴν

395 2408 575 2486 ἀρχῂν
607 2409 698 2460 ἐπὶ
727 2408 805 2479 τῷ
834 2409 1048 2463 πάντων
1081 2409 1269 2480 ἄρχειν
1310 2407 1405 2461 καὶ
1445 2408 1718 2480 κυριεύειν
1749 2425 1977 2479 γεγενη-

401 2499 577 2570 μένοι,
608 2500 829 2563 οἵτινες
878 2499 1028 2570 ἔχετε
1070 2499 1235 2552 αὐτοῦ
1273 2501 1331 2552 ἐν
1368 2499 1464 2570 μὲν
1513 2499 1591 2571 τῷ
1638 2499 1848 2570 σώματι
1879 2500 1976 2570 τὴν

397 2589 609 2654 εἰκόνα,
655 2591 853 2661 ὁμοίως
894 2608 954 2643 τε
995 2590 1147 2661 ἔχετε
1185 2593 1244 2649 ἐν
1277 2592 1355 2663 τῷ
1387 2592 1463 2664 νῷ
1495 2593 1593 2662 τῆς
1630 2592 1854 2665 γνώμης
1879 2592 1976 2663 τὴν

399 2681 710 2754 ὁμοιότητα.
758 2683 910 2737 Ἐπεὶ
941 2678 1034 2737 οὖν
1066 2683 1280 2752 ἀλόγοις
1309 2682 1469 2749 ζώοις
1517 2684 1730 2738 ἐοικότα
1762 2685 1806 2716 ⁸¹
1837 2684 1977 2754 πρά-

401 2775 591 2840 ξαντες
621 2777 686 2830 ἐκ
705 2776 806 2848 τῆς
833 2776 1009 2847 ψυχῆς
1040 2775 1238 2848 [ὑμῶν]
1273 2778 1319 2809 ⁸²
1351 2778 1450 2849 τὴν
1486 2775 1773 2848 ἀνθρώπου
1793 2777 1975 2848 ψυχὴν

399 2861 739 2926 ἀπωλέσατε,
761 2861 950 2933 ῶσπερ
994 2866 1163 2935 χοῖροι
1205 2866 1484 2936 γενόμενοι
1515 2866 1782 2936 δαιμόνων
1823 2868 1978 2939 αἰτή-

404 2969 552 3024 ματα
565 2954 835 3022 ἐγένεσθε.
874 2954 995 3008 Ἐάν
1014 2952 1106 3009 οὖν
1122 2956 1214 3010 τοῦ
1235 2956 1368 3009 Θεοῦ
1389 2957 1552 3028 νόμον
1567 2956 1891 3030 ἀναᾶξησθε
1907 2960 1973 3025 ⁸³,

2073 483 2172 552 pit,
2204 489 2264 536 ut
2295 481 2602 534 diceremus
2640 479 2796 534 vobis
2835 493 2958 548 quae
2999 479 3203 534 sentire
3240 487 3292 533 et
3344 477 3525 533 facere
3553 479 3647 532 de-

2073 573 2269 628 beatis.
2304 569 2499 641 Eligite
2525 584 2656 640 ergo
2687 580 2743 624 et
2767 569 3055 640 capessite.
3099 568 3154 623 ld
3193 570 3250 623 in
3277 579 3458 624 vestra
3480 569 3647 624 situm

2072 672 2156 719 est
2198 670 2482 733 potestate.
2534 659 2798 730 Equidem
2848 675 2970 730 quae
3022 657 3225 715 sentire
3272 659 3501 728 debetis,
3541 659 3646 714 ista

2072 765 2202 813 sunt
2240 756 2524 811 :omnium
2571 763 2850 810 auctorem
2897 753 3069 808 Deum
3098 754 3369 821 venerari,
3401 769 3562 824 quem
3599 753 3649 809 si

2071 856 2250 902 mente
2277 846 2622 917 receperitis,
2660 846 2730 900 ab
2772 846 2891 916 ipso
2931 860 3054 900 eum
3098 844 3372 916 prioribus
3401 859 3648 899 commo-

2071 939 2158 994 dis
2189 938 2370 992 futura
2399 952 2619 1008 quoque
2647 945 2907 1008 perpetua
2937 936 3082 990 bona
3108 935 3538 1006 consequemini.
3694 977 3705 1006 ,δ

2143 1028 2208 1084 V.
2237 1021 2463 1084 Vosmet
2492 1029 2658 1099 igitur
2701 1028 2769 1082 ad
2815 1029 2970 1083 utilia
3015 1026 3273 1098 poteritis
3297 1026 3646 1095 persuadere,

2074 1121 2119 1178 si
2152 1121 2218 1176 ad
2250 1121 2551 1176 latitantem
2587 1121 2642 1174 in
2675 1130 2857 1176 vestro
2901 1120 3065 1175 corde
3105 1117 3391 1173 horridum
3423 1133 3651 1188 serpen-

2075 1226 2183 1270 tem
2215 1214 2365 1269 velut
2407 1214 2750 1269 ineantantes
2799 1214 3048 1269 dixeritis
3097 1232 3110 1267 :
3161 1212 3442 1266 Dominum
3481 1211 3652 1266 Deum

2075 1308 2407 1371 revereberis,
2461 1316 2511 1361 et
2562 1305 2646 1360 illi
2697 1307 2800 1360 soli
2873 1307 3062 1361 servies
3127 1318 3178 1362 ι.
3228 1304 3308 1360 Ex
3360 1313 3468 1360 lota
3521 1319 3652 1376 ergo

2074 1408 2259 1457 mente
2285 1399 2542 1456 convenit
2568 1415 2694 1455 eum
2727 1399 2910 1455 solum
2938 1399 3134 1466 vereri,
3165 1414 3273 1453 non
3297 1407 3358 1452 ut
3377 1398 3650 1469 iniquum,

2077 1492 2170 1546 sed
2201 1501 2259 1546 ut
2284 1492 2516 1562 justum.
2574 1491 2788 1545 Etenim
2838 1491 3089 1561 iniquum
3137 1489 3260 1560 quis
3297 1501 3534 1556 veretur,
3582 1503 3654 1544 ne

2077 1583 2265 1654 inique
2301 1585 2367 1639 de
2398 1585 2577 1640 medio
2609 1583 2850 1650 tollatur,
2885 1583 3096 1653 justum
3140 1596 3292 1646 vero,
3338 1597 3409 1636 ne
3441 1581 3496 1635 in
3525 1595 3650 1651 pec-

2078 1683 2201 1730 cato
2245 1675 2621 1745 deprehensus
2655 1691 2846 1746 pmnas
2891 1678 2999 1732 det.
3050 1677 3283 1734 Potestis
3328 1677 3512 1746 itaque
3556 1689 3653 1744 per

2076 1766 2328 1821 timorem
2357 1783 2484 1838 erga
2513 1767 2666 1821 illum
2707 1767 2945 1838 eﬂ'ugere
2983 1769 3183 1824 multos
3222 1768 3417 1824 noxios
3450 1778 3649 1822 metus.

2037 1868 2051 1880 ’
2077 1856 2257 1912 Unum
2287 1859 2431 1914 enim
2457 1867 2778 1916 cunctorum
2811 1861 3092 1916 dominum
3121 1869 3176 1916 et
3203 1861 3515 1927 Creatorem
3543 1860 3651 1916 nisi

2075 1949 2339 2016 timeatis,
2397 1953 2643 2006 omnium
2687 1950 2965 2007 malorum
3022 1952 3166 2008 servi
3217 1967 3416 2024 magno
3464 1961 3652 2007 vestro

2075 2041 2430 2098 incommodo
2456 2044 2629 2110 eritis,
2663 2045 2971 2099 daemonum
3007 2044 3227 2115 inquam
3255 2052 3310 2100 et
3333 2044 3650 2099 morborum

2075 2137 2364 2208 omnisque
2389 2137 2468 2192 rei
2497 2153 2618 2207 quae
2653 2138 2837 2209 aliquo
2869 2140 3032 2195 modo
3063 2147 3243 2211 potest
3268 2154 3488 2195 nocere.

2146 2309 2234 2366 VI.
2267 2309 2404 2365 Cum
2427 2309 2624 2365 ﬁducia
2648 2325 2778 2381 ergo
2800 2310 3061 2366 ad'Deum
3085 2312 3346 2376 accedite,
3379 2313 3473 2382 qui
3503 2313 3656 2382 prin-

2076 2401 2218 2470 cipio
2247 2400 2313 2454 ad
2344 2400 2557 2455 cunctis
2597 2399 2974 2468 imperandum
3012 2410 3066 2455 et
3099 2399 3491 2456 dominandum
3521 2400 3654 2457 facti

2074 2490 2228 2546 estis.
2255 2487 2359 2554 Qui
2391 2489 2561 2559 ipsius
2587 2488 2740 2544 fertis
2770 2489 2825 2543 in
2849 2504 3081 2559 corpore
3110 2490 3422 2561 imaginem,
3451 2493 3656 2562 pariter

2075 2578 2261 2634 feratis
2293 2580 2347 2633 in
2382 2589 2564 2634 mente
2592 2579 2872 2634 sententiae
2902 2580 3338 2636 similitudinem.
3380 2581 3649 2648 Quoniam

2075 2671 2242 2742 igitur
2263 2670 2527 2726 facientes
2557 2671 2762 2726 similia
2791 2687 2917 2726 cum
2959 2673 3138 2729 brutis
3180 2675 3556 2732 animantibus
3583 2693 3655 2731 ex

2075 2753 2258 2816 anima
2280 2770 2464 2817 vestra
2503 2763 2802 2817 humanam
2837 2765 3079 2819 animam
3107 2767 3446 2835 perdidistis,
3479 2769 3656 2823 instar

2074 2869 2368 2924 porcorum
2425 2856 2602 2912 effecti
2653 2859 2964 2914 daemonum
3027 2859 3155 2916 facti
3202 2859 3386 2917 fuistis
3441 2864 3652 2933 petitio.

2075 2945 2264 3018 Itaque
2301 2949 2345 3004 si
2400 2948 2496 3005 Dei
2541 2951 2715 3022 legem
2769 2953 3129 3022 receperitis,
3182 2953 3324 3010 ﬂetis
3376 2950 3654 3012 homines.

399 3045 674 3117 ἄνθρωποι
711 3045 941 3115 γίνεσθε.
977 3046 1052 3099 Ού
1077 3045 1186 3117 γὰρ
1214 3040 1322 3099 οἷον
1363 3047 1574 3115 ἀλόγοις
1602 3047 1746 3101 ἔστιν
1778 3049 1972 3102 εἰπεῖν’

2080 3037 2268 3109 Neque
2289 3041 2434 3096 enim
2486 3041 2664 3098 brutis
2709 3044 3082 3115 animantibus
3125 3047 3231 3101 dici
3277 3056 3498 3116 potest:
3531 3047 3657 3102 Non

405 3139 488 3192 οὐ
520 3138 853 3206 φονεύσεις,
895 3139 967 3192 οὺ
987 3139 1350 3207 μοιχεύσεις,
1380 3140 1451 3192 σὺ
1482 3138 1751 3208 κλέψεις,
1787 3139 1883 3193 καὶ
1909 3139 1977 3192 τὰ

2081 3133 2304 3198 occides,
2357 3148 2459 3184 non
2502 3133 2853 3205 adulterabis,
2929 3151 3032 3188 non
3077 3136 3340 3204 furuberis
3385 3136 3436 3201 δ,
3475 3149 3528 3193 et
3569 3154 3659 3193 sc-

401 3231 545 3302 ἐξῆς.
609 3231 700 3284 Διὸ
752 3231 827 3302 μὴ
873 3231 1172 3302 φθονήσητε
1222 3230 1434 3292 ἑαυτοῖς
1487 3231 1565 3293 εἰς
1607 3230 1706 3302 τὴν
1756 3229 1977 3302 πρώτην

401 3323 828 3395 ἀνακαλούμενοι
870 3323 1128 3376 εἰσελθεῖν
1175 3323 1452 3391 εὐγένειαν
1494 3320 1560 3374 ⁵⁸.
1609 3320 1838 3374 Δυνατδν
1869 3321 1978 3393 γάρ

400 3413 567 3479 ἐστιν,
615 3414 710 3468 ἐὰν
753 3413 832 3486 τῷ
863 3413 982 3484 Θεῷ
1011 3413 1142 3486 ί(25)
1190 3413 1279 3468 διὰ
1317 3414 1428 3467 τῶν
1475 3411 1693 3481 ἀγαθῶν
1727 3412 1978 3484 πράξεων

402 3502 763 3574 ἐξομοιωθῆεε
812 3503 876 3557 ⁵⁵.
908 3505 1017 3556 Καὶ
1044 3503 1130 3556 διὰ
1161 3504 1260 3574 τὴν
1297 3503 1587 3576 ὁμοιότητα
1623 3503 1729 3556 υἱοὶ
1769 3502 1978 3556 ἐκείνου

403 3587 542 3646 εἶναι
586 3591 927 3662 λογισθέντες
978 3593 1193 3647 πάντων
1238 3592 1492 3647 δεσπόται
1537 3594 1978 3664 ἀποκαταστῆναι

402 3683 716 3754 δυνήσεσθε.

474 3774 587 3830 VII.
615 3773 884 3845 Ἀρξασθε
920 3769 1013 3830 οὖν
1044 3775 1371 3832 ἀποδύεσθαι
1402 3778 1510 3832 τῶν
1543 3777 1715 3832 κενῶν
1747 3776 1978 3832 εἰδώλων

402 3869 530 3932 τοὺς
583 3868 894 3933 ἐπιϐλαϐεἴς
933 3871 1159 3940 φόϐους,
1199 3871 1347 3934 ὅπως
1393 3871 1493 3942 τὴν
1541 3871 1722 3926 ἄδικον
1771 3870 1978 3943 φύγητε

403 3958 668 4013 δουλείαν.
700 3959 965 4012 Δεσπόται
1001 3959 1109 4030 γὰρ
1153 3961 1437 4029 γεγόνασιν
1483 3960 1636 4032 ὑμῶν
1667 3962 1882 4026 ἐκεῖνοι,
1929 3961 1978 4014 οἳ

405 4052 502 4105 καὶ
524 4053 606 4115 εἰς
637 4051 855 4115 δούλους
879 4053 1006 4124 ὑμῖν
1037 4053 1296 4123 ἄχρηστοι
1331 4054 1700 4124 τυγχάνουσιν.
1736 4054 1893 4123 Λέγω
1921 4053 1978 4107 δὲ

2078 3223 2321 3291 quentia.
2351 3222 2529 3288 Quare
2564 3240 2632 3278 ne
2655 3225 2810 3279 vobis
2848 3226 3174 3292 invideatis,
3209 3236 3272 3282 ut
3311 3229 3382 3283 ad
3421 3229 3656 3298 primam

2083 3315 2323 3370 revocati
2359 3317 2642 3372 introeatis
2665 3317 3029 3373 nobilitatem.
3045 3319 3188 3374 Fieri
3211 3322 3355 3376 enim
3380 3321 3431 3375 id
3454 3330 3654 3390 potest,

2079 3407 2127 3462 si
2157 3407 2268 3463 Deo
2301 3424 2398 3478 per
2422 3409 2567 3464 bona
2608 3424 2773 3479 opera
2822 3409 3031 3466 similes
3063 3410 3396 3467 eﬂiciamini.
3445 3413 3510 3468 Et
3558 3431 3656 3484 per

2080 3500 2493 3556 similitudinem
2534 3501 2632 3556 filii
2666 3502 2788 3572 ejus
2817 3517 2940 3558 esse
2967 3493 3226 3573 reputati,
3259 3505 3314 3559 in
3342 3503 3653 3561 dominium

2078 3602 2399 3649 cunctorum
2435 3594 2649 3650 restitui
2684 3594 2954 3665 poteritis.

2150 3775 2262 3831 VII.
2295 3775 2522 3847 Incipite
2567 3789 2698 3847 ergo
2741 3775 3016 3846 deponere
3060 3791 3329 3832 vanorum
3383 3777 3653 3834 idolorum

2077 3870 2273 3925 noxios
2323 3879 2526 3934 metus,
2579 3877 2640 3924 ut
2694 3869 2941 3938 iniquam
2991 3869 3265 3940 eii‘ugiatis
3311 3873 3652 3928 servitutem.
3735 3857 3747 3873 ³

2079 3961 2296 4016 Domini
2334 3976 2570 4031 namque
2600 3960 2765 4016 vestri
2790 3959 2918 4015 facti
2944 3971 3074 4016 sunt
3096 3962 3195 4027 illi,
3226 3963 3320 4032 qui
3351 3974 3404 4018 et
3432 3964 3501 4018 ad
3533 3979 3652 4019 ser-

2077 4054 2271 4107 vitium
2317 4052 2473 4107 vobis
2518 4050 2752 4107 fuissent
2795 4051 3039 4107 inutiles.‘
3087 4051 3310 4122 Loquor
3355 4061 3538 4109 autem
3588 4055 3657 4109 de

405 4144 534 4215 περὶ
576 4142 707 4214 ὕλης
749 4142 860 4197 τῶν
909 4142 1129 4213 ἀψύχων
1173 4144 1502 4213 ἀγαλμάτων
1543 4146 1651 4200 τῶν
1683 4146 1815 4216 μηδὲ
1843 4147 1977 4218 πρὸς

2079 4143 2310 4200 materia
2365 4143 2736 4198 inanimorum
2784 4142 3209 4200 simulacrorum
3237 4187 3251 4212 ,
3301 4162 3424 4216 qua
3470 4164 3540 4202 ne
3585 4148 3656 4202 ad

403 4235 466 4287 τὺ
490 4233 758 4288 δουλεύειν
785 4233 915 4304 ὑμῖν
954 4234 1412 4305 χρησιμευόντων.
1457 4235 1593 4291 Οὔτε
1634 4237 1742 4307 γάρ
1770 4237 1976 4302 ἀκούει,

2081 4235 2428 4293 serviendum
2454 4235 2678 4304 quidem
2706 4233 2863 4288 vobis
2910 4237 3036 4289 usui
3077 4251 3199 4290 esse
3233 4246 3482 4306 possunt.
3515 4235 3655 4292 Nam

406 4327 527 4380 οὔτε
541 4327 747 4397 βλέπει,
764 4324 887 4380 οὔτε
912 4325 1241 4389 αἰσθάνεται,
1260 4326 1372 4381 ἀλλ’
1386 4327 1505 4380 οὐδὲ
1522 4328 1626 4398 μὴν
1640 4328 1683 4358 ⁸⁸
1696 4326 1977 4399 κινηθῆναι

2080 4341 2258 4395 neque
2287 4326 2535 4391 audiunt,
2588 4339 2766 4394 neque
2811 4323 3016 4392 vident,
3048 4341 3225 4395 neque
3255 4331 3517 4392 sentiunt,
3560 4334 3655 4381 sed

407 4419 566 4488 217
599 4417 839 4472 δύναται,
857 4418 921 4470 Εἰ
945 4416 1052 4487 γάρ
1086 4417 1334 4487 βούλεταί
1352 4434 1434 4480 τις
1461 4418 1614 4488 ὑμῶν
1646 4417 1816 4481 οὕτως
1844 4419 1975 4490 ὁρᾷν

2080 4432 2181 4472 nec
2204 4425 2435 4487 possunt
2465 4417 2691 4472 moveri.
2720 4420 2803 4470 An
2827 4417 2973 4471 enim
3002 4416 3163 4471 vellet
3182 4418 3382 4488 aliquis
3411 4427 3654 4473 vestrum

408 4508 482 4571 ὡς
506 4510 629 4579 ὁρᾷ,
656 4509 753 4561 καὶ
781 4507 998 4561 ἀκούειν
1034 4507 1108 4571 ὡς
1136 4507 1342 4573 ἀκούει,
1382 4508 1478 4561 καὶ
1513 4507 1860 4562 αἰσθάνεσθαι
1884 4509 1977 4562 καὶ

2086 4509 2166 4565 sic
2195 4509 2376 4564 videre
2407 4518 2467 4564 ut
2499 4509 2706 4574 vident,
2754 4516 2809 4564 et
2856 4509 3048 4564 audire
3085 4518 3147 4565 ut
3172 4510 3424 4578 audiunt,
3455 4520 3509 4566 et
3530 4527 3652 4566 sen-

410 4597 670 4650 κινεῖσθαι
689 4614 704 4662 ;
735 4595 848 4650 ἀλλ’
869 4596 1034 4678 ἀπείη
1064 4597 1288 4671 τοιαύτῃ
1300 4597 1532 4668 λοιδορίᾳ
1547 4597 1802 4670 λοιδορεῖν
1818 4598 1973 4654 πάνθ’

2085 4603 2210 4672 tire,
2245 4611 2299 4658 et
2331 4602 2572 4658 moveri?
2603 4601 2709 4658 Sed
2739 4602 2882 4658 absit
2915 4601 3019 4658 hac
3065 4603 3398 4658 contumelia
3443 4603 3657 4659 allicere

484 4782 507 4811 ι
533 4771 722 4829 Matth.
753 4790 826 4843 Iv,
861 4773 948 4829 10.
1016 4770 1228 4828 1JEitod.
1260 4789 1354 4840 xx,
1381 4773 1482 4841 15;
1519 4772 1713 4828 Matth.
1748 4789 1863 4840 nx,
1892 4773 1980 4830 {8.

1701 4908 1936 4964 VARle
1976 4908 2380 4968 LECTIONES.

483 5032 980 5131 ῒδδβὲετρεφήφης
1021 5047 1170 5131 ἡμᾶς
1198 5045 1334 5131 πρὲις
1353 5045 1510 5131 ,ἐμᾶς
1541 5043 1716 5113 λέγειν
1741 5047 1872 5131 ita?!
1903 5048 1980 5131 ολ
2023 5047 2069 5082 ⁸⁵
2086 5047 2166 5131 Ila
2192 5049 2236 5131 Ρ
2259 5090 2281 5131 ι
2311 5050 2402 5131 ’δῖ’
2427 5050 2492 5131 (Ξ.
2521 5047 2587 5131 9;
2610 5114 2637 5131 .
2661 5051 2708 5131 ‘3
2729 5051 2876 5131 Fart-
2905 5051 3212 5131 asldendym
3237 5052 3320 5124 ιέφ’
3347 5061 3466 5131 rest
3494 5051 3652 5131 MS.-

411 5115 458 5152 "
477 5114 754 5172 ἐπιλαϐών
776 5114 826 5171 0⁷
865 5114 1122 5178 ἶηίεκῐιι,
1155 5114 1460 5169 ὲπίϐλαϐῶν
1487 5117 1540 5169 in
1567 5131 1737 5178 marg.
1769 5114 1815 5148 ⁸⁸
1836 5117 1913 5172 Ita
1946 5118 1984 5172 S
2010 5161 2026 5178 .
2064 5114 2316 5178 φοϐεῖσθε
2348 5121 2413 5178 C.
2439 5114 2499 5176 0⁷.
2542 5114 2646 5178 “(ii
2669 5120 2730 5177 C.
2775 5123 2821 5154 ‘°
2837 5123 2914 5177 lta
2938 5122 2983 5177 Ο
3029 5122 3145 5178 etC
3194 5140 3260 5178 ex
3279 5114 3534 5178 'eo'nieetz.
3555 5114 3626 5178 'id

412 5132 456 5152 "
477 5132 750 5172 επιλαοων
776 5132 819 5171 υ
875 5133 927 5171 In
954 5132 1122 5179 texui,
1155 5132 1460 5169 επιολαοων
1487 5132 1540 5169 ιιι
1567 5132 1737 5186 marg.
1769 5132 1815 5148 ὐ
1836 5132 1913 5172 Ita
1946 5132 1984 5172 δ
2010 5161 2026 5186 ,
2064 5132 2316 5190 φοϐεῖσθε
2348 5132 2413 5182 U,
2439 5132 2499 5176 υ.
2542 5132 2646 5189 ’τῴ
2669 5132 2730 5177 u.
2775 5132 2821 5154 '"'
2837 5132 2914 5177 Ita
2938 5132 2983 5177 υ
3029 5133 3083 5178 et
3105 5132 3145 5177 υ
3194 5140 3260 5179 ex
3283 5132 3534 5195 conject.,
3575 5132 3652 5179 id.

412 5191 664 5273 πβοσίεῖτε
693 5189 946 5273 in_textu.
1025 5187 1168 5270 “Ita
1194 5187 1337 5273 conj.
1366 5187 1414 5273 CA
1437 5186 1589 5273 ,ξιιυὲ
1622 5188 2061 5273 ιειιιιιειὲοικατε,
2092 5201 2154 5273 u_t
2180 5188 2319 5273 0,-_S
2367 5210 2396 5273 :~
2397 5192 2570 5273 Porro
2588 5193 2657 5273 ἐκ
2682 5192 2876 5273 addidi~
2892 5193 3249 5273 deleonjert.)
3284 5211 3409 5273 cum
3435 5195 3653 5273 nullum

412 5210 664 5270 πρρσειτε
693 5210 748 5242 ιη
777 5210 946 5242 teuu.
1025 5210 1069 5218 τ·
1092 5210 1168 5241 ua
1194 5210 1337 5256 cun].
1366 5210 1406 5241 υ
1437 5226 1452 5249 ,
1480 5210 1589 5253 cu].
1625 5210 1802 5243 textus
1827 5210 2061 5256 εοικατε,
2092 5210 2154 5246 ut
2180 5210 2245 5258 U,
2281 5210 2319 5244 δ
2367 5210 2570 5247 ενοῐτο
2593 5210 2657 5245 εκ
2682 5210 2865 5247 auatut
2892 5210 2960 5247 ae
2992 5210 3093 5248 con
3121 5210 3249 5257 e(‘I..,
3284 5211 3409 5250 cum
3436 5210 3653 5248 nultum

410 5259 560 5336 aliud
587 5258 892 5336 remedium
908 5258 1162 5336 invenire
1181 5259 1500 5336 potuissem.
1549 5256 1604 5336 CL
1641 5259 1893 5336 emendat
1917 5261 2176 5336 Tﬁg/Uxﬁ.
2335 5263 2434 5336 τῆς
2459 5262 2668 5336 Δψυχῆς
2711 5278 2764 5333 p.
2815 5263 2914 5336 τῆς
2948 5263 3059 5336 ψυχ
3093 5210 3180 5334 [ἧς
3209 5264 3386 5336 ὑμῶν]
3429 5263 3492 5336 (1,
3535 5265 3658 5318 sine

411 5327 651 5409 lacuna._
693 5328 740 5360 ⁸³
765 5327 1087 5409 ἀναδέξασθε
1127 5325 1197 5382 ΟΣ
1225 5327 1273 5359 ⁸⁸
1293 5325 1659 5409 ἀγένειανΛΟ.η
1681 5325 1728 5409 ⁸ξ
1747 5325 2181 5409 ἐξομοιοθῇτεῦ.
2214 5402 2226 5409 _
2261 5331 2320 5409 ⁸⁸-
2330 5325 2428 5403 μέν
2449 5325 2512 5409 C'l_
2555 5325 2678 5409 'e_t'S
2703 5325 2728 5401 ξ
2743 5333 2838 5403 qui
2863 5325 2994 5404 legit
3013 5325 3655 5404 vultum—conjectura

412 5413 502 5468 ap.
532 5397 573 5454 ϐ
631 5399 747 5468 jam
781 5398 869 5453 diu
895 5413 1171 5467 expressa,
1215 5394 1506 5453 accedente
1531 5396 1598 5452 0.
1627 5394 1925 5470 δυιιίιιάεῆ
1957 5394 2064 5472 γάρ
2087 5415 2141 5471 p.
2181 5402 2230 5454 εἰ
2256 5394 2365 5474 γάρ
2389 5403 2533 5474 conj.
2572 5402 2630 5458 S.

1713 5491 2076 5551 VARIORUM
2124 5493 2356 5551 NOTAE.

485 5588 774 5668 (esp-gen;
803 5589 882 5668 τά)
917 5588 1057 5668 Θεῷέ
1089 5587 1201 5668 [Ine
1227 5599 1386 5668 caput}
1413 5603 1541 5668 cum
1564 5588 1676 5668 25,"
1685 5599 1740 5642 et
1767 5586 1956 5644 homil.
1984 5603 2099 5664 seq.
2134 5591 2168 5649 4
2197 5606 2260 5649 ac
2291 5593 2477 5650 homil.
2509 5611 2606 5664 xu,
2662 5593 2752 5665 26,
2809 5595 3027 5668 delibat
3069 5595 3232 5660 simul
3284 5595 3656 5653 Damascenis:

415 5672 538 5730 ⁸³9·
581 5656 716 5732 Περὶ
745 5660 1093 5732 ἀγαθοεργῶν
1120 5658 1212 5712 καὶ
1241 5656 1602 5728 ἀγαθοποιῶν.
1637 5658 1778 5716 C01.
2059 5656 2102 5724 ’-
2592 5656 2604 5664 ’
2737 5656 2751 5665 '
3023 5665 3028 5671 -
