4084 6148
467 283 574 340 26⁸5

1341 279 1399 334 S.
1433 275 1814 335 CLEMENTIS
1841 275 2048 338 IROM.
2088 275 2289 334 PONT.
2329 275 2556 336 OPERA
2591 277 2814 334 DUBIA.

3599 283 3703 338 264

469 397 746 452 hominem
774 394 1090 464 quemlibet,
1119 394 1212 464 qui
1238 392 1333 449 Dei
1369 392 1686 449 circumfert
1709 393 2000 464 imaginem

2100 393 2370 456 ,ὁντινοῦν
2405 394 2449 426 ⁸⁷
2481 394 2793 466 ἄνθρωπον,
2839 391 3024 448 εἰκόνα
3058 391 3420 467 περιφέροντα
3461 393 3616 465 Θεοῦ,
3652 398 3700 451 εί

464 492 680 547 etiamsi
705 489 1117 544 similitudinem
1149 489 1466 556 perdiderit.

536 581 669 637 Vlll.
710 581 851 636 Deos
895 581 1060 652 igitur
1086 588 1298 634 vestros
1328 594 1523 635 aureos
1545 588 1599 636 et
1633 587 1918 649 argenteos
1946 575 2030 632 vel

459 687 526 726 ex
561 671 666 724 alia
721 669 896 725 factos
941 671 1169 724 materia
1213 669 1268 723 in
1302 670 1537 739 primam
1587 686 1742 724 suam
1775 679 2028 725 naturam

457 761 746 825 restituite,
774 760 829 814 in
849 761 1042 830 pocula
1067 759 1191 814 dico
1219 767 1272 814 et
1298 759 1478 828 pelves
1505 766 1558 814 et
1596 759 1802 828 reliqua
1831 760 2026 814 omnia

455 866 577 922 quae
609 851 766 906 vobis
793 852 860 906 ad
901 850 1262 907 ministerium
1291 859 1520 919 possunt
1543 865 1663 906 esse
1697 851 1886 917 utilia;
1938 859 2024 904 at—

452 959 560 1012 que
590 943 705 998 haec
731 944 885 998 vobis
915 943 1074 997 initio
1101 943 1226 998 data
1251 943 1393 998 bona
1431 942 1582 998 reddi
1610 942 2024 1013 poterunt.‘Sed

451 1032 638 1087 forsan
665 1033 878 1101 dicetis,
907 1049 1012 1088 non
1046 1035 1366 1104 permittunt
1396 1033 1553 1088 nobis
1580 1034 1632 1089 id
1676 1032 1853 1090 facere
1880 1050 2020 1104 prae-

449 1125 751 1193 positorum
789 1126 956 1195 leges.
987 1125 1151 1190 Bene,
1183 1127 1312 1195 quia
1343 1127 1510 1198 leges,
1555 1136 1608 1182 et
1636 1142 1746 1182 non
1776 1127 2017 1197 ipsorum

448 1215 687 1270 futilium
734 1217 1018 1270 numinum
1066 1232 1186 1282 qua:
1233 1232 1340 1270 non
1386 1226 1471 1271 est
1510 1216 1705 1272 virtus.
1741 1218 1857 1282 Qua
1888 1231 2017 1288 ergo

447 1304 662 1358 ratione
691 1304 824 1359 deos
861 1305 1235 1371 existimastis,
1267 1304 1360 1373 qui
1404 1304 1659 1358 humanis
1689 1304 1897 1374 legibus
1925 1305 2016 1358 de-

442 1393 757 1461 fenduntur,
806 1410 836 1449 a
894 1395 1122 1450 canibus
1172 1403 1480 1458 servantur,
1520 1409 1551 1448 a
1581 1395 1802 1465 populis
1829 1402 2014 1449 custo—

442 1485 705 1539 diuntur?
737 1493 792 1539 et
828 1485 932 1540 hoc
955 1487 1000 1540 si
1027 1486 1169 1540 idola
1192 1486 1398 1541 fuerint
1437 1502 1605 1542 aurea
1648 1487 1731 1541 vel
1759 1495 2010 1556 argentea

439 1577 523 1631 vel
550 1591 698 1632 aenea
728 1594 742 1631 :
773 1591 898 1630 nam
945 1577 1156 1647 lapidea
1193 1587 1287 1633 aut
1329 1579 1514 1633 ﬁctilia
1545 1578 1663 1648 ipsa
1694 1579 1780 1634 sui
1805 1579 2013 1635 vilitate

439 1669 781 1734 muniuntur,
812 1669 940 1739 quia
983 1683 1145 1724 nemo
1176 1671 1460 1724 hominum
1505 1670 1775 1740 lapideum
1801 1671 1886 1724 vel
1913 1670 2009 1726 fic-

2132 486 2223 538 καὶ
2243 485 2343 556 τὴν
2379 487 2669 558 ὁμοιότητα
2693 484 2990 540 ἀπώλεσεν.

2205 574 2341 630 Vill.
2371 577 2508 640 Τοὺς
2539 577 2669 645 γοῦν
2682 577 2835 640 θεοὺς
2863 577 3014 648 ὑμῶν
3041 577 3167 640 τοὺς
3191 577 3456 649 χρυσέους
3489 580 3582 632 καὶ
3603 582 3699 652 ἀρ-

2126 668 2355 739 γυρέους
2386 670 2528 740 ἢκαὶ
2559 668 2616 735 ἐξ
2637 668 2803 740 ἄλλης
2832 669 2976 730 τινὸς
2997 667 3130 738 ὕλης
3162 669 3582 738 γεγενημένους,
3617 674 3696 735 είς

2122 759 2222 830 τὴν
2268 758 2490 831 πρώτην
2528 760 2707 812 αὐτῶν
2751 760 2912 830 φύσιν
2954 761 3480 830 ἀποκαταστήσατε,
3517 761 3597 824 είς
3636 780 3696 814 τε

2123 851 2318 919 φιάλας
2334 851 2380 884 ⁵⁸
2413 851 2554 920 λέγω
2595 851 2689 905 καὶ
2720 850 2952 915 λεκάνας
2982 851 3164 905 καὶτὰ
3190 851 3350 903 λοιπὰ
3379 851 3573 915 πάντα,
3601 854 3696 906 ὅσα

2123 944 2248 1014 ὑμῖν
2290 943 2427 1015 πρὸς
2462 945 2764 1016 ὑπηρεσίαν
2790 945 3035 1016 χρήσιμα
3069 944 3113 977 ⁸³
3151 939 3287 996 εἶναι
3321 944 3562 997 δύναται·
3601 947 3695 999 καὶ

2118 1037 2431 1106 ταῦτα’ὑμῖν
2459 1034 2710 1107 ἀπαρχῆς
2737 1036 2955 1090 δοθέντα
2978 1035 3156 1102 ἀγαθὰ
3181 1035 3694 1106 ἀποκατασταθῆναι

2116 1128 2490 1199 δυνηθήσεται.
2547 1129 2683 1181 Ἀλλ’
2737 1129 2865 1192 ἴσως
2914 1129 3105 1198 ὲρείτε⁴
3166 1128 3278 1182 Οὐκ
3340 1126 3498 1179 ἐῶσιν
3549 1129 3694 1197 ἡμᾶς

2114 1218 2270 1272 τοῦτο
2299 1220 2523 1291 ποιῆσαι
2571 1221 2622 1272 οἱ
2657 1220 2764 1272 τῶν
2810 1219 3122 1288 ἐφεστώτων
3155 1219 3325 1289 νόμοι.
3361 1218 3575 1283 Καλῶς,
3612 1222 3692 1273 ὅτι

2112 1309 2286 1382 νόμοι,
2332 1311 2424 1363 καὶ
2469 1311 2570 1364 οὐκ
2615 1310 2791 1364 αὐτῶν
2836 1310 2940 1363 τῶν
2981 1310 3199 1364 είκαίων
3254 1310 3610 1380 σεϐασμάτων
3655 1315 3689 1382 ἠ

2115 1403 2189 1473 μὴ
2221 1398 2356 1456 οὖσα
2379 1401 2625 1472 δύναμις.
2658 1402 2784 1465 Πῶς
2815 1396 2906 1454 οὖν
2939 1402 3136 1464 αὐτοὺς
3167 1402 3321 1464 θεοὺς
3347 1403 3684 1473 νενομίκατε,

2111 1494 2201 1545 ὑπ’
2233 1493 2278 1525 ⁶⁰
2318 1492 2672 1565 ἀνθρωπίνων
2703 1493 2879 1564 νόμων
2911 1492 3342 1563 ὲκδικουμένους,
3367 1493 3471 1545 ὑπὸ
3511 1494 3687 1546 κυνῶν

2109 1586 2583 1657 φρουρουμένους,
2650 1586 2743 1639 ὑπ’
2807 1585 2979 1656 ὄχλων
3056 1584 3529 1655 φυλασσομένους;
3594 1587 3687 1637 καὶ

2106 1677 2276 1730 ταῦτα
2296 1677 2391 1730 ἐὰν
2422 1677 2628 1748 χρύσεα
2650 1676 2684 1748 ἢ
2709 1676 2950 1748 ἀργύρεα
2981 1676 3014 1746 ἢ
3061 1676 3283 1745 χάλκεα·
3329 1675 3397 1728 τὰ
3449 1675 3556 1747 γὰρ
3602 1676 3683 1727 λί-

441 1758 586 1812 tilem
617 1757 788 1812 furari
819 1765 942 1813 avet
974 1758 1166 1814 Deum.
1210 1758 1358 1816 Adeo
1397 1770 1455 1815 ut
1483 1775 1682 1830 magno
1704 1760 2003 1830 subjician-

2107 1766 2306 1837 θινα’ἢ
2357 1767 2651 1838 ὀστράκινα
2699 1768 2802 1820 ὑπὸ
2843 1767 2941 1838 τῆς
2974 1767 3198 1836 ἀτιμίας
3225 1767 3572 1836 φυλάσσεται,
3605 1769 3683 1822 ὅτι

438 1855 531 1902 tur
554 1849 818 1918 periculo,
859 1850 954 1919 qui
1002 1865 1069 1904 ex
1117 1851 1443 1920 pretiosiore
1486 1851 1714 1908 materia
1754 1860 2006 1908 constant

436 1939 513 1994 dii
545 1940 732 1994 vestri.
771 1938 838 1994 Et
865 1955 975 2010 quo
1001 1941 1166 1996 modo
1204 1941 1280 1994 dii
1320 1951 1468 2008 sunt,
1514 1942 1608 2012 qui
1659 1941 1806 1996 furto
1851 1942 2005 1996 aufe-

434 2038 650 2096 runtur,
700 2030 795 2101 qui
839 2029 1172 2096 conﬂantur,
1223 2031 1627 2102 appenduntur,
1673 2031 1770 2102 qui
1816 2039 2000 2088 custo-

433 2119 699 2176 diuntur?

503 2324 594 2381 lX.
637 2325 682 2380 Ο
727 2325 1052 2382 miserorum
1092 2326 1407 2380 mortalium
1445 2333 1674 2392 mentes,
1713 2325 1808 2396 qui
1851 2341 2001 2381 mor-

430 2417 542 2472 tuis
575 2417 749 2487 magis
781 2425 1002 2472 mortua
1041 2418 1326 2471 verentur!
1370 2415 1556 2486 Neque
1589 2417 1734 2471 enim
1775 2431 1997 2486 possum

429 2523 492 2562 ea
517 2517 730 2563 mortua
758 2509 957 2574 dicere,
983 2523 1104 2578 quae
1129 2524 1408 2580 nunquam
1430 2509 1703 2564 vixerunt.
1721 2507 1835 2563 Nisi
1859 2507 2000 2564 forte

430 2599 677 2668 sepulcra
734 2607 864 2654 sunt
934 2599 1286 2669 antiquorum
1349 2601 1657 2654 hominum.
1721 2599 1997 2655 Interdum

427 2689 574 2743 enim
609 2689 888 2759 ingressus
939 2689 1139 2758 aliquis
1176 2689 1295 2743 loca
1355 2688 1536 2758 ignota
1577 2690 1768 2756 nescit,
1814 2699 1996 2746 utrum

426 2795 552 2849 qua:
577 2779 723 2834 videt
766 2779 966 2850 templa
1015 2779 1126 2835 sint
1163 2780 1448 2835 hominum
1489 2789 1832 2834 mor-tuorum
1876 2795 1996 2835 mo-

427 2881 710 2939 numenta,
748 2886 818 2928 an
846 2881 1168 2929 vocatorum
1205 2872 1468 2927 deorum:
1500 2870 1839 2940 interrogans
1865 2886 1995 2927 vero

424 2971 480 3019 et
517 2964 763 3031 audiens,
799 2980 865 3021 ea
908 2980 1030 3022 esse
1072 2964 1322 3031 deorum,
1360 2963 1606 3018 adoravit
1646 2962 1854 3032 pudore
1882 2978 1993 3018 non

426 3053 690 3122 suffusus,
717 3056 882 3125 quod,
916 3055 1024 3111 nisi
1054 3053 1422 3126 percontando
1447 3053 1744 3121 didicisset,
1771 3061 1992 3124 propter
2017 3081 2059 3140 ρ

423 3160 636 3215 aequam
673 3146 1086 3202 similitudinem
1113 3147 1259 3200 velut
1293 3144 1494 3199 mortui
1530 3144 1878 3214 prazteriisset
1905 3159 1992 3200 se-

424 3237 694 3306 pulcrum.
747 3237 854 3293 Sed
894 3252 1004 3292 non
1051 3243 1261 3306 oportet
1286 3242 1348 3289 ut
1377 3235 1431 3287 in
1475 3234 1579 3288 hac
1607 3233 1992 3303 superstitione

424 3329 651 3384 multam
683 3328 904 3384 afferam
949 3327 1347 3398 probationem.
1389 3324 1570 3379 Facile
1601 3325 1746 3378 enim
1773 3332 1857 3379 est
1892 3339 1992 3378 vo-

422 3419 557 3474 lenti
596 3419 920 3490 intelligere,
951 3419 1095 3488 quod
1123 3416 1258 3471 nihil
1283 3417 1372 3482 sit,
1409 3416 1516 3470 nisi
1545 3415 1669 3485 quis
1698 3413 1836 3470 forte
1864 3414 1988 3468 nul-

421 3511 637 3568 latenus
660 3510 860 3565 videat.
889 3509 1141 3564 Attamen
1170 3508 1256 3563 vel
1287 3522 1433 3562 nunc
1466 3506 1594 3569 audi
1633 3506 1985 3561 simulacrum

424 3616 535 3656 non
571 3600 780 3666 audire,
813 3614 878 3653 ac
901 3598 1163 3666 iutellige,
1193 3612 1302 3651 non
1333 3595 1651 3665 intelligere.
1682 3591 1817 3648 Nam
1855 3593 1987 3649 illud

421 3691 671 3746 mortalis
732 3689 971 3743 hominis
1029 3703 1224 3743 manus
1273 3687 1541 3742 fecerunt.
1571 3682 1629 3739 Si
1665 3693 1868 3753 autem,
1893 3685 1985 3756 qui

337 3845 340 3850 _
420 3779 570 3846 fecit,
601 3780 760 3847 obiit,
793 3793 901 3849 quo
933 3779 1096 3833 modo
1137 3780 1204 3832 ab
1235 3779 1328 3833 illo
1365 3777 1566 3833 factum
1600 3791 1712 3832 non
1743 3776 1988 3832 destrue—

420 3871 546 3925 tur?
593 3871 705 3926 Cur
749 3871 934 3940 itaque
984 3870 1178 3927 adoras
1225 3871 1470 3928 mortalis
1521 3885 1700 3940 opus,
1763 3871 1987 3926 omnino

421 3973 588 4014 sensu
619 3960 973 4015 destitutum?
1023 3976 1169 4027 cum,
1220 3960 1313 4030 qui
1349 3969 1580 4015 mentem
1637 3960 1858 4028 habent,
1912 3976 1984 4018 ne

423 4048 682 4104 animalia
737 4051 956 4121 quidem
1015 4054 1263 4120 adorent,
1320 4067 1420 4108 nec
1483 4053 1749 4109 elementa
1798 4069 1829 4110 a
1871 4054 1983 4111 Deo

419 4138 641 4194 condita
672 4140 853 4195 colant
885 4154 1046 4212 atque
1067 4143 1373 4211 adulentur,
1397 4143 1592 4198 coelum
1610 4142 1752 4210 dico,
1789 4144 1983 4213 solem,

2105 1857 2603 1930 ούδεὶςξὰνθρώπων
2631 1857 2884 1930 λίθινονῆ
2917 1858 3234 1928 όστράκινον
3269 1858 3513 1928 ὀρέγεται
3562 1858 3684 1912 κλέ-

2103 1951 2202 2020 ψαι
2231 1950 2384 2004 Θεόν.
2414 1951 2574 2003 Ὥστε
2599 1950 2818 2022 μεγάλῳ
2843 1951 3070 2021 κινδύνῳ
3099 1950 3410 2004 ὑπόκεινται
3429 1951 3478 2004 οἱ
3501 1954 3566 2004 ὲκ
3588 1969 3682 2005 πο-

2103 2040 2486 2114 λυτελεστέρας
2527 2041 2659 2111 ὕλης
2705 2041 3054 2112 γεγενημένοι
3101 2041 3254 2112 ὑμῶν
3299 2040 3426 2094 θεοί.
3463 2041 3589 2104 Πῶς
3618 2041 3680 2113 δὴ

2102 2133 2195 2186 καὶ
2227 2131 2335 2186 θεοί
2378 2135 2534 2198 εἰσιν,
2564 2125 2936 2204 κλεπτόμενοι,
2973 2133 3346 2203 χωνευόμενοι,
3395 2132 3680 2204 σταθμιζό-

2104 2237 2272 2291 μενοι,
2308 2224 2701 2296 φρουρούμενοι
2735 2223 2906 2296 (25‘);

2172 2315 2262 2370 IX.
2290 2317 2353 2368 Ὢ
2384 2315 2492 2369 τῶν
2518 2315 2877 2388 ταλαιπώρων
2907 2315 3205 2389 ἀνθρώπων
3235 2315 3445 2388 φρένες,
3469 2316 3677 2386 νεκρῶν

2101 2405 2317 2476 νεκρότε
2326 2423 2391 2478 ρα
2405 2406 2664 2460 δεδιότων·
2692 2409 2855 2477 218
2874 2407 2994 2460 οὐδὲ
3028 2408 3135 2479 γὰρ
3155 2406 3324 2478 νεκρὰ
3345 2405 3480 2461 αὐτὰ
3499 2406 3677 2473 λέγειν

2098 2497 2351 2569 δύναμαι,
2390 2499 2458 2552 τὰ
2498 2500 2762 2570 μηδέποτε
2803 2499 3058 2570 ξήσαντα,
3096 2499 3250 2561 ἐκτὸς
3283 2500 3330 2550 εί
3365 2497 3437 2568 μὴ
3458 2497 3673 2565 σίτάφοι

2099 2589 2337 2661 ἀρχαίων
2359 2590 2656 2661 ἀνθρώπων
2674 2589 2828 2642 εἰσίν.
2851 2585 3054 2642 Ἐνίοτε
3073 2589 3180 2659 γὰρ
3197 2587 3388 2650 ἐπιϐάς
3399 2605 3482 2649 τις
3502 2587 3676 2653 ἀγνώ-

2099 2697 2242 2743 στοις
2261 2679 2444 2742 τόποις
2462 2681 2561 2734 ούκ
2587 2676 2745 2744 οἶδεν,
2775 2678 2868 2743 οὒς
2891 2681 2993 2751 όρᾷ
3012 2680 3170 2742 ναοὺς
3192 2679 3415 2750 πότερόν
3439 2696 3565 2732 ποτε
3595 2697 3676 2733 νε-

2095 2772 2244 2845 κρῶν
2263 2771 2470 2842 ἀνδρῶν
2507 2771 2762 2843 μνήματά
2779 2773 2948 2836 ὲστιν,
2976 2770 3008 2840 ἦ
3041 2771 3148 2844 τῶν
3177 2769 3484 2840 λεγομένων
3513 2769 3666 2823 θεῶν·

2093 2864 2392 2936 πυθόμενος
2407 2863 2464 2917 δὲ
2495 2864 2588 2917 κα)⁸
2620 2862 2857 2926 ἀκούσας
2885 2863 2965 2915 ὅτι
3002 2861 3139 2916 θεῶν
3173 2863 3238 2927 ⁸³,
3270 2861 3671 2934 προσεκύνησεν

2092 2957 2192 3010 οὐκ
2222 2955 2504 3020 αἰδεσθεὶς,
2547 2955 2628 3008 ὅτι
2671 2956 2720 3007 εἰ
2766 2954 2840 3025 μὴ
2873 2953 3131 3020 ἐξετάσας
3157 2953 3461 3025 μεμαθήκοι
3485 2953 3556 3020 ⁸³,
3583 2953 3673 3007 διὰ

2092 3046 2152 3101 τὸ
2187 3043 2303 3100 ἴσον
2337 3047 2434 3118 τῆς
2465 3046 2800 3117 ὁμοιότητος,
2824 3046 2898 3109 ὡς
2930 3043 3123 3116 νεκροῦ
3160 3047 3418 3115 μνημεῖον
3432 3043 3497 3098 ἂν
3529 3061 3670 3114 παρ-

2090 3138 2354 3209 εληλύθει.
2434 3137 2580 3208 Πλὴν
2621 3138 2682 3190 ού
2743 3138 2846 3208 χρή
2892 3153 2959 3207 με
3003 3134 3140 3206 πρὸς
3180 3136 3279 3206 τῆς
3330 3135 3376 3167 ⁸⁸
3415 3134 3671 3204 τοιαύτης

2089 3229 2504 3300 δεισιδαιμονίας
2549 3228 2745 3301 πολλὴν
2803 3227 3060 3300 παρέχειν
3111 3225 3399 3290 ἀπόδειξιν.
3465 3225 3668 3297 Ῥᾴδιον

2090 3323 2199 3396 γάρ
2230 3324 2344 3376 ἐστι
2377 3321 2454 3393 τῷ
2486 3321 2691 3375 θέλοντι
2730 3321 2937 3392 νοῆσαι,
2980 3320 3060 3374 ὅτι
3102 3319 3251 3373 οὐδέν
3299 3321 3465 3382 ἐστιν,
3513 3317 3668 3380 ἐκτὸς

2089 3417 2138 3469 εἰ
2173 3416 2246 3487 μή
2282 3431 2366 3479 τις
2398 3414 2459 3468 οὐ
2492 3413 2683 3487 βλέπῃ.
2717 3412 2864 3484 Πλὴν
2897 3411 3005 3466 κᾶν
3035 3410 3129 3464 νῦν
3153 3411 3403 3471 ἄκουσον,
3441 3410 3524 3462 ὅτι
3566 3408 3666 3462 οὐκ

2090 3509 2296 3575 ἀκούει,
2331 3509 2427 3562 καὶ
2456 3507 2666 3578 νόησον,
2700 3506 2782 3559 ὅτι
2814 3505 2877 3558 οὐ
2908 3507 3036 3559 νοεῖ.
3071 3505 3264 3576 Χεῖρες
3284 3502 3389 3574 γὰρ
3417 3501 3549 3554 αὐτὸ
3578 3501 3666 3555 θα-

2085 3601 2264 3664 νόντος
2294 3597 2576 3671 ἀνθρώπου
2607 3595 2888 3667 ἐποίησαν.
2935 3597 2998 3648 Εἰ
3031 3595 3088 3648 δὲ
3117 3597 3146 3648 ό
3178 3594 3410 3665 ποιήσας
3453 3591 3663 3645 ἐτελεύ-

2083 3707 2266 3762 τησεν,
2296 3688 2416 3753 πῶς
2447 3688 2507 3742 τὸ
2537 3689 2626 3740 ὑπ’
2653 3684 2816 3741 αὐτοῦ
2850 3687 3071 3756 γεγονὸς
3109 3686 3171 3740 οὐ
3220 3685 3548 3754 λυθήσεται;
3591 3683 3658 3735 Τί

2083 3780 2175 3837 οὖν
2206 3779 2397 3853 θνητοῦ
2445 3780 2603 3852 ἔργον
2645 3783 2988 3852 προσκυνεῖς,
3022 3777 3297 3841 παντελῶς
3338 3775 3658 3846 ἀναίσθητον

2083 3875 2171 3941 6v;
2203 3875 2361 3928 ὁπότε
2405 3874 2455 3928 οἱ
2497 3873 2790 3946 λογισμοὺς
2829 3871 3039 3941 ἔχοντες
3069 3870 3188 3923 οὐδὲ
3228 3869 3296 3922 τὰ
3336 3868 3453 3933 ζῶα
3494 3884 3660 3940 προσι-

2087 3965 2358 4030 κυνοῦσιν,
2392 3963 2510 4017 οὐδὲ
2545 3965 2782 4033 στοιχεῖα
2813 3961 2882 4016 τὰ
2915 3961 3020 4015 ὑπὸ
3042 3961 3175 4014 Θεοῦ
3197 3960 3534 4032 γεγενημένα
3564 3977 3657 4014 κο-

2088 4056 2423 4119 λακεύουσιν,
2445 4053 2589 4122 λέγω
2619 4053 2675 4107 δὲ
2695 4052 2940 4124 οὐρανὸν,
2972 4053 3140 4122 ἥλιον,
3174 4053 3420 4126 σελήνην,
3454 4055 3655 4125 ἀστρα-

2091 4148 2197 4221 πὴν
2220 4149 2287 4214 ⁸⁸,
2315 4147 2587 4203 θάλασσαν
2618 4147 2712 4201 καὶ
2740 4146 2917 4200 πάντα
2946 4145 3016 4224 τὰ
3033 4145 3091 4198 ὲν
3119 4145 3321 4211 αὐτοῖς,
3342 4145 3516 4217 ὀρθῶς
3534 4145 3654 4217 κρί-

420 4229 641 4299 lunam,
669 4243 842 4298 astra,
865 4241 1085 4302 terram,
1125 4249 1276 4290 mare
1308 4243 1363 4288 et
1389 4241 1584 4289 cuncta
1598 4232 1664 4290 iis
1693 4242 1944 4290 contenta
1970 4254 1984 4290 :

2100 4256 2289 4316 νοντες,
2325 4239 2458 4310 μηδὲ
2489 4239 2536 4272 ⁸⁸
2565 4238 2636 4293 τὰ
2675 4238 2764 4292 ὑπ’
2805 4235 2970 4293 αὑτοῦ
2998 4236 3262 4309 γενόμενα
3307 4241 3648 4309 προσκυνεῖν,

1702 4348 1940 4405 VARUE
1977 4349 2380 4406 LECTIONES.

489 4436 534 4470 ³⁷
561 4435 640 4492 Ita
758 4455 806 4515 c_.
843 4437 885 4492 Ι)
914 4479 930 4503 ,
955 4439 1266 4515 §1t_o§v_C._
1329 4439 1375 4515 ’ξ
1397 4440 1690 4515 φιάλοιςρο.
1767 4441 1812 4474 ⁵⁹
1837 4443 2101 4515 χρήσιμον
2156 4447 2237 4515 Ο.ᾼ
2291 4444 2336 4476 ⁸ο
2363 4443 2451 4498 έπί
2487 4444 2529 4498 Ο
2548 4484 2585 4515 L
2614 4453 2675 4498 ut
2699 4456 2824 4515 mo;
2855 4442 2959 4515 ὑπὸ
2993 4438 3186 4513 ὄχλων.
3214 4442 3260 4474 ⁶¹
3286 4440 3397 4496 Nisi
3421 4443 3647 4515 vocibus

419 4509 767 4582 transpositis
789 4511 934 4582 legas
960 4510 1114 4572 ἐκτὸς
1133 4511 1185 4582 εί
1213 4511 1285 4582 μὴ
1304 4511 1463 4580 τάφοι
1487 4512 1711 4567 omnino
1734 4509 2106 4580 rescripserim
2139 4513 2285 4576 εἰκὸς
2313 4516 2493 4582 τάφοι.
2522 4513 2766 4582 κΤεηιρΙει
2790 4511 2959 4567 fuisse
2976 4509 3348 4582 Apf-mortuorum
3377 4513 3644 4579 sepulcra,

419 4593 487 4632 ex
505 4578 794 4654 Clementis
812 4578 1196 4654 Προτρεπτικῷ
1215 4578 1369 4654 docet
1389 4578 1794 4654 Βακὰ-ἢχων).
1813 4578 2014 4654 ευριπθᾷ
2033 4597 2069 4634 ιι
2079 4621 2094 4650 ,
2120 4578 2479 4654 6;_Cyrill.'in_
2499 4578 2698 4654 luitur;
2739 4597 2772 4650 p

983 4650 1090 4719 ylb.
1123 4647 1184 4702 D.
1220 4653 1267 4703 εί
1296 4651 1369 4720 μὴ
1398 4652 1550 4713 ἐκτός
1583 4650 1644 4713 C,
1668 4647 1749 4705 Ο.’
1809 4647 2023 4704 ⁶¹1ιιιὈ
2076 4647 2125 4706 c.
2164 4647 2205 4704 E
2234 4647 2409 4713 [Θεόν
2442 4652 2482 4705 C
2515 4693 2529 4717 ,
2561 4650 2694 4704 Θεοῦ
2723 4647 2867 4719 conj.
2898 4650 2959 4703 D.
2989 4652 3029 4705 (Σ
3061 4693 3075 4717 ,
3108 4667 3232 4706 cum
3267 4659 3434 4705 totum
3461 4647 3643 4705 locum

422 4663 537 4711 vm,
565 4663 620 4716 p.
653 4647 773 4701 115.
809 4647 904 4701 Ed.

2776 4619 2792 4633 .
2830 4583 2952 4646 δικ
2973 4580 3644 4648 Theodoret.Therapeut.,

420 4731 699 4838 perperam
739 4717 1092 4782 distinxis’set,
1125 4717 1395 4789 corrigere
1426 4721 1673 4774 voluerat
1702 4721 1803 4774 οὐκ
1834 4719 2074 4790 αἰδέσθη.
2110 4720 2346 4777 Debebat
2376 4721 2566 4776 saltem
2605 4717 3092 4844 εοτίὴετόἆλδέσθη.
3121 4722 3189 4775 At
3239 4736 3360 4790 quze
3411 4721 3482 4775 sit
3523 4737 3646 4774 ver-

461 4800 612 4839 orum
647 4786 978 4844 coniunctio.
1007 4796 1152 4842 recte
1179 4790 1486 4844 exolunavit
1515 4789 1557 4841 ί)
1586 4829 1602 4844 .
1625 4805 1784 4844 auem
1811 4805 1909 4844 ego
1927 4799 2149 4844 secutus
2176 4790 2384 4844 sum.S.
2451 4790 2498 4822 “
2525 4790 2826 4844 μεμαθήκει
2903 4829 2915 4842 .
2946 4790 3082 4844 Τυιιι
3114 4791 3188 4844 id.
3227 4791 3360 4842 ἴσον.
3435 4789 3479 4821 ⁸³⁵
3510 4790 3645 4844 πρὸς

461 4800 612 4866 prum
645 4786 978 4867 conjunctio,
1007 4796 1158 4869 recte
1179 4786 1486 4857 explanavit
1515 4789 1557 4841 ί)
1586 4829 1602 4852 ,
1625 4805 1784 4859 quem
1811 4805 1909 4857 ego
1927 4786 2149 4845 secutus
2176 4790 2384 4845 sum.S.
2451 4790 2826 4872 ημεμαθήκει
2854 4786 2915 4844 ϐ’.
2946 4786 3082 4844 Tum
3114 4791 3188 4844 id.

461 4872 516 4914 ης
537 4870 679 4914 com.
704 4856 746 4910 Ω
776 4896 791 4914 .
819 4858 952 4914 πρὸς
978 4859 1076 4914 τὴν
1098 4874 1197 4914 της
1238 4868 1465 4914 uterque
1503 4859 1650 4914 hom.
1703 4861 1894 4914 codex.
1999 4859 2043 4891 “
2071 4858 2220 4914 Fort.
2253 4860 2444 4914 ἄστρα.
2472 4877 2594 4914 γην.
2625 4875 2691 4914 ει
2733 4859 2957 4914 Recoan.
2986 4877 3042 4914 v.
3073 4859 3158 4914 16.
3186 4859 3226 4914 C

2117 4875 2220 4915 ΟΠ.
2253 4875 2444 4932 αστρα,
2472 4877 2594 4931 γην,
2625 4875 2691 4915 ex
2733 4875 2957 4930 necogn.
2986 4877 3042 4924 ν,
3073 4875 3158 4926 Ἠ),
3186 4875 3247 4914 υ.

417 4854 679 4991 ἷξὲἱοοῦῄ.
704 4854 791 4923 (1⁷,
819 4854 1076 4929 πρὸςτὴν
1098 4857 1197 4928 τῆς
1238 4854 1465 4928 uterque
1503 4854 1659 4914 hom.-
1703 4854 1894 4915 codei.

2946 4789 3082 4844 Tum
3114 4791 3188 4844 id.
3227 4789 3391 4860 ἴσονε
3435 4789 3479 4821 ⁸³⁵
3510 4790 3645 4860 πρὸς

3351 4859 3396 4890 ⁸⁸
3436 4859 3511 4930 μὴ
3533 4859 3644 4912 δεῖν

1718 5013 2082 5075 VARIORUM
2116 5007 2348 5068 NOTAE.

490 5109 624 5179 (25‘)
646 5107 777 5174 Πῶς
796 5107 870 5174 δὴ
889 5105 985 5179 καὶ
1003 5103 1125 5158 θεοί
1143 5103 1319 5165 εἰσιν,
1338 5101 1747 5179 κλεπτόμενρι,
1773 5117 1986 5179 χωγευ-

421 5169 640 5251 όμὲνοὶ,
676 5169 1140 5251 στᾴθιὶιζρμενοι,
1171 5171 1616 5251 φρουρούμενοι.
1654 5169 1984 5251 Βςεομιιίεἱος

423 5239 550 5305 rium
573 5239 678 5311 l.v,
701 5264 751 5303 c.
778 5239 844 5302 15
866 5265 880 5301 :
908 5239 1011 5310 Qui
1031 5259 1150 5312 ergo
1173 5239 1342 5311 furari
1367 5248 1604 5312 possunt,
1629 5239 1804 5312 quia!)
1827 5239 1987 5312 homi-

423 5322 577 5374 nibus
599 5308 872 5379 custodiri,
893 5308 983 5387 qui
1001 5308 1221 5387 conﬂari
1237 5321 1284 5365 et
1299 5309 1523 5387 oppetiti}:
1542 5308 1983 5387 etlntalleisewdjg

425 5393 514 5445 isti
553 5377 1421 5458 hominibus'sensum'habentibus
1448 5379 1530 5458 dii
1567 5377 1746 5458 debent
1782 5379 1988 5458 videri?

426 5460 584 5530 quasi
614 5459 841 5530 Rufinus
868 5462 1063 5524 praeter
1094 5448 1706 5530 φρουρούμενοι-ἱεμένη
1751 5449 1985 5530 σφυρού-

431 5521 604 5601 μενοι.
652 5521 919 5601 Urgentur
953 5521 1150 5601 “autem
1199 5521 1383 5601 eadem
1439 5521 1558 5601 ista‘
1592 5529 1905 5601 argumenta
1956 5534 1985 5574 a

429 5588 632 5654 sanctis
656 5588 926 5658 Patribus,
952 5595 1018 5648 iis
1042 5589 1337 5659 praesertim
1362 5589 1454 5657 qui
1495 5588 1754 5659 adversus
1779 5596 1985 5657 gentes,

428 5679 489 5726 et
511 5668 782 5737 apologias
812 5656 1256 5736 pro—Christianis
1279 5656 1630 5730 scripserunt.
1661 5656 1796 5713 Deus
1822 5673 1986 5714 wreus

1480 5840 1524 5867 ’ς

2074 5102 2479 5181 efﬂargenteus,
2502 5099 2566 5154 de
2587 5098 2855 5181 immundo
2877 5110 3108 5181 vasculo,
3142 5108 3201 5155 ut
3221 5117 3414 5181 saeptus
3438 5107 3640 5181 factum

2073 5170 2328 5242 {Egyptio
2369 5170 2500 5238 regi,
2548 5170 2833 5242 conﬂatur,
2873 5171 3114 5242 tunditur
3138 5171 3368 5232 malleis,
3401 5173 3640 5242 etimit:

2070 5237 2227 5295 dibus
2248 5237 2530 5309 ﬁguratur.
2564 5237 2697 5303 Quae
2724 5241 2890 5295 verba
2920 5241 3102 5308 magni
3143 5242 3382 5295 oratoris
3409 5239 3634 5294 Minucii

2071 5309 2268 5366 Felicis
2303 5323 2368 5363 eo
2403 5309 2626 5377 pratuli,
2657 5320 2714 5362 ut
2741 5323 3017 5363 monerem
3046 5311 3114 5364 iis
3143 5311 3485 5365 inserendam
3509 5325 3635 5363 esse

2069 5380 2334 5450 virgulam
2366 5386 2490 5447 post
2521 5378 2718 5450 Διιιιιρὶιιδ
2746 5392 2968 5450 :_neque
3007 5381 3152 5450 enim
3189 5382 3395 5450 saepius
3416 5378 3636 5450 Amasis

2069 5445 2256 5506 rex'ex
2295 5445 2573 5500 immundo
2602 5447 2822 5501 vasculo
2865 5445 3066 5502 idolum
3113 5445 3282 5512 fecit;
3311 5449 3404 5504 sed
3443 5449 3633 5514 semel,

2073 5518 2342 5574 referente
2391 5514 2665 5588 Herodoto
2712 5517 2772 5588 in;
2825 5515 3058 5588 Euterpe
3087 5534 3207 5588 cap.
3243 5518 3365 5572 172.
3426 5519 3634 5572 Sensus

2071 5589 2256 5659 itaque
2275 5594 2397 5659 _est,_
2418 5592 2473 5638 et
2495 5585 2693 5659 saepius
2723 5585 2778 5641 id
2823 5585 3022 5646 factum
3045 5628 3061 5657 ,
3089 5585 3379 5647 et'factum
3411 5603 3632 5659 quoque

2073 5654 2325 5730 Egyptio
2349 5654 2417 5710 ab
2457 5669 2599 5727 rege.
2631 5656 2766 5714 Cor.
