4084 6148
483 339 603 396 ’267

1323 341 1383 399 S.
1427 339 1814 398 CLEMENTIS
1851 338 2052 394 IROM.
2085 335 2284 392 PONT.
2321 335 2553 394 OPERA
2589 331 2816 396 DUBIA.

3650 339 3773 404 ’968

505 458 613 514 Ieat
645 457 782 526 apud
811 455 991 511 cordis
1019 456 1354 527 cognitorem
1381 456 1573 511 Deum.
1607 456 1878 524 Quocirca
1909 457 2071 536 fugite

2181 453 2332 507 Θεόν.
2365 455 2457 507 Διὸ
2485 455 2715 526 φεύγετε
2736 457 2831 510 τοῦ
2859 457 3034 528 ϐφεως
3061 459 3161 533 τὴν
3190 463 3498 536 πανοῦργον
3535 466 3770 523 ὑποϐαλ-

505 548 714 603 vah-am
742 549 1154 616 cogitationem,
1189 556 1382 602 vestra:
1402 549 1570 603 menti
1609 565 1637 602 a
1665 559 1916 620 serpente
1943 534 2071 620 ἓ,υεῖ

505 652 735 713 gestam.
786 639 854 694 lit
896 655 1025 694 vero
1069 641 1268 710 aliquis
1319 657 1445 696 vere
1495 644 1718 715 ignarus
1757 653 2075 712 praesentem

504 740 668 794 vitam
699 739 918 804 (inierit,
947 739 1102 808 culpa
1143 755 1250 794 non
1285 741 1510 807 carebit,
1539 743 1687 812 quod
1720 743 1776 797 in
1817 753 1928 798 toto
1954 743 2078 797 vitte

434 812 438 832 ι
500 841 746 900 tempore
795 846 903 884 non
956 831 1239 902 agnoverit
1275 831 1661 888 beneﬁciorum
1713 835 2077 904 ciborumque

503 925 838 992 .argitorem,
869 928 942 985 et,
984 921 1132 975 velut
1165 936 1331 976 sensu
1361 937 1577 988 carens,
1622 924 1963 993 multmnque
1994 922 2078 976 in-

493 1023 711 1085 gratus,
745 1013 1001 1084 indignus
1026 1029 1219 1069 servus
1239 1029 1269 1068 e
1306 1029 1472 1085 regno
1503 1014 1595 1069 Dei
1636 1016 1931 1086 rejicietur.

575 1177 714 1232 XIV.
761 1178 993 1249 Snbjicit
1022 1179 1217 1236 iterum
1259 1182 1414 1238 vobis
1445 1181 1820 1253 nequissimus
1851 1198 2076 1254 serpens

503 1268 1000 1337 existimationem,
1033 1281 1094 1326 ut
1130 1273 1237 1327 hoc
1280 1274 1534 1344 cogitetis
1585 1289 1650 1328 ac
1690 1275 1916 1342 dicatis,
1972 1276 2076 1330 hoc

499 1363 681 1434 ipsum
703 1363 847 1434 quod
866 1364 1114 1435 plerique
1131 1375 1371 1420 vestrum
1393 1367 1613 1423 dicunt:
1641 1368 1857 1425 Scimus
1877 1379 1930 1425 et
1955 1385 2074 1436 nos,

504 1471 676 1510 unum
708 1471 832 1512 esse
858 1456 1106 1511 omnium
1137 1456 1453 1525 Dominum,
1489 1461 1584 1514 sed
1610 1469 1665 1516 et
1691 1461 1782 1516 isti
1811 1462 1887 1516 dii
1924 1471 2072 1516 sunt.

505 1547 660 1604 Sicut
703 1549 849 1603 enim
887 1564 1032 1604 unus
1079 1557 1162 1605 est
1189 1551 1409 1614 Caesar,
1440 1551 1602 1607 habet
1641 1562 1824 1608 autem
1873 1554 1976 1608 sub
2018 1569 2075 1609 se

497 1640 892 1706 administros,
921 1643 1276 1708 consulares,
1308 1643 1611 1713 praefectos,
1639 1645 1912 1712 tribunos,
1949 1661 2078 1701 ccn-

500 1734 780 1798 turiones,
834 1735 1110 1790 decanos:
1161 1735 1352 1789 eodem
1414 1737 1610 1803 modo,
1644 1752 1767 1791 cum
1821 1754 1962 1793 unus
2005 1740 2078 1792 sit

502 1840 736 1896 magnus
773 1825 938 1892 Deus,
966 1826 1140 1881 instar
1168 1826 1424 1893 Caesaris,
1456 1837 1510 1883 et
1554 1829 1674 1893 isti,
1717 1829 1783 1884 ad
1816 1831 2075 1886 similitn-
2107 1807 2150 1861 Β

500 1917 685 1971 dinem
720 1917 995 1972 minorum
1044 1927 1416 1989 potestatum,
1459 1920 1534 1974 dii
1561 1931 1723 1987 sunt,
1753 1923 1803 1976 ei
1852 1922 2072 1992 quidem

487 2009 755 2078 subjecti,
789 2009 964 2064 nostri
997 2020 1186 2065 tamen
1210 2011 1624 2081 gubernatores.
1656 2013 1855 2068 Audite
1887 2013 2070 2084 igitur,

501 2101 594 2170 qui
618 2115 682 2154 ex
717 2103 822 2155 hac
849 2102 1198 2172 susceptione
1229 2118 1323 2173 per
1344 2119 1468 2158 eum
1499 2105 1647 2160 velut
1685 2107 1834 2176 gravi
1865 2122 2074 2162 veneno

500 2191 634 2246 estis
663 2191 872 2257 infecti,
907 2209 1130 2263 pravam
1165 2194 1411 2265 intelligo
1437 2195 1588 2250 allati
1619 2197 1856 2268 exempli
1892 2199 2075 2268 suspi—

486 2285 714 2340 -cionem
756 2293 828 2339 ut.
865 2285 1055 2341 sciatis
1100 2285 1231 2356 quid
1293 2285 1498 2341 bonum
1542 2295 1596 2342 et
1643 2287 1775 2357 quid
1828 2288 2070 2356 malum;

497 2378 746 2432 nondum
777 2377 923 2431 enim
958 2377 1314 2449 perspexistis
1335 2419 1350 2446 ,
1376 2378 1637 2450 quoniam
1665 2395 1767 2435 nec
1795 2397 1916 2450 qua:
1945 2395 2074 2450 pro-

501 2470 704 2538 ponitis
735 2469 1063 2538 intelligitis.
1671 2547 1676 2552 ἴ

570 2560 690 2616 XV.
724 2561 782 2616 Si
811 2563 958 2618 enim
995 2564 1202 2630 dicitis,
1236 2564 1383 2636 quod
1418 2565 1485 2620 ad
1517 2566 1928 2623 similitudinem
1950 2566 2072 2622 Ca3-

503 2655 644 2709 saris
674 2654 819 2710 Deus
845 2655 900 2710 in
926 2656 1109 2711 locum
1145 2658 1517 2728 subjectarum
1547 2669 1877 2729 potestatum
1910 2662 2072 2717 habet

483 2761 641 2814 quos
687 2747 888 2815 putatis
923 2747 1078 2812 deos,
1121 2764 1296 2818 neque
1328 2750 1408 2804 sic
1459 2759 1703 2806 vestrum
1757 2755 2049 2824 sequimini

501 2837 834 2905 exemplum.
885 2835 1021 2892 Nam
1069 2838 1113 2894 si
1169 2841 1567 2910 sequeremini,
1617 2844 1669 2898 id
1715 2845 1858 2900 scire
1910 2862 2074 2917 opor-

487 2927 647 2993 tuit,
692 2929 819 2997 quia
871 2929 1013 2985 sicut
1063 2946 1169 2985 non
1223 2931 1350 2986 licet
1403 2947 1604 2989 nomen
1653 2934 1890 2994 Caesaris
1939 2941 2073 2995 dare

488 3020 680 3085 alteri,
703 3020 827 3075 dico
861 3030 1042 3076 autem
1082 3022 1165 3077 vel
1192 3023 1402 3080 consuli
1437 3025 1524 3079 vel
1569 3027 1824 3097 praefecto
1863 3032 1947 3086 vel
1975 3033 2073 3087 tri-

2181 543 2410 617 λομένην
2447 548 2599 618 ὑμῶν
2635 549 2714 621 τῷ
2750 548 2825 620 νῷ
2854 550 3168 623 ἐνθύμησιν.
3217 555 3334 609 Ἵνα
3366 557 3430 628 δὴ
3465 558 3510 590 ’⁸
3544 561 3639 615 καὶ
3681 563 3769 617 6v-

2175 654 2284 701 τως
2306 639 2580 712 ἀγνοήσας
2608 658 2694 706 τις
2721 643 2813 696 τὸν
2843 645 3090 716 παρόντα
3123 646 3237 716 βίον
3285 649 3608 726 τελευτήσῃ,
3677 656 3769 726 εγ-

2177 727 2360 800 κλημα
2394 731 2524 798 ἕξει,
2561 732 2642 786 ὅτι
2674 733 2875 804 βιώσας
2903 737 3092 808 χρόνον
3118 738 3216 793 οὑκ
3248 740 3388 809 ἔγνω
3419 743 3505 807 τίς
3533 747 3680 818 αὑτῷ
3705 767 3766 804 τε

2177 823 2402 876 καὶτῶν
2436 825 2586 897 αὑτῷ
2631 827 2676 858 ⁸ο
2724 828 3227 901 ἐπιχορηγηθεισῶν
3269 835 3485 906 τροφῶν
3525 839 3766 912 ὑπῆρξεν

2176 915 2486 988 εὐεργέτης,
2517 919 2612 972 καὶ
2649 919 2806 990 22],
2849 921 3008 974 ὅτιθί
3043 922 3120 986 ὼς
3167 925 3490 999 ἀναίσθητος
3516 933 3610 985 καὶ
3641 935 3766 1002 άχᾶ-

2179 1022 2360 1076 ριστος
2391 1009 2526 1062 πολὺ
2561 1009 2778 1077 ἀνάξιος
2816 1012 3001 1077 δοῦλος
3031 1015 3132 1086 τῆς
3164 1016 3259 1070 τοῦ
3279 1018 3764 1097 Θεοῦοάποδοκιμά-

2177 1094 2326 1157 ζεται
2355 1096 2400 1129 ⁸¹
2433 1097 2731 1167 βασιλείας.

2247 1184 2384 1242 XIV.
2405 1188 2574 1242 Πάλιν
2586 1207 2645 1243 τε
2658 1191 2705 1222 ⁸⁸
2723 1191 3011 1248 ὑποϐάλλει
3028 1197 3154 1268 ὑμῖν
3169 1198 3380 1264 ὁδεινὸς
3412 1202 3536 1273 ϐερις
3565 1207 3765 1281 ὑπόλη-

2175 1275 2289 1344 ψιν,
2322 1281 2480 1333 τοῦτο
2504 1285 2644 1336 νοεῖν
2678 1285 2772 1337 καὶ
2801 1283 2979 1354 λέγειν
2999 1288 3157 1343 τοῦτο
3183 1293 3336 1357 αὑτὸ,
3369 1294 3398 1348 ὃ
3419 1295 3467 1328 ⁸⁵
3494 1299 3680 1368 σχεδὸν
3712 1275 3763 1355 οἱ

2177 1368 2418 1423 πλεῖστοι
2470 1372 2624 1442 ὑμῶν
2671 1371 2942 1442 λέγουσιν·
2984 1379 3173 1448 Ἴσμεν
3223 1381 3318 1434 καὶ
3364 1384 3528 1454 ἡμεῖς
3566 1387 3648 1440 ὃτι
3683 1385 3762 1450 εἷς

2177 1461 2327 1513 ἐστὶν
2359 1462 2387 1513 6
2421 1463 2909 1536 atdwwv..Ktipto;,
2960 1467 3096 1522 ἀλλὰ
3141 1472 3235 1524 καὶ
3265 1466 3408 1526 οὗτοι
3453 1474 3561 1528 θεοί
3600 1479 3758 1533 εἰσιν.

2179 1553 2385 1625 ”Ονπερ
2416 1554 2525 1626 γὰρ
2572 1555 2775 1626 τρόπον
2817 1554 2899 1622 εἷς
2943 1560 3092 1613 ἐστὶν
3125 1563 3152 1614 6
3202 1565 3422 1636 Καῖσαρ
3442 1565 3512 1630 ⁸³,
3558 1567 3672 1637 ἔχει
3705 1570 3761 1623 δὲ

2178 1645 2269 1697 ὑπ’
2304 1646 2467 1699 αὑτὸν
2503 1648 2630 1711 τοὺς
2661 1649 2957 1721 διοικητάς,
2995 1653 3315 1720 ὑπατικοὺς,
3353 1658 3646 1730 ἐπάρχους,
3679 1680 3762 1732 χι-

2177 1737 2452 1810 λιάρχους,
2497 1741 2955 1815 ἑκατοντάρχους,
2989 1746 3354 1821 δεκαδάρχους
3376 1752 3442 1817 ⁸⁸,
3476 1755 3568 1807 τὸν
3599 1756 3760 1810 αὑτὸν

2175 1829 2375 1918 τρόπον
2406 1830 2525 1896 ἑνὸς
2552 1832 2704 1896 ὄντος
2718 1835 2811 1887 τοῦ
2843 1837 3078 1906 μεγάλου
3112 1839 3246 1893 Θεοῦ
3273 1840 3463 1915 ὥσπερ
3481 1847 3761 1918 Καίσαρος

2175 1924 2268 1976 καὶ
2299 1916 2448 1978 οῦτοι
2467 1925 2511 1956 ⁸⁷
2550 1925 2691 1980 κατὰ
2721 1928 2813 1982 τὸν
2845 1929 2952 1982 τῶν
2987 1931 3362 2004 ὑποκειμένων
3391 1936 3646 2003 ἐξουσιῶν
3670 1916 3760 1992 λό-

2174 2032 2268 2083 γον
2307 2016 2420 2070 θεοί
2451 2020 2610 2083 εἰσιν,
2662 2021 3008 2091 ὑποκείμενοι
3047 2023 3148 2095 μὲν
3187 2027 3401 2098 ἐκείνῳ,
3435 2029 3758 2096 διοικοῦντες

2173 2109 2232 2163 δὲ
2261 2113 2429 2181 ἡμᾶς.
2486 2111 2782 2166 Ἀκούσατε
2816 2111 2910 2169 οὖν
2944 2117 2994 2168 οἱ
3027 2117 3197 2190 ταύτῃ
3236 2122 3302 2192 τῇ
3341 2123 3564 2194 ὑπονοίᾳ
3591 2125 3638 2157 ⁸⁸
3683 2127 3758 2190 ὼς

2173 2201 2332 2274 δεινῷ
2363 2205 2784 2275 ἀπολειφθέντες
2821 2206 2885 2277 ἰῷ
2917 2208 3009 2260 ὑπ’
3043 2210 3232 2274 αὑτοῦ,
3267 2211 3409 2280 λέγω
3433 2213 3490 2266 δὲ
3521 2215 3615 2268 τοῦ
3655 2233 3759 2269 πας-

2174 2295 2536 2367 ραδείγματος
2565 2297 2665 2370 τὴν
2725 2300 2902 2372 κακὴν
2947 2301 3231 2368 ὑπόνοιαν,
3274 2304 3422 2368 ὃπως
3472 2307 3649 2377 εἰδῆτε
3702 2309 3757 2361 τί

2173 2387 2337 2440 καλὸν
2369 2390 2463 2442 καὶ
2481 2389 2533 2441 τί
2559 2388 2816 2462 πονηρόν
2839 2390 2990 2446 οὔπω
3013 2393 3122 2466 γὰρ
3146 2395 3497 2466 ἁνεϐλέψατε,
3521 2399 3604 2451 ὅτι
3635 2399 3756 2453 οὐδὲ

2172 2478 2284 2539 τοῖς
2307 2477 2764 2550 προϐαλλομένοις
2796 2481 2884 2550 639‘
2913 2481 3064 2552 ὑμῶν
3090 2484 3330 2554 ὲνορᾶτε.

2240 2567 2361 2624 XV.
2398 2570 2461 2624 Ei
2503 2571 2612 2642 γάρ
2655 2589 2823 2641 φατε,
2867 2574 2944 2636 ὠς
2989 2575 3068 2637 είς
3109 2574 3154 2606 ⁸³
3188 2575 3280 2628 τὸν
3331 2576 3423 2630 τοῦ
3479 2577 3755 2649 Καίσαρος

2172 2660 2329 2730 λόγον
2398 2662 2489 2714 τὸν
2535 2662 2668 2716 Θεὸν
2714 2663 2858 2735 ἔχειν
2904 2665 3005 2729 τὰς
3047 2666 3412 2738 ὑποκειμένας
3469 2668 3752 2733 ἐξουσίας,

2171 2755 2298 2817 τοὺς
2326 2752 2654 2825 λεγομένους
2683 2756 2858 2822 θεοὺς,
2883 2759 2991 2812 οὐδ’
3018 2758 3191 2822 οὑτως
3214 2759 3294 2829 τῷ
3315 2759 3468 2831 ὑμῶν
3494 2764 3754 2830 στοιχεῖτε

2172 2847 2594 2918 παραδείγματι.
2628 2849 2691 2902 El
2719 2849 2827 2921 γὰρ
2871 2851 3185 2920 ἐστοιχεῖτε,
3217 2851 3385 2923 ἐχρῆν
3421 2851 3565 2903 τοῦτ’
3591 2853 3635 2883 ⁹⁰
3677 2855 3754 2904 εἰ-

2171 2941 2337 3003 δέναι,
2359 2940 2460 3004 ὅτι,
2477 2941 2553 3004 ὼς
2577 2941 2676 2994 οὑκ
2694 2941 2868 3006 ἔξεστι
2886 2943 2946 2996 τὸ
2961 2943 3232 3015 Καίσαρος
3251 2944 3424 3015 ὄνομα
3445 2945 3618 3016 ἑτέρῳ
3632 2944 3754 2998 δοῦ-

2172 3051 2282 3097 ναι,
2295 3032 2436 3099 λέγω
2453 3030 2518 3103 δὴ
2535 3031 2568 3102 ἢ
2587 3032 2776 3103 ὑπάτῳ
2795 3032 2826 3104 ἢ
2845 3032 3068 3105 ἐπάρχῳ
3083 3033 3289 3104 222ἢ
3311 3034 3572 3106 χιλιάρχῳ
3588 3036 3622 3106 ἢ
3639 3037 3754 3090 ἐτέ-

495 3107 648 3164 .buno
693 3109 776 3164 vel
811 3111 963 3166 alteri
1005 3112 1241 3183 cuipiam
1283 3114 1516 3183 (etenim
1554 3117 1648 3187 qui
1701 3121 1909 3178 dederit
1958 3139 2067 3181 non

2177 3143 2255 3199 ρῳ
2272 3126 2378 3179 τινί
2406 3124 2556 3197 (ὅτιὸ
2576 3125 2750 3189 διδοὺς
2765 3125 2825 3179 οὑ
2843 3126 3087 3197 ζήσεται,
3114 3128 3208 3179 καὶ
3231 3127 3260 3178 6
3286 3126 3576 3197 λαμϐάνων
3600 3128 3753 3182 ἀναι-

498 3201 640 3256 vivet
673 3211 728 3257 et
770 3201 865 3272 qui
914 3203 1184 3274 acceperit
1237 3206 1592 3278 occidetur),
1645 3210 1719 3266 ita
1775 3227 1842 3268 ex
1885 3225 2068 3272 vestro

2177 3218 2462 3292 ρεθήσεται
2483 3217 2501 3291 )
2523 3258 2538 3282 ,
2572 3217 2744 3281 οὕτως
2787 3219 2851 3271 ὲκ
2882 3217 2978 3271 τοῦ
3015 3219 3281 3290 ὑμετέρου
3311 3220 3754 3291 παραδείγματος

499 3293 750 3364 exemplo
781 3293 874 3348 Dei
905 3308 1105 3350 nomen
1142 3295 1300 3351 alteri
1340 3297 1494 3355 nefas
1523 3311 1608 3357 est
1638 3302 1843 3372 imponi
1870 3344 1886 3370 ,
1926 3307 2067 3361 alio-

499 3385 632 3455 quin
667 3395 721 3440 et
741 3386 833 3456 qui
858 3387 1143 3443 tentaverit
1169 3389 1251 3444 vel
1275 3391 1524 3461 acCipcre
1545 3394 1630 3448 vel
1654 3397 1869 3452 tradere
1900 3397 2070 3454 inter-

499 3477 618 3532 ibit.
657 3477 814 3545 Quod
871 3480 916 3534 si
960 3482 1292 3536 contumelia
1337 3484 1547 3540 homini
1596 3486 1688 3542 illa
1735 3504 1930 3558 ρωπος
1951 3491 2066 3560 dat,

497 3571 674 3626 multo
723 3571 930 3641 magis,
961 3573 1056 3642 qui
1101 3573 1241 3628 alios
1285 3575 1417 3631 deos
1457 3577 1682 3646 dicunt,
1720 3589 1980 3652 tanquam
2012 3584 2068 3639 in

493 3662 670 3718 Deum
708 3665 1092 3721 contumeliosi
1131 3675 1340 3722 aeterno
1385 3669 1747 3741 subjicientur
1772 3677 2064 3746 supplicio.

497 3753 566 3809 Et
592 3756 790 3811 merito
811 3797 826 3822 ,
857 3757 986 3826 quia
1028 3773 1226 3814 nomen
1258 3761 1405 3830 quod
1452 3761 1508 3816 in
1542 3766 1917 3823 monarchiam
1949 3769 2069 3840 ejus

498 3845 655 3900 vobis
688 3846 756 3900 ad
792 3847 1176 3904 honorandum
1208 3851 1467 3906 traditum
1497 3863 1603 3922 est,
1635 3857 1786 3912 omni
1823 3875 1930 3930 qua
1967 3877 2066 3932 po-

493 3936 685 3990 tuistis
716 3937 977 3994 aﬁ'eeistis
1015 3941 1370 3996 contumelia.
1399 3942 1520 3999 Non
1547 3948 1694 4004 enim
1716 3966 1842 4007 vere
1867 3969 2066 4011 nomen

498 4026 620 4095 ejus
652 4037 736 4082 est
791 4027 972 4084 Deus:
1003 4039 1060 4084 at
1107 4047 1226 4100 vos,
1269 4034 1366 4103 qui
1411 4035 1542 4090 illud
1587 4042 1865 4110 quondam
1905 4061 2066 4103 acce-

495 4118 677 4187 pistis,
709 4121 958 4176 tractatis
989 4125 1419 4196 contumeliose,
1451 4131 1599 4198 quod
1644 4134 1800 4191 vobis
1835 4152 2066 4194 conces-

497 4225 620 4264 sum
655 4210 789 4278 fuit;
826 4221 887 4268 ut
922 4217 1380 4284 quemadmodum
1421 4234 1486 4275 eo
1512 4222 1594 4276 usi
1635 4222 1869 4294 fueritis,
1914 4230 1968 4285 id
1999 4233 2067 4289 ad

497 4317 686 4357 verum
713 4304 861 4360 illius
885 4322 1082 4362 nomen
1110 4308 1527 4384 referatur..Vos
1547 4326 1730 4374 autem
1756 4320 1890 4377 illud
1912 4327 2063 4382 omni

497 4396 831 4465 exposuistis
857 4401 1180 4469 Opprobrio.

2169 3311 2231 3364 τὸ
2249 3310 2292 3342 ⁹¹
2325 3309 2460 3364 Θεοῦ
2487 3309 2656 3381 ὄνομα
2690 3310 2860 3381 ἑτέρῳ
2881 3310 3099 3382 δοθῆναι
3125 3311 3224 3364 οὑκ
3255 3310 3480 3377 ἔξεστιν·
3513 3313 3635 3365 ἐπεὶ
3657 3314 3752 3366 καὶ

2170 3404 2200 3454 6
2235 3401 2516 3475 πειραθεὶς
2535 3403 2637 3473 ἥτε
2672 3401 2854 3455 λαϐεῖν
2879 3403 2976 3474 ἦτε
3001 3403 3046 3434 ⁸⁸
3085 3402 3267 3457 δοῦναι
3315 3405 3632 3459 ἀπόλλυται.
3684 3407 3748 3458 Ei

2169 3490 2226 3545 δὲ
2257 3493 2290 3563 ή
2327 3492 2414 3544 ἐπ’
2459 3490 2748 3562 ἀνθρώπου
2783 3493 2829 3523 ’⁸
2863 3490 3021 3564 ὕϐρις
3069 3492 3223 3565 δίκην
3259 3495 3520 3567 παρέχει,
3567 3494 3748 3565 πολλῷ

2173 3583 2374 3654 μᾶλλον
2394 3584 2445 3637 oi
2473 3585 2693 3657 ἐτέρους
2718 3584 2876 3649 θεοὺς
2899 3585 3148 3654 λέγοντες
3174 3588 3251 3652 ὼς
3272 3589 3404 3643 Θεὸν
3431 3589 3748 3662 ὑϐρίσαντες

2169 3675 2370 3746 αἰωνίῳ
2393 3676 2770 3732 ὑποκείσονται
2795 3678 3032 3732 κολάσει.
3055 3681 3165 3734 Καὶ
3195 3681 3451 3750 εὐλόγως,
3472 3684 3554 3736 ὅτι
3579 3685 3638 3736 τὸ
3667 3685 3746 3749 είς

2167 3767 2265 3839 τὴν
2294 3769 2458 3823 αὑτοῦ
2491 3770 2790 3842 μοναρχίαν
2824 3771 3126 3843 παραδοθὲν
3161 3774 3287 3845 ὑμῖν
3308 3774 3550 3847 ⁸⁸,τιμᾷν
3581 3777 3744 3847 δνομα

2170 3858 2318 3930 πάσῃ
2409 3861 2707 3934 ἠδυνήθητε
2735 3862 3036 3917 ὑπεϐάλετε
3054 3863 3237 3937 ῦϐρειο
3262 3867 3325 3920 οὑ
3354 3867 3465 3939 γὰρ
3495 3869 3554 3922 τὸ
3577 3869 3744 3934 ὅντως

2169 3949 2318 4003 ἐστὶν
2349 3950 2512 4004 αὑτοῦ
2545 3952 2713 4023 ὄνομα
2753 3953 2904 4020 Θεὸς,
2949 3956 3061 4009 ἀλλ’
3105 3959 3260 4028 ὑμεῖς
3303 3959 3441 4023 τέως
3455 3962 3504 3992 ³⁸
3548 3978 3740 4033 παρει-

2168 4039 2397 4111 ληφότες
2429 4041 2686 4113 ὑϐρίσατε
2712 4044 2740 4097 ὃ
2768 4044 2922 4116 ἐδόθη
2949 4047 3096 4117 ὑμῖν,
3129 4049 3216 4101 ἵνα
3247 4050 3324 4114 ὡς
3345 4049 3412 4103 ἂν
3433 4051 3580 4122 αὑτῷ
3609 4054 3743 4124 χρή-

2171 4130 2361 4201 σησθε,
2397 4133 2477 4195 είς
2507 4132 2570 4186 τὸ
2613 4133 2782 4196 ὅντως
2813 4133 2979 4187 αὑτοῦ
3010 4134 3181 4208 ὄνομα
3210 4137 3462 4210 λογισθῇ·
3498 4141 3655 4211 ὑμεῖς
3683 4140 3740 4194 δὲ

2167 4223 2300 4278 αὑτὸ
2331 4223 2480 4296 πάσῃ
2510 4222 2666 4296 ’ὑϐρει
2701 4225 3018 4284 ὑπεϐάλετε.

568 4488 709 4544 XVI.
747 4489 932 4562 Itaque
967 4503 1274 4553 vestrorum
1303 4497 1688 4573 Egyptiorum
1737 4509 1933 4578 primi,
1968 4514 2062 4585 qui

597 4599 776 4612 mm...
805 4585 1104 4612 ,Μιηηεηη
1132 4589 1351 4612 --.__.._
1517 4596 1529 4608 .
1612 4605 1623 4612 ,
1756 4609 1764 4612 _
1813 4602 1826 4612 .

2237 4521 2379 4579 XVI.
2418 4525 2626 4580 Λύτίκα
2658 4525 2790 4595 γοῦν
2817 4527 2928 4582 τῶν
2952 4530 3264 4600 Αἰγυπτίων
3298 4535 3452 4607 ὑμῶν
3482 4538 3533 4590 οἱ
3570 4539 3741 4612 ἀρχη-

497 4582 565 4638 de
595 4599 776 4641 rerum
803 4585 1106 4642 cmleStium
1131 4589 1360 4647 scientia
1393 4595 1698 4662 gloriantur
1717 4609 1771 4656 et
1795 4602 1862 4658 de
1887 4582 2067 4661 astro-

499 4691 619 4768 rum
654 4687 844 4731 natura
886 4694 946 4733 se
992 4679 1204 4750 jactant
1229 4682 1495 4753 judicare,
1545 4689 1679 4746 illud
1724 4708 1922 4751 nomen
1970 4714 2066 4768 per

496 4761 699 4816 malam
734 4764 787 4817 in
821 4780 881 4819 se
925 4765 1182 4823 latentem
1217 4771 1532 4842 opinionem
1568 4781 1717 4835 onmi
1743 4782 1864 4853 ejus
1909 4761 2067 4856 igno-

497 4852 1004 4926 mini:e,quantum
1057 4859 1108 4912 in
1161 4860 1295 4931 ipsis
1327 4861 1452 4932 fuit,
1501 4852 1877 4939 subiecerunt.
1924 4852 2062 4933 Nam

497 4943 589 5000 alii
632 4961 825 5004 eorum
860 4951 1049 5006 bovem
1081 4953 1175 5023 qui
1223 4955 1424 5013 dicitur
1458 4958 1594 5033 Apis
1622 4966 1907 5025 colendum
1937 4981 2050 5030 tra-

2167 4613 2354 4686 γέται,
2411 4617 2463 4668 οἱ
2508 4617 2637 4688 περὶ
2683 4620 3111 4692 μετεωρολογίας
3154 4627 3446 4697 αὐχοῦντες
3499 4633 3594 4686 καὶ¹
3632 4634 3741 4687 τῶν

2167 4708 2382 4779 ἄστρων
2411 4707 2509 4772 τὰς
2555 4709 2743 4778 φύσεις
2773 4712 3068 4784 διακρίνειν
3108 4716 3594 4791 ἐπαγγελλόμενοι,
3637 4726 3742 4779 ὑπὸ

2167 4798 2342 4872 κακῆς
2375 4798 2556 4864 αὐτοῖς
2596 4802 2996 4876 ὲνδομυχοὺσης
3039 4807 3294 4872 ὑπονοίας
3340 4813 3487 4885 πάσῃ
3537 4816 3668 4870 αὑτὸ
3695 4818 3740 4848 ’⁸

2166 4892 2358 4964 ἀτιμίᾳ
2387 4892 2511 4946 ὅσον
2548 4893 2608 4949 τὸ
2641 4898 2763 4948 κατ’
2795 4897 2990 4961 αὐτοὺς
3010 4897 3054 4930 ’⁷
3086 4898 3370 4956 ὑπέϐαλον.
3402 4906 3465 4958 Οἱ
3508 4907 3608 4976 μὲν
3633 4908 3741 4980 γάρ

2173 4981 2350 5035 αὑτῶν
2378 4984 2680 5056 παρέδοσαν
2709 4985 2836 5056 βοῦν
2865 4986 2956 5040 τὸν
2984 4985 3269 5060 λεγόμενον
3292 4994 3455 5049 ’Δπιν
3470 4996 3516 5026 ⁸⁸
3541 4997 3740 5062 σέϐειν,

1765 5082 1998 5142 VARUE
2037 5091 2442 5154 LECTIONES.

548 5198 614 5230 ι⁷⁹
633 5199 722 5270 ἵνα
755 5199 812 5252 δέ
845 5199 906 5255 C.
943 5201 1036 5255 ἐὰν
1070 5219 1120 5270 p.
1161 5204 1247 5257 ἵνα

493 5355 616 5411 nus
645 5340 805 5411 Clem.
844 5358 896 5411 p.
933 5340 1204 5410 IIS-6,7569.
1243 5347 1299 5400 S.
1336 5346 1472 5404 Tum
1498 5351 1624 5406 ἄλλο

692 5407 764 5432 ’.ιι
844 5407 1046 5432 ’--¹¹¹ἠγ’
1094 5416 1106 5432 ο

493 5443 632 5462 υιιυυυ
652 5443 764 5463 υυυ
796 5451 810 5474 ν
868 5443 1027 5466 'tuutu
1055 5443 1115 5468 υυ
1143 5443 1182 5471 υ
1214 5457 1230 5481 ,
1257 5443 1349 5486 ιιυι
1377 5443 1610 5489 υυιυυυι.
1633 5443 1746 5480 τουπ

493 5479 537 5562 ξ’
563 5478 638 5562 Ita
689 5479 749 5547 S,
796 5482 1056 5562 a630£_C,
1217 5487 1565 5562 i_sti,Recogn.
1613 5495 1649 5548 l.
1697 5513 1746 5552 c.

491 5618 539 5649 "
561 5621 796 5683 πεισθεὶς
853 5624 962 5676 εἴτε
1003 5624 1183 5680 λαϐεῖν
1210 5618 1337 5680 εἴτε
1359 5631 1419 5684 0.

493 5687 658 5767 deleri
682 5693 806 5767 _vult
836 5691 880 5745 D
917 5735 932 5760 ,
960 5693 1117 5767 τοῦτο
1147 5696 1204 5750 S.
1243 5695 1362 5753 Jam
1392 5703 1525 5758 nihil
1576 5687 1918 5767 mutandum:

481 5756 636 5816 idem
681 5762 734 5817 in
776 5756 928 5818 textu
971 5762 1029 5821 S.
1072 5765 1220 5822 Fort.
1261 5756 2008 5846 εει-ἱὺειίόιιιῆναὺτοὺξέὑτό.

804 5210 812 5252 i
845 5210 906 5255 υ.
943 5210 1036 5255 ἐὰν
1070 5219 1120 5270 p.
1161 5210 1247 5257 ἵνα
1282 5210 1542 5331 proponit
1586 5211 1643 5268 S.
1688 5215 1712 5274 ζ
1741 5215 1787 5248 ⁸⁸
1811 5219 1977 5276 αὑτοῦ
2011 5242 2112 5282 con

804 5271 1258 5331 ἐπικουρηθεισῶν
1331 5316 1345 5329 .
1411 5279 1724 5331 “Fortasse
1755 5286 1854 5331 Ιρσ-
1889 5291 1965 5331 ιτς-ι
1998 5299 2079 5331 ιωι
2109 5321 2112 5331 .

494 5268 734 5357 hante”?
763 5308 776 5332 ,
801 5268 1378 5357 ἐπικουρηθεισῶκζῧε-
1390 5268 1724 5357 ”³¹Ρριξιξιεεξξ
1754 5268 1974 5357 lett:

2204 5229 2267 5319 ΙΞ.
2319 5231 2458 5319 Tum
2492 5235 2998 5319 ἔπιχορῃγηθειεῶν
3024 5238 3079 5319 Il
3104 5257 3196 5319 ‘ex
3233 5247 3490 5319 conject,
3537 5265 3740 5319 appro-

2222 5299 2281 5378 s.
2352 5299 2875 5378 ξ’ἁποδοᾶἶιμᾶσεται
2900 5309 2957 5362 s.
3035 5311 3080 5343 ⁸³
3099 5313 3155 5367 δέ
3182 5299 3739 5374 δοίιιίιέῖιέὲῖιιίέῗιῖεὶῖι-

541 5357 805 5453 ἷ¹⁵δδίθηλ
844 5358 896 5411 Ρ·
933 5357 1052 5422 ἔδδν
1081 5357 1204 5432 ⁵3⁵³·
1243 5357 1299 5400 δ’
1336 5357 1624 5432 Tum?“
1661 5371 1723 5436 ιιι
1750 5357 1907 5413 τοῦτο
1937 5367 2082 5436 conj.
2112 5369 2171 5425 S.
2200 5371 2313 5426 Cir.
2340 5357 2983 5446 Recogli."v,"i§2'2ii£{n
3083 5357 3741 5453 03:55:23.3.“3';é'6"3o

541 5427 594 5453 J':
652 5414 764 5453 aut!
798 5451 808 5453 4
868 5429 1027 5453 στῆσε-κη
1055 5432 1115 5453 nn
1143 5417 1182 5453 Π
1257 5433 1348 5453 nm
1377 5433 1585 5453 nnnlnnl
1633 5442 1785 5453 ..-η-λ
1813 5429 1836 5453 α
1885 5432 1954 5453 η,
2095 5441 2105 5451 .
2134 5442 2144 5452 .
2197 5451 2205 5453 ,
2448 5446 2458 5453 .
2678 5449 2727 5453 ._-
2831 5450 2870 5453 ,η
2985 5451 2993 5453 .

541 5410 594 5440 ’⁵
692 5409 704 5425 ν
845 5409 855 5411 ν
935 5413 960 5422 __
1094 5416 1106 5432 ο
1337 5417 1348 5429 ,
1487 5420 1498 5432 .
1661 5409 1677 5425 ι
1698 5426 1723 5436 η
1796 5409 1836 5411 η
1859 5409 1901 5413 --
1940 5409 2082 5436 πον-ιδ.
2112 5409 2171 5425 υ.
2202 5409 2313 5426 νυ.
2340 5409 2565 5446 ιιονυυιιο
2609 5409 2656 5445 v,
2681 5409 2746 5433 lii
2773 5419 2786 5432 .
2823 5409 2983 5433 uuulu
3002 5421 3060 5436 ..ο
3083 5409 3190 5453 0pm

493 5409 632 5510 ᾗυθδ
652 5414 764 5463 ouo
796 5451 810 5474 ν
843 5429 1029 5500 ,τουτῖ
1055 5432 1115 5468 ου
1143 5417 1182 5471 C
1214 5457 1236 5499 ι
1257 5433 1349 5499 il!"
1377 5433 1610 5489 conject.
1633 5442 1788 5480 τουτο
1810 5429 1856 5481 6.
1884 5432 2106 5493 Correxi
2133 5442 2625 5512 interpunctionem
2668 5449 2751 5502 Ci.
2828 5450 2873 5482 ⁸⁵
2886 5451 3104 5526 Καίσαρ
3128 5455 3190 5508 Ο.

563 5478 637 5526 Ila
689 5479 746 5526 Β,
796 5483 948 5526 (zu-mi
989 5485 1055 5526 L-
1109 5484 1154 5526 ﬂ
1217 5498 1309 5526 nn
1347 5487 1544 5526 non-nn”
1615 5495 1627 5526 Ι
1699 5513 1727 5526 η
1813 5500 1860 5526 ιιι
1886 5501 1904 5526 ι
1932 5517 2007 5526 --.
2080 5510 2161 5526 η--
2209 5512 2220 5526 .
2433 5517 2443 5526 .
2526 5525 2531 5526 ,
2754 5517 2785 5526 ,-

3289 5458 3335 5545 f‘
3346 5458 3647 5545 δεκάρχους
3801 5519 3804 5521 λ

492 5500 638 5602 3322!
689 5500 749 5547 δ,
796 5500 948 5535 αυτοι
989 5500 1056 5547 ιλ.
1109 5500 1173 5540 υ·
1217 5500 1579 5574 ult,ﬂecogn._
1613 5500 1649 5548 I.
1697 5513 1746 5552 c.
1813 5500 1860 5532 ⁸⁸
1884 5501 2032 5560 Lect.
2078 5500 2790 5583 Ottobfsuspicatusestis
2822 5561 2835 5583 ,
2875 5500 3739 5603 ἑίβὶεὲὲἕίῖἰεητρη“ιῖἆῖξτ⁸τῖὗ’τῖ”ᾇ

492 5618 539 5644 η
562 5567 827 5644 3931f?-
859 5552 1735 5644 ΕΑΤΒἮ,ἔπαξειφὲέπεξ-ιθτῃι,
1757 5571 2170 5644 ἐπαλειφθέντες
2198 5580 2256 5636 S.
2353 5584 2398 5615 "
2421 5585 2676 5644 Fortasse
2709 5591 2812 5644 leg.
2843 5591 2974 5644 ὡσεί
2999 5592 3055 5644 S.
3122 5596 3334 5644 "to-31:0
3361 5599 3422 5644 (1-
3489 5601 3639 5644 "cm-1

1523 5635 2076 5741 "E3?.’.."E3’,?.:£°"i-'.9
2107 5635 2248 5741 ’.δίεπ’
2281 5653 2354 5741 i9.-
2388 5635 2441 5709 ίιῖ
2466 5635 2822 5741 ίίᾲπὶἶῦἷίειὶῖὃῖ
2844 5635 3080 5741 Ϊίῗῇιῖίν
3102 5668 3162 5741 9-
3189 5635 3460 5735 ”’ῖίέδνιὲς
3495 5673 3538 5727 c
3555 5635 3738 5741 ”ἒῖυόἒῆ

2022 5720 2372 5862 ⁸⁸θαὺἱόπηενιιὸ.
2412 5741 2460 5783 c.
2493 5724 2557 5784 0.
2624 5720 2686 5763 ’⁵⁷
2707 5731 2902 5797 αὐτούς
2925 5720 3065 5821 θ’ῗθι
3092 5737 3133 5793 (ὲ
3188 5755 3254 5794 ex
3277 5720 3538 5815 conject;
3565 5720 3738 5799 αὑτοῦ

2353 5584 2400 5658 "_
2421 5585 2676 5644 Fortasse
2709 5591 2812 5658 leg.
2843 5584 2974 5644 ὡσεί
2999 5592 3055 5647 S.
3122 5596 3166 5628 ’°
3179 5597 3334 5651 τοῦτο
3361 5599 3423 5654 G.
3489 5584 3639 5654 ³’τοῦ
3673 5584 3734 5657 (ξ,
