4084 6148
355 343 462 401 269

1494 327 2034 391 CLEMENTINA.—
2062 325 2348 382 IIOMILIA
2391 326 2436 380 Χ

3511 330 3614 386 εὶἸο

358 462 413 515 οἱ
439 459 497 513 δὲ
523 459 748 529 τράγον,
783 457 832 510 οἱ
853 457 907 510 δὲ
935 455 1218 529 αἴλουρον,
1249 455 1299 508 οἱ
1325 453 1382 508 δὲ
1423 452 1546 522 ὅφιν
1567 451 1634 514 θ’,
1659 447 1804 503 ’ἀλλά
1851 444 1946 500 καὶ

2052 444 2255 510 didere,
2288 445 2378 498 alii
2414 445 2648 510 hircum,
2683 443 2775 498 alii
2805 442 2991 509 felem,
3021 443 3115 498 alii
3147 451 3478 514 serpentem,
3522 453 3619 500 seu

363 552 519 624 ἰχθὺν
567 551 661 604 καὶ
689 549 946 622 κρόμμυα
983 549 1076 602 καὶ
1103 546 1358 619 γαπρῶν
1389 543 1674 614 πνεύματα
1700 541 1794 595 καὶ
1821 539 1944 610 ὀχε-

359 645 488 706 τοὺς
509 641 619 714 (27)
646 642 736 697 καὶ
767 640 975 709 ἀλόγων
996 638 1148 704 ζώων
1179 638 1337 710 μέλη.
1378 635 1491 690 Καὶ
1515 633 1694 697 ἀλλοις
1733 631 1946 704 μυρίοις

361 732 506 786 πάνυ
537 733 778 802 αἰσχροῖς
808 730 982 802 ἀτοπή
992 745 1173 800 μασιν.

434 821 595 892 223
635 819 795 874 XVII.
830 818 1017 873 Ταῦτα
1047 818 1142 872 τοῦ
1171 818 1380 890 Πέτρου
1413 813 1662 878 εἰπόντος
1688 813 1945 882 ἐγέλασεν

360 914 392 966 ὁ
422 909 778 984 παρεστηκὼς
805 907 976 982 ὄχλος.
1005 911 1116 964 Καὶ
1135 911 1164 962 ὁ
1196 909 1402 981 Πέτρος
1430 909 1534 979 ἔφη
1572 907 1707 980 πρὸς
1738 907 1829 960 τὸν
1854 905 1948 974 γέ-

363 1003 528 1057 λωτα·
564 1002 763 1057 Γελᾶτε
800 1003 957 1073 ὑμεῖς
994 1001 1064 1055 τὰ
1108 1002 1352 1065 ἐκείνων,
1384 1002 1485 1054 οὑκ
1522 999 1720 1062 εἰδότες
1763 996 1946 1067 πολλῷ

366 1095 565 1166 μᾶλλον
625 1095 717 1148 ὑπ’
768 1093 992 1147 ἐκείνων
1037 1092 1356 1165 γελώμενοι.
1401 1091 1547 1163 Πλὴν
1593 1089 1662 1143 τά
1702 1088 1946 1159 ἀλλήλων

359 1189 579 1257 γελᾶτε,
607 1186 675 1240 τά
703 1186 812 1259 γὰρ
841 1186 949 1240 ῖδια
980 1187 1086 1240 ὑπὸ
1110 1185 1396 1257 συνηθείας
1424 1185 1603 1254 κακῆς
1627 1185 1706 1246 εἰς
1729 1181 1946 1251 ἀπάτην

363 1279 622 1351 ἀχθέντες
647 1279 708 1332 οὑ
747 1279 993 1349 βλέπετε.
1024 1280 1145 1332 ’Ότι
1178 1278 1236 1332 δὲ
1265 1277 1435 1341 ὅντως
1467 1274 1642 1349 ὀρθῶς
1677 1275 1746 1306 ⁸⁰⁰
1775 1291 1946 1327 κατα-

364 1370 558 1425 γελᾶτε
604 1371 712 1424 τῶν
757 1371 1102 1439 Αἰγυπτίων,
1150 1369 1426 1440 σύμφημι,
1473 1368 1594 1420 ἐπεὶ
1634 1366 1804 1435 ἄλογα
1830 1364 1948 1430 ζῶα

358 1462 571 1531 λογικοὶ
601 1462 754 1525 ὄντες
789 1461 1226 1534 προσκυνούσινδ
1259 1460 1327 1514 τὰ
1373 1459 1590 1523 πάντως
1621 1459 1942 1529 θνήσκοντα.

365 1552 490 1617 Πῶς
517 1553 572 1607 δὲ
601 1555 841 1606 κάκεῖνοι
867 1553 1022 1624 ὑμῶν
1051 1551 1462 1620 καταγελῶντες
1489 1551 1757 1619 λέγουσιν,
1784 1549 1948 1603 ἀκού-

368 1647 747 1716 σατε·Ὴμεῖς,
792 1647 954 1716 φασὶν
976 1647 1017 1709 ¹,
1050 1647 1098 1699 εἰ
1137 1645 1229 1698 καὶ
1268 1643 1570 1716 θνήσκοντα
1613 1641 1948 1714 προσκυνοῦ-

371 1756 492 1810 μεν,
524 1738 661 1792 ἀλλά
687 1755 751 1806 γε
773 1739 792 1770 ¹
825 1737 926 1792 κᾶν
957 1738 1198 1810 ζήσαντά
1224 1754 1354 1790 ποτε
1374 1776 1389 1801 ,
1423 1737 1580 1807 ὑμεῖς
1603 1735 1660 1789 δὲ
1684 1735 1752 1788 τά
1784 1733 1946 1806 μηδέ-

365 1847 501 1884 ποτε
522 1831 761 1901 ζήσαντα
791 1829 1032 1882 σέϐεσθε.
1063 1828 1207 1899 Πρδς
1229 1828 1457 1892 τούτοις,
1488 1828 1672 1897 φασὶν,
1693 1824 1788 1878 τοῦ
1823 1824 1942 1887 ἑνὸς

369 1919 506 1974 Θεοῦ
536 1921 700 1990 τιμᾷν
749 1919 989 1982 θέλοντες
1028 1919 1128 1990 τὴν
1179 1917 1388 1991 μορφὴν
1437 1917 1534 1971 καὶ
1581 1917 1655 1988 μὴ
1699 1915 1948 1988 εὑρόντες

370 2012 500 2064 ποία
531 2011 698 2074 ἐστὶν,
747 2012 926 2064 πᾶσαν
962 2011 1175 2082 μορφὴν
1213 2010 1488 2082 προτιμᾷν
1531 2007 1801 2079 εἱλόμεθα’
1853 2007 1949 2060 καί⁸

371 2101 520 2171 ὅμως
551 2100 778 2154 τοιαύτά
803 2117 923 2154 τινα
954 2100 1202 2169 λέγοντες
1240 2099 1525 2173 ὀρθότερον
1557 2099 1711 2170 ὑμῶν
1749 2101 1949 2153 οἴονται

371 2197 607 2267 φρονεῖν.

442 2284 628 2352 XVIII.
669 2285 759 2338 Διὸ
801 2287 894 2339 καὶ
931 2287 1089 2358 ὑμεῖς
1124 2284 1485 2358 ἀποκρίνεσθε
1510 2285 1532 2317 ⁸
1563 2285 1700 2356 πρὸς
1731 2282 1946 2347 αὐτούς·

371 2377 668 2443 Ψεύδεσθε,
690 2379 750 2431 οὑ
779 2379 887 2450 γὰρ
918 2382 1051 2450 τιμῇ
1081 2381 1147 2449 τῇ
1173 2379 1312 2451 πρὸς
1338 2378 1429 2431 τὸν
1451 2377 1619 2440 ὅντως
1659 2377 1790 2430 Θεὸν
1816 2374 1954 2429 αὑτὰ

375 2470 622 2536 σέϐεσθε,
648 2472 825 2525 πᾶσαν
857 2470 966 2543 γὰρ
996 2470 1062 2525 ἂν
1094 2470 1306 2543 μορφὴν
1339 2472 1722 2542 προσεκυνεῖτε
1743 2469 1792 2520 οἱ
1819 2467 1954 2520 πάν-

373 2582 487 2628 τες,
527 2566 624 2637 οὑχ
652 2566 728 2629 ὡς
757 2568 1008 2619 εποιεῖτει
1046 2565 1094 2618 οἱ
1133 2566 1230 2635 μὲν
1280 2563 1390 2636 γὰρ
1435 2562 1587 2634 ὑμῶν
1630 2561 1955 2634 κρόμμυονδ

377 2659 774 2729 ὑπονοήσαντες
813 2653 952 2711 εἶναι
991 2656 1054 2710 τὸ
1083 2655 1225 2709 θεῖον
1267 2656 1361 2709 καὶ
1389 2654 1627 2727 γαστρὸς
1669 2653 1953 2724 πνεύματα

377 2750 626 2812 σέϐοντες
657 2747 1048 2820 πολεμούσινδ·
1085 2747 1183 2802 καὶ
1220 2745 1392 2810 οὕτως
1426 2746 1628 2816 ὁμοίως
1667 2745 1717 2797 οἰ
1753 2744 1954 2806 πάντες

376 2845 436 2898 ἓν
463 2860 516 2896 τι
552 2843 996 2915 προτιμήσαντες
1029 2840 1098 2895 τά
1131 2838 1304 2895 ἀλλων
1345 2838 1541 2908 ψέγετε
1561 2877 1575 2891 .
1605 2837 1856 2909 Διαφὸρῳ
1897 2836 1954 2912 δὲ

377 2935 570 3007 γνώμῃ
612 2933 708 2988 τοῦ
750 2933 914 2987 αὑτοῦ
961 2931 1100 2998 ζὼου
1135 2931 1311 3004 μελῶν
1354 2931 1416 2995 ὃς
1462 2931 1560 3002 μὲν
1604 2929 1730 2986 ἄλλο
1783 2927 1952 2991 σέϐει,

374 3025 564 3096 ⁴ἕτερος
591 3023 647 3076 δὲ
673 3023 775 3076 to“
803 3021 967 3096 224
1005 3022 1209 3093 ἕτερον.
1243 3020 1390 3092 Πλὴν
1419 3018 1599 3074 αὑτῶν
1635 3019 1716 3074 ἔτι
1750 3018 1820 3073 τὰ
1857 3018 1953 3072 τοῦ

378 3115 540 3191 ὀρθοῦ
567 3114 826 3186 λογισμοῦ
856 3115 1128 3178 πνέοντες,
1149 3112 1456 3184 αἰδούμενοι
1478 3112 1571 3165 ὲπί
1588 3110 1676 3183 τῷ
1705 3112 1954 3183 προδήλῳ
1981 3151 2023 3207 C

379 3211 612 3284 αἰσχρῷ,
647 3213 727 3274 εἰς
768 3208 1095 3280 ἀλληγορίας
1138 3207 1315 3260 αὑτάτ
1347 3207 1500 3276 άγειν
1533 3205 1852 3276 πειρῶνται,
1886 3205 1952 3258 δι’

380 3303 572 3373 ἑτέρας
620 3299 874 3362 ἀπονοίας
921 3298 992 3351 τὰ
1039 3299 1140 3369 τῆς
1186 3297 1398 3368 ἀπάτης
1447 3296 1627 3350 αὐτῶν
1681 3295 1956 3367 θανάσιμα

381 3392 670 3468 κρατύνειν
721 3389 1050 3462 βουλόμενοι.
1092 3389 1280 3459 Ὅμως
1327 3386 1463 3440 xui."
1501 3385 1601 3450 τὰς
1633 3385 1958 3458 ἀλληγορίας

381 3483 750 3554 διελέγξαιμεν
772 3483 794 3513 ⁹
827 3481 914 3544 ἂν,
946 3479 1104 3552 εἴπερ
1139 3481 1257 3534 ἐκεῖ
1291 3474 1431 3550 ἦμεν
1455 3517 1471 3542 ,
1503 3470 1578 3531 ὧν
1609 3477 1670 3531 τὸ
1704 3476 1957 3531 τοσοῦτον

386 3577 566 3649 μωρὸν
598 3575 938 3647 ἐπεκράτησε
973 3572 1162 3638 πάθος,
1185 3572 1260 3635 ὼς
1285 3573 1328 3603 ¹⁰
1362 3569 1620 3643 μεγίστην
1647 3573 1714 3642 τῇ
1747 3569 1959 3642 ἐπινοίᾳ

384 3669 678 3741 ἐμποιῆσαι
707 3666 878 3721 νόσον.
911 3665 984 3718 Οὑ
1010 3664 1118 3735 γὰρ
1146 3663 1253 3735 χρὴ
1280 3662 1381 3734 τὴν
1412 3661 1758 3735 έμπλαστρον
1786 3677 1957 3732 προσ-

384 3761 570 3834 φέρειν
598 3759 689 3812 ἐπὶ
719 3758 781 3812 τὸ
807 3758 1041 3827 ὑγιεινὸν
1082 3756 1246 3828 μέρος
1272 3753 1367 3808 τοῦ
1403 3753 1650 3825 σώματος
1670 3793 1684 3817 ,
1724 3752 1838 3806 ἀλλ’
1865 3753 1958 3806 ἐπὶ

381 3853 446 3907 τὸ
475 3853 700 3922 πάσχον.
735 3852 887 3904 Ἐπεὶ
918 3845 1010 3903 οὖν
1053 3851 1211 3920 ὑμεῖς
1252 3847 1341 3901 διὰ
1370 3847 1464 3902 τοῦ
1498 3847 1726 3915 γελάσαι
1762 3845 1830 3899 τά
1860 3846 1957 3899 Αἰ-

385 3945 627 4014 γυπτίων
659 3943 891 4013 ἐφάνητε
937 3942 1012 4013 μὴ
1059 3940 1320 4003 παθόντες
1342 3940 1383 3970 “
1422 3938 1491 3992 τὰ
1535 3938 1785 4002 ἐκείνων,
1830 3937 1960 4008 περὶ

388 4032 448 4090 οὗ
480 4037 636 4106 ὑμεῖς
661 4036 702 4066 ⁸³
740 4033 1072 4096 πεπόνθατε,
1109 4031 1327 4101 εὔλογον
1357 4028 1425 4104 ἧν
1455 4031 1697 4102 παρόντα
1733 4047 1800 4101 με
1830 4030 1959 4100 ὑμῖν

387 4130 486 4200 τὴν
515 4129 656 4182 ἴασιν
686 4127 780 4181 τοῦ
811 4130 868 4180 ὲν
897 4129 1024 4198 ὑμῖν
1057 4125 1260 4188 πάθους
1293 4125 1573 4195 παρέχειν.

455 4219 597 4274 XIX.
647 4221 709 4272 "0
741 4219 870 4272 Θεὸν
905 4217 1082 4271 σέϐειν
1125 4215 1447 4288 αἱρούμενος
1482 4215 1588 4286 πρὸ
1621 4215 1836 4269 πάντων
1879 4216 1958 4268 εί-

387 4312 536 4366 δέναι
561 4309 782 4379 ὀφείλει.
817 4309 869 4362 τί
911 4309 1068 4380 μόνον
1094 4310 1193 4380 τῆς
1221 4306 1355 4360 Θεοῦ
1386 4306 1600 4376 φύσεως
1629 4305 1757 4359 ἴδιόν
1790 4308 1956 4370 ἐστιν,

390 4402 420 4455 ὃ
447 4402 590 4473 ἄλλῳ
623 4404 902 4472 προσεῖναι
933 4400 1212 4465 ἀδύνατον,
1238 4399 1346 4463 ἵνα,
1372 4400 1452 4462 εἰς
1475 4397 1538 4451 τδ
1573 4398 1766 4470 ἰδίωμα
1794 4397 1957 4452 αὑτοῦ

2045 544 2101 588 et
2132 537 2334 604 piscem
2365 545 2420 590 et
2445 551 2608 605 cepas
2638 543 2692 590 et
2717 534 2925 589 ventris
2953 536 3194 604 crepitus
3231 545 3285 590 et
3317 537 3537 592 cloacas
3563 547 3623 593 et

2047 629 2334 681 brutarum
2357 627 2717 681 animantium
2749 626 3017 681 membra.
3054 625 3120 680 Et
3152 628 3301 682 mille
3332 628 3456 684 aliis
3485 630 3619 685 sub-

2046 717 2304 772 diderunt
2333 717 2464 772 illud
2495 732 2694 772 nomen
2735 716 2920 787 pravis
2951 715 3402 786 turpitudinibus.

2115 807 2279 863 XVII.
2321 807 2448 864 "me
2470 809 2683 864 dicente
2717 808 2903 872 Petro,
2939 807 3063 864 risit
3083 809 3448 877 quae'astabat
3475 809 3619 864 mnl-

2046 902 2243 957 titudo.
2281 902 2348 957 Et
2388 903 2586 957 Petrus
2636 902 2703 956 ad
2734 902 2910 957 risum
2941 901 3079 955 dixit
3111 919 3124 956 :
3164 899 3374 955 Ridetis
3401 901 3620 956 illorum

2047 994 2409 1060 sententiam,
2463 995 2771 1049 nescientes
2826 994 2996 1048 multo
3051 993 3228 1063 magis
3273 1007 3369 1048 vos
3404 993 3473 1047 ab
3514 993 3622 1048 illis

2047 1086 2286 1141 irrideri.
2319 1086 2575 1141 Attamen
2607 1086 2702 1140 alii
2749 1086 2982 1141 aliorum
3021 1102 3109 1142 res
3149 1085 3447 1151 deridetis,
3495 1100 3622 1140 nam

2047 1180 2325 1250 proprias,
2351 1195 2448 1250 per
2475 1181 2673 1234 malam
2699 1180 3153 1235 consuetudinem
3179 1181 3234 1233 in
3263 1178 3511 1233 fraudem
3542 1180 3625 1232 in-

2048 1273 2220 1340 ducti,
2259 1287 2368 1327 non
2400 1273 2646 1328 cernitis.
2675 1271 2831 1339 Quod
2865 1289 2997 1329 vero
3029 1283 3176 1329 recte
3207 1273 3499 1346 Egyptios
3543 1276 3623 1329 ir-

2047 1367 2276 1436 rideatis
2328 1370 2505 1422 fateor
2544 1385 2563 1421 :
2607 1367 3051 1438 quandoquidem
3103 1368 3360 1423 animalia
3414 1369 3626 1424 ratione

2043 1458 2291 1514 carentia
2323 1459 2426 1530 ipsi
2450 1459 2664 1514 ratione
2683 1461 2899 1530 praediti
2923 1461 3178 1529 adorant,
3203 1476 3377 1532 eaque
3399 1463 3626 1517 omnino

2047 1555 2327 1609 mortalia.
2359 1553 2487 1621 Quo
2542 1555 2705 1610 modo
2754 1563 2935 1610 autem
2968 1563 3021 1610 et
3071 1555 3149 1610 illi
3183 1570 3280 1610 vos
3327 1555 3627 1611 deridendo

2048 1645 2364 1717 loquantur,
2394 1647 2598 1702 audite.
2624 1645 2757 1713 Nos,
2777 1647 3054 1716 inquiunt,
3079 1646 3184 1702 etsi
3212 1647 3464 1704 mortalia
3486 1648 3624 1702 ado-

2048 1755 2232 1794 remus
2257 1781 2272 1804 ,
2333 1749 2517 1795 tamen
2575 1756 2698 1810 qua:
2746 1741 3042 1810 aliquando
3074 1741 3335 1795 vixerunt
3371 1760 3384 1796 :
3439 1750 3495 1796 at
3525 1756 3625 1796 vos

2047 1847 2170 1902 qua:
2197 1847 2480 1901 nunquam
2508 1831 2762 1886 vixerunt
2789 1831 2989 1886 colitis.
3010 1831 3090 1886 Ad
3105 1833 3240 1899 lucc,
3262 1832 3438 1899 aiunt,
3459 1832 3624 1888 unius

2047 1924 2145 1978 Dei
2195 1923 2470 1979 honorare
2521 1921 2769 1979 volentes
2816 1922 3074 1990 formam,
3126 1940 3228 1980 nec
3281 1924 3622 1983 invenientes

2049 2015 2228 2085 qualis
2252 2031 2315 2070 ea
2346 2016 2436 2084 sit,
2463 2031 2680 2071 omnem
2715 2015 2948 2072 formam
2976 2017 3258 2072 colendam
3285 2020 3620 2075 censuimus.

2046 2103 2224 2159 Porro
2257 2105 2572 2174 hujusmodi
2619 2107 2870 2175 quaedam
2911 2106 3081 2162 locuti
3130 2108 3340 2164 rectius
3375 2109 3532 2166 vobis
3563 2124 3626 2165 se

2050 2204 2246 2265 putant
2281 2196 2506 2252 sentire.

2125 2286 2311 2342 XVIII.
2351 2287 2691 2360 Quapropter
2715 2299 2769 2344 et
2794 2306 2892 2346 vos
2915 2291 2982 2346 iis
3003 2293 3324 2362 respondete
3352 2312 3367 2348 :
3401 2293 3625 2349 Falsum

2054 2379 2258 2448 dicitis,
2299 2395 2408 2435 non
2444 2381 2590 2437 enim
2622 2383 2675 2436 in
2709 2382 2975 2438 honorem
3011 2384 3124 2438 veri
3165 2383 3260 2440 Dei
3296 2386 3478 2444 colitis
3511 2381 3625 2453 illa,

2055 2471 2184 2542 quia
2229 2485 2420 2527 omnes
2451 2488 2670 2527 omnem
2716 2473 3022 2530 adoraretis
3056 2473 3288 2530 formam
3324 2485 3379 2530 et
3421 2493 3531 2532 non
3569 2486 3630 2531 ut

2055 2563 2254 2618 facitis.
2283 2562 2418 2617 Nam
2443 2564 2536 2634 qui
2561 2574 2802 2620 vestrum
2835 2581 3023 2637 cepam
3050 2582 3170 2626 esse
3200 2585 3402 2624 numen
3433 2570 3628 2625 existi-

2055 2664 2228 2721 mant,
2255 2663 2310 2710 et
2346 2655 2439 2726 qui
2475 2656 2664 2710 colunt
2691 2658 2899 2714 ventris
2929 2659 3192 2728 crepitus,
3227 2661 3367 2715 inter
3396 2677 3455 2716 se
3484 2662 3624 2717 bella

2056 2757 2270 2819 gerunt,
2297 2746 2573 2818 similique
2604 2749 2769 2804 modo
2802 2751 3008 2815 cuncti,
3035 2767 3207 2806 unum
3237 2753 3368 2824 quid
3402 2757 3629 2813 maxumi

2056 2836 2342 2906 facientes,
2374 2847 2699 2894 cancrorum
2736 2840 2944 2895 cultum
2995 2841 3339 2912 improbatis.
3369 2842 3630 2902 Variante

2059 2945 2282 3000 quoque
2326 2932 2595 2986 sententia
2647 2948 2714 2986 ex
2768 2933 3028 2988 membris
3075 2933 3322 3004 ejusdem
3374 2937 3630 2996 animalis

2057 3036 2202 3076 unus
2229 3037 2397 3075 unum
2428 3031 2742 3089 veneratur,
2768 3023 2912 3080 alius
2935 3025 3106 3081 aliud.
3124 3025 3227 3082 Sed
3254 3035 3308 3081 et
3336 3027 3479 3084 inter
3504 3019 3630 3087 illos

2058 3113 2262 3182 aliqui,
2303 3113 2398 3182 qui
2432 3114 2611 3169 adhuc
2659 3115 2864 3184 aliquid
2903 3115 3060 3170 bona:
3106 3119 3305 3174 mentis
3349 3122 3628 3188 retinent,

2057 3205 2448 3261 erubescentes
2493 3206 2560 3259 de
2636 3204 2924 3262 manifesta
2979 3207 3317 3277 turpitudine
3377 3211 3630 3269 nituntur

2058 3303 2258 3352 cuncta
2294 3295 2362 3350 ad
2400 3295 2688 3366 allegorias
2719 3297 2960 3363 trahere,
2985 3306 3040 3352 et
3075 3313 3173 3368 per
3208 3299 3372 3354 aliam
3407 3302 3631 3358 demen-

2057 3387 2190 3440 tiam
2243 3387 2436 3440 volunt
2489 3386 2697 3441 erroris
2749 3387 2838 3441 sui
2895 3387 3227 3444 conﬁrmare
3281 3393 3629 3458 mortiferum

2059 3478 2232 3534 virus.
2266 3477 2535 3532 Caeterum
2573 3475 2989 3533 confutaremus
3023 3488 3078 3533 et
3101 3481 3410 3552 allegorias,
3444 3485 3490 3540 si
3517 3485 3630 3543 illic

2059 3583 2339 3635 essemus,
2387 3583 2622 3639 quarum
2650 3569 2788 3622 adeo
2813 3569 3045 3625 invaluit
3090 3571 3256 3624 stulta
3291 3571 3504 3648 aﬂ'ectio
3527 3618 3544 3644 ,
3570 3589 3632 3633 ut

2059 3663 2362 3717 maximum
2418 3661 2604 3716 animo
2647 3661 2917 3718 creaverit
2967 3664 3244 3718 morbum.
3302 3658 3425 3721 Non
3480 3670 3629 3724 enim

2060 3761 2273 3824 oportet
2311 3751 2671 3821 emplastrum
2709 3751 2912 3807 inferre
2939 3754 2994 3807 in
3025 3765 3233 3824 partem
3265 3758 3511 3826 corporis
3541 3775 3631 3815 sa-

2059 3860 2209 3910 nam,
2241 3843 2335 3898 sed
2369 3843 2424 3897 in
2458 3844 2784 3898 morbidum.
2820 3843 3272 3916 Quandoquidem
3308 3848 3475 3920 igitur
3507 3867 3659 3920 vos;

2058 3935 2286 3990 ridendo
2298 3931 2637 4005 Egyptiaca,
2655 3934 2973 3990 deelarastis
2988 3951 3082 3991 vos
3101 3936 3241 3991 idem
3262 3939 3406 4008 quod
3426 3940 3502 3994 illi
3521 3925 3628 3997 non

2058 4032 2193 4101 pati,
2213 4030 2361 4084 circa
2386 4029 2441 4084 id
2467 4029 2521 4084 in
2539 4044 2648 4100 quo
2665 4044 2761 4084 vos
2781 4031 3078 4101 :egrotatis,
3098 4047 3314 4101 aequum
3339 4046 3424 4089 est
3448 4045 3507 4091 ut
3528 4029 3630 4108 ego

2059 4137 2244 4178 coram
2278 4121 2433 4175 vobis
2467 4121 2766 4175 remedium
2803 4123 2971 4176 vestri
3007 4123 3181 4176 morbi
3227 4127 3517 4193 praebeam.

2127 4213 2272 4268 XIX.
2315 4212 2418 4279 Qui
2477 4211 2643 4267 Deum
2687 4213 2863 4267 colere
2913 4213 3049 4278 vult,
3087 4224 3212 4271 ante
3259 4220 3445 4274 on'tnia
3488 4223 3632 4276 scire

2059 4305 2220 4360 debet
2276 4304 2407 4374 quid
2454 4304 2631 4358 solum
2678 4303 2877 4358 divinae
2927 4315 3136 4358 naturae
3185 4310 3467 4376 proprium
3524 4311 3628 4373 sit,

2059 4398 2206 4470 quod
2237 4397 2393 4452 alteri
2431 4411 2538 4450 non
2578 4395 2748 4466 possit
2796 4396 3011 4462 inesse;
3046 4405 3105 4450 ut
3152 4398 3206 4451 in
3243 4401 3631 4470 prepiietatem

391 4493 715 4548 ἀποϐλέπων
749 4494 842 4546 καὶ
867 4493 992 4564 παρ’
1015 4493 1185 4564 ἑτέρῳ
1214 4491 1345 4546 αὑτὺ
1368 4490 1443 4563 μὴ
1471 4491 1760 4562 εὑρίσκων,
1788 4493 1953 4565 ’ἑτέρῳ

2069 4489 2191 4560 ejus
2220 4484 2800 4559 respiciens,eamque
2827 4503 2935 4541 non
2972 4488 3244 4557 reperiens
3274 4492 3415 4559 apud
3439 4492 3630 4556 alium,

389 4586 454 4638 τὸ
471 4586 512 4616 ⁸³
536 4585 642 4658 θεῷ
656 4581 794 4638 εἶναι
818 4584 892 4656 μὴ
912 4583 1163 4655 ἀπατηθῇ
1190 4581 1370 4635 δοῦναί
1404 4598 1554 4635 ποτε.
1577 4583 1732 4635 Ἐστι
1752 4582 1808 4634 δὲ
1831 4582 1953 4637 ίδιον

2064 4600 2344 4655 nunquam
2393 4583 2585 4639 fraude
2644 4585 2936 4640 inducatur
2978 4585 3046 4639 ad
3086 4585 3429 4640 tribuendam
3478 4585 3633 4640 alteri

389 4675 548 4742 Θεοῦ,
570 4675 756 4731 τοῦτον
789 4673 949 4746 μόνον
977 4669 1137 4737 εἶναι,
1164 4673 1240 4737 ὡς
1268 4673 1485 4726 πάντων
1517 4673 1766 4743 ποιητὴν,
1791 4672 1953 4739 οὕτως

2065 4677 2426 4734 divinitatem.
2456 4675 2550 4732 Est
2578 4687 2758 4731 autem
2791 4677 3074 4748 proprium
3105 4675 3239 4733 Dei:
3272 4677 3424 4731 illum
3453 4676 3632 4732 solum

1657 4790 1892 4847 VARIIE
1927 4793 2328 4850 LECTIONES.

459 4904 742 4980 “ilics;qu
769 4905 1009 4980 'I‘qmjd.
1052 4907 1203 4977 ἰσχὺν
1228 4908 1323 4980 καὶ
1345 4903 1586 4980 κρύμυα.
1699 4904 1864 4980 Plura
1890 4910 2163 4980 congessit
2188 4909 2254 4963 de
2289 4909 2389 4980 hac
2406 4907 2786 4980 .‘Eggptiorum
2822 4909 3209 4980 superstitione
3232 4906 3629 4980 C,'adRecogn.

459 4922 502 4938 "
516 4922 654 4977 οφην
679 4922 742 4960 υ.
769 4922 906 4961 ‘t'um
932 4922 1009 4960 ιιι.
1052 4922 1203 4977 ισχυν
1228 4922 1323 4960 και
1345 4922 1586 5029 κὲυμυα.
1618 4922 1676 4958 δ.
1699 4922 1864 4961 .l’llll'a
1890 4922 2163 4980 congessrt
2188 4922 2254 4963 ue
2289 4922 2389 4963 uae
2406 4922 2786 4978 mgvptlorum
2822 4922 3209 4979 superstitione
3232 4922 3377 4970 (λίπα
3401 4922 3629 4979 Itecogn.

391 4991 446 5056 χ.
481 4974 572 5028 20.
633 4975 1083 5056 ξοθ-ὀρθῶςαῦντως
1105 4981 1171 5056 0._
1231 4976 1379 5056 ξηει-
1461 5017 1476 5039 ,
1523 4975 1869 5056 (Equiti-(1L0.
1923 4979 2076 5056 {ait}!
2102 4979 2287 5056 οὗνΔΟ.
2309 5048 2321 5056 _
2357 4979 2383 5010 “³
2405 4979 2478 5033 Ita
2506 4967 2589 5056 S_,
2617 4979 2991 5056 ἀποκρίνασθε
3027 4981 3086 5056 (ᾗ,
3120 4979 3196 5056 Ο..
3221 4979 3536 5056 --δ-κρόμυον
3568 4982 3631 5034 Ο.

393 5045 532 5121 Tum
565 5049 724 5100 καὶοὶ
750 5045 801 5116 p.
829 5047 926 5121 καί
953 5047 1055 5121 legi
1086 5048 1200 5102 vult
1229 5045 1286 5101 S.
1359 5045 1618 5121 Ιξποιούσι
1657 5050 1719 5121 O_.
1761 5045 1898 5121 Tum
1943 5051 2095 5121 ὑμῶν
2121 5068 2171 5121 p.
2197 5048 2400 5121 ὁμοίως
2435 5045 2582 5117 conj.
2615 5049 2672 5103 S.
2746 5045 2846 5121 9'16
2885 5045 3312 5121 textui'reddidi
3341 5045 3631 5120 postquam

392 5117 664 5190 omissum
690 5115 806 5170 erat
831 5133 861 5171 a
986 5116 1127 5190 Idem
1158 5117 1410 5190 proponit
1431 5115 1575 5190 τινές
1603 5115 1801 5190 p_._E'c_t._
1864 5119 1884 5149 ⁷
1908 5115 2049 5174 αύτά
2071 5115 2136 5174 0~
2160 5130 2215 5175 et
2233 5115 2295 5173 in
2324 5136 2494 5190 marg.
2522 5115 2564 5174 C
2595 5162 2609 5184 ,
2638 5120 2808 5184 αὑτάς
2835 5121 2907 5174 id.
2937 5121 2990 5174 in
3028 5130 3195 5175 textu.
3223 5115 3361 5175 Tun]
3390 5115 3635 5184 ἐπινοίας

433 5224 448 5240 .
477 5187 732 5260 ἀπονοίας
760 5193 820 5240 0.
886 5188 966 5260 ξύ
993 5187 1090 5258 μέν
1117 5186 1175 5260 ρξ
1197 5188 1346 5260 ὅμως
1370 5187 1462 5260 καί
1489 5191 1551 5239 0.
1625 5186 2015 5260 ξδιηλέγξαμεν
2036 5193 2096 5244 0.
2119 5190 2270 5260 Idem
2301 5205 2411 5243 orn.
2434 5186 2499 5260 τά
2518 5201 2644 5244 ante
2665 5191 2933 5244 τοσοῦτον.
2960 5191 3117 5257 Quod
3144 5192 3191 5246 si
3223 5191 3440 5260 retineri
3474 5193 3632 5254 velis,

386 5201 448 5308 Γ.
477 5201 732 5250 απονοιας
760 5201 820 5240 0.
896 5201 918 5218 °
937 5201 966 5238 ο
993 5201 1090 5258 μεν
1117 5203 1164 5256 p.
1197 5201 1346 5258 ομως
1370 5201 1462 5239 και
1489 5201 1551 5239 υ.
1627 5201 2015 5260 ὀιηλεγξαμεν
2036 5201 2096 5244 0.
2127 5201 2270 5245 Idem
2301 5205 2411 5243 0m.
2434 5201 2497 5243 το
2518 5201 2644 5244 ante
2665 5207 2933 5244 τοσουτον.
2960 5201 3117 5257 Quod
3144 5201 3191 5246 st
3223 5201 3440 5245 retineri
3474 5201 3628 5254 velis,

397 5273 510 5334 ﬁge
533 5256 1006 5334 salt_enr_ro§o§cov
1033 5258 1212 5334 μωρν
1239 5256 1584 5334 ἐπεκράτησε
1603 5257 1666 5311 τὸ
1689 5257 1880 5334 πάθος.
1919 5260 2080 5334 μίοὼς
2096 5259 2190 5334 _S.M
2204 5261 2356 5334 deest
2386 5258 2533 5334 in__0,
2567 5260 2649 5334 C,_
2678 5260 2834 5334 ⁸ὥστε
2866 5261 3114 5334 Galland.
3200 5262 3240 5294 “
3262 5259 3539 5334 πείθοντες
3565 5262 3628 5314 C.

397 5324 593 5402 {{1qu
619 5328 776 5398 ὑμεῖς
812 5329 876 5386 Ο,
904 5339 958 5402 et
980 5324 1046 5380 ex'
1066 5324 1292 5402 conject.
1317 5326 1358 5382 (Ζ
1379 5324 1536 5402 ',_.qui
1572 5326 1625 5380 in
1660 5337 1805 5402 textu
1831 5330 1994 5402 ὑμᾶς.
2069 5329 2265 5402 υτ·ῷο
2295 5371 2312 5396 ,
2343 5347 2425 5402 τῳ
2443 5329 2482 5384 S
2509 5324 2530 5396 ξ
2549 5331 2652 5402 qui
2678 5331 2802 5386 lect.
2844 5333 3024 5386 Ottob.
3051 5331 3162 5401 jam
3190 5332 3506 5401 suspicatus
3526 5341 3632 5388 est.

395 5393 540 5451 Idem
562 5393 1052 5468 intérpungendum
1084 5393 1296 5454 censuit
1322 5407 1380 5452 ut
1407 5393 1847 5468 interpunvimus
1869 5393 1928 5454 ὀ.
1955 5401 2020 5455 Ο.
2051 5401 2153 5471 Ap.
2172 5393 2228 5456 Ὀ
2291 5393 2842 5471 ρυιῑοῑοᾱῖειὶηοιυιη
2880 5410 2963 5457 est
2993 5393 3116 5472 post
3137 5393 3312 5486 ὲστίνξ

1694 5511 2063 5573 VARIORUM
2099 5515 2329 5571 NOTIE.

463 5601 583 5684 (Ξῖ)
620 5602 855 5660 Ruﬁnus
891 5623 914 5684 ε¹
946 5603 1176 5658 cloacas.
1202 5602 1350 5658 Verti
1392 5605 1764 5684 etiam_potest
1798 5621 1965 5684 cana-
2073 5607 2272 5684 κρῆναι
2305 5610 2398 5684 καὶ
2419 5610 2701 5684 ,κρόμμυα
2743 5613 2837 5684 δριὶ
2873 5612 3108 5684 γαστρὸς
3141 5611 3422 5684 πνεύματα,
3454 5630 3635 5684 μεμη-

463 5631 583 5674 \za;
623 5631 855 5660 nuuuus
891 5631 904 5660 ;
946 5631 1176 5658 uuucua.
1215 5631 1350 5658 vcru
1392 5631 1554 5660 cuum
1586 5631 1764 5674 puteal.
1798 5631 1965 5659 cuuu‘
2074 5631 2272 5678 κοηναι
2305 5631 2398 5662 και
2443 5631 2701 5681 κρομμυα
2743 5631 2837 5665 και
2873 5631 3108 5684 γαστρος
3141 5631 3422 5684 πνεύματα
3454 5631 3566 5684 μεμ
3604 5644 3632 5657 -

395 5674 671 5757 45545103,
695 5692 864 5757 aqua:
881 5677 1211 5757 decurrentes
1237 5690 1298 5727 ac
1323 5691 1522 5757 semper
1545 5675 1960 5757 [Igenfehjuxta
2070 5659 2220 5757 νότες
2250 5677 2620 5746 ὲκθειάζονται
2652 5681 2711 5736 C.
2759 5681 2896 5738 Tum
2956 5682 3170 5756 ἐχθροῖς
3201 5700 3254 5754 p.
3294 5683 3538 5755 αἰσχροῖς
3565 5631 3632 5741 ὃ.

397 5745 535 5804 Illud
563 5744 783 5802 Caesarii
826 5745 991 5816 Resp.
1027 5747 1094 5801 ad
1127 5745 1388 5816 lntcrrog.
1423 5745 1527 5800 l9;
1562 5745 1702 5820 Hap‘
1734 5745 1963 5822 Ἕλλησι
2069 5745 2332 5804 υιιεεεω..
