4082 6160
477 328 576 383 271

1343 322 1403 383 S.
1437 327 1827 386 CLEMENTIS
1863 329 1882 382 ι
1924 329 2089 385 ROM.
2133 329 2333 386 ΡΟΝΤ.
2375 332 2605 389 OPERA
2633 333 2862 392 DUBIA.

3615 345 3724 400 ετε

477 459 621 506 esse,
662 451 720 497 ut
747 441 994 498 omnium
1031 453 1358 510 creatorem,
1398 445 1469 499 ita
1506 455 1560 500 et
1599 446 1890 515 Optimum.
1943 445 2020 500 Po

2124 503 2126 508 _
2152 447 2247 500 καὶ
2280 449 2582 518 κρείττονα.
2617 451 2877 523 Κρεῖττόν
2909 451 3028 506 ἐστι
3057 451 3284 524 δυνάμει
3315 455 3417 525 μὲν
3444 455 3506 509 τὸ
3541 457 3728 514 ποιοῦν

479 536 683 591 tentius
708 535 913 605 quippe
943 543 1029 590 est
1058 538 1204 606 quod
1237 535 1368 591 facit
1403 552 1492 603 eo,
1523 538 1668 608 quod
1708 538 1802 604 ﬁt;
1837 538 2049 607 magni-

469 629 681 694 tudine,
713 627 861 697 quod
909 627 1183 683 iniiuilum
1214 637 1318 695 est,
1358 629 1558 695 finitis;
1590 629 1770 698 specie
1797 630 2048 699 pulcher-

475 721 674 773 rimum
705 735 720 784 ;
755 717 1014 773 felicitate
1050 719 1465 787 beatissimum;
1513 730 1692 776 mente
1713 720 2048 790 perfectissi-

473 826 647 867 mum.
681 808 943 868 Similiter
979 820 1160 867 autem
1192 821 1246 866 et
1278 813 1331 867 in
1377 812 1500 867 aliis
1538 812 1654 882 ipse
1697 813 2044 881 incompara-

470 903 652 958 biliter
681 904 905 960 eminet.
943 902 1081 960 Cum
1110 919 1239 974 ergo
1259 943 1274 970 ,
1324 905 1469 959 sicut
1507 903 1656 971 dixi,
1683 903 1777 959 Dei
1813 905 1883 958 sit
1911 919 2042 974 pro-

469 997 674 1066 prium,
696 997 911 1053 cunctis
932 1013 1054 1054 esse
1084 998 1389 1065 meliorem,
1423 999 1491 1052 ab
1516 997 1634 1068 ipso
1659 1009 1839 1053 autem
1867 995 2043 1053 factus

471 1087 578 1152 sit,
610 1087 703 1157 qui
741 1087 927 1144 omnia
959 1087 1341 1157 complectitur
1381 1087 1644 1154 mundus,
1677 1089 1893 1155 penitus
1941 1101 2039 1146 ne.-

469 1178 714 1234 cessario
744 1177 851 1238 dici
889 1177 1070 1242 debet,
1097 1177 1304 1232 nullam
1333 1192 1517 1232 rerum
1548 1176 1616 1230 ab
1642 1191 1709 1231 eo
1732 1187 2038 1231 crcatarum

469 1284 633 1339 posse
659 1283 784 1323 cum
821 1269 939 1340 ipso
971 1267 1208 1324 conferri
1237 1276 1290 1324 et
1318 1268 1613 1338 exaequari.

538 1358 656 1414 XX.
697 1359 870 1414 Porro
901 1361 1160 1427 mundus,
1199 1360 1292 1431 qui
1328 1374 1436 1414 non
1471 1369 1555 1431 est
1594 1360 2038 1430 incomparabilis

467 1465 521 1508 et
570 1453 807 1510 eximius
856 1463 1020 1524 atque
1070 1454 1218 1514 omni
1269 1469 1335 1509 cx
1373 1463 1527 1524 parte
1568 1455 1716 1510 nullo
1765 1455 2033 1524 indigens,

468 1547 610 1603 Deus
644 1561 765 1602 esse
793 1548 1002 1618 nequit.
1038 1545 1133 1602 Sin
1158 1561 1287 1602 vero
1323 1556 1470 1603 totus
1494 1547 1755 1614 mundus,
1779 1547 1834 1601 in
1861 1563 2037 1617 quan-

465 1649 580 1694 tum
613 1638 866 1698 conditus
891 1636 1015 1705 fuit,
1048 1637 1192 1708 Deus
1235 1654 1357 1694 esse
1390 1638 1598 1710 nequit,
1621 1647 1827 1708 quanto
1861 1641 2034 1710 magis

464 1731 610 1803 illius
639 1739 821 1802 partes
847 1746 956 1785 non
988 1740 1131 1786 recte
1163 1731 1258 1786 Dei
1295 1745 1492 1787 nomen
1515 1730 1815 1799 accipient?
1843 1730 2032 1787 Partes

2148 539 2242 592 τοῦ
2276 541 2597 612 ποιουμένου
2619 542 2682 607 ¹⁵,
2716 543 2854 614 πρὸς
2888 541 3119 613 μέγεθος
3150 543 3212 597 τὸ
3237 545 3466 618 ἄπειρον
3495 547 3588 601 τοῦ
3625 567 3709 602 πε·

2149 631 2515 702 περασμένουδ
2554 632 2689 705 πρὸς
2721 629 2857 698 εἶδος
2890 635 2952 686 τὸ
2985 635 3409 707 εὐμορφότατον,
3458 637 3594 709 πρὰς
3634 639 3714 693 εῦο

2145 720 2426 792 δαιμονίαν
2453 723 2515 775 τὸ
2550 724 2984 796 μακαριώτατον,
3013 725 3175 794 225
3209 725 3346 797 πρὸς
3391 726 3513 780 νοῦν
3543 727 3604 780 τὸ
3640 745 3710 782 τε·

2146 807 2416 862 λειότατον
2440 811 2503 863 ”.
2554 811 2784 883 Ὁμοίως
2815 812 2872 865 δὲ
2915 813 3010 866 καὶ
3043 815 3100 866 ἐν
3136 817 3250 878 τοῖς
3289 815 3467 880 ἄλλοις
3497 818 3657 882 αὐτὸς
3680 817 3722 850 ¹⁶

2143 898 2545 972 ἀπαραϐλήτως
2563 902 2661 972 τὴν
2683 903 2956 975 ὑπεροχὴν
2978 904 3112 974 ἔχει.
3150 905 3300 960 Ἐπεὶ
3327 901 3442 972 οὖν,
3473 909 3549 973 ὡς
3562 910 3721 982 ἔφην,

2147 990 2276 1043 ῑδιον
2311 991 2445 1046 Θεοῦ
2487 992 2550 1046 τὸ
2592 993 2756 1048 αὐτὸν
2796 991 3076 1050 εἶναιτῶν
3116 996 3254 1051 ὅλων
3288 1000 3588 1070 κρείττονα,
3629 1001 3720 1055 ὑπ’

2141 1083 2304 1137 αὑτοῦ
2335 1084 2391 1136 δὲ
2424 1087 2452 1137 ὁ
2493 1085 2670 1138 πάντα
2706 1088 2976 1159 περιέχων
3006 1089 3195 1157 γέγονε
3237 1091 3458 1162 κόσμος,
3505 1092 3719 1163 ἀνάγκη

2143 1176 2291 1228 πᾶσα
2327 1175 2540 1244 λέγειν,
2593 1175 2758 1246 μηδὲν
2777 1177 2817 1208 ’⁷
2869 1175 2959 1230 ὑπ’
3019 1179 3181 1233 αὐτοῦ
3229 1182 3528 1250 γεγονότων
3569 1182 3718 1253 αὺτῷ

2139 1263 2397 1319 δύνασθαι
2424 1265 2521 1336 τὴν
2557 1263 2678 1335 ἴσην
2711 1266 2854 1320 ἔχειν
2883 1267 3186 1339 σύγκρισιν.

2209 1357 2326 1412 XX.
2381 1358 2438 1410 '0
2470 1359 2527 1411 δὲ
2562 1358 2635 1429 μὴ
2664 1359 2801 1429 ἔχων
2838 1359 2899 1412 τὸ
2930 1361 3310 1432 ἁπαράϐλητον
3343 1364 3436 1417 καὶ
3472 1364 3714 1439 ἀνυπέρ-

2133 1448 2330 1520 ϐλητον
2365 1449 2458 1503 καὶ
2502 1451 2675 1521 πάντη
2707 1450 2967 1504 πάντοθεν
3008 1453 3250 1518 ἀνενδεὲς
3288 1455 3451 1519 αὐτὸς
3477 1453 3614 1510 εἷναι
3649 1460 3712 1513 οὐ

2135 1541 2372 1595 δύναται.
2410 1543 2473 1594 Ei
2501 1542 2555 1594 δὲ
2588 1544 2616 1595 δ
2643 1543 2751 1606 πᾶς
2772 1542 2974 1613 κόσμος
3000 1543 3154 1596 τοῦτο
3181 1540 3319 1597 εἶναι
3358 1547 3419 1598 οὐ
3470 1547 3710 1614 δύναται,

2135 1633 2269 1687 καθὸ
2286 1634 2593 1703 γεγένηται,
2612 1634 2762 1704 πόσῳ
2785 1635 2828 1665 ³⁸
2843 1651 2906 1704 γε
2927 1635 3124 1704 μᾶλλον
3151 1635 3220 1688 τὰ
3245 1637 3408 1708 μόρια
3424 1638 3586 1691 αὐτοῦ
3611 1641 3712 1692 οὐκ

2135 1723 2200 1777 ἂν
2244 1725 2478 1793 εὐλόγως
2518 1724 2741 1796 κληθείη
2775 1726 2940 1792 Θεὸς;
2976 1727 3157 1799 Μόρια
3187 1727 3245 1781 δὲ
3284 1728 3426 1797 λέγω
3460 1733 3585 1793 τοὺς
3619 1732 3709 1801 ὑφ’

463 1831 643 1876 autem
677 1820 821 1885 dico,
860 1836 998 1890 quos
1030 1821 1239 1876 vocatis
1267 1821 1420 1888 deos,
1473 1819 1730 1874 nimirum
1767 1836 1833 1874 ex
1871 1835 2024 1888 auro,

2133 1815 2286 1884 ὑμῶν
2327 1815 2648 1886 λεγομένους
2682 1816 2856 1881 θεοὺς,
2904 1821 2970 1872 ὲκ
3014 1819 3055 1848 ¹⁹
3091 1819 3292 1891 χρυσοῦ
3327 1822 3421 1874 καὶ
3444 1799 3706 1894 ἀργύρου,

462 1922 708 1983 argento,
740 1929 869 1981 εει-θ,
917 1912 1120 1982 lapide,
1160 1912 1246 1967 vel
1289 1912 1396 1966 alia
1439 1925 1767 1981 quacunque
1801 1913 2030 1967 materia

461 2008 660 2074 factos,
714 2005 1045 2076 insuperque
1087 2004 1334 2066 mortalis
1373 2019 1566 2062 manus
1599 2003 1838 2081 opificia.
1874 2005 2028 2065 Arta-

461 2113 585 2152 men
630 2097 912 2156 videamus
941 2105 1223 2167 praeterea,
1276 2095 1512 2166 qualiter
1555 2111 1651 2165 per
1695 2110 1758 2153 os
1792 2095 2030 2154 hominis

459 2190 807 2259 importunus
836 2202 1061 2258 serpens
1086 2187 1341 2275 deceptos
1369 2184 1774 2242 inductionibus
1802 2185 2026 2240 inliciat.

528 2345 668 2402 XXI.
722 2345 1084 2402 Dicuntenim
1127 2345 1282 2401 multi
1317 2364 1330 2399 :
1374 2343 1432 2400 ln
1465 2345 1669 2400 nostris
1710 2344 2028 2402 numinibus

455 2457 565 2494 non
596 2453 791 2493 aurum
837 2453 1013 2508 neque
1047 2447 1333 2508 argentum
1373 2451 1472 2492 nec
1507 2438 1712 2510 lignum
1757 2447 1851 2494 aut
1890 2439 2028 2508 lapi-

452 2531 576 2584 dem
606 2530 942 2584 adoramus:
975 2529 1180 2584 scimus
1229 2543 1466 2600 namque
1522 2540 1576 2584 et
1614 2545 1714 2585 nos
1754 2531 1856 2585 ista
1889 2531 2023 2585 nihil

451 2637 597 2685 esse,
629 2629 822 2690 przcter
845 2619 1143 2674 inanimam
1172 2619 1451 2673 materiem
1482 2627 1535 2674 et
1564 2623 1812 2676 mortalis
1850 2623 2026 2676 homi-

455 2713 541 2768 nis
592 2711 925 2777 artificium,
981 2710 1076 2765 sed
1123 2711 1374 2780 spiritum
1419 2711 1512 2782 qui
1563 2711 1618 2766 in
1652 2711 1760 2767 illis
1803 2715 2021 2782 residet,

453 2806 613 2860 deum
648 2803 968 2866 asset-imus.
1013 2801 1148 2860 Vide
1187 2801 1293 2871 ista
1337 2801 1728 2872 proferentium
1773 2806 2024 2878 maligni-

452 2906 617 2951 tatem
649 2913 663 2950 :
692 2911 817 2950 nam
845 2895 996 2965 quia,
1021 2893 1166 2964 quod
1195 2904 1438 2966 apparet,
1469 2896 1717 2962 convinci
1744 2894 1898 2951 facile
1919 2913 2021 2968 po-

452 2997 576 3054 test,
622 2986 766 3058 quod
811 2985 947 3048 nihil
979 2986 1068 3052 sit,
1103 2985 1169 3040 ad
1205 2985 1257 3040 id
1282 2984 1424 3056 quod
1455 3000 1561 3040 non
1589 2986 1803 3041 videtur
1827 2991 2021 3043 conlu-

454 3081 628 3148 giunt,
657 3077 814 3149 quasi
853 3078 908 3131 in
942 3092 1000 3132 re
1036 3077 1239 3136 incerta
1278 3085 1549 3148 nequeant
1590 3078 1881 3135 confutari.
1910 3078 2018 3136 No-

451 3172 662 3227 biscum
681 3148 872 3225 tamen
902 3185 967 3224 ex
997 3180 1150 3239 parte
1175 3169 1264 3224 isti
1295 3172 1642 3238 confitentur,
1669 3171 1813 3242 quod
1853 3172 2003 3228 dimi-
2045 3148 2086 3215 β

452 3262 600 3319 dium
624 3262 1043 3319 simulacrorum
1063 3275 1286 3320 suorum
1319 3261 1455 3317 deus
1478 3277 1586 3317 non
1617 3263 1707 3329 sit,
1737 3264 1828 3319 sed
1853 3280 2016 3328 sensu

450 3371 644 3414 carens
673 3354 924 3429 materia.
979 3351 1241 3424 Superest
1293 3352 1478 3424 igitur,
1532 3361 1593 3409 ut
1636 3355 1884 3426 probent,
1909 3373 2017 3430 qua

451 3449 662 3504 ratione
688 3448 977 3502 credamus
1012 3446 1065 3500 in
1099 3446 1206 3501 illis
1229 3447 1436 3502 versari
1459 3446 1703 3502 divinum
1739 3449 2012 3519 spiritum.

449 3539 651 3596 Verum
679 3538 733 3593 id
759 3539 830 3592 ita
853 3553 973 3593 esse
993 3538 1148 3604 nobis
1174 3537 1860 3607 nequeuntdemonstrare,
1887 3539 2014 3610 quia

449 3647 557 3686 non
597 3641 698 3686 est.
756 3628 823 3684 Et
868 3629 1001 3700 ipsis
1041 3629 1356 3700 apparuisse
1403 3643 1514 3684 non
1563 3629 1858 3686 credimus.
1905 3629 2017 3706 Nos

449 3722 558 3776 illis
615 3736 678 3774 ca
725 3719 969 3773 divinum
1017 3718 1269 3788 spiritum
1322 3734 1425 3774 non
1467 3718 1668 3775 habere
1715 3737 1812 3791 per
1853 3737 2015 3792 argu-

449 3821 631 3866 menta
680 3810 1069 3880 probabimus,
1128 3817 1190 3864 ut
1229 3809 1476 3866 veritatis
1533 3811 1784 3875 studiosi,
1831 3812 2014 3867 audita

413 3887 1129 3969 'confutationeopinionis
1165 3913 1226 3953 ea
1264 3885 1458 3967 spiritu
1490 3899 1716 3970 praedita
1738 3897 2013 3954 allirman-

448 3999 536 4059 tis,
564 4007 593 4045 a
626 3991 845 4045 rabioso
867 4005 1052 4045 errore
1074 4003 1133 4045 se
1154 3998 1420 4066 avertant.

514 4109 680 4166 XXII.
721 4106 905 4162 Primo
933 4103 1154 4176 quidem
1190 4102 1236 4158 si
1265 4117 1329 4158 ea
1357 4102 1505 4158 velut
1527 4101 1778 4174 spiritum
1805 4101 2012 4158 haben-

444 4207 520 4262 tia
569 4202 777 4268 colitis,
830 4198 992 4254 etiam
1036 4196 1388 4266 antiquorum
1432 4195 1714 4252 hominum
1761 4194 2010 4266 sepulcra

443 4296 709 4361 adoratis,
730 4305 870 4363 quos
895 4291 949 4345 in
976 4287 1229 4345 confesso
1243 4297 1326 4343 est
1347 4286 1591 4342 divinum
1617 4300 1726 4341 non
1753 4287 2010 4344 habuisse

444 4391 718 4465 spiritum.
747 4386 826 4441 lta
857 4399 1032 4455 neque
1076 4383 1130 4437 in
1171 4382 1276 4438 hoc
1313 4397 1443 4440 vera
1482 4380 1790 4452 loquimini.
1838 4380 2008 4438 Porro

2130 1907 2331 1978 χαλκοῦ
2356 1925 2414 1960 τε
2443 1910 2536 1962 καὶ
2567 1907 2764 1980 λίθουῆ
2789 1911 2883 1963 καὶ
2902 1909 2959 1976 ἐξ
2986 1909 3148 1980 ἄλλης
3174 1911 3304 1982 ὕλης
3331 1913 3638 1983 ἡστινοσοῦν
3662 1916 3707 1947 ¹⁰

2131 2000 2408 2067 γεγονότα,
2437 1999 2531 2053 καὶ
2555 1999 2728 2054 ταῦτα
2761 2000 2865 2052 ὑπὸ
2888 2000 3088 2071 θνητῆς
3119 2003 3300 2073 χειρὸς
3322 2003 3708 2078 δεδημιουργη-

2131 2089 2288 2161 μένα.
2326 2091 2516 2161 Ὅμως
2558 2091 2615 2144 δὲ
2660 2091 2796 2162 πρὸς
2818 2091 2987 2144 ταῦτα
3034 2091 3230 2163 ἴδωμεν
3265 2095 3329 2159 ’³,
3362 2091 3449 2148 οἷα
3498 2097 3566 2150 δι’
3607 2099 3704 2150 άν-

2131 2181 2348 2253 θρώπου
2380 2183 2647 2254 στόματος
2669 2184 2698 2234 ὸ
2723 2183 2892 2246 δεινὸς
2919 2183 3041 2251 δφις
3066 2184 3373 2254 φαρμάσσει
3404 2189 3517 2251 τοῖς
3554 2189 3706 2242 ἐπει-

2129 2277 2290 2345 γμοῖς
2321 2275 2366 2305 ¹²
2400 2277 2522 2339 τοὺς
2553 2275 3029 2347 ἐξαπατωμένους.

2201 2365 2342 2420 XXI.
2384 2366 2614 2436 Λέγουσι
2670 2367 2777 2439 γὰρ
2819 2369 2870 2420 οἱ
2916 2367 3116 2421 πολλοί·
3172 2367 3290 2422 Τῶν
3347 2369 3705 2442 σεϐασμάτων

2128 2458 2284 2529 ἡμῶν
2327 2458 2555 2529 σέϐομεν
2599 2459 2660 2511 ού
2701 2459 2790 2513 τὸν
2825 2459 3023 2531 χρυσὸν
3051 2460 3172 2512 οὐδὲ
3202 2459 3292 2513 τὸν
3319 2461 3552 2533 ἄργυρον
3576 2464 3703 2518 οὐδὲ

2125 2547 2283 2614 ξύλον
2316 2544 2349 2616 ἢ
2378 2549 2544 2604 λίθονθ
2588 2551 2741 2622 ἴσμεν
2776 2553 2883 2623 γὰρ
2921 2553 3014 2605 καὶ
3047 2555 3206 2624 ἡμεῖς
3239 2553 3320 2606 ὅτι
3350 2552 3519 2606 ταῦτα
3548 2555 3703 2611 οὐδέν

2125 2641 2271 2696 ἐστιν
2323 2640 2355 2712 ἢ
2403 2641 2606 2712 ἄψυχος
2653 2640 2750 2714 ὕλη
2807 2643 2900 2696 καὶ
2955 2643 3242 2714 ἀνθρώπου
3290 2643 3481 2714 θνητοῦ
3512 2645 3700 2717 τέχνη⁶

2125 2730 2259 2784 ἀλλὰ
2298 2732 2358 2784 τὸ
2400 2733 2685 2786 κατοικοῦν
2717 2735 2774 2786 ὲν
2809 2734 2990 2795 αὐτοῖς
3017 2733 3251 2804 πνεῦμα,
3277 2734 3433 2786 τοῦτο
3461 2733 3580 2788 θεὸν
3611 2733 3702 2787 λέ·

2122 2837 2309 2892 γομεν.
2350 2823 2490 2894 Ὅρα
2535 2826 2642 2876 τῶν
2684 2823 2855 2878 ταῦτα
2909 2823 3173 2893 λεγόντων
3210 2823 3306 2895 τὴν
3347 2825 3695 2896 κακοήθειαν.

2135 2917 2287 2970 Ἐπεὶ
2321 2916 2427 2987 γὰρ
2451 2915 2510 2969 τὸ
2541 2915 2862 2986 φαινόμενον
2898 2913 3210 2984 εὑέλεγκτόν
3244 2917 3414 2980 ἐστιν,
3441 2917 3522 2970 ὅτι
3547 2917 3699 2972 οὐδέν

2122 3009 2289 3081 226
2309 3011 2477 3072 ὲστιν,
2507 3008 2810 3077 κατέφυγον
2835 3009 2926 3061 ἐπὶ
2951 3007 3010 3060 τὸ
3036 3003 3286 3078 ἀόρατον,
3314 3006 3390 3072 ὡς
3411 3007 3498 3062 ἐπ’
3520 3008 3700 3081 ἀδήλῳ

2118 3099 2224 3152 τινὶ
2245 3097 2574 3168 ’ἐλεγχθῆναι
2619 3097 2692 3168 μὴ
2728 3097 3028 3167 δυνάμενοι.
3069 3097 3214 3168 Πλὴν
3252 3098 3698 3168 συνομολογοῦσιν

2120 3189 2249 3260 ἡμῖν
2293 3188 2340 3240 οἱ
2373 3173 2601 3240 τοιοῦτοι
2639 3187 2731 3240 ἐπὶ
2759 3188 2974 3257 μέρους,
2999 3187 3080 3240 δτι
3112 3185 3173 3239 τὸ
3199 3186 3369 3258 ἥμισυ
3410 3186 3514 3240 τῶν
3561 3189 3695 3258 παρ’

2117 3283 2300 3345 αὐτοῖς
2348 3281 2653 3354 ἱδρυμάτων
2689 3280 2808 3345 Θεὸς
2851 3281 2951 3333 οὐκ
2995 3279 3170 3346 ἔστιν,
3219 3277 3332 3332 ἀλλ’
3373 3278 3697 3352 ἀναίσθητος

2120 3377 2237 3449 ὕλη.
2287 3375 2486 3429 Λοιπὸν
2533 3376 2589 3428 δὲ
2623 3375 2992 3446 περιλείπεται
3041 3374 3208 3440 δεῖξαι
3251 3373 3443 3438 αὐτοὺς
3477 3375 3541 3440 ’³,
3575 3374 3695 3438 πῶς

2118 3465 2442 3538 πιστεύομεν
2469 3466 2552 3518 ὅτι
2590 3465 2730 3518 θεῖον
2767 3464 2878 3534 ἔχει
2920 3463 3153 3534 πνεῦμα.
3195 3463 3329 3516 Ἀλλ’
3362 3463 3618 3530 ἐπιδεῖξαι
3645 3464 3693 3495 ⁸⁸

2115 3562 2247 3632 ἡμῖν
2280 3559 2340 3611 οὕ
2379 3558 2629 3612 δύνανται
2667 3557 2749 3610 ὅτι
2783 3558 2948 3620 ἐστὶν,
2986 3556 3108 3610 ἐπεὶ
3137 3557 3208 3627 μή
3251 3557 3412 3610 ἐστιν.
3458 3556 3567 3610 Καὶ
3590 3555 3690 3609 αὑ-

2115 3653 2226 3714 τοῖς
2283 3647 2582 3720 ἑωρακέναι
2633 3648 2693 3700 οὐ
2742 3646 3085 3716 πιστεύομεν.
3146 3647 3335 3717 Ἡμεῖς
3383 3646 3564 3708 αὐτοῖς
3605 3642 3690 3699 ὄτι

2116 3741 2256 3796 θεῖον
2287 3740 2387 3795 οὐκ
2435 3740 2545 3811 ἔχει
2574 3737 2790 3810 πνεῦμα
2811 3740 2878 3805 ’⁵,
2916 3739 3013 3801 τὰς
3039 3737 3335 3802 ἀποδείξεις
3359 3736 3687 3808 παρέξομεν,

2113 3834 2262 3898 ὅπως
2297 3833 2392 3886 τοῦ
2425 3831 2599 3886 δοκεῖν
2635 3830 2773 3886 αὺτά
2806 3830 3015 3901 ἔμπνοα
3039 3825 3176 3884 εἶναι
3215 3829 3264 3881 oi
3308 3827 3620 3898 φιλαλήθεις
3640 3830 3688 3861 ³⁸

2112 3925 2202 3978 τὸν
2239 3923 2455 3995 ἔλεγχον
2488 3923 2818 3986 ἀκούσαντες
2858 3921 2957 3992 τῆς
2998 3919 3299 3983 λυσσώδους
3351 3918 3602 3984 ὑπονοίας
3639 3919 3686 3952 ’⁷

2111 4013 2552 4086 ἀποτραπῶνται.

2181 4105 2344 4161 XXII.
2381 4105 2455 4158 Τὸ
2491 4105 2589 4177 μὲν
2621 4105 2686 4176 δὴ
2719 4105 2950 4178 πρῶτον,
2984 4105 3032 4158 εί
3076 4105 3151 4168 ὡς
3187 4103 3398 4175 ἔμπνοα
3428 4102 3555 4158 ὄντα
3596 4104 3685 4159 σέ·-

2111 4195 2270 4249 ϐεσθε
2303 4193 2462 4260 αὐτὰ,
2505 4195 2599 4248 καὶ
2626 4195 2671 4226 ³⁸
2711 4194 2941 4250 αἰωνίων
2987 4193 3226 4266 ἀρχαίων
3272 4193 3475 4264 τάφους
3517 4210 3686 4266 προσ-

2110 4288 2350 4350 κυνεῖτε,
2383 4286 2490 4339 τῶν
2545 4283 2991 4357 ὁμολογουμένως
3037 4285 3187 4339 οὐδὲν
3220 4287 3264 4317 ²⁹
3299 4283 3515 4356 πνεῦμα
3541 4284 3683 4340 θεῖον

2110 4379 2436 4450 ἐσχηκότων.
2465 4377 2648 4441 Οὕτως
2679 4377 2798 4430 οὐδὲ
2831 4377 2970 4430 κατά
3004 4377 3159 4430 τοῦτο
3200 4376 3511 4447 ἀληθεύετε.
3535 4377 3682 4449 Πλὴν

442 4463 491 4542 si
524 4497 650 4539 vere
689 4481 960 4550 spirarent
1005 4483 1187 4531 vestra
1223 4474 1470 4539 numina,
1499 4488 1596 4543 per
1633 4488 1692 4528 se
1721 4488 2003 4530 moverem

2124 4470 2157 4522 ai
2183 4470 2347 4533 ὅντως
2373 4469 2582 4540 ἔμπνοα
2612 4463 2680 4539 ἦν
2711 4467 2781 4521 τὰ
2833 4468 3146 4540 σεϐάσματα
3192 4467 3366 4539 ὑμῶν,
3419 4468 3510 4536 ἀφ’
3551 4467 3681 4521 ἐαυ-

439 4589 550 4642 tur,
597 4587 784 4630 vocem
815 4569 1141 4632 emitterent,
1173 4580 1402 4622 araneas
1441 4565 1740 4622 insidentes
1783 4566 2000 4636 ablega-

439 4678 582 4734 rent,
621 4664 966 4721 insidiatores
993 4675 1123 4722 suos
1155 4668 1209 4715 et
1242 4658 1389 4718 fures
1419 4659 1719 4732 abigerent,
1747 4659 2004 4714 denario-

439 4774 560 4815 rum
591 4756 874 4826 praadoues
917 4751 1075 4806 facile
1122 4751 1664 4820 comprehenderent.
1713 4748 1834 4804 Jam
1874 4763 2003 4820 vero

438 4849 577 4905 nihil
619 4847 813 4902 horum
844 4842 1054 4898 faciunt
1094 4840 1190 4907 dii,
1230 4840 1321 4895 sed
1353 4839 1527 4895 instar
1562 4854 1780 4895 reorum
1811 4847 2000 4894 custo-

433 4941 684 5006 diuntur,
713 4935 1012 5008 praesertim
1050 4932 1146 5005 qui
1175 4939 1304 4988 sunt
1334 4931 1492 5001 pretii
1538 4932 1785 5001 majoris,
1809 4945 2000 5001 quem-

437 5033 733 5092 admodum
782 5026 1049 5104 principio
1103 5025 1362 5082 diximus.
1419 5022 1561 5091 Quid
1597 5024 1765 5091 enim,
1814 5037 1997 5076 nonne

2105 4563 2212 4616 τῶν
2265 4561 2330 4616 ἂν
2368 4563 2615 4625 ἐκινεῖτο,
2668 4561 2848 4633 φωνὴν
2901 4562 2967 4616 ἂν
3023 4557 3186 4632 εἶχεν,
3236 4563 3333 4633 τὴν
3369 4561 3452 4613 ἐπ’
3498 4562 3681 4632 αὐτοῖς

2108 4652 2348 4724 ἀράχνην
2379 4651 2677 4715 άπεσείετο,
2716 4651 2841 4714 τοὺς
2879 4651 3058 4714 αὐτοῖς
3089 4650 3465 4704 ἐπιϐουλεῦσαι
3499 4650 3680 4705 θέλον-

2107 4758 2206 4804 τας
2251 4742 2344 4794 καὶ
2376 4740 2704 4803 κλέπτοντας
2735 4742 3031 4794 ἀπεωθεῖτο
3078 4743 3165 4806 ἂν,
3212 4744 3336 4806 τοὺς
3375 4742 3445 4794 τὰ
3490 4743 3680 4814 ἀναθή-

2108 4823 2253 4903 ματα
2285 4832 2666 4896 άποσυλῶντας
2709 4833 3105 4904 συνελάμϐανεν
3131 4835 3196 4887 ἂν
3236 4834 3446 4906 ῥᾳδίως.
3477 4835 3588 4888 Νῦν
3619 4836 3678 4888 δὲ

2101 4923 2305 4977 τούτων
2347 4923 2498 4977 οὐδὲν
2543 4921 2804 4987 ποιοῦσιν,
2858 4922 2971 4975 ἀλλ’
3027 4922 3071 4955 ³⁸
3126 4924 3203 4986 ὠς
3235 4923 3536 4989 κατάδικοι,
3583 4925 3674 4977 καὶ

2104 5015 2334 5086 μάλιστα
2375 5014 2747 5087 οἰτιμιώτεροι
2787 5015 2986 5082 αὐτῶν,
3040 5015 3418 5088 φρουροῦνται,
3471 5018 3547 5082 ὡς
3581 5020 3676 5074 καὶ

1695 5153 1930 5212 VARIIE
1969 5153 2370 5212 LECTIONES.

516 5299 828 5371 “κρείττων
848 5297 998 5371 ἐστὶν
1021 5297 1086 5368 μὲ

1090 5316 1117 5352 ν
1138 5296 1362 5369 δυνάμει
1393 5294 1487 5369 τοῦ
1513 5297 1684 5369 ποιεῖν
1708 5293 1802 5369 τοῦ
1826 5295 2010 5350 λοιποῦ
2035 5297 2075 5351 C
2106 5336 2120 5361 ,
2139 5297 2385 5369 κρεῖττόν
2410 5296 2522 5350 ἐστι
2554 5295 2652 5368 μὲν
2675 5297 2900 5368 δυνάμει
2926 5296 2987 5350 τὸ
3012 5293 3199 5352 ποιοῦν
3224 5293 3317 5350 τοῦ
3342 5293 3572 5369 ποιητοῦ
3583 5291 3625 5348 D
3655 5333 3670 5358 ,

437 5360 681 5443 κρεῖττόν
705 5371 820 5443 ἐστι
843 5360 1067 5438 δυνάμει
1095 5367 1194 5437 μὲν
1226 5360 1500 5443 τδποιοῦν
1515 5365 1610 5419 τοῦ
1639 5366 1918 5443 ποιοῦντος
1933 5369 1987 5443 _0
2018 5407 2032 5431 ,
2053 5360 2216 5443 quam
2241 5365 2504 5443 ultimam
2547 5360 2734 5443 vocem
2780 5360 3113 5443 convertijn
3158 5360 3498 5443 ποιουμένου.
3529 5363 3671 5443 Tum

436 5434 872 5511 περαινασμένου
896 5434 1389 5511 ιμ’πεπελρασμένου
1413 5437 1454 5491 C
1484 5475 1498 5502 ,
1522 5435 1915 5511 περαινομένου
2007 5434 2159 5492 c.Cl.
2239 5437 2648 5511 ξδλτελειὼτατον
2672 5439 2734 5511 C.
2813 5439 2856 5470 ²⁶
2873 5438 3004 5511 αὐτό
3153 5434 3489 5511 ξ’λνιῲηὺπξ
3505 5434 3670 5511 αὐτου

431 5511 491 5563 δὲ
509 5506 538 5563 ὸ
563 5506 738 5563 πάντα
770 5508 1035 5630 περιέχων
1063 5506 1250 5576 γέγονε
1279 5506 1498 5577 κόσμος,
1535 5507 1744 5576 ἀνάγκη
1771 5508 1917 5559 πᾶσα
1936 5507 2132 5576 λέγειν,
2163 5507 2327 5579 μηδέν
2352 5523 2458 5562 non
2471 5517 2687 5562 exstant
2722 5509 2776 5562 in
2803 5511 2863 5561 0.
2961 5510 3000 5540 ¹⁸
3022 5507 3220 5563 ἀνενδεέ

431 5579 676 5630 δύναται.
694 5579 812 5630 καθ’
886 5577 1173 5630 γεγένηται
1202 5577 1423 5630 πόσωϋ.
1489 5576 1532 5608 ¹⁹
1547 5577 1613 5628 ὲκ
1643 5591 1752 5630 om.
1772 5578 1833 5630 Ο.
1909 5577 1953 5608 ²⁰
1983 5577 2057 5630 ita
2095 5579 2290 5630 scrinsi
2325 5579 2463 5630 duce
2477 5579 2681 5630 0ttob..
2706 5580 2798 5630 uui
2832 5578 3220 5630 hahctvtvosoi

1489 5576 1532 5608 ”
1547 5577 1613 5628 ὲκ
1643 5575 1752 5640 om.
1909 5577 1953 5608 ²⁰
1983 5575 2057 5632 ita
2095 5575 2290 5648 scripsi
2325 5579 2463 5632 duce
2477 5579 2681 5644 Ottob.,
2706 5580 2798 5648 qui
2831 5579 2996 5634 habet
3014 5578 3276 5631 τινοσοῦν.
3307 5577 3408 5646 Ap.
3434 5578 3475 5632 G
3506 5575 3669 5648 τινὸς

430 5579 676 5641 δύναται,
694 5579 812 5631 καθ’
835 5577 863 5630 ὃ
886 5577 1173 5649 γεγένηται
1202 5577 1423 5678 πόσῇοϋ.

434 5644 528 5678 ΑΞ..
589 5647 846 5678 κριοί-...ω
875 5647 980 5678 {om
1017 5647 1144 5678 “illi.
1177 5645 1214 5678 Ε
1341 5647 1356 5678 ι
1386 5646 1423 5678 τε

434 5644 546 5702 οὖν.
589 5647 847 5716 Nostrum
869 5644 981 5716 jam
1017 5644 1149 5701 vidit
1177 5645 1236 5700 S.

1341 5647 1356 5678 ⁸
1386 5646 1581 5718 ίξδωμεν
1605 5648 1654 5718 ΟΔ
1699 5665 1748 5700 c.
1851 5687 1866 5713 ,
1905 5648 2100 5718 εί’δωμε

2961 5510 3000 5540 ¹⁸
3022 5507 3265 5571 ἀνενδεὲς
3288 5506 3420 5570 Θεὸς
3445 5500 3581 5559 εἶναι
3607 5505 3670 5559 οὐ

2106 5646 2234 5732 ν’(ἷ.
2317 5648 2685 5732 ’ίῡὺπκειγμοῖς
2828 5721 2841 5732 '
2868 5650 2914 5680 ³³
2944 5651 3129 5732 αὐτοῖς
3166 5651 3228 5701 Ο.
3268 5648 3347 5732 ﬁ"
3375 5646 3670 5732 ἔπειδεῖξαε

435 5721 498 5771 0.
517 5788 529 5802 '
557 5718 611 5802 1"
623 5715 854 5802 πνεῦμα.Δ
872 5715 1200 5802 ascripsi};
1359 5717 1410 5802 :‘
1435 5715 1750 5802 φιλαληθεῖς
1771 5717 1851 5802 (1.,
1902 5719 1945 5749 ’⁷
1967 5715 2227 5802 ἀπονοίας
2260 5717 2511 5802 ‘conj.‘D.
2540 5715 2794 5802 Subinde
2816 5721 3248 5802 ᾀττοτράπίονταιΔ
3384 5715 3584 5802 ξομε.
3615 5715 3670 5770 τί

431 5788 529 5842 καί
551 5787 672 5861 (cur
699 5783 908 5858 etiam}.
936 5783 993 5840 S.
1023 5783 1265 5844 Subinde
1290 5783 1590 5857 ἀνθρώπων
1615 5783 1668 5858 p.
1698 5787 1929 5844 αἰωνίων
1956 5787 2078 5858 conj
2109 5789 2194 5862 .G.
2239 5783 2766 5875 fbﬁokoyoupévw;
2805 5790 2882 5854 ὡς
2917 5783 3037 5842 οὖδέ
3060 5787 3122 5844 C.
3150 5788 3248 5875 W_'.°
3270 5786 3405 5844 ἀλλά
3433 5790 3494 5844 0.
