4082 6160
365 256 478 313 ἴδ

1484 258 1943 315 CLEMENTINA.
1982 289 2049 298 —
2079 250 2358 316 IIOMILIA
2398 263 2464 317 Χ.

3521 270 3628 323 27d-

361 375 464 444 τὴν
486 373 662 445 ἀρχὴν
694 377 1014 450 είρήκαμεν.
1045 376 1110 430 Τί
1136 375 1192 430 δὲ
1219 376 1280 432 οὑ
1311 377 1508 449 φόρους
1539 381 1634 432 καὶ
1663 379 1791 450 τέλη
1818 380 1937 451 ὑπέι

2063 380 2337 451 principes
2368 399 2397 436 a
2442 382 2600 437 vobis
2647 383 2848 442 tributa
2887 394 2944 441 et.
2969 385 3249 456 vectigalia
3290 400 3386 456 pro
3414 386 3478 441 iis
3510 390 3624 442 exi-
3675 383 3678 386 ’

361 462 544 517 αὑτῶν
569 465 893 520 ἀπαιτοῦσιν
919 469 1062 538 ὑμᾶς
1091 467 1140 520 οἱ
1159 466 1435 532 δυνάσται,
1463 468 1538 532 ὡς
1571 467 1739 522 πολλὰ
1763 487 1954 540 καρπι-

361 553 622 624 ζομένους
645 556 753 609 τῶν
776 559 920 623 ἐκεῖ;
947 558 999 611 τί
1023 559 1078 612 δὲ
1101 559 1162 613 οὑ
1195 560 1455 622 πολλάκις
1479 558 1586 613 ὑπὸ
1616 560 1886 630 πολεμίων
1908 560 1950 592 ³⁸

357 644 744 718 διηρπάγησαν
773 649 934 720 227
967 651 1062 704 καὶ
1106 650 1484 724 συντριϐέντες
1514 650 1948 722 διενεμήθησαν;

357 740 492 810 υὺχὶ
521 741 614 792 καὶ
663 739 771 793 τῶν
796 741 902 806 ἐξω
941 741 1354 814 θρησκευόντων
1393 744 1551 799 αὐτοὶ
1585 741 1744 796 πλέον
1783 744 1833 795 οἱ
1875 743 1950 796 ίε-

2055 485 2224 544 gunt,
2278 479 2427 541 quod
2496 479 2728 533 multum
2789 477 2914 535 inde
2979 480 3330 535 emolumenti
3399 481 3630 550 capitis?

2055 562 2248 620 Nonne
2277 582 2419 635 saepe
2460 569 2529 622 ab
2571 568 2821 622 hostibus
2850 568 2988 638 rapti
3016 581 3164 633 sunt,
3187 581 3241 627 et
3271 582 3395 642 post
3427 573 3637 630 fractu-

2054 669 2170 709 ram
2200 657 2521 712 distributi?
2556 655 2748 713 Nonne
2777 661 2897 728 plus
2926 675 3088 729 quam
3119 663 3376 730 cultores,
3407 665 3510 735 qui
3537 683 3637 721 εις-

2053 755 2136 800 tra
2166 757 2315 814 sunt,
2369 749 2470 818 ipsi
2502 750 2826 820 plerumque
2853 751 3184 817 sacerdotes,
3228 770 3288 809 se
3333 756 3400 810 de
3449 755 3636 813 inutili

359 834 496 902 ρεῖς,
537 833 630 886 ἐπὶ
677 836 745 904 τῇ
797 834 1060 906 ἀχρήστῳ
1108 835 1376 908 θρησκείᾳ
1411 835 1620 890 ἑαυτῶν
1673 852 1937 905 κατεγνω-

2052 838 2204 894 cultu
2237 842 2586 906 damnantcs,
2618 841 2935 912 subripiunt
2956 844 3126 898 multa
3150 845 3413 901 donaria?

354 923 535 988 κότες,
569 924 683 978 τῶν
715 925 1079 997 ἀναθημάτων
1113 927 1283 981 πολλὰ
1313 927 1700 1000 ὑφαιροῦνταις

428 1013 616 1070 XXIII.
655 1016 784 1081 Ναὶ,
837 1017 1020 1086 φησὶν,
1071 1017 1205 1073 ἀλλὰ
1251 1019 1474 1090 προνοίᾳ
1509 1018 1690 1075 αὐτῶν
1729 1018 1946 1089 ἐφωρά-

355 1101 546 1173 θησαν.
596 1105 805 1169 Ψεῦδός
850 1109 1018 1162 ἐστιν.
1069 1109 1232 1162 Πόσοι
1285 1109 1394 1181 γὰρ
1433 1110 1534 1163 οὑκ
1585 1111 1945 1182 ἐφωράθησαν

354 1194 570 1259 αὐτῶν;
609 1197 671 1248 Εἰ
697 1195 752 1248 δὲ
777 1197 866 1250 διὰ
896 1199 958 1251 τὸ
990 1200 1166 1263 ἐνίους
1201 1201 1552 1272 συνειλῆφθαι
1585 1202 1812 1273 δύναμιν
1849 1203 1946 1256 αὑ-

351 1285 481 1348 τοὺς
507 1285 550 1316 ³¹
575 1285 721 1356 ἔχειν
758 1287 1028 1355 λέγουσιν,
1083 1290 1472 1360 πεπλάνηνται.
1520 1291 1630 1344 Καὶ
1683 1291 1792 1363 γὰρ
1835 1291 1944 1344 τῶν

351 1375 731 1448 τυμϐωρύχων
754 1377 900 1441 τινὲς
939 1378 1038 1451 μὲν
1076 1379 1441 1450 εὑρίσκονται,
1482 1383 1624 1445 τινὲς
1656 1381 1713 1434 δὲ
1757 1381 1948 1436 λανθά-

353 1485 556 1525 νουσιν.
584 1471 678 1522 καὶ
698 1470 761 1522 οὑ
786 1471 958 1542 δήπου
991 1488 1055 1540 γε
1088 1475 1153 1544 τῇ
1189 1473 1296 1528 τῶν
1321 1473 1530 1546 νεκρῶν
1555 1475 1782 1546 δυνάμει
1808 1476 1853 1507 ³³
1891 1477 1943 1529 οί

354 1558 748 1628 συλληφθέντες
796 1562 1176 1634 ἐφωράθησαν.
1242 1563 1495 1620 Τοιοῦτόν
1538 1583 1590 1618 τι
1667 1567 1761 1619 καὶ
1812 1567 1943 1638 περὶ

349 1651 480 1714 τοὺς
535 1650 935 1722 κλεπτομένους
1003 1655 1098 1708 καὶ
1164 1655 1506 1726 συλωμένους
1566 1652 1724 1721 θεοὺς
1793 1657 1939 1711 ἔστιν

350 1741 485 1810 ἡμῖν
538 1743 698 1796 νοεῖν.
766 1741 944 1807 Ἀλλά,
1000 1744 1198 1814 φησὶν,
1245 1746 1307 1798 οὑ
1357 1747 1776 1818 πεφροντίκασιν
1831 1748 1940 1801 τῶν

349 1829 556 1896 ξοάνων
609 1832 789 1886 αὑτῶν
828 1835 877 1887 οί
914 1837 972 1889 ἐν
1004 1836 1188 1899 αὐτοῖς
1222 1835 1373 1900 ὀντες
1414 1837 1544 1892 θεοί.
1580 1838 1644 1891 Τί
1676 1834 1768 1892 οῦν
1801 1839 1940 1894 αὐτὰ

349 1923 510 1994 ὑμεῖς
542 1925 830 1996 τημελεῖτε
858 1929 1158 1999 σμήχοντες
1190 1929 1284 1982 καὶ
1315 1929 1608 1992 πλύνοντες
1635 1932 1729 1984 καὶ
1752 1931 1942 1986 καθαί-

352 2030 552 2084 ροντες,
580 2017 987 2084 στεφανοῦντες,
1041 2017 1392 2084 ἐπιθύοντες;
1447 2019 1647 2090 Διόπερ
1692 2019 1940 2076 ἐντεῦθεν

350 2105 677 2175 συννοήσατε
729 2106 895 2177 μηδὲν
930 2107 974 2138 ³⁸
1013 2106 1159 2180 ὀρθῷ
1200 2108 1445 2180 λογισμῷ
1492 2110 1790 2173 ποιοῦντες.
1852 2111 1940 2175 Ὠς

348 2193 457 2266 γὰρ
473 2197 584 2258 τοῖς
606 2199 819 2266 νεκροῖς
843 2196 1172 2262 ἐπικλαίετε,
1197 2197 1338 2252 οὑτω
1357 2199 1577 2264 καὶτοῖς
1609 2199 1754 2264 θεοῖς
1783 2199 1937 2271 ὑμῶν

349 2285 600 2340 ἑπιθύετε
635 2287 736 2362 καὶ
749 2288 1038 2366 ἐσπένδετε.

419 2403 984 2501 ΧΧΝ..μέν
1025 2441 1107 2478 τοι
1137 2424 1298 2479 τοῦτο
1339 2427 1459 2480 οὑδέ
1499 2429 1578 2500 τῷ
1603 2429 1700 2482 τοῦ
1730 2430 1940 2483 Καίσα-

348 2527 443 2582 ρος
474 2512 571 2565 καὶ
889 2516 1050 2568 αὑτὸν
1077 2517 1334 2584 ἐξουσιῶν
1371 2496 1652 2591 συμφωνεῖ
1682 2522 1938 2594 παραδεί-

343 2619 540 2672 γματι,
574 2603 848 2676 διοικητὰς
881 2607 1083 2671 αὐτοὺς
1115 2607 1312 2678 λέγειν,
1359 2611 1520 2664 ὁπότε
1563 2613 1722 2682 ὑμεῖς
1760 2613 1940 2667 αὑτῶν

343 2694 448 2763 τὴν
496 2697 674 2750 πᾶσαν
728 2697 971 2751 ποιεῖσθε
1012 2699 1287 2770 πρόνοιαν,
1340 2701 1416 2766 ὼς
1456 2705 1737 2775 προεῖπον,
1796 2705 1940 2761 κατὰ

345 2786 526 2840 πάντα
562 2788 924 2858 τημελοῦντες
956 2791 1083 2861 ὑμῖν
1130 2790 1175 2822 ³³
1219 2792 1289 2845 τά
1335 2793 1618 2866 ἱδρύματα.
1650 2796 1798 2850 Αὑτὰ
1827 2798 1937 2870 γὰρ

343 2877 499 2930 οὐδὲν
532 2878 808 2950 δυνάμενα
849 2881 1000 2933 οὐδὲν
1036 2886 1199 2937 ποιεῖ.
1259 2885 1410 2941 Ἐπεὶ
1456 2887 1646 2940 εἴπατε
1683 2890 1837 2960 ἡμῖν,
1884 2891 1935 2944 τί

343 2969 658 3034 διοικοῦσιν,
684 2970 738 3024 τί
771 2972 984 3026 ποιοῦσι
1007 2975 1267 3040 τοιοῦτον,
1297 2978 1480 3033 ὁποῖόν
1512 2997 1564 3033 τι
1593 2981 1642 3033 οἱ
1679 2981 1818 3034 κατὰ
1848 2983 1936 3035 τό-

642 2436 852 2513 M9

743 2511 748 2513 .
807 2497 852 2513 τυ

2119 1029 2310 1088 XXI".
2349 1032 2427 1090 Ita
2464 1042 2569 1103 est,
2616 1036 2762 1092 dicet
2796 1038 3017 1110 aliquis,
3057 1039 3151 1096 sed
3187 1039 3413 1095 deorum
3446 1041 3612 1113 provi

2048 1122 2232 1178 dentia
2278 1123 2368 1178 isti
2420 1124 2673 1182 homines
2716 1128 3039 1199 deprehensi
3083 1140 3231 1185 sunt.
3259 1129 3480 1186 Falsum
3520 1143 3625 1190 est.

2048 1213 2190 1280 Quot
2229 1214 2375 1270 enim
2427 1229 2618 1270 eorum
2665 1232 2777 1272 non
2822 1227 2951 1274 sunt
2983 1220 3342 1290 deprehensi?
3375 1221 3533 1287 Quod
3577 1225 3628 1279 si

2045 1321 2112 1361 ex
2155 1305 2521 1376 quorumdam
2571 1307 3060 1376 comprehensione
3107 1309 3240 1365 deos
3304 1310 3628 1379 potestatem

2047 1396 2247 1451 habere
2269 1397 2626 1464 concludunt,
2662 1407 2868 1454 errant.
2903 1397 3115 1454 Etenim
3148 1416 3213 1455 ex
3249 1401 3626 1470 sepulcrorum

2044 1487 2407 1543 eﬂ‘dssoribus
2453 1489 2705 1545 nonnulli
2760 1490 3116 1544 inveniuntur
3159 1499 3215 1546 et
3260 1493 3509 1546 nonnulli
3554 1492 3629 1546 Ia-

2045 1587 2180 1647 tcnt,
2214 1581 2535 1652 neutiquam
2590 1591 2772 1636 tamen
2811 1590 3159 1636 mortuorum
3200 1583 3490 1652 potestatis
3517 1591 3623 1651 est,

1970 1724 2012 1778 Β
2042 1673 2190 1743 quod
2215 1672 2292 1726 illi
2320 1673 2627 1744 capiantur.
2660 1673 2786 1727 Pari
2835 1674 2998 1728 modo
3040 1675 3107 1730 dc
3143 1674 3357 1732 furibus
3395 1676 3627 1730 deorum

2043 1767 2304 1822 debemus
2340 1781 2582 1825 censere.
2629 1766 2758 1832 Sed,
2793 1768 3025 1834 dicetur,
3051 1783 3239 1824 curam
3286 1785 3396 1824 non
3429 1777 3628 1840 gerunt

2043 1859 2467 1915 simulacrorum
2502 1875 2752 1926 suorum,
2782 1859 2876 1930 qui
2921 1860 2974 1914 in
3015 1860 3095 1917 eis
3126 1861 3367 1916 resident
3393 1861 3488 1916 dii.
3514 1862 3627 1916 Cur

2040 1965 2172 2020 ergo
2203 1966 2301 2006 vos
2349 1967 2414 2005 ea
2463 1953 2689 2016 curatis,
2738 1952 3132 2022 abstergentes,
3185 1951 3452 2019 lavantes,
3494 1969 3626 2024 pur-

2041 2051 2252 2111 gantes,
2280 2053 2611 2098 coronantes
2638 2048 2692 2098 et
2714 2043 3002 2099 sacriﬁciis
3029 2045 3271 2101 colentes
3295 2047 3318 2098 ?
3352 2043 3623 2112 Quocirca

2040 2131 2167 2185 inde
2197 2140 2466 2201 reputate,
2517 2149 2616 2188 vos
2653 2137 2801 2188 recta
2832 2135 3042 2189 ratione
3080 2151 3188 2190 non
3217 2151 3396 2206 agere.
3421 2135 3624 2202 Quem-

2041 2223 2338 2279 admodum
2375 2225 2522 2281 enim
2563 2235 2814 2281 mortuos
2873 2226 3116 2295 delictis,
3170 2228 3245 2283 ita
3291 2239 3346 2284 et
3400 2227 3506 2285 diis
3527 2244 3620 2284 ve-

2041 2315 2171 2370 stris
2199 2315 2522 2372 sacritieatis
2549 2325 2604 2371 et
2625 2317 2832 2372 libatis.

2109 2421 2302 2477 XXIV.
2343 2422 2608 2494 Equidem
2649 2441 2756 2479 non
2795 2427 3032 2497 amplius
3054 2427 3186 2483 illud
3215 2429 3469 2486 convenit
3493 2444 3618 2485 cum

2039 2515 2289 2585 exemplo
2327 2515 2563 2573 Caesaris
2593 2525 2647 2572 et
2669 2525 2997 2588 potestatum
3029 2521 3132 2575 sub
3163 2519 3256 2574 illo
3294 2521 3620 2590 positarum,

2039 2609 2172 2664 deos
2224 2607 2406 2663 dicere
2457 2607 2973 2678 administratores,
3041 2612 3484 2682 quandoquidem
3554 2615 3618 2668 iis

2040 2715 2259 2755 omnem
2307 2708 2496 2754 curam
2543 2702 2876 2771 impenditis,
2926 2704 3068 2759 sicut
3106 2705 3221 2774 jam
3267 2703 3402 2771 dixi,
3427 2705 3480 2759 in
3499 2720 3614 2760 om-

2039 2793 2204 2848 nibus
2234 2793 2390 2847 vobis
2421 2792 2668 2848 foventes
2706 2795 3020 2849 simulacra.
3051 2794 3170 2864 Ipsa
3193 2795 3340 2851 enim
3371 2811 3495 2856 eum
3536 2794 3594 2849 ni

2038 2882 2118 2936 hil
2163 2881 2394 2952 possint,
2447 2881 2584 2935 nihil
2633 2879 2862 2937 faciunt.
2909 2881 3168 2952 Alioquin
3215 2882 3380 2937 dicite
3433 2880 3615 2944 nobis,

2038 2974 2298 3044 quidnam
2322 2973 2728 3039 administrent,
2751 2975 2880 3044 quid
2910 2974 3223 3045 huiusmodi
3244 2983 3430 3045 agant,
3459 2974 3620 3043 quale

345 3077 448 3114 πον
479 3061 810 3134 ἡγούμενοι;
858 3064 911 3118 τί
956 3065 1012 3120 δὲ
1069 3068 1351 3139 ἐνεργοῦσι
1381 3070 1640 3137 τοιοῦτον,
1684 3075 1865 3128 ὁποῖον
1889 3077 1936 3127 οἱ

2042 3074 2211 3136 agunt
2251 3067 2498 3120 locorum
2547 3066 2825 3135 praefecti?
2849 3065 2990 3132 Quid
3021 3081 3150 3121 vero
3173 3067 3278 3120 tale
3301 3073 3617 3136 operentur,

343 3153 439 3207 τοῦ
472 3153 607 3208 Θεοῦ
649 3157 910 3227 ἁστέρες;
949 3159 998 3211 εί
1045 3161 1118 3230 μή
1165 3163 1332 3234 228
1369 3182 1420 3217 τι
1465 3165 1764 3234 φαίνουσιν,
1800 3167 1876 3230 ὼς
1910 3170 1939 3221 ὀ

343 3245 520 3314 ἥλιος,
563 3240 648 3309 οἷς
688 3245 919 3317 λύχνους
966 3249 1123 3318 ὑμεῖς
1157 3250 1352 3305 άπτετε
1377 3269 1390 3317 ;
1419 3254 1510 3325 Μὴ
1546 3255 1610 3318 ³⁸,
1649 3255 1838 3328 ὥσπερ
1868 3255 1940 3309 τὰ

344 3333 479 3404 νέφη
493 3335 684 3399 ὑετοὺς
705 3337 882 3406 φέρει,
911 3339 1006 3392 καὶ
1025 3340 1177 3392 αὐτοὶ
1199 3342 1385 3414 φέρειν
1403 3343 1642 3415 ὄμϐρους
1663 3346 1937 3416 δύνανται,

343 3427 394 3479 οἱ
429 3426 562 3497 μηδὲ
595 3429 821 3491 ἑαυτοὺς
855 3433 1021 3482 κινεῖν
1059 3431 1370 3505 δυνάμενοι,
1406 3434 1499 3488 ἐὰν
1547 3438 1620 3508 μὴ
1661 3437 1936 3508 ἄνθρωποι

344 3519 740 3586 ἐπιλάόωνταις
795 3522 866 3575 Ἦ
907 3524 1156 3594 καρποὺς
1205 3526 1537 3596 παρέχονται
1575 3531 1701 3593 τοὺς
1741 3532 1938 3595 αὑτοὺς

341 3613 410 3680 τῇ
436 3613 505 3683 γῇ
521 3616 633 3675 τοῖς
648 3612 830 3676 πόνοις
857 3613 1030 3683 ὑμῶν,
1055 3608 1137 3678 οἷς
1160 3614 1352 3680 θυσίας
1372 3618 1413 3648 ³⁷
1437 3622 1738 3690 χορηγεῖτε;
1755 3620 1938 3686 Οὕτως

343 3699 496 3754 οὐδὲν
515 3702 788 3757 δύνανται.

413 3814 584 3871 XXV.
624 3819 688 3870 Εἰ
727 3818 785 3870 δὲ
821 3820 914 3872 καὶ
954 3822 1130 3872 ποιεῖν
1175 3839 1226 3874 τι
1273 3821 1543 3886 ἐδύναντο,
1598 3824 1698 3879 οὑκ
1733 3825 1799 3879 ἂν
1825 3828 1936 3880 ἀὑ-

340 3911 470 3974 τοὺς
494 3909 670 3982 ὀρθῶς
721 3910 875 3974 θεοὺς
925 3910 1160 3980 ἐλέγετε,
1208 3913 1369 3966 ὁπότε
1412 3915 1532 3967 οὑδὲ
1573 3915 1640 3969 τὰ
1697 3921 1934 3986 στοιχεῖα

342 4001 628 4070 ὀνομάζειν
655 4002 830 4069 ἔξεστι
858 4002 1032 4069 θεοὺς,
1065 4003 1130 4056 δι’
1165 3998 1240 4057 ὧν
1281 4004 1350 4058 τά
1386 4006 1566 4074 ἀγαθά
1599 4012 1930 4080 χορηγείται.

357 4093 518 4146 Ἀλλὰ
553 4093 646 4146 τὸν
681 4093 841 4165 μόνον
885 4091 1121 4161 τάξαντα
1157 4095 1315 4161 αὑτά,
1358 4097 1494 4168 πρὸς
1529 4099 1627 4170 τὴν
1661 4094 1935 4172 ἡμετέραν

343 4186 539 4258 χρῆσιν
577 4187 814 4239 ἐκτελεῖν
854 4187 922 4241 τὰ
960 4189 1158 4251 πάντα,
1179 4189 1272 4242 καὶ
1303 4189 1631 4244 κελεύσαντα
1663 4192 1932 4268 ἀνθρώπῳ

345 4279 664 4348 ὑπηρετεῖν,
703 4279 862 4348 μόνον
896 4278 1042 4350 ὀρθῷ
1067 4280 1210 4352 λόγῳ
1234 4279 1366 4335 Θεὸν
1389 4281 1740 4354 ὀνομάζομεν.
1781 4279 1854 4340 Οὑ
1883 4285 1929 4316 ³⁸

342 4369 444 4437 τῆς
469 4370 788 4439 εὐεργεσίας
822 4372 980 4442 ὑμεῖς
1008 4371 1081 4444 μὴ
1108 4371 1484 4442 αἰσθανόμενοι
1515 4374 1582 4427 τὰ
1615 4376 1741 4446 ὑμῖν
1767 4375 1927 4431 δοῦλα

2039 3157 2202 3226 quale
2229 3154 2322 3209 Dei
2354 3155 2535 3210 astra?
2571 3155 2652 3208 An
2685 3155 2868 3209 lucent
2894 3155 3036 3210 sicut
3067 3156 3168 3220 sol,
3197 3155 3398 3224 quibus
3439 3155 3611 3208 lucer-

2041 3262 2139 3300 nas
2163 3244 2492 3299 aceenditis?
2527 3243 2836 3299 Possuutne
2873 3253 2932 3298 ut
2970 3244 3143 3298 nubes
3181 3243 3408 3298 imbrem
3436 3242 3614 3298 ferunt

2040 3337 2113 3390 ita
2143 3344 2196 3390 et
2231 3335 2336 3404 ipsi
2389 3333 2627 3404 pluviam
2668 3334 2821 3400 dare,
2866 3334 2958 3402 qui
3007 3349 3075 3388 ne
3126 3334 3272 3402 ipsos
3301 3333 3520 3404 quidem
3551 3349 3612 3388 se

2039 3443 2260 3481 movere
2300 3427 2503 3490 valent,
2547 3424 2650 3478 nisi
2688 3424 2756 3478 ab
2811 3425 3127 3478 hominibus
3171 3423 3612 3493 prehendantur‘i

2037 3522 2177 3576 Num
2220 3530 2378 3576 terra:
2407 3534 2502 3588 pro
2525 3516 2806 3571 laboribus
2843 3515 3039 3571 vestris
3061 3531 3156 3571 eos
3187 3516 3336 3584 ipsOs
3370 3515 3608 3584 prmbent

2039 3617 2270 3680 fructus,
2316 3612 2517 3682 quibus
2565 3608 2617 3664 ei
2674 3607 2944 3664 sacriﬁcia
2986 3607 3288 3663 exhibetis?
3338 3605 3429 3661 Sic
3477 3605 3614 3660 nihil

2036 3715 2284 3780 possunt.

2105 3816 2272 3872 XXV.
2317 3816 2422 3873 Sed
2451 3815 2553 3872 etsi
2583 3814 2826 3870 valerent
2854 3811 3060 3882 aliquid
3092 3809 3294 3876 facere,
3323 3823 3434 3864 non
3465 3815 3608 3868 recte

2033 3929 2131 3970 eos
2174 3914 2428 3969 diceretis
2472 3913 2643 3978 deos,
2697 3911 2957 3982 quoniam
3016 3925 3116 3965 nec
3168 3909 3293 3963 licet
3340 3910 3607 3963 elementa

2033 4004 2167 4059 deos
2191 4003 2482 4072 appellare,
2523 4018 2617 4072 per
2669 4017 2791 4070 quae
2834 4000 3256 4070 suppeditantur
3290 3999 3454 4054 bona.
3501 3997 3608 4054 Sed

2032 4111 2158 4152 eum
2191 4096 2370 4151 solum
2431 4103 2578 4150 recta
2625 4093 2835 4148 ratione
2877 4091 3048 4146 Deum
3089 4091 3468 4155 nominamus,
3514 4091 3607 4161 qui

2033 4205 2174 4244 unus
2200 4189 2466 4242 elementa
2506 4184 2798 4248 ordinavit,
2830 4192 2888 4237 ut
2910 4183 2977 4238 ad
2999 4191 3246 4238 nostrum
3286 4197 3447 4237 usum
3474 4197 3598 4237 cun-

2030 4291 2116 4338 cta
2156 4280 2498 4352 perﬁcerent,
2536 4277 2742 4347 quique
2772 4275 3028 4346 praecepit
3067 4274 3331 4334 inservire
3376 4273 3604 4330 homini.

2030 4374 2204 4444 Cujus
2240 4387 2339 4428 vos
2395 4369 2719 4425 beneﬁcium
2775 4381 2884 4422 non
2933 4367 3252 4432 sentientes,
3299 4381 3420 4436 qua:
3450 4364 3605 4419 vobis

344 4461 764 4531 ἀπονεμηθέντα
793 4441 1030 4534 στοιχεῖα
1065 4441 1185 4517 καθ’
1214 4441 1392 4519 αὑτῶν
1416 4441 1696 4532 δεσπόζειν
1728 4469 1926 4539 ἀνηγο-

2038 4441 2186 4521 serva
2229 4462 2428 4515 tributa
2480 4466 2610 4514 sunt
2642 4459 2931 4521 elementa,
2977 4455 3232 4510 dominos
3259 4465 3470 4510 vestros
3515 4468 3604 4507 re-

349 4553 597 4624 ρεύσατε.
633 4553 743 4608 Καὶ
778 4556 830 4607 τί
869 4557 999 4627 περὶ
1035 4556 1310 4626 στοιχείων
1347 4558 1428 4610 δεῖ
1465 4558 1679 4627 λέγειν;
1739 4561 1927 4617 Ὁπότε

345 4647 436 4698 καὶ
467 4646 650 4716 ἄψυχα
684 4647 972 4719 ἀγάλματα
1005 4649 1363 4719 πεποιηκότες
1397 4651 1460 4703 οὑ
1500 4651 1657 4723 μόνον
1691 4671 1929 4726 προσκυ-

345 4740 504 4801 νεῖτε,
533 4737 651 4792 ἀλλ’
677 4739 752 4803 ὡς
771 4740 948 4794 δοῦλοι
973 4743 1118 4796 κατὰ
1143 4743 1322 4797 πάντα
1348 4744 1530 4808 αὐτοῖς
1563 4747 1928 4817 ὑποτετάχθαι

342 4827 575 4894 ἀξιοῦτε.
607 4829 707 4882 Διὰ
738 4830 913 4895 τοῦτο,
955 4832 1036 4885 δι”
1053 4827 1128 4888 ὧν
1163 4836 1608 4906 παρεφρονήσατε
1637 4835 1702 4900 ³³,
1736 4838 1925 4908 δαίμο-

345 4936 427 4973 σιν
463 4922 762 4991 ὑποχείριοι
788 4923 1067 4991 γεγόνατε.
1111 4924 1255 4996 Πλὴν
1292 4925 1378 4978 διά
1414 4927 1514 4996 τῆς
1542 4929 1622 4990 εἰς
1644 4928 1805 4982 αὑτὸν
1835 4929 1926 4983 τὸν

342 5009 474 5062 Θεὸν
505 5011 856 5080 ἐπιγνώσεως
899 5016 964 5067 ἐκ
1007 5013 1115 5070 τῶν
1172 5014 1352 5069 καλῶν
1396 5015 1645 5088 πράξεων
1695 5017 1922 5074 δύνασθε

2031 4556 2347 4614 nuntiastis.
2381 4551 2449 4605 Et
2481 4549 2612 4621 quid
2647 4549 2713 4604 de
2749 4549 3038 4606 elementis
3064 4550 3300 4619 loquor?
3327 4549 3463 4604 Cum
3495 4548 3605 4602 ina-

2033 4647 2180 4700 nima
2231 4659 2449 4714 quoque
2493 4643 2672 4711 signa,
2719 4657 2842 4712 qua:
2898 4640 3231 4705 fabricastis,
3279 4655 3386 4694 non
3439 4641 3602 4694 modo

2031 4736 2287 4802 adoretis,
2329 4736 2426 4790 sed
2463 4743 2520 4789 et
2546 4733 2690 4786 velut
2718 4732 2861 4787 servi
2885 4734 3110 4787 omnino
3147 4732 3254 4786 illis
3285 4731 3481 4800 subjici
3507 4747 3604 4786 cu-

2034 4832 2216 4901 piatis.
2249 4829 2371 4884 ldeo
2401 4844 2496 4899 per
2517 4828 2849 4884 dementiam
2879 4837 3114 4882 vestram
3144 4825 3344 4880 redacti
3375 4823 3509 4880 estis
3548 4825 3602 4878 in

2034 4928 2340 4982 dmmonum
2369 4932 2709 4995 potestatem.
2743 4921 2942 4976 Verum
2993 4937 3088 4991 per
3129 4920 3461 4990 agnitionem
3505 4919 3600 4976 Dei

2032 5028 2086 5076 et
2118 5021 2260 5074 bona
2287 5031 2454 5087 opera
2492 5011 2718 5086 potestis
2753 5012 2952 5068 iterum
2997 5010 3114 5068 heri
3143 5010 3304 5080 eilici,
3324 5020 3379 5067 et
3400 5011 3596 5067 daemo-

1623 5174 1855 5229 νΑῐιιΑς
1895 5171 2293 5228 LECTIONES.

400 5327 441 5407 '_'
462 5326 538 5407 It_a
553 5327 1254 5407 Cninnrargairolépwvjn
1288 5338 1458 5407 testu,
1491 5341 1550 5387 ut
1571 5338 1644 5407 O._
1698 5334 1743 5364 ³²
1758 5334 1958 5407 αὑτούς
1987 5334 2025 5390 S
2069 5338 2111 5390 0
2140 5379 2155 5401 ,
2191 5337 2489 5402 ἐαυτούςϐ.
2559 5336 2604 5407 ’ξ
2624 5333 2943 5407 δύναμιν,ολ
2964 5334 3255 5407 ιιιειιιίοειξ.Δ
3297 5333 3345 5407 ’ξ
3369 5331 3505 5406 μηδέ
3535 5331 3598 5386 C.

345 5395 392 5428 ⁸⁸
409 5398 563 5469 ὑμῶν
593 5399 655 5454 C.
727 5399 771 5430 ³⁸
797 5395 921 5470 [Δις.
959 5401 993 5471 ἧ
1020 5395 1077 5455 δ’.
1151 5402 1193 5433 ³⁷
1219 5395 1572 5473 παρέχονταις
1599 5403 1690 5456 τὸν
1709 5404 1872 5457 αὑτὸν
1901 5395 2112 5478 πρόπον
2139 5395 2238 5478 τῆς
2264 5409 2366 5475 γ”ς
2389 5395 2500 5472 τρῖς
2529 5405 2710 5469 πόνοις
2733 5395 2889 5475 ὑμεῖς
2923 5403 3113 5470 θυσίας
3135 5395 3382 5471 οοηὶεςίί
3400 5395 3453 5458 et
3477 5418 3600 5456 ver-

345 5468 498 5522 sione
528 5471 798 5529 expressit
828 5466 868 5523 (1
900 5512 914 5529 .
943 5471 1293 5529 παρέγονται.
1334 5471 1393 5527 ὃν
1428 5474 1628 5529 τρόπον
1663 5473 1694 5529 ἡ
1731 5474 1801 5529 γῆ
1821 5491 1835 5529 :
1859 5478 1972 5529 τοῖς
1994 5426 2378 5529 πόνοις.κ.τῖλ.
2411 5477 2454 5529 ι)
2535 5477 2886 5529 παοένονται.
2912 5470 2993 5529 οἷς
3018 5475 3200 5529 αὐτοῖς
3222 5475 3323 5529 τῆς
3346 5473 3447 5529 γῆς
3474 5472 3600 5529 τοὺς

345 5466 498 5545 sione
520 5471 798 5545 expressit
828 5466 914 5545 (ζ,
943 5466 1395 5545 παρέχονται,’ῥν
1428 5466 1636 5545 τρόπον
1663 5473 1696 5545 ἡ
1731 5474 1835 5543 γῆς
1859 5466 1972 5538 τοῖς
1994 5466 2300 5540 πόνοιςξὲικὲ

2411 5477 2455 5563 [ξ
2483 5470 2492 5472 ⁷
2535 5470 2886 5564 παρέχοντα-ιι,
2905 5470 3200 5564 (οξςιαὺτοῖς
3222 5470 3600 5564 τῆςτγῇςετοὺς

344 5538 448 5658 ρει
467 5537 708 5611 πόρους),
738 5537 900 5592 κ.τ.λ.
939 5537 1286 5609 proposuerit
1317 5542 1376 5595 S.
1433 5537 1548 5598 ³σοὺ
1576 5537 1698 5598 ίιιΜζ
1735 5537 1870 5598 (:50.
1919 5537 1962 5576 "
1980 5546 2069 5599 διὰ
2090 5537 2249 5600 τοῦτο
2275 5547 2504 5612 ἑαυτοὺς
2530 5546 2597 5600 δι’
2617 5537 2773 5599 ὤν’π.
2811 5537 2880 5598 C.
2905 5537 3223 5608 εἰέαυτούς
3247 5537 3470 5600 retineri
3507 5557 3597 5597 ve-

367 5607 432 5658 ἧς-
461 5608 747 5658 Ιςιιιρηίιιιιιι
773 5625 896 5658 esse
922 5610 1136 5658 YItIt‘llll‘
1166 5621 1387 5658 auctore
1417 5612 1475 5658 S-
1515 5630 1527 5658 ς
1555 5613 1898 5658 ὑπονςιηίουε
1925 5625 2275 5658 metor-inme:
2312 5627 2368 5658 nt
2399 5617 2744 5658 nox-nemini:
2767 5613 2996 5658 ἑαυτούς
3029 5615 3245 5658 Imhpnt-
3287 5614 3434 5658 unde
3460 5629 3595 5658 uana

367 5607 432 5693 is,
461 5607 747 5693 lugendum
773 5607 1527 5693 essenvidetur'auctore_S._:
1555 5613 1898 5686 ὑποχειρίους
1925 5625 2284 5688 πεποιήκατε,
2312 5627 2372 5674 ut
2398 5607 2996 5690 accusativusﬁaurod;
3021 5607 3248 5693 habeat,
3287 5614 3434 5671 unde
3457 5629 3595 5684 pem

329 5676 489 5749 (deat,
518 5676 795 5736 autetiam
825 5679 946 5758 atan
967 5679 1189 5745 ἑαυτούς
1214 5679 1628 5754 corrigendum.-
