4082 6160
386 226 494 311 9.75

1244 232 1303 288 S.
1352 231 1747 288 CLEMENTIS
1782 231 1803 286 l
1841 231 2011 288 ROM.
2050 230 2251 288 PONT.
2291 229 2527 287 OPERA
2563 229 2789 288 DUBlA.

3557 238 3665 295 276

389 346 555 403 nibus
581 348 729 405 velut
768 351 942 406 servis
979 350 1282 421 imperare,
1314 367 1379 407 ac
1412 352 1556 408 sicut
1594 351 1689 406 filii
1718 349 1814 407 Dei
1845 366 1979 406 con-
2009 378 2021 411 λ

2098 350 2343 405 Ξεσπόται
2374 348 2643 419 ἷγενέσθαι
2688 348 2872 415 πάλιν,
2919 351 3013 406 καὶ
3051 351 3297 426 δαίμοσιν
3339 354 3416 418 ὡς
3459 354 3666 421 δούλοις

390 436 545 493 stitui
578 440 765 495 αξιοι-ιιί
794 442 945 513 regni
977 441 1240 497 lueredes.

467 616 661 675 XXVI.
707 616 804 675 llis
852 620 1035 686 dictis,
1079 620 1251 690 jussit
1291 620 1660 679 daemoniacos
1681 630 1735 676 et
1769 620 1977 677 morbis

398 716 698 780 occupatos
723 711 790 765 ad
832 725 892 765 se
932 711 1151 775 adduci,
1182 712 1385 783 quibus
1423 712 1623 772 oblatis
1650 730 1847 769 manus
1878 714 1980 767 im-

398 816 613 871 ponens
649 817 713 856 ac
749 810 1005 871 precatus
1036 801 1343 860 incolumes
1377 818 1472 860 eos
1517 802 1750 869 dimisit,
1788 805 1981 859 admo-

401 910 540 952 nens
570 894 692 949 illos
721 894 1098 964 reliquamque
1133 895 1373 961 turbam,
1401 903 1463 950 ut
1486 895 1591 951 hoc
1625 895 1679 950 in
1733 896 1858 950 loco
1887 911 1979 951 as-

403 988 547 1045 sidui
574 995 777 1051 essent,
810 1001 906 1057 per
928 986 1046 1042 dies
1074 987 1276 1058 quibus
1305 986 1629 1043 immoratus
1664 988 1983 1044 dissereret.

302 1100 308 1107 ~
400 1076 696 1149 Postquam
726 1094 859 1145 ergo
892 1078 984 1133 alii
1022 1080 1360 1145 abscessere,
1388 1074 1584 1136 Petrus
1617 1080 1709 1136 ubi
1739 1081 1792 1135 in
1823 1080 1984 1146 aquis

401 1185 525 1237 qua:
560 1170 634 1223 ibi
676 1169 920 1225 ﬂuebant
959 1186 1162 1241 corpus
1197 1170 1474 1238 diluisset,
1511 1187 1618 1227 una
1645 1188 1770 1227 cum
1798 1172 1985 1227 volen-

404 1253 551 1317 tibus
588 1262 740 1318 humi
780 1263 949 1319 sterni
983 1263 1151 1333 jussit
1176 1264 1280 1320 sub
1308 1264 1568 1319 arborum
1590 1264 1761 1320 densa
1794 1263 1986 1320 fronde

403 1362 625 1423 propter
649 1354 924 1421 umbram,
960 1366 1013 1410 et
1051 1370 1495 1425 unumquemque
1523 1355 1715 1411 ordine
1748 1354 1985 1410 fecitre-

404 1445 664 1501 cumbere
699 1465 712 1501 :
771 1456 932 1517 atque
970 1448 1042 1503 ita
1075 1448 1256 1503 cibum
1297 1448 1655 1518 sumpsimus.
1687 1447 1825 1502 Cum
1855 1462 1986 1517 ergo

400 1537 558 1608 juxta
608 1535 962 1595 Hebraeorum
1019 1539 1235 1595 solitam
1284 1538 1444 1594 fidem
1503 1539 1877 1595 benedixisset
1932 1551 1989 1596 et

404 1628 615 1699 gratias
648 1628 851 1700 egisset
895 1626 1009 1683 Deo
1049 1643 1149 1698 pro
1193 1636 1411 1698 sumpta
1452 1629 1814 1696 recreatione,
1856 1628 1986 1699 quia

404 1719 642 1775 multum
692 1720 870 1775 adhuc
912 1720 1017 1775 diei
1054 1708 1357 1792 supererat,
1395 1722 1706 1792 percontari
1753 1721 1821 1777 de
1862 1721 1985 1792 qui-
2020 1706 2062 1761 Β

405 1811 511 1867 bus
561 1811 824 1869 vellemus
868 1811 1134 1881 permisit.
1182 1807 1249 1866 Et
1276 1828 1406 1867 vero
1437 1822 1710 1880 nostrum,
1760 1813 1854 1883 qui
1899 1813 1983 1867 vi-

408 1901 543 1972 ginti
581 1917 825 1965 eramus.
856 1902 1151 1973 unicuique
1193 1902 1475 1974 speciatim
1508 1903 1864 1975 interroganti
1892 1903 1990 1958 de-

405 1994 489 2052 dit
511 1994 859 2049 solutionem.
890 1990 1121 2064 Vespere
1153 2004 1332 2049 autem
1354 1993 1468 2065 jam
1497 1992 1665 2062 facto,
1697 1995 1752 2049 in
1777 1994 1989 2052 latissi-

408 2101 555 2140 mam
586 2083 811 2156 liOSpitii
837 2085 1008 2140 aedem
1038 2085 1269 2156 ingressi
1299 2101 1424 2140 cum
1471 2085 1592 2156 ipso
1646 2085 1759 2141 illic
1798 2101 1993 2141 omnes

408 2176 789 2264 dormivimus.

990 2358 1275 2414 llOMlLlA
1311 2358 1401 2418 XI.

483 2471 525 2529 Ι.
565 2472 755 2544 itaque
785 2482 985 2544 quarto
1031 2473 1177 2544 apud
1222 2471 1485 2545 Tripolim
1525 2475 1614 2531 die.
1642 2471 1839 2533 Petrus
1869 2491 1994 2530 sur-

411 2565 546 2634 gens
598 2578 810 2636 nosque
862 2565 1147 2621 inveniens
1183 2565 1496 2636 vigilantes,
1542 2566 1636 2622 ubi
1679 2568 1993 2634 salutasset,

2078 442 2359 509 ἐπιτάξαι,
2394 443 2488 496 καὶ
2522 441 2599 505 ὡς
2625 441 2731 497 υἱοὶ
2765 440 2902 496 Θεοῦ
2924 442 3143 498 αἰωνίου
3168 443 3445 515 βασιλείας
3467 445 3665 518 κληρο-

2078 532 2231 604 νόμοι
2258 531 2620 602 καταστῆναι.

2149 623 2348 678 XXVI.
2396 622 2582 677 Ταῦτα
2632 620 2802 678 εἰπὼν
2838 623 3093 679 ἐκέλευσε
3130 626 3260 691 τοὺς
3300 608 3670 699 δαιμονῶντας

2079 717 2174 772 καὶ
2222 716 2400 780 νόσοις
2443 715 2977 787 ἐγκατειλημμένους
3018 718 3185 789 229
3229 718 3380 790 αὑτῷ
3428 718 3672 792 προσφέα

2084 806 2297 880 ρεσθαι,
2356 804 2770 877 προσενεχθεῖσι
2822 806 2880 860 δὲ
2922 808 3025 871 τὰς
3069 812 3262 881 χεῖρας
3316 809 3528 874 ἐπιθεὶς
3576 810 3672 864 καὶ
3730 852 3736 857 .

2081 896 2525 971 προσευξάμενος
2567 896 2837 952 ἀπέλυσεν
2885 899 3084 963 αὑτοὺς
3122 901 3484 970 ὑγιαίνοντας,
3537 902 3672 955 ὑπο-

2087 987 2410 1060 μιμνήσκων
2442 987 2644 1052 αὑτοὺς
2680 987 2928 1053 καὶτοὺς
2968 987 3188 1054 λοιποὺς
3226 991 3417 1062 ὄχλους
3442 989 3673 1045 ἐνταῦθα

2086 1078 2464 1151 παρεδρεύειν,
2486 1080 2625 1133 ὅσων
2647 1079 2714 1134 ἂν
2732 1080 2959 1152 ἡμερῶν
2970 1082 3252 1153 ἐπιδημῶν
3275 1082 3587 1153 διαλέγηται
3604 1082 3671 1136 ⁸⁸.

2085 1173 2205 1227 Τῶν
2245 1169 2337 1228 οὖν
2369 1172 2544 1227 ἄλλων
2573 1173 3043 1245 ἀναχωρησάντων
3073 1177 3102 1228 ὁ
3124 1175 3329 1246 Πέτρος
3360 1176 3416 1228 ἐν
3447 1168 3526 1246 τῷ
3557 1175 3677 1227 ἐκεῖ

2086 1263 2375 1335 ὑδροχοείῳ
2403 1264 2445 1295 ⁶¹
2499 1263 2833 1336 λουσάμενος
2885 1264 2982 1318 σὺν
3021 1266 3136 1328 τοῖς
3185 1262 3463 1335 θελήσασι,
3498 1262 3678 1335 χαμαὶ

2090 1354 2395 1426 στρωθῆναι
2440 1352 2705 1418 κελεύσας
2747 1354 2853 1408 ὑπό
2894 1369 3017 1408 τινα
3054 1354 3263 1425 πυκνὴν
3294 1353 3404 1408 τῶν
3441 1354 3676 1425 δένδρων

2088 1444 2266 1517 κόμην
2291 1445 2380 1500 διὰ
2398 1444 2496 1517 τὴν
2524 1444 2708 1511 σκιὰν,
2727 1444 2848 1500 κατ’
2875 1445 3031 1513 ἀξίαν
3066 1445 3296 1500 ἕκαστον
3336 1443 3678 1514 κατακλιθῆ-

2088 1553 2178 1591 ναι
2202 1536 2476 1608 ἐποίησενο
2511 1536 2606 1591 καὶ
2641 1534 2815 1601 οὕτως
2842 1537 3050 1608 τροφῆς
3085 1536 3469 1609 μετελάϐομεν.
3511 1535 3680 1590 Εὑλο-

2090 1628 2266 1700 γήσας
2313 1620 2531 1682 οὖν’καὶ
2562 1627 3033 1698 ἐπευχαριστήσας
3077 1626 3155 1698 τῷ
3195 1626 3315 1698 Θεῷ
3354 1627 3445 1679 ἐπὶ
3475 1625 3554 1696 τῷ
3584 1625 3678 1678 εὑ-

2088 1718 2395 1790 φρανθῆναι
2427 1721 2569 1775 κατὰ
2592 1719 2692 1791 τὴν
2736 1718 3002 1789 Ἐϐραίων
3051 1716 3252 1790 συνήθη
3294 1718 3475 1772 πίστιν
3509 1718 3574 1781 δ’,
3597 1714 3680 1772 ἔτι

2089 1810 2293 1882 πολλῆς
2333 1810 2502 1883 οὔσης
2545 1809 2695 1883 ὥρας
2727 1809 3096 1865 πυνθάνεσθαι
3133 1811 3281 1881 ἡμᾶς
3323 1811 3450 1882 περί
3481 1803 3556 1864 ὧν
3596 1808 3682 1863 θέ-

2088 1902 2254 1976 λομεν
2285 1903 2603 1975 ἐπέτρεψεν.
2647 1901 2760 1957 Καὶ
2804 1903 2953 1974 ὅμως
3000 1899 3207 1956 εἴκοσιν
3266 1900 3313 1934 ⁵³
3360 1897 3510 1956 οὖσιν
3547 1901 3683 1972 ἡμῖν

2089 1997 2148 2048 ἐν
2181 1994 2337 2067 μέρει
2363 1996 2577 2067 ἑκάστῳ
2600 1994 2891 2066 πυθομένῳ
2914 1992 3194 2048 ἐπέλυσεν.
3214 1994 3352 2066 Ἤδη
3366 1995 3422 2047 δὲ
3442 1993 3681 2065 ἑσπέρας

2090 2083 2597 2156 ἐπικαταλαϐούσης
2632 2084 2713 2147 είς
2750 2082 2843 2138 τὸν
2876 2082 3170 2154 εὐρύτατον
3197 2083 3298 2154 τῆς
3328 2082 3506 2149 ξενίας
3531 2076 3679 2135 οἶκον

2093 2174 2423 2241 είσελθόντες
2470 2175 2590 2247 ἅμα
2635 2174 2784 2246 αὑτῷ
2832 2175 2949 2229 ἐκεῖ
2984 2174 3033 2227 οἱ
3086 2173 3287 2237 πάντες
3329 2171 3678 2244 ὑπνώσαμεν.

2842 2293 2913 2306 ...-

2685 2360 2944 2415 ὈΜΙΛΙΑ
2975 2359 3079 2413 ΙΔ’.

2166 2476 2207 2531 Ι.
2247 2478 2326 2549 Τῇ
2363 2477 2462 2548 μὲν
2498 2471 2593 2530 οὖν
2644 2473 2883 2547 τετάρτῃ
2928 2474 2986 2529 ἐν
3019 2472 3276 2545 Τριπόλει
3303 2470 3484 2542 ἡμέρα
3511 2472 3541 2523 ὁ
3571 2467 3684 2523 Πέ-

2094 2586 2222 2642 τρος
2272 2569 2516 2639 ἐγερθεὶς
2541 2566 2636 2621 καὶ
2666 2564 3036 2637 ἐγρηγορότας
3067 2564 3213 2636 ἡμᾶς
3229 2561 3274 2595 ’⁸⁸⁵
3301 2560 3493 2634 εὑρὼν,
3508 2576 3683 2632 προσ-

412 2656 550 2712 abiit
578 2656 646 2711 ad
671 2669 827 2727 aqua:
863 2654 1083 2712 fluentis
1115 2656 1318 2723 locum,
1356 2666 1418 2712 ut
1444 2658 1589 2713 lotus
1615 2666 1818 2713 oraret.
1847 2658 1993 2712 idem

2098 2658 2402 2731 αγορεύσας
2470 2657 2615 2729 ἐξῄει
2666 2658 2746 2721 εἰς
2790 2655 2852 2709 τὸ
2914 2655 3239 2728 ὑδροχοεῖον,
3297 2654 3448 2716 ὅπως
3491 2650 3687 2706 λουσά-

411 2762 515 2803 nos
547 2762 765 2818 quoque
793 2756 1190 2819 consequenter
1222 2746 1477 2804 fecimus.
1508 2747 1642 2803 Post
1670 2762 1994 2805 communes

2101 2768 2260 2823 μενος
2300 2749 2542 2821 εὔξηται.
2607 2749 2840 2821 Ὁμοίως
2885 2765 2945 2802 τε
2993 2748 3088 2801 καὶ
3157 2747 3319 2818 ἡμεῖς
3374 2743 3685 2808 ἀκολούθως

410 2853 544 2893 vero
592 2853 805 2909 preces,
837 2854 961 2893 cum
996 2838 1354 2905 sedissemus,
1403 2837 1471 2893 de
1512 2839 1765 2894 castitate
1815 2838 1997 2895 disse-

2098 2844 2453 2916 ἐποιήσαμεν.
2513 2840 2939 2913 Συνευξαμένοις
2985 2834 3079 2893 οὖν
3128 2838 3224 2893 καὶ
3267 2836 3686 2909 προκαθεσθεῖσι

413 2930 548 2985 ruit.
583 2926 651 2984 Et
682 2941 970 3001 postquam
1004 2931 1122 2986 dies
1152 2931 1349 2997 illuxit,
1381 2930 1522 3000 plebi
1550 2931 1856 3002 ingressum
1881 2947 1998 3002 per-

2098 2938 2190 2994 τὸν
2219 2935 2348 3008 περὶ
2361 2934 2455 2989 τοῦ
2473 2935 2582 2988 δεῖν
2607 2932 2853 3003 ἁγνεύειν
2898 2933 3135 2986 ἐποιεῖτο
3175 2929 3339 3001 230
3368 2928 3546 2998 λόγον.
3574 2926 3688 2980 Καὶ

414 3020 587 3077 misit.
622 3022 714 3091 At,
742 3021 1092 3078 multitudine
1119 3024 1364 3094 ingressa
1407 3030 1569 3090 atque
1599 3037 1698 3093 pro
1728 3038 1879 3078 more
1901 3039 1989 3078 sa-

2100 3029 2288 3102 ἐπειδὴ
2313 3027 2501 3082 λοιπὸν
2532 3027 2715 3100 ἡμέρα
2746 3024 3006 3095 ἐγεγόνει,
3039 3025 3156 3087 τοῖς
3203 3021 3384 3093 ὄχλοις
3424 3017 3685 3073 εἰσελθεῖν

415 3116 614 3181 tutata,
642 3114 808 3185 coepit
826 3113 1007 3169 dicere
1036 3136 1047 3171 :

493 3290 557 3347 ll.
589 3289 1042 3363 Quandoquidem
1095 3293 1267 3347 multa
1303 3292 1594 3349 adversum
1646 3311 1745 3351 vos
1774 3312 1804 3351 a
1845 3298 2001 3353 vobis

421 3382 666 3456 profecta
704 3384 915 3439 incuria
946 3399 1103 3440 mens
1142 3384 1411 3454 plurimas
1438 3394 1491 3440 et
1515 3386 1709 3442 noxias
1730 3387 2001 3457 supersti-

422 3476 636 3530 tionum
668 3475 956 3546 opiniones
1008 3475 1357 3546 germinavit,
1401 3483 1458 3531 et
1495 3474 1625 3531 facti
1667 3477 1799 3532 estis
1854 3477 2002 3531 velut

423 3575 571 3623 terra
605 3565 814 3623 defectu
849 3566 1104 3637 agricolae
1133 3567 1454 3631 silvescens,
1488 3567 1660 3622 multo
1696 3569 1761 3624 ad
1795 3584 2001 3641 purga-

424 3660 630 3714 tionem
662 3658 916 3730 indigetis
946 3668 1209 3729 tempore,
1234 3668 1296 3714 ut
1318 3659 1575 3715 traditum
1602 3660 1756 3718 vobis
1791 3677 2003 3717 sermo-

425 3763 551 3803 nem
583 3763 771 3803 verum
813 3755 1073 3817 tanquam
1124 3749 1443 3818 praeclaram
1495 3758 1792 3806 sementem
1847 3766 2005 3807 mens

426 3838 739 3908 suScipiens
763 3838 948 3908 pravis
977 3838 1444 3896 sollicitudinibus
1477 3856 1586 3896 non
1618 3839 1868 3908 sull‘ocet,
1904 3858 2006 3901 nec

428 3932 498 3986 ad
550 3930 832 3987 salutifera
883 3945 1048 4002 opera
1102 3933 1294 3992 reddat
1353 3932 1779 3989 infructuosum.
1824 3933 2006 4001 Quare

428 4029 670 4094 oportet,
701 4022 877 4093 utqui
904 4023 1097 4078 salutis
1125 4038 1239 4078 suae
1278 4037 1467 4078 curam
1520 4025 1848 4095 suscipiunt,
1899 4024 2007 4080 fre-

427 4113 789 4184 quentissime
821 4114 1049 4168 audiant
1069 4129 1181 4183 quo
1205 4122 1427 4184 peccata
1473 4129 1540 4169 ex
1564 4117 1735 4169 multo
1767 4126 2007 4186 tempore

432 4215 592 4263 aucta
623 4206 770 4262 brevi
797 4206 942 4277 quod
978 4215 1142 4261 restat
1171 4215 1415 4276 tempore
1449 4221 1548 4277 per
1574 4208 1893 4271 continuam
1924 4208 2007 4263 di-

428 4300 709 4370 ligentiam
743 4299 810 4353 ad
839 4299 1203 4369 expiationem
1226 4298 1437 4369 possint
1467 4298 1677 4354 referri.
1713 4297 1849 4355 Cum
1878 4316 2009 4371 ergo

2102 3120 2416 3194 ἐπέτρεψεν.
2439 3118 2786 3182 Εἰσελθόντος
2812 3117 2869 3170 δέ
2899 3115 2994 3169 τοῦ
3033 3113 3192 3186 ὄχλου
3229 3110 3425 3166 πολλοῦ
3457 3111 3525 3174 ⁸⁵,
3555 3126 3686 3163 συν-

2101 3214 2247 3286 ήθως
2271 3210 2717 3284 προσαγορεύσας
2749 3208 2929 3278 λέγειν
2961 3204 3183 3278 ἤρξατοο

2173 3304 2237 3360 ll.
2290 3304 2508 3376 Ἐπειδὴ
2542 3301 2711 3373 πολλῇ
2745 3302 2812 3372 τῇ
2862 3297 2984 3353 καθ’
3027 3296 3181 3369 ὑμῶν
3218 3296 3308 3364 ὑφ’
3342 3291 3496 3365 ὑμῶν
3528 3307 3682 3360 γενο-

2109 3400 2245 3473 μένῃ
2276 3397 2551 3469 ἀμελείᾳό
2569 3393 2694 3458 νοῦς
2725 3392 2825 3456 τὰς
2870 3388 3073 3454 πολλὰς
3124 3388 3220 3444 καὶ
3275 3382 3545 3457 βλαϐερὰς
3574 3381 3686 3436 τῶν

2104 3490 2409 3565 θρησκειῶν
2449 3487 2705 3551 ὑπονοίας
2758 3482 3039 3553 ἐξέφυσεν,
3090 3482 3185 3536 καί
3216 3479 3473 3550 γεγόνατε
3500 3474 3688 3565 ᾦσπεᾲρ

2104 3562 2178 3655 τῆ
2200 3562 2254 3614 7⁵⁸
2287 3578 2490 3651 ἀπορίᾳ
2518 3573 2766 3648 γεωργοῦ
2798 3570 3165 3645 χερσεύσασα,
3198 3565 3395 3621 πολλοῦ
3427 3564 3565 3638 πρὸς
3595 3562 3690 3617 κά-

2107 3674 2297 3745 θαρσιν
2329 3668 2504 3724 δεῖσθε
2547 3667 2761 3739 χρόνου,
2804 3665 2891 3717 ἴνα
2921 3663 3013 3716 τὸν
3048 3658 3461 3732 μεταδιδόμενον
3489 3656 3531 3688 ⁵⁷
3557 3655 3689 3745 ὑμῖν

2107 3743 2265 3832 λόγον
2311 3760 2485 3831 ἀληθῆ
2530 3758 2718 3830 ὥσπερ
2756 3754 2921 3811 καλὸν
2957 3752 3156 3824 σπόρον
3185 3752 3214 3804 ὁ
3246 3747 3372 3811 νοῦς
3403 3746 3583 3799 λαόων
3614 3743 3690 3817 μὴ

2108 3854 2306 3917 κακαῖς
2355 3848 2601 3923 φροντίσι
2654 3843 2960 3919 συμπνίξας
3007 3843 3253 3915 ἄκαρπον
3297 3838 3618 3910 καταστήσῃ
3644 3834 3691 3867 ια

2108 3946 2247 4019 πρὸς
2289 3943 2359 3997 τά
2413 3940 2606 4006 σώζειν
2654 3938 2927 4010 δυνάμενα
2958 3936 3114 4009 ἔργα.
3149 3933 3241 3987 Διὸ
3273 3930 3381 4004 χρὴ
3426 3932 3553 3995 τοὺς
3588 3946 3690 3981 πε-

2109 4035 2463 4109 φροντικότας
2537 4032 2637 4105 τῆς
2705 4027 2914 4083 ἑαυτῶν
2983 4022 3255 4096 σωτηρίας
3309 4019 3693 4092 συνεχέστερον

2108 4126 2421 4188 ἐπακούειν,
2474 4124 2621 4188 ὅπως
2666 4122 2735 4175 τὰ
2768 4120 2814 4152 ⁸⁸
2846 4120 2911 4173 ἐκ
2959 4116 3184 4190 μακρῶν
3234 4113 3441 4187 χρόνων
3486 4110 3693 4181 ἀτοπή-

2114 4236 2259 4293 ματα
2304 4215 2675 4289 πληθυνθέντα
2719 4209 3015 4285 βραχεῖτῷ
3057 4205 3491 4280 περιλειπομένῳ
3517 4201 3696 4293 χρόνω

2113 4288 2326 4381 συνεχεῖ
2354 4288 2561 4379 σπουδῇ
2598 4304 2735 4376 πρὸς
2777 4301 3043 4375 κάθαρσιν
3090 4296 3421 4367 ἀναλογῆσαι
3468 4288 3691 4362 δυνηθῇ.

431 4392 729 4462 unicuique
751 4392 992 4447 incertus
1022 4392 1094 4446 sit
1117 4406 1230 4447 sua:
1274 4392 1400 4447 vitae
1431 4393 1718 4458 terminus,
1755 4391 2007 4449 festinate

2126 4400 2346 4472 Ἐπειδὴ
2378 4399 2424 4430 ⁸⁸
2456 4393 2549 4451 οὖν
2574 4395 2805 4456 ἕκαστος
2831 4392 3025 4462 ἄδηλον
3058 4388 3170 4460 ἔχει
3202 4386 3298 4439 τοῦ
3334 4385 3466 4439 ίδίου
3499 4382 3692 4454 χρόνου

431 4484 636 4541 multas
666 4499 698 4539 e
737 4484 997 4540 cordibus
1043 4485 1243 4539 vestris
1294 4483 1583 4538 extrahere
1639 4486 1846 4554 spinas,
1900 4500 2008 4539 non

432 4590 564 4631 vero
592 4575 878 4647 paulatim,
909 4591 1087 4647 neque
1108 4576 1253 4630 enim
1284 4576 1562 4647 repurgari
1591 4578 1859 4646 poteritis,
1880 4579 2009 4649 quia

430 4670 567 4723 estis
597 4683 724 4740 ager
749 4669 922 4739 spinis
951 4668 1201 4723 horrens.

505 4758 594 4815 Ill.
636 4758 755 4816 Non
789 4760 948 4814 aliter
998 4774 1125 4814 vero
1168 4758 1399 4814 multum
1452 4758 1694 4814 studium
1730 4761 2009 4832 suscipere

432 4857 504 4912 ad
559 4857 935 4928 purgationem
986 4864 1225 4910 vestram
1276 4855 1638 4928 sustinebitis,
1688 4856 1796 4911 nisi
1853 4856 2010 4911 vobis

435 4950 561 5005 irati
596 4949 888 5019 increpetis
916 4962 1012 5003 vos
1040 4947 1110 5002 ob
1139 4964 1205 5003 ea
1247 4949 1301 5002 in
1339 4950 1559 5019 quibus.
1590 4950 1738 5005 velut
1787 4948 2011 5003 inutiles

435 5041 603 5108 servi,
632 5041 846 5097 insidiis
894 5040 1045 5111 petiti
1083 5040 1217 5095 estis
1237 5050 1291 5096 et
1319 5041 1481 5097 malis
1511 5042 1710 5098 vestris
1743 5040 2011 5111 cupidita-

435 5146 583 5201 tibus
627 5142 1010 5207 consensistis,
1044 5151 1097 5196 at
1124 5142 1330 5210 justam
1390 5141 1735 5198 iracundiam
1765 5143 1822 5197 in
1854 5157 2010 5197 men-

2116 4493 2177 4547 τὸ
2207 4492 2379 4559 τέλος,
2432 4488 2699 4543 σπεύσατε
2730 4484 2831 4548 τὰς
2877 4480 3081 4544 πολλὰς
3132 4478 3242 4532 τῶν
3272 4474 3507 4549 καρδιῶν
3540 4472 3695 4544 ὑμῶν

2117 4584 2314 4651 ἐξελεῖν
2362 4582 2602 4643 ἀκάνθας
2625 4598 2636 4610 ·
2694 4578 2770 4651 μὴ
2819 4576 2938 4629 κατ’
2972 4573 3181 4642 ὀλίγον·
3216 4568 3277 4623 οὑ
3320 4567 3427 4640 γὰρ
3472 4566 3697 4636 δυνήσε-

2118 4676 2211 4732 σθε
2243 4674 2601 4748 καθαρθῆναι,
2635 4671 2727 4724 ἐπὶ⁵
2760 4667 2893 4722 πολὺ
2922 4664 3033 4737 γὰρ
3063 4659 3441 4735 ὲχερσεύσατε.

2187 4769 2274 4824 ιιι.
2316 4747 2430 4821 οῦκ
2462 4765 2636 4828 άλλως
2666 4763 2722 4817 δέ
2760 4760 2821 4815 τὸ
2850 4758 2985 4813 πολὺ
3026 4755 3128 4828 τῆς
3161 4750 3399 4820 σπουδῆς
3432 4748 3567 4821 πρὸς
3598 4747 3698 4800 κά-

2115 4864 2307 4935 θαρσιν
2341 4861 2494 4932 ὑμῶν
2544 4854 2900 4922 ἀναδέξασθαι
2945 4849 3265 4922 ὑπομενεῖτε
3284 4845 3363 4935 ξ’,
3393 4842 3488 4896 ἐὰν
3524 4842 3598 4913 μή
3633 4857 3697 4909 γε

2115 4930 2298 5019 αὐτοῖς
2338 4930 2680 5024 ὀργισθέντες
2730 4943 3065 5016 ἐπιπλήξητε
3114 4939 3241 5012 περὶ
3276 4930 3351 4990 ὧν
3383 4935 3460 4999 ὡς
3489 4934 3697 5024 ἀχρεῖοι

2113 5047 2291 5102 δοῦλοι
2320 5021 2757 5117 σίένηδρεύθητε
2806 5036 3122 5107 συνθέμενοι
3160 5032 3283 5094 ταῖς
3313 5028 3512 5089 κακαῖς
3544 5021 3699 5117 ὑμῶν

2117 5139 2454 5213 ἐπιθυμίαις,
2485 5114 2602 5191 θῖνα
2643 5136 2745 5207 τὴν
2788 5130 3003 5186 δικαίαν
3026 5127 3073 5160 ⁸³
3110 5121 3264 5196 ὑμῶν
3309 5119 3476 5193 ὀργὴν
3511 5116 3590 5189 τῷ
3620 5114 3699 5186 νῷ

1711 5253 1945 5312 VARIAE
1983 5251 2387 5309 LECTIONES.

508 5359 555 5440 ξ’
574 5356 880 5440 διαλέγεθαι
918 5355 984 5440 Ol:
1038 5340 1273 5440 :5!qu
1323 5366 1373 5408 c.
1411 5352 1459 5440 S.
1479 5395 1493 5417 ,
1522 5351 1783 5440 bgpom‘itp
1806 5349 1876 5436 (ξε
1944 5348 2186 5440 ⁸¹ξπίσῖιί
2210 5363 2331 5435 οιῐιἱ
2355 5347 2494 5440 an"
2518 5344 2698 5440 dies:
2910 5330 3256 5440 ἒξᾶξῃὲἕμρίν
3281 5321 3693 5440 ἐξ,υὲ

438 5394 1008 5500 ἐξῄεῖἔῖὸἷῖᾶἒινᾲ
1038 5394 1933 5500 υςίῖῗρὲρᾶὶοᾶδιῖἓῗὲξέἓκὲἒον
1956 5394 2476 5500 οξῖέἕδέηὶὲὲέοἰδο
2521 5394 2703 5468 “ne
2723 5394 3255 5500 9251935915005
3274 5394 3607 5500 Ρὶέἓέλιῗέἰῖ
3627 5394 3695 5500 εξ-

438 5493 692 5579 ξποι.
726 5493 1014 5579 κειται-,ξι
1081 5493 1432 5579 dilectione

440 5569 491 5600 δ’
512 5557 724 5632 ἷιὲιόιιι.
762 5569 827 5623 0.
919 5567 964 5598 '°
982 5565 1104 5618 ἐπεί
1135 5563 1199 5619 C.
1271 5562 1410 5621 "ita
1449 5572 1504 5621 et
1533 5562 1572 5619 S
1623 5563 1728 5632 leg.
1767 5557 1987 5627 censet,
2045 5574 2359 5632 quanquam

441 5626 602 5710 sensu
654 5638 780 5710 add.
838 5653 892 5695 ε.
951 5642 1013 5690 Ο.
1052 5635 1131 5710 ,⁸⁸
1155 5634 1357 5689 κακίαν
1409 5638 1469 5690 ο.
1513 5626 1781 5703 Deinceps
1812 5626 1996 5705 δόργήν
2032 5626 2156 5686 add.

442 5708 677 5778 σευούσῃ
707 5706 764 5761 S.

1649 5476 1854 5545 "tb'b
1934 5476 2089 5561 prius
2146 5476 2264 5547 erat
2299 5488 2573 5561 διδόμενον
2594 5500 2658 5561 _p.
2696 5476 3129 5561 perwtddpenvov.

3208 5470 3255 5502 ⁵⁸
3274 5466 3605 5539 καταστήσει
3629 5465 3697 5523 C.

2439 5537 2562 5614 edit
2586 5537 2886 5625 {Imperii-rs
2918 5537 2970 5602 (τί
2997 5546 3061 5601 C.
3142 5543 3189 5575 "
3211 5538 3389 5625 δούλοι
3414 5537 3694 5625 flagitante

2397 5609 2614 5700 ἐόιῖᾕὲςι
2665 5609 2747 5680 Ci.
2797 5622 2937 5678 Tum
3002 5609 3376 5689 χερσευσούσῃ
3424 5609 3512 5676 (ζ,
3564 5622 3698 5680 κερ-ι
