4084 6148
367 201 483 278 ,επ

1467 196 1928 260 εμωιεικτιιειι.
1967 225 2035 234 -ο
2070 193 2476 249 HOMILIA'XI.

3529 193 3648 249 9.78

379 320 454 383 ὡς
485 319 598 390 πῦρ
647 318 990 390 χερσενσάσῃ
1025 318 1232 392 ἀρούρῃ
1277 320 1565 388 ἐπαφεῖναι
1599 315 1756 386 231
1793 314 1952 385 δυνη-

2064 324 2170 370 tem
2224 320 2486 379 vestram,
2545 313 2701 382 quasi
2739 313 2912 383 ignem
2959 311 3010 366 in
3061 326 3250 366 arvum
3310 309 3625 377 silvescens,

380 409 528 481 θῆτε.
559 411 622 463 Εἰ
659 410 758 480 μὲν
789 404 884 463 οὖν
928 410 1027 463 οὐκ
1074 410 1226 480 ἔχετε
1275 410 1483 464 δίκαιον
1516 407 1646 480 πῦρ,
1680 408 1778 477 τὴν
1813 405 1954 459 κατά

376 499 486 553 τῶν
547 501 731 554 κακῶν
786 500 1086 571 ἐπιθυμιῶν
1154 500 1322 572 ὀργὴν
1365 498 1530 568 λέγω,
1597 497 1796 568 μάθετε
1847 495 1955 549 ἀπὸ

379 590 549 645 ποίων
578 590 757 645 καλῶν
784 591 831 622 ⁸⁸
863 590 1240 663 ὲνηδρεύθητε,
1287 589 1382 643 καὶ
1421 589 1558 662 πρὸς
1605 589 1763 642 ποίαν
1797 588 1955 640 κόλα-

380 700 466 737 σιν
517 683 931 766 κατηρτίσθητε,
981 683 1076 736 καὶ
1119 682 1224 736 ὑπὸ
1288 682 1434 747 τίνος
1478 679 1816 754 ὴπατήθητε,
1861 679 1956 733 καὶ

377 772 552 839 οὕτως
590 776 741 846 ὑμῶν
771 776 801 828 ό
833 773 958 840 νοῦς
988 773 1182 846 νήψας,
1216 774 1310 827 καὶ
1341 773 1529 845 ὥσπερ
1571 772 1684 844 πῦρ
1716 771 1820 826 ὑπὸ
1855 771 1956 843 τῆς

376 864 476 919 τοῦ
521 864 831 937 πέμψαντος
882 867 1028 937 ἡμᾶς
1074 864 1422 929 διδασκαλίας
1455 863 1709 933 ὲξαφθεὶς
1739 864 1818 925 εἰς
1863 861 1957 933 ὀρ-

377 958 504 1029 γὴν,
533 957 602 1010 τὰ
649 956 796 1011 κακά
824 957 870 990 ⁸⁸
897 959 996 1029 τῆς
1053 957 1346 1029 ἐπιθυμίας
1407 956 1681 1012 ἀναλῶσαι
1729 953 1952 1025 δυνηθῇ.

378 1045 708 1100 Πιστεύσατέ
743 1064 854 1119 μοι,
884 1049 966 1101 ὃτι
999 1047 1321 1119 θελήσαντες
1379 1046 1558 1100 πάντα
1611 1041 1954 1114 κατορθῶσαι

375 1137 686 1208 δυνήσεσθε.

445 1225 532 1280 ιν.
572 1227 707 1282 Θεοῦ
741 1228 836 1283 τοῦ
870 1229 1100 1301 ἀοράτου
1149 1228 1272 1282 ἐστὲ
1305 1226 1488 1281 εἰκών.
1532 1227 1692 1281 Ὅθεν
1719 1227 1768 1279 οἱ
1802 1226 1960 1279 εὐσε-

377 1318 490 1372 ϐεῖν
519 1319 830 1393 βουλόμενοι
861 1323 936 1394 μὴ
984 1323 1053 1376 τά
1080 1321 1274 1376 εἴδωλα
1307 1320 1618 1389 λεγέτωσαν
1654 1317 1790 1371 Θεοῦ
1813 1316 1958 1370 εἰκό-

377 1429 442 1466 να
455 1411 500 1442 ⁵⁵
529 1408 688 1477 εἶναι,
707 1415 800 1467 κα)⁸
813 1413 903 1466 διὰ
923 1413 1082 1466 τοῦτο
1109 1413 1221 1467 δεῖν
1254 1412 1396 1466 αὐτά
1427 1410 1625 1466 σέϐειν.
1643 1407 1823 1462 Εἰκὼν
1848 1408 1957 1482 γὰρ

375 1504 509 1558 Θεοῦ
539 1507 568 1560 ό
593 1506 896 1578 ἄνθρωπος.
948 1507 1005 1560 Ὀ
1035 1508 1114 1569 εἰς
1142 1505 1273 1559 Θεδν
1294 1504 1538 1558 εὐσεϐεῖν
1562 1502 1730 1557 θέλων
1749 1501 1958 1574 ἄνθρω-

377 1613 476 1650 πον
509 1597 818 1668 εὐεργετεῖ,
852 1599 934 1651 ὃτι
967 1598 1150 1652 εἰκόνα
1180 1597 1316 1652 Θεοῦ
1349 1598 1411 1650 τὸ
1443 1593 1728 1668 ἀνθρώπου
1755 1593 1955 1666 βαστά-

375 1689 457 1754 ζει
491 1665 670 1760 σῶμα.
703 1688 815 1760 Τὴν
861 1690 919 1743 δὲ
951 1689 1246 1761 ὁμοιότητα
1274 1689 1458 1744 οὐκέτι
1495 1665 1724 1750 πάντες,
1755 1665 1956 1748 EOS",
1990 1665 2034 1720 Β

375 1781 584 1852 ἀγαθῆς
611 1781 790 1851 ψυχῆς
819 1784 847 1835 ὁ
879 1781 1118 1852 καθαρὸς
1149 1780 1293 1846 νοῦς.
1341 1781 1487 1852 Πλὴν
1515 1781 1590 1844 ὡς
1622 1781 1781 1851 ἡμεῖς
1811 1777 1958 1831 οῖδα-

378 1889 478 1942 μεν
525 1873 618 1926 τὸν
664 1871 952 1944 ἄνθρωπον
989 1866 1116 1927 ¹κατ’
1176 1873 1358 1927 εἰκόνα
1403 1873 1498 1927 καί⁸
1540 1871 1660 1926 καθ’
1705 1872 1960 1943 ὁμοίωσιν

374 1959 636 2028 γεγονότα
661 1959 755 2014 τοῦ
783 1960 941 2024 Θεοῦ,
972 1962 1052 2025 εἰς
1080 1961 1268 2017 τοῦτον
1299 1963 1442 2034 ὑμᾶς
1463 1961 1706 2016 εὐσεϐεῖν
1725 1962 1770 1993 ⁸⁸
1802 1961 1960 2028 λέγο-

377 2065 498 2118 μεν,
532 2049 617 2102 ἵνα
649 2050 729 2114 εἰς
758 2049 912 2114 Θεὸν,
943 2043 1114 2121 οὗπέρ
1144 2052 1290 2104 ἐστιν
1321 2050 1508 2114 εἰκὼν,
1544 2051 1577 2122 ἠ
1612 2049 1771 2120 χάρις
1813 2048 1961 2116 λογι-

378 2139 500 2210 σθῇ.
533 2141 707 2212 Τιμὴν
738 2137 830 2196 οὖν
875 2146 943 2215 τῇ
975 2143 1068 2196 τοῦ
1100 2143 1235 2197 Θεοῦ
1269 2144 1436 2197 εἰκόνι
1467 2184 1482 2208 ,
1515 2144 1652 2214 ὅπερ
1684 2142 1837 2195 ἐστὶν
1870 2141 1964 2196 ἄν-

377 2228 951 2304 θρωπος,προσφέρειν
982 2233 1064 2287 δεῖ
1094 2233 1298 2298 οὕτως,
1345 2235 1596 2288 πεινῶντι
1621 2234 1850 2306 τροφὴν,
1880 2234 1961 2287 δι-

379 2319 545 2390 ψῶντι
578 2321 758 2386 ποτὸν,
792 2325 1188 2396 γυμνητεύοντι
1209 2325 1252 2357 ⁸⁸
1282 2324 1514 2397 ἔνδυμα,
1549 2325 1793 2379 νοσοῦντι
1826 2324 1962 2395 πρό-

382 2429 555 2475 νοιαν,
589 2412 725 2483 ξένῳ
755 2415 982 2484 στέγην,
1012 2417 1106 2469 καὶ
1129 2415 1208 2486 τῷ
1239 2417 1297 2468 ὲν
1321 2417 1513 2487 εἱρκτῇ
1542 2415 1655 2468 ὄντι
1684 2414 1965 2484 ἐπιφαινό-

380 2519 540 2571 μενον
559 2503 603 2534 ⁶⁶
627 2502 841 2574 βοηθεῖν
879 2507 954 2570 ὡς
973 2506 1196 2561 δυνατόν
1230 2507 1396 2559 ἐστιν.
1421 2507 1530 2560 Καὶ
1557 2507 1646 2561 ἵνα
1668 2507 1742 2578 μὴ
1761 2506 1822 2559 τὸ
1841 2498 1962 2560 κατ’

376 2589 519 2656 εἶδος
543 2593 706 2663 λέγω,
744 2596 919 2649 πάντα
948 2597 1051 2652 ὅσα
1080 2597 1255 2668 ἐαυτῷ
1267 2615 1350 2660 τις
1373 2597 1686 2660 θέλεικαλά,
1701 2598 1964 2661 ὡσαύτως

377 2684 520 2755 ἄλλῳ
547 2685 799 2756 χρῄζοντι
835 2689 1138 2760 παρεχέτω,
1157 2691 1250 2744 καὶ
1262 2691 1422 2761 232
1436 2689 1555 2743 τότε
1587 2691 1734 2761 αὐτῷ
1766 2693 1846 2753 είς
1862 2690 1962 2761 τὴν

375 2775 470 2829 τοῦ
520 2775 654 2830 Θεοῦ
703 2778 888 2832 εἰκόνα
947 2781 1303 2853 εὐσεϐήσαντι
1335 2781 1556 2835 δύναται
1583 2783 1787 2851 ἀγαθὸς
1813 2783 1960 2851 λογι-

381 2867 570 2938 σθῆναι
604 2867 822 2938 μισθόςο
861 2863 906 2937 ᾧ
932 2871 1073 2942 λόγῳ
1109 2875 1158 2925 εἰ
1191 2874 1287 2926 καὶ
1315 2871 1488 2926 ταῦτα
1516 2876 1686 2927 ποιεῖν
1720 2875 1795 2945 μὴ
1827 2874 1960 2928 ἀνα-

377 2958 593 3029 δέξηται
617 2960 683 3026 ⁸³,
737 2961 813 3024 ὡς
845 2961 1124 3034 ἀμελήσας
1154 2963 1256 3034 τῆς
1289 2965 1492 3028 εἰκόνος
1541 2965 1956 3037 κολασθήσεται,

456 3066 514 3120 ν.
555 3065 679 3124 Οἴον
727 3066 819 3125 οὗν
853 3071 967 3125 ἔστι
1015 3073 1192 3142 λέγειν
1229 3076 1357 3128 ποτὲ
1378 3115 1392 3139 ,
1426 3076 1507 3128 ὅτι
1550 3077 1830 3140 εὐσεϐείας
1858 3077 1957 3147 τῆς
1985 3065 2027 3093 ’³

379 3161 460 3223 εἰς
489 3160 621 3215 Θεὸν
650 3162 811 3235 χάριν
844 3165 1023 3219 πᾶσαν
1057 3168 1270 3240 μορφὴν
1289 3168 1333 3198 ⁸³
1381 3168 1660 3239 σεϐόμενοι
1687 3210 1701 3234 ,
1729 3169 1821 3222 τὸν
1862 3169 1958 3222 ἄν·

381 3250 598 3323 θρωπον
630 3254 728 3324 τὴν
751 3255 920 3319 ὄντως
949 3257 1134 3312 εἰκόνα
1147 3259 1282 3311 Θεοῦ
1310 3259 1440 3313 ὄντα
1467 3261 1524 3312 ὲν
1554 3262 1718 3313 πᾶσιν
1748 3257 1961 3330 ἐνυϐρί-

380 3339 502 3406 ζετε
522 3343 590 3407 ⁸³,
623 3346 957 3414 φονεύοντες,
997 3349 1358 3419 μοιχεύοντες,
1395 3349 1716 3414 κλέπτοντες
1744 3351 1837 3404 καὶ
1863 3367 1960 3403 κα-

381 3432 451 3487 τὰ
495 3434 663 3489 πολλά
696 3437 828 3492 ἄλλα
881 3438 1268 3510 ἀτιμάζοντες
1338 3440 1534 3512 Ἐχρῆν
1578 3442 1635 3495 δὲ
1680 3442 1802 3513 μηδ’
1836 3441 1894 3494 ἓν
1916 3441 1961 3472 ⁸⁵

382 3526 552 3578 κακὸν
585 3528 843 3599 πράττειν
867 3569 882 3594 ,
907 3530 974 3583 δι’
1009 3531 1038 3584 ὃ
1073 3531 1364 3602 ἄνθρωπος
1403 3533 1650 3586 λυπεῖται
1671 3533 1715 3564 ⁸⁵⁸
1734 3550 1747 3562 ⁸
1778 3532 1872 3585 νῦν
1903 3533 1974 3586 δὲ

386 3615 562 3670 πάντα
594 3620 882 3690 πράττετε,
904 3621 972 3674 δι’
988 3619 1024 3675 ἀ
1045 3621 1091 3653 ⁵⁸
1110 3621 1208 3676 ἀνθ
1217 3641 1396 3694 ρωπος
1416 3623 1631 3696 ἀθυμεῖ,
1650 3624 1833 3678 ἀδικία
1852 3622 1961 3694 γὰρ

383 3709 479 3763 καὶ
506 3710 712 3782 ἀθυμία
742 3712 970 3781 γίνεται.
1005 3713 1102 3766 Διά
1129 3714 1287 3768 τοῦτο
1326 3717 1578 3786 φονεύετε
1607 3717 1648 3748 ⁸⁷
1679 3718 1773 3770 καὶ
1802 3717 1963 3786 ἀφαι-

387 3800 566 3870 ρεῖσθε
597 3803 665 3856 τὰ
696 3803 884 3867 αὐτοῦ,
916 3806 1008 3858 καί
1037 3807 1138 3859 ὅσα
1171 3807 1305 3861 ἄλλα
1339 3807 1472 3872 ἴστε,
1508 3810 1651 3882 ειπερ
1687 3809 1875 3863 παθεῖν
1899 3809 1961 3863 οὐ

385 3890 585 3946 θέλετε.
621 3893 807 3964 Ὑμεῖς
825 3895 882 3948 δὲ
908 3896 1122 3968 ἑρπετῷ
1149 3915 1254 3950 τινι
1281 3900 1571 3971 κακούργῳ
1601 3902 1736 3972 πρὸς
1766 3902 1962 3956 κακίαν

387 3985 757 4056 ἀπατηθέντες
792 3989 1017 4061 ὑπονοίᾳ.
1051 3989 1310 4043 πολυθέον
1343 3990 1614 4060 γνώσεως,
1647 3995 1727 4058 εἰς
1750 3995 1849 4065 μὲν
1863 3996 1962 4066 τὴν

385 4074 553 4140 ὅντως
575 4077 779 4143 εἰκόνα,
811 4081 948 4152 ὅπερ
977 4081 1126 4134 ἐστὶν
1157 4081 1461 4154 ἄνθρωπος,
1493 4084 1768 4151 ἀσεϐεῖτε,
1799 4089 1878 4152 εἰς
1904 4089 1963 4142 δὲ

386 4169 453 4221 τὰ
488 4171 787 4243 ἀναίσθητα
818 4174 1064 4227 εὐσεϐεῖν
1091 4175 1317 4229 δοκεῖτε.

2055 407 2286 477 possitis
2333 405 2644 459 immittere.
2705 403 2761 458 Si
2813 418 2942 474 ergo
2991 417 3100 457 non
3162 402 3373 457 habetis
3413 401 3624 472 justum

2057 499 2271 569 ignem,
2335 496 2472 550 iram
2531 494 2655 550 dico
2713 493 2976 547 adversus
3038 492 3361 562 cupiditates
3415 491 3622 556 malas,

2057 586 2473 642 animadvertite
2499 599 2529 638 a
2553 582 2808 653 qualibus
2835 581 2995 636 bonis
3025 597 3122 651 per
3159 581 3384 636 insidias
3414 580 3629 635 abstra—

2056 679 2130 735 cti
2160 677 2398 744 fueritis,
2426 676 2493 730 ad
2520 674 2684 745 quale
2711 672 3040 743 supplicium
3084 673 3366 743 praeparati
3391 681 3445 728 et
3465 687 3495 725 a
3518 686 3626 741 qua

2056 785 2117 826 re
2144 767 2376 824 seducti.
2410 766 2591 836 Atque
2629 764 2702 819 ita
2751 777 2907 818 mens
2949 769 3129 817 vestra
3163 763 3347 816 sobria
3379 761 3542 830 facta,
3573 769 3628 816 et

2055 861 2215 933 quasi
2246 859 2388 931 ignis
2421 874 2453 912 a
2479 857 2730 913 doctrina
2775 855 2898 926 ejus
2932 854 3028 925 qui
3058 854 3212 910 misit
3241 869 3343 910 nos
3372 854 3630 934 incensus

2055 951 2127 1006 ad
2178 949 2548 1015 iracundiam,
2603 947 2802 1017 poterit
2853 945 3203 1016 cupiditatem
3281 959 3626 1000 consumere.

2056 1041 2188 1097 Mihi
2235 1041 2476 1105 credite,
2535 1039 2700 1094 modo
2766 1037 2981 1104 velitis,
3039 1035 3288 1108 poteritis
3341 1029 3629 1090 emendare

2057 1146 2274 1194 cuncta.

2127 1227 2218 1282 IV.
2251 1227 2343 1282 Dei
2372 1225 2462 1297 qui
2494 1225 2642 1281 cerni
2681 1224 2872 1295 nequit
2911 1224 3092 1293 imago
3136 1222 3290 1278 estis.
3341 1219 3496 1276 Unde
3535 1221 3646 1290 qui-

2056 1311 2145 1390 pie
2176 1319 2360 1374 vivere
2408 1318 2670 1386 cupiunt,
2708 1332 2777 1370 ne
2806 1314 2993 1370 dicant
3049 1312 3188 1367 idola
3219 1326 3340 1368 esse
3366 1309 3462 1365 Dei
3491 1309 3633 1364 ima-

2059 1412 2274 1482 ginem,
2304 1411 2535 1479 ideoque
2563 1408 2668 1464 coli
2701 1423 2765 1463 ea
2812 1415 3086 1476 oportere.
3141 1403 3275 1459 Nam
3323 1401 3419 1457 Dei
3453 1402 3632 1470 imago

2060 1502 2226 1557 homo
2258 1511 2361 1556 est.
2389 1500 2584 1568 Quiin
2615 1500 2782 1554 Deum
2812 1498 2900 1569 pie
2931 1513 2989 1553 se
3027 1511 3216 1568 gerere
3246 1496 3391 1562 vult,
3425 1492 3633 1549 homini
3664 1539 3672 1546 .

2061 1594 2333 1652 benefacit
2356 1635 2372 1660 ,
2403 1594 2533 1663 quia
2569 1591 2665 1646 Dei
2700 1591 2993 1662 imaginem
3025 1596 3207 1660 portat
3232 1587 3470 1642 hominis
3506 1600 3632 1640 cor-

2061 1705 2199 1760 pus;
2253 1687 2665 1743 similitudinem
2713 1699 2844 1740 vero
2893 1699 3003 1738 non
3054 1698 3247 1738 omnes
3280 1689 3503 1752 gerunt,
3540 1682 3634 1737 sed

2062 1783 2221 1838 bona:
2242 1780 2438 1836 anima":
2459 1795 2595 1850 pura
2616 1793 2793 1833 mens.
2824 1775 3103 1842 Attamen,
3132 1773 3261 1844 quia
3296 1789 3396 1829 nos
3430 1773 3635 1830 scimus

2063 1875 2342 1930 hominem
2377 1871 2579 1927 factum
2601 1870 2773 1928 fuisse
2804 1869 2871 1925 ad
2894 1869 3190 1940 imaginem
3211 1874 3265 1922 et
3286 1866 3353 1922 ad
3380 1864 3643 1923 simi,litu-.

2063 1965 2246 2020 dinem
2261 1964 2376 2030 Dei,
2391 1965 2672 2019 hortamur
2688 1962 2809 2018 sitis
2829 1976 2956 2032 erga
2983 1961 3136 2015 illum
3167 1959 3269 2030 pii,
3289 1959 3424 2014 utin
3443 1955 3649 2020 Deum,.

2063 2057 2223 2127 cujus
2264 2066 2347 2112 est
2390 2056 2607 2129 imago,
2637 2055 2808 2126 gratia
2848 2054 3138 2110 referatur.
3184 2052 3456 2108 Honorem
3503 2067 3637 2123 ergo
3659 2083 3672 2101 ~.

2065 2147 2291 2220 imagini
2322 2147 2438 2214 Dei,
2476 2146 2528 2202 id
2557 2155 2642 2202 est
2671 2147 2904 2213 homini,
2928 2145 3141 2200 deferre
3164 2152 3378 2214 oportet
3410 2144 3556 2200 hunc
3581 2144 3636 2198 in

2065 2240 2290 2294 modum
2307 2280 2323 2305 ,
2353 2237 2645 2308 prmbendo
2671 2236 2938 2292 esurienti
2961 2236 3166 2304 cibum,
3192 2235 3396 2291 sitienti
3423 2243 3649 2304 potum,

2066 2331 2214 2386 nudo
2245 2331 2626 2386 indumentum
2647 2370 2664 2395 ,
2703 2342 2849 2397 aegro
2883 2326 3282 2397 providentiam
3303 2369 3318 2391 ,
3349 2325 3639 2396 peregrino
3653 2371 3666 2378 ..

2067 2431 2294 2486 tc’ctum,
2324 2423 2379 2476 in
2411 2435 2638 2475 carcere
2673 2419 2855 2490 posito
2886 2418 3253 2473 visitationem
3281 2433 3345 2473 ac
3376 2433 3475 2488 pro
3509 2417 3638 2471 viri-

2065 2511 2168 2566 bus
2191 2510 2478 2565 auxilium.
2505 2507 2573 2562 Et
2589 2523 2656 2562 ne
2678 2507 2890 2577 singula
2911 2523 3223 2564 recenseam
3252 2526 3266 2563 :
3298 2522 3640 2578 quarcunque

2065 2601 2268 2672 aliquis
2304 2602 2408 2657 sibi
2440 2601 2716 2656 desiderat
2744 2601 2890 2656 bona
2917 2641 2932 2667 ,
2959 2601 3115 2655 alteri
3147 2600 3408 2670 indigenti
3439 2599 3640 2668 pariter

2064 2695 2288 2750 tribuat.
2319 2693 2583 2763 Tuncque
2609 2694 2712 2763 ipsi
2740 2733 2756 2760 ,
2791 2693 2848 2747 in
2901 2691 2996 2746 Dei
3037 2692 3331 2762 imaginem
3381 2691 3638 2761 pietatem

2063 2787 2338 2843 exercenti
2365 2826 2380 2851 ,
2411 2787 2552 2841 bona
2601 2794 2780 2857 potest
2823 2785 3080 2855 imputari
3130 2799 3340 2840 merces
3367 2803 3380 2838 :
3409 2800 3516 2855 qua
3546 2799 3638 2838 ra..-

2064 2873 2211 2928 tione
2233 2913 2250 2938 ,
2284 2872 2331 2926 si
2362 2873 2467 2927 ista
2498 2871 2679 2928 facere
2702 2881 2950 2938 recuset,
2983 2873 3140 2944 quasi
3170 2873 3263 2943 qui
3297 2882 3672 2944 contempse-.

2064 2965 2136 3020 rit
2167 2965 2493 3036 imaginem,
2523 2967 2798 3036 punietur.

2131 3077 2200 3134 ν.
2240 3079 2322 3133 An
2351 3079 2520 3150 igitur
2543 3080 2650 3135 dici
2682 3087 2901 3151 potest,
2937 3090 3160 3152 propter
3205 3082 3464 3153 pietatem
3510 3097 3639 3153 erga

2061 3171 2232 3250 Deum
2285 3173 2393 3230 coli
2445 3187 2666 3228 onmem
2721 3173 2954 3230 formam
2979 3216 2995 3236 .
3030 3175 3076 3230 si
3111 3175 3387 3229 hominem
3408 3216 3424 3243 ,
3455 3182 3638 3230 veram

2061 3265 2156 3320 Dei
2187 3264 2502 3334 imaginem,
2540 3266 2594 3320 in
2619 3268 2876 3322 omnibus
2901 3266 3234 3323 contumelia
3269 3266 3504 3334 allicitis,
3541 3280 3640 3322 oc-

2061 3357 2317 3421 cidendo,
2338 3357 2718 3424 adulterando,
2749 3357 3006 3425 iurando,-
3038 3358 3096 3413 in
3132 3358 3320 3413 multis
3348 3357 3470 3412 aliis
3493 3359 3638 3413 indi-

2063 3466 2165 3521 gne
2193 3449 2552 3519 accipiendo?
2587 3447 2885 3520 Oportebat
2920 3461 3104 3507 autem
3129 3465 3198 3505 ne
3221 3465 3389 3506 unum
3417 3450 3637 3520 quidem

2062 3540 2265 3595 malum
2290 3540 2637 3594 committere
2665 3580 2681 3604 ,
2707 3553 2806 3609 per
2850 3539 2997 3608 quod
3049 3539 3212 3595 homo
3259 3539 3634 3607 contristetur;

2062 3647 2212 3687 nunc
2245 3645 2375 3685 vero
2404 3639 2602 3685 cuncta
2630 3628 2809 3686 facitis
2837 3629 3040 3700 quibus
3079 3629 3244 3684 homo
3281 3629 3520 3700 angitur.
3552 3628 3641 3686 ln-

2060 3720 2206 3790 juria
2239 3720 2384 3775 cnim
2409 3719 2574 3775 etiam
2608 3719 2860 3774 anxietas
2881 3719 2960 3773 tit.
2989 3717 3122 3773 Ideo.
3140 3718 3448 3775 interﬁcitis
3472 3727 3527 3774 et
3546 3733 3639 3776 res

2065 3814 2213 3869 illius
2260 3801 2489 3868 autertis
2536 3820 2590 3867 et
2625 3826 2969 3882 quaecunque
3001 3811 3106 3866 alia
3137 3810 3294 3866 scitis
3317 3851 3332 3876 ,
3361 3826 3486 3881 quae
3528 3825 3639 3866 non

2063 3908 2228 3963 vultis
2257 3907 2388 3977 pati.
2426 3907 2536 3962 Vos
2570 3917 2751 3962 autem
2783 3922 2827 3961 αι
2845 3906 3086 3978 maligno
3122 3906 3357 3976 quodam
3392 3915 3642 3977 serpente

2065 4000 2133 4055 ad
2163 4000 2432 4054 malitiam
2481 3998 2735 4070 decepti,
2793 4014 2890 4069 per
2939 3997 3306 4069 suspicionem
3357 4000 3643 4055 sententia

2065 4093 2270 4148 multos
2290 4092 2424 4148 deos
2451 4091 2783 4159 indueentis,
2803 4091 2858 4146 in
2885 4107 3009 4147 vera
3034 4092 3253 4161 quidem
3282 4093 3516 4162 imagine
3533 4109 3641 4150 seu

2067 4186 2290 4240 homine
2324 4185 2474 4254 impii
2501 4186 2634 4241 estis
2657 4228 2672 4252 ,
2703 4185 2756 4240 in
2791 4185 2957 4240 rebus
2996 4198 3128 4239 vero
3168 4200 3332 4241 sensu
3368 4186 3642 4242 destitutis

2064 4275 2140 4345 pii
2172 4275 2325 4330 vobis
2349 4275 2630 4329 videmini.

463 4345 548 4400 Vl.
589 4347 744 4410 Τινὲς
771 4348 827 4400 δὲ
865 4350 1140 4418 λέγουσιν,
1174 4353 1221 4406 εἰ
1265 4355 1340 4425 μὴ
1389 4352 1578 4424 ἢθελεν
1615 4356 1754 4410 αὐτὰ
1789 4354 1961 4422 εἶναι,

2141 4365 2232 4420 Vl.
2263 4364 2523 4420 Nonnulli
2555 4375 2739 4422 autem
2777 4367 2995 4437 dicunt,
3041 4368 3086 4424 si
3117 4368 3381 4425 noluisset
3409 4368 3552 4423 Deus
3574 4382 3640 4422 ea

387 4441 488 4494 αύκ
521 4440 586 4494 ἂν
631 4436 698 4512 ἦν
723 4483 738 4507 ,
788 4441 901 4495 ἀλλ’
939 4445 1250 4518 ἀνῃρεῖτο⁶⁸
1280 4447 1364 4500 ἄν.
1394 4450 1543 4520 Φημὶ
1589 4449 1772 4518 κάγὼ,
1807 4452 1968 4506 τοῦτο

391 4535 606 4596 πάντως
638 4533 826 4600 ἔσται,
857 4535 982 4589 ὅταν
1016 4537 1213 4602 πάντες
1254 4541 1352 4612 τὴν
1395 4540 1575 4595 αὐτῶν
1627 4544 1765 4614 πρὸς
1806 4545 1967 4598 αὐτὸν

387 4625 600 4690 δείξωσι
645 4627 964 4698 προαίρεσιν
987 4668 1003 4694 ,
1049 4633 1143 4684 καὶ
1175 4631 1347 4696 οὕτως
1377 4633 1584 4706 ἀλλαγὴ
1621 4633 1715 4688 τοῦ
1748 4633 1842 4688 νῦν
1875 4654 1966 4706 γε-

389 4723 610 4792 νήσεται
646 4723 870 4794 κόσμου.
906 4724 1052 4794 Πλὴν
1082 4726 1131 4778 εἰ
1164 4727 1256 4780 καὶ
1286 4708 1457 4791 ὁύτως
1484 4727 1704 4798 ἠθέλετε
1727 4729 1771 4760 ⁸⁸
1805 4731 1966 4784 αὐτὸν

393 4815 631 4883 ποιῆσαι,
657 4816 742 4868 ἵνα
777 4816 943 4888 μηδὲν
969 4817 1076 4872 τῶν
1100 4820 1586 4891 προσκυνουμένων
1619 4820 1966 4895 233ὐπῆρ-

2019 4519 2022 4522 _
2069 4471 2226 4523 csse,
2253 4457 2441 4527 utique
2474 4473 2584 4512 non
2617 4460 2980 4527 exstitissent,
3020 4459 3114 4516 sed
3147 4459 3378 4516 fuissent
3407 4458 3637 4514 sublata.

2070 4547 2182 4620 Ego
2232 4564 2453 4620 quoque
2496 4550 2702 4618 fateor,
2735 4551 2789 4605 id
2824 4552 3050 4607 omnino
3091 4551 3370 4615 futurum,
3421 4548 3641 4620 quando

2071 4656 2264 4697 omnes
2285 4656 2440 4695 suam
2475 4657 2602 4712 erga
2646 4641 2816 4697 Deum
2870 4643 3211 4698 ostenderint
3258 4643 3593 4698 voluntatem
3623 4683 3638 4709 ,

2073 4743 2299 4804 tumque
2326 4735 2490 4805 hujus
2517 4736 2702 4790 mundi
2755 4735 2874 4792 fore
2923 4739 3300 4793 mutationem.
3359 4734 3642 4790 Verumta-

2074 4841 2222 4894 men,
2255 4817 2471 4883 etiamsi
2498 4829 2662 4884 vultis
2705 4828 2859 4884 illum
2885 4830 2960 4884 ita
2983 4828 3163 4885 facere
3201 4838 3262 4882 ut
3284 4827 3420 4883 nihil
3450 4841 3640 4882 eorum

1651 4954 1888 5009 VARl/E
1929 4951 2326 5014 LECTIONES.

463 5036 687 5092 “Haud
740 5039 881 5094 male
924 5040 966 5092 D
1032 5041 1259 5112 corrigit
1320 5044 1427 5097 ὑπὸ
1483 5046 1652 5098 ποίων
1700 5047 1884 5100 κακῶν
1947 5055 2008 5101 ιιι
2076 5048 2216 5104 infra
2279 5052 2426 5106 hom.
2493 5069 2580 5116 xu.
2648 5053 2736 5108 ll.

463 5108 528 5143 φή
587 5108 640 5143 in
699 5119 844 5143 non"
931 5120 988 5143 no
1046 5115 1088 5143 n
1204 5112 1251 5143 ιο
1284 5115 1497 5143 Aul“..-
1566 5119 1649 5143 ιηη.
1746 5127 1924 5143 ...........
1995 5117 2028 5143 ρ
2152 5120 2194 5143 aq
2217 5122 2342 5143 usa
2399 5129 2440 5143 ,ι
2551 5124 2595 5143 n
2625 5124 2736 5143 1-4

391 5115 532 5162 κατά
586 5115 640 5162 ιιι
699 5119 899 5194 textu“
931 5120 991 5166 ut
1046 5115 1109 5166 0.
1204 5115 1251 5143 ⁸⁸
1281 5115 1497 5180 εἰκόνας
1563 5119 1668 5184 leg.
1743 5127 1931 5172 censet
1995 5117 2050 5172 S.
2152 5120 2346 5176 ⁵⁷ἀλλά
2398 5129 2459 5177 0.
2550 5115 2596 5155 ⁸⁸
2617 5124 2832 5180 ἀσεϐεῖν
2883 5125 3028 5195 ὑμᾶς

391 5178 1018 5266 ρυξθῆγυμνιτευοντι
1062 5184 1140 5266 ΔΟ.
1210 5182 1588 5266 “.ltaﬂ0_c.
1634 5186 2112 5266 S._(cfr._hgm._
2151 5207 2274 5260 xu,
2333 5193 2460 5266 52),,
2527 5196 2935 5266 ἐπιφαινόμενοι

390 5108 532 5162 κατά
586 5108 640 5162 in
699 5119 870 5172 textu,
931 5120 991 5166 ut
1046 5115 1109 5166 0.

2835 5052 2968 5107 "Ita
3033 5053 3177 5124 conj.
3230 5052 3315 5125 C,
3365 5052 3458 5125 qui
3511 5053 3638 5125 exh.

2152 5120 2194 5152 υτ
2209 5122 2346 5176 ἀλλά
2398 5129 2459 5177 o.
2550 5124 2596 5155 ιε
2617 5124 2832 5180 ἀσεϐεῖν
2883 5125 3028 5195 ὑμᾶς
3089 5120 3152 5195 p.‘
3197 5124 3341 5196 ὑμᾶς
3383 5120 3641 5178 ἐὐσεϐεῖν

2152 5207 2229 5246 xu
2259 5234 2274 5260 ,
2333 5193 2460 5266 52),
2527 5196 2935 5266 ἐπιφαινόμενοι
3175 5193 3530 5266 ⁶²ἀναδέξητε
3563 5196 3638 5266 _0.

391 5248 437 5358 ;'
457 5247 780 5350 Adde‘raidu’m
808 5252 931 5303 ἐστε
951 5255 1348 5339 ροειἾμορφήν.
1380 5254 1438 5309 S.
1477 5255 1614 5310 Tum
1648 5259 1743 5310 τοῦ
1757 5247 1823 5327 ἰι
1857 5258 1956 5358 τὴν
1982 5259 2041 5312 Ο.
2072 5247 2280 5318 Forsan
2315 5247 2662 5320 scrihcndum
2697 5247 2908 5332 est?»
2946 5247 3043 5320 τοῦ
3067 5247 3255 5329 *ὅντως
3289 5247 3432 5318 Θεοῦ
3456 5247 3642 5317 εἰκόνα

408 5335 512 5358 mea
667 5320 1037 5358 ἑυιιιῖηίῖηυιι-ερ·
1062 5321 1103 5358 l.
1217 5325 1445 5358 “mam!”
1469 5343 1504 5358 η
1556 5326 1678 5358 ..-κ’
1707 5327 1829 5358 Sun
1925 5328 2178 5358 tn..--r.-
2208 5336 2249 5358 n
2341 5335 2386 5358 η
2415 5335 2441 5358 ιι
2485 5334 2517 5358 n
2594 5339 2634 5358 η
2707 5336 2730 5358 οι
2753 5338 2791 5358 ι·
2848 5334 2984 5358 ψη...
3023 5338 3110 5358 ---Α
3167 5337 3225 5358 ν.-
3266 5352 3297 5358 _
3352 5336 3444 5358 --.Α
3475 5334 3614 5358 ελ-..

389 5316 533 5398 bit-ra.
597 5316 1037 5398 ⁸³-ὲνυϐρίςοντες
1062 5316 1128 5376 (ἒξ
1175 5316 1262 5398 ξολ
1281 5316 1445 5398 μηδέν
1469 5343 1522 5396 p.
1545 5326 1678 5398 Δμηδ’
1707 5316 1848 5381 ἕνὈ.

1925 5328 2179 5407 ξλυπεῖτε
2208 5336 2269 5388 Ο.
2323 5335 2386 5407 Α⁶⁶
2409 5335 2445 5389 ἀ
2484 5334 2544 5407 5.
2593 5339 2634 5407 _O
2663 5376 2677 5400 ,
2703 5336 2732 5388 ὃ
2753 5338 2814 5390 υ.
2848 5328 2987 5392 Tum
3007 5338 3116 5407 καὶ
3159 5328 3243 5391 ἀνί
3266 5352 3321 5407 p.
3352 5336 3445 5388 καί
3468 5334 3636 5407 idem.

393 5387 686 5476 νὲξηοητοῇ
699 5387 942 5476 Ρχέοῦτο
1081 5399 1154 5475 ,⁸⁷
1174 5391 1251 5476 με
1281 5387 1322 5449 S
1344 5387 1368 5464 ’,
1397 5387 1690 5476 φοῦεύέὁθε
1711 5398 1777 5476 (ξε
1889 5397 2026 5452 Tum
2055 5387 2883 5476 ἀφαιρεῖσθαιδ,νίξεὶιιιίθίὲστίν
3133 5387 3364 5476 conj“).
3397 5387 3404 5388 ί
3437 5387 3487 5440 νι⁸
3508 5387 3639 5476 ἀνῇ-ξ

395 5474 527 5546 (δῃῖο
550 5460 842 5546 ρ.“[ξρειεα
869 5462 1096 5546 ascripsi
1121 5460 1649 5546 πάντες-ῥίοοόειη.
1732 5466 1776 5546 δξ
1793 5466 1985 5546 οὕτως,
2008 5470 2072 5546 ,εἰ
2103 5460 2302 5546 θέλετε,
2321 5475 2383 5529 (3.
2421 5475 2511 5546 Ae
2634 5460 3002 5531 scribenddnr
3026 5460 3255 5546 putabat
3291 5474 3430 5546 πλὴν
3475 5477 3523 5528 εἰ
3550 5460 3642 5529 κάξ

392 5527 601 5619 ῗέἷφῗὶ
621 5530 807 5619 θέλετε
841 5527 1274 5605 “MV—“051W?
1305 5527 1686 5594 Verumtamen
1725 5536 1774 5590 si
1815 5539 1893 5592 sic
1931 5527 2094 5598 ὖέιιιίι
2131 5558 2247 5597 eum
2277 5527 2451 5615 rae...
2476 5527 3245 5619 sgugg'qtnéazcuaia
3278 5527 3642 5602 tantumne

393 5607 516 5668 post
541 5599 700 5674 πλήν.
