4082 6160
359 238 459 296 281

1411 238 1850 296 CLEMENTINA
1877 271 1945 282 ——
1973 240 2256 298 HOMlLlA
2280 243 2385 314 XI.

3497 241 3606 296 283

355 356 534 426 τὸνηέν
563 355 729 409 πᾶσιν
763 355 922 430 ύμᾶςῖ
998 353 1426 428 εὐεργετήσαντα
1455 359 1759 431 εὐχαρίστῳ
1787 361 1927 432 ἀμεί-

2037 364 2367 432 aequitatem,
2401 374 2559 425 eum,
2593 359 2686 428 qui
2716 359 2971 417 omnibus
3000 374 3099 416 vos
3120 358 3410 416 cumulavit
3435 358 3605 415 bene-

357 445 558 517 ψασθαι
582 447 754 516 φωνῇ.

433 535 519 590 IX.
575 536 761 604 Ἀλλὰ,
810 537 1005 609 φησὶν,
1041 541 1286 612 κρεῖττον
1318 539 1608 613 ποιοῦμεν,
1638 542 1752 613 ἃμα
1789 543 1934 615 αὑτῷ

365 631 460 684 καὶ
503 631 666 683 πᾶσιν
715 630 1180 702 εὐχαριστοῦντες.
1248 631 1406 686 Ἀλλά
1467 633 1639 687 ταῦτα
1687 633 1936 703 λέγοντες

357 721 457 774 οὐκ
489 720 599 774 ἴστε
627 720 727 792 τὴν
758 722 879 775 καθ’
913 723 1065 794 ὑμῶν
1097 723 1406 796 ἐπιϐουλήν.
1457 726 1544 790 Ὠς
1575 727 1704 798 γὰρ,
1733 728 1934 781 ὁπόταν

356 809 469 871 ἕνα,
483 811 756 883 κάμνοντα
789 813 969 866 πολλοὶ
1013 815 1184 886 ίατροὶ
1213 815 1532 886 θεραπεύειν
1564 820 1935 889 ἐπαγγέλλων-

354 903 444 958 ται
465 905 509 936 ⁸³
546 905 710 976 μηδὲν
741 906 900 976 235
921 906 1226 978 δυνάμενοι,
1247 905 1328 972 εἷς
1359 909 1416 962 δέ
1446 927 1531 974 τις
1560 910 1727 976 ὅντως
1753 913 1932 967 ίᾶσθαι

353 995 644 1068 δυνάμενος
671 997 771 1068 τὴν
797 997 959 1051 αὐτοῦ
991 997 1263 1052 ἀντίδοτον
1287 999 1359 1071 μὴ
1383 1002 1701 1074 προσφέρει,
1718 1003 1934 1072 λογισά-

357 1108 512 1161 μενος
542 1091 622 1143 ὅτι
643 1129 658 1154 ,
695 1090 760 1144 ἂν
792 1090 954 1155 αὐτὸς
986 1089 1318 1164 θεραπεύσῃ,
1349 1091 1496 1146 ἄλλοι
1519 1094 1930 1164 ἐπιγράφονται,

351 1179 490 1234 οὕτω
519 1182 613 1235 καὶ
643 1183 671 1234 6
703 1181 834 1245 Θεὸς
856 1222 871 1245 ,
910 1181 1048 1252 μετὰ
1081 1181 1288 1235 πολλῶν
1315 1182 1639 1254 ἀξιούμενος
1674 1184 1782 1238 τῶν
1829 1203 1933 1256 μη-

351 1271 437 1324 δὲν
468 1271 802 1343 δυναμένων,
837 1273 938 1324 οὐκ
970 1272 1266 1344 εὐεργετεῖ.
1303 1273 1367 1326 Τί
1392 1269 1504 1340 οῦν,
1535 1277 1719 1346 φησὶν,
1753 1277 1781 1328 6
1802 1276 1933 1340 Θεὸς

349 1363 440 1415 ἐπὶ
480 1362 658 1434 τούτῳ
699 1364 1033 1432 ἀγανακτεῖ,
1088 1365 1182 1418 ἐάν
1225 1382 1288 1434 γε
1326 1365 1490 1419 αὑτοῦ
1547 1367 1936 1438 θεραπεύοντος

348 1452 502 1516 ἄλλος
544 1453 914 1524 ἐπιγράφηται
935 1453 1022 1518 ⁸⁵;
1072 1455 1218 1525 ⁶Ῑνημὶ
1239 1494 1252 1518 ,
1287 1457 1336 1509 εί
1369 1457 1462 1510 καὶ
1497 1457 1569 1528 μὴ
1605 1459 1930 1527 ἀγανακτεῖ,

348 1541 459 1596 ἀλλ’
492 1538 586 1597 οῦν
611 1559 675 1611 γε
707 1545 770 1597 οὐ
792 1543 934 1596 θέλει
955 1544 1000 1576 ³⁸
1029 1544 1128 1614 τῆς
1147 1544 1364 1617 ἀπάτης
1385 1547 1641 1618 συνεργὸς
1662 1548 1930 1616 γενέσθαι.

347 1634 522 1688 Αὐτοῦ
543 1634 652 1706 γὰρ
681 1635 1137 1707 εὐεργετήσαντος
1155 1637 1248 1690 καὶ
1266 1637 1328 1689 τὸ
1350 1637 1513 1708 μηδὲν
1536 1639 1766 1709 ποιῆσαν
1781 1639 1934 1692 εἴδω-

2037 454 2198 516 ticiis,
2239 461 2388 522 grata
2416 453 2754 506 remunerari
2783 465 2932 507 voce.

2107 542 2200 598 IX.
2242 540 2345 596 Sed
2369 580 2384 604 ,
2420 541 2632 610 inquit,
2667 540 2862 595 melius
2905 539 3134 598 facimus
3157 584 3171 609 ,
3202 542 3296 612 qui
3331 541 3381 598 ei
3419 540 3601 596 omni-

2033 638 2248 706 busque
2279 633 2446 690 simul
2483 633 2697 703 gratias
2724 634 2956 703 agimus.
2986 632 3182 689 Verum
3211 635 3323 689 haec
3371 634 3603 689 dicendo

2036 744 2146 783 non
2185 726 2488 796 intelligitis
2523 732 2762 779 structas
2785 725 2936 779 vobis
2967 724 3210 779 insidias.
3239 725 3604 790 Quemadmo-

2035 819 2163 875 dum
2191 817 2336 872 enim
2367 857 2383 882 ,
2410 811 2637 886 quando
2658 827 2826 866 unum
2852 827 3055 882 :egrum
3081 812 3237 865 multi
3269 813 3483 879 medici,
3506 813 3602 882 qui

2035 911 2174 967 nihil
2203 917 2454 980 possunt,
2492 905 2823 977 promittunt
2850 919 3065 967 curare,
3094 919 3266 969 unus,
3291 904 3388 972 qui
3413 919 3602 959 revera

2035 1011 2211 1073 potest
2236 999 2465 1064 mederi,
2494 996 2794 1051 remedium
2824 1010 2984 1049 suum
3008 1010 3117 1049 non
3146 995 3394 1064 porrigit,
3416 1009 3601 1049 secum

2034 1099 2314 1160 reputans,
2340 1087 2508 1158 quod,
2529 1086 2631 1141 etsi
2652 1085 2766 1154 ipse
2787 1085 3080 1150 sanaverit,
3104 1084 3429 1138 attribuetur
3449 1084 3599 1139 aliis:

2037 1183 2112 1236 ita
2147 1191 2202 1236 et
2233 1180 2406 1244 Deus,
2440 1193 2548 1233 una
2575 1194 2700 1233 cum
2743 1179 2930 1232 multis
2950 1176 3041 1246 qui
3064 1176 3214 1230 nihil
3264 1184 3492 1245 possunt
3516 1191 3604 1230 ro-

2035 1281 2214 1341 gatus,
2246 1288 2353 1327 non
2381 1281 2602 1342 praestat
2631 1269 2980 1326 beneﬁcium.
3024 1268 3164 1335 Quid
3212 1284 3373 1338 ergo,
3405 1266 3601 1337 inquit,

2035 1363 2180 1418 Deus
2209 1363 2401 1417 ideone
2438 1362 2775 1433 indignatur,
2808 1360 2887 1424 si,
2925 1375 3048 1414 cum
3084 1358 3198 1428 ipse
3223 1366 3395 1424 curet,
3433 1358 3604 1412 ascri-

2035 1453 2194 1508 batur
2227 1451 2418 1506 alteri?
2442 1450 2784 1520 Respondeo,
2820 1449 2946 1503 licet
2979 1463 3084 1502 non
3113 1447 3441 1518 indignetur,
3471 1457 3606 1502 atta-

2035 1561 2159 1603 men
2190 1559 2297 1599 non
2334 1544 2450 1598 vult
2474 1558 2598 1598 esse
2627 1543 2832 1596 erroris
2861 1541 3098 1610 adjutor.
3131 1539 3426 1609 Postquam
3455 1541 3602 1594 enim

2036 1635 2151 1704 ipse
2178 1633 2446 1689 benelecit
2470 1675 2485 1700 ,
2516 1632 2678 1688 etiam
2706 1631 2936 1695 idolum,
2965 1629 3108 1699 quod
3131 1629 3265 1682 nihil
3290 1630 3399 1699 egit
3425 1669 3439 1693 ,
3479 1638 3605 1682 tan-

344 1726 434 1780 λον
466 1728 546 1791 ὡς
588 1726 812 1799 δυνηθὲν
857 1728 1162 1783 πιστοῦται.
1211 1729 1367 1783 Ἀλλά
1418 1728 1571 1799 κάγώ
1621 1731 1761 1802 φημί
1812 1749 1927 1798 σοι,

2035 1741 2198 1796 quam
2250 1723 2441 1779 efﬁcax
2493 1723 2649 1776 [idem
2698 1721 2914 1789 accipit.
2969 1719 3073 1774 Sed
3111 1728 3165 1773 et
3194 1733 3295 1788 ego
3327 1718 3422 1773 tibi
3453 1719 3599 1783 dico,

344 1818 393 1872 εί
419 1817 466 1850 ⁸⁸
503 1818 579 1889 μὴ
614 1819 856 1887 φυσικῶς
883 1819 1107 1892 ἠδίκητο
1148 1821 1284 1891 πρὸς
1328 1820 1628 1894 ἀναίσθητα
1659 1823 1930 1895 ἐπτοημέ-

345 1925 433 1972 νος
462 1909 600 1979 (29),
627 1909 757 1974 ἴσως
771 1909 838 1963 ἂν
880 1911 972 1965 καὶ
1001 1909 1162 1964 τοῦτο
1200 1913 1606 1983 ύπομεμενήκει
1627 1930 1641 1945 ·
1659 1913 1738 1966 διὸ
1756 1914 1931 1985 νήψα-

345 2017 407 2054 τε
431 2000 549 2069 (50)
581 2000 721 2073 ὑπὲρ
745 2001 845 2072 τῆς
874 2002 1149 2073 σωτηρίας
1178 2002 1248 2056 τά
1275 2003 1470 2072 εὔλογα
1503 2007 1662 2058 νοεῖν.
1711 2004 1767 2058 Ὀ
1799 2005 1932 2068 Θεὸς

344 2090 450 2163 γὰρ
481 2093 736 2162 ἀνενδεὴς
775 2092 850 2145 ὣν
891 2093 1054 2157 αὐτὸς
1079 2094 1294 2159 οὐδενὸς
1325 2095 1530 2160 δεῖται,
1555 2095 1678 2148 οὕτε
1701 2095 1932 2166 βλάπτε-

343 2197 450 2235 ται.
513 2181 701 2252 Ἠμῶν
747 2182 857 2253 γάρ
888 2183 1094 2236 ὲστιτὸ
1135 2184 1455 2252 ὠφελεῖσθαι
1500 2186 1532 2257 ἢ
1579 2185 1925 2256 βλάπτεσθαι.

350 2273 560 2344 Ὄνπερ
591 2273 701 2344 γὰρ
747 2274 947 2346 τρόπον
980 2277 1197 2348 Καῖσαρ
1216 2277 1262 2309 ⁸⁷
1290 2279 1404 2347 (51)
1432 2278 1556 2331 οὔτε
1584 2267 1791 2350 βλασφη
1802 2281 1931 2350 μού-

349 2366 506 2430 μενος
543 2361 868 2432 βλάπτεται,
904 2362 1024 2418 οὔτε
1077 2365 1560 2437 εὐχαριστούμενος
1603 2367 1888 2436 ὠφελεῖται
1910 2408 1925 2434 ,

343 2456 478 2510 ἀλλά
521 2454 618 2510 τοῦ
645 2455 1089 2530 εὐχαριστοῦντος
1137 2459 1234 2529 μὲν
1283 2458 1491 2527 γίνεται
1522 2459 1581 2512 τὸ
1614 2459 1889 2513 ἀκίνδυνον
1911 2500 1926 2525 ,

343 2549 438 2604 τοῦ
470 2549 532 2602 δὲ
567 2549 1004 2621 βλασφημοῦντος
1037 2550 1287 2621 ὄλεθρος,
1315 2550 1488 2615 οὕτως
1519 2553 1568 2605 οἱ
1600 2551 1731 2606 Θεὸν
1761 2553 1929 2625 εὐφη-

348 2639 577 2710 μοῦντες
641 2641 800 2694 αὐτὸν
863 2642 959 2711 μὲν
1007 2639 1159 2694 οὐδὲν
1209 2639 1536 2710 ὠφελοῦσιν,
1592 2641 1816 2705 ἑαυτοὺς
1869 2642 1927 2695 δὲ

347 2730 628 2796 σώζουσιν·
695 2733 896 2802 ὁμοίως
929 2733 1022 2785 καὶ
1052 2735 1102 2785 οἱ
1137 2732 1582 2804 βλασφημοῦντες
1625 2733 1784 2788 αὐτὸν
1829 2735 1926 2804 μὲν

344 2823 754 2878 οὐκ-ἀδικοῦσιν
776 2863 790 2889 ,
817 2824 969 2878 αὐτοὶ
999 2824 1056 2878 δὲ
1086 2823 1474 2896 όλοθρεύονται.

409 3003 476 3058 Χ.
535 3001 696 3056 Ἀλλά
720 3041 736 3067 ,
785 3003 978 3073 φησὶν,
1019 3003 1118 3073 οὐχ
1153 3003 1352 3074 ὁμοίως
1388 3005 1474 3056 ἐπ’
1505 3003 1790 3076 ἀνθρώπου
1828 3005 1920 3059 καὶ

343 3096 493 3150 Θεοῦ.
529 3095 796 3166 Σύμφημι
826 3092 1001 3163 κάγὼ,
1034 3095 1195 3166 236
1227 3097 1310 3149 ὅτι
1338 3097 1434 3167 οὐχ
1461 3095 1676 3168 ὁμοίως.
1707 3097 1921 3162 Μείζων

346 3187 448 3260 γὰρ
483 3189 517 3258 ἡ
555 3187 775 3249 κόλασις
800 3186 875 3250 ὼς
907 3185 1087 3257 μεῖζον
1100 3186 1144 3218 ⁸⁸
1177 3186 1526 3257 ἀσεϐήσαντι,
1559 3187 1736 3258 ἥττων
1761 3188 1817 3240 δὲ
1843 3187 1920 3262 τῷ

345 3281 420 3341 είς
447 3279 542 3332 τὸν
573 3278 775 3349 ἥττονα
809 3277 1203 3348 ἁμαρτήσαντι.
1241 3279 1330 3342 Ὠς
1357 3273 1448 3332 οῦν
1474 3278 1689 3332 πάντων
1723 3279 1920 3349 μείζων

343 3370 371 3422 6
398 3369 531 3434 Θεὸς
553 3370 585 3434 ,’
619 3367 796 3432 οὕτως
838 3367 1057 3439 μείζονα
1102 3367 1288 3438 ὑφέξει
1334 3369 1552 3423 κόλασιν
1581 3371 1610 3423 6
1651 3371 1732 3433 εἰς
1760 3369 1920 3424 αὐτὸν

344 3461 654 3534 ἀσεϐήσας,
700 3460 784 3524 ,ὡς
826 3461 906 3523 είς
957 3458 1174 3530 μείζονα
1217 3461 1571 3532 ἁμαρτήσας,
1603 3460 1703 3515 οὐκ
1757 3461 1919 3516 αὐτοῦ

345 3553 660 3626 αὐτόχειρος
687 3553 1049 3624 ἀμυνομένου,
1073 3551 1209 3606 ἀλλά
1237 3553 1416 3625 πάσης
1448 3554 1546 3625 τῆς
1573 3553 1802 3618 κτίσεως
1828 3554 1920 3608 ἐπὶ

343 3645 516 3717 τούτῳ
545 3645 958 3717 ἀγανακτούσης
983 3645 1077 3698 καὶ
1105 3645 1346 3715 φυσικῶς
1372 3645 1820 3717 ὲπεξερχομένης.
1846 3647 1920 3702 Οὐ

343 3736 450 3808 γὰρ
482 3735 648 3790 δώσει
680 3737 758 3808 τῷ
793 3737 1096 3808 βλασφήμῳ
1142 3738 1240 3808 οὐχ
1284 3737 1435 3807 ἥλιος
1463 3737 1522 3790 τὸ
1554 3737 1669 3806 φῶς
1689 3777 1704 3802 9
1755 3739 1815 3791 οὐ
1849 3739 1920 3810 γῆ

343 3830 467 3892 τοὺς
507 3830 777 3900 καρποὺς,
801 3828 861 3881 οὐ
895 3829 1044 3900 πηγὴ
1074 3827 1135 3881 τὸ
1155 3826 1319 3900 ὕδωρ,
1348 3830 1446 3882 οὐκ
1474 3829 1531 3881 ὲν
1565 3829 1665 3902 ᾅδῃ
1685 3831 1750 3900 τῇ
1775 3829 1919 3902 ψυχῇ

341 3919 372 3974 6
415 3921 538 3973 ἐκεῖ
585 3919 862 3983 καθεστὼς
892 3920 1074 3991 ἄρχων
1120 3921 1219 3991 τὴν
1251 3921 1573 3986 ἀνάπαυσιν,
1623 3923 1784 3976 ὁπότε
1829 3924 1923 3977 καὶ

342 4008 435 4064 νῦν
481 4011 581 4065 ἐπὶ
599 4011 644 4043 ⁸³
685 4012 784 4082 τῆς
826 4010 919 4063 τοῦ
972 4011 1176 4082 κόσμου
1223 4010 1564 4083 προθεσμίας
1607 4013 1924 4086 ὑφεστώσης

2033 1817 2139 1872 nisi
2168 1815 2387 1886 propria
2424 1824 2479 1870 et
2508 1813 2744 1868 naturali
2775 1811 2974 1881 injuria
3002 1810 3307 1866 aﬂiceretur
3332 1851 3348 1876 ,
3383 1811 3604 1879 quando

2031 1924 2140 1962 una
2169 1923 2294 1962 cum
2323 1921 2546 1961 sensum
2597 1918 2705 1958 non
2748 1902 3076 1957 habentibus
3122 1901 3346 1955 timetur
3375 1916 3439 1956 ac
3469 1901 3603 1956 ado-

2029 2009 2201 2062 ratur,
2241 1997 2382 2052 forte
2413 1997 2516 2051 hoc
2544 1995 2709 2050 etiam
2749 1993 3070 2060 sustineret;
3097 2001 3426 2062 quapropter
3455 2009 3605 2048 cura:

2029 2088 2101 2144 sit
2126 2088 2303 2154 vobis,
2340 2096 2401 2142 ut
2430 2085 2628 2140 rationi
2658 2093 3024 2140 consentanea
3073 2100 3173 2155 pro
3209 2085 3384 2138 salute
3414 2093 3600 2139 vestra

2028 2180 2363 2250 intelligatis.
2397 2177 2542 2233 Deus
2571 2178 2714 2232 enim
2748 2176 2851 2232 sibi
2884 2176 3156 2230 sutIiciens
3187 2175 3339 2230 nullo
3370 2176 3596 2246 indiget,

2027 2286 2202 2343 neque
2231 2269 2464 2324 laeditur.
2495 2265 2758 2322 Nostrum
2789 2267 2988 2337 quippe
3015 2273 3098 2321 est
3125 2265 3305 2335 juvari
3338 2275 3432 2321 aut
3452 2267 3595 2323 laedi.

2025 2360 2164 2416 Nam
2196 2361 2341 2416 sicut
2370 2359 2556 2414 Caesar
2586 2373 2762 2428 neque
2793 2357 3098 2412 maledictis
3141 2357 3388 2421 laeditur,
3421 2374 3598 2427 neque

2027 2455 2327 2528 gratiarum
2352 2451 2660 2508 actionibus
2689 2449 2934 2519 juvatur,
2968 2448 3084 2512 sed,
3115 2448 3206 2517 qui
3235 2449 3438 2518 gratias
3463 2450 3594 2519 agit,

2025 2548 2371 2605 securitatem
2393 2546 2583 2608 habet,
2612 2542 2706 2611 qui
2747 2539 3021 2595 maledicit
3053 2540 3331 2594 interitum
3361 2559 3374 2594 :
3405 2541 3478 2596 ita
3501 2543 3615 2617 qui

2024 2640 2195 2694 Deum
2228 2636 2480 2692 laudibus
2526 2641 2934 2704 prosequuntur
2963 2673 2978 2698 ,
3015 2631 3196 2701 ipsum
3250 2648 3596 2702 nequaquam

2026 2732 2307 2802 adjuvant,
2333 2729 2437 2784 sibi
2467 2743 2596 2781 vero
2627 2726 2760 2796 ipsis
2793 2726 3026 2780 salutem
3073 2724 3338 2792 all‘erunt,
3370 2727 3598 2795 parique

2025 2821 2220 2887 modo,
2256 2819 2349 2889 qui
2399 2815 2664 2872 conviciis
2693 2824 2988 2885 appetunt,
3040 2813 3091 2868 ei
3131 2815 3350 2884 quidem
3377 2831 3486 2871 non
3517 2816 3598 2872 fa-

2022 2912 2174 2969 ciunt
2198 2909 2457 2980 injuriam
2476 2947 2491 2973 ,
2528 2906 2630 2978 ipsi
2655 2921 2785 2961 vero
2809 2915 3059 2976 pereunt.

2091 3003 2161 3058 X.
2207 3001 2334 3068 Sed,
2374 3001 2589 3070 inquit,
2623 3013 2732 3053 non
2765 2999 3016 3054 similiter
3047 2998 3101 3052 in
3136 2999 3355 3054 homine
3381 2989 3436 3055 ei
3461 2999 3593 3056 Deo.

2023 3095 2089 3150 Et
2114 3109 2215 3164 ego
2245 3092 2441 3158 fateor,
2475 3090 2622 3160 quod
2651 3105 2760 3144 non
2789 3091 3060 3145 similiter.
3089 3089 3264 3156 Maius
3293 3092 3438 3146 enim
3467 3108 3599 3162 sup-

2023 3187 2247 3258 plicium
2276 3195 2336 3239 ut
2364 3183 2541 3254 magis
2574 3182 2742 3251 impio
2791 3200 2804 3238 :
2837 3182 3021 3236 minus
3061 3191 3241 3237 autem
3276 3185 3359 3250 ei,
3403 3185 3497 3253 qui
3539 3185 3594 3242 in

2023 3278 2290 3334 minorem
2318 3274 2583 3345 peccavit.
2613 3271 2767 3327 Sicut
2789 3288 2918 3342 ergo
2944 3273 3214 3328 maximus
3239 3276 3486 3328 omnium
3510 3283 3596 3330 est

2023 3370 2190 3437 Deus,
2217 3369 2292 3423 ita
2323 3366 2592 3422 maximas
2620 3364 2770 3420 dabit
2795 3380 3006 3434 pennas,
3035 3364 3130 3434 qui
3159 3365 3213 3417 in
3238 3379 3362 3418 eum
3393 3366 3594 3433 impius

2023 3462 2330 3528 exstiterit,
2381 3457 2642 3531 quoniam
2687 3459 2951 3513 adversus
3002 3457 3303 3510 maximum
3341 3457 3590 3526 deliquit.

2026 3555 2212 3626 Neque
2265 3553 2410 3610 Deus
2458 3552 2676 3623 propria
2728 3566 2892 3606 manu
2946 3550 3260 3614 ulciscetur,
3313 3559 3369 3604 at
3414 3549 3594 3604 pinnis

2027 3656 2278 3704 creatura
2309 3646 2364 3700 in
2391 3661 2455 3700 ea
2483 3660 2542 3699 re
2577 3643 2949 3714 indignabitur
2978 3650 3032 3696 et
3066 3642 3387 3724 naturaliter
3417 3641 3594 3694 vindi-

2025 3740 2189 3795 cabit.
2222 3737 2340 3793 Non
2373 3737 2520 3792 enim
2552 3736 2872 3804 blasphemo
2900 3734 3051 3788 dabit
3091 3734 3268 3788 lucem
3314 3734 3433 3798 sol,
3481 3748 3592 3787 non

2025 3831 2236 3887 fructus
2264 3841 2424 3897 terra,
2451 3845 2560 3884 non
2585 3843 2781 3898 aquam
2813 3827 3011 3893 fontes,
3036 3842 3146 3881 non
3171 3826 3374 3882 tribuet
3396 3826 3594 3880 anima:

2026 3927 2082 3981 in
2113 3925 2302 3979 inferis
2331 3923 2596 3994 requiem,
2625 3921 2718 3992 qui
2747 3921 2820 3974 ibi
2844 3920 3172 3975 constitutus
3198 3929 3282 3974 est
3305 3921 3590 3989 princeps:

2025 4019 2247 4088 quando
2277 4032 2424 4071 nunc
2451 4031 2669 4085 quoque
2690 4056 2704 4080 ,
2749 4014 2926 4068 adhuc
2967 4013 3298 4068 subsistente
3329 4011 3594 4082 praeﬁnito

343 4104 764 4175 παραγανακτεῖ
806 4103 956 4156 πᾶσα
1001 4103 1034 4173 ή
1082 4103 1276 4169 κτίσις.
1325 4104 1416 4156 Διὸ
1465 4102 1588 4157 οὔτε
1607 4105 1653 4136 ⁸⁸
1689 4105 1925 4171 τελείους

2033 4111 2222 4164 mundi
2257 4119 2521 4180 tempore,
2554 4123 2695 4178 a'gre
2721 4106 2825 4161 fert
2860 4107 3114 4162 universa
3146 4116 3416 4161 creatura.
3448 4103 3594 4160 Ideo-

1657 4218 1886 4274 VARLE
1923 4217 2324 4277 LECTIONES.

406 4319 454 4353 ⁸³
479 4318 564 4398 ita
595 4317 718 4398 0_c.
746 4322 806 4387 S,
837 4324 1266 4398 ἐπαγγέλλονται
1297 4323 1358 4398 C_.
1384 4311 1798 4398 Particulam6é
1820 4327 2272 4398 ‘seq.__utrinsquc
2301 4324 2450 4379 hom.
2495 4323 2650 4398 codd.
2683 4319 2986 4398 auctoritas
3011 4327 3233 4398 tuetur:
3269 4324 3600 4398 quapropter

343 4405 444 4467 non
474 4391 703 4467 delenda
739 4403 797 4446 ut
822 4389 1015 4467 censet
1036 4396 1120 4467 8..Δ
1170 4395 1215 4426 ⁸⁸
1245 4393 1525 4467 ἐπιγραφῇ
1554 4395 1614 4467 ρ.
1657 4396 1734 4467 ί⁸⁸
1771 4389 1924 4464 λέγει
1952 4395 2032 4448 Cl.
2067 4404 2122 4467 et
2167 4395 2206 4446 S
2231 4405 2419 4467 contra
2463 4395 2620 4467 codd.
2652 4392 3060 4467 auctoritatem.
3105 4389 3430 4467 Scltfvegleri
3457 4401 3598 4467 fon-

337 4459 551 4544 jec'tpra
586 4461 729 4544 θέλει
755 4464 970 4544 ιυιεεμ
1004 4464 1162 4544 leetio
1188 4473 1272 4520 est
1299 4458 1476 4544 οὴρξ-ῼέ
1500 4458 1525 4465 ”
1549 4464 1594 4496 ⁸⁸
1620 4466 1667 4518 εί
1701 4467 1742 4518 0
1779 4458 1928 4544 et'ex
1961 4463 2392 4544 conjectmcuinn
2417 4463 2535 4544 euj.
2565 4471 2714 4544 textu
2847 4462 2925 4544 Π⁸⁷
2952 4461 3172 4544 ἰξαίσαρ
3341 4458 3387 4544 δέ
3517 4458 3600 4544 εἰς

345 4531 568 4605 μείζονα
592 4532 734 4600 conj.
755 4531 827 4605 ΔΙ),
853 4531 938 4604 τῷ
969 4533 1151 4605 μεῖζον
1173 4551 1278 4605 εον.
1316 4531 1737 4590 Schliemanuus
1771 4534 2020 4589 Clement.
2055 4531 2106 4605 ρ,
2141 4533 2264 4605 250,
2292 4532 2413 4605 569.

2492 4526 2536 4565 λθ
2563 4533 2643 4585 ἔτι
2667 4526 2811 4595 conj.
2843 4530 2905 4585 C.
2983 4533 3028 4564 ⁹⁰
3063 4526 3333 4584 Coto‘lerio
3363 4536 3486 4595 post
3516 4526 3598 4578 διὸ

342 4596 458 4653 οὔτε
485 4596 931 4658 άεθεεθ’νὶόθιυί·
958 4596 1018 4658 ὀύ
1058 4596 1202 4668 ανός.
1235 4603 1396 4659 Forte
1427 4615 1604 4659 tamen
1633 4605 1852 4672 scripsit
1883 4596 2066 4657 noster
2086 4602 2164 4656 διὸ
2188 4601 2312 4655 οὔτε
2340 4603 2475 4672 νέφη
2503 4605 2627 4665 τοὺς
2651 4602 2838 4666 ὑετοὺς
2873 4601 3122 4674 παρέχει.
3157 4598 3369 4655 Videsis
3399 4596 3596 4652 Eusta-

343 4669 509 4728 tilium
546 4671 603 4727 in
635 4670 888 4730 Hexaem.
919 4689 973 4731 ι).
1088 4674 1202 4731 E20
1224 4690 1374 4731 sane.
1408 4675 1539 4731 quid
1570 4675 1673 4730 sibi
1707 4675 1872 4730 velint
1899 4673 2038 4729 τέλει
2067 4674 2230 4731 ὑετοί.
2263 4687 2371 4728 non
2403 4672 2647 4731 capio.D.

343 4669 509 4728 tbium
546 4671 603 4727 in
635 4670 888 4730 Hexaem.
918 4689 973 4746 p.

1045 4715 1060 4731 .
1088 4674 1202 4746 Ego
1224 4690 1374 4743 sane,
1408 4675 1539 4746 quid
1570 4675 1673 4730 sibi
1707 4675 1872 4730 velint
1899 4673 2038 4729 τέλει
2067 4674 2230 4738 ὑετοί,
2263 4687 2371 4728 non
2403 4672 2647 4742 capio.D.

1640 4777 2006 4838 VARIORUM
2042 4779 2270 4836 ΝΟΤᾸΞ.

399 4895 515 4963 (29)
557 4892 664 4947 Per
701 4907 790 4946 me
821 4891 958 4965 lice_t_
971 4907 1134 4947 sensu
1175 4893 1354 4948 activo
1379 4909 1595 4965 sumere
1622 4895 1897 4965 ἐπτοημέ-

331 4981 417 5028 νος
462 4961 532 5020 ac
580 4971 796 5017 vertere
845 4980 858 5016 :
907 4961 1028 5016 Nisi
1079 4965 1396 5018 naturaliter
1445 4964 1644 5032 injuria
1674 4961 1900 5033 ufﬁéére-

335 5043 447 5106 tur,
488 5036 583 5106 qui
632 5033 701 5086 ad
768 5048 923 5106 sensu
970 5034 1226 5106 destitute
1268 5037 1553 5106 attonitus
1583 5045 1783 5106 stupet.
1834 5037 1898 5090 C.

334 5102 549 5160 Recte:
583 5119 709 5174 nam
743 5103 880 5156 alias
906 5120 1021 5174 non
1054 5104 1413 5174 intelligitur_,
1469 5104 1594 5171 quid
1631 5102 1734 5160 sibi
1768 5107 1897 5160 velit

335 5174 574 5242 φυσικῶς
607 5173 848 5244 ἠδίκητο.
883 5173 944 5226 C.
983 5173 1138 5244 fr.VC.
1173 5170 1259 5226 1οῖ
1290 5173 1346 5227 8.
1371 5170 1632 5244 DRESSEL.

400 5247 516 5313 (50)
570 5243 1030 5314 Ὑπομεμενήκει,
1051 5243 1120 5296 δι’
1152 5243 1211 5296 ὃν
1239 5243 1412 5313 ἦψατε
1441 5243 1502 5296 C.
1523 5244 1707 5298 Lectio
1728 5261 1794 5300 ex
1833 5243 1897 5300 Ο.

334 5314 488 5369 allata
517 5316 698 5369 locum
735 5314 901 5366 nimia
947 5314 1252 5382 corruptela
1284 5315 1434 5382 prius
1461 5315 1795 5368 laborantem
1824 5316 1898 5371 ita

335 5383 612 5448 dilucidat,
644 5391 703 5437 ut
726 5383 1058 5453 conjecturis
1089 5399 1194 5436 non
1218 5387 1450 5452 amplius
1475 5400 1611 5453 opus
1639 5385 1726 5440 sit.
1755 5383 1831 5439 In.

399 5454 510 5521 (5|)
558 5456 780 5520 Ὄνπερ
831 5452 943 5521 γὰρ
982 5453 1202 5520 τρόπον
1253 5452 1525 5519 Καῖσαρ(
1553 5455 1704 5521 δὶἓβῡ
1744 5455 1901 5511 dicta:

335 5520 548 5594 [fle-loga:
567 5540 685 5597 cap.
706 5522 842 5597 Περὶ
870 5523 1341 5597 ,βλασφημούντων
1360 5526 1462 5597 Δκαὶ
1488 5520 1900 5597 μεγαλορῤημοῖ

335 5592 565 5662 “ﬁdus
597 5592 695 5659 καὶ,
713 5592 1024 5655 πταιόντων
1054 5592 1133 5659 εἰς
1169 5593 1416 5672 τὸν-Θεὸν
1463 5592 1520 5664 ἐξ
1550 5592 1749 5661 ἀνοίας.
1788 5592 1900 5651 Τοῦ

2004 4895 2508 4982 ἁγίουηξζλήμεντος
2563 4896 2795 4982 Ῥώμης.
2836 4898 2934 4949 ’ον
2985 4895 3207 4982 τρόπον⁹
3233 4897 3261 4948 6
3306 4895 3578 4982 βασιλεὺς,

2001 4967 2140 5048 οὔτε.
2157 4966 2637 5048 βλασφημούμενος
2661 4966 2972 5048 βλάπτεται,
3003 4967 3579 5048 οὕτειειύχαριστούμε-

2000 5036 2259 5113 νοςῌύπὲρ
2287 5036 2590 5113 τὸάξίωμα
2631 5036 3014 5113 μεγαλύνεταιο
3065 5036 3199 5113 ἀλλά
3231 5036 3324 5113 τοῦ
3344 5036 3582 5113 ἐὐχαρι-

2004 5107 2254 5180 στοῦντος
2276 5107 2385 5180 μὲν
2418 5107 2650 5180 ⁸γίνεταιΔ
2678 5107 2738 5160 τὸ
2771 5107 3065 5180 ἀκίνδυνον,
3092 5108 3201 5180 Δτοῦ
3230 5108 3303 5180 δὲ
3338 5107 3578 5180 βλασιρη-

2005 5176 2296 5250 μοῦντοςλό
2323 5176 2539 5250 ὄλεθρος
2560 5195 2573 5250 ζ
2596 5177 2768 5250 οὕτως
2801 5179 2857 5250 oi
2879 5178 3008 5250 Θεὸν
3051 5177 3147 5250 μὲν
3187 5176 3582 5250 εὐφημοῦντες,

2005 5197 2234 5246 μουντος
2264 5197 2292 5230 ο
2323 5197 2570 5247 οΛεῠρος·
2596 5197 2768 5241 ουτως
2801 5197 2848 5230 οι
2879 5197 3008 5230 υεον
3091 5197 3147 5230 εν
3187 5197 3581 5250 ευιεημουντες,

2003 5246 2166 5299 αὑτὸν
2195 5245 2295 5318 μὲν
2324 5249 2396 5318 οὐκ
2419 5247 2806 5318 μεγαλύνουσιν
2840 5247 2979 5318 ὑπὲρ
3013 5197 3112 5318 egi»
3157 5249 3362 5302 οἰκείαν
3400 5249 3581 5314 δόξαν,

2007 5317 2232 5390 ἑαυτούς
2257 5317 2312 5369 δὲ
2335 5317 2620 5381 σώζουσιν*
2645 5320 2694 5390 οἱ
2718 5317 3450 5390 δξ-βλασςρημ-οῦντεςςαύτὸν
3479 5319 3584 5390 μὲν

2005 5387 2066 5438 οὑ
2097 5385 2438 5459 βλάπτουσιν,
2481 5389 2702 5459 ἑαυτοὺς
2752 5385 2828 5439 at.
2848 5385 3206 5459 ὀλοθρεύουσι.
3244 5389 3354 5443 Καί
3380 5385 3586 5458 μείζων

2008 5459 2040 5526 ἠ
2083 5456 2332 5528 κόλασις,
2375 5459 2485 5527 ὅσῳ
2525 5457 2723 5528 μείζων
2751 5459 2792 5528 ῂ
2841 5456 3080 5522 ἀσέϐεια,
3116 5459 3191 5522 ὡς
3232 5461 3336 5526 mi;
3365 5456 3587 5515 πάντων

2006 5524 2265 5651 ἓρείττων
2291 5529 2320 5582 ὁ
2359 5524 2689 5603 Θεὸς-,ὑπὲρ
2721 5524 2792 5586 οἶδ’
2817 5530 2964 5586 πᾶσα
2993 5531 3025 5604 ὴ
3050 5529 3224 5593 κτίσις
3262 5524 3588 5601 ἀγανακτεῖ..

2051 5611 2140 5651 υτ.

2051 5614 2140 5652 UT.
