4084 6148
395 237 502 296 285

1461 223 1928 281 CLEMENTINA.
1956 251 2027 266 --
2058 216 2344 277 HOMILIA
2379 220 2467 276 XI.

3554 221 3665 278 286

392 351 514 413 σίας
542 346 723 404 αὐτῶν
769 347 903 409 ἴσως
947 343 1025 408 εἰς
1048 343 1118 376 ιοο
1163 340 1288 397 ἄλλο
1319 356 1372 393 τι
1407 338 1440 409 ἢ
1474 341 1553 402 εἰς
1582 338 1748 408 238
1785 339 1977 410 χρῆσιν

2086 337 2165 392 vel
2200 335 2266 390 ad
2313 334 2505 389 ﬁmum
2529 375 2546 401 ,
2593 334 2786 389 fuisset
2828 333 2997 389 utilis.
3033 330 3190 388 Nunc
3219 348 3351 388 vero
3381 350 3556 404 neque
3585 339 3655 393 ad

389 442 620 513 κόπρου,
654 435 1125 509 εὐχρηστησάσης.
1151 432 1266 486 Νῦν
1287 431 1343 485 δὲ
1362 425 1484 484 οὐδέ
1503 430 1518 460 ¹
1552 432 1631 493 είς
1657 428 1814 482 τοῦτο
1843 447 1977 501 χρη-

391 533 644 605 σιμεύει,
679 533 766 584 ὅτε
816 526 1395 601 μετασχηματίσαντες
1429 525 1805 594 προσκυνεῖτε.
1852 521 1978 585 Πῶς

388 627 447 680 δέ
499 627 593 680 καὶ
615 627 634 657 ⁸
677 623 1048 693 εὐσεϐέστεροι
1081 616 1220 673 εἷναί
1255 634 1416 686 φατε,
1451 617 1500 670 οἱ
1535 615 1752 668 πάντων
1784 612 1975 667 ἀσεϐέ-

392 734 600 780 στατοι,
621 715 789 786 ταύτῃ
809 715 944 784 αὐτῇ
962 716 1028 783 τῇ
1051 713 1148 783 μιᾷ
1168 710 1262 764 καὶ
1284 707 1598 779 ἀσυγκρίτῳ
1618 704 1861 776 ἁμαρτίᾳ
1876 703 1980 774 ψυ-

390 809 495 882 χῆς
523 809 740 880 ὅλεθρον
773 805 1078 875 ὀφείλοντες
1108 803 1186 874 τῷ
1219 801 1408 872 ἀληθεῖ
1428 800 1471 864 ³,
1509 798 1601 852 ἐὰν
1624 797 1975 868 ἐπιμείνητε;

404 903 493 964 Ὡς
523 901 630 973 γάρ
661 901 713 953 εἴ
737 915 822 962 τις
854 899 968 961 υἱὸς
1017 895 1188 950 πολλά
1230 892 1685 965 εὐεργετούμενος
1729 891 1835 944 ὐπὸ
1882 889 1977 944 τοῦ

392 994 600 1064 πατρὸς
630 992 799 1062 ἑτέρῳ
827 990 936 1044 τινὶ
968 988 1045 1061 τῷ
1081 988 1155 1060 μὴ
1186 986 1354 1058 πατρὶ
1383 985 1480 1056 τὴν
1513 982 1871 1054 ὀφειλομένην
1901 981 1979 1052 τῷ

393 1087 560 1157 πατρὶ
581 1083 796 1154 ἀποδῴη
811 1083 833 1114 ⁸
847 1083 1034 1154 τιμὴν,
1059 1080 1276 1143 πάντως
1291 1076 1732 1149 ἀποκληρονόμος
1747 1076 1975 1144 γίνεται·

391 1177 528 1229 ἐπὰν
559 1176 616 1228 δὲ
647 1174 790 1229 κατὰ
822 1173 1048 1245 γνώμην
1095 1171 1190 1225 τοῦ
1237 1169 1444 1242 πατρὸς
1493 1169 1642 1238 βιοὺς
1683 1168 1976 1238 εὐχαριστῇ

392 1270 484 1322 ἐπὶ
514 1272 635 1333 ταῖς
659 1267 1022 1340 εὐεργεσίαις,
1062 1263 1298 1333 εὐλόγως
1331 1261 1664 1334 κληρονόμος
1679 1261 1904 1331 γίνεται.

462 1426 601 1481 XIII.
648 1426 828 1480 Ἄλλοι
851 1426 910 1479 δέ
930 1424 1199 1493 λέγουσιν·
1221 1421 1462 1476 Ἀσεεεῖν
1490 1418 1774 1492 μέλλομεν,
1792 1416 1885 1470 ἐὰν
1911 1414 1980 1470 τὰ

394 1519 769 1592 παραδοθέντα
803 1519 934 1588 ἡμῖν
966 1518 1031 1570 ἐκ
1065 1515 1316 1586 πατέρων
1367 1511 1682 1582 σεϐάσματα
1727 1509 1978 1563 καταλεί-

392 1612 653 1685 ψωμενθο
692 1612 875 1682 ὅμοιον
909 1610 1017 1678 γάρ
1063 1610 1182 1661 ἐστι
1231 1605 1310 1677 τῷ
1354 1603 1679 1676 παραθήκην
1724 1601 1974 1671 φυλάξαι.

393 1704 602 1760 υύκοῦν
633 1703 808 1774 τούτῳ
854 1701 932 1772 τῷ
977 1700 1118 1771 λόγῳ
1164 1698 1268 1752 κᾶν
1299 1694 1498 1769 λῃστοῦ
1531 1712 1615 1758 τις

393 1795 740 1868 αἰσχροϐίου,
778 1794 878 1847 οὐκ
929 1792 1132 1861 ὀφείλει
1178 1793 1206 1845 ὁ
1253 1789 1368 1852 υἱὸς
1416 1787 1589 1860 νήψας
1631 1785 1694 1839 τὸ
1736 1787 1980 1857 κρεῖττον

391 1889 633 1951 ἑλέσθαι,
666 1888 752 1941 ἵνα
787 1887 860 1957 μὴ
885 1885 1149 1958 ἀσεϐηήσῃ,
1181 1883 1275 1938 καὶ
1301 1882 1374 1954 μὴ
1400 1880 1469 1934 τά
1501 1882 1590 1935 ῐσα
1621 1881 1732 1942 τοῖς
1764 1877 1981 1948 γονεῦσι

393 1983 564 2036 ποιῶν
590 1981 878 2053 ἁμαρτάνῃ
893 1978 935 2032 ⁸.
955 1977 1080 2042 Πῶς
1099 1977 1163 2047 δὴ
1186 1976 1402 2046 ἀνόητοι
1423 1975 1471 2027 οἱ
1498 1972 1770 2041 λέγοντες·
1790 1963 1982 2023 ’Ταῦτα

393 2072 831 2144 προσκυνοῦμεν,
867 2070 955 2124 ἵνα
991 2070 1064 2141 μὴ
1102 2066 1251 2138 αὐτῷ
1283 2065 1563 2136 ὀχλῶμεν;
1612 2063 1688 2126 ὡς
1718 2060 1981 2132 ὀχλουμέ-

391 2182 486 2219 νου
520 2164 652 2218 Θεοῦ
698 2165 780 2233 ἐφ’
811 2157 894 2226 οἷς
938 2163 1262 2232 εὐφημείται
1287 2198 1303 2221 ,
1341 2158 1414 2230 μὴ
1449 2155 1774 2227 ὀχλουμένου
1807 2154 1862 2207 δέ
1895 2154 1980 2223 ἐφ’

393 2252 475 2321 οἷς
503 2254 965 2328 άχαριστούμενος
989 2253 1409 2323 βλασφημεῖται.
1435 2249 1534 2302 Διὰ
1560 2250 1612 2302 τί
1639 2244 1753 2311 οὖν,
1782 2247 1982 2301 ὁπόταν

393 2350 564 2422 ἐποχὴ
598 2342 755 2402 ὑετοῦ
787 2345 1052 2417 γένηται,
1104 2343 1243 2416 πρὸς
1275 2341 1501 2413 οὐρανὸν
1533 2340 1603 2393 τὰ
1635 2340 1812 2392 πάντα
1845 2339 1982 2407 ἀφο-

397 2440 599 2511 ρῶντες
621 2439 784 2510 εὐχὰς
805 2440 900 2492 καὶ
913 2437 1066 2500 λιτὰς
1079 2434 1402 2505 ἀπονέμετε;
1418 2432 1510 2486 καὶ
1521 2434 1647 2486 ὅταν
1664 2430 1980 2502 ἐπιτύχητε,

392 2534 580 2604 τάχιον
600 2529 1017 2585 ἐπιλανθάνεσθε
1039 2545 1054 2596 ;
1088 2529 1397 2598 ἀμήσαντες
1429 2525 1537 2596 γὰρ
1561 2524 1593 2596 ἢ
1616 2525 1986 2595 τρυγήσαντες

394 2624 600 2688 εὐθέως
619 2627 731 2686 τοῖς
757 2623 954 2694 μηδέντ
974 2617 1124 2674 οὖσιν
1149 2617 1386 2680 εἰδώλοις
1417 2616 1516 2679 τὰς
1540 2613 1793 2686 ἀπαρχάς
1821 2613 1985 2684 239

393 2717 696 2787 ἀπονέμετε
705 2755 719 2778 ,
731 2715 914 2784 τάχιον
927 2710 1405 2781 ἐπιλανθανόμενοι
1420 2707 1513 2762 τοῦ
1529 2707 1983 2779 εὐεργετήσαντος

395 2806 554 2862 Θεοῦ.
590 2807 700 2859 Καὶ
730 2805 902 2868 οῦτως
935 2805 1015 2866 είς
1047 2803 1184 2874 ἄλση
1205 2801 1227 2832 ⁸
1255 2801 1351 2854 καὶ
1377 2801 1457 2863 είς
1480 2799 1606 2862 τοὺς
1635 2798 1799 2860 ναοὺς
1829 2796 1985 2865 γενό-

399 2917 548 2972 μενοι
581 2897 773 2962 θυσίας
805 2895 1177 2958 ἐπιτελοῦντες
1225 2891 1538 2964 εὐωχεῖσθε.
1585 2889 1684 2943 Διὰ
1727 2888 1886 2942 τοῦτο
1931 2887 1982 2941 oi

400 2993 497 3062 μὲν
527 2991 678 3062 ὑμῶν
709 2989 988 3058 λέγουσιν·
1025 2984 1378 3058 Παρηγορίας
1408 2983 1502 3037 καὶ
1531 2981 1625 3035 τοῦ
1660 2979 1982 3052 εὐωχεῖσθαι

396 3083 556 3155 χάριν
589 3080 768 3145 καλῶς
797 3079 970 3134 ταῦτα
1003 3077 1364 3148 ἐπινενόηται.

471 3194 611 3250 XIV.
659 3195 722 3247 Ὢ
751 3194 996 3266 ἀνόητοιί
1040 3193 1198 3266 ὑμεῖς
1244 3187 1339 3242 τοῦ
1384 3187 1678 3259 λεγομένου
1724 3184 1979 3254 γίνεσθε⁹

398 3287 594 3340 δίκαιοι
638 3285 840 3358 κριταί.
890 3285 1066 3356 Εἴπερ
1113 3282 1222 3354 γὰρ
1268 3281 1367 3334 καὶ
1404 3280 1572 3351 ἐχρῆν
1623 3276 1858 3330 ἐνταῦθα
1901 3277 1981 3339 είς

400 3378 699 3450 εὐφρασίαν
771 3376 1021 3447 σώματος
1077 3374 1268 3427 ἐαυτὸν
1321 3371 1502 3425 δοῦναι
1559 3368 1691 3441 ποίᾳ.
1738 3365 1980 3437 εὐωχία,

403 3471 638 3542 ἀμείνων
670 3465 737 3540 ἦν
767 3471 801 3540 ἡ
842 3470 900 3522 ἐν
929 3468 1192 3538 ποταμοῖς
1216 3465 1258 3496 ¹⁰
1307 3464 1400 3517 καὶ
1439 3462 1591 3524 ὕλαις
1620 3460 1714 3513 καὶ
1742 3460 1981 3535 ἄλσεσιν,

405 3562 532 3616 ἔνθα
563 3561 836 3616 εἰλαπίναι
868 3561 962 3614 καὶ
996 3559 1273 3630 συμπόσια
1298 3553 1391 3609 καὶ
1420 3554 1702 3608 κατάσκιοι
1729 3550 1914 3611 τόποι,
1949 3547 1982 3619 ἢ

404 3654 538 3708 ὅπου
570 3653 796 3708 ἀπόνοια
840 3651 1110 3723 δαιμόνων
1131 3690 1145 3714 ,
1176 3649 1269 3703 καὶ
1300 3646 1498 3718 χειρῶν
1537 3645 1734 3716 τομαὶ,
1773 3643 1866 3698 καὶ
1903 3643 1987 3696 αἰ-

405 3745 563 3799 δοίων
598 3745 896 3807 ἀποκοπαὶ,
926 3744 1020 3797 καὶ
1044 3736 1274 3812 οἷστροι,
1297 3739 1390 3793 καὶ
1424 3739 1632 3810 μανίαι,
1664 3736 1758 3790 καὶ⁵
1784 3733 1985 3806 τριχῶν

409 3837 574 3908 κόμαι
604 3878 618 3902 ,
649 3837 743 3890 καὶ
773 3836 1006 3907 κόμποι,
1038 3834 1132 3887 καὶ
1163 3830 1568 3901 ἐνθουσιασμοὶ,
1599 3829 1694 3882 καὶ
1713 3825 1984 3893 ὀλολυγαὶ,

409 3929 505 3981 καὶ
534 3929 714 3982 πάντα
736 3929 917 3981 ἐκεῖνα
938 3925 1007 3979 τά
1039 3923 1156 3996 μεθ’
1180 3923 1522 3994 ὑποκρίσεως
1548 3922 1627 3983 είς
1654 3917 1987 3988 κατάπληξιν

407 4021 516 4074 τῶν
537 4022 778 4092 ἀνοήτων
797 4016 1256 4095 γινόμενακὸπως
1273 4014 1372 4076 τὰς
1394 4011 1546 4083 ὐμῶν
1569 4012 1606 4042 ¹¹
1636 4009 1990 4080 ὀφειλομένας

408 4113 574 4185 εὐχὰς
635 4112 732 4167 καὶ
810 4110 1162 4183 εὐχαριστίας
1218 4106 1314 4161 καὶ
1386 4103 1596 4177 νεκρῶν
1652 4103 1990 4175 νεκροτέροις

409 4206 814 4279 προσενέγκητε
831 4221 846 4271 ;

481 4315 599 4370 XV.
639 4317 750 4370 Kal.
793 4315 883 4371 διὰ
922 4315 977 4370 τί
1019 4314 1300 4387 χαίροντες
1334 4311 1508 4366 ταῦτα
1549 4313 1796 4374 ποιεῖτε;
1844 4308 1992 4362 Ἐπεὶ

2081 429 2184 482 hoc
2209 428 2454 498 prodest,
2491 427 2712 496 quando
2744 426 2955 482 avobis
2983 427 3421 496 transﬁguratam
3450 430 3651 485 colitis.

2081 520 2198 586 Qua
2233 529 2411 574 autem
2456 521 2668 573 ratione
2701 533 2799 572 vos
2841 527 2895 572 et
2925 520 3099 590 magis
3133 520 3253 589 pios
3286 520 3466 575 dicitis
3491 562 3507 586 ,
3559 523 3654 592 qui

2081 613 2327 667 omnium
2362 612 2495 668 estis
2538 612 2852 681 impiissimi
2879 651 2894 677 ,
2939 610 3045 664 hoc
3073 611 3190 679 ipso
3221 627 3331 667 uno
3360 621 3414 666 et
3445 613 3657 667 incom-

2081 705 2313 775 parabili
2348 712 2574 775 peccato
2601 703 2882 758 interitum
2931 701 3128 755 animae
3172 712 3442 758 merentes
3468 718 3653 758 coram

2079 799 2195 864 illo,
2225 798 2316 868 qui
2348 812 2515 851 verus
2541 804 2643 860 est,
2673 794 2718 848 si
2766 793 3146 864 perseveretis.
3191 792 3435 863 Exempli
3481 796 3654 864 gratia

2081 893 2126 948 si
2153 892 2277 962 quis
2313 891 2478 955 ﬁlius,
2509 889 2748 958 plurima
2779 886 3039 942 beneﬁcia
3068 902 3096 940 a
3125 895 3278 955 patre
3304 895 3654 954 consecutus,

2081 984 2236 1038 alteri
2263 984 2357 1053 qui
2384 991 2539 1052 pater
2566 997 2676 1034 non
2707 981 2778 1034 sit
2805 979 3046 1033 debitum
3080 978 3222 1047 patri
3252 978 3513 1032 honorem
3556 979 3657 1032 de—

2079 1075 2254 1142 ferat,
2297 1075 2454 1143 plane
2479 1071 2936 1128 exhzeredabitur.
2964 1069 3102 1124 Cum
3129 1084 3260 1124 vero
3284 1085 3349 1124 ex
3389 1070 3656 1124 sententia

2077 1168 2251 1239 patris
2287 1167 2477 1221 vivens
2524 1165 2729 1236 gratias
2777 1164 2846 1220 de
2893 1163 3172 1219 beneﬁciis
3215 1162 3423 1233 egerit.
3458 1163 3657 1217 merito

2080 1262 2255 1316 haeres
2286 1259 2643 1329 relinquetur.

2147 1396 2290 1452 XIII.
2332 1396 2434 1450 Alii
2467 1411 2593 1449 vero
2621 1394 2829 1455 dicunt,
2868 1391 3022 1462 impii
3058 1391 3300 1456 erimus,
3337 1391 3383 1445 si
3422 1390 3580 1446 nobis
3625 1408 3657 1446 a

2078 1491 2327 1561 patribus
2349 1487 2544 1542 tradita
2565 1485 2787 1540 numina
2847 1482 3296 1553 dercliquerimus
3317 1501 3329 1536 :
3354 1482 3494 1536 idem
3511 1483 3655 1537 enim

2078 1590 2163 1637 est
2207 1597 2272 1637 ac
2319 1579 2626 1650 depositum
2678 1592 2917 1633 servare.
2969 1575 3137 1647 Igitur
3178 1575 3279 1630 hac
3331 1575 3560 1640 ratione,
3610 1575 3658 1629 si

1713 1667 1918 1765 ,ξατρδς
1945 1692 1978 1764 ἦ
2011 1700 2054 1755 Β
2083 1673 2282 1743 aliquis
2311 1680 2466 1726 ortus
2493 1671 2565 1725 sit
2589 1685 2655 1724 ex
2683 1677 2834 1739 patre
2863 1669 3070 1722 latrone
3101 1674 3193 1720 aut
3218 1667 3479 1720 obscaeno
3501 1705 3515 1730 ,
3547 1682 3658 1721 non

2081 1766 2240 1821 debet
2265 1764 2407 1819 ﬁlius
2431 1762 2572 1834 frugi
2598 1778 2740 1827 esse,
2767 1760 3160 1829 melioremque
3187 1759 3352 1812 vitam
3380 1758 3660 1827 amplecti,

2082 1874 2150 1913 ne
2181 1856 2382 1927 impius
2409 1856 2623 1917 evadat,
2651 1862 2944 1924 peccetque
2969 1851 3157 1906 eadem
3189 1867 3312 1905 cum
3339 1850 3658 1920 parentibus

2083 1964 2193 2002 non
2213 1947 2440 2018 agendo.
2462 1945 2634 2012 Quam
2651 1944 2798 2000 stulti
2823 1954 3002 1998 autem
3019 1951 3166 2008 sunt,
3181 1943 3273 2012 qui
3298 1942 3485 1996 dicunt
3505 1940 3660 1997 :Hzec

2083 2042 2398 2102 adoramus.
2417 2056 2485 2094 ne
2508 2039 2617 2094 Deo
2640 2039 2813 2092 simus
2829 2035 3072 2092 molesti!
3098 2035 3263 2102 Quasi
3295 2035 3405 2090 Deo
3428 2037 3659 2089 molesta

2083 2133 2192 2188 sint
2210 2149 2272 2187 ea
2294 2133 2494 2203 quibus
2518 2131 2789 2196 laudatur,
2808 2146 2914 2184 non
2941 2129 3166 2183 molesta
3189 2144 3339 2194 vero,
3357 2127 3557 2198 quibus
3579 2129 3660 2182 in-

2083 2233 2233 2297 grate
2258 2225 2522 2294 accipitur
2537 2233 2590 2277 et
2611 2223 3001 2276 inﬂammatur.
3021 2220 3133 2275 Cur
3155 2235 3307 2289 ergo,
3326 2235 3448 2273 cum
3467 2219 3660 2273 imbris

2083 2317 2343 2372 acciderit
2381 2330 2595 2370 remora
2619 2356 2633 2381 ,
2683 2315 2738 2368 in
2768 2313 2970 2368 emlum
3003 2311 3228 2366 omnino
3263 2310 3441 2364 intuiti
3472 2325 3659 2378 preces

2083 2424 2149 2463 ac
2173 2407 2593 2478 supplicationes
2619 2403 2950 2475 assignatis?
2995 2411 3049 2458 et
3079 2403 3296 2473 quando
3321 2401 3660 2467 obtinuistis,

2083 2502 2192 2556 cito
2215 2499 2621 2555 obliviscimini.
2652 2497 2817 2552 Facta
2856 2497 3001 2576 enim
3029 2509 3206 2550 messe
3247 2506 3340 2547 aut
3365 2492 3660 2563 vindemia,

2083 2592 2268 2647 statim
2305 2591 2370 2646 ad
2402 2591 2568 2665 idola,
2599 2604 2720 2660 qua:
2753 2588 2890 2642 nihil
2916 2595 3078 2653 sunt,
3120 2585 3389 2657 primitias
3415 2584 3659 2652 defertis,

2083 2685 2330 2740 celeriter
2355 2682 2448 2737 Dei
2475 2684 2844 2745 immemores,
2881 2679 3127 2734 beneﬁcii
3159 2679 3422 2734 auctoris.
3459 2678 3661 2747 Sicque

2084 2778 2138 2832 in
2167 2777 2486 2832 nemoribus
2515 2786 2570 2831 ct
2598 2775 2650 2829 in
2683 2773 2896 2843 templis
2927 2772 3088 2842 positi
3119 2771 3386 2827 sacriﬁcia
3411 2771 3660 2831 celebra-

2086 2872 2176 2936 tis,
2216 2879 2380 2941 atque
2409 2869 2570 2940 genio
2598 2866 2912 2935 indulgetis.
2946 2864 3289 2934 Quapropter
3315 2863 3564 2918 nonnulli
3595 2880 3664 2918 ex

2083 2965 2239 3018 vobis
2271 2963 2462 3017 dicunt
2511 2979 2524 3014 :
2576 2959 2768 3014 Solatii
2815 2968 2870 3013 et
2916 2958 3072 3012 bonae
3117 2957 3462 3012 tractationis
3495 2971 3662 3011 causa

2008 3055 2051 3112 C
2085 3056 2344 3128 praeclare
2377 3055 2479 3108 ista
2504 3051 2811 3123 excogitata
2839 3058 2986 3104 sunt.

2150 3167 2293 3222 XIV.
2325 3167 2370 3222 Ο
2400 3165 2614 3221 stolidi!
2651 3163 2757 3218 Vos
2781 3162 2944 3232 hujus
2979 3161 3109 3232 dicti
3134 3171 3308 3217 estote
3328 3163 3462 3231 justi
3491 3163 3651 3232 judi-

2082 3276 2195 3317 ces.
2230 3261 2288 3314 Si
2315 3260 2460 3314 enim
2495 3258 2782 3328 oportebat
2820 3256 2910 3310 hic
2941 3271 3002 3310 se
3043 3257 3110 3310 ad
3136 3258 3387 3326 COl'pOI'IS
3413 3258 3666 3327 volupta-

2084 3365 2194 3412 tem
2219 3354 2384 3409 alicui
2413 3353 2632 3406 tradere
2663 3350 3038 3415 oblectationi,
3059 3350 3252 3404 melior
3279 3360 3400 3405 erat
3425 3365 3509 3414 ea,
3535 3367 3660 3420 quae

2084 3449 2139 3504 in
2188 3445 2368 3500 ﬂuviis
2416 3452 2472 3499 et
2514 3443 2667 3499 silvis
2695 3451 2750 3496 et
2798 3442 2975 3508 lucis,
3024 3441 3113 3495 ubi
3149 3442 3582 3510 compotationes
3608 3451 3663 3498 et

2087 3540 2334 3598 convivia
2381 3546 2437 3593 et
2479 3536 2586 3591 loci
2633 3534 2922 3601 umbrosi,
2965 3549 3132 3604 quam
3180 3533 3271 3586 u'ui
3321 3533 3660 3588 dtemoniaca

2088 3631 2345 3696 amentia,
2377 3637 2431 3683 et
2457 3641 2718 3682 manuum
2746 3625 3045 3689 sectiones,
3071 3619 3438 3675 abseissiones
3467 3635 3662 3674 veren-

2087 3724 2306 3788 dorum,
2336 3719 2562 3773 rabidus
2593 3716 2769 3780 furor,
2803 3713 3043 3778 insania,
3079 3710 3258 3782 sparsi
3289 3709 3488 3774 crines,
3521 3719 3662 3763 stre-

2089 3817 2235 3888 pitus
2289 3813 2699 3880 stridoresque,
2762 3807 2976 3862 aﬁlatus
3047 3804 3306 3870 fanatici,
3387 3803 3662 3871 ululatus,

2089 3905 2386 3973 omniaque
2428 3902 2517 3955 illa
2563 3915 2686 3969 quas
2732 3913 2856 3952 cum
2906 3896 3256 3952 simulatione
3284 3894 3352 3949 ad
3400 3903 3663 3948 terrorem
3730 3909 3733 3913 '

2092 3997 2390 4054 amentium
2425 3993 2586 4056 ﬁunt,
2616 4001 2676 4045 ut
2703 3991 2914 4046 debitas
2937 3990 3044 4043 illis
3068 4003 3259 4058 preces
3281 3995 3334 4041 et
3363 3986 3661 4057 gratiarum

2094 4095 2342 4149 actiones
2371 4087 2636 4154 oﬂeralis,
2668 4085 2832 4155 idque
2863 4082 3062 4152 iis,qui
3087 4081 3319 4136 mortuis
3340 4080 3514 4151 magis
3539 4087 3668 4134 sunt

2095 4184 2321 4242 mortui.

2165 4297 2286 4353 XV.
2318 4295 2386 4352 Et
2430 4311 2528 4351 cur
2556 4293 2664 4347 Izeti
2715 4292 2814 4346 ista
2849 4288 3070 4344 facilis?
3114 4286 3383 4353 Quoniam
3415 4286 3562 4341 intus
3591 4284 3669 4338 lar-

411 4409 476 4462 οὐ
505 4408 646 4462 θέλει
668 4409 797 4479 ὑμῖν
825 4408 853 4459 ὁ
874 4380 1206 4478 ἐμφωλεύων
1233 4407 1406 4459 εἰπεῖν
1427 4404 1548 4474 ὄφις
1571 4404 1636 4467 ¹²,
1665 4402 1725 4465 ὃς
1747 4400 1983 4453 ὲνέσπει-

2101 4403 2220 4449 tcns
2252 4407 2479 4461 serpens
2506 4389 2664 4444 vobis
2692 4403 2799 4442 non
2833 4385 2945 4440 vult
2972 4384 3206 4448 edicere,
3238 4382 3329 4451 qui
3364 4380 3670 4434 infructuo-

417 4518 509 4573 ρεν
537 4502 666 4573 ὑμῖν
691 4500 792 4570 τὴν
819 4501 1068 4572 ἄκαρπον
1095 4497 1387 4570 ἐπιθυμίαν
1411 4537 1426 4562 ,
1455 4496 1628 4566 λέγων
1671 4493 1988 4564 ὑπομνήσω.

418 4594 572 4663 Ἔχει
620 4592 677 4647 δὲ
724 4591 929 4654 οὐτως·
970 4590 1128 4662 Παρά
1157 4593 1224 4662 τῇ
1271 4589 1366 4643 τοῦ
1412 4588 1546 4642 Θεοῦ
1586 4586 1850 4657 θρησκείᾳ
1897 4602 1997 4655 κη-

419 4683 671 4756 ρύσσεται
716 4687 936 4755 νήφειν.
969 4685 1295 4755 σωφρονεῖν,
1345 4682 1513 4754 ὀργῆς
1555 4682 1803 4751 κρατεῖν,
1842 4677 1996 4730 ἀλλό-

413 4791 542 4846 τρια
591 4775 665 4847 μὴ
713 4773 1091 4844 νοσφίζεσθαι,
1142 4771 1367 4835 δικαίως
1408 4771 1596 4843 βιοῦν,
1646 4767 1993 4832 ἐπιεικῶςη,

415 4866 690 4930 εὐσταθῶς
711 4907 726 4932 ,
763 4867 957 4938 πράως
981 4905 996 4931 ,
1037 4865 1288 4930 κολάζειν
1334 4864 1525 4918 ἐαυτὸν
1567 4863 1765 4933 μᾶλλον
1791 4862 1848 4915 ἐν
1875 4861 1996 4924 ταῖς

416 4959 664 5023 ἐνδείαις,
693 4959 727 5030 ἢ
757 4958 919 5031 240
944 4959 1018 5031 μὴ
1051 4958 1242 5030 ἔχοντα
1267 4957 1460 5028 ἐτέρου
1499 4956 1701 5018 ἀδίκως
1729 4953 1996 5024 ἀφελόμε-

2099 4499 2218 4541 sam
2253 4481 2488 4537 inseruit
2520 4479 2898 4548 cupiditatem,
2928 4475 3104 4528 dicam
3137 4488 3240 4542 ego
3268 4480 3430 4540 atque
3463 4485 3668 4523 memo-

2096 4578 2250 4634 rabo.
2286 4575 2363 4629 lta
2397 4583 2579 4629 autem
2615 4572 2818 4626 habet:
2850 4568 3004 4638 Apud
3041 4567 3358 4637 religionem
3388 4563 3480 4617 Dei
3532 4577 3669 4632 prte-

2097 4671 2308 4725 dicatur
2336 4683 2493 4739 agere
2521 4665 2723 4727 sobrie,
2783 4662 2887 4716 sibi
2921 4670 3245 4730 temperare,
3290 4657 3427 4710 iram
3461 4664 3665 4718 tenere,

2097 4779 2207 4818 non
2241 4759 2524 4828 subripere
2553 4756 2729 4809 aliena
2751 4794 2764 4817 ,
2793 4753 2938 4821 jnste
2969 4752 3169 4814 vivere,
3197 4763 3321 4802 cum
3354 4747 3496 4799 bono
3522 4745 3665 4814 jure,

2103 4853 2419 4923 tranquille,
2445 4849 2663 4912 leniter,
2689 4860 2747 4902 se
2771 4846 2824 4898 in
2855 4842 3151 4913 indigentia
3182 4840 3362 4909 potius
3389 4838 3668 4891 continere

2105 4965 2170 5004 ac
2192 4946 2513 5016 reprimere,
2539 4945 2857 5011 quamcum
2883 4951 2987 4991 non
3011 4934 3236 4999 habeas,
3261 4931 3484 4984 alterius
3510 4929 3668 4984 bonis

1684 5088 1917 5147 VARle
1957 5084 2361 5142 LECTIONES.

483 5214 554 5250 m
585 5216 685 5280 sig,
707 5214 1021 5285 quodideest
1052 5214 1106 5268 in
1145 5221 1376 5285 utroque
1401 5209 1564 5285 lion).
1590 5209 1735 5274 cod.,
1755 5205 1973 5285 addidit
1994 5203 2056 5256 D.
2086 5200 2335 5285 Subinde
2358 5193 2558 5285 scripsi
2587 5188 2844 5285 ἄλλοὶιὶή

417 5302 491 5349 τι,
541 5266 688 5349 είς-ἶ
715 5266 1163 5349 fastidiens
1190 5266 1372 5337 voluit
1403 5283 1456 5336 in
1486 5281 1693 5342 ἄλλοτε,
1719 5266 1827 5342 είς.
1849 5347 1855 5349 Α
1875 5275 2013 5349 Tum
2031 5268 2482 5349 _Et’iXPI-5"fﬂ°'j‘_mi§
2507 5266 2569 5317 Ο·

765 5291 921 5409 ἓιιοα
961 5291 1163 5338 mutari
1199 5291 1372 5337 voluit
1403 5291 1456 5336 in
1486 5291 1693 5342 ἄλλοτε,
1719 5291 1827 5342 εις.
1876 5291 1906 5329 'l
1924 5291 2013 5329 um
2049 5291 2481 5397 εῑὰχριστησασης
2507 5291 2569 5317 υ.

815 5395 827 5407 .
853 5353 1095 5408 Subinde
1120 5352 1213 5406 ἐάν
1241 5353 1313 5409 μὴ
1345 5351 1660 5409 ἐπιμείνητε
1689 5349 1748 5402 0.
1845 5343 2066 5409 ’ἀποδῷ
2132 5383 2144 5396 .
2237 5342 2258 5372 ⁵
2280 5338 2551 5409 λείψωμεν

1845 5347 1867 5379 δ
1883 5347 1914 5379 λι
1923 5343 2055 5379 -ηκιτ

1845 5347 2066 5414 ’ἀποδῷ
2083 5347 2144 5397 C.
2237 5347 2551 5407 ⁵λειψωμεν
2575 5347 2638 5387 υ.
2731 5347 2752 5364 υ
2777 5347 2906 5384 vnn.
2948 5347 3042 5382 και
3086 5347 3159 5398 μη
3203 5347 3272 5380 τα
3308 5347 3395 5378 ισα
3437 5347 3547 5386 τοις
3572 5347 3664 5392 γο-

1815 5417 2142 5472 rtetermissa
2167 5419 2351 5467 essent
2383 5411 2436 5462 in
2476 5405 2560 5460 ed.
2595 5400 3052 5472 Sehwegleria‘na.
3078 5469 3088 5472 _
3110 5397 3350 5472 Subinde
3378 5394 3576 5472 ndigﬁé
3605 5394 3664 5448 S.

853 5353 1095 5425 Subinde
1120 5352 1213 5406 ἐάν
1241 5353 1314 5425 μὴ
1345 5351 1660 5425 ἐπιμείνητε
1689 5349 1748 5402 0.

419 5357 440 5387 ³
463 5356 530 5389 ob
559 5356 728 5389 Α’ιὶῃῆσῖ

473 5353 532 5434 εά
558 5355 732 5438 ἅληθῇ
765 5353 827 5409 C.
853 5353 1095 5408 Subinde
1120 5353 1213 5406 ἐάν
1241 5353 1314 5434 pi]
1345 5353 1660 5477 ἐπιμείνητε
1689 5353 1748 5402 0.

473 5441 570 5478 ,υσι
603 5443 774 5479 ποιων
805 5423 1093 5495 ἁμαρτάνῃ
1122 5424 1413 5495 textm‘red
1459 5424 1566 5495 udi,
1603 5435 1755 5495 eum_
1779 5435 1813 5488 p

418 5422 570 5478 νεῦσι
603 5422 774 5479 ποιῶν
805 5425 839 5478 ἁ

2673 5208 2714 5244 ιο
2734 5207 2787 5242 τι
2811 5188 2844 5259 ἢ
2870 5189 2950 5252 εἰς
2973 5203 3021 5242 c.
3048 5188 3090 5241 0
3165 5193 3224 5239 ut
3260 5183 3403 5252 conj.
3440 5182 3480 5236 D
3510 5226 3524 5247 ,
3542 5183 3669 5237 ἄλλο

2673 5264 2689 5294 ι
2719 5259 2838 5298 η’.κέ
2873 5275 2958 5298 nm
3022 5259 3063 5298 0
3109 5256 3130 5288 ί
3160 5257 3250 5298 νηί
3295 5255 3496 5298 inserui
3523 5271 3571 5298 ρ-
3599 5257 3661 5298 0-

2719 5257 2842 5313 οὐδέ
2873 5275 2983 5313 om.
3022 5259 3082 5311 Ο.
3109 5257 3130 5288 ²
3160 5257 3250 5310 καί
3295 5257 3496 5309 inserui
3523 5271 3572 5307 (ε.
3599 5257 3661 5307 Ο.

2731 5329 2906 5384 ‘Vbb.
2948 5329 3042 5382 καὶ
3086 5327 3159 5398 μὴ
3193 5327 3272 5398 τὰ
3305 5325 3395 5398 ίσα
3431 5327 3666 5398 331;}?-

755 5465 771 5479 ’
1122 5465 1336 5562 IS.
1351 5465 2126 5564 Kig'c.
2152 5465 2222 5564 ex
2243 5479 2510 5564 conject...“
2531 5474 2706 5564 εξσασι
2728 5465 2850 5564 c'od.
2867 5469 3060 5564 ipsius,
3076 5469 3130 5522 in
3157 5465 3663 5564 Cll]..ln;|argr_hllaﬁct.

423 5535 779 5627 licet.“
934 5535 1570 5631 in-
1585 5535 2208 5631 ,ἶγένεσθε
2241 5551 2301 5631 C_,
2330 5535 2391 5604 ὁ.
2539 5543 2616 5626 Ita
2643 5535 3046 5631 egplica‘n'djtmn
3059 5554 3180 5631 esse
3206 5535 3415 5631 vidqtur
3445 5535 3667 5631 Ottob‘q-

423 5635 572 5718 niani
611 5608 848 5718 ἀμείνὲρν
870 5629 1043 5707 ἦν’,οἱ
1072 5608 1444 5705 ἐνΓποταμοῖςξ
1571 5632 1612 5688 C
1649 5608 2035 5703 ’ἀμενινονήέν
2062 5608 2344 5695 ποταμοῖς.
2418 5618 2456 5652 ³⁸
2480 5614 2632 5687 ὐμῶν
2677 5608 2760 5682 δ’,
2803 5610 2980 5666 αὐτῶν
3007 5609 3071 5681 C,
3104 5612 3166 5664 0.
3241 5611 3282 5643 ι’
3309 5608 3428 5678 ὄφις
3452 5621 3559 5660 om.
3601 5609 3662 5660 υ.

427 5704 472 5735 ⁸³
489 5704 720 5771 ἐπεικῶς
769 5710 827 5763 0.
