4084 6148
456 223 566 281 287

1296 222 1354 278 Β.
1393 222 1786 281 CLEMENTIS
1819 222 1839 278 l
1873 221 2047 279 ROM.
2088 220 2291 282 PONT.
2327 222 2558 281 OPERA
2585 225 2816 285 DUBIA.

453 336 658 407 injuste
703 337 898 394 ablatis
945 334 1174 407 expleri.
1208 336 1368 407 Apud
1401 347 1637 394 vocatos
1659 347 1844 394 autem
1892 338 1994 394 deo

2094 353 2216 396 ,νον
2269 337 2615 411 κορεσθῆναι.
2664 341 2824 414 Παρά
2870 342 2931 397 δὲ
2973 345 3085 407 τοῖς
3120 341 3433 414 λεγομένοις
3461 342 3605 408 θεοῖς
3638 343 3713 401 τὰ

451 429 733 487 contraria
755 438 1109 501 peraguntur.
1131 428 1198 483 Et
1225 430 1490 485 nonnulla
1523 431 1578 485 in
1608 430 2035 486 admirationem-

451 521 676 593 iustitite
722 520 1095 590 denuntiatis,
1125 537 1248 594 quae
1274 524 1401 578 licet
1430 524 1613 579 omnia
1642 532 1905 594 praecepta
1933 539 2030 578 ex-

449 612 838 683 sequeremiui,
869 629 978 668 una
1008 613 1103 669 Dei
1148 615 1424 685 ignoratio
1454 615 1653 671 sullicit
1681 615 1750 671 ad
1784 616 2027 686 punitio-

448 723 572 763 nem
601 718 863 765 vestram.
919 710 1190 767 Caeterum
1229 714 1614 770 convenientes
1645 715 1712 770 ad
1754 715 1875 772 loca
1904 729 2027 786 qua

444 810 543 851 vos
575 796 641 851 iis
669 799 987 868 assignatis,
1018 801 1276 857 alacriter
1299 803 1668 873 iuebriamini,
1694 814 1749 861 et
1776 822 1901 863 aras
1928 822 2024 863 ac—

445 888 676 943 cenditis
702 930 717 955 ,
764 905 1001 960 quarum
1053 893 1215 947 nidor
1246 905 1475 965 vagatus
1509 911 1685 955 caacos
1717 899 2024 969 surdosque

442 978 671 1046 Spiritus
707 981 761 1033 vi
808 996 909 1036 sua
958 984 1027 1038 ad
1078 985 1344 1042 odoratus
1390 988 1571 1044 locum
1603 990 1774 1046 ducit.
1822 990 2021 1062 Sicque

441 1068 516 1123 ibi
552 1070 645 1124 alii
692 1070 946 1129 l‘anaticis
976 1073 1257 1133 furoribus
1279 1118 1294 1143 ,
1325 1079 1418 1133 alii
1464 1080 1721 1136 absurdis
1751 1082 1889 1139 cibis
1928 1099 2018 1139 re-

438 1160 681 1230 plentur,
706 1165 772 1219 ad
800 1165 1081 1222 libidinem
1115 1179 1406 1225 vertuntur
1431 1172 1547 1239 alii,
1574 1172 1642 1227 ad
1674 1173 1818 1229 furta
1850 1175 1941 1229 alii
1964 1184 2017 1231 et

438 1252 732 1308 adulteria.
772 1253 908 1310 Nam
962 1255 1069 1312 fusi
1107 1259 1219 1314 illic
1266 1260 1552 1331 sanguinis
1597 1278 1766 1333 vapor
1805 1275 1859 1319 et
1901 1264 2015 1320 vini

438 1342 630 1399 libatio
653 1346 817 1401 etiam
854 1350 1020 1404 satiat
1045 1350 1290 1421 impuros
1321 1353 1570 1422 spiritus,
1595 1355 1690 1425 qui
1730 1355 1873 1412 intra
1914 1373 2014 1414 vos

435 1438 695 1492 occultati
747 1442 932 1496 omnia
987 1443 1103 1499 haec
1146 1445 1381 1500 reddunt
1438 1449 1665 1515 suavia,
1712 1458 1874 1523 atque
1919 1468 2013 1522 per

433 1527 646 1581 somnia
673 1544 770 1584 vos
806 1528 959 1586 falsis
1000 1535 1230 1603 spectris
1274 1535 1566 1603 irretiunt,
1598 1538 2012 1611 innumerisque

432 1620 880 1687 perpessionibus
908 1625 1164 1692 puniunt.
1198 1624 1332 1683 Nam
1368 1631 1659 1686 occasione
1703 1647 2006 1701 sacrarum,

431 1712 491 1759 ut
517 1716 738 1776 vocant,
775 1710 1082 1767 hostiarum
1130 1718 1321 1786 repleti
1369 1719 1504 1774 estis
1538 1719 1866 1775 truculentis
1896 1721 2009 1776 dm-

428 1797 684 1854 monibus
707 1841 722 1866 ,
757 1802 853 1870 qui
881 1813 1040 1859 caute
1070 1821 1170 1862 vos
1202 1808 1409 1864 inscios
1441 1808 1757 1880 perimunt,
1806 1820 1867 1867 ut
1896 1828 2007 1867 non

425 1890 676 1947 sentiatis
714 1891 894 1949 factas
931 1896 1183 1953 insidias.
1214 1897 1485 1956 Prtetextu
1514 1901 1786 1972 siquidem
1820 1903 2009 1974 cujus-

424 1981 571 2051 piam
612 1983 829 2054 injuria:
854 1988 938 2043 vel
973 1991 1338 2058 calamitatis,
1372 1996 1577 2049 amoris
1599 2038 1614 2059 ,
1649 1995 1763 2063 irae,
1795 1997 2006 2053 mtesti-

424 2072 534 2135 tiae,
566 2082 662 2129 aut
685 2076 883 2146 laqueo
908 2089 1005 2135 aut
1036 2095 1179 2150 aqua
1202 2081 1493 2151 suﬁ‘ocant,
1521 2101 1553 2139 e
1584 2086 1707 2143 loco
1731 2087 2003 2157 praecipiti

420 2163 724 2233 dejiciunt,
759 2168 1057 2226 homicidio
1089 2172 1213 2237 sui,
1245 2183 1338 2230 aut
1386 2176 1675 2247 ap0plexia
1696 2217 1713 2244 ,
1764 2188 1861 2234 aut
1893 2179 2001 2237 alio

418 2256 615 2314 morbo
642 2273 673 2314 e
701 2260 811 2317 vita
834 2271 1041 2334 cogunt
1069 2264 1331 2337 migrare.

487 2518 626 2577 XVI.
689 2522 766 2578 Ex
806 2527 970 2585 nobis
1021 2538 1204 2585 autem
1250 2531 1434 2589 nullus
1485 2534 1592 2589 tale
1635 2536 1766 2604 quid
1818 2545 1995 2607 potest

413 2612 524 2682 pati
550 2654 566 2679 ,
601 2614 695 2669 sed
749 2631 781 2670 a
830 2617 990 2674 nobis
1038 2621 1319 2678 daemones
1351 2632 1705 2693 torquentur,
1740 2629 1992 2695 quando-

414 2702 636 2772 quidem
669 2704 722 2759 in
747 2707 986 2777 aliquem
1018 2709 1277 2780 ingressi,
1300 2720 1360 2767 ut
1387 2714 1596 2770 tardius
1620 2717 1989 2786 egrediantur,

414 2803 609 2865 rogant
660 2811 780 2852 nos.
816 2796 920 2854 Sed
948 2800 1090 2855 dicet
1118 2790 1317 2871 aliquis
1346 2820 1359 2857 :
1392 2802 1450 2857 In
1480 2807 1580 2860 has
1613 2808 1992 2875 perpessiones

412 2886 661 2943 incidunt
704 2889 976 2947 interdum
1005 2893 1170 2948 etiam
1207 2895 1440 2965 quidam
1473 2892 1567 2950 Dei
1596 2899 1854 2955 cultores.
1888 2902 1991 2957 Aio

408 2977 469 3032 id
498 2978 614 3033 ﬁeri
649 2995 759 3035 non
788 2996 971 3052 posse.
1006 2983 1100 3040 llle
1125 2986 1295 3051 enim,
1323 2988 1390 3042 de
1420 3003 1530 3058 quo
1558 2989 1778 3060 loquor,
1811 2992 1988 3047 cultor

2130 429 2347 485 ἐναντία
2368 431 2593 501 γίνεται.
2615 434 2726 488 Καὶ
2746 434 2862 489 ἔνια
2889 437 2968 500 είς
2998 435 3336 507 κατάπληξιν
3362 435 3711 510 δικαιοσύνης

2129 524 2531 595 παραγγέλλετε
2552 526 2616 591 ’⁵,
2646 526 2792 599 ἀπερ
2821 530 2869 582 εί
2899 529 2997 583 καὶ
3021 529 3201 583 πάντα
3227 532 3431 583 ποιεῖτε
3470 530 3541 585 τά
3570 548 3710 602 παρ-

2126 616 2465 688 αγγέλματα,
2510 619 2607 689 μία
2635 622 2667 690 ἡ
2701 618 2838 691 πρὸς
2863 620 2995 674 Θεὸν
3022 621 3214 691 ἄγνοια
3248 622 3406 693 ἱκανὴ
3453 623 3705 693 τυγχάνει

2126 708 2265 780 πρὸς
2307 710 2406 781 τὴν
2449 710 2572 765 καθ’
2606 711 2758 783 ὑμῶν
2792 714 3082 785 τιμωρίαν.
3137 715 3287 786 Πλὴν
3325 716 3705 787 συνερχόμενοι

2124 802 2204 865 είς
2228 801 2356 865 τοὺς
2393 803 2483 872 ὑφ’
2515 802 2670 874 ὑμῶν
2697 805 2881 869 αὐτοῖς
2902 805 3156 871 δοθέντας
3181 806 3382 870 τόπους
3406 807 3581 879 ἡδέως
3611 825 3704 879 με-

2125 891 2387 948 θύσκεσθε
2407 896 2502 950 καὶ
2535 897 2754 969 βωμοὺς
2785 898 3076 964 ἀνάπτετε,
3108 893 3182 954 ὧν
3210 901 3243 970 ἡ
3276 899 3471 955 κνίσσα
3501 900 3700 973 ῥεμϐοο

2124 985 2258 1059 μένη
2305 989 2401 1042 καὶ
2445 989 2514 1043 τά
2566 990 2743 1059 τυφλά
2792 992 2887 1045 καὶ⁵
2929 991 3092 1063 κωφά
3135 992 3422 1063 πνεύματα
3468 993 3557 1048 διὰ
3603 995 3701 1066 τῆς

2119 1078 2367 1145 ἐξουσίας
2393 1082 2516 1152 ἄγει
2544 1085 2625 1151 είς
2659 1085 2751 1138 τὸν
2789 1086 2891 1157 τῆς
2933 1086 3254 1158 ὀσφρήσεως
3295 1085 3474 1142 αὐτῶν
3511 1087 3696 1144 τόπον.

2119 1170 2228 1225 Kal.
2258 1171 2431 1236 οὕτως
2466 1172 2576 1228 τῶν
2620 1176 2736 1229 ἐκεί
2774 1177 2824 1229 οἱ
2871 1178 2969 1248 μὲν
3007 1176 3497 1249 ὲνθοῡσιασμῶνίδ,
3548 1179 3597 1232 οἱ
3640 1179 3698 1232 δὲ

2119 1261 2341 1334 βρωτῶν
2378 1264 2681 1321 ἀλλοκότων
2707 1266 3144 1340 ἐμπίμπλανται,
3174 1269 3224 1322 oi
3251 1269 3309 1324 δὲ
3334 1270 3427 1322 ἐπὶ
3447 1270 3509 1324 τὸ
3538 1269 3695 1323 ἀσελ-

2115 1355 2322 1423 γαίνειν
2348 1357 2678 1429 τρέπονται,
2724 1361 2775 1413 oi
2803 1359 2862 1413 δὲ
2900 1361 2992 1414 ἐπὶ
3015 1359 3223 1425 κλοπὰς
3257 1362 3350 1415 καὶ
3380 1362 3593 1431 φόνους.
3630 1363 3695 1418 ἸΙ

2113 1446 2221 1519 γάρ
2250 1448 2343 1502 τοῦ
2380 1451 2498 1503 ἐκεῖ
2525 1451 2756 1522 αἵματος
2800 1452 3162 1524 ἀναθυμίασις
3194 1456 3288 1506 καὶ
3318 1455 3351 1525 ἡ
3384 1452 3495 1508 τῶν
3535 1456 3693 1510 οίνων

2116 1541 2315 1612 σπονδὴ
2346 1542 2439 1595 καὶ
2468 1542 2609 1596 αύτά
2634 1542 2677 1574 ¹⁶
2708 1546 2864 1615 κορεῖ
2886 1544 2955 1597 τά
2985 1544 3272 1618 ἀκάθαρτα
3318 1544 3624 1618 πνεύματα,
3656 1547 3693 1602 ἆ

2110 1648 2234 1687 τινα
2280 1632 2737 1704 ἐνδομυχοῦνταη
2785 1637 2865 1699 είς
2913 1636 3057 1707 ὑμᾶς
3097 1636 3392 1708 φιληδόνως
3443 1637 3587 1710 ἔχειν
3619 1639 3691 1695 τά

2111 1724 2227 1777 ἐκεῖ
2254 1723 2499 1778 ποιοῦσιν
2525 1765 2539 1790 ,
2568 1727 2661 1780 καὶ
2686 1726 2756 1780 δι’
2788 1728 3010 1799 ὀνείρων
3038 1729 3067 1781 ὑ
3076 1730 3182 1801 μᾶς
3211 1731 3529 1799 φαντασίαις
3553 1731 3684 1801 ψευ-

2109 1815 2220 1871 δέσι
2256 1818 2690 1890 περιϐάλλουσιν,
2721 1821 2815 1874 καὶ
2860 1822 3076 1895 μυρίοις
3106 1822 3391 1895 παθήμασι
3419 1822 3686 1895 τιμωροῦ-

2110 1926 2212 1963 σιν.
2258 1910 2535 1982 Προφάσει
2567 1910 2676 1985 γὰρ
2709 1912 2818 1966 τῶν
2858 1912 3164 1986 λεγομένων
3208 1913 3497 1986 ἱεροθύτων
3523 1915 3682 1986 χαλε-

2107 2001 2224 2054 πῶν
2251 2001 2518 2074 δαιμόνων
2554 2004 2899 2076 ἐμπίπλασθε
2923 2046 2937 2071 ,
2994 2007 3045 2060 οἳ
3083 2007 3178 2061 καὶ
3218 2006 3495 2079 φρονίμως
3540 2009 3682 2080 ὑμᾶς

2104 2092 2455 2160 λανθάνοντες
2498 2095 2812 2169 ἀναιροῦσιν
2836 2138 2851 2163 ,
2882 2100 2970 2152 ἵνα
3011 2099 3084 2171 μὴ
3133 2101 3328 2173 συνῆτε
3375 2102 3530 2172 ὑμῶν
3580 2104 3679 2175 τὴν

2103 2185 2411 2259 ἐπιϐουλήν.
2444 2188 2722 2261 Προφάσει
2754 2189 2861 2263 γάρ
2880 2207 3027 2255 τινος
3063 2191 3326 2263 ἐπηρείας
3352 2193 3387 2265 ἢ
3416 2192 3617 2266 ἔρωτος
3644 2193 3676 2265 ἢ

2102 2279 2271 2352 ὀργῆς
2306 2280 2339 2353 ἢ
2371 2281 2547 2354 λύπης
2591 2283 2624 2354 ἢ
2667 2284 2870 2357 ἀγχόνῃ
2916 2285 2949 2357 ἢ
2990 2284 3141 2339 ὕδατι
3180 2285 3463 2353 πνίξαντες
3497 2287 3530 2358 ἢ
3571 2285 3679 2341 ἀπὸ

2102 2372 2348 2443 κρημνοῦ
2382 2374 2637 2446 ῥίψαντες
2663 2374 2695 2446 ἢ
2721 2376 3033 2449 αὐτοχειρίᾳ
3055 2377 3088 2449 ἢ
3117 2378 3429 2452 ἀποπληξίᾳ
3452 2378 3486 2451 ἢ
3507 2379 3675 2450 ἑτέρῳ

2098 2464 2203 2516 τινὶ¹
2233 2464 2508 2520 πάθειτοῦ
2541 2468 2638 2539 ζῇν
2674 2467 3007 2539 μεθιστᾶσιν.
3726 2484 3737 2497 ⁸

2167 2554 2309 2612 XVI.
2350 2558 2536 2629 Ἦμῶν
2563 2560 2621 2613 δὲ
2648 2560 2825 2625 οὐδεὶς
2851 2561 3090 2616 τοιοῦτόν
3122 2579 3174 2617 τι
3213 2561 3407 2618 παθεῖν
3429 2562 3670 2627 δύναται,

2096 2646 2213 2704 ἀλλ’
2242 2649 2396 2702 αὐτοὶ
2426 2651 2513 2719 ὑφ’
2534 2651 2692 2722 ἡμῶν
2718 2652 3052 2719 κολάζονται,
3081 2654 3283 2709 ὁπόταν
3310 2656 3391 2719 είς
3416 2673 3536 2709 τινα
3561 2657 3672 2708 εἰσ-

2100 2740 2269 2804 ιόντες
2301 2739 2539 2812 βραδέως
2579 2743 2775 2808 ἐξιέναι
2813 2746 2962 2816 ἡμᾶς
3013 2745 3400 2818 παρακαλῶσιν
3418 2747 3478 2800 ίδ.
3509 2740 3664 2819 2Ε1

2109 2832 2247 2886 Ἀλλ’
2277 2834 2392 2905 ἐρεῖ
2415 2851 2526 2898 τις·
2562 2837 2721 2900 Ἴσως
2748 2838 3010 2902 τοιούτοις
3030 2837 3262 2893 πάθεσιν
3283 2841 3377 2893 καὶ
3405 2839 3669 2894 θεοσεῦῶν

2090 2942 2235 2991 τινες
2253 2927 2670 2983 ὑποπίπτουσιν.
2701 2931 2778 3002 Φη
2790 2932 2849 3001 μὶ
2876 2932 2957 2985 ὅτι
2985 2932 3141 2986 τοῦτο
3167 2933 3444 2988 ἀδύνατον.
3485 2933 3669 2986 Θεοσε-

2015 3036 2057 3094 C
2091 3019 2191 3090 ὅὴς
2219 3019 2328 3091 γάρ
2359 3015 2513 3085 οὗτός
2540 3022 2708 3087 ἐστιν,
2733 3022 2792 3075 ὃν
2817 3022 2859 3054 ¹⁹
2889 3022 3000 3092 ἐγώ
3026 3041 3197 3095 φημι,
3226 3023 3255 3074 ὁ
3285 3024 3457 3089 ὅντως
3486 3024 3667 3077 θεοσε-

411 3069 506 3127 Dei
538 3083 621 3128 est
647 3115 663 3141 ,
709 3076 803 3144 qui
835 3092 963 3132 vere
991 3087 1077 3134 est
1103 3077 1197 3134 Dei
1226 3081 1426 3148 cultor,
1464 3096 1571 3137 non
1602 3084 1695 3153 qui
1723 3085 1988 3143 duntaxat

414 3162 614 3186 .ιε-ξ.---
683 3165 783 3186 ηυξ
823 3176 906 3186 ,ηε
930 3184 991 3186 μμ
1133 3184 1141 3186 .
1244 3179 1256 3186 .
1319 3180 1330 3186 -
1420 3173 1476 3186 ι.-
1594 3175 1628 3186 ..
1654 3177 1664 3186 .
1701 3177 1714 3186 .
1789 3178 1801 3186 .

2542 3069 2715 3185 *μόνον
2745 3069 2992 3186 λέγητάι,
3015 3069 3059 3170 ό
3077 3069 3325 3181 δέὀντως
3353 3069 3548 3169 ὣνντοῦ
3583 3116 3667 3170 δο-

409 3162 633 3220 dicitur.
681 3165 786 3233 Qui
818 3176 999 3224 autem
1028 3184 1152 3225 vere
1178 3179 1281 3239 est,
1316 3173 1531 3229 traditae
1562 3175 1667 3231 sibi
1700 3177 1835 3248 legis
1864 3193 1986 3249 per-

403 3252 521 3309 ﬁcit
559 3269 745 3325 opera.
803 3256 861 3312 Si
912 3259 1038 3328 quis
1088 3259 1252 3330 impie
1298 3262 1505 3332 egerit,
1550 3265 1674 3334 pius
1727 3282 1834 3322 non
1876 3278 1980 3324 est.

404 3342 878 3410 Quemadmodum
914 3351 961 3405 si
995 3350 1299 3422 alienigena
1333 3353 1505 3422 legem
1535 3356 1982 3423 servetJuda'us

402 3445 524 3505 est;
553 3440 648 3510 qui
673 3456 799 3497 vero
828 3457 937 3497 non
964 3452 1165 3511 servat,
1187 3453 1272 3501 est
1295 3447 1533 3516 gentilis.
1557 3447 1781 3505 Judaeus
1808 3451 1980 3518 enim,

401 3527 513 3584 Deo
542 3532 794 3598 credens,
829 3534 1002 3604 legem
1036 3537 1254 3606 implet,
1289 3554 1386 3608 per
1415 3555 1580 3609 quam
1617 3541 1776 3597 ﬁdem
1813 3545 1979 3600 etiam

400 3621 503 3677 alia
554 3625 695 3679 mala
746 3627 1026 3684 montibus
1064 3629 1266 3685 similia
1309 3640 1364 3686 et
1405 3633 1734 3701 gravissima
1790 3644 1977 3692 trans-

402 3710 510 3768 fert
555 3727 604 3770 α.
654 3716 759 3782 Qui
808 3732 937 3772 vero
981 3735 1090 3775 non
1148 3722 1471 3792 exsequitur
1526 3724 1732 3795 legem,
1764 3727 1977 3783 clarum

396 3813 511 3872 est,
563 3809 710 3877 quod
760 3825 872 3866 non
912 3813 1186 3868 credendo
1239 3818 1293 3869 in
1334 3815 1504 3873 Deum
1556 3820 1617 3874 ﬁt
1667 3820 1972 3893 transfuga,

384 3895 629 3968 ideoque
659 3912 912 3969 peccator
949 3904 1096 3959 velut
1133 3921 1479 3978 nequaquam
1509 3910 1730 3969 Jutlteus
1757 3923 1977 3984 propter

395 3997 680 4056 peccatum
729 4006 759 4045 a
806 3992 1212 4052 calamitatibus
1258 3998 1564 4071 subigitur,
1594 4019 1717 4073 qure
1762 4006 1829 4060 ad
1867 4022 1973 4076 pu-

396 4076 625 4134 niendos
672 4091 986 4149 peccatores
1030 4089 1348 4146 constitutae
1391 4100 1542 4147 sunt.
1574 4092 1709 4148 Nam
1740 4100 1972 4154 consilio

396 4166 524 4234 Dei,
560 4173 706 4240 quod
751 4174 821 4230 ab
868 4177 1027 4234 initio
1063 4181 1337 4235 sancitum
1370 4182 1503 4250 fuit,
1554 4184 1702 4241 illius
1731 4189 1971 4247 cultores

386 4259 536 4330 justo
558 4272 779 4333 propter
801 4267 994 4324 delicta
1012 4285 1172 4340 poena
1199 4275 1572 4344 consequitur.
1597 4275 1753 4344 Quod
1782 4281 1859 4345 lit,
1887 4288 1966 4348 ut,

390 4359 679 4423 postquam
711 4371 871 4425 poena
914 4359 983 4415 de
1010 4372 1235 4430 peccato
1267 4365 1414 4421 velut
1441 4367 1624 4424 debito
1672 4386 1767 4439 per
1799 4387 1963 4429 vexa-
2000 4385 2040 4439 ι)

391 4445 591 4502 tionem
640 4451 908 4507 rationem
944 4456 1251 4524 repetierit,
1283 4475 1579 4518 conversos
1611 4462 1861 4521 homines
1907 4467 1961 4522 in

389 4547 710 4596 cunctorum
752 4544 962 4614 judicio
993 4563 1162 4617 puros
1212 4563 1588 4621 reprmsentet.
1620 4554 1774 4611 Sicut
1813 4559 1958 4613 enim

387 4630 653 4701 improbis
680 4651 972 4705 prteseutes
1016 4641 1224 4697 delicia:
1251 4643 1307 4697 in
1356 4645 1617 4701 damnum
1651 4648 1958 4706 futurorum

385 4722 654 4781 bonorum
686 4731 916 4793 cedunt.
961 4733 1035 4789 ita
1083 4736 1349 4805 supplicia
1382 4737 1552 4808 lapsis
1589 4741 1643 4795 in
1675 4732 1957 4811 peccatum

383 4813 588 4873 Iudaeis
628 4823 923 4879 mittuntur
970 4826 1039 4881 ad
1068 4827 1448 4895 exactionem,
1502 4843 1561 4887 ut
1606 4843 1825 4904 recepta
1871 4836 1960 4891 hic

382 4906 568 4964 delicti
598 4927 759 4981 poena
803 4931 836 4970 a
867 4915 1053 4975 futura
1098 4919 1213 4975 illic
1241 4929 1446 4978 aeterna
1492 4924 1846 4983 damnatione
1890 4928 1958 4982 li-

379 5000 658 5062 herentur.

452 5135 480 5165 II
511 5124 702 5181 Matth.
732 5144 863 5193 xvu,
897 5132 985 5187 l9.

2088 3203 2273 3268 θέντος
2315 3204 2466 3276 αύτῷ
2509 3207 2674 3278 νόμου
2711 3208 2923 3261 ἐκτελεί
2959 3208 3060 3272 τὰς
3103 3208 3349 3281 πράξεις.
3412 3209 3538 3262 Ἐάν
3581 3226 3667 3273 τις

2085 3296 2333 3371 ἀσεϐήσῃ
2355 3339 2370 3363 ,
2404 3299 2637 3370 εὐσεϐὴς
2674 3301 2775 3354 οὐκ
2817 3300 2985 3355 ἔστιν.
3018 3301 3227 3374 Ὅνπερ
3272 3302 3473 3375 τρόπον
3502 3301 3597 3357 ὲάν
3634 3302 3667 3355 ὀ

2083 3389 2376 3460 ἀλλόφυλος
2414 3391 2507 3445 τὸν
2553 3393 2716 3464 νόμον
2757 3392 2937 3466 πράξῃ
2961 3433 2976 3458 ,
3039 3394 3290 3458 Ἰουδαῖός
3331 3394 3480 3448 ἐστιν
3505 3410 3519 3423 ⁸
3585 3394 3661 3465 μὴ

2082 3481 2294 3554 πράξας
2344 3483 2422 3549 δὲ,
2468 3483 2688 3556 Ἕλλην.
2720 3484 2777 3539 '0
2797 3485 2904 3558 γὰρ
2961 3486 3208 3550 Ἰουδαῖος
3237 3485 3506 3540 πιστεύων
3541 3485 3662 3557 Θεῷ

2081 3576 2224 3627 ποιεί
2239 3573 2330 3629 τδν
2357 3575 2520 3647 νόμον
2542 3577 2609 3642 ὀ,
2630 3576 2696 3630 δι’
2709 3569 2777 3648 ἦς
2797 3578 3033 3642 πίστεως
3054 3579 3148 3633 καὶ
3165 3578 3233 3633 τὰ
3244 3579 3377 3634 ἀλλα
3389 3580 3456 3633 τὰ
3475 3580 3659 3652 ὄρεσιν

2079 3666 2292 3720 ἐοικότα
2338 3667 2432 3721 καὶ
2476 3667 2745 3741 βαροῦντα
2804 3670 3088 3743 μεθίστησι
3145 3671 3314 3742 πάθη.
3369 3672 3426 3727 '0
3474 3672 3533 3726 δὲ
3580 3672 3655 3744 μὴ

2080 3759 2248 3813 ποιῶν
2277 3758 2369 3815 τὸν
2399 3758 2561 3832 νόμον
2585 3760 2826 3831 δηλονότι
2847 3763 2888 3794 ’ί
2915 3764 2980 3817 ὲκ
2997 3763 3090 3817 τοῦ
3124 3763 3197 3835 μὴ
3236 3764 3511 3818 πιστεύειν
3537 3764 3656 3834 Θεῷ

2076 3849 2409 3914 λιποτακτεῖ,
2431 3852 2525 3905 καὶ
2543 3851 2719 3917 οὕτως
2745 3852 2822 3917 ὡς
2844 3854 2964 3925 ούχὶ
2983 3856 3026 3886 ’³
3060 3856 3313 3920 Ἰουδαῖος
3336 3857 3656 3929 ἁμαρτωλὸς

2073 3940 2161 3995 διά
2188 3941 2288 4012 τὴν
2315 3942 2588 4015 ἁμαρτίαν
2611 3943 2988 4016 ἐπικρατεῖται
3018 3947 3122 4001 ὑπὸ
3145 3946 3255 4001 τῶν
3282 3950 3362 4013 είς
3391 3949 3452 4002 τὸ
3481 3966 3652 4019 τιμω-

2052 4016 2189 4103 ’ρεῖν
2223 4033 2349 4097 τοὺς
2388 4034 2802 4108 ἁμαρτάνοντας
2839 4037 3193 4093 καθεστώτων
3237 4039 3445 4093 παθῶν.
3476 4016 3648 4114 Βόυλῇ

2072 4125 2206 4179 Θεοῦ
2248 4129 2314 4197 τῇ
2354 4126 2612 4200 ἀπαρχῆς
2647 4128 2927 4204 ὀρισθείσῃ
2970 4131 3199 4195 δικαίως
3242 4136 3356 4198 τοῖς
3400 4133 3649 4187 σέϐουσιν

2071 4217 2234 4273 αὐτὸν
2280 4222 2743 4293 παραπτωμάτων
2786 4222 2946 4294 χάριν
2996 4226 3029 4295 ἡ
3065 4224 3320 4297 ’τιμωρία
3352 4224 3543 4279 ’ἐπεται
3565 4267 3581 4290 ,
3618 4225 3649 4279 δ

2071 4310 2300 4380 γίνεται,
2325 4312 2412 4366 ἵνα
2429 4312 2506 4376 ὼς
2523 4313 2794 4387 ὀφείλημα
2811 4315 2899 4369 διὰ
2917 4316 3017 4386 τῆς
3035 4315 3266 4386 βασάνου
3294 4317 3648 4389 ἀπαιτήσασα

2067 4406 2167 4477 τὴν
2211 4405 2486 4479 ἁμαρτίαν
2531 4409 2659 4472 τοὺς
2697 4392 3131 4479 ἐπιστρέψαντας
3175 4407 3447 4481 καθαροὺς
3488 4411 3549 4463 ὲν
3576 4414 3642 4481 τῇ

2065 4496 2175 4551 τῶν
2203 4497 2338 4553 ὅλων
2368 4500 2693 4572 παραστήσῃ
2707 4501 2753 4532 ’³
2778 4500 2977 4573 κρίσει.
3015 4501 3101 4563 Ὧς
3128 4500 3238 4573 γάρ
3260 4505 3373 4567 τοῖς
3399 4505 3588 4565 κακοῖς
3605 4505 3640 4573 ἡ

2066 4590 2297 4645 ἐνταῦθα
2324 4590 2506 4664 τρυφὴ
2534 4593 2617 4655 είς
2663 4591 2865 4662 ζημίαν
2895 4591 3127 4647 αἰωνίων
3164 4589 3384 4660 ἀγαθῶν
3412 4593 3639 4662 γίνεται,

2063 4682 2238 4748 οὕτως
2293 4685 2350 4737 αἱ
2402 4685 2664 4757 τιμωρίαι
2718 4688 2830 4750 τοῖς
2885 4685 3324 4758 παραπίπτουσιν
3369 4687 3644 4751 Ἰουδαίοις

2062 4774 2368 4846 πέμπονται
2393 4778 2473 4840 είς
2498 4776 2786 4849 ἔκπραξιν,
2819 4777 2905 4832 ἴνα
2950 4779 3183 4834 ἐνταῦθα
3213 4778 3573 4860 ἀπολαύοντες
3593 4777 3641 4811 ⁸⁸

2058 4867 2119 4920 τὸ
2164 4869 2517 4942 παράπτωμα
2540 4870 2643 4942 τῆς
2666 4871 2786 4926 ἐκεί
2810 4870 3199 4943 ἀπαλλαγῶσιν
3226 4872 3448 4935 αίωνίας
3477 4869 3638 4929 κολὰ-

2060 4975 2215 5023 σεως.

1650 5226 1885 5283 VARIzﬁ
1926 5224 2324 5282 LECTIONES.

448 5308 492 5396 ξι
515 5311 951 5396 παραγγέλλεται
976 5315 1055 5396 O_._
1104 5316 1146 5349 "
1176 5316 1554 5396 ἐνθουσιασμῷ
1571 5318 1612 5374 C
1642 5359 1666 5396 ,_
1679 5319 2083 5396 §v_ﬁooataapoﬁ_
2106 5319 2165 5396 Ι).
2207 5321 2273 5396 _“
2288 5321 2426 5396 αὐτ-ἠ
2449 5321 2511 5375 C.
2545 5319 2854 5396 Lectionem
2876 5322 3221 5396 Qttoboniani
3244 5324 3547 5396 praesagivit
3569 5323 3626 5396 S.

384 5376 428 5459 ξ⁷
448 5376 863 5459 ενρομοχιόῦντα
994 5386 1057 5459 Α⁸⁸
1080 5376 1484 5459 παρακαλοῦσιν
1516 5376 1579 5443 C.
1645 5376 1695 5424 I"
1730 5390 1788 5443 ὅν
1820 5376 2164 5459 praetermisit
2204 5389 2241 5444 S
2293 5409 2341 5446 (ξ.
2367 5376 2447 5453 Ci.
2528 5392 2573 5427 ²⁰
2598 5376 3271 5451 Selicio—callidi
3295 5376 3463 5459 1211,26?

378 5449 550 5540 ⁶,ἀλλ-
577 5449 722 5507 “τ·”ν·
759 5470 854 5537 FP:
877 5456 952 5540 .’¹·
988 5457 1101 5510 έστ-
1130 5449 1444 5540 Hicesias
1468 5449 1838 5540 δὲηἹειΡβαῖοῑί
1868 5460 2085 5540 Ἕλλην’
2115 5462 2177 5540 '0.
2214 5462 2322 5533 γὰρ
2348 5449 2614 5540 πίστξὲεον
2647 5462 2772 5540 εέξιῑί
2799 5468 2943 5540 me?
2964 5466 3067 5540 τὴν.
3099 5449 3281 5540 νὸμὸὺο
3328 5449 3438 5540 θ’οο
3464 5466 3631 5519 modo

380 5519 602 5641 elegans
625 5524 779 5579 nasci
804 5519 1018 5581 videtur
1058 5519 1375 5585 antithesis:
1401 5519 1460 5583 li.

384 5603 450 5641 στ
474 5606 572 5641 ,σει
605 5590 666 5641 C-
736 5596 782 5626 ³⁸
813 5596 1176 5641 ἀπολαύοντες
1204 5596 1258 5641 [ιγ
1333 5600 1426 5641 mli

384 5603 483 5661 ατη

1535 5532 1577 5562 ²¹
1599 5530 1757 5600 δῆλον
1787 5531 1869 5584 ὃτι
1901 5529 1962 5586 C.
1988 5529 2125 5585 Tum
2161 5529 2504 5585 λειποτακτεῖ
2524 5532 2586 5585 Ο.

2666 5533 2820 5606 ’ξούκ
2977 5537 3025 5568 ⁸³
3047 5536 3123 5591 Ila
3153 5533 3194 5592 Ο
3249 5553 3301 5592 c.
3330 5536 3367 5591 S
3397 5577 3412 5597 .
3442 5551 3626 5606 παρα-

491 5606 572 5644 σει
605 5590 666 5648 C.
736 5596 788 5675 ’ξ
813 5596 1176 5681 ἀπολαύοντες
1202 5596 1286 5681 0:,
1333 5600 1429 5668 qui
1474 5590 1697 5681 insuper
1729 5602 1993 5681 exemplis
2028 5602 2435 5681 comprqbavit,‘
2461 5608 2646 5681 vocem
2680 5602 2973 5681 ἀπολαύειν
3004 5590 3261 5681 conjungi
3299 5623 3460 5680 posse
3500 5592 3631 5662 c'um

380 5674 515 5718 casu
548 5665 885 5733 accusativo,
920 5676 1083 5739 atque
1115 5668 1261 5725 haud
1288 5665 1414 5727 rai'o
1438 5671 1580 5727 sumi
1603 5665 1671 5729 in
1714 5665 1913 5729 malam
1957 5665 2184 5745 partem.
2220 5670 2278 5728 S.
2310 5669 2678 5736 ἀπολαϐόντες
2720 5672 2783 5745 C,
2818 5677 2882 5732 0.
3105 5665 3125 5681 ”
3172 5665 3223 5692 ’³
