4084 6148
488 275 595 332 289

1553 272 2119 332 CLEMENTINA.'—-
2156 273 2445 334 IIOMILIA
2486 279 2575 336 XI.
2642 322 2644 325 -

3638 292 3745 348 290

559 392 720 465 242
758 391 925 448 XVII.
980 389 1166 462 Ὑμεῖς
1211 389 1269 444 δὲ
1303 386 1476 443 ταῦτα
1523 390 1694 443 εἰπεῖν
1725 390 1786 443 οὑ
1815 391 2019 445 δύνασθλ

2120 396 2141 450 l
2238 392 2401 450 XVII.
2446 394 2556 452 Vos
2589 411 2718 454 vero
2771 398 2884 455 haec
2929 399 3109 459 dicere
3156 419 3263 460 non
3310 408 3565 476 potestis,
3613 410 3742 480 quia

484 488 546 540 οὑ
591 487 699 558 γὰρ
747 479 1027 538 πιστεύετε
1053 483 1122 536 τά
1153 483 1268 536 ἐκεῖ
1297 477 1434 536 εἶναι
1482 479 1557 545 ὡς
1587 480 1746 553 ἡμεῖς
1789 482 2016 554 λέγομεν
2040 525 2055 548 ,

481 578 628 647 λέγω
655 577 740 647 δὴ,
774 577 903 629 ὅπου
933 575 1098 628 πᾶσιν
1124 576 1156 646 ἡ
1187 573 1542 634 ἀνταπόδοσις
1570 573 1798 641 γίνεται.
1835 567 1908 627 Οὗ
1938 573 2055 628 ’ἐνε-

481 688 576 724 κεν
613 669 930 738 ἀγνοοῦντες
974 665 1035 720 τὺ
1086 667 1360 738 συμφέρον
1406 665 1511 718 ὑπὸ
1555 665 1663 718 τῶν
1701 667 2052 738 προσκαίρων

477 763 681 834 ἡδονῶν
713 761 786 832 μὴ
818 759 1003 812 λαϐεῖν
1033 759 1100 812 τά
1132 757 1323 812 αἰώνια
1353 757 1717 830 ἐνεδρεύεσθε.
1766 757 1858 812 Διὸ
1887 762 2051 830 ἡμεῖς

475 854 570 906 τοῦ
611 853 976 924 συμφέροντος
1016 851 1143 922 ὑμῖν
1169 849 1267 914 τάς
1311 849 1615 917 ἀποδείξεις
1642 852 1814 903 ποιεῖν
1845 851 2048 922 πειρῶ-

479 947 634 1017 μεθα,
666 945 752 998 ἵνα
780 943 1288 1016 πληροφορηθέντες
1317 942 1446 1014 περὶ
1478 941 1585 994 τῶν
1614 941 1714 1012 τῆς
1740 941 2049 1006 θεοσεϐείας

473 1036 898 1108 ἐπαγγελμάτων
947 1037 1034 1090 διὰ
1069 1035 1176 1088 τῶν
1225 1034 1440 1103 ἀγαθῶν
1485 1033 1736 1105 πράξεων
1785 1034 2046 1106 δυνηθῆτε

472 1131 567 1183 σὺν
587 1133 716 1201 ἡμῖν
739 1129 830 1182 τὸν
859 1128 1063 1183 ἄλυπον
1093 1127 1263 1182 αἰῶνα
1288 1127 1712 1198 κληρονομῆσαι.
1743 1123 1921 1197 Μέχρι
1946 1127 2045 1196 μὲν

465 1219 557 1277 οὖν
601 1222 896 1294 γνωρίσετε
909 1222 954 1252 ³⁵
982 1222 1130 1290 ἡμᾶς
1152 1259 1165 1282 ,
1208 1220 1281 1290 μὴ
1324 1218 1677 1290 χαλεπαίνετε
1719 1217 1852 1288 ἡμῖν
1870 1217 1914 1248 ’⁸
1968 1216 2044 1282 ὡς

463 1315 810 1385 ψευδομένοις
842 1313 972 1386 περί¹
1012 1305 1085 1365 ὧν
1125 1312 1253 1383 ὑμῖν
1293 1308 1518 1382 θέλομεν
1565 1309 1764 1364 καλῶν.
1807 1310 1887 1364 Τὰ
1929 1298 2038 1384 γάρ

461 1409 592 1478 ἡμῖν
636 1404 956 1477 νομισθέντα
1000 1403 1174 1476 ἀληθῆ
1221 1422 1284 1457 τε
1324 1405 1415 1478 καὶ
1451 1404 1657 1473 ἀγαθὰ,
1697 1404 1870 1459 ταῦτα
1909 1405 2038 1475 ὑμῖν
2127 1468 2133 1473 ε

462 1501 646 1572 φέρειν
663 1499 762 1552 οὑκ
784 1499 1180 1570 ἐφθονήσαμεν,
1202 1496 1335 1551 ἀλλὰ
1355 1497 1662 1551 τούναντίον
1682 1495 1922 1551 ἐσπεύσα
1931 1513 2032 1568 μεν

461 1593 664 1664 συγκλη
675 1593 931 1664 ρονόμους
968 1592 1110 1662 ὑμᾶς
1139 1590 1361 1660 ποιῆσαι
1389 1589 1630 1658 ἀγαθῶν,
1655 1583 1728 1644 ὧν
1755 1591 1918 1662 ἡμεῖς
1950 1608 2034 1645 νε-

456 1687 759 1756 νομίκαμεν
775 1685 838 1737 ’⁷.
865 1683 1019 1737 Οὕτω
1056 1682 1164 1753 γὰρ
1192 1682 1297 1753 χρὴ
1336 1681 1474 1754 πρὸς
1503 1682 1630 1744 τοὺς
1657 1682 1918 1745 ἀπίστους
1947 1680 2030 1736 λέ-

2164 499 2272 539 ιιοη
2316 488 2570 555 creditis,
2600 505 2722 559 qua:
2754 491 2866 546 illic
2913 503 3042 548 sunt
3100 510 3220 551 esse
3279 502 3738 567 quemadmodum
3798 513 3803 518 ‘

2161 573 2427 633 dicimus.
2478 579 2600 634 dico
2628 589 2843 645 autem,
2889 582 2980 635 ubi
3027 586 3240 641 cunctis
3283 588 3375 646 ﬁat
3423 593 3735 647 retributio.

2147 666 2435 731 .Quocirea
2466 672 2612 740 quod
2645 682 2725 727 est
2763 673 2894 727 utile
2943 675 3279 744 ignorantes,
3330 695 3360 735 a
3392 686 3736 752 temperat-iis

2158 758 2564 828 voluptatibus,
2625 777 2692 816 ne
2757 773 2956 818 mterna
3012 767 3333 836 accipiatis,
3390 771 3727 842 dccipimini.

2155 848 2335 916 Quare
2367 866 2469 906 nos
2496 868 2797 919 conamur,
2850 857 3124 927 commodi
3172 859 3332 914 vobis
3379 864 3731 930 probationes

2153 941 2367 1008 aﬁerre,
2417 953 2477 997 ut
2522 945 2680 1014 plene
2726 946 2860 1000 certi
2906 947 2972 1000 de
3021 948 3238 1017 pietatis
3276 953 3731 1020 promissionibus

2150 1050 2248 1105 per
2278 1035 2416 1088 bona
2450 1049 2612 1103 opera
2646 1036 2870 1104 possitis
2907 1038 3196 1092 nobiscum
3234 1043 3418 1096 δακρυιὶ
3453 1049 3596 1113 quod
3631 1049 3728 1102 tri-

2149 1123 2297 1178 stitia
2325 1131 2481 1177 vacat
2517 1123 2759 1177 han-edes
2786 1124 3070 1178 exsistere.
3107 1125 3286 1181 Donec
3329 1129 3492 1198 igitur
3522 1146 3728 1202 cogno-

2147 1215 2314 1268 scatis
2361 1230 2496 1279 nos,
2527 1229 2593 1266 ne
2626 1213 2783 1267 nobis
2834 1218 3236 1283 succenseatis,
3275 1226 3533 1289 tanquam
3573 1237 3726 1275 men-

2145 1304 2350 1359 tiamur
2395 1305 2538 1359 circa
2571 1305 2713 1360 bona
2743 1322 2866 1376 qua:
2894 1307 3052 1362 vobis
3104 1310 3376 1378 cupimus.
3408 1310 3540 1377 Quae
3574 1315 3719 1369 enim

2142 1397 2457 1465 putavimus
2492 1412 2615 1450 vera
2646 1405 2699 1451 et
2749 1398 2913 1465 bona,
2947 1414 3008 1452 ca
3045 1400 3110 1453 ad
3144 1416 3242 1454 vos
3274 1401 3469 1457 aﬁ'erre
3496 1421 3604 1459 non
3638 1408 3721 1460 in-

2141 1488 2414 1555 vidimus;
2447 1488 2539 1543 sed
2572 1497 2762 1543 contra
2793 1488 3197 1558 festinavimus,
3228 1495 3455 1549 reddere
3478 1512 3576 1550 vos
3621 1499 3718 1552 ἰπο-

2138 1592 2365 1644 norum,
2413 1593 2534 1647 quae
2580 1579 2873 1644 novimus,
2909 1582 3237 1638 cohaeredes.
3291 1583 3363 1638 Ita
3416 1588 3617 1656 quippe
3645 1589 3714 1642 ad

2137 1667 2380 1722 inﬁdeles
2426 1670 2758 1738 loquendum
2791 1678 2892 1725 est.
2928 1672 3084 1738 Quod
3115 1684 3299 1730 autem
3353 1677 3510 1746 plene
3552 1695 3711 1735 veros

454 1744 591 1845 γεῖν.
610 1744 728 1829 "Qu
749 1777 805 1829 δὲ
829 1744 1164 1846 ἀληθεύομεν
1184 1744 1352 1837 δντῶς
1381 1744 1508 1845 περὶ
1539 1766 1613 1826 ὧν
1644 1773 1894 1844 λέγομεν,
1925 1774 2019 1832 οὐκ

2132 1759 2473 1829 proferamus
2518 1777 2832 1828 sermones,
2882 1780 2988 1816 non
3040 1765 3198 1820 aliter
3247 1768 3498 1838 poteritis
3545 1771 3707 1838 scire,

453 1868 628 1931 ἄλλως
655 1866 943 1938 δυνήσεσθε
975 1865 1191 1927 εἰδέναι,
1210 1864 1303 1919 ἐὰν
1323 1865 1396 1937 μὴ
1421 1865 1683 1937 πρότερον
1717 1866 2027 1942 φιλαληθῶς

454 1960 818 2031 ὑπακούσητε.

519 2051 708 2106 XVIII.
748 2051 838 2104 Διὸ
863 2049 956 2104 ἐπὶ
993 2049 1086 2104 τοῦ
1115 2051 1399 2122 παρόντος,
1431 2050 1535 2105 κᾶν
1575 2050 1643 2104 τὰ
1680 2052 1850 2124 μυρία
1879 2051 2025 2124 ὑμᾶς

427 2145 478 2210 ,ὁ
505 2147 562 2198 ἐν
589 2147 716 2217 ὑμῖν
745 2143 1050 2215 ἐνδομυχῶν
1072 2143 1116 2175 ’⁸
1146 2143 1289 2213 δφις,
1327 2144 1528 2205 κακοὺς
1557 2143 1844 2198 ὑποϐαλὼν
1886 2145 2023 2214 λογι-

449 2237 620 2307 σμοὺς
659 2239 752 2290 καὶ
798 2236 1074 2306 ἀσχολίας,
1105 2232 1406 2306 ἐνεδρεύειν
1437 2234 1564 2306 θέλῃ
1585 2235 1661 2300 ³³,
1686 2235 1798 2288 ἀλλ’
1843 2231 1934 2289 οὖν
1959 2254 2023 2305 γε

391 2331 396 2334 ’
448 2327 607 2400 ὑμεῖς
649 2329 889 2398 ὀφείλετε
960 2327 1132 2398 ταύτῃ
1202 2326 1400 2397 μᾶλλον
1452 2320 2022 2397 προσφιλονὲικοῦντες

447 2420 595 2491 αὐτῷ
617 2420 850 2491 συνεχῶς
875 2419 1031 2490 ἡμῶν
1044 2420 1088 2450 ³ο
1111 2415 1421 2472 ἐπακούειν.
1445 2417 1536 2471 Δεῖ
1556 2418 1626 2487 γά
1636 2435 1665 2489 ρ
1688 2417 2022 2490 συνεδρεύον-

444 2531 542 2577 τας
566 2513 708 2584 ὑμᾶς
731 2513 857 2577 τοὺς
887 2511 1092 2583 σφόδρα
1119 2509 1500 2582 ἠπατημένους
1527 2512 1742 2575 εἰδέναι,
1767 2513 1885 2576 πῶς
1911 2512 2015 2585 χρὴ

443 2606 659 2677 ἐπᾴδειν
679 2604 1064 2675 αὑτῷ.⁹Αλλως
1081 2603 1137 2656 δέ
1154 2600 1435 2656 ἀδύνατον.
1455 2603 1702 2673 Ἐπᾲδειν
1721 2604 1778 2657 δὲ
1795 2604 1836 2635 ⁸¹
1849 2604 2013 2674 λέγω,

439 2698 519 2769 τῷ
562 2697 803 2769 λογισμῷ
836 2696 1248 2752 ἀντιτάσσεσθαι
1277 2698 1397 2760 ταῖς
1443 2699 1640 2761 κακαῖς
1668 2696 1847 2751 αὐτῶν
1877 2716 2014 2770 συμ-

441 2789 678 2854 ϐουλίαις
703 2787 862 2861 243
895 2787 1269 2860 μεμνημένους
1290 2828 1304 2853 ,
1347 2789 1426 2841 ὅτι
1450 2789 1734 2860 ὑποσχέσει
1763 2788 2014 2860 γνώσεως

438 2881 532 2936 ἀπ’
573 2883 745 2953 ἀρχῆς
770 2881 848 2952 τῷ
873 2880 1060 2952 κόσμῳ
1091 2879 1318 2933 θάνατον
1344 2879 1699 2951 ἐξειργάσατο
1710 2880 1774 2933 ³⁸.

506 2973 645 3027 XIX.
685 2973 843 3026 Ὅθεν
875 2975 903 3026 ὁ
931 2973 1033 3043 τῆς
1081 2972 1335 3044 ἀληθείας
1380 2973 1664 3044 προφήτης
1719 2973 1853 3027 πολὺ
1915 2974 2008 3028 τὸν

2129 1853 2232 1908 nisi
2256 1854 2410 1922 prius
2441 1869 2565 1908 cum
2598 1855 2847 1910 veritatis
2877 1857 3062 1911 studio
3087 1859 3346 1916 audiatis.

2193 2050 2379 2106 XVIII.
2423 2051 2765 2124 Quapropter
2795 2069 2959 2120 nunc,
2986 2055 3112 2112 licet
3137 2072 3383 2128 serpens,
3417 2076 3578 2131 quem
3610 2063 3697 2118 in-

2125 2151 2213 2198 tus
2256 2144 2466 2198 habetis
2507 2144 2762 2200 latentem
2787 2187 2802 2211 ,
2834 2146 2980 2200 mille
3018 2148 3173 2204 vobis
3207 2152 3394 2206 tendat
3447 2154 3697 2222 insidias,

2122 2248 2322 2304 pravas
2373 2233 2714 2303 subjiciendo
2769 2237 3124 2305 cegitationes
3169 2249 3222 2293 et
3275 2240 3696 2312 impedimenta,

2121 2333 2360 2379 attamen
2398 2340 2464 2380 eo
2496 2326 2671 2396 magis
2715 2326 2982 2382 obsistere
3018 2329 3066 2382 ei
3118 2330 3358 2395 debetis,
3391 2343 3443 2388 et
3472 2335 3698 2390 assiduo

2120 2431 2221 2471 nos
2252 2417 2462 2472 audire.
2496 2416 2725 2486 Oportet
2749 2418 2916 2485 enim,
2951 2428 3010 2474 ut
3039 2436 3172 2488 vos,
3206 2423 3298 2492 qui
3331 2422 3514 2480 fuistis
3540 2427 3697 2482 valde

2118 2508 2326 2579 decepti
2358 2551 2373 2575 ,
2408 2509 2791 2564 convenientes
2824 2515 3202 2581 cegnoseatis,
3249 2511 3360 2584 qu‘o
3401 2517 3564 2570 modo
3603 2518 3694 2574 ille

2118 2598 2482 2655 incantandus
2515 2605 2605 2654 sit.
2633 2601 2806 2656 Aliter
2836 2619 2967 2656 vero
3000 2603 3112 2657 ﬁeri
3144 2607 3354 2674 nequit.
3405 2607 3692 2664 Ineantare

2116 2701 2297 2747 autem
2363 2693 2521 2760 dico,
2573 2700 2756 2748 mente
2798 2709 3103 2766 repugnare
3150 2698 3332 2766 pravis
3380 2700 3687 2756 daemonum

2114 2784 2358 2840 consiliis
2431 2799 2734 2850 memores,
2803 2801 2926 2840 eum
3008 2788 3377 2858 promissione
3446 2792 3690 2846 scientiae

2113 2878 2318 2932 mundo
2349 2878 2418 2932 ab
2451 2878 2605 2935 initio
2636 2888 2865 2933 mortem
2897 2895 3239 2949 procreasse.

2180 2962 2322 3018 XIX.
2367 2962 2523 3020 Unde
2565 2966 2813 3021 veritatis
2860 2969 3148 3038 propheta,
3194 2970 3375 3028 sciens
3410 2973 3679 3029 mundum

436 3065 638 3135 κόσμον
669 3063 1079 3134 πεπλανημένον
1113 3061 1271 3126 εἰδὼς
1304 3062 1397 3116 καὶ
1436 3065 1502 3134 τῇ
1557 3064 1725 3134 κακίᾳ
1760 3063 2010 3135 συνθέμε-

2120 3069 2324 3110 errasse
2348 3055 2666 3124 plurimum,
2707 3066 2762 3111 et
2790 3058 3011 3113 malitia:
3050 3065 3398 3119 consensisse
3431 3065 3681 3135 intuitus,

434 3173 524 3210 νον
555 3155 676 3209 ἰδὼν
708 3157 806 3209 οὑκ
838 3156 1092 3226 ἠγάπησε
1131 3154 1230 3226 τὴν
1279 3153 1416 3225 πρὸς
1448 3153 1609 3207 αὑτὸν
1642 3155 1888 3227 εἰρήνην,
1924 3155 2001 3220 ὡς

433 3248 498 3303 ἐκ
530 3247 735 3318 πλάνης
768 3247 1026 3300 συνοῦσαν
1050 3245 1116 3280 ³³·
1154 3245 1236 3299 ὅτι
1267 3247 1345 3309 εἰς
1385 3244 1538 3308 τέλος
1586 3245 1830 3317 ἐπιφέρει
1865 3247 1998 3299 πᾶσι

430 3341 542 3402 τοῖς
575 3338 710 3411 πρὸς
742 3338 940 3392 κακίαν
974 3336 1466 3408 ὁμογνωμονοῦσιν,
1515 3336 1778 3409 παραθεὶς
1803 3336 1847 3368 ³⁸
1879 3335 1998 3390 ἀντί⁹

431 3430 655 3499 πλάνης,
692 3431 805 3493 τοῖς
835 3428 1062 3500 νήψασιν
1095 3426 1282 3497 ὥσπερ
1314 3426 1424 3499 πῦρ
1449 3425 1699 3499 ἐμϐαλὼν
1723 3425 1822 3499 τὴν
1854 3426 1997 3481 κατὰ

427 3520 520 3574 τοῦ
554 3519 962 3593 ἐνεδρεύσαντος
997 3519 1164 3591 ὀργὴν
1219 3518 1461 3591 μαχαίρᾳ
1564 3519 1819 3582 ἐοικυῖαν,
1871 3532 1996 3591 προ-

425 3612 605 3675 τείνας
637 3612 692 3665 δὲ
717 3611 761 3643 ”
793 3608 948 3679 λόγον
1001 3611 1212 3682 ἀναιρεῖ
1250 3610 1349 3680 τὴν
1398 3609 1621 3678 ἄγνοιαν
1656 3611 1724 3681 τῇ
1773 3607 1989 3678 γνώσει,

425 3703 612 3774 ῶσπερ
631 3702 840 3772 τέμνων
873 3700 966 3754 καὶ
987 3700 1236 3772 χωρίζων
1256 3699 1462 3765 ζῶντας
1491 3699 1598 3754 ἀπὸ
1620 3700 1728 3754 τῶν
1761 3699 1988 3771 νεκρῶν.

425 3794 536 3866 Τῆς
563 3795 661 3864 μὲν
690 3789 782 3847 οὖν
823 3792 1020 3856 κακίας
1060 3790 1164 3845 ὑπὸ
1211 3793 1310 3864 τῆς
1359 3791 1590 3864 νομίμου
1640 3790 1891 3861 γνώσεως
1921 3809 1992 3847 νι-

405 3864 674 3955 κωμένης
703 3885 936 3954 πόλεμος
967 3883 1174 3954 συνεῖχε
1194 3883 1256 3936 τὸ
1287 3884 1415 3937 πᾶν.
1450 3883 1731 3955 Σωτηρίας
1762 3883 1870 3956 γὰρ
1899 3883 1990 3955 χά-

425 3994 508 4048 ριν
545 3977 658 4040 uio;
691 3955 913 4040 ὑπείξας
944 3975 1197 4039 ἀπειθοῦς
1244 3975 1532 4047 ἐχωρίζετο
1571 3975 1794 4047 πατρὸς,
1894 3977 1988 4030 καὶ

419 4068 603 4139 πατὴρ
655 4067 867 4129 τέκνου,
902 4067 935 4136 ἡ
967 4065 1198 4119 τεκοῦσα
1230 4065 1517 4138 θυγατρὸς,
1550 4065 1584 4136 ή
1617 4065 1861 4136 θυγάτηρ
1892 4083 1987 4138 μη-

416 4159 564 4229 τρὸς,
609 4158 703 4212 καὶ
745 4159 890 4225 ἅπαξ
916 4159 1034 4212 οἰ⁸⁶
1068 4141 1345 4228 συγγενεῖς
1390 4157 1665 4227 συγγενῶν
1709 4159 1803 4211 καὶ
1843 4156 1982 4228 φίλοι

419 4251 683 4324 συνήθων.

484 4341 607 4396 XX.
647 4343 757 4396 Καὶ
792 4343 863 4416 μή
894 4361 979 4407 τις
1007 4339 1239 4412 λεγέτωο
1274 4341 1401 4406 Πῶς
1429 4339 1588 4395 τοῦτο
1617 4341 1846 4407 δίκαιον,
1883 4359 1982 4413 χω·

2109 3159 2218 3199 non
2247 3145 2506 3214 expetivit
2551 3161 2740 3214 pacem
2786 3162 2910 3201 cum
2944 3149 3057 3214 illo,
3092 3159 3153 3203 ut
3181 3167 3246 3204 ex
3279 3168 3468 3209 errore
3501 3158 3682 3212 consi-

2108 3245 2340 3292 stentem
2378 3253 2393 3303 ;
2439 3237 2534 3291 sed
2562 3253 2736 3306 usque
2781 3239 2846 3293 ad
2890 3241 3054 3294 linem
3107 3250 3338 3299 cunctos
3377 3245 3430 3298 in
3473 3249 3679 3303 malitia

2106 3329 2509 3384 consentientes
2563 3339 2860 3400 oppugnat,
2884 3340 2935 3386 et
2964 3333 3249 3388 veritatem
3283 3337 3335 3390 in
3373 3337 3552 3392 locum
3587 3355 3678 3393 er-

2103 3418 2246 3473 roris
2271 3417 2548 3488 proponit,
2588 3433 2653 3472 ac
2691 3420 3141 3490 resipiscentibus
3180 3426 3328 3480 velut
3359 3427 3538 3499 ignem
3573 3431 3678 3484 im-

2101 3509 2269 3564 mittit
2318 3510 2453 3563 iram
2515 3509 2779 3566 adversus
2842 3511 3244 3581 insidiatorem,
3311 3534 3434 3588 quae
3493 3521 3676 3591 gladio

2100 3601 2299 3657 similis
2377 3612 2462 3658 est
2517 3615 2544 3644 ⁸
2572 3644 2588 3671 ,
2633 3603 2954 3676 objectoque
3003 3622 3259 3664 sermone
3307 3611 3670 3681 ignorantiam

2097 3696 2406 3766 cognitione
2461 3697 2744 3765 interimit,
2800 3701 2958 3768 quasi
3008 3702 3263 3758 scindens
3297 3720 3360 3759 ac
3405 3721 3670 3776 separatis

2095 3789 2249 3844 vivos
2281 3803 2310 3843 a
2351 3789 2602 3844 mortuis.
2636 3789 2821 3860 Itaque
2840 3791 2970 3846 dum
3003 3793 3208 3848 malitia
3237 3809 3333 3862 per
3368 3795 3669 3867 legitimam

2094 3877 2456 3948 cognitionem
2487 3879 2825 3948 vincebatur,
2856 3881 3054 3938 bellum
3080 3894 3275 3939 cuncta
3305 3888 3497 3942 tenuit.
3530 3888 3666 3946 Nam

2092 3979 2312 4039 propter
2369 3971 2601 4027 salutem
2655 3974 2802 4029 ﬁlius
2860 3976 3088 4032 credens
3122 3993 3152 4030 a
3183 3987 3336 4047 patre
3386 3979 3666 4036 incredqu

2092 4062 2456 4130 separavitse,
2484 4065 2568 4118 vel
2596 4073 2749 4135 pater
2778 4079 2809 4118 a
2832 4065 2962 4132 ﬁlio,
2991 4068 3226 4138 genitrix
3260 4085 3290 4123 a
3323 4070 3458 4138 ﬁlia,
3491 4074 3599 4127 ﬁlia
3631 4089 3662 4128 a

2090 4165 2282 4221 matre,
2334 4165 2498 4226 atque
2543 4158 2770 4212 omnino
2826 4159 3119 4229 propinqui
3151 4175 3182 4214 a
3233 4163 3558 4234 propinquis
3607 4173 3663 4219 et

2089 4245 2250 4299 amici
2283 4261 2312 4300 a
2339 4245 2722 4302 familiaribus.
2774 4266 2780 4272 ·

2158 4336 2277 4392 XX.
2315 4337 2502 4408 Neque
2559 4339 2706 4393 dicat
2757 4339 2957 4410 aliquis
2990 4360 3004 4396 :
3034 4341 3322 4408 Quomodo
3366 4343 3419 4398 id
3445 4345 3655 4415 justum

417 4433 658 4505 ρίζεσθαι
699 4435 873 4501 γονεῖς
911 4433 1115 4486 τέκνων
1161 4432 1256 4486 καὶ
1295 4433 1458 4485 τέκνα
1491 4431 1690 4501 γονέων
1718 4447 1733 4496 ;
1764 4430 2019 4485 Alxatovi

2120 4429 2265 4494 ierit,
2299 4429 2542 4498 separari
2584 4439 2838 4499 parentes
2863 4447 2893 4486 a
2919 4432 3128 4498 liberis,
3165 4435 3364 4490 liberos
3394 4452 3424 4489 a
3458 4452 3657 4506 paren-

413 4524 506 4576 καὶ
537 4524 698 4577 πάνυ.
733 4523 796 4575 Εἰ
832 4521 940 4594 γάρ
986 4521 1249 4585 συνόντες,
1289 4520 1425 4593 μετά
1466 4520 1560 4575 τοῦ
1592 4521 1755 4592 μηδὲν
1783 4522 1996 4587 αὑτοὺς,

413 4613 656 4683 ὠφελεῖν,
692 4613 787 4666 καὶ
834 4610 1238 4666 συναπώλλυντο
1289 4614 1489 4676 αὐτοῖς,
1515 4611 1633 4676 πῶς
1657 4612 1718 4665 οὐ
1751 4613 1976 4679 δίκαιον,

412 4703 508 4756 καὶ⁸
531 4701 572 4736 ³τ
601 4703 930 4774 χωρισθῆναι
958 4704 1049 4756 τὸν
1081 4703 1346 4768 σώζεσθαι
1379 4704 1598 4758 θέλοντα
1625 4703 1734 4757 άπὸ
1775 4703 1869 4757 τοῦ
1903 4703 1975 4776 μὴ

2083 4520 2252 4575 tibus.
2302 4519 2520 4578 Justum
2555 4530 2658 4589 est,
2691 4531 2745 4576 et
2777 4524 2954 4579 valde.
3003 4524 3138 4579 Nam
3186 4528 3232 4581 si
3278 4543 3386 4582 una
3432 4531 3650 4598 morati,

2082 4621 2438 4705 praeterquam
2487 4615 2633 4683 quod
2667 4615 2802 4669 nihil
2829 4617 2909 4670 eis
2943 4618 3273 4686 proderant,
3307 4619 3471 4674 etiam
3524 4636 3649 4676 cum

2083 4707 2192 4762 illis
2218 4709 2490 4777 peribant,
2521 4725 2632 4780 quo
2675 4719 2835 4780 pacto
2876 4729 3092 4784 aequum
3127 4731 3238 4769 non
3280 4725 3365 4772 est
3404 4721 3647 4788 separari

411 4792 679 4858 θέλοντος,
715 4795 1099 4850 συναπολέσθαι
1140 4795 1197 4848 δὲ
1215 4795 1259 4826 ³⁸
1292 4794 1609 4864 βουλομένου
1635 4812 1650 4860 ;
1689 4795 1826 4866 πρὸς
1855 4795 1979 4848 τού-

2120 4814 2229 4861 um,
2264 4799 2355 4868 qui
2384 4801 2583 4855 salvari
2614 4804 2754 4866 vult,
2789 4803 2858 4858 ab
2883 4820 2948 4859 eo
2977 4806 3070 4874 qui
3092 4821 3200 4860 non
3237 4809 3369 4874 vult,
3399 4811 3493 4865 sed
3538 4828 3644 4868 una

407 4899 520 4947 τοις
551 4883 670 4937 οὑδὲ
711 4885 862 4938 αὑτοὶ
892 4885 941 4938 οἰ
986 4885 1048 4940 τὸ
1088 4888 1330 4958 κρεῖττον
1363 4885 1676 4958 νενοηκότες
1706 4885 1976 4958 χωρισθῆ-

2120 4891 2260 4947 erire
2287 4891 2456 4961 cupit.
2498 4893 2581 4947 Ad
2615 4893 2750 4963 haec,
2784 4910 2894 4950 non
2929 4896 3029 4964 illi,
3073 4897 3167 4968 qui
3223 4902 3367 4970 quod
3422 4911 3644 4973 praestat

490 5013 518 5042 ι
543 4998 735 5056 Matth.
771 5017 829 5068 x,
860 5001 954 5057 54.

1671 5135 1907 5193 VARIE
1944 5134 2346 5193 LECTIONES.

475 5271 832 5362 ξιγνωρίξειτεθ
851 5270 912 5329 C.
935 5272 981 5305 "
1000 5272 1133 5356 ὑμῖν
1156 5272 1251 5362 ξι,
1268 5273 1582 5362 Ὲῃιίιιλιλδ.
1607 5274 1674 5362 de
1699 5274 1935 5362 I‘ect-ione
2091 5361 2097 5362 γ
2127 5274 2668 5362 γ’τσνενοῆκαμενῆςη.
2705 5277 2753 5309 ’⁸
2779 5275 2855 5362 Ita
2994 5287 3048 5333 et
3073 5281 3414 5362 exneonlect;
3439 5281 3481 5338 C
3511 5321 3548 5362 ε.
3574 5282 3630 5362 in

403 5343 510 5412 cuj.
555 5342 701 5398 textu
744 5342 1085 5412 ἐνδομοιχῶν.
1156 5345 1201 5376 ’⁸
1215 5345 1291 5400 Ita
1327 5345 1366 5400 S
1393 5385 1409 5411 ,
1437 5345 1578 5398 θέλει
1609 5343 1669 5398 C.
1698 5345 1932 5416 Amhigo
1983 5347 2051 5399 de
2083 5342 2354 5426 scriptura
2371 5342 2500 5427 libri
2527 5346 2708 5400 Ottob.
2736 5361 2845 5400 non
2879 5349 3058 5416 plena.
3134 5349 3179 5380 ³ο
3199 5342 3352 5420 ὑμῶν
3509 5352 3549 5382 ³⁸
3570 5353 3628 5407 δέ

403 5429 510 5487 om.
534 5413 707 5487 μηδ’
731 5411 1282 5487 νὺὴημεμνημένους,
1309 5417 1389 5487 δτι
1416 5415 1702 5487 ὑποσχέσει
1733 5415 1984 5484 γνώσεως
2000 5416 2093 5487 ἀπ’
2126 5417 2300 5487 ἀρχῆς
2329 5433 2407 5486 τῳ
2440 5416 2627 5487 κόσμῳ
2655 5416 2879 5487 θάνατον
2904 5417 3256 5487 ἐξειργάσατο
3289 5421 3512 5487 largitus
3547 5433 3631 5478 est

401 5429 510 5467 om.
539 5429 598 5466 U.
663 5429 707 5444 υ·
736 5429 864 5466 vnn.
891 5429 1282 5484 μεμνημένους,
1309 5429 1389 5469 οτι
1416 5429 1702 5487 ὑποσχέσει
1733 5429 1984 5484 γνωσεως
2000 5429 2092 5468 απ·
2126 5429 2300 5487 αρχης
2329 5433 2407 5486 τῳ
2440 5429 2627 5486 κοσμῳ
2655 5429 2879 5470 θάνατον
2904 5429 3256 5489 εξειργασατο
3289 5429 3512 5492 largitus
3547 5433 3625 5478 csl

399 5485 492 5570 9.7
523 5483 575 5570 ξ’
595 5481 718 5538 Non
744 5483 989 5570 contigua
1009 5486 1421 5570 pacemnmttndo
1456 5487 1802 5570 innerroribus
1827 5487 1995 5570 ppsito
2017 5486 2181 5570 dedit.
2212 5485 2538 5570 Rlecog‘mhw,
2571 5486 2624 5539 4.
2665 5484 3282 5570 ῌηᾴθροιῄθοιονενὶη]
3316 5508 3440 5547 esse
3485 5495 3625 5570 seri..-

399 5551 633 5634 Irendum
676 5552 982 5634 συνεἾῶτα
1011 5551 1067 5606 S.
1135 5552 1324 5634 “Post
1353 5554 1621 5634 παραθείς
1643 5555 1791 5634 deest
1827 5551 2032 5634 aliquid
2063 5556 2298 5634 ,_supple
2329 5551 2699 5634 ἀλήθειανλνοΙ
2726 5551 2978 5634 ξίιιιίιεηί
3002 5559 3238 5634 aliquant
3267 5577 3475 5617 vocem.
3507 5563 3624 5621 (Σίν.

397 5617 698 5700 ζζεεοςηενι,
726 5624 760 5677 4
789 5643 800 5679 :
827 5621 929 5677 Sed
932 5617 1963 5700 jgnorantite‘ejus'[uitiisscientiam
1980 5617 2229 5700 parum;
2271 5617 2550 5700 apposuit.
2576 5624 2785 5700 Deinde
2822 5641 2921 5696 ego
2948 5638 3072 5700 post
3093 5617 3314 5700 ίπλάνης
3351 5617 3624 5690 οιηιιιῐιθιᾶ

399 5681 641 5760 distinxi,
671 5681 800 5763 non,
824 5703 884 5750 ut
924 5681 1011 5764 (Γ,
1049 5701 1171 5766 post
1198 5681 1425 5765 νήψαέιν
1459 5694 1515 5751 S.
1585 5696 1631 5730 ”
1649 5696 1706 5752 δέ
1729 5697 1852 5754 add.
1880 5709 1928 5753 c.
1969 5696 2030 5750 Ο.
2103 5695 2214 5749 "at
2389 5695 2432 5729 ³⁷
2459 5694 2550 5750 καί
2584 5695 2814 5754 accessit
2853 5681 2921 5754 ἔκ
2949 5681 3067 5755 ὒζν
3095 5681 3346 5759 »⁸κᾷιὺ
