4082 6160
416 366 519 423 τοι

1246 366 1305 421 S.
1341 364 1733 423 CLEMENTIS
1772 368 1791 423 Ι
1830 366 1999 424 ROM.
2039 367 2240 425 PONT.
2277 369 2509 426 OPERA
2545 368 2779 428 DUBIA.

3578 373 3688 430 ειη

404 481 752 553 intelligunt,
798 482 1000 539 vellent
1057 483 1322 554 separari,
1368 483 1481 539 imo
1538 483 1706 540 simul
1749 500 1995 552 manere,

2101 504 2188 542 ναι
2213 486 2378 562 244
2407 487 2617 561 ἧθελον,
2665 490 2803 545 ἀλλά
2835 489 3073 545 συνεῖναι
3109 488 3204 543 καὶ
3232 486 3463 558 ὠφελεῖν
3491 490 3689 555 αὐτοὺς

428 574 677 646 aliosque
702 576 988 631 meliorum
1017 576 1362 647 expositione
1391 576 1605 646 iuvare.
1638 575 1798 633 Unde
1822 578 1998 635 incre-

422 668 559 733 duli,
610 669 739 724 dum
787 670 1043 725 nolebam
1090 668 1302 735 audire,
1349 668 1453 739 ipsi
1498 679 1691 725 contra
1719 685 1820 727 eos
1892 686 1997 741 pu-

425 763 668 827 gnabant
693 778 789 833 per
823 764 1248 832 separationem,
1297 762 1754 832 persecutionem,
1786 765 1996 823 odium.

424 854 530 921 Qni
561 870 688 909 vero
713 855 818 910 ista
844 854 1210 918 sustinebant,
1259 854 1505 909 miserati
1555 869 1671 920 eos,
1721 857 1815 928 qui
1865 859 1998 930 ipsis

423 962 520 1017 per
543 946 910 1016 ignorantiam
956 946 1380 1009 insidiabantur,
1410 945 1663 1001 doctrina
1693 949 2000 1019 prudentiae

424 1039 660 1092 orabant
686 1053 784 1107 pro
807 1039 1159 1095 vexatoribus
1193 1042 1333 1109 suis,
1378 1041 1615 1097 scientes
1652 1055 1877 1097 causam
1903 1041 2000 1096 de-

424 1130 539 1185 licti
590 1145 711 1185 esse
764 1130 1151 1202 ignorantiam.
1209 1133 1330 1204 Ipse
1374 1135 1521 1190 enim
1545 1134 1804 1206 Magister
1829 1133 1999 1190 clavis

422 1222 673 1278 conﬁxus
717 1224 910 1279 orabat
933 1223 1174 1290 Patrem,
1200 1235 1263 1281 ut
1292 1227 1412 1296 ejus
1440 1226 1888 1283 interfectoribus
1909 1227 1998 1282 di-

422 1315 661 1370 mitteret
687 1326 994 1387 peccatum,
1018 1318 1206 1373 dicens
1242 1339 1255 1374 :
1292 1318 1474 1386 Pater,
1507 1320 1714 1375 dimitte
1742 1320 1853 1373 illis
1879 1335 1999 1389 pec-

421 1417 547 1461 cata
566 1426 686 1462 sua.
721 1407 843 1463 Non
877 1412 1016 1465 enim
1053 1411 1228 1465 sciunt
1262 1428 1381 1483 qua:
1404 1412 1608 1482 faciunt
1635 1424 1685 1466 ι.
1713 1410 1997 1466 Imitantes

420 1516 553 1572 ergo
581 1499 902 1573 Magistrum
930 1512 984 1557 et
1009 1502 1114 1573 ipsi
1142 1503 1199 1558 in
1228 1504 1297 1558 iis
1338 1520 1462 1575 qua!
1490 1505 1838 1577 patiebantur
1871 1520 2000 1561 ora-

420 1594 553 1649 bant
578 1608 680 1663 pro
719 1592 1095 1662 alllietoribus,
1146 1596 1605 1667 quemadmodum
1658 1597 1836 1653 edocti
1874 1596 1997 1653 fue-

420 1691 566 1738 rant.
593 1679 688 1738 Sic
715 1698 823 1738 non
846 1683 975 1740 odio
995 1697 1281 1755 parentum
1313 1688 1730 1757 separabantur,
1755 1687 2000 1760 quando-

420 1775 639 1846 quidem
667 1785 723 1833 et
742 1792 842 1847 pro
873 1776 961 1842 iis,
988 1778 1081 1848 qui
1105 1793 1206 1834 nec
1237 1790 1396 1834 erant
1425 1789 1699 1849 parentes,
1733 1795 1836 1834 nec
1866 1794 1999 1849 pro-

418 1867 633 1937 pinqui,
671 1869 765 1923 sed
797 1867 1027 1936 inimici,
1079 1884 1271 1939 preces
1325 1869 1615 1925 continuas
1673 1868 1995 1939 fundebant,
2027 1857 2071 1913 Β

418 1972 645 2028 eosque,
677 1966 842 2029 prout
870 1957 1014 2029 jussi
1043 1968 1221 2028 erant,
1249 1959 1565 2015 nitebantur
1592 1959 1838 2032 diligere.

493 2158 635 2214 XXI.
675 2157 806 2214 Mihi
835 2168 1016 2216 autem
1071 2158 1235 2216 dicite
1264 2175 1382 2226 vos,
1414 2176 1525 2232 quo
1548 2162 1711 2218 modo
1740 2174 1999 2236 parentes

419 2251 686 2322 diligatis?
715 2250 981 2322 Equidem
1004 2254 1048 2309 si
1082 2253 1229 2310 velut
1248 2252 1519 2323 justitiam
1542 2270 1760 2326 semper
1787 2256 1995 2326 intuiti,

420 2341 558 2397 bene
587 2350 671 2398 est
710 2360 724 2398 :
761 2343 847 2399 sin
881 2360 1013 2399 vero
1042 2354 1263 2410 temere,
1296 2361 1403 2401 non
1438 2345 1674 2417 amplius
1702 2348 1860 2404 bene.
1894 2348 2000 2404 Po-

419 2434 580 2490 testis
601 2435 747 2490 enim
797 2452 1020 2507 parvam
1067 2438 1138 2494 ob
1168 2454 1391 2494 causam
1420 2455 1611 2495 eorum
1640 2440 1824 2497 hostes
1856 2442 1994 2497 lieri.

420 2524 577 2592 Quod
602 2527 649 2582 si
688 2529 842 2599 gnari
867 2529 1115 2600 diligitis,
1153 2530 1340 2597 dicite,
1387 2531 1519 2601 quid
1565 2532 1676 2587 sint
1721 2541 1994 2603 parentes.

420 2613 842 2686 Respondebitis
869 2636 883 2673 :
911 2619 1140 2690 originis
1166 2627 1438 2676 auctores.
1479 2620 1593 2675 Cur
1622 2636 1754 2692 ergo
1775 2632 2000 2679 cuncta-

418 2723 542 2761 rum
576 2723 758 2762 rerum
808 2710 1073 2781 originem
1125 2710 1297 2766 Deum
1351 2728 1460 2766 non
1508 2714 1729 2778 amatis,
1764 2714 1812 2770 si
1840 2715 1994 2785 justo

416 2799 627 2870 judicio
657 2801 760 2853 hoc
791 2801 1111 2870 suscepistis
1151 2800 1331 2857 facere
1360 2801 1384 2855 ?
1411 2799 1516 2856 Sed
1548 2812 1605 2858 et
1626 2803 1741 2874 jam
1773 2804 1990 2874 dicetis,

422 2894 575 2949 illum
603 2909 715 2948 non
754 2894 1032 2950 novimus.
1086 2894 1269 2963 Quare
1323 2896 1490 2968 igitur
1536 2914 1647 2953 non
1692 2900 1998 2969 percontati

422 2986 604 3043 colitis
654 3002 819 3043 sensu
869 2986 1186 3043 destituta?
1227 2987 1368 3055 Quid
1419 2990 1598 3045 vero?
1631 2991 1734 3047 etsi
1783 2989 2001 3047 dillieile

421 3087 540 3134 erat
576 3079 732 3135 vobis
784 3094 1118 3151 cognoscere
1156 3081 1288 3152 quid
1318 3082 1390 3137 sit
1423 3081 1601 3147 Deus,
1641 3092 1698 3139 at
1727 3083 1857 3154 quid
1889 3098 2000 3139 non

423 3173 496 3229 sit
523 3171 688 3238 Deus,
716 3188 822 3227 non
847 3172 1104 3243 potuistis
1123 3189 1230 3228 non
1256 3174 1418 3243 scire,
1443 3184 1504 3230 ut
1530 3178 1880 3247 reputaretis,
1910 3194 1998 3234 ne-

430 3281 539 3337 que
582 3266 809 3336 lignum,
833 3281 1012 3338 neque
1033 3267 1288 3338 lapidem,
1316 3284 1493 3339 neque
1511 3284 1608 3335 (BS,
1647 3286 1825 3341 neque
1850 3271 2000 3329 aliud

423 3358 555 3430 quid
580 3374 643 3413 ex
663 3359 1003 3429 corruptibili
1020 3368 1280 3416 constans
1295 3362 1520 3417 materia
1544 3361 1714 3419 Deum
1731 3379 1871 3421 esse.

2096 586 2165 656 τῇ
2193 584 2302 639 τῶν
2331 586 2654 657 κρειττόνων
2691 589 2986 662 ύφηγήσει,
3035 589 3157 644 ὅθεν
3190 589 3241 642 οἱ
3274 585 3521 650 ἀπειθεῖς
3551 587 3689 640 ἐπα-

2099 675 2279 729 κούειν
2311 676 2490 731 αύτῶν
2520 678 2598 750 μὴ
2632 676 2882 744 θέλοντες
2922 680 3077 734 αὐτοὶ¹
3127 680 3327 743 αὐτοὺς
3367 678 3687 750 ἐπολέμουν,

2099 768 2443 841 χωρίζοντες,
2476 767 2784 835 διώκοντες,
2847 771 3152 842 μισοῦντες.
3190 772 3254 824 Οἱ
3299 771 3356 825 δὲ
3385 770 3560 824 ταῦτα
3592 768 3691 824 πά-

2102 875 2339 930 σχοντες,
2397 860 2675 928 ἐλεοῦντες
2715 863 2914 926 αὐτοὺς
2946 862 2991 894 ³’
3023 860 3131 916 ὑπὸ
3162 861 3384 932 ἀγνοίας
3415 861 3690 934 ἐνεδρεύο-

2103 951 2315 1021 μένους,
2368 951 2692 1027 διδασκαλίᾳ
2752 954 3070 1027 φρονήσεως
3120 953 3350 1027 ηὔχοντο
3398 954 3538 1025 ὑπὲρ
3578 953 3689 1007 τῶν

2096 1042 2170 1096 τά
2186 1042 2231 1075 ⁸⁸
2261 1043 2408 1098 κακά
2463 1046 2662 1110 αὐτοὺς
2711 1045 3126 1118 διατιθεμένων,
3175 1047 3277 1119 τὴν
3326 1046 3551 1115 ἄγνοιαν
3590 1044 3688 1099 τοῦ

2100 1134 2497 1207 ἁμαρτήματος
2528 1136 2708 1191 αἰτίαν
2756 1136 2895 1191 εἶναι
2932 1137 3332 1209 μεμαθηκότες.
3372 1137 3545 1201 Αὐτὸς
3576 1137 3689 1211 γὰρ

2097 1228 2127 1281 ὁ
2162 1225 2493 1291 Διδάσκαλος
2544 1228 2918 1301 προσηλωθεὶς
2965 1228 3164 1300 ηὔχετο
3207 1227 3286 1299 τῷ
3318 1229 3525 1300 Πατρὶ,
3573 1230 3689 1292 τοῖς

2098 1317 2260 1372 αὑτὸν
2306 1318 2617 1392 ἀναιροῦσιν
2665 1320 2931 1392 ἀφεθῆναι
2981 1320 3043 1374 τὸ
3101 1319 3428 1392 ἁμάρτημα,
3490 1318 3685 1375 εἰπών’

2097 1408 2312 1479 Πάτερ,
2342 1409 2491 1481 ἄφες
2520 1411 2725 1480 αὐτοῖς
2772 1414 2878 1481 τὰς
2908 1414 3197 1483 ἁμαρτίας
3229 1412 3447 1478 αὐτῶν,
3482 1414 3554 1469 οὐ
3573 1414 3689 1483 γὰρ

2098 1503 2341 1558 οἴδασιν
2371 1504 2411 1558 ἃ
2448 1504 2748 1560 ποιοῦσιν.
2801 1506 3054 1578 Μιμηταὶ
3107 1501 3202 1559 οῦν
3264 1506 3542 1577 γινόμενοι
3588 1505 3686 1559 τοῦ

2097 1594 2428 1651 Διδασκαλω
2461 1597 2555 1650 καὶ
2580 1598 2753 1662 αὐτοὶ,
2786 1597 2847 1651 ὲν
2877 1591 2959 1660 οἷς
2990 1595 3247 1667 ἔπασχον,
3277 1596 3420 1667 ὑπὲρ
3445 1595 3554 1649 τῶν
3580 1595 3689 1652 δια-

2096 1690 2392 1762 τιθεμένων
2428 1689 2680 1762 ηὖχοντο,
2721 1690 2798 1755 ὡς
2834 1690 3213 1762 ἐδιδάχθησαν.
3263 1689 3451 1755 υῦτως
3502 1690 3564 1744 ού
3594 1708 3688 1761 γο-

2096 1784 2209 1847 νεῖς
2246 1783 2528 1854 μισοῦντες
2560 1782 2905 1854 ὲχωρίζοντο,
2937 1782 3101 1836 ὁπότε
3154 1782 3250 1836 καὶ
3294 1783 3436 1854 ὑπὲρ
3474 1781 3583 1836 τῶν
3609 1783 3684 1855 μὴ

2097 1874 2300 1944 γονέων
2357 1874 2493 1947 μηδὲ
2555 1873 2832 1944 συγγενῶν
2853 1913 2869 1939 ,
2932 1872 3144 1945 ἐχθρῶν
3213 1874 3271 1927 δὲ
3342 1874 3683 1945 γενομένων,

2097 1966 2315 2020 ἐποίουν
2374 1969 2620 2037 συνεχεῖς
2666 1965 2830 2037 εύχάς
2862 1964 2908 1998 ⁸³
2946 1967 3042 2021 καὶ
3073 1966 3293 2037 ἀγαπᾷν
3320 1965 3617 2037 πειρῶνται
3637 1965 3685 1998 ⁸⁸

2098 2059 2175 2123 ὠς
2204 2058 2621 2133 ἐκελεύσθησαν.

2170 2169 2310 2226 XXI.
2352 2170 2556 2227 Εἴπατε
2586 2169 2644 2225 δέ
2693 2187 2783 2244 μοι
2834 2172 3012 2244 ὑμεῖς,
3047 2171 3166 2236 πῶς
3196 2172 3325 2235 τοὺς
3346 2174 3529 2241 γονεῖς
3557 2173 3689 2242 ἀγα-

2100 2265 2283 2332 πᾶτε;
2323 2266 2372 2318 εί
2409 2264 2507 2337 μὲν
2554 2265 2631 2329 ὼς
2659 2263 2721 2317 τὸ
2752 2264 2957 2318 δίκαιον
3002 2263 3088 2317 ἀεὶ
3127 2262 3472 2327 σκοποῦντες,
3507 2262 3691 2318 συνεύ-

2099 2371 2282 2426 χομαι,
2318 2356 2367 2409 εἰ
2409 2355 2467 2409 δὲ
2515 2355 2592 2419 ὠς
2640 2354 2850 2426 ἔτυχεν,
2899 2355 3104 2419 οὐκέτι,
3160 2352 3387 2407 δύνασθε
3430 2351 3540 2424 γάρ
3588 2354 3685 2406 καὶ

2103 2447 2275 2519 μικρᾷ
2320 2446 2591 2520 προφάσει
2638 2446 2847 2501 τούτων
2904 2445 3157 2516 γενέσθαι
3188 2443 3394 2516 ἐχθροί.
3427 2444 3491 2497 El
3527 2444 3585 2497 δὲ
3616 2446 3689 2499 εί-

2098 2538 2248 2602 δότες
2272 2538 2748 2608 άγαπᾶτε,εῐπατε
2781 2539 2958 2611 ὑμεῖς,
2980 2539 3035 2592 τί
3067 2540 3172 2592 εισι
3200 2537 3248 2569 ⁸³
3279 2538 3474 2605 γονεῖς.
3524 2536 3691 2608 Ἐρεῖ-

2099 2645 2188 2683 τε·
2209 2630 2402 2693 Γένους
2421 2629 2741 2701 ἀρχηγέται.
2760 2629 2859 2683 Διά
2876 2630 2928 2682 τί
2944 2625 3036 2684 οὖν
3050 2630 3111 2682 τὸ
3132 2628 3241 2682 τῶν
3258 2627 3394 2682 ὅλων
3415 2628 3571 2697 γένος
3584 2628 3687 2683 ούκ

2106 2722 2296 2793 ἡγαπή
2305 2737 2449 2783 σατε,
2466 2721 2586 2772 εἶπε
2595 2737 2624 2792 ρ
2640 2721 2833 2793 δικαίῳ
2849 2722 3155 2793 φρονήματι
3168 2719 3328 2773 τοῦτο
3342 2722 3515 2773 ποιεῖν
3527 2719 3691 2772 ἐπαν-

2101 2810 2343 2878 είλεσθε;
2372 2810 2512 2863 Ἀλλ’
2529 2810 2610 2864 ἔτι
2635 2813 2727 2865 καὶ
2759 2811 2855 2866 νῦν
2883 2812 3058 2884 ἐρεῖτε
3078 2828 3092 2842 ·
3117 2811 3230 2881 Ούχ
3246 2812 3567 2882 ἑωράκαμεν
3591 2810 3692 2865 αύ-

2099 2903 2209 2958 τόν.
2235 2903 2334 2957 Διά
2355 2903 2409 2957 τί
2432 2898 2523 2957 οῦν
2547 2903 2622 2976 μὴ
2637 2902 2968 2975 ζητήσαντες
2992 2902 3060 2956 τά
3079 2901 3380 2972 ἀναίσθητα
3399 2901 3691 2957 κολακεύε-

2100 3013 2159 3050 τε
2184 3012 2199 3061 ;
2232 2995 2298 3048 Τί
2345 2994 2441 3061 δέ;
2483 2997 2533 3049 εί
2581 2996 2676 3049 καὶ
2707 2995 2964 3050 δύσκολον
2982 2991 3051 3069 ἦν
3080 2995 3207 3066 ύμῖν
3232 2993 3394 3066 245
3413 2992 3613 3063 γνῶναι
3634 2996 3690 3049 τί

2103 3086 2326 3151 Θεὸς,τδ
2343 3087 2523 3158 μέντοι
2542 3087 2596 3140 τί
2615 3087 2677 3141 ού
2699 3087 2832 3151 Θεὸς
2856 3086 2932 3161 μὴ
2958 3088 3156 3141 ειδέναι
3176 3088 3278 3141 ούκ
3308 3086 3585 3151 ἐδύνασθε,
3601 3088 3693 3143 ἵνα

2103 3177 2389 3250 λογίσησθε
2421 3179 2504 3231 ὅτι
2531 3177 2665 3242 Θεός
2693 3178 2838 3232 ἐστιν
2870 3179 2931 3231 ού
2968 3175 3142 3242 ξύλον,
3172 3178 3234 3232 ού
3265 3176 3430 3243 λίθος,
3464 3178 3525 3231 ού
3556 3176 3711 3248 χαλ-⁷

2108 3271 2224 3337 κὸς,
2258 3272 2356 3325 ούκ
2384 3269 2511 3326 ἄλλο
2552 3287 2607 3323 τι
2638 3271 2705 3324 ὲκ
2752 3269 2996 3342 φθαρτῆς
3020 3269 3242 3340 γεγονὸς
3270 3269 3424 3344 ὓλης.

492 3471 662 3528 XXII.
705 3472 897 3529 Nonne
926 3474 1073 3530 enim
1106 3473 1255 3531 ferro
1281 3475 1471 3533 caelata
1517 3486 1645 3534 sunt
1682 3479 1999 3546 simulacra,

2174 3470 2342 3526 XXII.
2378 3466 2457 3525 Ἦ
2488 3470 2598 3544 γάρ
2629 3471 2729 3543 οὐχ
2771 3469 2877 3525 ὑπὸ
2923 3471 3141 3547 σιδήρου
3188 3470 3551 3545 ὲτορεύθησαν
3595 3472 3692 3528 καὶ

421 3574 477 3622 et
510 3567 717 3622 ferrum
746 3568 894 3638 quod
919 3569 1150 3640 sculpsit
1175 3570 1301 3642 igne
1331 3570 1636 3626 emollitum
1661 3579 1836 3638 est,et
1854 3571 1997 3642 ignis

424 3675 566 3730 aqua
597 3660 1003 3731 exstinguitur?
1030 3661 1115 3715 An
1142 3676 1251 3716 non
1285 3676 1416 3717 vero
1441 3678 1582 3733 aqua
1614 3678 1711 3733 per
1741 3664 1997 3734 spiritum

425 3755 700 3812 movetur,
736 3758 899 3818 atque
948 3749 1174 3819 spiritus
1220 3766 1250 3804 a
1288 3749 1399 3807 Deo
1447 3762 1772 3808 cunctorum
1806 3756 2001 3826 opilice

426 3837 642 3893 initium
666 3839 952 3895 exstantia
974 3840 1180 3896 habet?
1203 3840 1293 3898 Sic
1316 3844 1463 3898 enim
1489 3845 1848 3917 dixitMoyses
1876 3863 2002 3918 pro-

426 3930 587 4000 pheta
621 3947 637 3984 :
674 3930 741 3983 In
764 3932 1028 4001 principio
1058 3934 1252 3987 crearit
1289 3934 1431 3990 Deus
1465 3936 1651 3992 caelum
1675 3950 1725 3993 et
1754 3950 1953 3995 terram
1979 3956 1999 3995 :

428 4032 574 4075 terra
603 4032 778 4076 autem
815 4033 929 4078 erat
973 4024 1255 4079 invisibilis
1284 4036 1335 4081 et
1381 4028 1732 4099 incomposita
1770 4043 1821 4087 et
1856 4041 2001 4087 tene-

427 4113 537 4169 bre
568 4123 718 4169 erant
759 4131 915 4185 super
943 4115 1211 4186 abyssum,
1254 4127 1305 4172 et
1332 4121 1550 4189 spiritus
1599 4120 1697 4176 Dei
1736 4123 2004 4193 ferebatur

427 4223 585 4276 super
645 4223 831 4276 aquas.
894 4205 997 4274 Qui
1059 4210 1324 4278 spiritus,
1392 4210 1606 4267 dicente
1654 4212 1798 4279 Deo,
1855 4217 2005 4272 velut

429 4313 629 4353 manus
657 4298 830 4368 ipsius
857 4308 1055 4354 cuneta
1100 4298 1251 4363 fecit,
1282 4301 1461 4357 lucem
1489 4303 1764 4371 separavit
1791 4320 1822 4358 a
1848 4313 2003 4362 tene-

428 4388 561 4454 bris,
591 4396 646 4442 et
688 4396 813 4456 post
855 4388 1054 4443 caelum
1107 4388 1377 4446 invisibile
1404 4390 1596 4447 visible
1629 4393 1907 4463 expandit,
1947 4404 2006 4450 ut

429 4480 710 4551 superiora
738 4480 809 4535 ab
855 4481 1062 4551 angelis
1118 4481 1258 4536 lucis
1302 4482 1699 4553 habitarentur,
1744 4486 2005 4546 inferiora

426 4588 557 4628 vero
612 4574 681 4627 ab
720 4572 942 4628 homine
976 4589 1083 4629 una
1112 4588 1239 4630 cum
1267 4575 1525 4631 omnibus
1562 4587 1787 4648 propter
1823 4580 2004 4651 ipsum

428 4663 585 4721 Iactis
613 4664 1147 4722 administrarentur.
1682 4739 1710 4769 .

501 4910 686 4968 XXIII.
727 4909 862 4967 Nam
914 4922 1132 4984 propzer
1180 4920 1233 4969 te
1278 4913 1558 4972 hominem
1606 4913 1750 4975 Deus
1800 4934 1997 4992 aquam

428 5021 553 5078 qua:
583 5023 748 5077 supra
778 5009 971 5063 faciem
997 5018 1156 5065 terra:
1184 5018 1304 5064 erat
1324 5009 1486 5079 jussit
1510 5012 1782 5080 secedere,
1816 5023 1875 5068 ut
1903 5012 1999 5069 tibi

430 5110 577 5157 terra
627 5100 836 5157 fructus
882 5113 1066 5173 posset
1114 5102 1418 5173 producere
1448 5121 1462 5158 :
1491 5112 1546 5159 et
1590 5105 1716 5160 fecit
1761 5116 1998 5175 meatus,

429 5210 542 5266 quo
579 5193 759 5250 loiites
788 5193 885 5249 tibi
933 5195 1219 5264 praeberet,
1249 5210 1316 5251 ac
1354 5206 1681 5265 apparerent
1709 5196 1999 5256 ﬂuminum

501 5341 533 5374 II
564 5326 700 5383 Luc.
734 5342 893 5394 nm,
930 5329 1020 5386 34.

2101 3569 2130 3621 ὁ
2158 3565 2423 3638 τορεύσας
2451 3564 2497 3597 ’⁵⁸
2547 3564 2767 3637 σίδηρος
2815 3563 2922 3617 ὑπὸ
2954 3564 3125 3637 πυρὸς
3171 3564 3475 3637 ἐμαλάχθη,
3508 3564 3692 3619 καὶτὸ

2102 3655 2215 3729 πῦρ
2247 3656 2381 3710 αύτὺ
2411 3656 2456 3687 ⁸⁸
2493 3654 2777 3710 σϐέννυται
2811 3656 2918 3710 ὑπὸ
2964 3655 3190 3721 ὖδατος;
3222 3655 3285 3709 τὸ
3322 3656 3379 3713 δὲ
3413 3655 3557 3729 ὕδωρ
3591 3656 3691 3728 ούχ

2106 3748 2212 3803 ὑπὸ
2229 3747 2540 3819 πνεύματος
2569 3748 2669 3819 τὴν
2700 3748 2911 3820 κίνησιν
2944 3747 3078 3819 ἔχει,
3113 3749 3205 3801 καὶ
3234 3747 3297 3801 τὸ
3328 3747 3545 3819 πνεῦμα
3583 3747 3713 3827 άπὸή

2101 3840 2195 3895 τοῦ
2226 3839 2297 3893 τὰ
2327 3841 2425 3894 ὅλα
2475 3840 2836 3911 πεποιηκότος
2879 3839 3017 3895 Θεοῦ
3066 3841 3165 3913 τὴν
3196 3840 3369 3913 ἀρχὴν
3393 3840 3495 3911 τῆς
3526 3839 3661 3894 ἑκτά

2104 3951 2242 3998 cem;
2256 3933 2301 3965 ιο
2321 3932 2435 4004 εχει
2456 3949 2471 3999 ;
2496 3930 2682 3997 Οὕτως
2709 3932 2819 4009 γὰρ
2843 3934 2872 3987 ὁ
2898 3935 3185 4007 προφήτης
3210 3933 3400 4005 εῖρηκε
3413 3930 3655 4002 Μωδσῆς
3670 3947 3689 3964 .

2115 4024 2218 4079 Ἐν
2244 4023 2403 4094 ἀρχῇ
2433 4024 2722 4093 ἐποίησεν
2754 4027 2787 4079 ό
2821 4026 2965 4094 Θεὸς
3000 4027 3107 4081 τόν
3134 4024 3397 4094 οῖφανόν
3440 4025 3538 4079 καὶ
3576 4024 3694 4093 τὴν

2102 4115 2242 4186 γῆν,
2276 4118 2315 4186 ἡ
2347 4115 2416 4170 δὲ
2445 4115 2523 4187 γῆ
2573 4116 2654 4187 ἦν
2694 4117 2945 4186 ἀόρατος
2987 4116 3086 4171 καὶ
3123 4117 3652 4181 ἀκατασκεύαστος
3671 4131 3689 4147 ο

2104 4208 2202 4263 καὶ
2222 4212 2440 4277 σκότος
2469 4209 2670 4264 ἐπάνω
2687 4209 2798 4283 τῆς
2816 4212 3092 4267 ἀϐύσσου
3111 4226 3124 4239 °
3149 4208 3248 4263 καὶ
3271 4208 3511 4277 πνεῦμα
3543 4206 3691 4262 Θεοῦ

2104 4300 2426 4371 ἐπεφέρετο
2465 4300 2665 4357 ἐπάνω
2696 4302 2802 4356 τοῦ
2834 4300 3069 4367 ὕδατος.
3108 4301 3284 4371 Ὅπερ
3315 4300 3411 4354 καὶ
3442 4299 3692 4369 λέγοντος

2105 4391 2201 4446 τοῦ
2227 4390 2460 4458 Θεοῦ,τὺ
2492 4391 2729 4464 πνεῦμα,
2746 4391 2934 4464 ὥσπερ
2952 4391 3074 4465 χεὶρ
3106 4389 3269 4445 αὐτοῦ
3302 4389 3372 4444 τὰ
3388 4395 3568 4444 πάντα
3599 4391 3693 4461 δηῆ

2110 4486 2379 4557 μιουργεῖ,
2416 4483 2533 4554 φῶς
2563 4483 2671 4538 ἀπὺ
2704 4483 2927 4544 σκότους
2960 4481 3191 4554 χωρίζον
3211 4482 3277 4546 δ’,
3309 4483 3403 4541 καὶ
3437 4481 3575 4553 μετά
3597 4482 3691 4539 τὸν

2107 4576 2338 4648 ἀόρατον
2367 4576 2595 4648 οὐρανὸν
2626 4575 2718 4629 τὸν
2764 4574 3087 4646 φαινόμενον
3139 4573 3467 4643 ἐφαπλῶσαν
3502 4575 3568 4639 ⁸⁸,
3604 4576 3691 4631 ἵνα

2106 4667 2179 4721 τὰ
2209 4668 2320 4722 ἄνω
2346 4669 2460 4730 τοῖς
2481 4664 2577 4720 τοῦ
2613 4666 2789 4735 φωτὸς
2814 4664 3066 4734 ἀγγέλοις
3100 4664 3317 4738 οἰκηθῇ,
3349 4665 3418 4723 τά
3447 4665 3504 4720 δὲ
3539 4662 3693 4738 κάτω

2110 4753 2214 4809 ὑπὸ
2249 4753 2537 4827 ἀνθρώπου
2570 4754 2684 4826 ἅμα
2732 4757 2846 4819 τοῖς
2892 4754 2959 4807 δι’
2992 4755 3153 4809 αὐτὸν
3201 4737 3514 4827 γενομένοις
3549 4737 3689 4814 πᾶσι

2033 4823 2078 4879 Ῑ)
2105 4823 2369 4918 διοικηθῇ.

2173 4936 2362 4994 XXIII.
2401 4937 2501 4994 Διά
2521 4937 2629 5012 γάρ
2653 4939 2713 4993 σε
2734 4936 2824 4992 τὸν
2846 4936 3129 5013 ἄνθρωπον
3151 4940 3179 4993 ό
3201 4937 3333 5004 Θεὸς
3354 4939 3607 4995 ἐκέλευσε
3629 4941 3693 4999 τὸ

2104 5031 2198 5085 ἐπὶ
2218 5030 2511 5105 προσώπου
2530 5031 2632 5103 τῆς
2650 5032 2755 5102 γῆς
2776 5030 3131 5103 ὑποχωρῆσαι
3152 5030 3317 5104 ὕδωρ,
3331 5033 3419 5087 ἵνα
3444 5036 3693 5108 καρποὺς

2103 5119 2139 5190 ἡ
2170 5119 2245 5192 γῆ
2281 5138 2363 5175 σοι
2396 5120 2761 5194 προσενέγκαι
2812 5118 3038 5191 δυνηθῇ,
3071 5120 3166 5173 καὶ
3198 5121 3462 5193 τρηδόνας
3502 5124 3692 5195 ἐποίη..

2104 5228 2220 5281 σεν,
2254 5214 2343 5269 ἶνα
2373 5231 2457 5270 σοι
2488 5215 2751 5287 παράσχῃ
2780 5210 3045 5286 δἐπηγάς
3074 5212 3172 5267 καὶ
3202 5213 3464 5286 ποταμῶν
3496 5213 3690 5288 ῥεῖθρα

1732 5450 1967 5514 VARUE
2004 5457 2413 5519 LECTIONES.

506 5579 553 5621 ³⁸
586 5581 863 5665 ἐλεῶντες,
904 5582 1196 5665 ἑαυτούς-(ἶ
1238 5624 1269 5665 ,·
1289 5585 1831 5665 ὲλεοιξντεςᾼὲαύτούς
1860 5591 1919 5647 S.
1998 5594 2045 5630 δ’
2066 5597 2138 5651 τά
2167 5595 2490 5665 transcripsi
2517 5610 2582 5651 ex
2609 5597 2671 5651 Ο.
2736 5595 2781 5628 ⁸¹
2799 5591 3025 5665 γονέων⁸
3044 5591 3146 5664 μὲν
3188 5592 3360 5665 όντων
3400 5592 3610 5665 ἐχθρῶν
3629 5591 3690 5647 δὲ

432 5652 737 5721 γενομένων
785 5653 1061 5707 ἐποιοῦντο
1090 5657 1189 5718 τὰς
1218 5656 1383 5722 εὐχάς
1412 5659 1472 5711 Ο.
1548 5660 1593 5690 δ’
1614 5652 1909 5732 πείρωνται
1931 5666 1992 5718 0.
2064 5666 2113 5700 “
2141 5669 2290 5770 Eph,
2316 5665 2370 5719 τί
2402 5652 2546 5720 ἐστιν
2578 5665 2640 5725 C.
2715 5669 2763 5702 “
2784 5652 3197 5737 ἐτορνεύθῆσαν,
3221 5663 3318 5717 καὶ
3343 5665 3372 5717 ὁ
3398 5652 3692 5734 τορνεύσας

434 5719 496 5770 C.
536 5722 630 5770 Cfr
678 5721 934 5770 Turrinn-
991 5722 1095 5770 Pro
1120 5722 1484 5770 enist.nmnif_
1543 5729 1620 5770 ιῑιι
1682 5747 1715 5770 ι*
1771 5749 1872 5770 μειη
1929 5735 2002 5770 ..ιι
2210 5736 2342 5770 neunt
2365 5751 2452 5770 nm
2506 5735 2550 5770 n
2673 5735 2721 5770 ιι
2756 5737 3066 5770 tamen...»
3093 5736 3134 5770 ιτ
3259 5732 3304 5766 ιτ
3327 5730 3581 5770 omnm...
3615 5732 3664 5770 η

434 5719 630 5804 g'tifr
652 5721 934 5804 ‘I‘urriap.
987 5722 1095 5804 {re
1120 5719 1486 5804 cpite—porum
1543 5729 1641 5787 lib.
1682 5719 1737 5800 ιδ,
1771 5749 1895 5804 cap.
1929 5735 2027 5792 ult.

432 5786 482 5821 “
501 5790 829 5856 έεαπλώσας
853 5792 917 5847 0.
992 5800 1038 5832 ι’
1070 5786 1340 5867 παράσχοι
1358 5796 1423 5850 Ο.

2210 5736 2343 5791 αύτό
2365 5751 2477 5793 om.
2506 5735 2571 5795 0.
2673 5735 2721 5771 “
2755 5730 3070 5797 ἐκστάσεως
3093 5736 3155 5787 υ.
3232 5732 3304 5805 ,⁸⁷
3327 5730 3581 5806 χωρίζων
3615 5732 3685 5791 0.
