4082 6160
416 374 526 432 295

1497 376 1960 434 CLEMENTINA.
1986 411 2054 419 —
2085 379 2372 435 HOMILIA
2413 381 2507 436 Xl.

3576 387 3683 444 294

413 493 556 563 φανῇ
593 492 686 545 καὶ
720 491 838 556 ζῶα
869 490 1142 564 ἐκϐρασθῇ
1177 492 1244 556 ⁵ο,
1281 491 1515 546 συνελὼν
1547 494 1678 566 ἐρῶ,
1715 495 1801 548 ἵνα
1825 495 1999 548 πάντα

2104 499 2280 561 nndre,
2311 507 2364 552 et
2399 497 2655 552 animalia
2687 498 2919 566 exirent,
2962 515 3073 554 uno
3106 500 3275 555 verbo
3317 509 3376 556 ut
3406 504 3591 556 omnia
3622 519 3682 560 se

412 601 499 640 σοι
544 586 888 656 παραστῆναι
931 584 1152 655 δυνηθῇ.
1193 585 1263 638 Ἦ
1304 585 1414 657 γὰρ
1453 587 1514 639 οὐ
1565 587 1652 642 διὰ
1703 587 1762 641 σὲ
1812 587 2003 660 ἄνεμοι

414 676 553 748 πρὸς
584 675 813 748 καρπῶν
847 677 1103 747 ἐπιγονὴν
1146 676 1370 731 πνέουσι
1405 678 1448 710 ⁸⁸
1495 679 1590 732 καὶ
1639 681 1782 733 ὑετοὶ
1814 681 2007 752 φέρον-

410 787 504 823 ται
522 769 686 840 246
707 769 800 822 καὶ
826 770 1024 840 τροπαὶ
1056 769 1323 836 γίνονται;
1356 769 1560 824 Λύτίκα
1581 770 1710 839 γοῦν
1741 771 1889 842 ἧλιος
1911 771 2005 824 καὶ

416 862 612 932 σελήνη
650 861 766 931 ἅμα
797 863 909 924 τοῖς
939 860 1119 923 ἄλλοις
1155 861 1378 931 ἄστροις
1409 861 1455 892 ⁵⁸
1487 860 1575 914 διὰ
1625 861 1685 914 σὲ
1726 861 1826 925 τὰς
1871 864 2002 915 ἁνα-

413 953 576 1016 τολὰς
623 954 717 1006 καὶ
761 952 1320 1017 δύσεις’ὲκτε).οὖσιν,
1373 954 1468 1006 καὶ
1513 955 1751 1024 ποταμοὶ
1792 954 1887 1007 καὶ
1921 955 2004 1008 λί-

421 1061 548 1114 μναι
579 1043 695 1113 ἅμα
727 1045 847 1106 ταῖς
880 1042 1080 1106 πάσαις
1108 1046 1310 1114 πηγαῖς
1342 1043 1391 1074 ⁵³
1425 1042 1806 1114 ὑπηρετοῦσιν.
1840 1042 2004 1098 Ὅθεν

420 1155 502 1190 σοι
534 1137 611 1207 τῷ
644 1136 952 1209 ἀναισθήτῳ
985 1137 1172 1209 ὥσπερ
1200 1139 1234 1208 ἡ
1274 1138 1474 1208 μείζων
1520 1137 1674 1210 ἐδόθη
1709 1139 1880 1210 τιμὴ,
1910 1138 2004 1192 οὖ-

416 1246 526 1292 τως
581 1229 1010 1300 ἁχαριστήσαντι
1062 1231 1094 1300 ἠ
1164 1228 1367 1299 μείζων
1426 1228 1515 1282 διὰ
1564 1230 1737 1301 πυρὸς
1783 1229 2005 1294 κόλασις

419 1321 888 1393 προητοίμασται,
940 1323 1021 1374 ὅτι
1055 1320 1257 1389 γνῶναι
1307 1322 1407 1374 οὐκ
1457 1321 1729 1394 ἠθέλησας
1781 1322 1839 1376 ὃν
1897 1325 2002 1396 πρὸ

422 1411 637 1464 πάντων
673 1410 778 1463 ἔδει
809 1410 1032 1480 γνῶναι.

491 1502 680 1557 XXIV.
719 1505 827 1556 Καὶ
858 1502 906 1534 ⁸⁸
949 1503 1044 1556 νῦν
1081 1503 1139 1556 δὲ
1190 1505 1255 1556 ὲκ
1297 1503 1406 1557 τῶν
1455 1505 1690 1576 ἡττόνων
1736 1506 1999 1575 ἐπίγνωθι

416 1596 520 1666 τὴν
546 1595 653 1648 τῶν
693 1595 827 1649 ὅλων
861 1597 1058 1661 αἰτίαν,
1091 1597 1448 1669 λογισάμενος
1490 1598 1572 1650 ὅτι
1612 1597 1682 1651 τὰ
1728 1599 1909 1653 πάντα
1941 1600 2002 1652 τὸ

421 1687 567 1758 ὕδωρ
599 1689 758 1751 ποιεῖ,
788 1687 847 1740 τὸ
875 1687 932 1740 δὲ
963 1686 1106 1760 ὕδωρ
1139 1689 1243 1742 ὑπὸ
1273 1688 1582 1759 πνεύματος
1614 1691 1880 1760 κινήσεως
1903 1690 2004 1761 τὴν

419 1778 630 1846 γένεσιν
661 1777 945 1849 λαμϐάνει,
981 1779 1040 1832 τὸ
1069 1780 1127 1832 δὲ
1170 1779 1400 1850 πνεῦμαξ
1433 1779 1542 1833 ἀπὸ
1584 1779 1680 1832 τοῦ
1716 1779 1826 1832 τῶν
1867 1780 2004 1832 ὅλων

2109 588 2200 641 tibi
2237 597 2460 656 possent
2486 588 2702 644 offerre.
2753 589 2863 643 Aut
2911 606 3018 644 non
3067 604 3286 662 propter
3313 603 3364 647 te
3398 595 3539 648 venti
3570 595 3684 664 spi-

2105 688 2250 744 rant,
2285 681 2351 734 ad
2397 679 2674 734 fructuum
2721 681 3158 751 productionem,
3202 693 3252 737 et
3301 685 3504 740 imbres
3535 686 3683 741 defe-

2105 779 2322 837 runtur,
2353 781 2408 825 et
2451 772 2580 825 anni
2618 781 2967 842 tempestates
3003 773 3171 828 fiunt?
3197 774 3314 830 Jam
3346 792 3475 831 vero
3520 778 3603 832 sol
3630 786 3686 833 ct

2104 862 2232 916 luna
2264 878 2387 917 cum
2438 863 2560 918 aliis
2597 863 2770 918 stellis
2811 875 3035 934 propter
3078 873 3128 920 te
3156 855 3412 920 oriuntur
3447 878 3502 922 et
3533 872 3682 924 occi-

2105 955 2261 1021 dunt,
2294 955 2444 1009 fluvii
2493 965 2546 1009 et
2586 965 2776 1025 stagna
2828 972 2952 1010 cum
3005 957 3262 1012 omnibus
3311 957 3552 1014 fontibus
3587 961 3683 1015 tibi

2107 1046 2475 1102 subserviunt.
2511 1046 2666 1102 Unde
2711 1049 2807 1102 tibi
2858 1064 3024 1103 sensu
3076 1052 3284 1104 carenti
3321 1052 3680 1118 quemadmo-

2106 1136 2237 1190 dum
2272 1135 2448 1205 major
2478 1139 2756 1205 praestitus
2792 1147 2875 1192 est
2907 1139 3104 1204 honor,
3136 1140 3210 1194 ita
3250 1139 3464 1210 ingrato
3509 1141 3685 1210 major

2103 1237 2406 1297 praeparata
2456 1238 2538 1283 est
2599 1228 2744 1298 ignis
2799 1246 2982 1299 pte-na,
3029 1232 3174 1301 quod
3229 1233 3371 1287 scire
3419 1234 3682 1301 nolueris,

2103 1335 2264 1389 quem
2297 1328 2422 1374 ante
2449 1320 2632 1374 omnia
2659 1322 2904 1391 Oportuit
2927 1337 3278 1393 cognoscere.

2171 1497 2364 1553 XXIV.
2399 1498 2503 1555 Sed
2531 1501 2614 1555 vel
2634 1517 2778 1556 nunc
2794 1517 2858 1555 ex
2882 1501 3183 1558 minoribus
3204 1517 3437 1573 agnosce
3460 1511 3685 1558 cuncto-

2103 1605 2224 1643 rum
2250 1607 2495 1658 causam,
2522 1593 2899 1657 considerans,
2927 1594 3073 1662 quod
3099 1595 3284 1647 omnia
3322 1610 3463 1663 aqua
3481 1595 3687 1664 prmiu-

2107 1682 2202 1748 cit,
2229 1698 2369 1752 aqua
2394 1699 2521 1736 vero
2540 1699 2570 1738 a
2604 1684 2798 1754 spiritu
2834 1685 3032 1754 accipit
3057 1694 3238 1740 motus
3263 1684 3550 1754 originem,
3568 1684 3682 1754 spi-

2107 1774 2246 1830 ritus
2261 1785 2439 1830 autem
2454 1776 2522 1830 ab
2539 1777 2918 1832 universorum
2939 1777 3048 1831 Deo
3065 1777 3280 1832 initium
3303 1778 3484 1832 habet.
3508 1777 3683 1846 Atque

420 1868 555 1922 Θεοῦ
586 1869 684 1941 τὴν
732 1870 902 1942 ἀρχὴν
947 1870 1078 1941 ἔχει.
1130 1871 1241 1924 Καὶ
1286 1870 1458 1934 οὕτως
1503 1871 1610 1924 ἔδει
1657 1870 1996 1939 λογίσασθαι,

2104 1875 2176 1920 Ita
2193 1875 2404 1934 oportet
2425 1879 2610 1936 reputa
2619 1885 2675 1924 re
2691 1885 2801 1939 quo
2817 1885 2913 1938 per
2929 1869 3193 1924 rationem
3218 1870 3284 1924 ad
3303 1868 3471 1923 Deum
3503 1870 3683 1938 possis

422 1961 508 2014 ἴνα
547 1961 640 2014 ἐπὶ
682 1961 825 2033 λόγῳ
867 1963 947 2026 είς
991 1961 1123 2014 Θεὸν
1169 1962 1505 2032 καταντῆσαι
1553 1962 1806 2034 δυνηθῇς,
1855 1963 2004 2026 ὅπως

421 2051 677 2121 ἐπιγνούς
710 2069 804 2104 σου
831 2053 893 2104 τὸ
924 2052 1080 2122 γένος
1102 2053 1170 2116 ⁸⁵,
1206 2053 1300 2107 καὶ
1332 2053 1659 2126 πρωτογόνῳ
1701 2039 2002 2124 ἀναγεννη-

424 2143 537 2208 θεὶς
575 2144 729 2198 ὕδατι
774 2144 866 2196 καὶ
911 2145 959 2202 ',‘
1008 2144 1341 2216 κληρονόμος
1388 2148 1662 2218 καταστῇς
1712 2145 1820 2200 τῶν
1866 2147 2005 2218 πρὸς

423 2235 729 2307 ἀφθαρσίαν
760 2237 1132 2304 γεννησάντων
1167 2251 1226 2288 σε
1254 2235 1474 2303 γονέων.

494 2325 664 2380 XXV.
704 2327 796 2379 Διὸ
828 2326 1060 2395 ἑτοίμως
1099 2324 1363 2397 πρόσελθε
1409 2325 1485 2389 ὡς
1529 2326 1644 2390 υἱὸς
1689 2326 1878 2398 πατρὶ,
1915 2327 2000 2381 ἵνα

421 2417 531 2470 τῶν
563 2416 974 2488 ἁμαρτημάτων
1004 2433 1095 2469 σου
1124 2417 1152 2468 ό
1181 2416 1314 2479 Θεὸς
1344 2416 1442 2489 τὴν
1465 2417 1685 2485 ἄγνοιαν
1708 2417 1998 2489 αἰτίανσθῇ.

424 2509 491 2562 Ei.
521 2508 580 2560 δὲ
609 2507 702 2561 καὶ
742 2507 879 2579 μετὰ
908 2507 969 2560 τὸ
1000 2506 1266 2578 κληθῆναι
1317 2507 1379 2560 οὐ
1428 2506 1601 2570 θέλεις
1630 2507 1664 2578 ἢ
1701 2507 2000 2579 βραδύνεις,

424 2600 611 2672 δικαία
641 2599 774 2653 Θεοῦ
808 2599 980 2671 ἀπολῇ
1014 2599 1216 2671 κρίσει,
1248 2597 1326 2669 τῷ
1361 2599 1435 2670 μὴ
1482 2597 1705 2669 θελῆσαι
1739 2602 1812 2673 μὴ
1847 2600 2004 2670 θελη-

425 2691 578 2755 θείςο
613 2691 708 2744 καὶ
751 2693 824 2762 μή
865 2709 948 2744 τοι
980 2690 1226 2763 νομίσῃς,
1280 2690 1361 2744 ὅτι
1401 2689 1497 2743 ἐὰν
1532 2689 1578 2722 ⁸⁷
1624 2689 1840 2744 πάντων
1894 2689 2003 2743 τῶν

425 2801 555 2838 ποτε
577 2784 882 2854 γενομένων
906 2782 1143 2836 εὐσεϐῶν
1176 2782 1558 2854 εὐσεϐέστερος
1583 2782 1737 2854 γένῃ,
1771 2782 2004 2836 ἀϐάπτι-

427 2893 550 2939 στος
579 2875 635 2928 δὲ
681 2873 768 2948 ᾖς,
801 2874 1012 2938 ἐλπίδος
1040 2878 1225 2945 τυχεῖν
1257 2875 1459 2949 δυνήσῃ
1491 2875 1638 2929 ποτέ.
1675 2871 1858 2946 Ταύτῃ
1895 2874 2002 2947 γὰρ

429 2968 626 3039 μᾶλλον
660 2966 878 3020 πλείονα
910 2967 1126 3036 ὑφέξεις
1158 2967 1397 3030 κόλασιν,
1437 2967 1519 3019 ὅτι
1549 2964 1690 3019 καλά
1732 2965 1867 3038 ἔργα
1903 2965 2003 3019 οὐκ

426 3057 686 3129 ἐποίησας
719 3057 916 3122 καλῶς.
949 3058 1103 3129 Καλὴ
1137 3059 1245 3129 γὰρ
1292 3058 1725 3124 εὐποιία,όπόταν
1757 3058 1833 3122 ὡς
1872 3057 2004 3120 Θεὸς

427 3149 678 3202 ἐκέλευσε
711 3148 947 3219 γίνηται.
985 3150 1058 3202 Σὺ
1089 3148 1147 3202 δὲ
1181 3150 1228 3201 εί
1261 3150 1322 3201 οὐ
1355 3148 1545 3212 θέλεις,
1571 3148 1730 3220 247
1761 3149 1836 3212 ὡς
1867 3149 2003 3201 ὲκεί-

426 3259 503 3312 νῳ
531 3238 727 3305 ἓδοξεν,
765 3239 1144 3311 βαπτισθῆναι,
1167 3240 1247 3311 τῷ
1289 3239 1367 3311 σῷ
1400 3237 1662 3312 θελήματι
1711 3239 2001 3311 ὑπηρετῶν

428 3333 729 3405 ἐχθραίνεις
759 3334 828 3403 τῇ
853 3331 1062 3386 ἐκείνου
1100 3331 1283 3404 βουλῇ.

497 3511 684 3568 ιιιινι.
743 3510 882 3566 Ἀλλ’
916 3512 1045 3576 ἴσως
1077 3512 1193 3583 ὲ.ρεῖ
1221 3527 1338 3574 τις·
1372 3510 1439 3564 Τί
1470 3509 1832 3582 συμϐάλλεται
1871 3511 2004 3583 πρὸς

428 3603 704 3658 εὐσέϐειαν
755 3603 818 3656 τὸ
865 3601 1222 3674 βαπτισθῆναι
1265 3600 1453 3667 ὔδατι;
1507 3602 1728 3674 Πρῶτον
1772 3603 1890 3674 μὲν,
1924 3604 2003 3656 ὅτι

427 3694 490 3748 τδ
519 3696 674 3763 δόξαν
705 3694 824 3766 Θεῷ
854 3695 1111 3767 πράττεις
1134 3711 1147 3725 ο
1171 3694 1421 3767 δεύτερον
1449 3693 1524 3757 δὲ,
1561 3693 1621 3758 ἐξ
1651 3692 1842 3757 ὓδατος
1869 3694 2002 3746 ἁνα-

429 3787 707 3858 γεννηθεὶς
760 3785 898 3858 Θεῷ,
936 3785 1084 3857 αἰτίᾳ
1139 3785 1306 3856 φόϐου
1350 3785 1415 3849 ⁸⁸³,
1467 3785 1566 3855 τὴν
1610 3784 1667 3851 ἐξ
1710 3782 2005 3856 ἐπιθυμίας

429 3877 654 3949 πρώτην
689 3895 768 3931 σοι
798 3877 1096 3949 γενομένην
1144 3876 1536 3942 καταλλάσσεις
1567 3878 1613 3910 ⁸⁸
1647 3878 1878 3947 γένεσιν,
1911 3880 2006 3933 καὶ⁵

429 3969 605 4033 οὕτως
652 3970 921 4042 σωτηρίας
968 3971 1148 4040 τυχεῖν
1195 3969 1358 4043 δύνῃ·
1402 3969 1576 4034 ἄλλως
1624 3969 1680 4023 δὲ
1725 3971 2000 4026 ἀδύνατον.

433 4063 616 4128 Οὕτως
675 4064 783 4134 γὰρ
831 4066 964 4135 ἡμῖν
1026 4062 1238 4134 ὤμοσεν
1298 4065 1327 4118 ὁ
1360 4065 1656 4136 ’προφήτης
1710 4065 1878 4119 εἰπών
1919 4066 2001 4098 “-

445 4157 632 4227 Ἀμὴν
678 4155 820 4226 ὑμῖν
847 4156 1020 4225 λέγω,
1073 4156 1182 4210 ἐὰν
1234 4156 1315 4225 μὴ
1343 4157 1784 4227 ἀναγεννηθῆτε
1835 4159 2004 4213 ὕδατι

432 4247 617 4312 ζῶντι,
651 4249 737 4315 εἰς
770 4247 959 4317 ὄνομα
981 4246 1230 4316 Πατρός,
1265 4246 1419 4311 Υιοῦ,
1445 4248 1616 4316 ἁγίου
1642 4251 2003 4320 Πνεύματος,

433 4339 504 4391 οὐ
530 4337 616 4406 μὴ
661 4334 975 4404 εἰσέλθητε
1005 4337 1092 4402 εὶς
1138 4336 1254 4404 τὴν
1296 4336 1625 4402 ,βασιλείαν
1673 4337 1792 4392 τῶν
1830 4341 2005 4407 οὐρα-

2104 1959 2410 2027 pcrvenire,
2443 1969 2501 2014 ut
2532 1975 2834 2030 agnoscens
2863 1972 3016 2016 tuum
3049 1977 3224 2032 genus
3254 1970 3306 2015 et
3328 1970 3682 2032 regeneratus

2105 2063 2245 2117 aqua
2286 2050 2632 2121 primigenita
2667 2052 2832 2106 etiam
2876 2053 3050 2108 haeres
3090 2052 3342 2110 eﬂiciaris
3389 2063 3680 2124 parentum

2101 2143 2198 2212 qui
2228 2150 2278 2197 te
2305 2143 2372 2198 ad
2401 2143 2868 2215 incorruptionem
2901 2156 3226 2216 genuerunt.

2171 2321 2341 2378 XXV.
2381 2320 2611 2392 Propter
2636 2324 2781 2394 quod
2813 2332 3084 2394 prompte,
3135 2333 3395 2393 tanquam
3429 2324 3574 2378 ﬁlius
3609 2325 3677 2380 ad

2102 2425 2332 2485 patrem,
2382 2416 2598 2481 accede,
2627 2427 2687 2471 ut
2713 2416 2854 2472 Deus
2893 2431 3118 2472 causam
3157 2426 3504 2485 peccatorum
3551 2428 3680 2471 tun-

2101 2521 2222 2559 rum
2250 2514 2416 2574 ponat
2445 2507 2831 2577 ignorantiam.
2864 2506 3020 2574 Quod
3053 2507 3099 2562 si
3129 2517 3418 2577 postquam
3450 2519 3682 2564 vocatus

2101 2612 2193 2662 es,
2221 2614 2329 2652 non
2380 2599 2484 2666 vis,
2516 2610 2610 2654 aut
2650 2599 3124 2670 cunctaris,justo
3154 2599 3251 2655 Dei
3291 2601 3498 2670 judicio
3537 2601 3682 2669 peri-

2101 2689 2209 2754 bis,
2240 2697 2294 2743 et
2318 2689 2446 2760 quia
2473 2698 2529 2744 tu
2556 2691 2803 2756 noluisti,
2834 2691 2982 2745 nolet
3005 2699 3056 2746 te
3087 2689 3232 2746 Deus
3288 2689 3399 2746 Nec
3425 2706 3558 2745 vero
3578 2706 3683 2759 pu-

2103 2789 2203 2845 tes,
2232 2782 2380 2851 quod
2411 2790 2465 2836 et
2501 2783 2547 2838 si
2581 2784 2855 2850 omnium,
2885 2783 2979 2853 qui
3027 2798 3271 2853 unquam
3323 2782 3545 2837 fuerunt
3580 2783 3681 2852 pii,

2101 2874 2386 2944 piissimus
2420 2875 2520 2941 sis,
2560 2891 2670 2930 non
2725 2874 2897 2930 fueris
2931 2883 3111 2930 autem
3153 2875 3478 2945 baptizatus,
3528 2891 3681 2945 spem

2101 2967 2332 3038 adipisci
2363 2967 2657 3038 aliquando
2680 2970 2906 3038 poteris.
2952 2969 3028 3023 Eo
3065 2969 3212 3024 enim
3263 2969 3502 3039 majores
3523 2969 3683 3025 dabis

2100 3073 2313 3128 pinnas,
2355 3059 2501 3127 quod
2543 3059 2685 3113 bona
2722 3073 2887 3127 Opera
2932 3071 3045 3111 non
3091 3057 3231 3112 bene
3265 3058 3482 3112 feceris.
3529 3055 3681 3111 Prat-

2103 3151 2249 3205 clara
2297 3150 2441 3204 enim
2495 3165 2585 3204 res
2628 3159 2732 3214 est,
2785 3149 2929 3204 bona
2984 3150 3221 3219 Oper-ari,
3255 3149 3475 3217 quando
3523 3148 3682 3218 juxta

2104 3242 2420 3296 mandatum
2453 3239 2548 3296 Dei
2584 3242 2663 3294 tit.
2698 3238 2778 3294 Tu
2810 3255 2959 3307 vero,
2994 3241 3064 3306 si,
3094 3249 3153 3294 ut
3181 3240 3258 3292 illi
3286 3240 3461 3308 placet
3494 3280 3509 3303 ,
3538 3239 3682 3293 nolis

2103 3329 2388 3398 baptizari,
2425 3339 2534 3384 tua:
2577 3330 2842 3384 voluntati
2899 3330 3215 3400 obsequens
3255 3329 3410 3408 illius
3449 3329 3682 3385 consilio

2103 3437 2397 3492 repugnas.
2621 3409 2623 3413 ’

2173 3511 2364 3566 XXVI.
2409 3510 2512 3567 Sed
2565 3511 2768 3582 aliquis
2818 3511 3005 3565 forsan
3053 3509 3197 3569 dicet
3231 3527 3244 3563 :
3277 3508 3418 3576 Quid
3471 3509 3682 3566 confert

2104 3605 2172 3660 ad
2202 3606 2480 3676 pietatem,
2518 3620 2662 3676 aqua
2706 3603 3008 3674 baptizari?
3045 3601 3232 3657 Primo
3281 3601 3522 3672 quidem,
3550 3603 3681 3671 quia

2105 3697 2156 3752 id
2183 3698 2329 3768 quod
2359 3697 2470 3752 Deo
2496 3697 2701 3767 placuit
2730 3697 2885 3753 facis.
2919 3696 3171 3752 Secundo
3198 3710 3328 3750 vero
3353 3710 3449 3764 per
3479 3710 3679 3764 aquam

2107 3787 2216 3843 Deo
2265 3798 2524 3853 renatus,
2573 3789 2791 3845 timoris
2835 3804 3000 3844 causa
3055 3787 3288 3858 primam
3339 3787 3680 3842 nativitatem

2105 3895 2268 3950 quam
2299 3895 2366 3934 ex
2397 3880 2841 3950 concupiscentia
2890 3880 3102 3936 traxisti
3149 3886 3450 3950 permutas,
3494 3879 3682 3948 sicque

2106 3972 2340 4028 salutem
2374 3971 2638 4041 consequi
2685 3980 2840 4042 potes
2873 3989 2890 4028 :
2921 3973 3080 4026 aliter
3123 3981 3302 4028 autem
3343 3972 3682 4042 impossibile

2105 4076 2208 4118 est.
2244 4063 2318 4117 lta
2347 4063 2490 4118 enim
2524 4064 2682 4119 nobis
2706 4064 2911 4134 juravit
2947 4064 3211 4134 propheta
3253 4064 3440 4120 dicens
3469 4081 3484 4118 :
3516 4064 3681 4116 Amen

2104 4156 2223 4210 dico
2252 4157 2415 4222 vobis,
2455 4151 2558 4210 nisi
2589 4158 2758 4212 renati
2800 4156 3008 4226 fueritis
3038 4173 3175 4226 aqua
3202 4156 3339 4220 viva,
3384 4157 3440 4209 in
3472 4156 3681 4210 nomine

2106 4245 2314 4314 Patris,
2345 4243 2501 4313 Filii,
2532 4245 2764 4317 Spiritus
2797 4247 2990 4314 sancti,
3023 4262 3126 4299 non
3154 4245 3445 4299 mtroibitis
3489 4245 3548 4298 in
3593 4261 3680 4297 rc-

2107 4355 2268 4410 gnum
2312 4338 2562 4394 caelorum
2591 4351 2639 4393 α.
2691 4337 2959 4406 Quocirca
3016 4337 3276 4392 accedite.
3324 4335 3402 4391 lbi
3445 4351 3683 4406 namque

429 4428 570 4484 νῶν.
621 4428 712 4480 Διὸ
758 4428 1101 4500 προσέλθετε.
1141 4430 1298 4482 Ἐστι
1342 4430 1451 4503 γάρ
1492 4449 1545 4484 τι
1591 4432 1708 4484 ἐκεῖ
1752 4434 2003 4506 ἀπαρχῆς

2107 4441 2191 4486 est
2220 4430 2424 4500 aliquid
2457 4431 2526 4486 ab
2553 4431 2710 4485 initio
2751 4429 3084 4494 misericors,
3121 4429 3266 4498 quod
3308 4427 3480 4482 fertur
3519 4442 3684 4496 super

432 4517 680 4588 ὲλεῆμον,
716 4518 1109 4590 ἐπιφερόμενον
1134 4518 1213 4590 τῷ
1246 4518 1418 4583 ὕδατι,
1449 4521 1542 4574 καὶ
1571 4520 1612 4551 σε
1647 4523 1768 4585 τοὺς,
1809 4521 2002 4591 βαπτι-

2107 4533 2398 4591 aquam,et
2424 4537 2518 4577 eos
2547 4521 2639 4592 qui
2670 4521 2723 4574 in
2744 4530 2826 4575 ter
2841 4521 2999 4575 beata
3037 4519 3381 4576 invocatione
3416 4518 3680 4587 baptizati

432 4607 693 4679 ζομένους
725 4610 816 4661 ὲπὶ
836 4611 900 4679 τῇ
925 4625 1301 4681 τρισμακαριᾳ
1330 4611 1664 4682 ὲπονομασίᾳ
1692 4613 1785 4664 καὶ
1817 4614 1861 4643 ⁶²
1882 4613 2003 4684 ῥύε-

2111 4627 2240 4672 sunt
2283 4614 2444 4684 eripit
2479 4615 2547 4670 de
2571 4613 2771 4670 futuris
2801 4611 3106 4683 suppliciis,
3153 4623 3208 4667 et
3247 4627 3368 4683 qua:
3421 4621 3543 4681 post
3580 4613 3683 4667 ba-

430 4716 519 4752 ται
549 4696 651 4771 τῆς
681 4699 945 4771 ἐσομένης
973 4700 1263 4766 κολάσεως,
1298 4700 1486 4774 ὥσπερ
1517 4702 1666 4775 δῶρα
1698 4705 2003 4777 προσφέρον

2109 4707 2370 4777 ptismum
2421 4706 2562 4762 facta
2605 4717 2734 4763 sunt
2773 4722 2804 4761 a
2843 4704 3131 4775 baptizatis
3174 4705 3317 4759 bona
3359 4719 3524 4774 Opera
3571 4703 3684 4758 Deo

430 4789 509 4861 τῷ
540 4790 660 4862 Θεῷ
679 4791 755 4855 ὼς
769 4791 835 4845 ἂν
853 4791 900 4822 ⁸³
918 4791 1024 4845 ἀπὸ
1047 4790 1141 4845 τοῦ
1163 4791 1536 4864 βαπτίσματος
1567 4793 1746 4848 αὐτῶν
1776 4795 1883 4850 τῶν
1905 4795 2003 4866 βα-

2110 4798 2268 4854 otl‘ert
2297 4799 2457 4871 quasi
2505 4800 2733 4854 donum.
2782 4797 2963 4865 Quare
3001 4795 3281 4868 confugite
3321 4797 3390 4852 ad
3438 4811 3637 4866 aquam
3663 4835 3681 4854 .

506 4939 534 4969 ι
568 4927 726 4983 Joan.
774 4945 872 4996 ιιι,
901 4928 953 4983 5.

1735 5045 1969 5102 VARUS
2009 5045 2414 5102 LECTIONES.

500 5137 550 5170 ⁸⁸
593 5137 672 5192 lta
697 5135 744 5210 Q
788 5145 844 5192 et
863 5153 929 5192 et
956 5137 1190 5210 conject.
1257 5137 1319 5202 C,
1339 5138 1461 5210 Acuj.
1494 5147 1677 5210 textus
1705 5139 1963 5210 ὲκϐασθῇ.
2054 5141 2098 5174 δ’
2128 5139 2349 5210 πνέουσι
2400 5136 2625 5207 ascripsi
2667 5137 2820 5210 c.__U.
2906 5137 2951 5170 "
2980 5134 3196 5210 ᾄστροις
3225 5144 3334 5184 om.
3367 5127 3456 5210 Α
3507 5128 3684 5182 ³³·πά-

437 5224 555 5271 cat;
584 5224 642 5279 p.
665 5207 868 5280 πάσαις
910 5195 1184 5280 πςηγατίςίϐ
1215 5247 1229 5271 ,
1257 5195 1351 5280 qui
1384 5195 1528 5280 conj.
1585 5195 2132 5280 θαλάσσαις.”Ι.οειίο
2167 5209 2516 5266 Ottohoniani
2546 5195 2863 5280 'quanilibet
2882 5195 3464 5280 conject'uramnreddit
3486 5214 3680 5268 super-—

433 5269 619 5352 fluam.
695 5269 1015 5352 ’ξίξᾷν
1052 5269 1520 5352 ξδὲπιγνῷςᾳαύτό
1532 5295 1596 5352 γ.
1627 5279 1668 5334 C
1697 5319 1712 5343 ,
1731 5269 1974 5352 ἐπιγνῷς
2003 5283 2200 5352 caeco?)
2231 5298 2285 5350 γ.
2309 5280 2370 5334 D.
2447 5286 2491 5317 ⁵⁸
2515 5269 2608 5333 καί
2635 5291 2745 5352 om.
2779 5276 2843 5330 Ο.
2868 5347 2899 5352 __
2920 5279 2963 5312 ³⁷
2984 5269 3092 5352 κᾶν
3120 5269 3682 5352 s.cr..Sch|iemannus

433 5349 629 5412 Clem,
660 5363 717 5419 p.
739 5347 868 5423 ἓῖθ,
895 5349 1018 5404 569.
1048 5346 1107 5405 S.
1183 5341 1239 5383 ⁵⁸⁷
1261 5341 1402 5423 Ιέοο
1448 5366 1499 5406 c.
1527 5341 1565 5403 S
1594 5391 1609 5415 ,
1630 5341 1779 5422 αἰτία
1811 5341 2041 5423 ῴόϐἱεὶίῖ.
2071 5351 2193 5407 Haec
2220 5341 2346 5406 vbb.
2383 5365 2493 5423 non
2531 5357 2658 5423 sunt
2697 5347 2968 5423 in__codice
2993 5341 3271 5423 Turn-iani,
3296 5354 3652 5423 nequeagno

433 5407 719 5490 geunttjr'a
743 5407 943 5474 Rufino
968 5437 983 5485 ;
1009 5435 1178 5489 quare
1201 5435 1263 5474 ea
1288 5417 1332 5472 D
1384 5435 1504 5475 esse
1531 5407 1686 5490 putat
1719 5407 1765 5476 δ’
1787 5407 2142 5478 πίδιεήιοιιιι.
2178 5423 2236 5476 S.
2337 5419 2688 5490 “fano-tcipo
2722 5417 2832 5490 alia
2879 5412 3118 5490 man._(_).
3154 5411 3230 5465 lta
3259 5419 3313 5490 et
3335 5407 3677 5490 ’l_‘_urrianus;

433 5486 562 5560 ιιυι.
589 5489 712 5560 Περ.
737 5507 812 5551 νι,
839 5490 873 5544 9
901 5509 914 5544 :
943 5477 1272 5558 amputatur.
1373 5491 1417 5524 ⁶⁰
1443 5477 1555 5548 Οτι-ί
1596 5489 1776 5548 Schw.
1837 5492 2011 5548 Mont.
2062 5477 2136 5560 ρ.
2171 5493 2306 5557 184ς
2363 5477 2606 5560 Νοοιιςψί
2637 5477 2895 5560 Ζξξζᾳίιεν
2925 5485 3093 5560 1,318
3123 5478 3500 5560 sq_.'§“chl¢_3l_‘_l§
3535 5479 3676 5560 11-1-13.

436 5547 870 5631 Theo(.'l‘ubitig.
904 5547 1064 5626 18.45,
1095 5576 1147 5629 p.
1178 5561 1314 5628 eis;
1347 5561 1506 5628 1847,
1545 5547 1598 5631 p.
1627 5562 1729 5615 152
1748 5547 1773 5629 ;ί
1793 5561 1972 5617 Frank
2007 5607 2018 5616 .
2058 5547 2348 5617 'Wumm'b.
2386 5561 2469 5618 St.
2489 5547 2636 5631 Διο⁸πη.
2667 5547 3020 5631 xv1n,_p_.ji
3043 5547 3294 5631 _s_q_.,;3tt_x
3316 5565 3368 5631 ρ.
3397 5548 3500 5631 ne
3497 5547 3684 5631 ἐμει-

449 5577 616 5617 Ιηεοι.
639 5577 870 5684 ιυοιιιςὲ.
904 5577 1064 5626 164;),
1095 5577 1147 5629 p.
1178 5577 1314 5628 om;
1347 5577 1506 5628 ιδιιι,
1546 5577 1598 5631 p.
1627 5577 1762 5629 102;
1793 5577 1972 5617 r'rank
2007 5607 2018 5616 .
2063 5577 2348 5617 Wurtemv.
2386 5577 2469 5618 bl.
2501 5577 2636 5614 tom.
2667 5577 2850 5620 anu,
2885 5577 2938 5639 p_.
2969 5577 3020 5609 ιι
3043 5577 3294 5635 διι.,;.ιι.ι
3316 5577 3368 5619 μ.
3397 5577 3422 5602 ι
3443 5577 3500 5642 1.0
3521 5592 3535 5612 ,
3569 5577 3679 5601 uu-

449 5624 696 5703 ;enfe}‘d_7:‘
717 5630 794 5703 ι).
867 5631 988 5703 (ein.
1008 5631 1133 5703 Rea.
1157 5631 1393 5703 u._R_om.
1422 5648 1475 5703 p.
1509 5631 1644 5698 £66;
1673 5631 1736 5688 D.
1773 5632 1870 5689 Ev.
1897 5631 2024 5689 Joh.
2053 5650 2106 5702 ι).
2133 5633 2230 5688 151
2257 5649 2272 5698 ;
2305 5631 2452 5703 Krit.
2479 5629 2721 5703 Παιδί-8.,
2773 5646 2830 5703 p.
2861 5627 2972 5703 558Δ
2993 5645 3007 5693 ;
3028 5622 3254 5703 _l{tt._schl
3286 5639 3309 5703 ε.
3330 5620 3471 5674 Ann.
3497 5618 3679 5703 ζ’ξιευι.

449 5652 648 5685 ’81116111
682 5652 696 5684 Ξ
731 5652 794 5684 υ.
823 5652 988 5685 ωειη.
1008 5652 1133 5684 nec.
1157 5652 1212 5684 ιι.
1241 5652 1393 5687 nom.
1462 5672 1475 5686 .
1509 5652 1644 5698 100;
1673 5652 1736 5688 υ.
1773 5652 1870 5689 ιν.
1897 5652 2024 5689 don.
2053 5652 2106 5702 1).
2133 5652 2230 5688 101
2257 5652 2272 5698 ζ
2305 5652 2452 5685 ΑΓΗ.
2483 5652 2721 5693 υηιετδη
2816 5670 2830 5682 .
2861 5652 2964 5683 000
2993 5652 3007 5693 ς
3043 5652 3254 5679 ιιιιδυιιι
3286 5662 3298 5674 ο
3330 5652 3471 5674 Πηη·
3499 5652 3679 5673 ιηῦνιο

433 5652 571 5774 ξίίψ-
598 5700 756 5774 ἔδδίν
786 5717 840 5771 P-
872 5701 997 5774 5M.
1025 5771 1034 5774 _
1076 5702 1119 5734 ⁶¹
1145 5701 1241 5774 καί
1262 5699 1307 5756 0
1346 5718 1396 5774 οφ
1423 5652 1467 5754 ἵ)
1499 5743 1512 5767 ν
1543 5703 1636 5772 Qui
1680 5703 1857 5760 locum
1905 5705 1979 5759 ita
2031 5705 2146 5774 vult
2194 5702 2407 5757 restitui
2430 5702 2585 5774 :JKa‘v.
2610 5652 3050 5774 robigamién‘t
3084 5698 3150 5766 τῇ
3178 5691 3442 5774 τριξπονί
3493 5678 3682 5774 ῥύεται

349 5775 354 5784 ’
433 5771 532 5826 καὶ
561 5771 662 5842 τῆς
708 5761 802 5824 ea:
835 5773 953 5826 κυλ.
1008 5770 1166 5840 Apud
1203 5771 1244 5826 (Σ
1313 5773 1408 5828 καὶ
1447 5761 1598 5831 ιὶόθέι
1624 5786 1749 5833 ante
1787 5778 1913 5842 τοὺς
1958 5773 2404 5849 βαπτιζομένους,
2437 5771 2477 5828 S
2525 5772 2554 5826 ὃ
2580 5761 3192 5843 τοὺςβαπτιζομένοῦς.
3214 5761 3226 5765 ⁷
3271 5764 3316 5796 ⁸’
3344 5761 3436 5816 καί
3466 5761 3578 5817 oin.
3611 5761 3677 5814 υ.

436 5839 738 5900 ⁶³ὼςᾶνῡ
767 5838 1319 5900 .ὃτ’ᾶνϐ.ὃτανο.

506 5842 1319 5912 ὼςᾶνΙ),ὂτ’ἇνϐ,ὃτανΟ.
