4082 6160
395 263 502 322 299

1209 265 1266 324 S.
1301 267 1685 326 CLEMENTIS
1721 265 1742 322 Ι
1783 266 1948 325 ROM.
1989 268 2193 329 PONT.
2229 272 2460 330 OPERA
2499 271 2728 330 DUBIA.

3531 284 3640 339 500

469 380 707 438 XXXIII.
762 382 923 452 Quod
975 391 1156 440 autem
1197 400 1321 445 vere
1371 386 1424 440 in
1472 385 1559 441 die
1599 384 1794 454 judicii
1841 401 1954 442 cum

2141 388 2378 445 XXXIII.
2446 391 2567 444 Ὀτι
2616 390 2673 442 δέ
2725 351 2892 454 ὅντως
2942 390 3000 445 ἐν
3044 390 3230 463 ἡμέρᾳ
3262 393 3497 464 κρίσεως
3528 401 3645 461 ταῖς

395 473 556 530 bonis
599 474 857 545 operibus
916 474 1218 531 errantium
1281 485 1674 546 comparentur
1724 477 1966 535 actiones

394 569 844 638 cognoscentium
891 569 1203 634 veritatem,
1261 585 1365 624 nos
1412 567 1602 623 docuit
1651 569 1746 639 qui
1793 567 1968 623 nescit

366 659 654 736 .mentiri,
699 659 886 716 dicens
935 661 1002 715 ad
1065 676 1161 717 eos
1209 661 1427 731 quidem
1477 661 1570 730 qui
1625 661 1966 730 negligebant

393 752 582 806 venire
610 763 664 806 et
701 753 891 807 audire
939 753 1092 806 iilum
1122 769 1135 805 :
1165 751 1367 823 Regina
1398 752 1584 806 Austri
1627 761 1804 822 surget
1845 769 1964 806 cum

393 846 724 914 generatione
771 845 898 911 ista,
949 852 999 898 et
1056 843 1421 898 condemnabit
1473 859 1610 908 eam,
1654 843 1779 912 quia
1826 843 1964 896 venit

392 952 424 988 a
446 935 638 1005 ﬁnibus
669 945 824 989 terra:
851 935 1036 989 audire
1082 935 1398 1005 sapientiam
1425 932 1749 1001 Salomonis,
1779 945 1827 988 et
1849 949 1964 987 ecce

391 1027 670 1100 plusquam
699 1027 951 1082 Salomon
992 1027 1115 1095 hic,
1156 1037 1207 1080 et
1251 1043 1356 1081 non
1404 1026 1618 1080 creditis
1649 1038 1699 1082 α.
1740 1025 1822 1079 Ad
1866 1039 1962 1079 eos

391 1136 520 1176 vero
549 1136 579 1173 e
606 1119 829 1190 populo,
853 1119 944 1190 qui
975 1119 1232 1174 uolebant
1254 1120 1320 1173 ad
1349 1118 1496 1172 illius
1523 1117 1959 1187 praedicationem

390 1226 551 1282 agere
603 1209 1004 1280 paenitentiam,
1055 1209 1236 1264 dixit:
1277 1208 1392 1264 Viri
1443 1207 1700 1264 Ninivitaz
1747 1219 1958 1278 surgent

387 1320 506 1358 cum
545 1303 878 1374 generatione
921 1301 1020 1355 hac
1057 1311 1106 1356 et
1143 1301 1568 1355 condemnabunt
1617 1299 1790 1366 illam,
1833 1301 1960 1370 quia

387 1395 659 1449 audientes
710 1401 934 1462 egerunt
993 1392 1360 1463 penitentiam
1414 1392 1483 1446 ad
1529 1390 1958 1461 prwdicationem

385 1483 538 1538 Iona:
567 1524 582 1550 ,
614 1492 665 1538 et
702 1499 817 1537 ecce
853 1483 971 1553 plus
1005 1481 1125 1550 hic,
1160 1491 1211 1536 et
1268 1497 1417 1536 nemo
1456 1483 1620 1536 credit
1657 1481 1706 1536 ι).
1759 1480 1960 1551 Sicque

385 1576 453 1631 ad
478 1591 692 1631 omnem
721 1590 910 1629 eorum
945 1574 1273 1645 impietatem
1306 1590 1587 1645 opponens
1613 1574 1955 1642 ethnicorum

383 1668 522 1724 bene
586 1677 928 1739 oper-antes,
960 1668 1013 1722 in
1056 1668 1565 1723 condemnationem
1612 1683 1802 1723 eorum
1861 1667 1954 1739 qui

2065 480 2174 533 τῶν
2206 481 2636 554 πεπλανημένων
2667 482 2934 547 εὐποιίαις
2964 484 3021 536 αἱ
3057 480 3166 536 τῶν
3190 484 3446 557 ἀλήθειαν
3477 489 3646 555 ἐγνω-

2067 572 2240 626 κότων
2294 574 2567 638 ἰσάζονται
2621 574 2882 644 πράξεις,
2934 575 3097 639 αὐτὸς
3143 579 3292 647 ἡμᾶς
3347 580 3376 632 ὁ
3405 575 3645 650 ἀψευδὴς

2066 663 2323 730 ἐδίδαξεν,
2359 665 2528 720 εἰπὼν
2576 667 2712 740 πρὸς
2758 667 2856 738 μὲν
2904 668 3030 730 τοὺς
3081 667 3417 739 ἀμελοῦντας
3473 670 3644 725 ἐλθεῖν

2063 758 2159 810 καὶ
2191 757 2481 812 ἐπακούειν
2539 759 2731 814 αὐτοῦ·
2768 760 3124 813 Βασιλισσα
3169 761 3349 816 νότου
3401 762 3644 831 ἐγερθή-

2064 864 2233 903 σεται
2283 850 2435 919 μετὰ
2467 849 2576 918 τῆς
2628 849 2838 920 γενεᾶς
2877 852 3119 919 ταύτης,
3156 851 3254 905 καὶ
3309 852 3650 921 κατακρινεῖ

2062 939 2276 1008 αὐτὴν,
2325 940 2415 994 ὅτι
2445 941 2491 972 ⁸³
2513 940 2703 1010 ἦλθεν
2751 942 2868 997 ἀπὸ
2910 941 3029 996 τῶν
3071 941 3341 1010 περάτων
3380 943 3491 1012 τῆς
3530 945 3643 1014 γῆς

2061 1033 2318 1086 ἀκοῦσαι
2347 1031 2460 1102 τὴν
2474 1035 2700 1103 σοφίαν
2720 1033 3100 1104 Σολομῶνος·
3131 1034 3230 1088 καὶ
3275 1034 3402 1088 ἰδοὺ
3427 1037 3642 1091 πλεῖον

2063 1121 2416 1192 Σολομῶνος
2463 1123 2599 1188 ὦδε,
2618 1123 2716 1177 καὶ
2746 1126 2818 1178 οὐ
2851 1127 3184 1179 πιστεύετε.
3216 1126 3358 1197 Πρὸς
3389 1122 3444 1180 δὲ
3477 1127 3640 1196 252

2058 1212 2187 1276 τοὺς
2237 1207 2294 1266 ἐν
2348 1213 2429 1285 τῷ
2475 1212 2590 1285 λαῷ
2639 1213 2713 1286 μὴ
2759 1213 3008 1279 θέλοντας
3055 1216 3381 1286 μετανοῆσαι
3430 1217 3523 1269 ἐπὶ
3561 1215 3641 1287 τῷ

2060 1303 2375 1376 κηρύγματι
2403 1304 2568 1358 αὐτοῦ
2603 1301 2776 1360 εἶπεν·
2811 1305 3058 1374 ’Ἄνδρες
3088 1306 3383 1360 Νινευῐται
3405 1308 3451 1340 ⁸ο
3473 1307 3638 1376 ἐγερ-

2059 1394 2352 1463 θήσονται
2377 1397 2528 1467 μετὰ
2556 1396 2668 1474 τῆς
2700 1395 2911 1468 γενεᾶς
2942 1400 3182 1467 ταύτης,
3219 1398 3318 1453 καί
3365 1415 3638 1467 κατακρι-

2057 1487 2274 1544 νοῦσιν
2322 1490 2536 1557 αὐτὴν,
2580 1489 2669 1543 ὅτι
2714 1491 3084 1557 ἀκούσαντες
3126 1491 3505 1560 μετενόησαν
3552 1492 3641 1556 είς

2057 1581 2122 1634 τὸ
2149 1579 2421 1651 κήρυγμα
2453 1581 2637 1636 Ἰωνίῖο
2661 1580 2758 1635 καὶ
2783 1580 2911 1635 ὶδοὺ
2932 1581 3144 1635 πλεῖον
3166 1581 3300 1645 ὧδε,
3327 1582 3424 1636 καὶ
3443 1583 3640 1649 οὐδεὶς

2058 1673 2346 1726 πιστεύει.
2390 1674 2501 1727 Καὶ
2541 1672 2716 1736 οὕτως
2761 1674 2897 1746 πρὸς
2941 1676 3120 1728 πᾶσαν
3164 1674 3418 1727 ἀσέϐειαν
3459 1674 3638 1727 αὐτῶν

383 1761 438 1815 in
485 1773 610 1814 vera
659 1758 925 1828 religione
973 1761 1245 1813 bonorum
1301 1750 1526 1828 operum
1582 1761 1813 1829 aequalia
1845 1777 1952 1816 non

2058 1763 2446 1836 ἀντιπαραθεὶς
2487 1766 2614 1828 τοὺς
2661 1766 2768 1818 ἀπὸ
2807 1740 2918 1818 τῶν
2950 1764 3119 1819 ἐθνῶν
3156 1768 3199 1800 ⁹¹
3245 1766 3634 1837 πεποιηκότας,

382 1850 658 1908 faciebant
688 1851 1038 1914 errantibus,
1071 1850 1402 1904 admonebat
1442 1850 1720 1918 cordatos,
1755 1860 1813 1906 ut
1846 1867 1954 1908 non

381 1943 558 1998 solum
586 1943 884 2000 bonitatem
915 1942 1201 2014 gentilium
1234 1951 1518 2010 aequarent
1545 1942 1826 2012 operibus,
1859 1945 1956 2000 sed

381 2038 549 2094 etiam
601 2037 900 2092 vincerent.
935 2033 1067 2088 Mihi
1122 2041 1306 2088 autem
1364 2031 1522 2086 fluxit
1581 2033 1668 2088 hic
1722 2049 1951 2103 sermo,

381 2135 673 2192 occasione
722 2140 946 2202 accepta
985 2147 1050 2185 ex
1098 2144 1164 2185 eo
1198 2169 1218 2194 ,
1264 2132 1412 2200 quod
1459 2137 1676 2198 oportet
1737 2144 1956 2186 servare

377 2237 594 2297 tempus
653 2223 994 2296 purgationis
1043 2229 1099 2276 et
1149 2229 1271 2291 post
1325 2219 1680 2274 concubitum
1747 2235 1951 2290 corpus

378 2322 619 2384 abluere,
652 2333 753 2374 nec
795 2315 1022 2371 inﬁciari
1061 2314 1204 2368 hanc
1249 2312 1659 2378 castimoniam,
1709 2312 1833 2368 licet
1859 2314 1952 2383 qui

379 2432 409 2470 a
434 2415 661 2469 veritate
709 2410 986 2474 aberrant,
1026 2408 1172 2462 illam
1210 2416 1587 2476 exsequantur
1638 2419 1653 2458 :
1697 2407 1952 2476 quando-

377 2503 596 2575 quidem
627 2503 721 2573 qui
748 2501 802 2556 in
838 2515 1027 2556 errore
1053 2499 1190 2553 bene
1221 2505 1406 2568 agunt,
1439 2504 1494 2552 et
1518 2497 1954 2566 veraireligionis

377 2596 627 2652 homines
659 2593 1049 2654 condemnant,
1096 2599 1151 2645 et
1189 2604 1300 2643 non
1351 2589 1653 2653 salvantur,
1691 2590 1819 2657 quia
1860 2604 1955 2644 ca-

377 2687 615 2742 stitatem
654 2683 842 2738 colunt
871 2691 1090 2751 propter
1134 2693 1398 2744 errorem,
1428 2692 1540 2732 non
1573 2693 1704 2733 vero
1734 2689 1954 2748 prepter

377 2780 631 2851 pietatem
663 2775 720 2831 in
753 2790 940 2830 verum
964 2772 1181 2826 Patrem
1205 2785 1270 2826 ac
1299 2770 1468 2826 Deum
1495 2777 1842 2826 cunctorum.
1925 2789 1935 2799 ·

443 2957 688 3016 XXXIV.
727 2953 886 3023 Quod
925 2967 1052 3008 cum
1097 2950 1354 3015 dixisset,
1395 2947 1584 3004 turbas
1621 2947 1852 3016 dimisit,
1895 2957 1950 3004 et

375 3072 443 3112 ex
482 3067 638 3108 more
676 3061 802 3106 cum
854 3043 1218 3102 familiaribus
1264 3043 1389 3097 cibo
1441 3049 1661 3111 sumpto
1719 3041 1944 3111 quievit.

376 3145 454 3202 Ita
486 3159 615 3216 ergo
655 3140 862 3197 faciens
895 3150 948 3193 et
977 3135 1221 3207 quotidie
1260 3133 1564 3201 disserens,
1601 3134 1948 3191 accessiones

379 3238 566 3294 firmas
615 3234 716 3304 legi
749 3230 842 3286 Dei
876 3227 1126 3291 adduxit,
1158 3232 1376 3295 putatos
1414 3224 1547 3278 deos
1580 3238 1706 3278 cum
1743 3224 1948 3280 credita

377 3327 558 3400 genesi
587 3323 900 3388 confutans,
934 3319 1337 3388 ostendensque
1380 3318 1729 3372 temerarium
1763 3334 1948 3374 rerum

376 3437 564 3477 casum
596 3426 940 3489 nequaquam
965 3429 1108 3481 esse,
1139 3413 1234 3469 sed
1261 3412 1526 3468 mundum
1557 3425 1624 3467 ex
1653 3409 1951 3468 Providen-

375 3517 448 3572 tia
475 3511 790 3586 gubernari.

447 3684 666 3743 XXXV.
725 3682 1022 3755 Completls
1077 3697 1209 3753 ergo
1263 3682 1439 3739 tribus
1472 3682 1774 3750 mensibus,
1823 3699 1948 3740 cum

375 3799 470 3854 per
499 3781 617 3835 dies
657 3778 920 3849 iussisset
969 3792 1055 3830 me
1101 3775 1380 3845 jojunare,
1413 3776 1621 3831 ducens
1671 3775 1736 3830 ad
1772 3775 1950 3833 fontes

376 3873 546 3928 maris
593 3870 806 3924 vicinos
847 3877 908 3923 ut
949 3867 1004 3921 in
1048 3867 1272 3936 perenni
1322 3882 1464 3939 aqua
1508 3868 1822 3938 baptizavit.
1859 3868 1952 3926 Sic

377 3965 547 4033 igitur
594 3960 856 4014 fratribus
910 3958 1118 4012 nostris
1167 3955 1378 4012 feriatis
1416 3973 1482 4012 ac
1520 3957 1656 4013 Iaztis
1677 3974 1782 4029 pro
1815 3959 1949 4014 mihi

376 4070 406 4108 a
438 4051 550 4104 Deo
579 4063 840 4102 concessa
883 4045 1123 4102 secunda
1174 4045 1486 4110 nativitate,
1533 4046 1730 4103 Petrus
1762 4051 1951 4119 paucis

377 4152 503 4214 post
546 4143 744 4199 diebus
774 4153 1078 4195 conversus
1104 4137 1170 4191 ad
1203 4138 1551 4210 presbyteros
1581 4154 1768 4194 coram
1799 4141 1950 4194 omni

376 4238 620 4295 Ecclesia
666 4234 944 4306 praecepit,
967 4233 1197 4288 dicens:
1234 4230 1340 4298 Qui
1375 4231 1527 4286 misit
1562 4245 1664 4286 nos
1687 4231 1951 4290 Dominus

377 4341 563 4386 uoster
597 4337 659 4382 ειη
673 4326 958 4398 propheta,
997 4322 1241 4378 narravit
1276 4321 1454 4389 nobis,
1486 4321 1948 4391 quemadmodum

2055 1852 2135 1914 είς
2166 1853 2493 1925 κατάκρισιν
2523 1851 2631 1906 τῶν
2664 1855 2721 1906 ἐν
2753 1852 3032 1926 θεοσεϐείᾳ
3066 1855 3208 1926 μηδὲι
3233 1855 3294 1908 τὸ
3329 1857 3439 1908 ἴσον
3474 1856 3636 1910 καλὸν

2053 1945 2166 2005 τοῖς
2199 1942 2631 2014 πεπλανημένοις
2665 1945 3060 2017 πεποιηκότων,
3106 1946 3233 2008 τοὺς
3284 1945 3504 2016 ἔχοντας
3545 1946 3635 2000 λο-

2053 2035 2249 2106 γισμὸν
2283 2035 2571 2100 ἐνουθέτει,
2604 2037 2678 2107 μὴ
2715 2037 2873 2107 μόνον
2904 2024 3006 2090 ὅσα
3038 2040 3149 2101 τοῖς
3184 2037 3360 2092 ἔθνεσι
3393 2037 3461 2092 τὰ
3495 2039 3637 2094 καλά

2055 2125 2186 2188 ῐσως
2215 2129 2409 2190 ποιεῖν,
2443 2126 2579 2180 ἀλλά
2610 2127 2670 2180 τὸ
2703 2127 2908 2180 πλεῖον.
2950 2129 3006 2182 '0
3033 2127 3090 2180 δὲ
3122 2128 3277 2197 λόγος
3313 2147 3402 2200 μοι
3436 2131 3632 2202 ἐρρύη,

2053 2216 2325 2286 πρόφασιν
2355 2217 2534 2272 λαϐὼν
2565 2220 2629 2272 ἐκ
2659 2218 2754 2272 τοῦ
2785 2219 2894 2272 δεῖν
2929 2218 3218 2288 φυλάσσειν
3246 2220 3347 2292 τὴν
3379 2221 3630 2292 ἄφεδρον,

2052 2310 2147 2362 καὶ
2189 2309 2297 2364 ἀπὺ
2339 2311 2620 2375 κοινωνίας
2668 2309 3047 2382 βαπτίζεσθαι,
3093 2313 3168 2384 μὴ
3207 2312 3489 2385 ἀρνεῖσθαι
3533 2313 3632 2384 τὴν

2050 2402 2304 2476 τοιαύτην
2328 2404 2568 2473 ἁγνείαν,
2593 2403 2696 2459 κᾶν
2727 2405 2776 2457 οἱ
2816 2404 3218 2475 πεπλανημένοι
3252 2406 3419 2477 αὐτὴν
3453 2406 3630 2476 πράτ-

2051 2512 2214 2548 τωσιν
2244 2496 2310 2560 ⁹²,
2358 2496 2448 2549 ὅτε
2481 2497 2561 2561 εἰς
2594 2496 2918 2567 κατάκρισιν
2950 2495 3060 2550 τῶν
3092 2497 3150 2548 ἐν
3183 2495 3462 2568 θεοσεϐείᾳ
3491 2497 3630 2550 εἰσὶν

2051 2587 2099 2639 οἱ
2154 2586 2211 2638 ἐν
2267 2585 2445 2659 πλάνῃ
2495 2587 2776 2650 ποιοῦντες
2823 2585 3004 2650 καλῶς
3053 2586 3192 2658 μετὰ
3223 2588 3316 2642 τοῦ
3352 2589 3427 2660 μὴ
3462 2588 3629 2654 σώζε-

2054 2676 2210 2730 σθαι’
2246 2677 2328 2730 ὅτι
2377 2680 2409 2749 ἡ
2458 2679 2591 2749 τιμὴ
2623 2678 2724 2748 τῆς
2756 2677 2979 2746 ἁγνείας
3010 2677 3189 2730 αὐτῶν
3230 2679 3345 2732 ἐστι
3396 2679 3482 2732 διὰ
3531 2680 3632 2752 τὴν

2052 2767 2279 2838 πλάνην,
2313 2769 2408 2820 καὶ
2437 2768 2498 2820 οὺ
2531 2767 2621 2821 διά
2651 2767 2943 2840 θρησκείαν
2973 2767 3067 2820 τοῦ
3095 2766 3263 2834 ὅντως
3295 2769 3504 2842 Πατρὸς
3536 2773 3631 2825 καὶ

2051 2859 2187 2913 Θεοῦ
2218 2859 2327 2913 τῶν
2358 2859 2514 2913 ὅλων.

2121 2950 2578 3007 ΧΧΧΙν.’Τοῦτο
2625 2950 2681 3004 δέ
2729 2948 2922 3016 εἰπὼν,
2957 2951 3193 3005 ἀπέλυσε
3241 2952 3366 3016 τοὺς
3418 2952 3630 3025 ὄχλους,

2051 3046 2147 3100 καὶ
2189 3043 2431 3117 συνήθως
2474 3043 2616 3098 ἀλῶν
2665 3045 2760 3097 σὺν
2808 3047 2922 3108 τοῖς
2980 3044 3251 3114 φιλτάτοις
3287 3046 3624 3116 μεταλαϐὼν,

2049 3138 2344 3210 ἡσύχασεν.
2401 3135 2586 3200 Οὕτως
2615 3131 2708 3189 οὖν
2743 3136 2911 3190 ποιῶν
2953 3138 3047 3190 καὶ
3077 3136 3454 3208 διαλεγόμενος
3497 3139 3629 3193 ἐκά-

2052 3245 2228 3295 στοτε,
2263 3225 2624 3301 προσαγωγὰς
2809 3226 2950 3279 κατά
2987 3225 3047 3279 τὸ
3079 3227 3293 3298 βέϐαιον
3327 3228 3631 3301 προσέφερε

2050 3321 2129 3393 τῷ
2162 3319 2256 3376 τοῦ
2295 3318 2428 3373 Θεοῦ
2462 3319 2632 3391 νόμῳ,
2664 3320 2790 3384 τοὺς
2823 3318 3208 3391 νομιζομένους
3245 3320 3382 3391 μετά
3408 3323 3507 3393 τῆς
3541 3340 3630 3375 νο-

2054 3414 2352 3488 μιζομένης
2388 3413 2652 3483 γενέσεως
2695 3412 2951 3483 ἐλέγχων,
2987 3415 3082 3467 καὶ
3112 3415 3194 3467 ὄτι
3228 3417 3631 3488 αύτοματισμὸς

2055 3509 2153 3580 μὲν
2187 3508 2287 3561 οὐκ
2327 3507 2493 3571 ἔστιν,
2523 3505 2661 3562 ἀλλά
2691 3505 2834 3560 κατά
2861 3506 3122 3579 Πρόνοιαν
3149 3508 3428 3563 διοικεῖται
3467 3511 3497 3564 ό
3539 3511 3632 3563 κό-

2053 3615 2210 3668 σμος.

2123 3685 2341 3742 χχχν.
2381 3685 2560 3759 Τριῶν
2592 3679 2694 3740 ὀὖν
2733 3685 2916 3758 μηνῶν
2949 3687 3362 3758 πληρωθέντων,
3400 3689 3628 3761 νηστεῦ-

2056 3781 2146 3834 σαί
2185 3797 2275 3852 μοι
2308 3765 2568 3842 κελεύσας
2599 3779 2843 3851 ἡμερῶν,
2878 3780 3038 3852 253
3059 3780 3282 3850 ἀγαγών
3319 3799 3385 3853 με
3419 3784 3499 3846 εἰς
3529 3782 3630 3846 τάς

2051 3872 2108 3925 ἐν
2138 3874 2204 3943 τῇ
2251 3870 2495 3945 θαλάσσῃ
2540 3869 2768 3942 πλησίον
2809 3869 2974 3935 οὔσας
3026 3872 3228 3945 πηγὰς,
3277 3873 3354 3937 ὡς
3394 3874 3473 3936 είς
3503 3874 3629 3927 ἀέν-

2049 3981 2175 4019 ναον
2207 3964 2253 3995 ⁸³
2288 3963 2580 4017 ἐϐάπτισεν
2623 3961 2788 4035 ὕδωρ.
2856 3962 3044 4028 Οὕτως
3099 3961 3192 4020 οὖν
3245 3966 3630 4038 εὐωχηθέντων

2049 4056 2159 4110 τῶν
2195 4055 2439 4125 ἀδελφῶν
2470 4056 2627 4128 ἡμῶν
2667 4056 2760 4109 ἐπὶ
2797 4058 2865 4129 τῇ
2901 4056 3217 4130 θεοδωρήτῳ
3267 4077 3366 4130 μου
3401 4060 3630 4128 ἀναγεν-

2049 4149 2231 4220 νήσει,
2283 4149 2399 4218 μετ’
2449 4148 2511 4200 οὐ
2564 4146 2766 4210 πολλὰς
2811 4147 3029 4220 ἡμέρας
3076 4153 3190 4213 τοῖς
3235 4150 3630 4223 πρεσϐυτέροις

2050 4238 2393 4310 ἐπιστρέφων
2435 4238 2530 4293 ἐπὶ
2570 4238 2754 4310 πάσης
2801 4238 2904 4309 τῆς
2963 4241 3288 4313 Ἐκκλησίας
3330 4242 3630 4297 ἐνετείλατο

2050 4330 2252 4400 λέγων·
2299 4331 2357 4385 '0
2395 4329 2722 4393 ἀποστείλας
2753 4332 2901 4401 ἡμᾶς
2931 4332 3135 4404 Κύριος
3165 4333 3323 4405 ήμῶν
3362 4335 3457 4388 καὶ
3491 4353 3628 4408 προ-

376 4425 630 4480 diabolus
675 4420 1037 4491 quadraginta
1084 4416 1279 4471 diebus
1329 4430 1457 4470 cum
1509 4431 1576 4469 eo
1621 4417 1946 4486 collocutus,

2055 4425 2228 4496 φήτης
2258 4424 2574 4496 ὑφηγήσατο
2600 4426 2754 4496 ἡμῖν,
2776 4425 2851 4488 ὡς
2877 4427 2905 4477 ὁ
2942 4426 3176 4496 πονηρὸς
3222 4426 3630 4498 τεσσαράκοντα

379 4517 622 4586 nihilque
659 4520 851 4568 contra
879 4510 1088 4576 valens,
1113 4507 1429 4578 promiserit
1448 4524 1508 4563 se
1527 4523 1593 4563 ex
1625 4509 1739 4564 suis
1765 4520 1946 4566 secta-

2055 4518 2271 4588 ήμέρας
2314 4516 2612 4586 διαλεχθεὶς
2657 4516 2806 4586 αὐτῷ
2853 4517 2945 4569 καὶ
3002 4517 3167 4588 μηδὲν
3211 4517 3459 4588 δυνηθεὶς
3494 4517 3630 4589 πρὸς

379 4610 590 4666 toribus
625 4603 903 4676 apostolos
955 4601 1023 4656 ad
1080 4599 1330 4654 fraudem
1395 4598 1700 4656 faciendam
1747 4602 1951 4659 missu-

379 4721 523 4760 rum.
558 4701 741 4770 Quare
769 4705 895 4752 ante
915 4693 1100 4749 omnia
1134 4706 1408 4747 memores
1432 4702 1606 4748 estote
1633 4693 1784 4748 illum
1817 4710 1950 4766 apo-

379 4797 580 4853 stolum
625 4793 711 4848 vel
745 4791 1068 4860 magistrum
1117 4785 1201 4840 vel
1241 4785 1567 4854 prophetam
1613 4786 1823 4858 fugere,
1851 4787 1948 4858 qui

449 4939 476 4968 ι
513 4923 703 4980 Matth.
741 4937 840 4989 xu,
875 4920 965 4976 42.
1067 4919 1094 4959 δ
1133 4916 1267 4974 Luc.
1298 4933 1373 4983 ιι,
1398 4917 1488 4972 52.

2054 4610 2234 4674 αὑτὸν,
2269 4610 2332 4662 ἐκ
2359 4607 2468 4662 τῶν
2497 4607 2663 4661 αὑτοῦ
2716 4607 2966 4678 ἐπηκόων
2996 4609 3040 4640 ’⁵
3096 4609 3460 4680 ἐπηγγέλλετο
3494 4609 3632 4680 πρὸς

2053 4700 2266 4770 ἀπάτην
2294 4698 2622 4762 ἀποστόλους
2654 4697 2885 4768 πέμψαι.
2918 4697 3008 4751 Διὸ
3035 4698 3142 4770 πρὸ
3173 4697 3388 4764 πάντων
3426 4696 3634 4768 μέμνη-

2053 4789 2144 4843 σθε
2179 4788 2474 4842 ἀπόστολον
2507 4788 2554 4820 ³⁸
2586 4788 2620 4860 ἢ
2653 4787 2971 4842 διδάσκαλον
3015 4787 3049 4860 ἢ
3088 4788 3372 4860 προφήτην
3411 4785 3633 4856 φεύγειν

1620 5087 1622 5089 ’
1722 5101 1956 5158 nam
1997 5102 2397 5160 LECTIONES.

447 5220 494 5254 so
519 5211 735 5264 δτιοηι,
765 5203 829 5259 Ο,
903 5201 1210 5259 οοΝινευῖτα
1299 5194 1364 5250 Ο.
1442 5195 1487 5232 οι
1535 5193 1664 5264 Post
1713 5194 1883 5249 ἐθνῶν
1953 5199 2260 5252 addendum
2319 5196 2443 5250 fort.
2499 5189 2559 5250 εὖ
2618 5193 2704 5248 vel
2757 5191 2938 5264 καλῶς
2968 5197 3110 5264 _post
3149 5189 3516 5264 πεποιηκότας

380 5286 425 5356 [ξ
449 5282 754 5356 πράττωσιν
785 5276 824 5330 S
863 5272 917 5356 ,Ο
945 5311 960 5336 ,
992 5271 1320 5348 πράττουσιν

1529 5264 1576 5298 ⁸³
1605 5263 1682 5317 Ita
1730 5264 1774 5318 Ο
1827 5282 1879 5321 c.
1935 5268 1974 5323 S
2004 5310 2018 5333 ,
2046 5269 2238 5322 ἀέναον
2257 5265 2317 5322 C.

2420 5273 2468 5304 ⁸⁵
2519 5265 2650 5331 Leg.
2683 5263 2938 5331 ὑπηκόων
2964 5256 3022 5314 S.
3046 5329 3064 5331 _
3121 5268 3170 5331 ρ
3199 5256 3529 5331 ἀποστόλους
3557 5256 3624 5331 Ο.

380 5328 745 5407 rdiﬁaﬁidi
779 5328 997 5416 φεύγειν
1035 5328 1112 5397 'ex
1175 5338 1511 5409 conjectura,
1562 5333 1926 5407 insoripsique
1975 5328 2184 5394 lacuna
2228 5340 2284 5393 in
2423 5328 2746 5391 obvim—voc.
2779 5328 3088 5405 Ῐὰκριϐῶς].
3121 5329 3349 5387 TacetC.
3403 5328 3470 5383 de
3498 5329 3622 5385 cod.

378 5418 695 5479 l‘arisiensi.

1715 5495 2078 5553 VARIORUM
2116 5491 2348 5550 ΝΟΤΑΞ.
3239 5551 3241 5553 ι

451 5605 564 5675 (5t)
603 5600 996 5675 ppoo'amdg
1055 5595 1442 5675 προσέφερεν.
1497 5589 1578 5644 Ad
1604 5591 1839 5675 verbum
1856 5592 1936 5648 sic
2041 5607 2164 5675 rum
2197 5581 2748 5675 divingrevelationi
2788 5596 2856 5637 ex
2897 5581 3087 5638 animo
3123 5579 3411 5638 crederent
3445 5592 3500 5638 et
3525 5583 3625 5638 ad-

381 5662 564 5730 τεειῖιεῖ
593 5662 926 5740 Βῖυίηωίεάί
955 5662 1390 5744 [irindsadduxit
1433 5664 1794 5744 accessiones;
1828 5662 1931 5744 hoc

379 5758 484 5816 est,
525 5745 774 5800 homines
811 5739 1101 5796 nonnullos
1146 5739 1219 5792 ita
1250 5739 1536 5801 convertit,
1580 5745 1637 5790 ut
1669 5739 1720 5788 in
1754 5741 1935 5804 poste-

2041 5662 2330 5718 haarereut.
2359 5657 2548 5711 Davrs.
