4082 6160
412 303 515 359 301

1480 291 1942 352 CLEMENTINA.
1972 321 2038 332 —-
2070 289 2355 348 IIOMILIA
2390 291 2504 347 XII.

3558 296 3664 354 502

417 423 492 497 μὴ
547 420 812 494 πρότερον
866 419 1198 495 [ἀκριϐῶς]
1248 416 1632 473 ἀντιϐάλλοντα
1699 414 1864 470 αὐτού
1930 412 1992 466 τὸ

2093 426 2203 480 non
2235 413 2388 483 prius
2416 412 2857 484 praedicationem
2907 428 3064 470 suam
3106 412 3526 484 doctrinamque
3573 429 3665 470 ac-

413 513 676 585 κήρυγμα
720 512 959 584 Ἰακώϐῳ
991 513 1068 583 τῷ
1097 512 1339 584 λεχθέντι
1401 511 1613 583 ἀδελφῷ
1666 509 1758 563 τοῦ
1784 509 1988 581 Κυρίου

417 619 516 674 μου
545 601 640 655 καὶ
671 601 1087 674 πεπιστευμένῳ
1118 604 1175 655 ἐν
1216 600 1570 674 Ἰερουσαλὴμ
1599 599 1697 672 τὴν
1725 598 1990 669 Ἑϐραίων

411 692 616 746 διέπειν
659 692 1007 764 Ἐκκλησίαν,
1042 689 1135 746 καὶ
1168 691 1306 764 μετὰ
1336 691 1381 722 ⁵⁸
1401 690 1693 762 μαρτύρων
1728 687 1992 761 προσελη-

412 783 612 836 λυθότα
672 784 808 854 πρὸς
859 784 1022 856 ὑμᾶς,
1080 783 1168 838 ἵνα
1229 782 1304 855 μὴ
1352 781 1585 855 ἡκακία
1627 781 1769 852 ήτῷ
1802 779 1992 852 Κυρίῳ

415 873 896 946 προσδιαλεχθεῖσα
948 874 993 906 ⁸⁷
1055 874 1271 946 ἡμέρας
1330 872 1761 945 τεσσαράκοντα,
1829 869 1992 942 μηδὲν

413 963 718 1034 δυνηθεῖσα,
751 962 997 1036 ὕστερον,
1039 964 1114 1028 ὡς
1141 963 1396 1035 ἀστραπὴ
1425 962 1484 1029 ἐξ
1503 960 1733 1033 ούρανοῦ
1766 961 1859 1013 ἐπὶ
1889 960 1992 1030 γῆς

414 1053 675 1118 πεσοῦσα,
713 1053 832 1106 καθ’
865 1052 1018 1123 ὑμῶν
1049 1053 1308 1128 ἐκπέμψῃ
1335 1053 1575 1124 κήρυκα,
1594 1052 1669 1115 ὡς
1689 1048 1840 1104 ούν⁹⁸
1859 1052 1991 1121 ἡμῖν

413 1145 504 1198 τὸν
525 1145 742 1217 Σίμωνα
763 1145 1001 1199 ὑπέϐαλε
1027 1146 1296 1218 προφάσει
1319 1143 1576 1215 ἀληθείας
1594 1145 1679 1197 ἐπ’
1703 1143 1926 1214 ὀνόματι
1946 1143 1991 1175 ⁹⁹

412 1238 507 1292 τοῦ
542 1239 750 1308 Κυρίου
799 1237 953 1310 ὑμῶν
996 1237 1369 1309 κηρύσσοντα,
1419 1237 1625 1308 πλάνην
1670 1253 1730 1290 τε
1779 1234 1993 1290 ἐνσπεί-

417 1346 577 1401 ροντα
601 1328 687 1381 ⁸⁸⁸.
732 1323 806 1382 Ub
836 1329 996 1399 χάριν
1023 1329 1050 1381 ό
1072 1327 1396 1392 ἀποστείλας
1426 1330 1574 1400 ἡμᾶς
1606 1327 1738 1399 ἔφη·
1767 1323 1994 1380 Πολλοί

411 1421 766 1474 ἐλεύσονται
789 1419 939 1487 πρός
949 1435 1027 1488 με
1047 1417 1116 1471 ἐν
1137 1418 1429 1489 ἐνδύμασι
1447 1419 1463 1448 ¹
1484 1417 1646 1490 254
1665 1414 1991 1486 προϐάτιιηλ,

409 1513 641 1567 ἔσωθεν
670 1510 739 1565 δέ
771 1513 889 1565 εἱσι
917 1512 1089 1564 λύκοι
1118 1510 1381 1580 ἅρπαγες
1412 1526 1426 1541 ·
1456 1510 1573 1565 ἀπὸ
1603 1509 1722 1565 τῶν
1751 1509 1996 1580 καρπῶν

411 1603 610 1658 αὐτῶν
633 1603 1037 1673 ἐπιγνώσεσθε
1066 1603 1088 1635 ⁸
1114 1603 1356 1668 αὐτούς.

483 1718 727 1775 XXXVI.
761 1719 872 1774 Καὶ
898 1718 1070 1772 ταῦτα
1090 1718 1259 1772 εἰπὼν
1285 1711 1428 1782 τοὺς
1443 1717 1544 1789 μὲν
1584 1715 1947 1790 προπομποὺς
1971 1716 1992 1748 ⁸
2025 1751 2066 1807 Β

413 1812 721 1882 ἐξέπεμψεν
756 1812 837 1874 είς
879 1810 1204 1880 Ἀντιόχειαν
1231 1810 1329 1880 τῆς
1357 1809 1572 1882 Συρίας,
1598 1810 1714 1863 ἐκεῖ
1743 1808 1840 1880 τὴν
1869 1809 1996 1862 ἐπο-

417 1905 585 1978 μένην
614 1904 891 1976 ἐπιμὲνειν
925 1903 1114 1958 εἰπών.
1147 1904 1268 1958 Τῶν
1304 1899 1398 1958 οὖν
1440 1904 1811 1978 πορευθέντων
1839 1905 1994 1958 όΠέ-

410 2014 542 2070 τρος
561 1996 770 2050 πολλῶν
793 1996 1175 2067 πεπεισμένων
1196 1997 1368 2067 ὄχλων
1399 1997 1588 2060 νόσους
1610 2035 1626 2061 ,
1664 1997 1834 2078 πάθη,
1881 1996 1995 2051 δαί-

415 2106 584 2161 μονας
616 2088 926 2152 ἀπελάσας,
963 2089 1057 2142 καὶ
1085 2089 1166 2153 εἰς
1196 2089 1296 2153 τὰς
1343 2089 1401 2143 ἐν
1421 2093 1488 2162 τῇ
1519 2089 1541 2121 ⁸
1565 2089 1808 2164 θαλάσσῃ
1855 2089 1994 2162 πλη-

415 2183 530 2237 σίον
549 2181 713 2246 οὔσας
733 2184 915 2254 πηγὰς
931 2182 1215 2253 βαπτίσας,
1241 2182 1335 2236 καὶ
1360 2182 1708 2254 εὐχαριστίαν
1728 2182 1933 2244 κλάσας
1948 2183 1991 2248 ⁵,

412 2273 706 2347 Μαροὸνην
719 2275 811 2328 τὸν
836 2273 1236 2345 ἀποδεξάμενον
1263 2274 1446 2338 αὑτὸν,
1464 2275 1563 2347 ἤδη
1585 2275 1770 2330 λοιπὸν
1790 2275 1994 2331 τέλειον

411 2368 564 2430 ὂντα,
597 2366 896 2420 ἐπίσκοπον
941 2367 1286 2438 καταστήσας
1323 2366 1418 2421 καὶ
1457 2366 1862 2440 πρεσϐυτέρους
1889 2367 1994 2422 δὼ-

414 2460 551 2513 δεκα
573 2458 758 2531 ὁρίσας
794 2460 888 2513 καὶ
922 2458 1199 2521 διακόνους
1228 2456 1409 2524 δείξας
1451 2461 1545 2513 καὶ
1570 2460 1773 2533 χηρικὰ
1799 2477 1996 2532 συστη-

418 2553 675 2622 σάμενος,
712 2551 854 2622 ὑπέρ
875 2567 934 2606 τε
963 2550 1058 2604 τοῦ
1097 2551 1278 2604 κοινοῦ
1310 2552 1405 2606 καὶ
1434 2551 1454 2582 ⁸
1484 2552 1853 2624 συμφέροντος
1892 2553 1996 2625 τῆς

429 2643 755 2715 Ἐκκλησίας
778 2646 844 2715 τῇ
864 2642 1016 2708 τάξει
1038 2643 1462 2716 προσομιλήσας,
1486 2643 1580 2696 καὶ
1608 2643 1687 2715 τῷ
1714 2646 1994 2717 ἐπισκόπῳ

413 2735 678 2808 Μαροόνῃ
716 2734 998 2789 πείθεσθαι
1030 2734 1460 2806 συμϐουλεύσας,
1490 2736 1592 2807 ἥδη
1612 2737 1780 2807 τριῶν
1810 2738 1994 2810 μηνῶν

413 2829 812 2902 πληρωθέντων
833 2832 945 2893 τοῖς
972 2830 1032 2882 ἐν
1050 2829 1306 2900 Τριπόλει
1329 2829 1428 2901 τῆς
1445 2829 1696 2900 Φοινίκης
1721 2831 1994 2897 ἀποταξά-

415 2936 600 2991 μενος,
632 2921 732 2993 τὴν
779 2921 872 2975 ἐπὶ
927 2920 1258 2992 Ἀντιόχειαν
1308 2921 1409 2992 τῆς
1459 2922 1657 2994 Συρίας
1704 2923 1994 2996 ἐπορεύετο

409 3012 554 3076 ὁδὸν,
591 3013 811 3067 πάντων
843 3015 993 3086 ἡμᾶς
1021 3013 1456 3088 προπεμπόντων
1485 3014 1624 3085 μετὰ
1654 3015 1756 3086 τῆς
1783 3033 1990 3088 προση-

412 3105 621 3178 κούσης
649 3105 817 3179 τιμῆς
839 3108 884 3161 ⁷.

998 3286 1261 3351 ὈΜῙΛΙΑ
1295 3297 1396 3352 IB'.

480 3383 528 3440 1.
553 3381 948 3450 Ἐκϐἀντεςοῦν
960 3388 1058 3462 τὴν
1079 3388 1342 3460 Τρίπολιν
1374 3392 1475 3463 τῆς
1502 3391 1775 3464 Φοινίκης,
1806 3392 1882 3457 ὡς
1900 3391 1993 3447 ἐπὶ

421 3469 756 3548 Ἀντιόχειαν
782 3478 884 3549 τῆς
905 3479 1103 3552 Συρίας
1134 3480 1327 3547 ἐλθεῖν,
1360 3483 1529 3555 αὐτῆς
1557 3484 1769 3555 ἡμέρας
1801 3487 1858 3538 ἐν
1875 3486 1995 3557 Ὀρ-

413 3571 594 3642 θωσίᾳ
614 3570 914 3642 ἐμείναμεν
951 3571 1213 3637 ἐλθόντες.
1249 3575 1359 3628 Καὶ
1380 3573 1540 3645 255
1569 3575 1657 3629 διὰ
1686 3576 1746 3629 τὺ
1767 3575 1994 3648 πλησίον

408 3659 554 3717 εἶναι
584 3656 653 3733 ἦς
687 3661 986 3734 ἐξήλθομεν
1023 3663 1252 3730 πόλεως,
1283 3667 1502 3722 πάντων
1531 3667 1720 3739 σχεδὸν
1747 3685 1992 3740 προακη-

409 3755 620 3808 κοότων
645 3755 739 3809 τοῦ
762 3757 1136 3829 κηρύγματος,
1156 3760 1284 3831 μιᾶς
1304 3761 1515 3832 ἡμέρας
1549 3763 1666 3814 ἐκεῖ
1691 3760 1988 3832 μείναντες,

409 3847 712 3918 ἀπήραμεν
740 3849 820 3913 εἰς
855 3849 1177 3922 ’Δντάραδον
1205 3850 1246 3904 ⁸.
1279 3851 1497 3906 Πολλῶν
1525 3852 1582 3906 δὲ
1611 3853 1721 3907 τῶν
1762 3853 1993 3908 συνοδοι-

409 3937 724 4010 πορούντων
746 3941 876 4010 ἡμῖν
913 3942 1103 4007 ὄντων,
1134 3944 1163 3997 ό
1195 3944 1400 4016 Πέτρος
1422 3944 1640 4019 Νικήτῃ
1662 3946 1758 3999 καὶ
1794 3945 1992 4018 Ἀκύλᾳ

410 4032 752 4104 προσωμίλει
775 4031 976 4102 λέγων·
1036 4035 1252 4108 Ἐπειδὴ
1278 4035 1444 4100 πολὺς
1493 4037 1648 4108 ὄχλος
1687 4039 1797 4093 τῶν
1835 4056 1990 4093 συνο-

407 4122 808 4194 δοιπορούντων
845 4127 906 4180 ού
946 4115 1152 4200 μικρὸν
1185 4129 1377 4199 φθόνον
1407 4132 1539 4202 ἡμῖν
1571 4131 1798 4186 εἰσιοῦσι
1853 4132 1991 4187 κατὰ

408 4215 568 4270 πόλιν
602 4219 937 4285 ἐπισπᾶται,
978 4221 1290 4290 ἀναγκαίως
1335 4223 1654 4295 ἐσκεψάμην
1683 4225 1988 4302 φροντίσαι,

409 4309 531 4372 πῶς
560 4311 699 4380 μήτε
725 4306 868 4365 οὗτοι
897 4312 1175 4384 λυπηθῶσι
1201 4313 1532 4378 κωλυθέντες
1561 4319 1796 4371 συνεῖναι
1837 4317 1988 4389 ἡμῖν,

411 4403 552 4475 μήτε
580 4406 763 4474 ἡμεῖς,
791 4405 1444 4478 περίϐλεπτοι-γινόμενοι,
1477 4408 1655 4480 φθόνῳ
1680 4409 1757 4482 τῷ
1768 4410 1868 4482 τῆς
1894 4429 1990 4465 κα-
2021 4428 2064 4482 ι)

408 4494 535 4559 κίας
563 4494 945 4568 ύποπέσωμεν.
978 4498 1180 4554 Τούτου
1200 4499 1384 4554 ἕνεκεν
1405 4499 1661 4574 βούλομαί
1687 4519 1746 4556 σε
1773 4502 1865 4556 τὸν
1886 4504 1984 4557 Νι-

407 4589 585 4659 κήτην
617 4589 709 4642 καί
749 4589 976 4644 Ἀκύλαν
996 4590 1304 4663 προοδεύειν
1331 4610 1432 4663 μου
1475 4594 1615 4648 κατὰ
1667 4597 1985 4670 συστήματα

405 4678 503 4732 δύο
539 4680 836 4752 σποράδην,
862 4682 1222 4752 μανθάνοντες
1247 4684 1269 4716 ⁹
1299 4684 1397 4749 τὰς
1422 4686 1530 4741 τῶν
1551 4686 1719 4743 ἐθνῶν
1743 4690 1989 4762 εἰσέρχε-

409 4772 538 4826 σθαι
554 4772 757 4836 πόλεις.

479 4865 550 4917 Π.
586 4859 716 4916 Οἶδα
746 4863 803 4916 δὲ
835 4864 917 4917 ὅτι
943 4865 1222 4938 ἀθυμεῖτε,
1254 4866 1414 4922 τοῦτο
1456 4873 1628 4926 ποιεῖν
1665 4874 1986 4945 ἀκηκοότες,

479 5010 508 5040 ι
549 4995 745 5056 Matth.
779 5014 876 5067 vn,
905 5000 990 5056 15.

2091 513 2283 561 curate
2326 505 2619 561 contulerit
2665 521 2792 561 cum
2833 504 3063 573 Jacobo,
3096 507 3246 561 dicto
3292 505 3509 566 Domini
3560 508 3666 563 mei

2093 591 2282 658 fratre,
2315 595 2405 649 cui
2441 595 2711 650 creditum
2751 604 2836 652 est
2861 595 3118 652 Ecclesia:
3148 595 3499 653 llebrmorum
3543 595 3667 652 Hie-

2093 682 2500 752 rosolymitana:
2528 683 2798 755 regimen,
2828 699 2930 740 nec
2957 685 3026 739 ad
3057 699 3154 740 vos
3189 687 3398 741 venerit
3421 703 3544 742 Cllm
3582 696 3664 741 te-

2093 773 2288 828 stibus.
2347 772 2426 854 Ne
2475 773 2617 831 forte
2663 777 2892 840 malitia,
2946 792 3069 848 quae
3125 793 3248 832 cum
3284 778 3517 835 Domino
3569 797 3668 850 per

2092 864 2452 935 quadraginta
2487 866 2605 922 dies
2631 868 2976 938 disceptavit,
3009 884 3109 924 nec
3137 870 3434 940 quidquam
3465 872 3662 942 potuit,

2093 953 2348 1026 deinceps
2383 955 2530 1012 velut
2576 958 2756 1030 fulgur
2815 976 2846 1015 e
2895 961 3038 1016 coelo
3103 962 3166 1015 in‘
3217 969 3392 1017 terras
3445 963 3664 1032 delapsa

2093 1059 2285 1102 contra
2313 1065 2412 1105 vos
2441 1051 2624 1105 mittat
2660 1067 3005 1120 praeconem,
3046 1053 3195 1108 sicut
3228 1053 3388 1108 nobis
3437 1054 3667 1109 immisit

2096 1138 2405 1207 Simonem,
2456 1151 2718 1211 praetextu
2767 1142 3013 1200 veritatis
3069 1145 3126 1199 in
3184 1145 3403 1200 nomine
3451 1144 3667 1200 Domini

2095 1232 2268 1286 nostri
2325 1233 2710 1303 praedicantem
2766 1243 2931 1305 atque
2985 1251 3230 1292 errorem
3278 1237 3662 1293 seminantem.

2094 1320 2212 1389 Qua
2246 1323 2314 1377 de
2346 1337 2514 1379 causa
2551 1325 2645 1394 qui
2684 1327 2836 1381 misit
2874 1342 2996 1394 nos,
3027 1327 3166 1382 dixit
3201 1343 3214 1379 :
3255 1328 3417 1383 Multi
3467 1332 3667 1384 venient

2095 1412 2345 1465 adversus
2400 1427 2480 1465 me
2541 1413 2598 1466 in
2661 1414 2982 1468 vestimentis
3049 1417 3224 1468 ovium
3265 1454 3281 1482 ,
3348 1417 3666 1471 intrinsecus

2095 1513 2272 1558 autem
2306 1513 2429 1559 sunt
2463 1504 2574 1574 lupi
2604 1521 2820 1577 rapaces
2841 1521 2861 1561 :
2889 1523 2923 1563 α
2955 1505 3218 1577 fructibus
3258 1525 3442 1564 eorum
3472 1526 3667 1582 cogno-

2095 1594 2250 1647 scetis
2277 1610 2364 1649 eos
2388 1607 2436 1650 ι.
2880 1603 2884 1608 ’
3629 1609 3631 1614 “

2111 1707 2141 1724 ⁸
2166 1705 2604 1780 XXXVI.Atque
2621 1710 2707 1768 his
2730 1709 3023 1776 dictis,eos
3039 1710 3132 1782 qui
3160 1712 3226 1768 ad
3250 1712 3665 1784 przecedcndum

2095 1798 2315 1856 fuerant
2337 1801 2601 1870 ordinati,
2646 1802 2699 1857 in
2728 1802 3081 1859 Antiochiam
3111 1803 3282 1876 Syriae
3336 1807 3550 1872 emisit,
3578 1808 3670 1879 jn-

2094 1892 2230 1948 bens
2276 1901 2339 1948 ut
2387 1893 2460 1948 ibi
2512 1903 2728 1964 tempus
2776 1905 3092 1952 secuturum
3145 1905 3545 1966 exspectarent.
3596 1897 3670 1955 Iis

2094 1985 2280 2056 itaque
2309 1983 2590 2055 profectis,
2629 1985 2822 2043 Petrus
2855 1986 3063 2059 ingenti
3087 1987 3371 2044 hominum
3415 1989 3667 2045 multitu-

2093 2075 2223 2131 dine
2250 2076 2318 2131 ad
2341 2075 2502 2131 ﬁdem
2538 2077 2796 2143 adducta,
2854 2079 3102 2148 morbos,
3149 2079 3523 2150 aegritudines,
3552 2081 3668 2138 da:-

2094 2185 2286 2226 mones
2312 2168 2541 2238 expulit,
2569 2169 2621 2224 in
2656 2171 2899 2227 fontibus
2933 2173 3103 2228 maris
3127 2171 3323 2229 vicinis
3353 2173 3666 2242 baptizavit,

2093 2265 2150 2313 et
2175 2259 2563 2318 eucharistiam
2589 2262 2747 2335 fregit
2766 2280 2782 2319 :
2799 2278 3035 2334 cumque
3055 2263 3368 2320 Maroonem
3397 2265 3665 2335 hospitem

2094 2367 2280 2417 suum,
2302 2351 2416 2423 jam
2443 2354 2670 2410 omnino
2692 2353 3017 2426 perfectum,
3046 2357 3099 2410 in
3123 2356 3438 2427 episcopum
3467 2358 3670 2412 consti-

2096 2441 2287 2497 tuisset
2307 2481 2322 2509 ,
2352 2441 2639 2499 duodecim
2670 2445 3018 2516 presbyteros
3043 2446 3381 2518 designasset
3403 2489 3417 2513 ,
3447 2447 3669 2502 fecisset

2093 2533 2374 2599 diaconos,
2404 2549 2526 2605 quae
2558 2535 2625 2590 ad
2657 2534 2908 2591 ordinem
2939 2536 3227 2592 viduarum
3256 2538 3530 2608 pertinent
3555 2548 3654 2594 sta-

2094 2626 2310 2692 tuisset,
2337 2643 2436 2697 pro
2464 2628 2744 2684 communi
2774 2629 2920 2685 bono
2941 2644 3006 2684 ac
3032 2628 3099 2685 de
3122 2643 3208 2694 eo,
3239 2631 3385 2701 quod
3409 2628 3666 2686 Ecclesia:

2094 2721 2274 2776 ordini
2323 2719 2684 2788 conducebat,
2711 2733 2857 2777 esset
2908 2721 3238 2788 collocutus,
3279 2732 3332 2778 et
3372 2723 3662 2779 consilium

2092 2814 2334 2870 dedisset
2365 2820 2426 2867 ut
2454 2812 2712 2884 episcopo
2738 2811 2983 2870 Μαι-οοηί
3006 2815 3310 2882 obedirent,
3338 2815 3451 2886 jam
3493 2819 3669 2872 tribus

2094 2904 2376 2960 mensibus
2406 2904 2714 2974 completis,
2748 2905 2865 2961 vale
2894 2907 3032 2963 dixit
3060 2907 3417 2978 Tripolitanis
3445 2908 3670 2966 Phemi-

2094 2989 2214 3061 ciae,
2236 3005 2292 3050 et
2319 2995 2422 3050 iter
2451 3011 2645 3052 versus
2669 2996 3019 3053 Antiochiam
3051 2996 3223 3070 Syrias
3249 2999 3530 3070 ingressus
3561 3009 3666 3068 cst,

2019 3090 2063 3150 C
2095 3086 2353 3143 omnibus
2395 3086 2581 3144 debito
2603 3101 2730 3144 cum
2759 3087 2970 3144 honore
3006 3104 3109 3145 nos
3141 3090 3557 3146 comitantibus.

2659 3271 2947 3328 HOMILIA
2985 3269 3100 3326 XII.

2163 3362 2205 3419 1.
2236 3361 2452 3436 Egressi
2473 3377 2604 3436 ergo
2624 3362 2888 3435 Tripolim
2910 3363 3222 3430 thnices,
3242 3372 3302 3420 ut
3321 3364 3668 3421 Antiochiam

2095 3453 2269 3527 Syriae
2296 3453 2630 3521 veniremus,
2676 3469 2744 3509 eo
2791 3454 2880 3509 die
2933 3450 3246 3508 Orthosiam
3301 3451 3534 3524 profecti
3594 3455 3667 3510 ibi

2094 3547 2421 3610 mansimus,
2451 3557 2505 3602 et
2527 3547 2658 3618 quia
2686 3557 2771 3603 est
2797 3561 2966 3618 prope
2992 3545 3228 3610 urbem,
3250 3561 3282 3602 e
3325 3562 3435 3617 qua
3463 3550 3666 3618 egressi

2092 3635 2398 3702 fueramus,
2428 3651 2552 3694 cum
2581 3650 2774 3691 omnes
2811 3634 2925 3692 fere
2959 3635 3397 3706 praedicationem
3434 3653 3670 3708 evangr-

2092 3727 2256 3783 licam
2277 3728 2430 3798 prius
2453 3727 2775 3792 audiissent,
2801 3742 2972 3782 unum
2999 3726 3144 3783 diem
3174 3728 3286 3784 illic
3317 3732 3666 3795 commorati,

2091 3821 2427 3876 Antaradum
2454 3820 2714 3877 abiimus.
2745 3819 2885 3888 Quia
2919 3835 3052 3876 vero
3098 3821 3257 3875 multi
3286 3830 3446 3876 erant
3476 3821 3667 3876 nobis-

2091 3927 2218 3967 cum
2247 3912 2351 3967 iter
2376 3912 2656 3980 facientes,
2684 3913 2877 3969 Petrus
2903 3911 3145 3969 Nicetam
3170 3922 3223 3969 et
3253 3913 3507 3984 Aquilam
3533 3914 3668 3969 allo-

2092 4011 2255 4059 cutus
2283 4012 2367 4059 cst
2394 4003 3094 4075 dicens:Quandequidem
3141 4020 3340 4076 magna
3397 4007 3666 4062 comitan-

2092 4095 2228 4152 tium
2274 4097 2567 4154 multitudo
2612 4113 2723 4154 non
2761 4113 2982 4167 parvam
3039 4098 3300 4160 invidiam
3351 4107 3513 4162 nobis
3569 4115 3662 4177 per

2091 4188 2256 4244 urbes
2278 4189 2605 4246 intrantibus
2630 4188 2851 4255 conﬁat,
2876 4197 3188 4251 necessario
3210 4198 3512 4252 curandum
3543 4213 3665 4252 esse

2087 4282 2348 4354 judicavi,
2381 4289 2442 4337 ut
2475 4296 2651 4350 neque
2680 4281 2786 4352 ipsi
2843 4290 3262 4356 contristentur,
3311 4289 3440 4343 dum
3475 4291 3663 4359 prohi-

2093 4373 2289 4428 bentur
2317 4387 2440 4428 esse
2465 4373 2774 4444 nobiscum,
2807 4388 2984 4448 neque
3007 4394 3129 4446 nos,
3157 4379 3287 4435 dum
3315 4394 3508 4435 sumus
3538 4396 3663 4450 spe-

2091 4464 2339 4541 ctabiles,
2379 4464 2688 4524 incidamus
2718 4469 2774 4523 in
2796 4468 3018 4523 malitiae
3062 4470 3344 4526 invidiam.
3392 4469 3660 4537 Quocirca

2092 4559 2216 4617 volo
2246 4571 2297 4617 te
2321 4560 2566 4617 Nicetam
2589 4571 2754 4632 atque
2773 4560 3024 4632 Aquilam
3048 4571 3174 4617 ante
3191 4578 3279 4617 me
3303 4563 3406 4617 iter
3435 4564 3658 4630 habere,

2090 4671 2188 4725 per
2215 4653 2355 4709 duos
2383 4654 2576 4726 globos
2610 4654 2868 4725 sparsim,
2899 4663 2955 4710 et
2984 4653 3124 4710 clam
3157 4658 3401 4727 gentium
3449 4656 3658 4729 ingredi

2088 4747 2357 4802 civitates.

2159 4839 2223 4896 ll.
2251 4838 2420 4896 Vobis
2448 4849 2653 4909 autem,
2689 4840 2830 4909 scio,
2861 4840 3154 4898 molestum
3179 4849 3282 4908 est,
3314 4841 3461 4913 quod
3491 4842 3546 4898 id
3577 4842 3660 4898 fa-

1749 5101 1986 5159 VARIIE
2025 5104 2429 5162 LECTIONES.

473 5207 525 5240 η
554 5203 629 5274 μὴ
653 5203 804 5274 μετά
829 5205 978 5272 conj.
1009 5205 1433 5265 Schhemannus
1467 5211 1632 5268 Clem.

402 5344 817 5444 τεσσαράκοντα
843 5344 907 5399 Ο.
1011 5348 1057 5380 ’⁸
1085 5347 1181 5400 νῦν
1228 5344 1368 5417 ηεξ

404 5410 473 5494 9:.
527 5413 572 5494 Δ
599 5415 620 5444 ⁰
649 5415 999 5494 ἐνσπείροντα
1017 5417 1293 5494 ύποϐἁλλῃ
1317 5421 1377 5474 C.

407 5485 496 5538 15.
527 5481 665 5536 Tum
709 5481 889 5539 addidi
917 5488 1023 5540 είσι
1053 5504 1104 5541 c.
1134 5481 1324 5544 eodc't'n
1381 5491 1504 5546 cod.

404 5622 470 5676 Ο.
506 5623 649 5692 Epit.
705 5638 756 5680 c.
804 5622 1048 5680 69—her
1109 5622 1370 5685 exhibct':

473 5218 525 5240 ι·
554 5218 629 5274 μη
665 5218 804 5274 μετα
829 5218 978 5272 con].
1009 5218 1433 5265 Schhemannus
1467 5218 1632 5268 Clem.
1676 5230 1732 5283 p.
1793 5218 1898 5274 555
1921 5261 1936 5285 ,
1995 5230 2051 5276 et
2097 5221 2157 5278 S.
2191 5220 2329 5275 Tum
2435 5238 2529 5292 ρτυ

906 5291 973 5330 ex
1011 5278 1257 5364 conject.
1312 5283 1768 5364 προσεληλυθότα.
1807 5287 1864 5342 Ia
1902 5288 1964 5364 ρ
2031 5238 2529 5364 προσεληλυθόέων.

1011 5348 1057 5432 ξ’
1085 5347 1550 5432 νξνὶξθεέοεηεί
1583 5352 1846 5432 §chliem_.
1890 5347 2153 5432 Qlem.'p.
2196 5347 2269 5416 96
2309 5371 2364 5415 et
2403 5360 2462 5416 S.

2435 5221 3014 5323 pwplwtqsuspigatus
3041 5233 3130 5323 (es:
3159 5224 3220 5280 C.
3238 5222 3398 5323 ‘I‘demr
3423 5224 3655 5323 subinde

2657 5301 2704 5334 ⁸⁷
2748 5295 3199 5419 προδιαλῗχθετσα,
3238 5296 3300 5349 C.
3355 5294 3492 5348 Tum
3513 5303 3571 5419 μ’
3601 5312 3655 5368 p.

2568 5363 2614 5396 ”
2658 5361 2918 5434 ὀνόματος
3026 5405 3041 5419 .
3109 5364 3312 5419 Deinde
3338 5381 3397 5417 τε
3424 5363 3483 5427 S,
3545 5365 3657 5424 έϐ.

1481 5426 1496 5453 ³
1523 5422 1775 5505 ἐνδύματι
1807 5426 1874 5505 (ΣΞ.⁸
1910 5422 2218 5505 Ιιεοῑίοίιεω
2239 5432 2421 5505 ()ttob.
2453 5422 2848 5505 confirmat'hic
2873 5422 2926 5489 et
2947 5436 3110 5504 paulo
3146 5445 3272 5505 post
3320 5422 3535 5505 Matth,
3558 5422 3658 5505 vn,

1611 5497 1631 5524 ³
1659 5496 2051 5563 ἐπιγινώσκετε
2083 5501 2144 5555 C.

2249 5502 2773 5576 'Faowéereuic;
2839 5502 2961 5576 ⁸τῆ
3005 5502 3232 5576 σιν-’9ο
3340 5503 3551 5576 ν⁸¹ι³ν⁰
3605 5502 3661 5563 εί

404 5552 461 5676 i6:
502 5570 678 5676 gtarg.
714 5555 753 5606 C
782 5595 798 5620 ,
828 5555 938 5624 cuj.
969 5558 1094 5611 cod.
1125 5559 1377 5640 καλέσας.
1406 5560 1566 5649 hiber
1589 5552 2614 5649 Ottob.'~constapterMapocbiqv:rvi-i1,
2634 5552 2868 5628 δίΤυηι
3169 5552 3254 5637 ὅ,
3295 5552 3566 5701 τὶὲιῖτάξῖν

455 5635 649 5701 ἶκριι.
705 5625 872 5701 (εκ-ος)
934 5626 1048 5701 lucc
1109 5630 1326 5701 exhibet
1357 5650 1370 5685 :
1445 5632 1598 5701 Υπέρ
1628 5651 1686 5686 τε
1708 5652 1804 5688 του
1836 5654 2013 5692 κοινου
2061 5641 2154 5692 καὶ
2207 5641 2575 5701 συμφέροντος
2602 5645 2696 5696 καὶ
2746 5647 2876 5701 περὶ
2905 5663 3003 5701 της
3032 5644 3175 5699 κατὰ
3200 5646 3300 5701 τὴν
3333 5646 3346 5659 ‘
3391 5646 3655 5701 κκλησίαν

410 5693 672 5768 τάξεως.Α
713 5702 736 5734 τ
766 5693 904 5768 Vhl).
940 5696 1174 5768 Δντὰντιιυν
1217 5700 1363 5768 ἡμᾶς

1427 5632 1598 5704 Ὑπέρ
1628 5634 1804 5718 τεοτοῦ
1836 5638 2013 5718 κοινού
2061 5641 2154 5718 καὶ
2207 5632 2575 5718 συμφέροντος
2591 5632 2712 5718 ’καζί
2746 5647 2876 5716 περὶ
2905 5632 3003 5718 τ’ἦς
3032 5632 3175 5699 κᾶτά
3200 5632 3300 5718 TI]!
3333 5646 3346 5659 ’

1411 5705 1844 5786 προπεμπόντων
1880 5709 2015 5778 μετὰ
2044 5705 2555 5786 τῇςξπροσηκούσης
2584 5715 2752 5786 τιμῆς
2799 5705 3147 5774 accesscruut
3173 5732 3238 5772 ex
3257 5705 3329 5772 ’0.

3391 5646 3659 5717 κκλησίαν

3437 5716 3459 5749 ⁸
3487 5716 3660 5771 Αντάν-

417 5761 611 5832 ρανδον
636 5761 700 5819 0.
776 5773 797 5804 ο
831 5764 1188 5831 λανθάνοντας
1218 5761 1299 5826 vel
1331 5761 1693 5840 λανθάνόνὲως
1719 5778 1861 5849 cnnj.
1880 5761 1946 5834 ‘et
1966 5761 2444 5838 vct'tiIaC..':saddi
