4084 6148
425 241 533 298 303

1256 235 1315 292 S.
1355 235 1742 293 CLEMENTIS
1781 235 1802 290 l
1841 235 2008 292 ROH.
2049 233 2250 294 PONT.
2281 237 2517 296 OPERA
2551 238 2782 300 DUBIA.

3580 243 3685 300 ὅθι

423 353 680 414 ciendum
699 352 1002 418 audieritis,
1022 351 1260 408 duorum
1287 369 1394 408 non
1415 354 1753 424 integrorum
1784 352 1996 408 dierum

2106 351 2522 424 ἀπολειπόμενοι
2543 355 2586 387 ¹⁰
2618 372 2720 426 μου
2741 354 3013 426 διάστημα
3035 355 3145 410 οὐδ’
3161 354 3297 410 ὅλων
3317 356 3542 430 ἡμερῶν
3565 359 3674 415 δύο.

425 451 602 521 spatio
631 464 661 502 a
693 462 783 546 me
805 447 1072 516 separari.
1111 445 1220 501 Vos
1259 447 1424 517 igitur
1469 461 1806 516 cognoscere
1853 448 1999 515 volo,

423 539 570 611 quod
623 536 778 602 ποεῖ
804 537 900 606 qui
952 537 1350 605 persuasimus,
1397 553 1498 593 vos
1533 536 1629 608 qui
1687 536 2002 594 credidistis

425 631 598 686 multo
622 629 860 699 amplius
887 629 1188 699 diligimus,
1237 644 1402 699 quam
1454 644 1554 684 vos
1605 628 1847 700 diligatis
1897 646 2001 686 nos

424 737 802 794 persuasores.
836 717 1024 789 Itaque
1059 728 1254 773 mutuo
1304 734 1490 774 amore
1519 720 1812 790 ﬂagrantes
1843 720 2000 776 ineo-

423 813 690 870 lumitatis
743 827 930 866 curam
988 827 1245 882 geramus
1291 827 1391 880 pro
1437 812 1668 880 viribus,
1726 828 1834 868 non
1861 814 1999 870 citra

424 909 691 962 rationem
710 903 973 960 facientes
993 918 1115 974 quae
1140 903 1415 973 cupimus.
1442 904 1523 958 Ad
1555 905 1669 960 haec
1695 920 1824 960 vero
1850 907 1998 960 nulla

422 1000 510 1053 die
559 1013 591 1052 a
637 1012 726 1052 me
766 985 1100 1065 disputante‘
1128 995 1373 1050 aberitis.
1429 995 1532 1052 Per
1575 997 1822 1068 singulas
1848 998 1995 1053 enim

422 1105 672 1162 quasque
719 1088 1050 1158 insigniores
1077 1087 1482 1158 provinciarum
1513 1088 1762 1144 civitates
1792 1105 1998 1160 propo-

422 1184 529 1246 sui,
568 1181 708 1236 sicut
730 1179 898 1234 etiam
930 1193 1029 1232 vos
1057 1179 1232 1244 scitis,
1282 1193 1378 1248 per
1401 1178 1518 1233 dies
1562 1179 1800 1234 residere
1834 1181 1997 1234 ctdi-

421 1283 689 1346 sceptare.
723 1270 880 1326 Nunc
899 1286 1028 1340 ergo
1057 1270 1111 1324 in
1141 1268 1467 1324 Laodiceam
1501 1270 1661 1324 nobis
1687 1272 1996 1340 proximam

421 1363 731 1438 praecedite,
754 1372 809 1417 et
837 1371 960 1432 post
992 1360 1218 1416 biduum
1251 1368 1305 1415 et
1330 1359 1600 1425 triduum,
1631 1368 1900 1430 quantum
1926 1364 1994 1415 ad

419 1456 759 1529 propositum
791 1469 973 1510 meum
1003 1462 1236 1524 spectat,
1270 1451 1532 1523 attingam
1560 1467 1674 1506 vos.
1703 1453 1783 1505 Ad
1808 1463 1996 1523 portas

420 1565 602 1611 autem
639 1569 734 1609 vos
759 1552 862 1608 soli
905 1550 1128 1620 recipite
1154 1565 1259 1613 me,
1294 1560 1441 1602 metu
1473 1549 1795 1614 murmuris,
1822 1559 1881 1602 ut
1913 1549 1996 1603 sic

2103 443 2312 497 Εἱδέναι
2336 438 2428 497 οῦν
2457 445 2601 516 ὑμᾶς
2629 446 2787 510 θέλω,
2817 447 2899 500 ὅτι
2933 446 3335 502 πολλαπλάσιον
3377 449 3676 520 ἀγαπῶμεν

2101 533 2262 603 ἡμεῖς
2290 533 2340 586 oi
2375 533 2662 598 πείσαντες
2711 536 2856 606 ὑμᾶς
2894 536 3022 599 τοὺς
3060 536 3382 601 πεισθέντας
3405 577 3420 602 ,
3462 538 3607 609 ἥπερ
3637 538 3678 572 ¹¹

2103 623 2260 693 ὑμεῖς
2281 624 2428 694 ἡμᾶς
2459 625 2586 686 τοὺς
2615 625 2960 689 πεπεικότας.
2997 624 3281 698 Ἀλλήλους
3303 623 3398 682 οῦν
3430 628 3681 700 στέργον-

2100 729 2210 778 τες,
2241 713 2320 786 τῷ
2353 714 2395 745 ¹²
2429 715 2504 787 μὴ
2533 715 2742 785 ἀλόγως
2778 719 2953 770 ποιεῖν
2983 717 3018 771 ἀ
3068 717 3331 788 θέλωμεν,
3363 718 3464 789 τῆς
3501 721 3683 791 ἀσφα-

2100 807 2268 873 λείας,
2289 810 2412 863 ὅσον
2431 809 2491 863 τὸ
2521 809 2606 881 ἐφ’
2631 812 2782 882 ἡμῖν,
2805 810 3195 884 φροντίζωμεν.
3225 813 3368 886 Πρὸς
3386 814 3594 879 τούτοις
3625 814 3684 868 δέ

2099 899 2354 970 οὐδεμιᾶς
2375 901 2587 974 ἡμέρας
2607 901 2991 975 διαλεγομένου
3025 921 3127 975 μου
3150 905 3590 976 ἀπολιμπάνεσθε
3617 906 3682 961 ⁸³.

2100 992 2195 1054 Εἰς
2241 991 2350 1064 γὰρ
2398 991 2499 1056 τάς
2559 994 2965 1066 ἐπισημοτέρας
3015 995 3123 1049 τῶν
3169 996 3446 1068 ἐπαρχιῶν
3501 997 3685 1061 πόλεις

2101 1080 2441 1154 προῄρημαι,
2465 1082 2542 1146 ὡς
2569 1082 2681 1136 τστε
2709 1085 2804 1137 καὶ
2829 1085 3009 1154 ὑμεῖς,
3038 1085 3258 1156 ἡμερῶν
3285 1087 3560 1156 ἐπιμένειν
3589 1088 3685 1142 καὶ

2098 1172 2459 1242 διαλέγεσθαι.
2489 1175 2599 1228 Καὶ
2618 1174 2677 1228 τὸ
2701 1174 2796 1229 νῦν
2822 1176 2902 1238 εἰς
2928 1175 3024 1247 τὴν
3051 1176 3353 1248 ἐγγυτέραν
3385 1178 3516 1248 ἡμῖν
3542 1178 3687 1232 Λαοο

2097 1264 2302 1318 δίκειαν
2325 1265 2617 1336 προάξατε,
2647 1267 2741 1318 καὶ
2769 1265 2887 1337 μεθ’
2916 1267 3128 1338 ἡμέρας
3170 1268 3316 1338 δύοῆ
3343 1272 3512 1340 τρεῖς,
3555 1271 3684 1323 ὅσον

2099 1358 2267 1428 ἐπὶτῇ
2283 1359 2388 1428 ἐμῇ
2408 1358 2742 1428 προαιρέσει,
2765 1356 3147 1430 καταλήψομαι
3165 1361 3194 1412 ὑ
3202 1361 3327 1430 μᾶς.
3346 1361 3469 1413 Ἐπὶ
3497 1361 3552 1412 δὲ
3570 1361 3683 1415 τῶν

2097 1451 2282 1504 πυλῶν
2303 1449 2588 1517 ἐκδέξασθέ
2615 1467 2682 1520 με
2719 1446 2878 1520 ὑμεῖς
2908 1450 3075 1520 μόνοι,
3101 1451 3265 1523 256
3293 1451 3381 1506 διά
3401 1453 3490 1506 τὸν
3515 1453 3680 1524 θρύλ-

2095 1541 2187 1595 λον
2216 1541 2279 1606 ¹⁸,
2307 1542 2394 1594 ἴνα
2420 1540 2593 1604 οὕτως
2631 1539 2870 1612 ἀψοφητὶ
2919 1541 3350 1606 συνεισελθὼτες
3399 1543 3514 1614 ἅμα
3541 1545 3672 1614 ὑμῖν

419 1649 626 1718 absque
657 1646 884 1714 strepitu
905 1644 1068 1698 etiam
1093 1640 1330 1713 ingressi
1351 1656 1461 1695 una
1486 1640 1767 1694 vobiscum
1793 1640 1990 1694 simus.

2098 1627 2266 1704 ὦμεν.
2316 1631 2585 1685 Κάκεῖθεν
2632 1631 2834 1703 ὁμοίως
2880 1632 3017 1702 μετά
3062 1635 3121 1686 τὸ
3140 1635 3413 1704 ἐπιμεῖναι
3459 1636 3682 1707 ἡμερῶν

420 1733 486 1790 lit
509 1735 633 1789 inde
664 1732 938 1798 similiter,
969 1748 1095 1786 eum
1127 1731 1245 1786 dies
1294 1730 1369 1784 ibi
1398 1729 1616 1798 aliquot
1661 1729 1995 1800 transegeri-

419 1844 566 1891 mus,
593 1827 684 1882 alii
727 1841 826 1898 pro
855 1825 1009 1880 vobis
1050 1824 1282 1880 ulterius
1337 1839 1435 1894 per
1481 1824 1628 1879 vices
1685 1824 1995 1895 praecedent

417 1932 472 1977 et
497 1921 732 1990 hospitia
761 1919 1164 1990 pur-parabunt.

489 2009 579 2069 Ill.
616 2010 741 2066 llaec
779 2011 996 2066 dicente
1021 2009 1203 2076 Petro,
1229 2009 1546 2065 necessario
1576 2010 1991 2080 acquieverunt,

362 2085 366 2100 ι
418 2093 693 2162 dicentes:
729 2103 847 2158 Non
877 2102 1034 2158 valde
1063 2119 1185 2165 nos.
1242 2101 1487 2168 domine,
1544 2102 1836 2158 contristat
1888 2102 1995 2159 hoc

419 2212 599 2268 agere,
622 2196 882 2266 quoniam
910 2202 1015 2251 ate
1041 2194 1290 2265 jubetnr.
1337 2192 1522 2250 Primo
1573 2196 1829 2266 quidem,
1862 2197 1993 2267 quia

420 2287 512 2344 Dei
551 2289 889 2358 providentia
915 2288 1160 2342 delectus
1175 2303 1256 2354 es,
1277 2288 1475 2358 dignus
1498 2289 1591 2358 qui
1619 2298 1815 2344 cuncta
1849 2304 1993 2358 pra:—

417 2381 566 2438 clare
593 2381 800 2452 cogites
819 2390 984 2451 atque
1004 2380 1281 2436 consulas.
1311 2381 1392 2435 Ad
1420 2382 1532 2437 [nec
1557 2397 1702 2447 vero,
1727 2382 1855 2452 quia
1881 2383 1996 2451 ple-

417 2490 652 2544 rumque
675 2489 771 2545 per
798 2473 1024 2529 biduum
1053 2483 1263 2529 tantum
1297 2475 1621 2530 necessitate
1651 2476 1993 2545 praecedendi

417 2583 448 2621 a
473 2580 523 2621 te
539 2566 846 2622 aberimus:
875 2567 1005 2622 illud
1030 2577 1211 2621 autem
1233 2567 1468 2638 spatium
1491 2568 1740 2637 quamvis
1769 2568 1991 2639 longum

419 2660 510 2724 sit,
531 2660 660 2713 dum
681 2668 732 2717 te
758 2675 866 2713 non
898 2659 1147 2713 videmus
1164 2659 1448 2713 dominum
1473 2669 1721 2714 nostrum
1745 2659 1991 2730 Petrum,

421 2761 660 2812 attamen
702 2750 1032 2820 cogitamus,
1079 2749 1252 2804 multo
1304 2750 1590 2804 molestius
1636 2749 1864 2816 laturos,
1897 2753 1991 2823 qui

419 2846 639 2917 longius
667 2843 938 2921 praemissi
969 2853 1118 2908 sunt,
1154 2853 1340 2913 utpote
1362 2845 1549 2913 jussos
1585 2854 1636 2900 te
1663 2847 1871 2902 diutius
1898 2864 1994 2917 per

423 2937 582 2990 urbes
611 2942 949 3008 exspectare,
985 2944 1040 2988 et
1071 2934 1264 2989 anxios
1294 2934 1440 3005 quod
1463 2945 1684 3006 aspectu
1715 2936 1996 2993 desidera-

420 3026 546 3082 bilis
570 3026 752 3091 vultus
783 3025 858 3079 tui
895 3040 993 3095 per
1025 3025 1258 3079 multum
1292 3035 1508 3096 tempus
1540 3027 1650 3084 sint
1681 3031 1900 3101 privati.
1931 3029 1995 3085 Et
2020 3030 2062 3087 C

422 3136 524 3176 nos
572 3135 682 3182 non
719 3119 903 3173 minus
953 3118 1060 3174 illis
1089 3119 1270 3174 tristes
1295 3118 1474 3174 facere
1528 3121 1992 3191 quemadmodum

419 3211 578 3282 iubes
603 3220 822 3280 propter
851 3209 1142 3265 utilitatem
1171 3227 1279 3265 non
1303 3228 1606 3270 moramur.
1639 3215 1705 3269 Et
1727 3215 1812 3272 bis
1835 3217 1996 3271 dictis

421 3303 772 3375 praecessere,
805 3312 1029 3373 accepto
1050 3302 1330 3368 mandato,
1376 3313 1436 3358 ut
1466 3304 1518 3358 in
1547 3306 1725 3376 primo
1757 3307 1996 3379 hospitio

421 3387 833 3470 a‘lloquereutu-r
857 3399 1260 3453 multitudinem
1283 3400 1444 3454 simul
1473 3400 1572 3454 iter
1594 3409 1865 3470 agentem,
1886 3415 1996 3469 quo

421 3492 654 3560 sparsim
682 3497 737 3544 et
759 3503 790 3542 a
814 3504 872 3543 se
893 3498 1084 3544 mutuo
1105 3488 1266 3544 divisi
1287 3487 1701 3558 ingrederentur
1723 3488 1994 3542 civitates.

492 3668 582 3725 lV.
615 3667 711 3724 llis
743 3666 908 3737 igitur
938 3664 1220 3737 profectis,
1252 3681 1353 3736 ego
1386 3664 1639 3722 Clemens
1656 3667 1810 3721 valde
1847 3666 1987 3737 gavi-

421 3780 517 3820 sus
539 3779 682 3827 snm,
713 3754 858 3829 quod
894 3773 979 3813 me
1007 3773 1192 3812 secum
1219 3774 1338 3813 esse
1366 3759 1647 3814 voluisset.
1673 3760 1848 3829 Atque
1882 3760 1998 3815 hth

422 3857 488 3911 ad
517 3871 644 3910 eum
669 3854 834 3909 verba
871 3851 1120 3922 profero:
1153 3850 1372 3906 Gratias
1402 3867 1503 3922 ago
1533 3852 1666 3918 Deo,
1714 3854 1860 3924 quod
1909 3868 1997 3908 me

426 3963 533 4002 non
559 3946 830 4008 emiseris,
862 3944 1122 3998 utalios;
1178 3959 1305 3997 nam
1357 3960 1470 4014 prae
1526 3947 1718 4000 dolore
1769 3935 1994 4002 enectus

423 4039 672 4094 fuissem.
698 4037 790 4091 Ille
817 4051 987 4090 vero:
1035 4033 1176 4099 Quid
1209 4045 1412 4099 autem,
1437 4037 1635 4108 inquit,
1673 4039 1719 4093 si
1751 4054 1872 4109 quae
1897 4054 1996 4094 ne-

424 4128 652 4184 cessitas
682 4125 926 4198 exegerit
955 4124 1098 4178 mitti
1133 4135 1184 4180 te
1216 4125 1399 4194 aliquo
1429 4125 1694 4180 doctrinae
1722 4130 1916 4197 gratia,
1939 4139 1993 4182 tu

423 4220 552 4292 quia
585 4216 903 4290 aliquandiu
937 4233 966 4272 a
996 4234 1084 4272 me
1128 4217 1333 4270 utiliter
1371 4214 1482 4270 eris
1534 4226 1842 4284 separatus,
1876 4216 1997 4272 ideo

2097 1724 2246 1778 ἄλλοι
2267 1724 2382 1778 ἀνθ’
2403 1724 2553 1794 ὑμῶν
2575 1724 2655 1786 είς
2672 1723 2739 1776 τὰ
2755 1723 3012 1776 ἐπέκεινα
3028 1724 3168 1778 κατά
3183 1725 3487 1796 ἐφημερίας
3512 1727 3684 1798 προά-

2097 1817 2285 1886 ξωσιν,
2306 1819 2405 1881 τὰς
2429 1816 2608 1883 ξενίας
2633 1816 3034 1888 ἐτοιμάζοντες.

2171 1995 2264 2048 lll.
2279 1991 2466 2046 Ταῦτα
2483 1992 2578 2046 τοῦ
2603 1992 2810 2064 Πέτρου
2830 1993 3098 2059 εἰπόντος,
3123 1994 3547 2067 ἡναγκάσθησαν
3565 2015 3684 2054 συν-

2095 2087 2280 2141 θέσθαι
2305 2086 2583 2154 λέγοντεςο
2632 2085 2708 2138 Οὐ
2756 2085 2898 2138 πάνυ
2923 2087 3089 2156 ἡμᾶς,
3140 2086 3316 2159 κύριε,
3346 2088 3505 2142 λυπεῖ
3524 2091 3684 2146 τοῦτο

2097 2181 2380 2252 πράττειν,
2425 2176 2513 2230 διὰ
2555 2178 2617 2230 τὸ
2643 2178 2748 2231 ὑπὸ
2776 2176 2871 2230 σοῦ
2916 2177 3256 2232 κελεύεσθαι.
3303 2181 3525 2253 Πρῶτον
3555 2183 3679 2252 μὲν,

2094 2275 2175 2327 δτι
2202 2273 2380 2326 πάντα
2407 2273 2588 2336 καλῶς
2609 2274 2748 2325 νοεῖν
2776 2272 2818 2304 ³⁸
2847 2289 2906 2326 τε
2941 2273 3033 2326 καὶ
3084 2274 3473 2345 συμϐουλεύειν
3530 2279 3682 2345 ἄξιος

2094 2366 2170 2418 ὢν
2200 2365 2306 2418 ὑπὸ
2325 2366 2424 2436 τῆς
2447 2363 2542 2418 τοῦ
2564 2363 2700 2418 Θεοῦ
2723 2366 2980 2436 προνοίας
3003 2365 3258 2437 ἐξελέγης
3273 2384 3287 2398 ο
3313 2369 3450 2440 πρὸς
3473 2372 3684 2437 τούτοις

2093 2457 2150 2510 δὲ
2175 2459 2267 2512 ἐπὶ
2299 2457 2342 2488 ¹⁶
2367 2458 2428 2510 τὸ
2453 2458 2588 2511 πολὺ
2641 2456 2864 2528 ἡμερῶν
2909 2457 3003 2510 δύο
3049 2458 3265 2530 ἀνάγκῃ
3289 2460 3385 2513 τοῦ
3415 2463 3682 2534 προάγειν

2095 2549 2587 2621 ἀπολιμπανόμεθά
2624 2565 2750 2602 σου·
2799 2550 2893 2602 καὶ¹
2917 2543 3072 2602 αῦται
3101 2550 3199 2621 μὲν
3225 2552 3417 2605 πολλαὶ
3458 2555 3594 2626 πρὸς
3615 2554 3683 2607 τὸ

2099 2645 2170 2714 μή
2188 2660 2246 2696 σε
2264 2643 2356 2696 τὸν
2379 2643 2565 2714 κύριον
2593 2642 2748 2714 ἡμῶν
2769 2643 2904 2714 ὁρᾷν
2925 2643 3149 2713 Πέτρον,
3174 2645 3312 2716 πλὴν
3332 2647 3681 2718 λογιζόμεθα,

2093 2738 2174 2788 ὅτι
2201 2735 2385 2788 πλεῖον
2425 2735 2830 2805 λυπηθήσονται
2866 2737 2915 2788 οἱ
2946 2738 3080 2790 πολὺ
3109 2739 3323 2810 μακρὰν
3352 2741 3681 2811 προπεμπό-

2099 2845 2269 2899 μενοι,
2299 2828 2376 2890 ὡς
2399 2827 2493 2879 ἐπὶ⁹
2519 2827 2703 2879 πλεῖον
2725 2828 3016 2898 ἀναμένειν
3044 2846 3101 2882 σε
3132 2830 3270 2883 κατά
3312 2831 3468 2884 πόλιν
3514 2849 3680 2885 κεκε-

2094 2918 2384 2990 λευσμένοι
2411 2919 2474 2982 ",
2502 2916 2793 2988 ἀνιώμενοι
2818 2920 2874 2970 ἐν
2902 2919 2981 2988 τῷ
3007 2919 3101 2972 ἐπὶ
3127 2920 3310 2973 πλεῖον
3353 2907 3680 2992 ἐστερῆσθαι

2095 3011 2190 3065 τοῦ
2216 3012 2350 3083 ὁρᾷν
2378 3027 2472 3064 σου
2511 3010 2574 3063 τὸ
2615 3009 2980 3082 περιπόθητον
3023 3011 3332 3082 πρόσωπον.
3370 3013 3480 3065 Καὶ
3519 3015 3682 3083 ἡμεῖς

2098 3105 2199 3157 ούκ
2225 3103 2446 3156 ἔλαττον
2463 3102 2504 3132 ¹⁸
2525 3101 2746 3155 ἐκείνων
2773 3100 3129 3173 ἀθυμοῦντες,
3149 3102 3224 3166 ὡς
3244 3103 3484 3166 κελεύεις
3509 3103 3596 3155 διὰ
3617 3103 3682 3156 τὺ

2098 3197 2375 3268 συμφέρον
2410 3198 2584 3248 ποιεῖν
2631 3194 2732 3248 οὐκ
2780 3195 3156 3265 ἀντιλέγομεν.
3216 3195 3393 3266 Ὀμῶς
3421 3197 3462 3228 ¹⁹
3505 3195 3681 3249 ταῦτα

2097 3289 2340 3352 εἰπόντες
2367 3287 2626 3360 προῆξαν,
2655 3286 2872 3356 ἐντολὴν
2895 3279 3128 3355 ἔχοντες,
3157 3287 3213 3340 ἐν
3229 3285 3306 3358 τῷ
3329 3286 3529 3358 πρώτῳ
3545 3304 3683 3340 παν-

2095 3379 2284 3450 δοχείῳ
2306 3377 2707 3450 προσομιλῆσαι
2729 3376 2806 3448 τῷ
2850 3376 3314 3448 συνοδοιποροῦντι
3341 3377 3504 3448 ὄχλῳ,
3529 3379 3681 3444 ὅπως

2097 3473 2374 3545 σποράδην
2399 3470 2646 3542 ἀλλήλων
2679 3469 2962 3540 γενόμενοι
3007 3471 3090 3533 είς
3132 3469 3234 3534 τάς
3263 3470 3446 3534 πόλεις
3491 3471 3678 3544 εἰσέρ-

2096 3581 2318 3635 χωνται.

2168 3672 2258 3727 IV.
2288 3671 2667 3744 Πορευθέντων
2684 3666 2777 3726 οῦν
2804 3671 3006 3742 αὐτῶν,
3033 3670 3144 3740 ἐγὼ
3169 3671 3400 3745 Κλήμης
3429 3675 3680 3744 μεγάλως

2096 3766 2312 3838 ἔχαιρον
2331 3805 2345 3830 ,
2377 3765 2457 3817 ὅτι
2483 3765 2580 3817 σὺν
2607 3763 2768 3834 257
2794 3763 2945 3834 αὑτῷ
2976 3781 3042 3835 με
3069 3764 3352 3817 ἐκέλευσεν
3381 3761 3539 3818 εἶναι.
3565 3765 3678 3818 Καὶ

2097 3857 2412 3928 ἀποκριθεὶς
2435 3851 2605 3908 εἷπονο
2637 3855 2956 3926 Εὑχαριστῶ
2976 3854 3054 3926 τῷ
3077 3855 3215 3927 Θεῷ,
3241 3856 3319 3909 ᾶτι
3349 3874 3416 3927 με
3438 3857 3536 3909 οὐκ
3555 3855 3676 3922 ἐξα-

2099 3947 2429 4010 πέσταλκας,
2457 3947 2533 4011 ὡς
2558 3947 2684 4008 τοὺς
2707 3945 2946 4017 ἐτέρους,
2972 3946 3157 4017 ἐπειδὴ
3186 3947 3230 3978 ’⁸
3257 3945 3586 4017 ὀδυνώμενος
3607 3947 3676 4000 ἂν

2097 4039 2550 4109 διαπεφωνήκειν.
2595 4037 2654 4090 '0
2675 4037 2730 4089 δὲ
2759 4037 2802 4067 ²¹
2831 4035 2964 4106 ἔφη·
2995 4036 3060 4088 Τί
3079 4036 3165 4101 δέ;
3205 4039 3252 4089 εί
3279 4038 3370 4090 καὶ
3395 4039 3552 4110 χρεία
3591 4055 3674 4103 τις

2097 4129 2248 4182 ἔσται
2277 4129 2588 4200 πεμφθῆναί
2614 4129 2672 4181 σέ
2699 4144 2801 4181 που
2825 4128 2869 4158 ¹¹
2899 4126 3236 4198 μαθημάτων
3257 4127 3448 4199 χάριν,
3476 4131 3564 4193 σὺ,
3586 4128 3672 4182 se:

2096 4222 2158 4274 τὸ
2182 4219 2319 4292 πρὸς
2343 4219 2519 4287 ὀλίγον
2542 4217 3009 4288 ἀπολιμπάνεσθαί
3036 4235 3137 4289 μου
3164 4219 3568 4290 συμφερόντως,
3587 4221 3674 4274 διὰ

424 4312 724 4372 morieris?
766 4309 960 4366 Nonne
993 4310 1194 4380 potius,
1227 4320 1406 4364 tecum
1436 4318 1719 4377 reputans,
1771 4310 1994 4366 ferenda

2099 4312 2256 4366 τοῦτο
2278 4311 2537 4386 τεθνήξῃ;
2559 4311 2690 4380 Οὐχὶ
2714 4309 2800 4373 δὲ,
2828 4310 3230 4382 προσομιλήσας
3256 4312 3462 4382 σεαυτῷ
3488 4313 3671 4384 φέρειν

425 4423 550 4477 esse
572 4421 697 4476 qua:
733 4411 957 4474 prepter
987 4401 1366 4457 necessitatem
1401 4400 1498 4454 tibi
1536 4401 1790 4470 imposita
1841 4415 1992 4471 sunt,

424 4514 581 4570 :equo
609 4498 794 4554 animo
841 4493 1580 4565 sustinebisiAntignoras.
1627 4495 1834 4552 amicos
1885 4514 1994 4554 una

425 4609 548 4649 esse
600 4588 1016 4652 recordatione,
1080 4586 1208 4642 licet
1262 4586 1588 4656 corporibus
1635 4601 1990 4661 separentur,

429 4688 572 4742 sicut
599 4683 844 4738 nonnulli
889 4696 1119 4750 corpore
1141 4691 1452 4750 praesentes,
1488 4681 1633 4750 quod
1661 4698 1850 4738 eorum
1881 4701 1990 4740 non

429 4779 802 4846 recordentur,
832 4778 1015 4832 animo
1039 4775 1453 4849 peregrinantur
1487 4776 1555 4831 ab
1591 4776 1824 4834 amicis?

2101 4402 2168 4456 τὰ
2193 4401 2282 4456 διὰ
2305 4403 2402 4473 τὴν
2428 4402 2669 4472 ἀνάγκην
2697 4416 2776 4453 σοι
2799 4401 3171 4470 προσταγέντα
3185 4400 3516 4472 ’³,εὺθύμως
3540 4404 3669 4456 ὑπο-

2102 4497 2294 4567 σταίης
2321 4495 2397 4561 “;
2425 4494 2495 4546 Ἢ
2515 4496 2613 4547 οὑκ
2655 4489 2810 4546 οἶσθα
2859 4493 2939 4546 ὅτι
2992 4493 3225 4546 σύνεισιν
3267 4497 3316 4548 οἱ
3370 4497 3509 4565 φίλοι
3553 4501 3672 4561 ταῖς

2104 4590 2345 4660 μνήμαις
2365 4627 2380 4650 ,
2409 4586 2511 4640 κᾶν
2535 4588 2648 4648 τοῖς
2688 4585 2936 4657 σώμασιν
2974 4586 3459 4658 ἀπολιμπάνωνται
3485 4589 3530 4618 ³⁸
3551 4628 3566 4651 ,
3597 4589 3673 4653 ὡς

2099 4681 2251 4742 ἔνιοι,
2280 4678 2524 4740 συνόντες
2546 4679 2656 4739 τοῖς
2699 4675 2965 4746 σώμασιν,
2992 4677 3383 4748 ἀμνημοσύνης
3399 4678 3674 4750 αἱτίᾳταῖς

2099 4773 2296 4843 ψυχαῖς
2323 4771 2368 4803 ⁸⁸
2391 4768 2730 4840 ἀποδημοῦσι
2750 4771 2861 4833 τοῖς
2887 4769 3060 4839 φίλοις
3084 4786 3098 4834 ;

1726 4956 1961 5012 VARI/l3
2001 4950 2404 5008 LECTIONES.

507 5073 550 5106 '°
577 5071 961 5142 ἀπολιπόμενοί
992 5071 1053 5142 (Ξῖ.
1078 5139 1087 5142 _
1144 5069 1242 5142 ⁸ξῆ

1277 5068 1436 5140 εῐπερ
1458 5086 1517 5141 p.
1545 5071 1710 5141 flmp
1753 5069 1816 5141 (ᾇ.
1851 5067 2281 5141 “Lectionemuin
2327 5064 2373 5121 0
2427 5065 2675 5141 obviam_
2691 5062 2939 5141 praevidit
2964 5062 3044 5141 0.-
3080 5064 3122 5141 ’ξ
3148 5063 3320 5141 lta_0_
3347 5067 3488 5141 cal),
3518 5068 3578 5141 τέ
3604 5066 3665 5122 C.

307 5170 325 5182 ο
433 5145 571 5220 Tum
605 5135 828 5220 θέλομεν
856 5139 940 5220 0._
1001 5141 1042 5171 ¹⁸
1066 5135 1507 5220 ἀπελοιμιπάνεσθε
1533 5135 1598 5194 0.
1661 5135 1722 5220 Ἲς
1769 5138 1988 5220 θλύλλον
2024 5135 2090 5190 0.

2193 5137 2235 5169 ιδ
2277 5141 2448 5190 ποιεῖν
2474 5137 2596 5191 cod.
2639 5133 2770 5204 Reg.
2802 5133 2906 5188 804
2929 5145 2982 5188 et
3009 5133 3134 5204 lluf.
3235 5137 3287 5196 ³⁸η
3306 5139 3426 5190 ἐπεί
3448 5136 3509 5192 0.
3531 5138 3666 5191 Tum

431 5215 664 5292 ἀνάγκη
683 5203 1068 5292 τοῦκπροάγειν
1091 5203 1308 5292 ορειῂξϐ
1337 5251 1354 5276 ,
1380 5211 1593 5292 ἀνάγκῃ
1620 5208 1780 5292 τοῦτο
1821 5209 2083 5292 πρράγειν
2108 5206 2272 5292 .id.‘in
2305 5217 2479 5292 ιιιξμιἶ
2505 5218 2563 5260 ut
2588 5205 2635 5288 ρ
2662 5245 2675 5268 ,
2700 5203 2921 5292 ἀνάγκη
2938 5203 3053 5292 τοῦ
3082 5207 3341 5292 πράττειν
3364 5209 3519 5261 τοῦτο
3532 5209 3660 5292 end.

758 5263 1027 5370 mlitem.“
1048 5263 1117 5335 οξ
1134 5263 1354 5370 ’ἵὲὴᾶξᾷ
1386 5263 1548 5370 habet
1620 5281 1850 5370 ’βπειτα
1866 5263 1959 5370 δὲ,
1980 5263 2065 5364 δτι
2093 5263 3195 5370 (hiem-iciolbjﬁpseximiae-agiteagite
3220 5278 3503 5370 πράττειν’
3522 5279 3666 5348 ἡμᾶς

432 5345 974 5426 ἁπόλιμπανομένους
1013 5366 1126 5403 σου.
1156 5349 1409 5406 Fortasse
1431 5358 1621 5404 nostro
1648 5351 1767 5404 loco
1795 5359 1915 5420 post
1935 5349 2143 5412 τούτοις
2163 5348 2219 5402 δέ
2249 5345 2547 5403 addendum
2570 5345 2652 5400 ὅτι
2675 5347 2972 5398 secundum
3013 5345 3070 5398 S.
3150 5348 3190 5379 ¹⁷
3217 5345 3666 5419 κεκελευσάμενοι

431 5428 496 5483 0.
525 5425 662 5478 Tum
695 5419 1017 5522 ἐστερῆσθαι
1051 5420 1114 5501 τδ
1144 5422 1276 5492 ὁρᾶν
1323 5423 1386 5486 C,
1440 5421 1622 5475 minus
1663 5430 1826 5475 recte.
1907 5421 1950 5456 ⁸⁸
1974 5419 2231 5473 ἐλάττονα
2267 5417 2332 5474 0.
2411 5420 2451 5450 ⁸ο
2481 5417 2555 5472 Ita
2584 5417 2668 5479 8.,
2694 5415 2843 5484 ὅμως
2873 5412 3030 5499 C,‘0..
3101 5417 3148 5448 ’°
3177 5417 3298 5470 ἐπεί
3326 5415 3390 5472 0.
3468 5421 3511 5450 ²¹
3543 5416 3661 5489 ήΟ,

434 5497 693 5522 --.ηηΑΛΑΛ
845 5493 862 5522 ί
889 5509 974 5522 -Λο
1009 5491 1107 5522 Ιυιιι
1141 5481 1249 5522 1⁸111..
1279 5492 1314 5522 Ε
1412 5493 1457 5522 ’³
1487 5491 1857 5522 ρΜρσκυλιΑ-ι-
1890 5491 1988 5522 Ana.
2043 5489 2154 5522 non
2203 5491 2301 5522 ΩΙ..
2332 5498 2380 5522 nl
2414 5487 2458 5522 Π
3021 5501 3073 5522 ιη
3105 5495 3250 5522 Inv!“
3303 5489 3662 5522 ρηλυραέεηη

434 5481 713 5550 uwlldoso.
818 5481 978 5544 δ”ποι
1009 5491 1108 5559 legi
1141 5481 1253 5545 vult
1279 5492 1334 5546 S.
1373 5481 1384 5486 ⁷
1412 5493 1457 5524 ’³

433 5567 486 5622 in
530 5579 699 5632 marg.

777 5564 823 5596 ’δ
845 5561 920 5615 Ita
953 5560 998 5614 0
1019 5630 1039 5632 _
1059 5558 1256 5632 eges.
1289 5563 1417 5631 Heg.
1443 5558 1570 5632 80f,
1590 5558 1856 5632 ὑποστέῃς
1881 5562 1942 5615 (3.
1971 5560 2109 5614 Tum
2129 5558 2300 5614 ὀἶσθα
2327 5561 2450 5632 cod.
2477 5559 2538 5632 lli

1598 5491 1860 5559 παγέντα
1889 5491 2011 5561 cod.
2042 5489 2307 5561 Reg._780.l
2332 5498 2384 5542 et
2414 5487 2458 5542 0
2477 5529 2507 5561 _.
2532 5484 2902 5561 προσταθέντα
2923 5485 2982 5561 0.
3019 5487 3073 5561 i_n
3105 5495 3275 5561 textu,
3303 5484 3664 5561 προστεθέντα

2639 5554 2744 5626 804
2767 5550 2915 5626 ἦσθα
2945 5554 3083 5620 (Σ,Ο.
3117 5556 3245 5612 Post
3261 5550 3317 5610 οἱ
3345 5550 3390 5613 0
3439 5561 3564 5614 exh.
3596 5560 3662 5612 ei.

433 5575 486 5622 in
530 5579 699 5632 marg.
777 5575 823 5596 "
847 5575 920 5615 lla
953 5575 998 5614 υ
1059 5576 1108 5613 e.
1133 5575 1256 5617 eos.
1289 5575 1417 5631 Heg.
1443 5575 1570 5625 δυι,
1590 5575 1856 5632 υποστεῃς
1881 5575 1942 5615 ιλ.
1972 5575 2109 5614 ϊιιῐη
2145 5575 2300 5614 οισυα
2327 5575 2450 5615 cou.
2480 5575 2609 5682 “eg.
2639 5575 2744 5610 oua
2767 5575 2912 5626 ησυα
2945 5575 3083 5620 υ,υ.
3117 5575 3245 5612 rust
3268 5575 3317 5610 οι
3345 5575 3390 5613 υ
3439 5575 3564 5614 exn.
3596 5575 3661 5612 ει.

432 5641 478 5670 ’⁸
504 5634 966 5705 ἁπολιμπάνονται
1001 5629 1229 5705 _C.“Tum
1269 5635 1397 5686 ἔνιοι
1433 5631 1498 5700 0,
1538 5649 1587 5691 e.
1615 5633 1738 5688 cod.
1771 5632 1900 5704 Reg.
1931 5632 2035 5687 804
2064 5641 2118 5688 el
2138 5634 2275 5705 Epit.
2302 5647 2352 5686 c.
2390 5630 2477 5697 72,
2505 5630 2562 5683 ἐν
2586 5645 2665 5692 et;
2691 5625 2753 5682 (Ζ.
2829 5625 2875 5657 ³⁸
2899 5625 2974 5682 Ita
3006 5627 3128 5684 cod.
3161 5628 3293 5701 Reg.
3324 5629 3432 5685 804
3455 5641 3508 5688 et
3522 5630 3661 5701 Epit.

433 5710 467 5764 l.
503 5725 576 5771 e.,
618 5699 714 5766 τάς
753 5703 927 5772 ψυχάς
976 5699 1127 5765 (3.0.
