4084 6148
443 257 548 312 305

1577 227 2035 305 CLEMENTINA.
2057 273 2126 288 -
2148 233 2446 298 HOMILIA
2489 242 2597 298 xu.

3587 241 3694 296 506

517 371 581 426 ν.
603 370 780 441 Κάγὼ
807 337 1216 441 ἀπεκρινάμην·
1243 366 1336 436 Μὴ
1357 365 1534 420 τοίνυν
1555 365 1780 437 νομίσῃς
1798 405 1811 426 ,
1836 363 2011 436 κύριε,

2189 357 2258 412 ν.
2298 355 2363 412 Et
2393 374 2492 431 ego
2517 358 2773 430 respondi
2803 355 2960 413 :Noll
2986 365 3168 411 autem
3191 365 3418 426 putare,
3438 354 3690 425 “domine,
3783 417 3786 419 Α

442 464 524 518 ὅτι
547 463 616 517 τὰ
637 462 816 534 λύπης
839 461 1066 531 πάσχειν
1084 459 1312 532 ἦμελλον
1336 458 1594 530 ἀνοήτως,
1611 456 1745 511 ἀλλὰ
1762 456 1856 510 καὶ
1875 456 2016 508 πάνυ

433 555 582 628 ὀρθῷ
604 551 985 625 τινιλογισμῷ.
1011 553 1164 605 Ἐπεὶ
1181 551 1291 622 γάρ
1313 567 1393 615 σε,
1423 549 1579 622 κύριέ
1603 567 1724 620 μου,
1746 548 1866 602 ἀντὶ
1886 547 2018 601 πάν-

433 665 542 700 των
565 646 692 717 ἔχω,
709 644 913 717 πατρός
933 661 993 697 τε
1017 643 1108 697 καὶ
1129 643 1331 714 μητρὸς
1347 642 1438 695 καὶ
1458 641 1702 710 ἀδελφῶν
1720 640 1812 694 καὶ
1829 657 2019 708 συγγε-

438 738 566 799 νῶν,
595 736 764 790 αῖτιὸν
791 752 880 808 μοι
901 735 1189 806 γενόμενον
1215 734 1302 787 διὰ
1327 733 1418 787 τὸν
1456 733 1587 787 Θεὸν
1619 733 1718 804 τῆς
1741 731 2018 804 σωζούσης

439 828 698 902 ἀληθείας
712 868 727 892 ,
764 828 884 881 ἀντὶ
905 826 1122 881 πάντων
1139 827 1278 898 ἔχων
1299 844 1359 881 σε
1379 824 1730 899 παραμυθίας
1745 825 1843 896 τῆς
1867 825 2018 896 μεγί-

442 937 574 992 στης
589 918 857 989 τυγχάνω.
873 917 1018 989 Πρὸς
1038 917 1266 980 τούτοις,
1283 915 1465 980 δεδιώς
1491 933 1591 988 μου
1611 915 1818 987 καὶτῆς
1835 916 2018 987 ἀκμῆς

439 1006 537 1076 τὴν
571 1007 634 1057 ὲκ
665 1002 881 1074 φύσεως
901 1002 1219 1074 ἐπιθυμίαν,
1244 1001 1512 1073 ἠγωνίων,
1542 1002 1619 1072 μή
1654 1018 1771 1064 πως
1803 1000 2020 1053 ἀπολει-

441 1097 596 1165 φθείς
625 1109 741 1162 σου,
768 1094 1057 1167 ἄνθρωπος
1084 1094 1161 1148 ῶν
1182 1093 1468 1166 νεώτερος,
1491 1094 1664 1164 ὅσπερ
1678 1093 1722 1124 ’⁷
1738 1090 1833 1146 νῦν
1851 1089 2025 1155 οὕτως

441 1190 746 1254 ἔνστάσεως
771 1188 900 1260 ἔχω,
922 1189 999 1254 ὡς
1035 1190 1100 1265 ἂν
1129 1189 1203 1263 μὴ
1232 1191 1374 1245 κατά
1398 1207 1518 1243 τινα
1542 1189 1700 1260 χόλον
1722 1184 1857 1242 Θεοῦ
1886 1187 2023 1240 ἀπο-

441 1274 627 1345 στῆναί
661 1292 755 1327 σου
781 1275 1041 1329 ἀδύνατον
1073 1272 1286 1340 εἷναι³⁸,
1312 1277 1490 1348 ἥττων
1517 1277 1682 1348 258
1730 1278 2019 1350 ἐπιθυμίας

437 1363 650 1436 ἔσομαι.
685 1366 820 1419 Ἀλλ’
847 1367 1035 1438 ἐπειδὴ
1062 1367 1242 1438 πολλῷ
1261 1369 1483 1439 ἄμεινον
1500 1371 1591 1423 καὶ
1615 1369 2017 1442 ἀσφαλέστερον

439 1456 674 1508 συνεῖναί
692 1455 757 1526 μέ
771 1473 873 1520 σοι,
885 1455 1078 1527 τούτῳ,
1155 1457 1200 1488 ¹⁹
1215 1458 1242 1510 ὁ
1256 1457 1380 1521 νοῦς
1393 1475 1491 1528 μου
1507 1459 1769 1514 αἰδεῖσθαι
1784 1460 2017 1529 εὐλόγως

438 1547 783 1618 προείληφεν,
818 1547 898 1601 διὸ
923 1548 1098 1618 πάντη
1131 1565 1212 1601 σοι
1237 1549 1280 1580 ³⁸
1310 1553 1546 1604 συνεῖναι
1579 1549 1828 1623 εὔχομαι.
1873 1553 2018 1625 Πρὸς

435 1635 642 1698 τούτοις
660 1636 716 1688 δὲ
743 1637 1025 1708 μέμνημαί
1045 1653 1135 1689 σου
1153 1639 1210 1692 ὲν
1229 1639 1536 1711 Καισαρείᾳ
1555 1641 1801 1704 εἰπόντος
1815 1657 1828 1671 ο
1853 1640 2018 1704 Είτις

2117 451 2266 523 quod
2303 451 2466 506 istum
2492 466 2782 506 mmrorem
2819 442 3140 519 insipienter
3174 448 3276 503 sint
3309 463 3686 518 perpessurus,

2118 544 2369 615 quinimo
2397 544 2688 599 admodum
2717 552 2864 598 recta
2884 543 3118 596 ratione.
3143 539 3415 606 Quoniam
3439 543 3582 595 enim
3614 549 3687 608 te,

2118 639 2339 693 domine
2371 637 2478 704 mi,
2510 651 2609 706 pro
2640 634 2895 689 omnibus
2923 634 3119 697 habeo,
3153 647 3253 701 pro
3285 640 3457 701 patre,
3495 639 3688 695 matre,

2119 726 2384 784 fratribus
2419 737 2475 782 et
2509 726 2756 798 cognatis
2777 767 2794 794 ,
2828 725 2923 794 qui
2956 740 3054 794 per
3084 725 3254 778 Deum
3308 731 3502 778 auctor
3556 723 3689 777 mihi

2119 817 2271 874 fuisti
2319 819 2677 888 agnoscenda:
2723 817 3038 872 servatricis
3086 815 3364 881 veritatis,
3407 814 3461 868 in
3509 807 3727 869 locum'

2117 912 2365 968 omnium
2416 911 2626 966 habens
2681 918 2736 965 te
2786 909 3025 964 maxima
3081 907 3237 962 fruor
3287 908 3686 963 consolatione.

2115 1000 2384 1056 Przeterea
2413 1002 2624 1056 veritus
2654 999 2957 1069 iuventutis
2991 1015 3124 1054 mea:
3159 997 3461 1053 naturalem
3487 1013 3692 1052 concu-

2119 1093 2439 1162 piscentiam
2476 1093 2674 1146 anxius
2718 1106 2865 1144 eram
2891 1131 2906 1156 ,
2941 1106 3008 1144 ne
3053 1089 3194 1144 forte
3219 1131 3234 1156 ,
3269 1077 3363 1160 qui
3401 1090 3567 1143 homo
3592 1089 3688 1159 ju-
3741 1148 3744 1150 ,

2118 1185 2272 1238 venis
2306 1199 2427 1238 sum
2456 1223 2470 1249 ,
2507 1183 2818 1251 disjunctus
2850 1199 2880 1236 a
2915 1191 2966 1236 te
3001 1181 3116 1251 (qui
3155 1195 3298 1235 nunc
3331 1181 3406 1234 ita
3443 1181 3687 1235 animum

2121 1275 2326 1340 induxi,
2359 1284 2418 1328 ut
2450 1275 2658 1343 absque
2683 1273 2864 1328 divina
2896 1275 3130 1342 quadam
3169 1273 3248 1326 ira
3278 1287 3387 1329 non
3417 1272 3622 1342 possim
3650 1272 3687 1326 'a

2118 1373 2170 1419 te
2201 1366 2444 1436 divelli),
2475 1381 2506 1419 a
2549 1365 2847 1436 cupiditate
2881 1365 3151 1418 vincerer.
3185 1363 3292 1418 Sed
3335 1365 3466 1434 quia
3517 1368 3690 1418 tnulto

2118 1458 2312 1513 melius
2335 1473 2400 1512 ac
2432 1457 2605 1512 tutius
2627 1465 2729 1523 est,
2760 1471 2849 1512 me
2878 1456 3268 1526 manerc‘apud
3303 1465 3377 1521 te,
3412 1455 3686 1515 hominem
3732 1455 3737 1460 ’

2117 1565 2278 1618 quem
2322 1549 2539 1604 animus
2590 1563 2747 1603 meus
2789 1549 2986 1603 merito
3031 1548 3269 1605 revereri
3303 1547 3574 1611 instituit,
3607 1547 3688 1602 id-

2117 1639 2267 1694 circo
2313 1639 2540 1694 omnino
2589 1647 2767 1694 tecum
2821 1654 2943 1694 esse
2976 1649 3122 1709 opto.
3182 1639 3262 1693 Ad
3298 1638 3414 1692 haec
3462 1639 3687 1693 memini

439 1725 686 1796 βούλεταί
716 1744 804 1798 μοι
839 1727 1170 1793 συνοδεῦσαι,
1200 1728 1438 1791 εὐσεϐῶς
1465 1730 1790 1784 συνοδευέτω
1810 1729 1876 1784 ³¹.
1904 1731 2011 1784 Εὐ-

2117 1741 2167 1787 te
2193 1733 2334 1803 apud
2369 1727 2675 1788 Caesaream
2710 1734 2914 1788 dixisse
2951 1752 2964 1788 :
3094 1733 3218 1804 quis
3247 1733 3365 1788 vult
3397 1747 3484 1786 me
3515 1733 3688 1787 conni-

439 1818 614 1882 σεὸῶς
629 1819 685 1870 δὲ
705 1819 858 1892 έςρης,
885 1820 946 1873 τὸ
971 1821 1171 1892 μηδένα
1195 1821 1383 1874 λυπεῖν
1402 1820 1542 1876 κατὰ
1567 1822 1718 1886 Θεὸν,
1741 1820 1851 1876 οἷον
1874 1824 2012 1876 ἀπο-

436 1909 660 1964 λιπόντα
682 1911 725 1943 ³¹
749 1915 948 1980 γονεῖς,
973 1917 1207 1982 γυναῖκα
1230 1915 1520 1986 ὁμόφρονα,
1545 1915 1578 1987 ἢ
1606 1915 1826 1987 ἐτέρους
1861 1914 2014 1977 τινὰς

437 2005 504 2074 τῇ
539 2002 818 2075 θεοσεϐείᾳ
852 2005 1302 2076 προσκειμένους.
1340 2005 1500 2060 Ὅθεν
1519 2006 1632 2075 ἐγὼ
1654 2006 1798 2060 κατὰ
1835 2007 2013 2061 πάντα

438 2095 739 2165 ἐπιτήδειός
787 2097 900 2168 είμί
949 2114 1030 2151 σοι
1082 2097 1489 2170 συνοδοιπόρος,
1532 2092 1577 2167 ᾧ
1620 2100 1668 2152 εί
1701 2098 1886 2153 καὶτὰ
1915 2097 2013 2169 μέ-

437 2202 600 2254 γιστα
625 2186 846 2259 χαρίζῃ,
880 2187 982 2252 τὰς
1013 2187 1214 2242 δούλων
1251 2205 1343 2259 μοι
1377 2190 1680 2261 ὑπηρεσίας
1714 2192 2015 2262 συγχωρεῖς

441 2279 634 2332 ποιεῖν.
669 2301 671 2303 ί

511 2404 596 2460 Vl.
638 2405 747 2460 Καὶ
770 2407 799 2459 ὁ
831 2405 1057 2476 Πέτρος,
1087 2407 1344 2472 ἀκούσας,
1369 2404 1663 2476 γελοιάζων
1688 2404 1792 2476 ἔφη
1808 2423 1821 2435 ·
1841 2405 1905 2459 Τί
1920 2401 2014 2459 οὖν

439 2495 561 2561 οἴει,
588 2495 839 2569 Κλήμης,
880 2497 956 2567 μὴ
999 2497 1090 2550 ὑπ’
1124 2497 1292 2569 αὐτῆς
1324 2497 1569 2567 ἀνάγκης
1612 2511 1670 2547 σε
1703 2495 1783 2556 είς
1814 2493 2013 2546 δούλων

440 2603 530 2658 μοι
562 2586 793 2657 ταγῆναι
835 2587 1034 2653 τόπον;
1071 2587 1222 2640 Ἐπεὶ
1246 2587 1330 2650 τίς
1360 2585 1460 2648 τὰς
1484 2584 1654 2648 καλὰς
1688 2585 1782 2637 καὶ
1815 2583 2014 2647 πολλὰς

437 2675 679 2738 σινδόνας
703 2675 840 2746 μετὰ
872 2675 979 2728 τῶν
1011 2675 1292 2746 ἑπομένων
1328 2690 1418 2745 μοι
1439 2671 1738 2726 δακτυλίων
1762 2669 1855 2724 καὶ
1880 2670 2014 2722 ὐπο-

433 2769 641 2840 δήσεων
684 2767 946 2837 φυλάξει;
993 2769 1090 2832 Τίς
1119 2767 1177 2821 δὲ
1220 2767 1313 2821 καὶ
1345 2765 1415 2821 τὰ
1454 2765 1582 2836 ἡδέα
1617 2765 1709 2818 καὶ
1745 2761 2008 2833 πολυτελῆ

433 2859 1008 2931 δψα³³προετοιμάσει,
1043 2858 1218 2926 ἅτινα,
1253 2856 1468 2911 ποικίλα
1503 2857 1650 2923 ὄντα,
1682 2854 1887 2909 πολλῶν
1919 2856 2011 2908 καὶ

433 2951 695 3023 τεχνιτῶν
721 2951 765 2983 ³⁸
797 2950 966 3004 δεῖται
1009 2949 1313 3022 μαγείρων,
1341 2951 1433 3002 καὶ
1476 2948 1653 3002 πάντα
1697 2948 1880 3000 ἐκεῖνα
1911 2947 2012 3000 ὅσα

2117 1827 2243 1892 tari,
2279 1825 2367 1895 pie
2396 1827 2712 1883 Comitetur.
2745 1825 2842 1881 Pie
2875 1835 3060 1880 autem
3103 1827 3325 1882 dicebas
3347 1869 3362 1894 ,
3411 1823 3684 1881 neminem

2116 1915 2341 1971 tristitia
2369 1917 2668 1970 secundum
2701 1915 2868 1971 Deum
2899 1917 3133 1982 allicere,
3157 1917 3305 1973 velut
3329 1918 3686 1988 relinquendo

2114 2014 2387 2078 parentes,
2423 2021 2650 2062 uxorem
2693 2008 3035 2072 unanimem,
3071 2017 3166 2063 aut
3199 2009 3341 2065 alios
3373 2025 3515 2064 verae
3551 2010 3686 2064 reli-‘

2115 2098 2263 2170 gioni
2297 2099 2566 2155 addictos.
2607 2097 2762 2155 Unde
2793 2116 2894 2172 ego
2936 2116 3162 2171 prorsus
3207 2103 3304 2157 tibi
3349 2118 3469 2157 sum
3523 2095 3717 2172 aptos'

2115 2189 2330 2244 itineris
2368 2203 2572 2256 comes,
2608 2205 2638 2244 a
2671 2206 2780 2260 quo
2821 2192 2867 2245 si
2899 2191 3195 2246 maximam
3229 2193 3362 2247 velis
3389 2193 3528 2247 inire
3560 2193 3686 2262 gra-

2115 2281 2273 2346 tiam,
2309 2281 2617 2336 ministeria
2653 2295 2937 2336 servorum
2972 2281 3126 2336 obire
3152 2281 3288 2336 mihi
3321 2286 3608 2337 concedes.

2187 2390 2274 2446 V'l.
2298 2390 2413 2450 Hoc
2440 2395 2645 2463 audito,
2675 2393 2868 2450 Petrus
2901 2396 3190 2452 subridens
3226 2397 3301 2451 ait
3329 2415 3343 2452 :
3378 2397 3518 2463 Quid
3550 2413 3683 2468 ergo

2112 2493 2292 2553 putas,
2328 2483 2584 2540 Clemens
2609 2525 2624 2550 ,
2661 2487 2806 2556 quod
2851 2502 2962 2542 non
2997 2488 3114 2557 ipsa
3151 2490 3477 2544 necessitate
3520 2499 3577 2544 tu
3626 2490 3680 2545 iu

2113 2593 2394 2633 servorum
2429 2580 2607 2634 locum
2637 2580 2770 2634 mihi
2800 2581 3107 2651 redigeris?
3139 2581 3273 2637 Nam
3308 2585 3432 2654 quis
3465 2584 3683 2656 elegan-

2113 2677 2194 2723 tes
2225 2684 2289 2725 ac
2323 2671 2522 2725 multas
2558 2669 2818 2727 sindones
2867 2687 2991 2726 cum
3045 2671 3319 2742 adjunctis
3367 2674 3584 2729 annulis
3627 2683 3684 2728 et

2111 2759 2310 2816 calceis
2344 2761 2475 2816 mihi
2510 2762 2823 2818 custodiet?
2854 2761 2989 2829 Quis
3019 2779 3149 2818 vero
3182 2772 3235 2818 et
3268 2764 3455 2818 suavia
3488 2761 3685 2834 exqui-

2111 2851 2328 2921 sitaque
2375 2852 2604 2922 opsonia
2638 2853 3002 2924 prazparabit,
3039 2869 3160 2922 quae
3193 2864 3323 2908 cum"
3350 2856 3500 2909 varia
3535 2855 3678 2919 sint,

2111 2943 2312 2998 multos
2345 2958 2409 3000 ac
2439 2943 2643 3014 peritos
2675 2945 2956 3014 postulant
2983 2960 3191 3016 coquos
3223 2963 3238 3000 :
3270 2953 3324 3002 et
3357 2946 3538 3003 omnia
3566 2947 3676 3012 illa,

436 3041 922 3114 ἑκτεθηλυμμένων
945 3042 991 3074 ³⁵
1025 3041 1326 3112 ἀνθρώπων
1352 3041 1428 3104 ὡς
1460 3039 1632 3112 θηρίῳ
1679 3038 1896 3110 μεγάλῳ
1937 3041 2004 3108 τῇ

2112 3051 2236 3106 quae
2268 3036 2411 3107 apud
2439 3035 2784 3092 ell‘eminatos
2814 3037 3063 3093 homines
3086 3037 3390 3108 cupiditati,
3420 3027 3688 3108 tanhuant‘

436 3131 698 3203 ἐπιθυμίᾳ
731 3133 795 3185 ὲκ
838 3131 1015 3203 πάσης
1043 3130 1352 3197 πλεονεξίας
1377 3128 1703 3201 πορισθέντα
1728 3125 2008 3197 ἑτοιμάζε-

435 3237 552 3286 ται;
588 3221 734 3293 Πλὴν
767 3222 868 3294 ﬂ“
899 3223 1125 3292 τοιαύτη
1179 3237 1238 3274 σε
1285 3221 1602 3292 προαίρεσις
1653 3217 2004 3289 ύπεισῆλθεν,

437 3311 567 3376 ἴσως
601 3313 674 3385 μὴ
725 3313 950 3367 συνέντα
982 3314 1077 3367 καὶ
1107 3313 1198 3366 τὸν
1229 3312 1360 3383 ἐμὸν
1404 3310 1699 3380 ἀγνοοῦντα
1747 3309 1890 3381 βίον,
1925 3309 2008 3362 ὃτι

436 3402 584 3476 ἄρτῳ
612 3405 756 3476 μόνῳ
785 3405 880 3458 καὶ
919 3403 1125 3466 ἐλαίαις
1154 3403 1396 3474 χρῶμαι,
1426 3401 1520 3455 καὶ
1565 3400 1802 3462 σπανίως
1843 3398 2009 3469 λαχά-

435 3511 544 3558 voa;
564 3533 580 3558 ,
632 3496 724 3548 καὶ
745 3495 825 3547 ὃτι
855 3493 1066 3566 ίμάτιὸν
1095 3510 1184 3564 μοι
1223 3493 1316 3548 καὶ
1337 3491 1618 3565 τριϐώνιον
1640 3490 1750 3563 (55)
1774 3491 2006 3562 ὑπάρχει

433 3584 576 3638 τοῦτ’
602 3585 646 3617 ³⁷
681 3585 810 3639 αὐτὸ
841 3583 1311 3667 δπεριϐέϐλημαι,
1341 3585 1434 3639 καὶ
1475 3584 1663 3657 ἑτέρου
1696 3581 1881 3655 χρείαν
1907 3582 2008 3636 οὐκ

435 3676 542 3748 ἔχω
559 3678 676 3731 οὐδὲ
696 3665 1040 3750 259άλλων
1057 3665 1235 3731 τινῶν.
1265 3678 1351 3731 'Ev
1369 3677 1478 3748 γὰρ
1497 3676 1700 3740 τούτοις
1716 3675 1808 3728 καὶ
1828 3692 1894 3728 πε
1903 3690 2009 3746 ρισι

436 3769 683 3840 σεύομαι.
715 3771 773 3824 ὐ
805 3769 929 3834 νοῦς
966 3769 1075 3840 γάρ
1103 3787 1226 3841 μου,
1261 3769 1329 3824 τὰ
1353 3771 1469 3824 ἐκεῖ
1499 3768 1677 3822 πάντα
1700 3767 1840 3840 ὁρῶν
1875 3764 2007 3819 αίὼ-

433 3878 522 3914 νια
552 3862 752 3932 ἀγαθά,
795 3863 946 3917 οὐδὲν
975 3863 1084 3917 τῶν
1130 3861 1359 3917 ἐνταῦθα
1400 3861 1805 3934 περιϐλέπεται.
1835 3857 2003 3928 Πλὴν,

437 3951 530 4005 σοῦ
559 3953 658 4024 μὲν
689 3954 788 4025 τὴν
813 3953 1021 4024 ἀγαθὴν
1041 3953 1357 4026 προαίρεσιν
1383 3952 1732 4023 ἀποδέχομαι,
1759 3951 1854 4005 καὶ
1874 3951 2005 4008 θαυ-

437 4041 625 4113 μάςων
658 4044 881 4110 ἐπαινῶ,
910 4043 1028 4108 πῶς
1058 4045 1196 4116 ἀνὴρ
1237 4045 1300 4097 ἐκ
1326 4042 1628 4097 πολυτελῶν
1653 4043 1790 4098 ἐθῶν
1831 4045 2006 4118 ὑπάρ-

433 4153 544 4206 χων
589 4136 784 4207 ῥᾳδίως
820 4140 933 4201 τοῖς
963 4136 1276 4206 ἀναγκαίοις
1307 4135 1397 4189 τὸν
1436 4135 1659 4189 σεαυτοῦ
1694 4136 2005 4207 ὑπήλλαξας

435 4226 568 4296 βίον.
617 4228 804 4298 Ἡμεῖς
835 4228 944 4300 γάρ
978 4229 1042 4282 ὲκ
1069 4227 1292 4293 παίδων,
1329 4226 1438 4297 ἐγώ
1460 4245 1518 4281 τε
1552 4229 1645 4281 καὶ
1689 4229 1938 4300 Ἀνδρέας
1975 4231 2004 4282 ὁ

436 4316 696 4393 σύναιμος
722 4320 815 4373 καὶ
847 4320 988 4374 κατὰ
1031 4319 1162 4372 Θεὸν
1193 4319 1416 4389 ἁδελφὸς
1447 4317 1522 4373 ὢν
1555 4319 1712 4390 ἐμὸς,
1748 4320 1808 4372 οὐ
1846 4320 2002 4390 μόνον

2109 3127 2335 3182 immani
2388 3128 2609 3195 bestiaa,
2670 3144 2766 3199 per
2815 3145 3032 3184 omnem
3087 3131 3315 3200 quaesita
3370 3131 3559 3186 luxum
3614 3147 3678 3186 ac

2109 3216 2354 3271 fraudem
2389 3218 2688 3288 parantur?
2719 3217 2830 3272 Sed
2867 3218 3054 3274 forsan
3090 3220 3195 3275 hoc
3238 3229 3289 3275 te
3335 3221 3503 3275 subiit
3550 3237 3678 3291 pro-

2109 3308 2371 3378 positum,
2405 3310 2531 3380 quia
2566 3325 2673 3364 non
2709 3309 3040 3366 intellexeris
3085 3319 3248 3380 atque
3290 3311 3509 3381 ignores
3552 3313 3676 3365 vita:

2109 3414 2244 3455 meae
2276 3403 2567 3467 rationem,
2604 3401 2696 3471 qui
2733 3417 2872 3472 pane
2913 3402 3032 3458 solo
3064 3409 3118 3456 et
3151 3401 3310 3457 olivis
3343 3413 3488 3468 utor,
3524 3395 3673 3456 rare-

2108 3509 2214 3564 que
2240 3494 2504 3562 oleribus,
2528 3495 2729 3565 quique
2753 3494 3138 3549 chlimentum
3163 3508 3228 3549 ac
3250 3494 3473 3564 pallium
3500 3493 3674 3548 habeo

2109 3589 2214 3643 hoc
2246 3587 2424 3658 ipsum
2459 3602 2566 3658 quo
2599 3587 2832 3642 amictus
2865 3603 3011 3653 sum,
3033 3597 3087 3642 et
3118 3587 3225 3640 alio
3257 3602 3396 3656 opus
3429 3602 3534 3642 non
3572 3587 3672 3640 ha-

2107 3677 2232 3747 beo,
2268 3694 2445 3751 neque
2478 3679 2588 3735 ulla
2625 3694 2701 3735 re.
2735 3677 2870 3733 Nam
2904 3679 2958 3733 in
2996 3678 3082 3733 his
3111 3677 3275 3734 etiam
3299 3677 3512 3732 abunde
3539 3678 3671 3731 mihi

2105 3781 2210 3826 est.
2259 3761 2375 3826 Mea
2422 3771 2620 3841 quippe
2671 3786 2826 3827 mens
2862 3786 3092 3826 cernens
3144 3769 3254 3825 illic
3297 3769 3480 3824 omnia
3529 3769 3672 3823 bona

2106 3872 2327 3929 aeterna,
2353 3863 2489 3918 nihil
2509 3879 2698 3918 eorum
2734 3879 2857 3935 quae
2887 3863 2975 3917 hic
3007 3870 3138 3918 sunt
3167 3862 3382 3931 aspicit.
3417 3862 3670 3917 Attamen

2106 3963 2262 4008 tuum
2293 3954 2570 4025 egregium
2605 3955 2846 4025 approbo
2897 3955 3240 4021 institutum,
3285 3954 3563 4023 mirorque
3607 3969 3672 4006 ac

2104 4041 2301 4108 laudo,
2336 4058 2446 4112 quo
2496 4044 2656 4097 modo
2687 4058 2812 4099 cum
2846 4043 2923 4099 sis
2963 4043 3047 4098 vir
3095 4045 3149 4098 in
3192 4045 3302 4099 vita
3350 4052 3669 4114 sumptuosa

2105 4135 2369 4190 educatus
2391 4176 2406 4201 ,
2441 4133 2600 4191 facile
2641 4135 2860 4190 vivendi
2895 4136 3162 4191 rationem
3211 4137 3586 4192 immutaveris
3618 4146 3671 4191 et

2104 4227 2170 4282 ad
2220 4227 2336 4282 sola
2369 4227 2676 4282 necessaria
2712 4227 3040 4283 traduxeris.
3075 4226 3186 4283 Nos
3224 4229 3369 4283 enim
3412 4244 3441 4282 a
3475 4243 3668 4297 puero,

2104 4334 2206 4390 ego
2239 4327 2293 4374 et
2324 4317 2589 4383 Andreas,
2620 4319 2714 4388 qui
2747 4319 2988 4389 ejusdem
3020 4335 3232 4374 mecum
3261 4319 3542 4388 sanguinis
3563 4327 3667 4382 est,

432 4412 490 4464 ὲν
515 4383 747 4484 όρςρανίᾳ
772 4413 1200 4485 ἀνατραφέντες,
1228 4383 1362 4466 ἀλλά
1401 4411 1496 4465 καὶ
1690 4383 1879 4476 πενίας
1907 4413 2002 4465 καὶ

2112 4429 2371 4483 meusque
2402 4413 2702 4469 secundum
2732 4413 2902 4468 Deum
2938 4413 3123 4479 frater,
3155 4430 3266 4468 non
3287 4414 3460 4468 solum
3487 4413 3539 4466 in
3565 4429 3670 4482 pu-

431 4505 731 4573 κακουχίας
774 4505 855 4567 είς
886 4505 1146 4576 ἐργασίαν
1165 4505 1210 4536 ³⁸
1242 4503 1567 4566 ἐθισθέντες,
1603 4503 1858 4575 εὐμαρῶς
1902 4503 1998 4558 νῦν

2112 4507 2296 4577 pillatu
2345 4506 2603 4573 educati,
2639 4522 2824 4561 verum
2873 4507 3036 4562 etiam
3072 4515 3296 4576 prepter
3347 4505 3582 4574 inopiam
3615 4516 3668 4559 et

430 4593 529 4658 τὰς
564 4595 672 4648 τῶν
713 4595 849 4650 ὁδῶν
876 4595 1114 4669 φέρομεν
1140 4595 1407 4659 σκύλσεις.
1457 4594 1618 4649 Ὅθεν
1639 4636 1655 4661 ,
1690 4597 1739 4649 εί
1780 4593 1995 4648 ἐπείθου

2112 4610 2376 4650 Lerumnas
2409 4595 2476 4650 ad
2510 4594 2754 4650 laborem
2788 4596 3100 4659 assuefacti,
3134 4597 3382 4666 expedite
3407 4611 3554 4651 nunc
3577 4595 3664 4650 iti-

1733 4749 1958 4807 VARIA‘J
1980 4745 2377 4804 LECTION‘ES.

428 4952 557 5001 (είδρὸ
574 4952 876 5006 αποστηναι
909 4952 973 4990 Ut
1004 4952 1052 4990 (Ξ.
1075 4952 1223 5007 Ep".
1244 4952 1281 4989 ι.
1309 4952 1382 4998 0.,
1407 4952 1662 4986 αποστειν
1681 4952 1743 4988 ιι.
1819 4952 1864 4966 ⁵·
1898 4952 1974 4987 Ita
1991 4952 2011 4989 Ι

427 5004 549 5086 ’ἕπε
575 5020 660 5086 “es
680 5005 744 5086 9,-
779 5073 793 5086 .
821 5006 865 5037 “
899 5005 1137 5086 εὐςεσῷς
1157 5003 1481 5086 “Metam
1505 5001 1716 5086 91";.0-
1737 5000 1895 5086 .149!“
1926 5003 2011 5086 λεδ

2112 4952 2155 4997 ⁷.,
2182 4952 2232 4985 ει
2255 4952 2316 4986 υ.
2335 4952 2400 4986 υ.
2479 4952 2522 4964 "
2549 4952 2776 4996 τουτ...ς
2803 4952 2925 5002 (sm;
2951 4952 3048 5001 pro
3065 4952 3240 5003 τούτῳ
3286 4953 3301 4986 ›
3323 4952 3387 4989 υ.
3463 4952 3508 4967 ’ν
3534 4952 3597 4989 πε

2112 5020 2116 5042 ν
2143 5002 2334 5086 (ξλεορέ
2366 5001 2497 5086 Reg.
2533 5001 2658 5086 8.94,
2681 5001 2883 5084 λυποῦν
2908 5002 2968 5065 C,
2993 5001 3237 5086 λυπῆσαι.
3257 4952 3400 5086 ἵξρὶέ,
3421 5020 3473 5086 ρ,
3508 5005 3597 5086 Ἱξ),

431 5072 476 5152 1'
508 5071 817 5152 ltaflpipl.
840 5091 925 5152 _c.,
962 5066 1340 5152 dwelt-1:619.
1373 5073 1484 5152 Ο.Λ
1515 5071 1697 5152 939:1
1705 5066 1939 5152 ‘Epitac.
1973 5073 2003 5126 7

2112 5083 2130 5126 t
2162 5071 2376 5152 0,-6ψη
2410 5066 2504 5152 (ΖΑ
2551 5071 2902 5152 ³⁸Ξεχνικῶν,
2953 5073 3092 5152 epit._
3221 5066 3668 5152 ἐκτεθηλυμένων

434 5140 492 5198 S.
571 5143 618 5175 ³⁸
643 5139 784 5215 πλὴν
807 5147 855 5198 εί
883 5139 1007 5202 cod.
1039 5145 1174 5217 Reg.
1210 5144 1315 5199 804
1340 5153 1396 5200 et
1444 5139 1509 5199 Ο.
1550 5139 1722 5197 ’Τιιιιί
1744 5143 1992 5197 συνιέντα

2112 5156 2142 5204 t,
2218 5142 2260 5174 "
2286 5139 2444 5196 τοῦτο
2465 5142 2526 5198 C.
2604 5141 2650 5173 ³⁸
2681 5139 2972 5214 ἔργατείαν
2990 5139 3116 5198 cod.
3159 5141 3290 5213 Reg.
3321 5139 3426 5199 804
3449 5139 3503 5198 et
3527 5144 3591 5199 0.

1769 5291 2134 5351 VARIORUM
2167 5293 2399 5352 NOTAE.

501 5394 616 5465 (55)
646 5389 972 5465 Τρισώνιον.
1008 5389 1398 5465 Tribunatjum
1420 5385 1623 5465 dicitur
1663 5386 1984 5465 nonnsemel

2117 5389 2336 5465 udum"
2370 5389 2866 5465 κατατετριμμένον
2902 5389 3084 5465 ῥάκος-ν
3121 5390 3372 5465 παλλίον,
3393 5389 3449 5444 1η
3484 5389 3665 5465 {Auso-

431 5464 484 5518 in
507 5455 832 5519 Narratione
855 5462 922 5515 de
943 5460 1224 5530 Apollonio
1258 5457 1441 5531 Tyrio,
1459 5462 1730 5531 Augustae
1752 5455 1993 5531 Yindeli:
2097 5455 2208 5531 nio,
2253 5459 2574 5531 epigramm.
2601 5455 2691 5531 5g,
2711 5455 2917 5531 ἰτὶίιοηζ
2947 5459 3116 5514 Paulo
3146 5455 3270 5515 ante
3295 5459 3456 5514 Liber
3484 5459 3665 5528 Regis,

430 5551 617 5588 eorum
631 5535 796 5598 edita,
813 5546 912 5602 pro
925 5525 1282 5584 tri'bonarium
1304 5525 1321 5582 ξ
1337 5527 1416 5602 [γε
1430 5529 1689 5598 despicias
1709 5525 1992 5602 tribunarii

2112 5528 2235 5602 τλὴν
2267 5525 2317 5584 εί
2345 5525 2598 5600 ἶιτοιειύτη.
2633 5529 2702 5587 Ει
2735 5529 2837 5586 8th
2874 5531 3037 5587 linem
3073 5531 3286 5601 capitis,
3324 5525 3658 5602 ἐργαστείαν.

430 5595 830 5673 paupertatem:
865 5599 1189 5673 Est__ante_m
1253 5595 1532 5673 τριᾷώνιον
1579 5614 1673 5652 seu
1725 5595 1994 5673 TPIﬁéVLO?
2092 5595 2225 5655 Cor.

433 5665 914 5741 grammaticorum
945 5671 1072 5726 ﬁliis
1099 5668 1160 5722 τὸ
1193 5665 1414 5722 παλαιὸν
1448 5667 1538 5722 καὶ
1565 5665 1917 5740 τετριμμένον
1931 5665 1992 5719 τὸ
