4084 6148
386 194 492 251 507

1210 197 1271 253 s.
1308 195 1750 252 CLEMENTISI
1791 192 1956 252 non.
1992 191 2195 247 rem.
2235 157 2468 248 orem
2499 193 2730 251 ouem.

390 325 581 390 norum
617 311 936 368 vexationes
961 309 1210 369 ferimus.
1239 310 1421 378 Quare
1452 311 1499 366 si
1525 311 1779 368 crederes
1805 309 1962 370 mihi,

2070 323 2194 378 μοι,
2240 307 2364 378 ἐμοὶ
2407 305 2476 361 ἂν
2507 307 2972 380 συγκεχωρήκεις,
3004 304 3162 378 ἀνδρὶ
3194 303 3436 378 ἐργάτῃ,
3471 303 3556 358 σοὶ
3579 302 3655 356 τὰ

389 417 674 458 servorun:
708 404 886 460 officia
919 419 1030 472 me,
1065 401 1346 459 hominem
1371 402 1708 472 operarium,
1733 401 1829 458 tibi
1862 401 1968 457 im-

390 491 630 561 pendere
662 495 1014 551 concederes.

465 581 576 638 Ἧι.
611 585 684 639 At
716 599 819 657 ego
852 585 969 640 ltzec
1003 583 1236 642 audiens
1269 583 1576 641 contremui
1610 593 1666 640 et
1696 585 1965 657 collacry-

391 678 574 740 mavi,
626 679 776 748 quod
825 678 989 734 talem
1042 677 1325 734 habuisset
1377 678 1684 735 orationem
1719 679 1824 746 vir,
1857 694 1971 750 quo

392 770 573 825 cuncti
625 770 782 840 hujus
828 769 1008 825 aetatis
1056 769 1308 826 homines
1353 771 1570 827 ratione
1615 771 1860 826 scientiae
1904 787 1970 827 ac

392 859 612 927 pietatis
663 859 901 914 minores
937 868 1086 914 sunt.
1135 857 1275 914 Tum
1320 859 1412 915 ille
1454 859 1848 932 lacrymantem
1882 877 1971 918 me

390 951 586 1005 videns
614 964 838 1005 causam
875 949 1242 1022 Iacrymarum
1277 951 1726 1022 percontabatur.
1763 950 1830 1006 Et
1867 967 1971 1024 ego

393 1040 648 1108 respondi
695 1058 708 1092 :
753 1038 894 1105 Quid
950 1049 1160 1095 tantum
1206 1042 1472 1111 peccavi,
1506 1050 1568 1098 ut
1599 1041 1735 1096 mihi
1770 1041 1966 1112 hujus-

394 1129 542 1183 modi
582 1129 860 1198 proferres
894 1132 1247 1186 sermonem?
1279 1130 1346 1185 Et
1379 1131 1577 1187 Petrus
1602 1133 1815 1203 excepit
1858 1152 1871 1187 :
1909 1131 1970 1187 Si

393 1218 598 1272 malum
627 1229 744 1284 est,
772 1221 922 1289 quod
956 1221 1106 1292 dixi,
1142 1230 1203 1276 ut
1252 1222 1486 1278 serviam
1523 1224 1617 1279 tibi
1646 1265 1662 1290 ,
1711 1235 1766 1280 tu
1819 1225 1972 1295 prior

395 1311 662 1379 peccasti,
697 1311 799 1367 hoc
833 1311 968 1366 mihi
1007 1313 1297 1384 postulans
1331 1315 1534 1370 facere.
1567 1313 1632 1370 Et
1667 1330 1770 1386 ego
1803 1334 1816 1370 :
1847 1313 1986 1390 Non.

393 1411 518 1466 est,
555 1402 777 1469 inquam
807 1442 822 1464 .
854 1401 1032 1457 simile
1063 1420 1078 1457 :
1115 1419 1202 1457 me
1256 1403 1402 1457 enim
1459 1403 1566 1459 hoc
1611 1418 1772 1474 agere
1816 1403 1972 1458 decet

393 1493 636 1559 omnino,
671 1503 723 1549 te
757 1504 964 1557 autem,
992 1495 1085 1564 qui
1110 1510 1170 1549 es
1197 1492 1291 1550 Dei
1323 1510 1503 1565 prmco
1525 1505 1580 1550 et
1606 1504 1827 1552 nostras
1856 1512 1972 1552 ser-

395 1599 490 1639 vas
535 1585 772 1650 animas,
809 1584 860 1639 id
894 1586 1027 1640 mihi
1063 1585 1245 1641 facere
1293 1603 1460 1658 grave
1503 1597 1608 1643 est.
1659 1587 1728 1644 Et
1775 1587 1971 1645 Petrus

2061 397 2267 464 δούλων
2291 398 2646 471 ἀποπληροῦν
2681 399 2858 472 μέρη..

2139 575 2252 632 VII.
2288 575 2429 646 Ἐγὼ
2454 576 2512 631 δὲ
2538 574 2778 640 ἀκούσας
2803 575 3104 648 σύντρομος
3122 573 3392 646 ἐγενόμην
3417 573 3514 627 καὶ
3541 572 3656 625 ἐπί-

2067 670 2300 743 δακρυς,
2347 667 2458 723 οἷον
2485 668 2639 734 λόγον
2671 663 2825 720 εἶπεν
2851 668 3014 739 ἀνὴρ,
3041 659 3102 722 οῦ
3129 665 3333 728 πάντες
3354 665 3402 717 οἱ
3430 663 3532 734 τῆς
3556 660 3656 715 νῦν

2067 764 2260 832 γενεᾶς
2285 761 2560 834 ἄνθρωποι
2591 761 2669 832 τῷ
2695 761 2794 832 τῆς
2817 758 3071 829 γνώσεως
3093 759 3188 813 καὶ
3209 756 3491 819 εὐσεϐείας
3511 754 3659 825 λόγῳ

2069 859 2264 929 ἥττους
2284 855 2330 888 ³⁹
2355 855 2730 925 τυγχάνουσιν.
2757 854 2814 906 '0
2839 853 2918 916 δὲ,
2946 850 3070 906 ίδών
3102 869 3169 924 με
3195 849 3519 922 σύνδακρυν,
3544 845 3660 902 τῶν

2069 947 2318 1020 δακρύων
2344 947 2570 1001 ἐπύθετο
2593 947 2695 1018 τὴν
2719 946 2916 999 αἰτίαν.
2943 942 3114 1013 Κάγὼ
3139 942 3273 1014 ἔφην
3289 960 3304 973 ο
3331 941 3396 995 Τί
3417 939 3658 994 τοιοῦτον

2069 1042 2344 1114 ἥμαρτον,
2373 1040 2461 1094 ἵνα
2496 1056 2586 1110 μοι
2616 1038 2856 1092 τοιοῦτον
2875 1037 2920 1069 ’⁵ο
2953 1036 3114 1108 εῖπῃς
3139 1035 3296 1104 λόγον
3321 1052 3335 1101 ;
3364 1034 3474 1088 Καὶ
3499 1035 3528 1087 ό
3551 1032 3660 1086 Πέ-

2069 1151 2200 1207 τρος
2231 1133 2592 1206 ἀπεκρίνατο·
2623 1132 2688 1184 Εἰ
2718 1131 2816 1203 μὲν
2848 1131 3036 1194 κακῶς
3061 1129 3258 1202 εἴρηκα
3289 1128 3348 1181 τὺ
3371 1125 3661 1182 δουλεῦσαί

2075 1243 2178 1292 σοι,
2207 1226 2271 1280 σὺ
2309 1225 2525 1299 πρῶτος
2549 1226 2818 1298 ἥμαρτες,
2851 1223 2994 1276 τοῦτ’
3016 1222 3060 1254 ’ί
3084 1223 3208 1292 ἐμοὶ
3240 1219 3466 1290 ποιῆσαι
3493 1217 3662 1286 ἀξιώ-

2074 1337 2192 1381 σας.
2218 1318 2388 1389 Κάγὼ
2407 1318 2543 1391 ἔφην
2559 1335 2572 1348 ⁸
2596 1318 2707 1389 Οὐχ
2725 1315 2908 1388 ὅμοιόν
2928 1317 3098 1369 ἐστιν·
3117 1315 3242 1385 ἐμοὶ
3259 1313 3358 1385 μὲν
3369 1311 3479 1384 γὰρ
3497 1310 3665 1364 τοῦτο

2073 1415 2248 1468 ποιεῖν
2274 1413 2476 1485 πρέπει
2500 1411 2666 1473 πάνυ,
2712 1409 2796 1465 σοὶ
2838 1408 2894 1461 δὲ
2925 1406 3005 1478 τῷ
3028 1405 3122 1460 τοῦ
3145 1404 3280 1458 Θεοῦ
3313 1405 3513 1476 κήρυκι
3557 1402 3662 1467 τὰς

2040 1521 2046 1526 '
2071 1505 2348 1578 ἡμετέρας
2377 1503 2605 1568 σώζοντι
2635 1501 2813 1573 ψυχὰς
2844 1499 3081 1572 χαλεπὸν
3112 1495 3272 1551 τοῦτο
3302 1498 3476 1548 ποιεῖν
3508 1493 3660 1565 ἐμοί.

2073 1599 2184 1652 Καὶ
2213 1599 2242 1650 ό
2269 1595 2477 1668 Πέτρος
2509 1595 2842 1664 ἀπεκρίνατο
2863 1612 2876 1625 ·
2912 1591 3221 1662 Συνεθέμην
3247 1589 3311 1644 ἄν
3338 1605 3440 1652 σοι,
3469 1588 3592 1640 ἐπεὶ
3612 1587 3660 1618 ⁸³

396 1678 679 1746 respondit
702 1693 716 1731 :
742 1678 1164 1748 Acquiescerem
1191 1679 1309 1746 tibi,
1325 1695 1450 1735 cum
1473 1678 1738 1738 Dominus
1761 1691 1970 1749 noster,

2072 1691 2101 1744 ό
2131 1687 2336 1760 Κύριος
2377 1684 2556 1758 ἡμῶν,
2613 1685 2643 1738 ό
2691 1684 2786 1738 ἐπὶ
2833 1683 3078 1756 σωτηρίᾳ
3126 1682 3290 1754 260
3327 1679 3524 1742 παντὸς
3561 1677 3662 1732 τοῦ

397 1770 492 1839 qui
542 1770 610 1824 ad
653 1771 885 1826 salutem
917 1771 1091 1827 totius
1123 1771 1314 1826 mundi
1353 1772 1521 1836 venit,
1557 1787 1811 1841 unusque
1850 1787 1974 1829 om-

395 1860 546 1914 nium
579 1869 665 1916 est
700 1862 1118 1930 nobilissimus,
1163 1861 1482 1918 servitutem
1533 1863 1880 1929 sustinuerit,
1914 1873 1975 1919 ut

397 1969 497 2008 nos
530 1953 786 2008 suade-et
817 1968 927 2008 non
955 1953 1281 2008 erubescere
1316 1953 1580 2011 fratribus
1613 1955 1820 2011 nostris
1856 1971 1974 2011 ser-

393 2059 590 2098 vorum
639 2044 900 2100 exhibere
950 2044 1254 2100 ministeria
1278 2058 1329 2112 8,
1390 2047 1644 2116 quamvis
1675 2047 1972 2103 admodum

395 2136 610 2191 nobiles
655 2137 850 2192 simus.
888 2135 1026 2192 Tum
1065 2146 1168 2208 ego
1201 2137 1314 2193 dixi
1344 2153 1358 2191 :
1398 2136 1454 2192 Si
1490 2147 1706 2210 putem,
1740 2140 1886 2210 quod
1921 2151 1974 2198 te

397 2227 502 2282 sim
548 2237 912 2298 superaturus
941 2230 1190 2285 oratione
1213 2271 1231 2299 ,
1267 2229 1469 2287 stultus
1488 2244 1613 2286 sum
1645 2249 1661 2288 :
1696 2241 1973 2290 verumta-

397 2335 520 2375 men
557 2336 661 2391 ago
694 2322 901 2393 gratias
928 2323 1290 2394 providentiae
1333 2323 1467 2390 Dei,
1509 2324 1639 2394 quia
1683 2336 1972 2397 parentum

396 2415 518 2470 loco
551 2415 755 2471 habere
783 2423 835 2470 te
866 2417 1066 2473 merui.

473 2503 603 2560 VIII.
657 2504 725 2560 Et
762 2504 958 2562 Petrus
1005 2507 1363 2578 interrogavit
1395 2524 1411 2562 :
1446 2508 1689 2566 Nemone
1729 2524 1858 2565 vere
1904 2523 1972 2565 ex

396 2609 599 2667 genere
623 2596 718 2651 tibi
749 2597 1036 2666 superest?
1058 2597 1333 2668 Respondi
1359 2616 1372 2652 :
1403 2599 1546 2654 Sunt
1567 2599 1787 2670 quidem
1813 2598 1972 2653 multi

394 2697 451 2743 et
482 2695 732 2757 potentes
763 2687 902 2754 viri,
936 2697 1104 2760 atque
1133 2705 1199 2744 ex
1231 2690 1485 2762 prosapia
1517 2689 1779 2746 Caesaris.
1832 2687 1970 2745 Nam

397 2776 540 2848 patri
572 2791 734 2844 meo,
783 2785 970 2848 utpote
1004 2793 1113 2834 una
1147 2779 1414 2844 educato,
1455 2789 1744 2852 cognatam
1789 2778 1974 2836 Caesar

397 2870 515 2940 ipse
543 2867 727 2938 junxit
762 2883 1013 2936 uxorem,
1041 2868 1112 2925 de
1142 2885 1251 2941 qua
1287 2879 1400 2925 tres
1425 2870 1582 2928 liberi
1617 2871 1722 2926 orti
1759 2887 1972 2938 sumus,

398 2965 510 3020 duo
542 2963 764 3035 quidem
799 2970 928 3019 ante
958 2978 1067 3030 me,
1101 2965 1196 3035 qui
1230 2978 1354 3019 cum
1392 2973 1575 3021 essent
1609 2965 1842 3037 gemini,
1876 2966 1974 3020 ad-

348 3082 360 3100 ο
399 3057 621 3112 modum
658 3056 763 3112 sibi
814 3055 1048 3112 invicem
1090 3056 1300 3113 similes
1333 3065 1528 3125 erant,
1562 3066 1623 3112 ut
1655 3057 1772 3128 ipse
1820 3067 1974 3128 pater

397 3151 580 3205 aiebat
617 3147 748 3204 mihi
783 3164 798 3202 :
831 3163 931 3220 ego
964 3149 1110 3204 enim
1144 3163 1321 3219 neque
1347 3147 1482 3204 illos
1531 3163 1709 3219 neque
1747 3150 1974 3221 genitri-

398 3258 514 3298 cem
545 3241 702 3296 valde
730 3240 885 3305 novi,
921 3240 1017 3296 sed
1045 3240 1202 3311 quasi
1238 3255 1338 3310 per
1367 3237 1644 3295 somnium
1676 3240 1972 3298 obscuram

398 3350 591 3392 eorum
636 3331 872 3388 formam
924 3333 1135 3389 recolo.
1170 3329 1344 3386 Mater
1390 3347 1522 3403 ergo
1562 3347 1684 3387 mea
1727 3331 1972 3390 Mattidia

401 3425 704 3490 dicebatur,
737 3432 890 3496 pater
923 3433 1106 3479 autem
1135 3421 1395 3489 Faustus,
1424 3421 1653 3477 fratrum
1679 3439 1810 3478 vero
1838 3425 1975 3481 alter

402 3518 696 3573 Faustinus
721 3515 1044 3583 vocabatur,
1069 3515 1208 3570 alter
1239 3514 1520 3570 dicebatur
1557 3515 1971 3572 Faustinianus.

399 3612 535 3667 Cum
570 3611 736 3682 igitur
767 3611 962 3666 tertius
995 3624 1095 3679 ego
1133 3617 1260 3680 post
1292 3623 1390 3665 eos
1424 3620 1586 3666 natus
1618 3624 1822 3676 essem,
1855 3624 1974 3664 ma-

400 3715 483 3760 ter
510 3701 994 3774 (quemadmodum
1016 3711 1170 3771 pater
1200 3717 1354 3757 meus
1377 3700 1670 3774 referebat)
1695 3703 1972 3760 somnium

399 3797 557 3862 vidit,
589 3795 735 3866 quod
781 3793 888 3849 nisi
921 3792 1212 3850 confestim
1247 3793 1465 3849 duobus
1493 3793 1621 3852 filiis
1650 3796 1768 3851 suis
1797 3797 1972 3866 gemi-

401 3890 489 3944 nis
535 3889 840 3957 assumptis
889 3888 1081 3942 urbem
1127 3885 1359 3942 Romam
1403 3886 1599 3945 fuisset
1635 3904 1892 3960 egressa,
1920 3900 1976 3948 et

401 3983 668 4038 abfuisset
701 3981 863 4037 annis
891 3981 1180 4040 duodecim
1203 4021 1220 4048 ,
1253 3981 1370 4051 ipsa
1403 3998 1530 4036 eum
1569 3981 1638 4037 iis
1666 3983 1814 4038 letho
1843 3999 1972 4055 pes-

401 4075 543 4130 simo
575 4081 721 4127 esset
749 4071 1057 4126 interitura.

472 4163 565 4220 IX.
594 4162 757 4218 Pater
780 4163 966 4233 igitur,
1013 4163 1107 4234 qni
1135 4163 1430 4220 liberorum
1455 4178 1650 4219 amans
1671 4175 1810 4231 erat,
1845 4181 1970 4222 cum

401 4259 577 4314 servis
602 4267 656 4312 et
682 4256 920 4320 ancillis,
965 4270 1033 4312 ac
1053 4256 1182 4313 dato
1211 4256 1500 4313 sufficienti
1526 4256 1746 4319 viatico,
1783 4257 1840 4313 in
1876 4273 1975 4313 na~

475 4427 503 4458 α
532 4414 722 4472 Matth.
756 4429 850 4481 xx,
872 4412 963 4469 28.

2074 1779 2280 1850 κόσμου
2325 1775 2597 1848 ἐληλυθὼς
2618 1814 2635 1840 ,
2672 1774 2829 1847 μόνος
2874 1774 3019 1846 ὑπὲρ
3057 1774 3267 1838 πάντας
3299 1772 3526 1844 εὐγενὴς
3556 1769 3658 1832 ὢν,

2072 1871 2314 1926 δουλείαν
2338 1869 2654 1942 ὑπέμεινεν,
2677 1868 2764 1922 ἵνα
2786 1868 2935 1939 ἡμᾶς
2963 1867 3127 1939 πείσῃ
3158 1866 3232 1938 μὴ
3257 1865 3521 1919 αἰδεῖσθαι
3543 1865 3664 1926 τοῖς

2073 1963 2322 2034 ἀδελφοῖς
2353 1961 2510 2035 ἡμῶν
2559 1959 2660 2024 τὰς
2710 1958 2910 2013 δούλων
2954 1961 3127 2013 ποιεῖν
3175 1957 3514 2030 ὑπηρεσίας,
3550 1954 3661 2010 κᾶν

2074 2058 2215 2113 πάνυ
2245 2057 2490 2126 εὐγενεῖς
2525 2052 2901 2126 τυγχάνωμεν.
2936 2051 3109 2123 Κάγὼ
3141 2051 3274 2125 ἔφην
3295 2069 3308 2082 ·
3338 2053 3402 2105 Εἰ
3438 2049 3538 2123 μὲν
3567 2068 3664 2104 νο-

2077 2149 2222 2221 μίζω
2256 2165 2317 2202 σε
2357 2149 2580 2220 νικῆσαι
2604 2148 2650 2181 ⁸⁸
2679 2148 2845 2218 λόγῳ,
2881 2143 3107 2218 ἀνόητός
3140 2145 3288 2216 εἰμι,
3332 2143 3471 2215 πλὴν
3495 2142 3662 2214 χάριν

2073 2238 2184 2309 ἔχω
2210 2239 2278 2310 τῇ
2310 2237 2406 2292 τοῦ
2447 2237 2583 2292 Θεοῦ
2617 2237 2866 2310 προνοίᾳ,
2899 2237 2982 2291 ὅτι
3026 2252 3087 2290 σε
3136 2236 3218 2300 εἰς
3255 2234 3458 2306 γονέων
3489 2233 3663 2290 τόπον

2073 2329 2218 2401 ἔχειν
2244 2328 2610 2403 κατηξιώθην.

2143 2526 2282 2584 VIII.
2321 2527 2434 2583 Καὶ
2471 2526 2501 2579 ό
2546 2525 2754 2597 Πέτρος
2783 2525 3137 2580 ἐπυνθάνετο”
3175 2525 3364 2589 Οὐδεὶς
3396 2523 3454 2579 δέ
3492 2541 3583 2577 σου
3607 2522 3663 2556 ⁸⁸

2072 2620 2288 2693 ἀληθῶς
2321 2619 2457 2692 πρὸς
2477 2617 2666 2688 γένους
2683 2618 2728 2650 ⁸⁸
2753 2618 2988 2690 ὑπάρχει
3010 2635 3024 2683 ;
3053 2617 3223 2686 Κάγὼ
3245 2618 3620 2688 ἀπεκρινάμην
3638 2631 3659 2650 ο

2072 2712 2197 2766 Εἰσὶ
2232 2710 2332 2782 μὲν
2355 2708 2542 2764 πολλοὶ
2567 2709 2663 2761 καὶ
2699 2707 2926 2779 μεγάλοι
2957 2709 3169 2781 ἄνδρες,
3210 2709 3490 2780 Καίσαρος
3519 2709 3662 2780 πρὸς

2073 2800 2230 2871 γένος
2260 2798 2433 2863 ὅντες.
2469 2797 2632 2853 Ὅθεν
2661 2797 2739 2869 τῷ
2771 2797 2890 2869 ἐμῷ
2931 2799 3098 2870 πατρῖ
3137 2799 3213 2864 ὡς
3246 2799 3340 2852 καὶ
3374 2798 3662 2872 συντρόφῳ

2073 2892 2238 2957 αὐτὸς
2268 2893 2489 2964 Καῖσαρ
2531 2885 2820 2961 συγγενίδά
2845 2890 2891 2922 ’⁵⁸
2924 2891 3350 2964 προσηρμόσατο
3391 2896 3658 2962 γυναῖκα,

1999 3017 2046 3081 C
2075 2985 2168 3054 ἀφ’
2199 2977 2268 3055 ἦς
2309 2985 2458 3055 τρεῖς
2499 2981 2798 3053 ἐγενόμεθα
2837 2983 2944 3036 υἱοὶ
2967 3022 2980 3047 ,
3015 2981 3108 3036 δύο
3143 2983 3242 3055 μὲν
3278 2983 3383 3055 πρὸ
3413 2984 3572 3056 ἐμοῦ,
3606 2987 3658 3040 οἳ

2076 3076 2172 3130 καὶ
2191 3075 2400 3146 δίδυμοι
2423 3075 2574 3138 δντες
2596 3074 2737 3128 πάνυ
2759 3073 2934 3145 ὅμοιοι
2955 3073 3206 3145 ἀλλήλοις
3225 3075 3541 3145 ἐτύγχανον,
3580 3076 3659 3140 ὡς

2075 3166 2236 3232 αὐτὸς
2264 3167 2293 3221 ό
2321 3167 2504 3239 πατὴρ
2529 3166 2682 3235 ἐλεγέ
2717 3183 2829 3237 μοι.
2863 3165 3005 3236 Ἐγὼ
3018 3166 3128 3238 γὰρ
3143 3165 3266 3220 οὔτε
3289 3167 3506 3231 αὐτοὺς,
3529 3167 3659 3221 οὔτε

2073 3259 2172 3332 τὴν
2193 3258 2457 3313 τεκοῦσαν
2480 3259 2619 3313 πάνυ
2650 3258 2970 3328 ἐπίσταμαι,
2992 3258 3105 3312 ἀλλ’
3125 3257 3314 3332 ὥσπερ
3341 3260 3406 3313 δι’
3429 3259 3663 3331 ὀνείρων

2074 3351 2322 3424 ἀμαυρὸν
2355 3351 2534 3404 αὐτῶν
2563 3350 2626 3403 τδ
2657 3345 2796 3414 εἶδος
2825 3349 3102 3422 ἀναφέρω.
3137 3351 3199 3403 Ἦ
3231 3353 3329 3422 μὲν
3352 3347 3443 3406 οὖν
3476 3353 3662 3423 μήτηρ

2077 3458 2176 3512 μου
2194 3440 2463 3496 Ματτιδία
2481 3439 2524 3472 ⁸⁷
2542 3440 2652 3514 (56)
2667 3440 2900 3508 ἐλέγετο,
2923 3440 2952 3492 ό
2977 3440 3035 3494 δέ
3068 3441 3250 3513 πατὴρ
3270 3443 3530 3506 Φαῦστος,
3546 3443 3657 3494 τῶν

2072 3532 2130 3587 δὲ
2159 3531 2402 3602 ἀδελφῶν
2425 3532 2518 3586 καὶ
2541 3531 2721 3587 αὐτῶν
2748 3533 2776 3585 ό
2802 3531 2900 3603 μὲν
2930 3532 3221 3596 Φαυστῖνος
3251 3533 3516 3597 ἐκαλεῖτο,
3541 3535 3570 3585 ό
3597 3534 3658 3587 δὲ

2073 3623 2458 3688 Φαυστινιανὺς
2499 3624 2734 3692 ἐλέγετο.
2778 3624 2944 3696 Ἐμοῦ
2986 3619 3080 3678 οὖν
3129 3625 3312 3696 τρίτου
3367 3626 3661 3697 ἐπιγέννη-

2073 3717 2258 3781 θέντος
2288 3717 2490 3780 αὐτοῖς,
2535 3719 2568 3788 ἡ
2629 3717 2811 3789 μήτηρ
2854 3716 3062 3789 ὄνειρον
3096 3717 3331 3790 ἑωράκει
3355 3757 3370 3780 ,
3405 3717 3594 3790 ὥσπερ
3624 3719 3658 3771 ό

2075 3809 2258 3880 πατήρ
2283 3825 2383 3879 μου
2415 3807 2692 3878 ὑφηγεῖτο,
2720 3808 2823 3870 ὅτι,
2841 3805 2934 3859 ἐὰν
2961 3807 3194 3878 μὴ,τοὺς
3223 3806 3476 3878 διδύμους
3505 3808 3657 3872 υἱοὺς

2073 3898 2243 3968 αὐτῆς
2287 3896 2518 3968 ἐξαυτῆς
2564 3895 2953 3967 παραλαϐοῦσα
2977 3936 2992 3960 ,
3044 3896 3142 3968 τὴν
3183 3896 3469 3967 Ῥωμαίων
3519 3897 3656 3968 πρὸς

2075 3988 2386 4061 ἀποδημίαν
2425 3987 2614 4059 ἐξέλθῃ
2634 3987 2681 4019 ⁵⁸
2720 3987 2875 4041 πόλιν
2910 3988 2996 4041 ἐπ’
3031 3986 3124 4059 ἐτη
3156 3987 3366 4043 δώδεκα
3386 3989 3452 4054 ⁸⁸⁵,
3486 4005 3653 4042 πανο-

2073 4080 2272 4152 λεθρίῳ
2308 4079 2457 4150 μόρῳ
2491 4078 2606 4149 άμα
2637 4077 2818 4141 αὐτοῖς
2847 4077 3136 4131 ἀποθανεῖν
3165 4077 3297 4147 ἔχει.

2145 4173 2304 4245 261
2357 4169 2449 4225 IX.
2495 4170 2552 4224 '0
2587 4169 2686 4241 μὲν
2716 4164 2809 4222 οὖν
2839 4169 3042 4240 πατὴρ,
3087 4167 3396 4238 φιλότεκνος
3427 4167 3525 4232 ὢν,
3557 4168 3656 4222 σύν

2073 4285 2134 4322 τε
2180 4266 2389 4329 δούλοις
2433 4265 2529 4318 καὶ
2569 4262 2785 4326 δούλαις
2829 4261 3123 4332 ὲφοδιάσας
3181 4261 3382 4326 ἱκανῶς
3430 4262 3525 4315 καὶ
3573 4263 3656 4326 είς

1747 4529 1981 4609 VARUE
2016 4531 2418 4590 LECTIONES.

476 4622 522 4656 "
545 4619 627 4676 Ita
650 4620 868 4695 Epil._c.
893 4619 966 4695 :75
1017 4628 1071 4695 {BI
1109 4618 1412 4695 0.3311036;
1436 4618 1561 4695 ςρίξ
1604 4617 1878 4695 Beg.804,
1911 4619 2071 4695 ἦττον
2099 4626 2161 4681 C.
2238 4625 2286 4656 ⁶⁰
2310 4623 2442 4680 Post
2470 4623 2711 4678 τοιοῦτον
2734 4631 3053 4695 repetuntur
3094 4622 3222 4695 vbb.
3265 4623 3512 4695 ἥμαρτον
3565 4620 3654 4675 ἵνα

412 4711 504 4766 μοι
531 4689 772 4746 τοιοῦτον
805 4690 860 4746 in
885 4690 951 4746 Ο.
1025 4691 1068 4766 δξ
1101 4689 1262 4766 τοῦτο
1301 4689 1383 4766 C._
1439 4690 1484 4766 ‘f
1521 4689 1751 4766 Rufinus
1778 4694 1894 4749 haec
1923 4689 1995 4750 ita
2028 4697 2420 4766 interpretatur
2450 4689 2894 4766 :iAcquicgcerem
2930 4693 3166 4766 ιῇὸὶεηίρί
3193 4689 3445 4766 Dominus
3478 4702 3654 4766 noster

406 4759 476 4802 ἰ-
509 4779 696 4832 passus
726 4769 882 4826 esset,
908 4760 1065 4831 quasi
1101 4759 1300 4832 legerit,
1318 4761 1386 4832 el
1413 4761 1504 4832 μήΔ
1527 4760 1588 4816 S.

408 4831 587 4890 detur.
628 4831 742 4886 Cfr.
781 4833 932 4886 hom.
996 4846 1095 4894 xu,
1127 4831 1212 4886 15.

1664 4763 1716 4836 ‘_'_
1758 4765 2000 4836 vncﬁaew
2034 4760 2191 4834 Epit:
2241 4765 2312 4836 f‘
2345 4782 2428 4818 σοι
2456 4760 2600 4836 Epit;
2620 4781 2668 4820 c.
2702 4764 2789 4826 76,
2819 4765 2962 4836 quod
2995 4760 3386 4836 praeferendum
3408 4778 3539 4836 esse
3568 4765 3652 4836 νὶ-

1289 4830 1336 4904 ‘f
1368 4829 1443 4904 Ita
1473 4829 1518 4904 Ο
1573 4846 1625 4887 e.
1669 4831 1813 4900 Epit.
1834 4829 1880 4887 -l.'
1905 4849 1956 4888 c.
1990 4844 2046 4890 et
2077 4829 2200 4890 eod.
2237 4834 2368 4904 Reg.
2393 4829 2520 4890 804.
2553 4835 2672 4890 Huc
2720 4829 2930 4889 accedit
2957 4829 3044 4889 ed.
3075 4849 3160 4903 pr.
3190 4833 3464 4904 Cotelerii,
3493 4833 3653 4904 cujus

409 4903 548 4977 πρὸς
593 4900 789 4977 ,γένους
824 4903 877 4954 in
922 4910 1167 4977 utraque~
1190 4899 1514 4977 glericied.
1541 4899 2034 4977 permutatumest
2055 4921 2181 4960 cum
2219 4899 2356 4977 acpr
2376 4905 2552 4974 γένος.
2612 4904 2766 4960 Unde
2823 4899 3649 4977 Schvveglerus_eme_ndandjis.

408 4972 467 5006 δ”
488 4972 650 5028 αὑτὸν
678 4973 860 5024 Καῖσα

406 5098 463 5171 et
493 5098 703 5186 Epitfl.
748 5126 800 5167 c.
833 5098 907 5164 ἰη
963 5111 1088 5166 cod.
1115 5109 1252 5181 Reg.
1288 5098 1395 5165 ἔω
1425 5098 1542 5182 ἓχοί
1563 5127 1618 5181 p.
1649 5109 1785 5182 ἔχει.

937 4969 1258 5044 συγγενῆᾲο.
1291 4969 1478 5023 nobilis
1497 4969 1974 5044 ferequefamiliw
2005 4969 2676 5042 Rnflnnsfqna'silegisset
2700 4969 3128 5044 συνευγενίδᾶηβ.
3206 4971 3398 5044 "ltaO
3434 4988 3511 5044 _e.,
3533 4972 3573 5027 C
3596 4983 3654 5044 et

408 5044 534 5100 cod.
563 5042 695 5111 Reg.
719 5039 1146 5111 804,7Ma10tdia:
1164 5039 1451 5111 Recogn.et
1487 5039 1674 5111 Ερὶελ
1703 5042 1747 5072 ⁸⁸
1781 5042 1984 5107 ἐξέλθοι
2008 5045 2070 5100 C.

2175 5045 2220 5078 δ’
2249 5041 2383 5099 δέκα
2405 5049 2469 5116 (ἒ,
2501 5045 2654 5114 Ruﬁ,
2683 5047 2812 5116 epit.
2843 5041 2894 5103 c.
2927 5045 3014 5100 76.
3036 5043 3176 5100 Tum
3209 5042 3560 5115 πανωλεθρίῳ
3583 5041 3627 5098 0

1691 5265 2056 5326 VARIORL'M
2093 5267 2323 5323 ΝΟἨΕ.

480 5404 593 5478 (36)
624 5405 929 5478 mmora.
957 5403 1049 5478 S_ic
1078 5419 1297 5478 quoque
1318 5413 1469 5478 saepe
1492 5401 1974 5478 dictus‘dicendns-

405 5473 514 5544 qne
538 5473 725 5530 cedent.
756 5477 826 5530 At
867 5477 920 5530 in
972 5473 1424 5544 Recogititionibus
1474 5473 1836 5544 ethb'pitome,
1869 5475 1972 5529 im-

405 5542 612 5614 pressis
642 5561 914 5612 manuque
941 5542 1200 5608 exaratis,
1226 5543 1512 5607 Ματθιδία,
1536 5542 1832 5614 Matthidia,
1861 5562 1971 5612 quo

409 5617 572 5671 modo
603 5616 745 5684 apud
776 5614 1139 5686 Nicephorum
1163 5657 1179 5681 ,
1223 5625 1275 5670 et
1307 5613 1477 5670 Graeci
1517 5615 1570 5670 in
1603 5613 1823 5672 Men-eeo.
1849 5613 1955 5671 Ex-

2079 5403 2198 5472 cipe
2227 5410 2406 5458 tamen
2436 5401 2795 5472 membranas
2826 5396 3247 5472 Recognilionum
3275 5414 3439 5472 penes
3459 5395 3643 5472 P._P_e—

2081 5470 2236 5528 tilum
2265 5492 2279 5528 :
2311 5472 2569 5528 exhibent
2598 5474 2743 5525 enim
2768 5471 3052 5525 Mathidia.
3077 5470 3458 5533 Chronologns
3486 5470 3651 5522 Altis-

2079 5543 2420 5599 siodorensis
2444 5541 2747 5596 monachus
2786 5539 3078 5596 llatidiam
3109 5548 3284 5595 vocat.
3323 5538 3526 5595 Ultima
3557 5555 3650 5596 ca-

2065 5615 2194 5685 pitis
2230 5630 2361 5671 voce
2389 5613 2587 5680 codex,
2614 5611 2745 5683 ἔχοι.
2781 5613 2918 5669 Cor.
