4084 6148
443 217 550 274 509

1582 218 2040 277 CLEMENTINA.
2067 253 2136 264 —
2162 208 2456 275 HOMILIA
2490 219 2597 278 XII.

3587 219 3708 276 510'

440 336 622 390 πλοῖον
648 333 1020 406 ἐμϐαλόμενος
1049 334 1119 399 ⁸ο,
1155 334 1238 400 είς
1267 336 1367 401 τὰς
1382 335 1609 410 Ἀθήνας
1650 338 1765 412 ἅμα
1794 342 2015 396 παιδευ-

2119 357 2240 397 vem
2266 341 2540 412 conjectos
2563 342 2805 398 Athenas
2832 340 2996 397 etiam
3028 337 3359 394 erudiendos
3393 336 3575 402 misit;
3607 351 3696 391 me

439 427 773 500 θησομένους
803 425 1108 497 ἐξέπεμψεν
1135 426 1178 458 ⁵⁸
1202 465 1217 491 ,
1253 427 1352 498 ἐμὲ
1387 428 1444 482 δὲ
1478 429 1636 500 μόνον
1668 431 1784 486 υἱὸν
1806 433 1886 496 είς
1916 450 2020 488 πα-

443 519 715 593 ραμυθίαν
771 517 896 590 ἐσχε
927 517 1048 589 μεθ’
1081 518 1297 574 ἐαυτοῦ.
1332 520 1442 574 Καὶ
1474 521 1566 575 ἐπὶ
1586 521 1760 595 τούτῳ
1777 524 1823 556 ⁵³
1855 525 2019 596 εὐχα-

441 610 821 684 ριστῶοπολλὰ,
856 611 940 664 δτι
976 610 1125 683 κάμέ
1163 614 1192 667 6
1224 612 1431 686 ὄνειρος
1459 615 1532 688 μὴ
1565 616 1874 673 κεκελεύκει
1906 621 2021 692 ἅμα

435 709 504 779 τῇ
545 707 707 779 μητρὶ
736 706 836 778 τὴν
880 704 1169 777 Ῥωμαίων
1203 707 1428 780 ἐκϐῆναι
1461 709 1634 764 πόλιν.
1681 712 2019 784 Περαιωθέν-

438 816 531 863 τος
561 795 652 853 οὗν
673 797 921 852 ἐνιαυτοῦ
956 801 985 853 6
1019 799 1200 871 πατὴρ
1235 800 1481 873 ἔπεμψεν
1508 803 1588 866 είς
1627 804 1854 877 Ἀθήνας
1884 807 2019 879 χρή-

444 905 588 960 ματα
619 890 731 952 τοῖς
771 888 959 954 αὑτοῦ,
996 888 1113 960 ἅμα
1143 907 1203 943 τε
1235 893 1330 944 καὶ
1361 892 1552 964 μαθεῖν
1586 895 1632 927 ³³
1659 895 1722 949 :6
1754 897 1873 962 πῶς
1901 897 2019 951 διά-

441 996 645 1048 γουσιν.
699 981 763 1033 Οἱ
804 979 862 1034 δὲ
910 979 1241 1045 ἀπελθόντες
1277 982 1374 1053 οὐχ
1425 984 1790 1057 ὑπέστρεψαν.
1841 987 2020 1059 Τρίτῳ

439 1067 496 1120 δὲ
530 1068 758 1140 ἐνιαυτῷ
805 1071 835 1124 6
875 1069 1058 1141 πατὴρ
1093 1069 1320 1141 ἀθυμῶν
1351 1071 1572 1144 ἑτέρους
1617 1075 1818 1146 ὁμοίως
1848 1076 2019 1147 ἔπεμ-

438 1161 506 1232 ψε
547 1162 594 1199 ³⁸
641 1163 758 1233 μετ’
799 1161 1026 1232 ἐφοδίων
1048 1201 1063 1226 ,
1100 1160 1292 1226 οἵτινες
1321 1165 1566 1236 τετάρτῳ
1597 1166 1828 1239 ἐνιαυτῷ
1857 1163 2019 1241 ἦλθον

439 1252 794 1322 ἀγγέλλοντες
819 1293 834 1318 ,
891 1253 1026 1325 μήτε
1081 1270 1182 1324 μου
1213 1255 1314 1326 τὴν
1343 1255 1608 1311 τεκοῦσαν
1639 1257 1672 1330 ἢ
1702 1261 1830 1323 τοὺς
1873 1259 2019 1314 ἀδελ-

441 1346 574 1413 φοὺς
610 1345 910 1416 ἑωρακέναι
934 1387 948 1411 ,
984 1349 1120 1421 μήτε
1157 1347 1262 1421 μὴν
1303 1349 1500 1412 αὐτοὺς
1537 1348 1584 1381 ⁸⁵
1629 1349 1875 1423 Ἀθήναις
1897 1353 2017 1407 ἐπι-

438 1434 800 1509 δεδημηκέναι
821 1478 836 1503 ,
874 1439 1010 1510 μήτε
1044 1439 1203 1493 ἄλλου
1237 1437 1384 1504 τινὸς
1407 1438 1515 1493 τῶν
1549 1440 1646 1494 σὺν
1673 1443 1856 1506 αὐτοῖς
1879 1444 2016 1498 ἀπε-

438 1526 742 1598 ληλυθότων
775 1528 878 1582 κᾶν
912 1528 1058 1600 ἴχνος
1088 1531 1136 1562 ⁸⁸
1170 1529 1479 1601 εὑρηκέναι.

507 1617 578 1672 Χ.
625 1619 684 1673 '0
721 1619 819 1690 μὲν
851 1615 943 1673 οὖν
997 1621 1200 1693 πατὴρ,
1252 1619 1424 1674 ταῦτα
1447 1621 1714 1688 ἀκούσας,
1767 1624 1861 1677 καὶ
1909 1625 2016 1678 ὑπὸ

2121 449 2254 488 vero
2284 433 2459 489 solum
2490 434 2658 489 ﬁlium
2688 433 2755 488 ad
2777 424 3206 490 consolationem
3237 443 3422 485 secum
3448 429 3689 484 retinuit.

2118 525 2298 596 Atque
2326 541 2448 582 eam
2480 527 2551 582 ob
2585 542 2703 582 rem
2747 526 2996 598 ingentes
3020 522 3227 594 gratias
3254 535 3378 591 ago,
3418 522 3563 590 quod
3607 537 3697 577 me

2118 633 2340 688 quoque
2378 617 2652 673 somnium
2683 631 2794 672 non
2824 615 3056 687 jusserit
3080 628 3187 669 una
3209 626 3336 668 cum
3363 619 3532 665 matre
3561 612 3697 667 urbe

2119 712 2292 766 Roma
2333 713 2617 769 excedere.
2675 711 2834 765 Anno
2888 709 3052 780 igitur
3092 698 3384 775 completo,
3439 711 3594 773 pater
3627 703 3695 758 ad

2118 819 2250 861 suos
2272 802 2513 858 Athenas
2543 802 2695 859 misit
2717 800 3028 872 pecuniam,
3060 797 3333 866 simulque
3360 794 3694 877 sciscitatum

2117 911 2227 968 quo
2259 897 2422 951 modo
2453 904 2694 966 agerent.
2731 893 2840 960 Qui
2872 904 3004 948 vero
3035 891 3309 957 abierunt,
3353 902 3464 942 non
3490 888 3692 943 reversi

2119 998 2265 1045 sunt.
2295 989 2483 1044 Tertio
2504 998 2684 1045 autem
2709 1002 2855 1042 anno
2885 991 3116 1041 moestus
3137 993 3290 1053 pater
3314 982 3452 1038 alios
3480 980 3699 1050 ablega-

2118 1084 2197 1138 vit
2245 1082 2499 1139 similiter
2543 1096 2667 1136 cum
2696 1080 2864 1135 rebus
2894 1077 2962 1132 ad
2991 1077 3194 1132 victum
3225 1072 3572 1140 necessariis,
3599 1071 3694 1142 qui

2117 1183 2315 1247 quarto
2343 1186 2489 1227 anno
2532 1171 2769 1242 regressi
2818 1169 3096 1233 nuntiant,
3147 1181 3322 1237 neque
3369 1180 3545 1222 meant
3579 1179 3696 1219 ma-

2117 1281 2255 1324 trem
2316 1281 2393 1332 se,
2442 1279 2621 1335 neque
2669 1264 2868 1316 fratres
2916 1260 3139 1323 vidisse,
3188 1258 3282 1314 sed
3330 1272 3506 1327 neque
3545 1255 3694 1325 ipsos

2116 1355 2359 1410 Athenas
2399 1351 2757 1423 pervenisse,
2801 1365 2979 1420 neque
3011 1364 3245 1418 usquam
3295 1347 3560 1418 alicujus,
3599 1349 3693 1417 qui

2115 1461 2240 1504 cum
2271 1445 2403 1517 ipsis
2433 1444 2683 1508 fuerant,
2719 1441 2801 1496 vel
2827 1441 3115 1512 vestigium
3143 1457 3174 1495 a
3202 1455 3262 1497 se
3290 1449 3585 1511 repertum.

2183 1625 2255 1681 Χ.
2303 1623 2468 1680 Pater
2493 1632 2646 1695 ergo
2663 1622 2782 1677 haec
2808 1619 3040 1675 audiens
3069 1625 3124 1673 et
3151 1617 3320 1672 multa
3345 1615 3565 1671 tristitia
3593 1615 3694 1670 ob-

438 1709 642 1782 πολλῆς
690 1709 868 1783 λύπης
915 1710 1188 1783 ἐκθαμϐος
1233 1713 1538 1783 γενόμενος,
1589 1716 1684 1769 καὶ
1731 1715 1832 1769 οὐκ
1861 1715 2015 1781 εἰδὼς

2124 1715 2482 1785 stupefactus,
2506 1711 2867 1780 nesciensque
2892 1723 3003 1780 quo
3029 1707 3274 1763 tenderet
3298 1721 3363 1761 ac
3390 1706 3511 1761 illos
3541 1719 3694 1774 quae-

439 1801 544 1854 ποῦ
592 1803 840 1874 ὁρμήσας
888 1804 980 1856 ἐπὶ
1028 1804 1254 1876 ζήτησιν
1303 1804 1480 1860 αὐτῶν
1513 1805 1756 1877 γένηται,
1809 1808 1909 1879 ἐμέ
1955 1825 2016 1861 τε

440 1891 769 1963 παραλαϐὼν
801 1893 895 1947 καὶ
916 1895 1215 1978 είςοπόρτον
1238 1894 1502 1962 καταϐὰς,
1527 1896 1735 1952 πολλῶν
1765 1899 2018 1952 πυκνότε-

440 2001 534 2056 ρον
564 1985 910 2051 ἐπυνθάνετο,
939 1986 1041 2041 ποῦ
1069 1988 1299 2051 ἕκαστος
1325 1989 1502 2043 αὐτῶν
1535 1986 1674 2044 εἶδεν
1706 1991 1751 2024 δ’
1785 1991 1818 2064 ἦ
1851 1993 2018 2062 ἣκου-

440 2093 534 2130 σεν
580 2077 690 2132 61:6
727 2080 1010 2151 τεσσάρων
1059 2081 1196 2134 ἐτῶν
1236 2081 1282 2114 ⁸⁸
1323 2083 1611 2154 γενόμενον
1643 2084 2001 2156 ναυφράγιον.

438 2170 549 2223 Καὶ
580 2170 736 2234 ἄλλος
764 2171 970 2244 ἀλλαχῆ
1021 2171 1228 2244 ἔλεγεν.
1286 2175 1344 2230 '0
1384 2175 1442 2230 δὲ
1487 2176 1934 2241 άντεπυνθάνετο,
1968 2177 2016 2229 εί

437 2260 711 2333 ἑωράκασι
750 2262 909 2332 σῶμα
955 2263 1211 2332 γυναικὸς
1263 2265 1402 2336 μετὰ
1463 2265 1679 2338 βρεφῶν
1743 2267 2012 2337 ἐκϐεϐρα-

441 2351 656 2422 σμένον.
680 2352 799 2407 Τῶν
812 2354 858 2386 ⁵⁹
889 2349 981 2409 οὖν
1013 2355 1182 2410 πολλὰ
1223 2357 1384 2429 262
1416 2357 1681 2428 λεγόντων
1713 2360 2014 2430 ἑωρακέναι

441 2440 710 2513 πτώματα
740 2445 882 2498 κατὰ
921 2445 1149 2510 πολλοὺς
1177 2447 1376 2511 τόπους
1415 2448 1484 2514 ⁸ο,
1515 2451 1544 2503 6
1589 2450 1773 2522 πατὴρ
1805 2451 2017 2504 ἀκούων

437 2531 742 2600 ἐστέναξεν.
779 2535 926 2606 Πλὴν
963 2537 1069 2590 61:6
1102 2538 1423 2610 σπλάγχνων
1461 2539 1858 2613 θορυϐούμενος
1890 2543 2017 2596 616-

436 2638 599 2691 γιστα
650 2626 996 2692 ἐπυνθάνετο,
1046 2629 1130 2682 ὅτι
1169 2630 1420 2684 τοσοῦτον
1471 2631 1702 2702 μέγεθος
1749 2632 2018 2706 θαλάττης

438 2719 666 2790 ἐρευνᾷν
711 2721 988 2792 ἐπειρᾶτο.
1043 2722 1191 2795 Πλὴν
1245 2723 1591 2792 συγγνωστὸς
1621 2720 1690 2798 ἦν
1722 2726 1789 2792 ⁸⁸,
1834 2726 2014 2799 ὅτιτῇ

437 2804 576 2892 πρὸς
620 2808 748 2870 τοὺς
797 2808 1162 2881 ζητουμένους
1195 2815 1395 2886 στοργῇ
1443 2814 1654 2869 ἐλπίσιν
1682 2815 2016 2872 ἐϐουκολεῖτο

438 2898 641 2960 κεναῖς.
694 2897 804 2952 Καὶ
836 2898 1035 2970 δήποτε
1067 2900 1174 2955 61:6
1206 2903 1534 2974 φροντιστὰς
1560 2905 1792 2977 ποιήσας
1832 2924 1899 2978 με
1924 2909 2016 2961 καὶ

438 2985 518 3048 είς
557 2985 770 3060 Ῥώμην
809 2990 1137 3062 καταλείψας
1181 2993 1514 3066 δωδεκαετῆ,
1550 2996 1731 3063 αὐτὸς,
1766 2997 2015 3072 δακρύων

2118 1818 2282 1871 reret,
2335 1810 2624 1874 assumpto
2667 1815 2776 1866 me,
2833 1816 2898 1855 ac
2954 1799 3010 1853 in
3067 1806 3284 1868 portum
3333 1794 3690 1862 descendens,

2117 1901 2320 1956 multos
2349 1897 2689 1967 frequentius
2725 1892 3184 1965 percontabatur,
3217 1889 3310 1946 ubi
3350 1890 3582 1960 quisque
3609 1903 3697 1942 eo-

2115 2005 2239 2045 rum
2290 1987 2515 2044 vidisset
2554 1985 2640 2041 vel
2668 1984 2931 2040 audiisset
2960 1997 2989 2037 a
3021 1990 3260 2051 quatuor
3287 1981 3447 2036 annis
3472 1979 3695 2034 naufra-

2118 2081 2266 2150 gium
2292 2078 2610 2148 contigisse.
2640 2075 2817 2146 Atque
2844 2073 2982 2128 varii
3007 2073 3160 2127 vario
3183 2072 3238 2128 in
3272 2071 3396 2126 loco
3423 2069 3693 2126 accidisse

2117 2171 2446 2228 referebant.
2474 2169 2566 2223 Ille
2600 2183 2732 2222 vero
2762 2167 2958 2221 iterum
2995 2165 3242 2235 rogabat,
3275 2179 3406 2218 num
3434 2163 3696 2218 vidissent

2117 2279 2316 2333 corpus
2336 2261 2581 2316 mulieris
2607 2274 2730 2315 cum
2751 2257 2932 2328 pueris
2957 2271 2988 2310 a
3008 2256 3147 2310 mari
3167 2255 3421 2325 ejectum.
3450 2252 3698 2321 Cumque

2119 2357 2196 2414 illi
2228 2356 2396 2411 multa
2428 2369 2488 2410 se
2523 2352 2708 2408 multis
2739 2351 2874 2407 locis
2897 2353 3165 2405 cadavera
3187 2348 3390 2403 vidisse
3428 2347 3693 2408 dicerent,

2119 2458 2270 2522 pater
2299 2448 2529 2503 audiens
2558 2441 2971 2514 ingemiscebat.
3005 2441 3208 2497 Verum
3236 2439 3471 2494 naturali
3497 2437 3694 2494 atl'ectu

2118 2540 2467 2612 perturbatus
2491 2543 2686 2607 praeter
2712 2534 2978 2588 rationem
3009 2531 3416 2595 sciscitabatur,
3449 2528 3545 2600 qui
3571 2537 3696 2584 tan-

2116 2643 2226 2689 tam
2269 2631 2438 2688 maris
2469 2629 2778 2686 vastitatem
2819 2625 3054 2685 scrutari
3097 2633 3408 2681 conaretur.
3440 2623 3692 2677 Attamen

2117 2723 2274 2786 venia
2312 2723 2510 2794 dignus
2559 2729 2697 2787 erat,
2745 2719 2890 2791 quod
2931 2717 3198 2777 charitate
3239 2731 3368 2788 erga
3397 2730 3510 2780 eos,
3553 2729 3695 2786 quos

2116 2814 2412 2887 quaerebat,
2459 2812 2659 2884 spebus
2701 2811 2978 2866 laetaretur
3015 2807 3290 2864 inanibus.
3335 2804 3578 2874 Denique
3607 2820 3694 2860 me

2117 2909 2220 2962 sub
2263 2904 2541 2974 magistris
2588 2903 2866 2972 positum,
2925 2914 3102 2956 annos
3143 2907 3336 2954 natum
3380 2895 3689 2961 duodecim,

2116 2996 2304 3052 Romae
2334 2995 2572 3065 reliquit,
2623 3004 2677 3048 et
2724 2993 2839 3063 ipse
2879 2995 3016 3048 ﬂens
3043 2989 3322 3047 descendit
3352 2989 3419 3044 ad
3451 2998 3688 3058 portum,

346 3070 348 3072 ⁷
437 3077 519 3140 είς
550 3059 746 3149 πόρτον
765 3059 1152 3138 κατελθὼν-καὶ
1179 3085 1258 3148 είς
1290 3059 1483 3141 πλοῖον.
1502 3059 2010 3161 ἐμϐὰς-ἀναχθεὶς,

2118 3087 2352 3158 navique
2379 3099 2683 3143 conscensa
2712 3059 3004 3138 subvectus
3035 3082 3102 3137 ad
3125 3081 3536 3152 inquisitionem
3562 3089 3691 3150 pro-

437 3166 531 3220 έπὶ
573 3167 671 3239 τὴν
703 3166 928 3242 ζήτησιν
961 3173 1251 3247 ἐπορεύθη.
1305 3177 1416 3231 Καὶ
1448 3178 1634 3232 ἔκτοτε
1666 3181 1746 3245 είς
1785 3182 1886 3254 τὴν
1921 3183 2016 3254 σή-

441 3275 606 3331 μερον
649 3262 861 3334 ἡμέραν
888 3264 1012 3318 οὔτε
1036 3267 1346 3340 γράμματα
1377 3271 1644 3344 ἐδεξάμην
1673 3277 1805 3346 παρ’
1825 3273 2013 3339 αὐτοῦ,

437 3347 560 3402 οὗτε
593 3352 643 3403 εί
675 3350 741 3423 ζῇ
777 3354 885 3407 εἴτε
918 3353 962 3386 ⁸³
994 3355 1223 3427 τέθνηκε
1273 3358 1462 3428 σαφῶς
1494 3361 1816 3433 ἐπίσταμαι.
1858 3365 2015 3418 Μᾶλ-

436 3439 526 3494 λον
557 3441 615 3495 66
648 3443 856 3497 ὑπονοῶ
887 3445 969 3499 ὅτι
997 3447 1089 3500 καὶ
1119 3448 1282 3514 αὐτὸς
1313 3450 1543 3523 τέθνηκέ
1574 3469 1681 3506 που
1719 3455 1793 3518 ⁸⁸,
1838 3455 1872 3526 ἢ
1911 3457 2018 3510 61:6

437 3530 614 3603 λύπης
659 3535 901 3606 νικηθεὶς
950 3537 982 3608 ἢ
1027 3541 1270 3611 ναυαγίῳ
1331 3541 1664 3614 περιπεσών.
1715 3546 1916 3600 Τούτου
1968 3549 2014 3580 ⁸⁸

436 3622 494 3676 δὲ
523 3623 742 3695 δεῖγμα,
771 3627 854 3680 ὅτι
886 3627 985 3700 ὴδη
1010 3628 1196 3685 λοιπὸν
1225 3631 1411 3687 ἔκτοτε
1435 3634 1681 3691 εἰκοστὸν
1706 3636 1825 3702 ἔτος
1843 3639 2012 3703 ἐστὶν,

436 3713 529 3781 ἀφ’
598 3709 666 3786 ἦς
712 3716 758 3750 ⁸⁸
820 3717 1074 3792 οὐδεμίαν
1136 3721 1259 3778 τινὰ
1323 3725 1453 3797 περὶ
1521 3726 1686 3783 αὑτοῦ
1759 3728 2015 3803 ἀλήθειαν

437 3803 572 3872 ἦκου
580 3821 666 3858 σα.

509 3893 601 3948 XI.
638 3896 696 3950 Ὀ
725 3897 1039 3971 δέΠέτρος,
1074 3902 1286 3958 ἀκούων
1315 3906 1507 3973 ταῦτα,
1534 3909 1640 3963 61:6
1672 3913 2016 3982 συμπαθείας

437 3983 738 4057 ἐδάκρυσεν
759 4027 775 4053 ,
824 3992 919 4044 καὶ
950 3992 1152 4057 εὐθέως
1189 3998 1304 4060 τοῖς
1339 3998 1558 4054 συνοῦσι
1599 4002 1843 4073 γνησίοις
1885 4005 2009 4078 ἔφη’

437 4078 624 4132 Ταῦτα
657 4080 712 4132 εί
748 4098 834 4146 τις
864 4084 1181 4141 πεπόνθειεν
1227 4088 1273 4121 ⁸⁸
1305 4088 1560 4165 θεοσεϐὴς
1583 4131 1598 4158 ,
1635 4088 1723 4147 οἷα
1765 4097 1794 4148 6
1823 4097 2012 4152 τούτου

439 4169 672 4225 πέπονθε
705 4174 910 4246 πατὴρ,
943 4176 1148 4243 εὐθέως
1176 4179 1254 4251 τῷ
1289 4182 1389 4254 τῆς
1412 4183 1722 4251 θεοσεϐείας
1752 4187 1895 4260 λόγῳ
1913 4191 2012 4260 τὴν

436 4261 616 4316 αἰτίαν
664 4266 978 4337 προσῆπτεν
1008 4269 1328 4343 ἐπιγράφων
1370 4273 1462 4329 τὸν
1492 4278 1726 4349 πονηρόν
1763 4279 1828 4311 ⁵⁷·
1871 4279 2012 4335 οὕτω

2117 3179 2294 3236 fectus
2312 3189 2415 3236 est.
2445 3178 2620 3248 Atque
2647 3194 2716 3233 ex
2733 3192 2800 3231 eo
2822 3186 3063 3246 tempore
3089 3191 3262 3245 usque
3286 3174 3339 3228 in
3364 3173 3685 3228 hodiernum

2115 3272 2258 3328 diem
2285 3285 2461 3341 neque
2490 3269 2700 3324 litteras
2723 3269 2847 3338 ejus
2896 3267 3102 3338 accepi,
3148 3279 3325 3335 neque
3349 3265 3395 3319 si
3420 3265 3565 3318 vivat
3593 3271 3690 3317 aut

2115 3362 2406 3419 defunctus
2444 3361 2517 3416 sit
2547 3368 2701 3415 certo
2732 3358 2882 3413 novi.
2915 3357 3017 3413 Sed
3049 3357 3226 3430 magis
3255 3357 3506 3426 suspicor
3536 3357 3686 3412 illum

2114 3470 2336 3527 quoque
2366 3453 2590 3518 obiisse,
2620 3461 2716 3506 aut
2746 3447 2964 3505 tristitia
2995 3449 3199 3504 victum
3225 3487 3241 3514 ,
3283 3456 3378 3502 aut
3403 3446 3690 3517 naufragio
3724 3495 3726 3498 ,

2115 3547 2442 3603 involutum.
2477 3543 2578 3599 Cui
2608 3542 2688 3596 rei
2719 3547 3043 3612 argumento
3079 3546 3183 3605 est,
3205 3538 3319 3608 jam
3351 3537 3419 3598 ab
3455 3552 3520 3593 eo
3547 3547 3686 3593 tem-

2114 3654 2246 3712 pore
2293 3637 2614 3708 vigesimum
2656 3649 2861 3689 annum
2911 3647 3056 3700 esse,
3099 3647 3165 3688 ex
3205 3645 3316 3702 quo
3347 3629 3484 3686 nihil
3523 3631 3590 3685 de
3616 3645 3683 3684 eo

2113 3732 2226 3789 veri
2259 3731 2579 3788 audiverim.

2187 3903 2280 3960 XI.
2321 3902 2516 3958 Petrus
2562 3916 2692 3958 vero
2735 3900 2852 3957 haec
2893 3898 3148 3966 audiens,
3191 3896 3688 3954 commiserationis

2114 3997 2306 4053 affectu
2355 3996 2626 4067 lacrymas
2676 3992 2867 4048 fudit:
2919 3991 3217 4060 statimque
3266 3988 3332 4044 ad
3385 3987 3689 4059 familiares

2113 4086 2207 4156 qui
2235 4085 2462 4141 aderant
2507 4085 2584 4140 ait
2619 4081 2787 4138 :Hzec
2817 4081 2864 4138 si
2900 4080 3025 4150 quis
3055 4081 3110 4133 in
3155 4079 3250 4138 Dei
3280 4079 3430 4135 cultu
3473 4083 3683 4150 positus

2113 4180 2448 4252 pertulisset,
2481 4192 2606 4249 quae
2637 4173 2805 4244 hujus
2834 4172 3056 4243 pertulit
3075 4180 3249 4241 pater,
3275 4170 3562 4228 confestim
3591 4188 3681 4227 re-

2113 4271 2299 4342 ligioni
2333 4269 2670 4324 attribuisset
2695 4280 2916 4320 causam
2935 4303 2951 4328 ,
2987 4273 3042 4318 et
3068 4263 3289 4319 diabolo
3317 4265 3680 4334 ascripsisset.

433 4355 530 4455 καὶ
556 4359 670 4455 τοῖς
698 4357 1066 4432 ταλαιπώροις
1097 4362 1274 4417 ἔθνεσι
1309 4366 1594 4437 συμϐαίνει
1626 4370 1879 4442 πάσχειν,
1914 4373 2010 4427 καὶ

2116 4360 2188 4416 Ita
2217 4360 2380 4415 etiam
2409 4357 2625 4413 miseris
2665 4355 2960 4426 gentilibus
2982 4354 3250 4425 contingit
3288 4355 3419 4424 pati,
3448 4365 3502 4411 et
3528 4355 3682 4424 igne-

432 4446 734 4522 ἀγνοοῦμεν
765 4451 815 4504 οί
849 4450 1136 4517 θεοσεϐεῖς.
1175 4455 1566 4529 Ταλαιπώρους
1598 4460 1655 4515 δὲ
1693 4463 1890 4526 αὐτοὺς
1922 4465 2011 4517 εύ-

2116 4467 2300 4509 ramus
2323 4450 2414 4520 qui
2445 4448 2520 4521 pii
2549 4463 2675 4519 erga
2699 4446 2870 4502 Deum
2896 4461 3106 4502 sumus.
3135 4445 3363 4502 Miseros
3383 4456 3562 4500 autem
3585 4462 3681 4501 eos

434 4536 608 4606 λόγως
639 4537 857 4612 εἴρηκα,
892 4541 973 4594 ὅτι
1007 4541 1241 4598 ἐνταῦθα
1272 4545 1505 4602 ἀλῶνται
1525 4550 1618 4604 καὶ⁵
1649 4552 1749 4624 τῆς
1776 4554 1895 4608 ἐκεῖ
1918 4554 2012 4608 ἐλ-ς

2116 4546 2224 4602 dixi
2264 4545 2481 4622 merito,
2522 4543 2613 4613 qui
2654 4550 2708 4598 et
2742 4541 2830 4596 hic
2846 4549 3114 4611 vagantur
3145 4541 3197 4593 in
3221 4540 3501 4594 erroribus
3524 4549 3577 4593 et
3611 4541 3682 4595 ab

435 4629 586 4692 πίδος
605 4629 666 4684 06
695 4632 1071 4701 τυγχάνουσιν.
1094 4635 1156 4690 Οί
1177 4636 1338 4708 263
1362 4638 1469 4711 γὰρ
1508 4642 1566 4696 ἐν
1601 4641 1880 4718 θεοσεϐείᾳ
1908 4646 2014 4700 πά-

438 4733 656 4788 σχοντες
673 4720 742 4775 :6
765 4720 988 4796 θλιϐερὰ
1019 4725 1100 4789 εἰς
1126 4724 1389 4798 ἔκπραξιν
1417 4735 1874 4806 παραπτωμάτων
1906 4737 2010 4793 πά-

437 4826 674 4880 σχουσιν.

2110 4655 2207 4710 spe
2250 4637 2432 4694 futura
2477 4636 2822 4691 fraudantur.
2860 4631 2956 4689 Dei
2994 4632 3143 4688 enim
3176 4632 3415 4687 cultores
3437 4646 3559 4685 cum
3598 4631 3681 4685 iii-

2109 4729 2400 4788 commoda
2461 4727 2774 4798 patiuntur,
2824 4724 2890 4780 ad
2942 4723 3304 4795 expiationem
3356 4723 3676 4778 delictorum

2106 4823 2403 4895 perferunt.

1774 4938 2014 4996 VARUS
2061 4936 2466 4994 LECTIONES.

508 5011 556 5045 '°
590 5013 990 5096 ἐμϐαλλόμενος
1030 5017 1092 5074 C.
1197 5022 1242 5056 “
1267 5023 1579 5096 ἐξέπεμψας
1627 5026 1692 5095 0,
1729 5032 2007 5088 mendose.

2112 5033 2158 5064 ⁵³
2189 5028 2456 5084 ἐπὶτοῦτο
2485 5043 2601 5082 var.
2638 5027 2764 5083 lect.
2795 5041 2883 5096 ap.
2915 5023 2979 5082 C.
3018 5024 3301 5096 Scriptura
3352 5026 3673 5083 Ottobonia-

437 5081 922 5184 :‘iPi‘ELl’li'laﬁs"
953 5081 1332 5184 ’ξείιὶιξὶςεεϊιεὲ
1372 5081 1459 5184 ,
1487 5081 1616 5153 Ns!
1641 5081 2358 5184 ἑαδέξῖὲἕέὲἓιίιηίοέίάέεθ
2393 5081 2750 5184 meme
2783 5081 2929 5184 ειάοέὲ
2962 5081 3380 5184 “Qithit-.35
3419 5081 3674 5184 3.5161;-

434 5152 535 5223 ψεν
570 5155 772 5223 ὁμοίως
813 5155 874 5210 C.

435 5237 485 5275 c.
514 5223 572 5301 S_,
611 5223 788 5301 ἴδεν-Ο
813 5224 965 5301 flium
993 5223 1316 5301 ἥκουσαν-0.

435 5293 694 5378 χαιυάγιον
723 5294 826 5349 Sed
858 5293 1129 5378 homiva
1159 5303 1421 5378 {legitur
1451 5310 1709 5378 ναυαγία.
1741 5293 2041 5366 Τυιηίάλλο

435 5362 562 5442 ξοι.
594 5365 830 5442 τρόπους
992 5369 1037 5442 ⁸]
1070 5368 1162 5442 οῦν
1185 5371 1249 5429 0.
1276 5362 1416 5432 Tum
1445 5379 1550 5442 πρό

439 5432 500 5506 S_,
532 5448 598 5506 cx
622 5432 788 5506 Epit"
815 5435 975 5490 τοῦτο
999 5437 1040 5493 C
1093 5440 1159 5497 0.

439 5501 494 5555 S.
527 5505 581 5557 In
610 5501 677 5558 θ’
711 5521 831 5560 esse
861 5507 1077 5562 videtur
1107 5512 1364 5571 πέπονθοι

1415 5521 1473 5573 ἐν
1490 5520 1786 5604 θεοσεϐείᾳ
1816 5537 1878 5604 p._
1900 5538 1961 5576 π.
2002 5520 2276 5604 θεοσεϐὴς.

973 5159 1019 5191 ³⁸
1054 5161 1252 5226 αὐτούς
1284 5165 1508 5270 Recogn.
1541 5159 1721 5251 vn,'9~,
1751 5172 1946 5236 αὐταῖς
1973 5173 2035 5227 C.
2072 5171 2138 5228 0.
2165 5170 2306 5226 Tum
2344 5159 2581 5241 μήτεὲξ
2621 5159 2754 5256 μηδέ
2787 5159 2845 5222 C-
2870 5165 2945 5252 ,Οι
3028 5167 3075 5200 ⁸⁸
3105 5159 3251 5238 ῖχδος
3278 5167 3344 5224 θ’
3419 5169 3462 5200 ⁸⁷
3489 5167 3572 5248 .¹¹³
3604 5159 3650 5222 Ὁ

993 5231 1235 5310 ἥκουσαν
1253 5232 1324 5310 0.Δ
1445 5239 1465 5269 ⁸
1495 5239 1756 5293 ἐνιαυτων
1781 5239 1848 5296 Ο.
1889 5241 1947 5294 In
1995 5243 2187 5297 eodem
2251 5242 2403 5310 deest
2437 5255 2795 5310 ναυφραγιρν.
2843 5236 3160 5310 (ιράιΒεἬο
3190 5237 3301 5310 βοά
3326 5233 3651 5310 θῑΕΡηο-εον

1259 5307 1421 5370 agitur
1451 5310 1709 5378 ναυαγία.
1741 5310 1877 5365 Tum
1914 5310 2041 5366 6110
2077 5328 2130 5380 p.
2160 5311 2317 5374 ἄλλος
2339 5307 2406 5363 0.
2507 5307 2682 5380 ":ij
2709 5308 2773 5363 0.
2875 5307 2922 5339 ⁸⁸
2951 5308 3154 5372 τόπους
3176 5307 3221 5362 0
3272 5324 3322 5364 c.
3360 5310 3483 5363 cod.
3531 5308 3666 5377 Reg.

1259 5373 1422 5478 ἔδει
1445 5379 1792 5478 rea-mc
1820 5381 2023 5478 ἐδέξω-η
2060 5383 2104 5413 σ·
2137 5381 2256 5478 ειεεο
2335 5381 2380 5412 ’³
2531 5395 2644 5478 οτι
2675 5376 2907 5478 οκῑνη
2937 5378 3251 5478 esse
3277 5379 3385 5478 ου..
3416 5377 3463 5409 ’δ

1330 5447 1422 5518 ἀφ’
1448 5444 1512 5503 οὗ
1541 5444 1712 5520 Ε’ρὶεᾴ
1742 5452 1833 5520 ἀφ’
1872 5444 1946 5504 ὧν
1977 5449 2043 5517 0,
2079 5444 2171 5520 qui
2208 5458 2320 5506 tum
2352 5465 2463 5504 om.
2487 5451 2629 5514 τινά,
2657 5449 2957 5520 scribitque
2991 5444 3236 5520 άλήθειαζ

2507 5306 2811 5380 πτήνᾼοζ
2875 5306 2922 5339 ⁸⁸
2951 5307 3221 5380 τόπουςο
3272 5324 3322 5380 c.
3360 5310 3483 5380 cod.
3531 5308 3666 5380 Reg.

3339 5449 3385 5480 “
3412 5447 3671 5502 πεπόνθει

2381 5521 2423 5552 ⁸⁷
2455 5518 2784 5592 τῷ-πονηρῷ
2833 5516 2957 5592 cod.
2993 5515 3126 5588 Reg.
3173 5518 3278 5592 804
3314 5527 3369 5592 et
3396 5515 3536 5592 Epit.
3562 5517 3666 5592 S_'ed

437 5572 718 5662 ffruhom.
746 5590 846 5662 ιιη
868 5577 956 5641 16,
992 5577 1283 5662 11,18,111
1309 5572 1460 5645 oram
1487 5572 1844 5647 dilabentis?
1858 5572 1967 5649 ἰιόέ
1996 5572 2660 5654 έὸιὶὸιίσὶἰέχειειιείτσως
2686 5572 2766 5642 εεέ
2789 5572 3104 5658 manu;
3119 5577 3257 5662 πρὸς
3289 5572 3384 5662 τὴν
3414 5572 3668 5653 obnata

437 5642 755 5715 ἐπιγράφων
795 5645 889 5704 τὸν
929 5642 1185 5723 πονηρόν.
