4082 6160
395 249 492 324 stt

1247 271 1304 325 S.
1343 268 1728 326 CLEMENTIS
1768 267 1788 323 Ι
1827 267 1991 324 ΠΟΜ.
2035 264 2235 320 ΡΟΝΤ.
2272 264 2502 321 OPERA
2530 265 2757 322 DUBIA.

3539 266 3652 322 τις

462 381 581 440 XII.
615 381 724 440 Ista
752 391 1042 454 postquam
1075 380 1308 438 dixisset
1341 381 1558 448 Petrus,
1586 397 1730 437 unus
1756 395 1824 435 ex
1855 395 1942 434 no-

2135 373 2247 428 XII.
2302 376 2487 430 Ταῦτα
2534 375 2630 431 τοῦ
2676 375 2886 448 Πέτρου
2925 373 3174 437 εἰπόντος
3205 367 3285 436 εἷς
3317 389 3401 436 τις
3431 372 3540 427 τῶν
3588 375 3646 427 ἐν

391 478 521 533 stris
549 475 775 531 audacia
817 482 1032 544 sumpta
1060 488 1159 543 pro
1187 473 1440 528 omnibus
1470 472 1679 544 rogavit
1719 486 1868 536 cum,
1901 484 1942 524 ut

2064 467 2193 538 ἡμῖν
2215 467 2491 539 τολμήσας
2522 467 2643 520 ἀντὶ
2677 467 2894 520 πάντων
2923 464 3296 538 παρεκάλεσεν
3328 464 3510 529 αὑτὸν,
3546 464 3644 518 αῦ-

387 571 476 626 die
500 571 740 626 crastina
775 568 1046 624 maturius
1068 569 1131 636 in
1158 568 1399 622 Aradum
1424 608 1438 632 ,
1471 567 1774 639 oppositam
1808 564 1960 619 insu-

388 664 518 728 lam,
543 678 666 733 quae
705 662 958 732 triginta,
986 663 1202 733 opinor,
1240 677 1341 718 nec
1383 661 1512 717 totis
1547 658 1740 714 stadiis
1768 657 1954 722 distat,

386 754 790 825 navigaremus,
823 754 893 809 ad
914 754 1178 810 videndas
1201 755 1276 809 ibi
1305 754 1443 808 duas
1474 752 1760 807 columnas
1784 758 1956 806 Vtteas

385 847 680 901 maximam
729 846 925 902 molem
974 846 1256 903 habentes.
1311 844 1505 900 Petrus
1543 859 1694 914 ergo,
1739 852 1798 898 ut
1839 851 1956 898 erat

381 936 864 1006 clementissimus,
917 938 1225 1005 concessit,
1275 937 1516 993 dicens:
1559 934 1699 991 Cum
1753 950 1783 989 e
1827 934 1950 990 navi

379 1027 586 1098 egressi
624 1027 838 1086 fueritis
864 1069 880 1095 ,
917 1045 987 1084 ne
1018 1044 1124 1084 una
1172 1027 1332 1081 multi
1362 1025 1670 1098 procedatis
1715 1024 1784 1079 ad
1825 1040 1952 1094 spe-

379 1119 672 1174 ctationem
697 1135 886 1176 eorum
929 1137 1051 1192 qua:
1096 1119 1294 1190 cupitis
1347 1137 1360 1173 :
1402 1117 1529 1174 nolo
1573 1117 1718 1173 enim
1749 1117 1950 1172 civium

378 1229 683 1270 concursus
729 1215 797 1270 ad
844 1230 942 1271 vos
985 1215 1120 1270 ﬁeri.
1158 1214 1337 1284 Atque
1371 1213 1453 1270 sic
1483 1212 1803 1284 navigantes
1829 1227 1950 1266 mo.-

379 1313 564 1359 mento
615 1306 762 1360 hora:
809 1307 865 1362 in
909 1306 1144 1362 insulam
1193 1305 1357 1361 delati
1385 1319 1599 1360 sumus.
1633 1302 1699 1357 Et
1727 1305 1953 1359 descen-

376 1395 566 1452 dentes
586 1411 651 1452 εκ
675 1399 877 1466 scapha
904 1411 970 1452 eo
996 1396 1271 1467 progressi
1313 1409 1528 1459 sumus,
1556 1393 1649 1448 ubi
1673 1402 1831 1448 erant
1859 1408 1950 1448 co-

377 1487 578 1542 lumnae
615 1487 810 1553 viteae;
841 1487 1116 1558 simulque
1157 1501 1284 1543 cum
1334 1485 1608 1541 columnis
1631 1484 1771 1539 alius
1801 1483 1950 1538 aliud

374 1596 440 1635 ex
470 1577 676 1635 Phidiae
697 1581 956 1651 operibus
991 1578 1290 1650 spectabat.

443 1669 582 1726 XIII.
639 1670 793 1728 Unus
835 1681 1018 1726 autem
1072 1669 1268 1726 Petrus
1321 1681 1545 1724 necesse
1584 1681 1695 1722 non
1741 1665 1950 1736 putavit

373 1777 494 1832 quae
534 1763 611 1818 ibi
641 1772 798 1819 erant
835 1763 1094 1829 invisere,
1141 1763 1237 1819 sed
1278 1762 1543 1818 attentius
1585 1760 1946 1817 considerans

374 1853 657 1909 mulierem
689 1855 1005 1924 quamdam,
1033 1861 1188 1909 extra
1221 1868 1320 1923 pro
1353 1852 1563 1908 foribus
1593 1852 1868 1906 sedentem
1893 1859 1946 1905 et

375 1943 550 1999 victus
593 1945 770 2016 gratia
816 1945 1219 2000 mendicantem
1251 1963 1265 2000 :
1299 1943 1491 1998 Mulier
1515 1985 1531 2010 ,
1569 1941 1766 2012 inquit,
1797 1942 1944 2011 quod

372 2037 465 2092 tibi
494 2037 800 2094 membrum
829 2038 1003 2101 deest,
1030 2046 1090 2092 ut
1116 2046 1321 2094 tantam
1345 2035 1730 2092 contumeliam
1758 2049 1945 2090 susce-

370 2131 537 2200 peris,
570 2131 818 2200 petendi,
849 2130 1098 2200 inquam,
1128 2131 1320 2200 stipem
1351 2137 1406 2184 et
1425 2143 1533 2183 non
1557 2127 1740 2198 potius
1769 2127 1944 2182 mani-

367 2222 472 2276 bus
502 2222 630 2286 tuis,
658 2238 798 2293 quas
819 2237 850 2277 a
876 2221 987 2278 Deo
1003 2221 1283 2292 accepisti,
1310 2235 1542 2291 operans
1564 2219 1942 2291 quotidianum

366 2315 549 2370 cibum
574 2317 776 2386 quaeris
796 2315 820 2369 ‘I
841 2314 912 2371 At
939 2315 1030 2371 illa
1060 2315 1346 2386 suspirans
1361 2313 1640 2385 respondit
1673 2329 1688 2367 :
1723 2309 1941 2367 Utinam

365 2408 502 2462 mihi
530 2409 753 2479 quidem
791 2418 978 2466 essent
1001 2424 1218 2477 manus,
1237 2424 1361 2480 qua:
1401 2417 1624 2479 possent
1651 2406 1938 2462 laborare!

365 2515 515 2556 nunc
538 2511 724 2557 autem
757 2501 895 2556 mihi
925 2501 1101 2558 solam
1132 2515 1396 2558 manuum
1424 2500 1664 2571 Speciem
1696 2507 1937 2562 servant,

363 2607 488 2647 cum
519 2593 633 2650 sint
669 2602 933 2649 emortua:
954 2633 970 2659 ,
1011 2593 1288 2649 morsibus
1313 2591 1454 2647 meis
1477 2599 1704 2646 vexataa.
1742 2588 1808 2644 Et
1837 2587 1939 2643 Pe-

364 2694 485 2740 trus
527 2684 883 2757 interrogavit
913 2703 929 2741 :
957 2683 1092 2751 Quae
1131 2700 1264 2742 vero
1294 2684 1397 2741 fuit
1423 2699 1614 2750 causa,
1662 2691 1725 2737 ut
1770 2696 1937 2752 grave

364 2783 468 2836 hoc
491 2779 702 2834 malum
737 2780 1040 2835 sustineres
1058 2779 1082 2833 ἲ
1102 2777 1242 2833 Tum
1276 2778 1364 2832 illa
1398 2775 1679 2848 respondit
1707 2793 1722 2830 :
1749 2774 1936 2830 Animi

362 2871 734 2935 imbecillitas,
782 2885 884 2926 nec
936 2869 1085 2924 aliud
1134 2869 1458 2941 quidquam.
1510 2866 1569 2922 Si
1611 2867 1760 2923 enim
1805 2864 1934 2920 forti

361 2964 549 3020 animo
580 2962 808 3019 fuissem
836 2961 1088 3032 praedita,
1119 2971 1239 3018 erat
1264 2960 1652 3033 prtecipitium,
1681 2969 1801 3015 erat
1836 2975 1933 3029 pe-

361 3059 540 3130 lagus,
590 3056 737 3112 unde
778 3071 867 3112 me
905 3056 1168 3127 dejiciens
1213 3064 1460 3126 poteram
1499 3053 1659 3108 malis
1687 3052 1932 3108 dolorem
1960 3087 2003 3146 Ο

361 3151 497 3206 mihi
522 3149 875 3206 aﬁ‘erentibus
905 3149 1067 3205 finem
1091 3151 1394 3220 imponere.

428 3241 572 3298 XIV.
601 3241 740 3297 Tum
770 3240 966 3297 Petrus
985 3241 1104 3295 iniit
1129 3259 1143 3296 :
1173 3240 1240 3296 Et
1262 3241 1392 3312 quid
1415 3240 1439 3294 ?
1460 3239 1698 3296 Putasne
1717 3240 1932 3308 mulier,

359 3336 506 3405 quod
535 3334 632 3404 qui
660 3332 986 3404 semetipsos
1007 3331 1304 3402 perimunt,
1337 3331 1564 3386 omnino
1588 3346 1619 3386 a
1651 3332 1934 3403 suppliciis

359 3429 687 3493 liberantur,
715 3441 901 3484 annon
923 3427 1108 3498 potius
1129 3427 1326 3483 animae
1352 3441 1569 3492 eorum,
1599 3427 1694 3498 qui
1720 3428 1792 3482 ita
1817 3443 1936 3483 mo-

358 3522 595 3588 riuntur,
628 3519 931 3591 majoribus
957 3520 1260 3590 puniuntur
1303 3519 1446 3590 apud
1487 3517 1691 3576 inferos
1731 3521 1932 3590 poenis,

360 3622 580 3686 propter
621 3611 709 3668 sui
747 3610 1242 3668 homicidium?At
1268 3610 1359 3667 illa
1391 3629 1405 3666 :
1446 3609 1688 3677 Utinam,
1729 3612 1931 3682 inquit,

359 3717 684 3774 persuasum
713 3701 849 3756 mihi
881 3709 1058 3769 esset,
1082 3716 1271 3757 revera
1312 3701 1366 3756 in
1393 3701 1583 3759 inferis
1605 3702 1820 3757 animas
1849 3703 1934 3757 vi-

359 3809 456 3850 vas
487 3793 748 3864 reperiri;
783 3791 971 3862 utique
1007 3793 1336 3862 contemptis
1379 3795 1558 3863 ptenis
1589 3795 1732 3850 mori
1767 3794 1935 3866 elige-

358 3901 497 3951 rem,
538 3893 600 3939 ut
629 3884 819 3939 horam
844 3884 1038 3940 saltem
1072 3900 1238 3939 unam
1269 3885 1507 3940 viderem
1535 3886 1669 3941 mihi
1703 3897 1932 3958 exoptat-

358 3977 623 4033 tissimos.
670 3975 736 4031 Et
766 3974 962 4031 Petrus
1004 3977 1142 4030 dixit
1183 3993 1197 4027 :
1242 3975 1512 4043 Quidnam
1555 3979 1645 4041 sit,
1688 3981 1834 4050 quod
1881 3991 1933 4037 te

359 4068 659 4131 excruciet,
692 4067 833 4123 scire
858 4067 1020 4123 velim
1047 4109 1062 4133 ,
1106 4067 1328 4123 mulier.
1363 4068 1421 4123 Si
1443 4069 1589 4125 enim
1615 4085 1704 4126 me
1731 4073 1933 4128 docue-

360 4159 460 4223 ris,
507 4171 609 4227 pro
637 4172 702 4212 ea
732 4158 906 4227 gratia
933 4167 1136 4214 certam
1182 4167 1234 4212 te
1261 4157 1458 4214 faciam
1489 4159 1557 4214 de
1584 4161 1781 4217 animae
1818 4163 1930 4218 vita

357 4249 502 4320 apud
531 4247 758 4315 inferos,
789 4258 845 4304 et
875 4264 976 4319 pro
1005 4250 1305 4320 praecipitio
1345 4251 1428 4305 vel
1459 4251 1732 4321 profundo
1758 4255 1932 4309 medi-

357 4352 670 4399 camentum
712 4341 925 4398 tradam
995 4351 1057 4397 ut
1100 4343 1220 4398 sine
1249 4342 1498 4399 cruciatu
1536 4344 1722 4401 valeas
1761 4345 1928 4402 vitam

355 4446 714 4492 commutare.

423 4550 545 4607 XV.
570 4549 725 4607 Tunc
747 4550 964 4613 mulier,
990 4565 1112 4621 qua:
1138 4550 1455 4622 ambiguum
1479 4566 1788 4608 sermonem
1815 4569 1924 4609 non

356 4643 698 4715 intelligeret,
747 4643 1113 4713 promissione
1165 4653 1442 4713 gratanter
1489 4652 1712 4714 accepta
1758 4647 1925 4716 coepit

355 4734 538 4790 dicere
563 4735 710 4790 hunc
747 4734 802 4788 in
826 4733 1050 4788 modum
1083 4731 1311 4789 :Genus
1349 4733 1569 4804 quidem
1607 4743 1664 4790 et
1688 4736 1920 4804 patriam

2065 576 2175 630 ριον
2203 559 2574 632 ὀρθριαίτερον
2599 559 2644 590 ⁸⁸
2678 558 2790 630 (57)
2823 560 2904 622 είς
2935 557 3188 628 Ἀραδον,
3221 556 3321 627 τὴν
3355 556 3644 610 κατέναντι

2059 651 2240 722 νῆσον,
2265 650 2604 714 εἰσπλεῦσαι,
2637 650 2955 721 τριάκοντα,
2981 646 3156 719 οἶμαι,
3186 647 3296 702 οὐδ’
3327 647 3482 711 ὅλους
3512 646 3648 701 ἀπέ-

2057 758 2258 811 χουσαν
2281 741 2546 804 σταδίους,
2581 740 2657 804 ὡς
2679 741 2772 793 ἐπὶ
2807 740 3019 812 ἱστορίᾳ⁸
3044 739 3152 793 τῶν
3187 740 3304 792 ἐκεῖ
3331 737 3642 809 άμπελίνων

2055 832 2148 886 δύο
2171 833 2378 886 στύλων
2407 832 2641 903 μέγιστα
2675 833 2905 903 ἐχόντων
2937 831 3108 902 πάχη.
3159 831 3218 884 '0
3250 823 3343 883 οὗν
3368 828 3644 900 πειθήνιος

2055 921 2657 996 Πέτροςβυνεχὼρησεν
2683 921 2870 976 εἰπών’
2889 923 3056 976 Ἐπὰν
3080 921 3176 976 τοῦ
3202 921 3385 974 πλοίου
3412 921 3638 991 ὲκ6ῆτε,

2058 1013 2134 1085 μὴ
2170 1013 2287 1085 ἅμα
2320 1013 2504 1067 πολλοὶ
2538 1014 2850 1086 εἰσέρχεσθε
2882 1015 2962 1078 είς
2999 1013 3098 1085 τὴν
3134 1013 3367 1086 θεωρίαν
3398 1009 3474 1066 ὧν
3511 1013 3639 1064 ἐπι-

2054 1105 2294 1177 θυμεῖτε·
2345 1109 2407 1162 οὐ
2456 1107 2565 1179 γὰρ
2611 1107 2867 1177 βούλομαι
2917 1107 3238 1178 στρέμματα
3269 1105 3512 1176 γίνεσθαι
3547 1105 3630 1168 είς

2053 1198 2196 1268 ὑμᾶς
2209 1199 2253 1230 ⁸⁸
2273 1198 2379 1252 τῶν
2412 1198 2662 1252 πολιτῶν.
2693 1199 2804 1252 Καὶ
2837 1198 2978 1253 οὕτω
3018 1199 3088 1265 ⁷⁸,
3125 1197 3454 1260 πλεύσαντες
3489 1197 3632 1267 ῥοπῇ

2051 1287 2221 1360 ὥρας,
2256 1289 2607 1362 κατήχθημεν
2649 1291 2729 1353 είς
2767 1289 2866 1360 τὴν
2889 1290 3068 1360 νῆσον.
3115 1288 3402 1351 Ἐκϐάντες
3446 1287 3503 1340 δὲ
3541 1286 3638 1340 τοῦ

2054 1383 2317 1450 σκάφους,
2370 1383 2646 1452 είσῄειμεν
2691 1381 2820 1435 ἔνθα
2852 1383 2900 1435 οἱ
2934 1381 3217 1452 άμπέλινοι
3253 1380 3431 1434 στῦλοι
3473 1375 3636 1452 ἦσαν,

2049 1472 2199 1545 ὁμῶς
2231 1473 2276 1505 τί
2317 1473 2434 1545 ἅμα
2469 1475 2653 1536 αὐτοῖς
2686 1473 2844 1538 ἄλλος
2876 1473 3003 1529 ἄλλο
3023 1492 3074 1527 τι
3097 1475 3142 1505 τ’
3175 1472 3282 1528 τῶν
3312 1472 3516 1526 Φειδίου
3539 1471 3633 1544 ἕρ-

2049 1578 2161 1630 γων
2194 1561 2439 1633 ἐθεώρει.

2117 1653 2256 1708 ΧΙΙΙ.
2293 1655 2498 1727 Πέτρος
2533 1654 2588 1708 δὲ
2624 1655 2781 1727 μόνος
2812 1657 2912 1710 οὐκ
2945 1657 3238 1724 ἀναγκαῖον
3265 1654 3506 1726 ἡγήσατο
3543 1652 3636 1706 ἐπὶ

2047 1744 2146 1817 τὴν
2179 1744 2287 1798 τῶν
2335 1747 2452 1798 ἐκεῖ
2485 1745 2722 1817 ἱστορίαν
2755 1746 2801 1778 ⁷³
2851 1747 3145 1815 γενέσθαι,
3187 1746 3406 1815 γυναικὶ
3445 1745 3502 1798 δέ
3532 1761 3636 1798 τινι

2050 1837 2155 1906 ἔξω
2185 1839 2291 1910 πρὸ
2320 1838 2427 1892 τῶν
2465 1838 2644 1912 θυρῶν
2693 1838 3033 1911 καθεζομένῃ
3083 1839 3180 1893 κα)⁵
3229 1839 3432 1910 τροφῆς
3478 1839 3636 1909 χάριν

2050 1930 2381 2002 μεταιτούσῃ
2411 1931 2611 1995 πυκνὰ,
2654 1935 3018 2004 κατανοήσας,
3051 1931 3174 2004 ἔφη·
3217 1931 3384 1985 Γύναι
3405 1969 3420 1994 ,
3467 1930 3520 1982 τί
3555 1947 3638 1983 σοι

2044 2022 2153 2078 τῶν
2189 2021 2364 2094 μελῶν
2383 2022 2582 2088 λείπει,
2617 2023 2700 2078 ὅτι
2732 2024 2999 2094 τοσαύτην
3025 2022 3181 2093 ὓϐριν
3215 2021 3466 2088 ἀνεδέξω,
3494 2021 3636 2090 λέγω

2044 2113 2107 2186 δὴ
2157 2113 2217 2167 τὸ
2251 2117 2598 2185 προσαιτεῖν,
2649 2115 2743 2168 καὶ
2779 2115 2854 2186 μὴ
2889 2113 3086 2185 μᾶλλον
3123 2115 3243 2176 ταῖς
3277 2111 3381 2165 ὑπὸ
3421 2111 3557 2164 Θεοῦ
3588 2111 3636 2143 ⁷⁵

2046 2220 2131 2256 σοι
2163 2203 2567 2275 δεδωρημέναις
2597 2207 2785 2275 χερσὶν
2819 2204 3163 2278 ἐργαζομένη
3191 2203 3290 2266 τὰς
3323 2202 3634 2274 ἐφημέρους

2044 2292 2240 2365 πορίζῃ
2299 2293 2345 2325 ⁷⁸
2394 2293 2636 2367 τροφάςς
2687 2296 2751 2348 Ἡ
2795 2295 2870 2360 δὲ,
2915 2294 3236 2360 στενάξασα,
3279 2294 3628 2366 ἀπεκρίνατο·

2042 2383 2169 2437 Εἴθε
2190 2383 2302 2457 γὰρ
2328 2379 2468 2457 ἦσάν
2492 2386 2774 2458 μοιζχεῖρες
2803 2387 3098 2458 ὑπουργεῖν
3121 2383 3284 2456 268,
3306 2384 3625 2454 δυνάμεναιῑ

2045 2475 2140 2530 νῦν
2171 2476 2227 2531 δέ
2263 2495 2352 2549 μοι
2386 2479 2572 2550 σχῆμα
2596 2478 2754 2550 μόνον
2786 2477 2985 2551 χειρῶν
3020 2477 3405 2547 φυλάσσουσιν,
3441 2474 3631 2546 νεκραὶ

2041 2569 2412 2639 τυγχάνουσαι
2437 2609 2453 2633 ,
2499 2570 2606 2624 ὑπὸ
2635 2570 2929 2642 δηγμάτων
2963 2569 3130 2641 ἐμῶν.
3155 2568 3627 2640 βεϐασανισμέναι.

2043 2661 2155 2715 Καὶ
2185 2663 2214 2715 ὁ
2245 2662 2450 2734 Πέτρος
2491 2662 2739 2716 ἐπύθετο·
2794 2663 2890 2726 Τίς
2946 2662 3002 2714 δὲ
3046 2664 3079 2732 ἠ
3131 2661 3279 2715 αἰτία
3311 2660 3405 2714 τοῦ
3458 2678 3516 2712 σε
3567 2660 3630 2712 τὸ

2044 2751 2277 2823 χαλεπὸν
2325 2751 2485 2805 τοῦτο
2543 2751 2868 2805 πεπονθέναι
2909 2751 2994 2816 ⁷⁶;
3043 2749 3106 2803 Ἦ
3159 2749 3216 2803 δὲ
3271 2750 3624 2819 ἁπεκρίνατο-

2042 2843 2238 2914 Ψυχῆς
2285 2841 2540 2895 ἀσθένεια
2576 2841 2672 2895 καὶ
2719 2841 2880 2894 πλέον
2918 2839 3095 2894 οὐθέν.
3133 2840 3196 2893 Εἰ
3235 2838 3345 2911 γὰρ
3387 2840 3628 2912 ἀνδρεῖον

2040 2928 2184 3004 εἶχον
2214 2933 2487 3006 φρόνημα,
2522 2927 2590 3005 ἦν
2627 2932 2891 3005 κρημνὸς,
2924 2927 2991 3003 ἦν
3025 2933 3069 2964 ⁴¹⁷
3094 2929 3273 3001 βυθὸς,
3309 2929 3429 2984 ὅθεν
3459 2932 3628 3001 ἐμαυ-

2037 3024 2136 3097 τὴν
2172 3025 2398 3097 ῥίψασα,
2413 3023 2522 3078 τῶν
2555 3022 2864 3078 ὀδυνῶντων
2899 3041 2968 3096 με
3000 3021 3313 3078 παύσασθαι
3345 3021 3627 3094 ἠδυνάμην

2037 3133 2222 3170 κακων
2229 3155 2242 3168 .

2106 3245 2247 3300 XIV.
2287 3247 2398 3300 Καὶ
2427 3247 2456 3300 ὁ
2481 3245 2690 3318 Πέτρος
2717 3245 2843 3317 ἔφη·
2881 3243 2947 3298 Τί
2979 3239 3072 3298 οὖν
3097 3243 3292 3313 ;ῖοίέι,
3326 3243 3508 3314 γύναι,
3543 3245 3626 3297 ὅτι

2037 3340 2255 3404 πάντως
2301 3341 2352 3394 oi
2397 3338 2748 3412 ἀναιροῦντες
2778 3339 3004 3402 ἑαυτοὺς
3034 3337 3311 3401 κολάσεως
3344 3337 3626 3392 ἀπαλλασ-

2039 3448 2243 3495 σονται,
2276 3431 2310 3502 ἢ
2347 3432 2478 3504 μήτι
2509 3431 2558 3463 ⁷⁸
2588 3431 2794 3502 χείρονι
2827 3431 3049 3486 κολάσει
3079 3430 3138 3484 ὲν
3171 3429 3274 3501 ᾅδῃ
3308 3430 3364 3483 αἱ
3393 3428 3503 3482 τῶν
3533 3429 3626 3481 οὖ-

2034 3541 2144 3588 τως
2193 3521 2537 3595 θνησκόντων
2564 3523 2734 3595 ψυχαὶ
2769 3524 2896 3596 περὶ
2928 3523 3028 3594 τῆς
3069 3522 3419 3586 αὐτοκτονίας
3463 3522 3623 3575 κολά-

2023 3613 2257 3680 (aveat;
2304 3615 2368 3669 'H
2392 3615 2450 3669 δὲ
2481 3614 2584 3686 ἔφη
2614 3616 2679 3648 ⁷⁸⁸
2713 3614 2841 3668 Εἴθε
2861 3615 3226 3686 ἐπεπείσμην,
3256 3616 3338 3668 ὅτι
3364 3615 3532 3678 ὅντως
3563 3615 3622 3666 ὲν

2036 3705 2141 3780 ᾅδῃ
2165 3706 2338 3777 ψυχαὶ
2368 3704 2713 3777 εὑρίσκονται
2745 3704 2949 3770 ζῶσαι,
2994 3705 3088 3759 καὶ
3119 3705 3371 3774 ἠγάπων,
3405 3703 3506 3773 τῆς
3528 3721 3622 3756 κο-

2035 3796 2244 3861 λάσεως
2275 3797 2760 3867 καταφρονήσασα,
2792 3795 3155 3859 θανεῖν,ὄπως
3167 3795 3293 3857 τοὺς
3324 3795 3491 3864 ἐμοὺς
3523 3809 3620 3846 πε-

2037 3887 2360 3959 ριποθήτους
2409 3887 2504 3942 ῐδω
2548 3887 2594 3920 ⁸⁸
2641 3887 2743 3942 κᾶν
2785 3888 2913 3959 μίαν
2944 3886 3129 3959 ὦρανι
3184 3887 3293 3940 Καὶ
3341 3885 3370 3942 ὁ
3417 3885 3622 3956 Πέτρος

2035 3978 2162 4049 ἔφη’
2199 3979 2264 4032 Τί
2301 3978 2412 4050 ἄρα
2441 3979 2562 4032 ἐστὶ
2591 3978 2652 4032 τὸ
2679 3979 2884 4032 λυποῦν
2918 3997 3000 4044 σε,
3047 3979 3238 4050 μαθεῖν
3277 3976 3489 4048 ἡθελον,
3521 3975 3620 4044 γύ-

2035 4084 2144 4122 ναι.
2189 4067 2314 4123 Ἐάν
2345 4069 2454 4140 γάρ
2497 4086 2565 4140 με
2597 4069 2836 4140 διδάξῃς,
2879 4069 2999 4124 ἀντὶ
3030 4069 3234 4140 ταύτης
3268 4069 3367 4139 τῆς
3398 4069 3618 4140 χάριτος

2037 4160 2438 4233 πληροφορήσω
2480 4177 2581 4229 σε,
2633 4162 2715 4214 ὅτι
2761 4163 2819 4214 ὲν
2852 4161 2954 4236 ᾅδῃ
2995 4160 3160 4226 ζῶσιν
3201 4161 3256 4213 αἱ
3290 4159 3480 4229 ψυχαὶ,
3523 4159 3618 4211 καὶ

2033 4250 2155 4304 ἀντὶ
2205 4248 2455 4322 κρημνοῦ
2509 4249 2543 4320 ἢ
2597 4249 2758 4320 βυθοῦ
2803 4250 3093 4321 φάρμακον
3141 4247 3296 4302 δώσω
3340 4247 3416 4311 ⁸¹,
3469 4247 3618 4310 ὅπως

2032 4340 2409 4405 ἀϐασανίστως
2439 4339 2534 4394 τοῦ
2579 4339 2678 4412 ζῇν
2707 4339 2802 4394 τὸν
2854 4340 2966 4412 βίον
3014 4339 3126 4412 (58)
3160 4337 3486 4412 μεταλλάξαι
3523 4337 3616 4390 δυ-

1957 4447 2014 4510 D
2035 4433 2223 4504 νιὶθῇςο

2102 4563 2348 4620 XV.Kai.
2380 4567 2414 4638 ἡ
2445 4567 2601 4638 γυνὴ,
2634 4565 2695 4619 τὸ
2722 4566 3034 4638 ἀμφιϐόλως
3071 4566 3233 4639 ῥηθὲν
3267 4565 3340 4638 μὴ
3372 4567 3610 4630 συνεῖσα,

2031 4653 2126 4708 ἐπὶ
2156 4657 2222 4725 τῇ
2256 4655 2546 4724 ὑποσχέσει
2576 4655 2824 4727 ἡσθεῖσα,
2858 4657 2952 4709 τοῦ
2980 4655 3160 4724 λέγειν
3186 4655 3386 4726 ἤρξατο
3417 4653 3609 4714 οὕτως·

2030 4742 2189 4807 Γένος
2208 4743 2305 4814 μὲν
2325 4745 2672 4817 καὶ-πατρίδα
2690 4747 2862 4810 εἰπεῖν
2875 4748 2920 4777 ⁸³
2935 4787 2950 4813 ,
2966 4747 3067 4799 οὐκ
3083 4745 3242 4816 265
3256 4741 3409 4815 οἶμαι
3429 4743 3614 4797 πεῖσαί

1683 4851 1920 4908 ἾΑΠΙᾹΞ
1958 4854 2362 4914 LECTIONES.

425 4936 472 5012 ξ’
529 4937 604 5012 ΙΨ
648 4938 712 5012 -Ο
787 4939 1272 5012 ο.ί5,ῥρθρίτερον
1300 4940 1364 4996 C.

1491 4939 1790 5022 θἈύμᾶς
1845 4962 1895 4999 c.
1917 4947 2059 5022 AcodA.
2090 4948 2222 5022 Reg.
2254 4949 2360 5004 804
2393 4958 2449 5005 et
2473 4949 2620 5021 Epit.
2649 4967 2698 5005 c.
2737 4950 3030 5022 80,ηήμᾶς
3084 4949 3147 5005 C.

3249 4952 3296 4983 '°
3322 4951 3496 5014 οῦτως
3547 4951 3608 5006 C.

355 5012 401 5093 ξς
432 5007 506 5062 Ita
553 5009 613 5093 ἓ,
644 5010 793 5093 ὅμως
831 5011 895 5078 (ἶ,
916 5007 1015 5093 -ρζ
1060 5007 1071 5012 ⁷
1093 5011 1139 5041 ⁷³
1176 5007 1302 5093 ἄλλο
1326 5010 1509 5093 άλλότι
1535 5007 1658 5093 (ρξ’-
1679 5014 1734 5093 7:
1757 5013 2086 5093 ἱστορία-,0,
2111 5007 2201 5093 in"
2237 5036 2358 5093 (ιιιοῄ
2397 5007 2617 5093 deinde
2646 5007 2936 5093 Oupwptbv':
3005 5007 3052 5093 if
3227 5021 3321 5074 τοῦ
3359 5007 3494 5093 Θεοῦ
3547 5025 3606 5093 (ΑΞ.

355 5081 402 5153 ’Ψ
437 5079 688 5153 πορίζεις
720 5081 822 5153 _C._
849 5151 868 5153 __
916 5081 962 5153 '_‘
994 5081 1350 5153 mttogxévat
1378 5079 1464 5153 0.7
1554 5083 1607 5153 "A
1633 5084 1668 5153 ἡ
1695 5084 1756 5140 C.

355 5152 396 5198 ι¹
431 5149 587 5205 δώσω
614 5151 670 5220 S,
708 5149 773 5222 Ο,
804 5151 880 5205 δῶ
915 5151 976 5206 C.
1067 5151 1114 5184 ⁸³
1143 5149 1294 5206 Fort.
1327 5152 1555 5207 είποῦσα
1586 5151 1645 5208 S.

1885 5085 1907 5115 ε
1936 5085 2030 5157 Μὴ
2070 5091 2137 5159 τῇ
2193 5085 2269 5159 p.‘
2294 5091 2424 5163 μήτι
2460 5092 2523 5147 c.

2622 5093 2668 5126 τ’
2706 5090 2752 5147 Ο
2801 5090 2909 5147 ’ωδ
2957 5091 3084 5147 exh.
3127 5091 3233 5164 ἔφη
3306 5093 3351 5124 ⁸⁸
3383 5092 3508 5145 εἰδῶ
3540 5090 3609 5148 0.

1651 5268 2018 5327 VARIORUM
2055 5269 2287 5326 ΝΟΤίΕ.

425 5360 540 5430 (37)
574 5359 814 5416 Insulam
850 5360 1117 5430 Aradum,
1137 5363 1260 5418 urbi
1289 5360 1566 5416 Antarado
1594 5377 1661 5417 ex
1692 5362 1923 5417 adverso

355 5429 538 5501 sitam,
575 5441 881 5486 memorant
917 5429 1118 5489 Herod.
1144 5449 1243 5501 vn,
1284 5433 1376 5489 98.
1431 5433 1615 5488 Strab.
1656 5447 1769 5498 xvr,
1796 5432 1922 5488 755.

353 5500 596 5555 Casaub.
633 5502 916 5558 δειπνίζοι..

429 5571 543 5640 (58)
590 5571 930 5646 Videtur-rb»
963 5576 1076 5646 βίον
1115 5591 1238 5631 esse
1272 5575 1647 5646 interpretatio
1671 5571 1766 5646 τοῦ
1807 5575 1924 5646 ζῇν.

358 5640 452 5724 Ιξὶδι
481 5651 662 5724 autem
691 5640 1012 5724 ἀμφίϐολον,
1043 5647 1169 5724 quia
1191 5647 1335 5724 quod
1359 5640 1928 5724 _Petrus__intelligebat

357 5714 422 5766 dc
462 5714 762 5769 mutatione
792 5717 912 5769 vita:
948 5719 1003 5770 in
1027 5714 1242 5785 melius,
1274 5717 1327 5774 id
1358 5715 1640 5773 Matthidia
1677 5715 1744 5773 de
1777 5714 1928 5771 com-

2032 5363 2355 5434 mutatione
2381 5362 2525 5434 vita:
2553 5379 2678 5418 cum
2723 5373 2898 5419 morte
2947 5363 3427 5434 interpretabatur.
3466 5362 3610 5432 Lege

2033 5449 2154 5506 cap.
2198 5431 2282 5487 I8.
2318 5432 2454 5489 Cor.
2486 5432 2713 5487 Fallitur
2735 5434 2832 5506 μ,
2861 5450 2986 5490 cum
3011 5431 3105 5489 τὸν
3138 5435 3250 5506 βίον
3287 5431 3610 5506 interpreta-

2037 5505 2238 5577 tiunem
2289 5519 2409 5577 esse
2451 5515 2635 5558 censet
2653 5503 2761 5577 soi}
2797 5504 2918 5575 ζῇν,
2975 5521 3100 5560 nam
3139 5503 3252 5576 βίον
3287 5503 3610 5577 ζῇν-άὶῡιιιιι
3641 5533 3644 5535 λ

2035 5572 2188 5627 Plato
2224 5574 2524 5644 optimique
2557 5572 2986 5644 scriptoresalii.
3024 5572 3174 5631 Licet
3209 5572 3373 5644 igitur
3400 5574 3484 5627 hzn
3513 5591 3611 5624 vo-

2037 5659 2128 5699 ces
2154 5645 2209 5698 in
2230 5643 2371 5713 Epit.
2397 5659 2516 5710 cap.
2547 5643 2616 5696 82
2649 5654 2703 5698 et
2737 5645 2877 5701 infra
2908 5663 2954 5701 c.
2986 5647 3050 5701 I8
3089 5663 3199 5702 non
3219 5643 3455 5711 exstent,
3482 5660 3603 5699 ont-

2039 5715 2168 5771 nino
2195 5723 2374 5768 tamen
2411 5722 2538 5769 sunt
2566 5715 2878 5772 retinendae.
2907 5715 3088 5774 DAV‘IS.
