4084 6148
382 261 488 320 Si!»

1519 241 1980 314 CLEMENTINA.
2010 284 2082 297 -
2113 241 2414 308 ιιοωιίΑ
2455 231 2560 309 xu'.

3538 249 3644 308 5M

379 389 512 429 ποτε
542 370 838 445 δυνηθῆναί
874 389 1015 429 τινα.
1045 372 1191 447 Πλὴν
1223 374 1320 429 καὶ
1349 373 1432 429 σοί
1462 374 1515 428 τί
1539 374 1784 448 διαφέρει
1804 373 1956 428 τοῦτο

2064 373 2111 430 si
2139 368 2472 444 proferrem,
2508 387 2616 428 non
2646 371 2885 429 arbitror
2909 385 2998 428 me
3033 385 3195 442 posse
3219 368 3383 424 alicui
3409 383 3640 439 persna-

381 464 600 537 μαθετν,
635 466 670 537 ἢ
709 466 870 537 μόνον
903 467 950 500 ⁸³
980 466 1078 539 τὴν
1100 467 1302 532 αἰτίαν,
1336 462 1406 540 ἧς
1434 467 1621 522 ἐνεκεν
1652 466 1959 538 όδυνωμένη

376 556 619 629 δήγμασι
636 556 736 621 τὰς
780 558 918 629 ἐμὰς
953 558 1233 631 ἐνέκρωσα
1279 563 1470 632 χεῖρας
1489 577 1502 590 ’
1543 559 1684 630 πλὴν
1725 559 1794 613 τὰ
1838 561 1960 613 κατ’

378 648 644 720 ἐμαυτὴν,
676 649 753 712 ὠς
777 649 1001 704 δυνατὸν
1033 650 1264 704 ἀκοῦσαί
1295 667 1377 714 σε,
1401 650 1750 723 διηγήσομαι.
1797 648 1958 719 Ἐγὼ,

380 741 523 795 πάνυ
570 741 794 812 εὐγενὴς
838 741 1180 813 ὑπάρχουσα,
1223 743 1482 797 δυνάστου
1503 742 1550 774 ⁸³
1595 741 1739 806 τινὸς
1789 759 1961 813 προσ-

379 836 522 906 ταγῇ
557 834 709 905 ἀνδρὶ
738 834 874 906 πρὸς
914 835 1106 904 γένους
1149 835 1297 908 αὑτῷ
1335 837 1634 909 ὑπάρχοντι
1697 838 1961 910 ἐγενόμην

379 928 540 998 γυνή.
583 927 692 980 Καὶ
733 926 869 997 μετὰ
899 927 1093 998 δίδυμα
1124 929 1290 983 τέκνα
1323 929 1479 1001 ἔσχον
1509 930 1694 1002 ἕτερον
1726 930 1860 984 υἱόν.
1903 931 1960 985 '0

381 1016 438 1070 δὲ
458 1015 552 1070 τοῦ
577 1016 712 1088 ἐμοῦ
741 1017 935 1089 ἀνδρὸς
965 1018 1194 1089 ἀδελφὸς
1225 1021 1415 1092 μανεὶς
1443 1022 1545 1075 οὐκ
1576 1021 1792 1076 ἔλαττον
1823 1022 1962 1093 ἡρά-

384 1105 484 1177 σθη
520 1123 621 1176 μου
650 1106 750 1177 τῆς
784 1105 1137 1178 ταλαιπώρου
1165 1108 1234 1172 ⁸⁸,
1270 1108 1474 1181 σφόδρα
1506 1111 1802 1180 σωφρονεῖν
1833 1109 1963 1176 ἀγα-

382 1195 588 1268 πώσης.
639 1197 752 1251 Καὶ
786 1196 1081 1269 βουλομένη
1111 1199 1157 1231 ⁸⁸
1203 1200 1340 1271 μήτε
1388 1199 1466 1270 τῷ
1515 1201 1719 1271 ἐραστῇ
1775 1198 1962 1252 συνθέ-

382 1287 538 1351 σθαι,
600 1288 738 1359 μήτε
776 1288 855 1359 τῷ
905 1288 1025 1359 ἐμῷ
1055 1288 1209 1361 ἀνδρὶ
1235 1289 1526 1344 ἀναθέσθαι
1563 1290 1655 1344 τὸν
1681 1289 1776 1343 τοῦ
1810 1289 1962 1344 ἀδελ-

382 1378 482 1446 φοῦ
533 1377 697 1431 αὑτοῦ
758 1379 894 1451 πρὸς
955 1379 1056 1450 ἐμὲ
1102 1379 1316 1451 ἔρωτα,
1376 1381 1734 1453 ἐλογισάμην,
1782 1382 1871 1438 ἵνα
1912 1384 1958 1416 ⁸⁷

385 1471 521 1542 μήτε
551 1472 924 1544 μοιχησαμένη
953 1474 1198 1546 ἐμαυτὴν
1247 1474 1450 1545 μιανῶ,
1507 1477 1641 1547 μήτε
1674 1475 1769 1529 τοῦ
1823 1475 1958 1548 ἐμοῦ

381 1563 572 1634 ἀνδρὸς
628 1563 727 1634 τὴν
776 1564 962 1635 κοίτην
1009 1565 1216 1637 ὑϐρίσω
1240 1605 1255 1630 ,
1305 1567 1440 1638 μήτε
1483 1567 1561 1638 τῷ
1606 1567 1818 1639 ἀδελφῷ
1868 1569 1959 1623 τὸν

381 1653 606 1723 ἀδελφὸν
653 1655 936 1727 πολέμιον
998 1659 1352 1729 καταστήσω,
1422 1659 1558 1730 μήτε
1620 1660 1739 1713 ὅλον
1803 1660 1960 1729 γένος

384 1746 526 1816 μέγα
571 1746 629 1800 ὃν
656 1748 736 1810 είς
764 1747 1064 1819 ὀνειδισμὸν
1095 1750 1262 1803 πᾶσιν
1304 1749 1558 1803 ὑποϐαλῶ
1587 1750 1653 1783 ⁸⁸ο
1684 1752 1761 1816 ὡς
1798 1751 1953 1824 ἔφην,

379 1837 711 1909 ἐλογισάμην
742 1838 841 1910 τὴν
869 1840 1021 1893 πόλιν
1067 1839 1204 1912 μετά
1233 1840 1340 1894 τῶν
1371 1841 1521 1912 ἐμῶν
1555 1841 1791 1912 διδύμων
1824 1844 1953 1898 παί-

377 1933 485 1988 δων
525 1935 754 2005 ἐκϐῆναι
793 1936 889 1989 ἐπὶ
927 1937 1116 2008 χρόνον
1146 1936 1270 1990 τινὰ
1291 1976 1306 2001 ,
1336 1937 1441 2002 ἕως
1467 1938 1532 1992 ἂν
1567 1940 1661 1993 καὶ⁵
1693 1939 1722 1992 ὁ
1759 1938 1955 2011 μιαρὸς

377 2025 520 2098 ἔρως
547 2026 822 2099 παύσηται
853 2029 946 2082 τοῦ
979 2030 1073 2083 ἐπὶ
1116 2030 1187 2102 τῇ
1224 2032 1330 2102 ἐμῇ
1364 2031 1522 2102 ὕϐρει
1571 2030 1956 2096 κολακεύοντός

382 2133 470 2186 με.
517 2117 620 2170 Τὸν
667 2119 848 2189 μέντοι
898 2120 1084 2192 ἕτερον
1116 2122 1231 2175 υἱὸν
1274 2121 1420 2194 παρὰ
1452 2121 1532 2194 τῷ
1577 2123 1743 2194 πατρὶ
1777 2125 1956 2193 μεῖναι

377 2211 458 2273 εἰς
490 2210 841 2282 παραμυθίαν
879 2213 1188 2268 κατέλιπον.

447 2301 587 2358 XVI.
628 2303 773 2374 Πλὴν
788 2304 856 2367 ⁸⁸,
885 2305 971 2360 ἵνα
997 2306 1171 2361 ταῦτα
1219 2305 1392 2372 οὕτως
1418 2306 1664 2377 γένηται,
1689 2305 1958 2378 ἐπενόησα

380 2393 590 2466 ὖνειρον
625 2395 954 2462 πλάσασθαι,
992 2398 1068 2462 ὡς
1110 2398 1174 2470 δή
1209 2416 1354 2462 τινος
1381 2398 1599 2469 νύκτωρ
1632 2397 1957 2462 ἐπιστάντος

381 2504 472 2557 μοι
505 2487 601 2541 καὶ
632 2489 942 2560 εἰρηκότοςο
976 2489 1162 2554 Γύναι,
1192 2491 1426 2561 ἐξαυτῆς
1441 2491 1488 2524 ⁹⁰
1519 2489 1635 2562 ἅμα
1676 2493 1789 2554 τοῖς
1817 2490 1960 2544 διδύ-

383 2594 508 2646 μοις
535 2595 628 2631 σου
656 2579 866 2642 τέκνοις
885 2580 976 2633 ἐπὶ
1005 2581 1196 2652 χρόνον
1221 2581 1362 2645 τινὰ,
1395 2583 1587 2654 μέχρις
1613 2583 1702 2636 ὅτε
1736 2581 1959 2654 μηνύσω

376 2668 690 2722 ἐπανελθεῖν
726 2687 784 2722 σε
814 2671 1066 2737 ἐνταῦθα,
1097 2672 1290 2744 ἔκϐηθι
1318 2675 1416 2744 τὴν
1460 2673 1637 2727 πόλινι
1694 2675 1817 2727 ἐπεὶ
1839 2674 1958 2746 ἅμα

378 2759 534 2834 ἀνδρὶ
568 2762 661 2815 καὶ
693 2762 826 2816 πᾶσί
867 2781 960 2818 σου
989 2767 1103 2828 τοῖς
1125 2764 1337 2829 τέκνοις
1366 2765 1531 2836 266
1550 2746 1831 2837 αἰφνιδίως
1858 2783 1960 2820 κα-

378 2851 491 2915 κῶς
549 2853 905 2926 τελευτήσεις.
956 2856 1136 2928 Ὀμῶς
1178 2857 1352 2921 οὕτως
1385 2859 1635 2928 ἐποίησα.
1671 2860 1823 2929 ’Ἅμα
1849 2858 1959 2932 γὰρ

373 2943 454 3014 τῷ
480 2943 570 2996 τδν
603 2944 811 3017 ὄνειρον
845 2945 1145 3016 ψεύσασθαί
1181 2967 1249 3020 με
1278 2949 1357 3021 τῷ
1391 2950 1566 3021 ἀνδρὶ,
1596 2951 1779 3016 αὐτὸς,
1800 2952 1956 3025 περί-

2063 465 2214 521 dere.
2256 463 2363 521 Sed
2400 473 2456 520 et
2485 464 2617 536 quid
2655 464 2721 520 ad
2751 473 2803 519 te
2828 465 3023 518 attinet
3062 463 3114 518 id
3142 475 3497 533 cognoscam,
3534 460 3640 514 nisi

2064 568 2277 616 tantum
2307 573 2554 625 causam,
2602 557 2673 613 ob
2706 571 2870 627 quam
2907 555 3098 610 dolore
3137 554 3331 609 affecta
3361 553 3640 607 morsibus
3680 555 3682 558 ’

2061 667 2261 707 manus
2289 666 2440 710 meas
2481 660 2730 705 mortuas
2755 647 2990 703 reddidi.
3038 645 3244 701 Tamen
3291 661 3434 712 mea,
3459 645 3640 714 quoad

2061 745 2252 801 audire
2280 751 2457 814 potes,
2486 741 2746 798 referam.
2780 739 2904 811 Ego.
2919 739 3218 796 admodum
3239 739 3458 800 nobilis,
3488 738 3642 806 prin-

2061 837 2201 907 cipis
2245 835 2536 904 cujusdam
2585 835 2684 890 viri
2725 833 2978 902 imperio,
3014 831 3176 901 nupsi
3212 830 3333 885 viro
3371 830 3466 900 qui
3522 837 3643 885 erat

2062 927 2210 982 illius
2254 925 2598 996 propinquus
2632 932 2731 982 :et
2783 935 2912 995 post
2951 923 3090 978 duos
3141 922 3386 993 geminos
3439 922 3640 976 liberos

2060 1018 2231 1073 alium
2263 1016 2482 1086 suscepi
2506 1017 2704 1070 ﬁlium.
2733 1015 2840 1071 Sed
2867 1015 3036 1069 frater
3066 1013 3253 1068 mariti
3283 1011 3413 1077 mei,
3443 1027 3638 1082 magna

2061 1121 2347 1178 correptus
2381 1107 2594 1164 insania
2619 1145 2636 1172 ,
2674 1107 2952 1162 adamavit
2980 1121 3068 1160 me
3091 1105 3373 1169 miseram,
3395 1120 3520 1174 quae
3548 1119 3641 1158 ca-

2061 1209 2146 1256 ste
2183 1201 2366 1256 vivere
2397 1198 2685 1269 cupiebam
2714 1197 3300 1266 admodum.Cumque
3320 1211 3419 1250 nec
3445 1195 3640 1254 vellem

2061 1292 2291 1347 amatori
2333 1291 2664 1356 consentire,
2702 1305 2802 1345 nec
2845 1290 2966 1344 viro
3005 1303 3127 1343 meo
3154 1302 3401 1344 amorem
3439 1286 3626 1341 fratris

2059 1384 2182 1454 ejus
2205 1400 2334 1454 erga
2363 1401 2451 1439 me
2477 1397 2774 1452 exponere,
2803 1381 2994 1446 statui,
3027 1391 3088 1435 ut
3114 1395 3292 1449 neque
3320 1379 3636 1434 adulterans

2060 1477 2358 1545 polluerem
2403 1490 2522 1541 me,
2554 1489 2656 1528 nec
2685 1473 2788 1528 viri
2819 1473 2926 1528 mei
2960 1482 3140 1527 torum
3163 1471 3495 1526 contumelia
3527 1471 3643 1524 alli-

2061 1582 2280 1632 cerem,
2330 1581 2508 1636 neque
2554 1565 2781 1621 fratrem
2822 1563 2978 1619 fratri
3021 1562 3301 1618 redderem
3334 1561 3638 1625 inimicum,

2061 1672 2240 1728 neque
2273 1666 2444 1713 totam
2476 1655 2742 1712 familiam
2765 1697 2782 1724 ,
2811 1671 2935 1726 quae
2957 1669 3155 1725 magna
3186 1661 3325 1719 erat,
3357 1653 3411 1706 in
3439 1669 3642 1722 oppro-

1988 1742 2032 1802 Β
2058 1749 2241 1805 brium
2279 1749 2493 1805 cunctis
2527 1750 2752 1817 darem;
2800 1748 3017 1814 statui,
3048 1747 3299 1816 inquam,
3345 1747 3479 1800 urbe
3513 1761 3638 1802 cum

2055 1845 2192 1900 meis
2212 1846 2445 1916 geminis
2475 1846 2660 1916 pueris
2691 1845 2756 1900 ad
2777 1844 3057 1915 quoddam
3085 1852 3300 1908 tempus
3327 1841 3639 1907 discedere,

2054 1937 2230 1993 donec
2257 1947 2314 1994 et
2344 1938 2596 2007 impurus
2618 1952 2772 1992 amor
2800 1937 2967 2003 illius,
2999 1936 3093 2006 qui
3125 1935 3261 1990 mihi
3287 1935 3355 1989 ad
3384 1933 3627 1989 dedecus

2057 2045 2241 2085 meum
2273 2030 2680 2096 assentabatur,
2726 2029 2893 2084 linem
2946 2028 3268 2098 accepisset.
3311 2026 3382 2080 At
3409 2027 3638 2081 alterum

2055 2121 2253 2187 filium,
2306 2130 2366 2176 ut
2418 2123 2563 2192 apud
2603 2130 2816 2192 patrem
2859 2121 2916 2176 in
2953 2121 3215 2177 solatium
3255 2128 3524 2186 maneret,
3557 2135 3640 2174 re

2055 2214 2212 2285 liqui.

2126 2303 2478 2360 XVlNerum
2496 2319 2608 2374 quo
2619 2304 2737 2359 haec
2758 2303 2832 2358 ita
2849 2302 3062 2380 fierent,
3087 2303 3142 2357 in
3161 2303 3409 2358 animum
3425 2302 3639 2368 induxi,

2057 2400 2332 2456 somnium
2364 2397 2588 2469 fingere,
2620 2399 2778 2468 quasi
2801 2397 3003 2468 aliquis
3027 2397 3163 2452 mihi
3182 2405 3346 2452 noctu
3375 2397 3642 2452 astitisset

2058 2510 2122 2550 ac
2142 2495 2406 2550 dixisset:
2428 2491 2645 2560 Mulier,
2675 2492 2967 2548 confestim
2992 2507 3100 2546 una
3129 2507 3254 2547 cum
3279 2491 3511 2562 geminis
3532 2491 3641 2545 tuis

2056 2586 2241 2657 pueris
2263 2585 2398 2641 urbe
2421 2584 2642 2640 discede
2672 2584 2740 2639 ad
2769 2583 2996 2654 aliquod
3032 2591 3272 2654 tempus,
3305 2585 3484 2639 donec
3512 2599 3638 2637 rur-

2058 2695 2154 2735 sus
2175 2679 2514 2744 indicavero,
2552 2685 2613 2731 ut
2649 2675 2844 2731 redeas
2873 2675 3017 2741 huc;
3051 2675 3256 2744 alioqui
3282 2691 3406 2730 cum
3436 2675 3640 2730 marito

2057 2771 2380 2840 cunctisque
2405 2769 2515 2824 tuis
2541 2767 2727 2822 liberis
2760 2766 2828 2821 de
2857 2775 3078 2838 repente
3112 2766 3320 2837 peribis
3349 2767 3512 2822 male.
3543 2765 3642 2820 At-

2057 2879 2165 2934 que
2197 2863 2279 2918 ita
2335 2862 2466 2918 feci.
2501 2860 2698 2915 Statim
2725 2859 2872 2915 enim
2915 2867 2975 2915 ut
3007 2860 3284 2914 somnium
3311 2860 3638 2915 ementitum

2059 2959 2183 3011 viro
2219 2955 2495 3021 enarravi,
2527 2955 2803 3020 extimuit,
2829 2963 2884 3008 et
2935 2968 3024 3007 me
3073 2967 3198 3008 cum
3235 2952 3457 3009 duobus
3495 2955 3636 3010 meis

378 3036 541 3106 φοϐος
568 3039 875 3108 γενόμενος,
908 3039 1044 3112 μετὰ
1069 3041 1176 3094 τῶν
1212 3043 1417 3114 ἐμῶν⁹¹
1440 3043 1533 3097 δύο
1563 3043 1716 3110 υἱῶν,
1749 3044 1953 3102 δούλων

2061 3049 2188 3104 filiis
2215 3063 2454 3118 cumque
2475 3047 2649 3103 servis
2678 3056 2733 3102 et
2759 3045 2976 3101 ancillis
3003 3055 3168 3115 atque
3193 3045 3366 3100 multa
3401 3045 3638 3115 pecunia

375 3146 435 3182 τε
465 3131 559 3182 καὶ
591 3130 891 3184 παιδισκῶν
925 3133 1018 3186 καὶ
1047 3135 1346 3206 χρημάτων
1380 3135 1590 3206 συχνῶν
1619 3136 1758 3191 κατά
1790 3139 1956 3194 πλοῦν

2060 3142 2302 3198 Athenas
2340 3155 2437 3212 per
2495 3155 2689 3194 navem
2743 3138 2940 3203 misit,
2997 3147 3058 3192 ut
3112 3145 3271 3193 natos
3319 3139 3637 3206 erudirem,

377 3224 458 3286 είς
494 3223 723 3292 Ἀθήνας
757 3241 826 3296 με
861 3224 1188 3298 ἐξέπεμψεν,
1224 3227 1580 3282 ἕκπαιδεῦσαι
1623 3231 1752 3294 τοὺς
1784 3232 1956 3297 υἱοὺς,

380 3335 400 3368 ι
438 3314 631 3388 μέχρις
662 3315 748 3379 ἂν,
782 3315 911 3386 ἔφη,
934 3316 1014 3387 τῷ
1032 3317 1429 3389 χρηματίσαντι
1449 3319 1576 3391 δόξῃ
1593 3321 1868 3375 ἐπανιέναι
1898 3340 1959 3376 σε

373 3409 510 3481 πρὸς
543 3409 661 3481 ἐμέ.
697 3429 716 3462 ι
768 3408 947 3481 Ὅμῶς
982 3408 1098 3484 ἅμα
1144 3409 1357 3474 τέκνοις
1391 3412 1426 3481 ὴ
1467 3411 1694 3468 τάλαινα
1724 3414 1960 3469 πλέουσα

375 3500 480 3553 ὑπὸ
510 3501 727 3574 ἀνέμων
753 3502 985 3569 ἀταξίας
1012 3505 1092 3567 εἰς
1114 3503 1336 3568 τούτους
1367 3503 1737 3577 ἀπορριφεῖσα
1757 3506 1802 3537 ⁹²
1831 3507 1959 3573 τοὺς

371 3591 588 3658 τόπους,
623 3593 817 3657 νυκτὸς
853 3595 955 3664 τῆς
984 3594 1112 3666 νηὸς
1130 3594 1494 3664 διαλυθείσης,
1525 3597 1766 3669 ναυαγίῳ
1781 3598 1828 3630 ⁸³
1857 3615 1957 3652 πε-

375 3684 621 3755 ριέπεσα.
655 3686 882 3739 Πάντων
917 3686 975 3740 δέ
1010 3686 1301 3751 θανόντων,
1353 3689 1386 3759 ὴ
1419 3688 1625 3759 ἀτυχὴς
1669 3688 1780 3757 ἐγὼ
1819 3691 1956 3762 μόνη

275 3851 279 3855 .
374 3777 478 3829 ὑπὸ
499 3778 727 3850 σφοδροῦ
761 3778 1003 3848 κύματος
1030 3778 1352 3851 ῥαπισθεῖσα
1367 3780 1434 3845 ’⁸,
1459 3781 1554 3834 ἐπὶ
1579 3781 1786 3853 πέτρας
1804 3784 1956 3855 ἐρῤί-

373 3886 501 3939 φην,
519 3871 604 3938 ἐφ’
631 3864 698 3940 ἦς
717 3870 1042 3924 καθεσθεῖσα
1072 3875 1105 3943 ή
1137 3871 1296 3926 ἀθλία
1317 3872 1489 3940 ἐλπίδι
1505 3873 1601 3926 τοῦ
1633 3874 1702 3926 τά
1723 3875 1768 3906 ⁸⁵
1792 3875 1956 3929 τέκνα

375 3978 443 4032 με
475 3958 653 4024 ζῶντα
680 3963 880 4034 εὑρεῖν,
912 3965 992 4026 είς
1021 3963 1112 4016 τὸν
1128 3964 1173 3994 ’⁸
1204 3963 1365 4034 βυθὸν
1403 3965 1646 4036 ἐμαυτὴν
1665 3967 1764 4020 οὐκ
1804 3966 1957 4039 ἔρρι-

371 4051 448 4121 ψα
474 4052 616 4117 τότε,
653 4053 761 4119 ὅτε,
793 4054 892 4124 τὴν
915 4055 1091 4126 ψυχὴν
1138 4055 1556 4128 μεμεθυσμένην
1584 4059 1697 4120 τοῖς
1719 4057 1956 4130 κύμασιν

373 4142 593 4213 ἔχουσα,
630 4143 790 4197 τοῦτο
818 4145 1040 4216 ποιῆσαι
1072 4147 1269 4218 ῥᾳδίως
1297 4147 1588 4218 ἐδυνάμην.

442 4233 605 4289 XVII.
646 4235 794 4306 Πλὴν
825 4237 1014 4308 ἐπειδὴ
1037 4237 1237 4309 ὄρθρος
1265 4239 1502 4306 ἐγένετο,
1531 4239 1743 4311 μεγάλα
1775 4239 1957 4311 βοῶσα

372 4327 466 4378 καὶ
496 4328 665 4400 γοερὰ
696 4329 989 4383 κωκύουσα
1002 4330 1045 4361 ⁸⁷
1086 4330 1548 4402 περιεϐλεπόμην,
1582 4330 1820 4402 ζητοῦσα
1848 4333 1954 4388 τῶν

2060 3233 2275 3302 Quoad,
2316 3233 2515 3303 inquit,
2547 3231 2781 3288 visionis
2823 3229 3037 3285 auctori
3082 3229 3352 3299 placuerit
3376 3238 3428 3284 te
3461 3231 3642 3286 redire

2060 3326 2128 3381 ad
2167 3340 2275 3380 me.
2324 3324 2600 3379 Caeterum
2643 3338 2748 3392 ego
2781 3321 2987 3376 misera
3029 3337 3137 3376 una
3170 3336 3297 3376 cum
3322 3321 3511 3379 liberis
3541 3339 3643 3377 na-

2057 3418 2252 3488 vigans
2281 3424 2572 3474 ventorum
2627 3415 2682 3472 vi
2728 3413 2992 3485 projicior
3021 3415 3076 3468 in
3112 3414 3229 3468 hare
3263 3413 3404 3478 loca,
3430 3424 3484 3469 et
3513 3417 3638 3473 navi

2059 3523 2225 3567 noctu
2263 3511 2529 3566 dissoluta
2555 3509 2609 3564 in
2637 3506 2983 3576 naufragium
3018 3506 3209 3562 incidi.
3236 3505 3488 3577 Cumque
3517 3523 3639 3564 omo

2060 3621 2159 3662 nes
2206 3605 2546 3670 interissent,
2587 3617 2698 3658 una
2742 3617 2843 3670 ego
2895 3599 3084 3654 infelix
3110 3640 3125 3666 ,
3166 3600 3378 3670 magnis
3433 3603 3638 3672 agitata

2060 3700 2341 3765 ﬂuctibus,
2373 3699 2426 3752 in
2459 3712 2654 3753 saxum
2683 3695 2860 3764 ejecta
2893 3708 3014 3747 Sum
3046 3711 3060 3746 :
3091 3693 3181 3748 ubi
3225 3709 3351 3748 cum
3399 3693 3637 3748 infortu-

2059 3801 2187 3848 nata
2220 3792 2489 3858 sederem,
2521 3805 2618 3861 spe
2667 3787 2980 3858 reperiendi
3027 3797 3187 3842 natos
3213 3803 3367 3842 meos
3398 3788 3556 3844 vivos
3582 3791 3638 3845 in

2056 3885 2392 3957 profundum
2425 3899 2513 3939 me
2553 3899 2664 3938 non
2701 3882 3038 3953 praecipitavi
3075 3890 3228 3944 tunc,
3257 3882 3478 3951 quando
3516 3884 3639 3938 ani-

2057 3979 2456 4045 mum,habens
2483 3977 2693 4032 doloris
2741 3975 3002 4033 fluctibus
3043 3973 3258 4031 ebrium
3291 3975 3400 4032 hoc
3447 3975 3636 4032 facere

2057 4072 2218 4129 facile
2244 4081 2511 4142 poteram.

2125 4231 2292 4288 XVII.
2335 4231 2540 4288 Verum
2587 4240 2876 4302 postquam
2931 4228 3051 4284 dies
3103 4237 3330 4284 exortus
3370 4236 3634 4294 est,cum

2058 4327 2297 4382 clamore
2334 4340 2535 4397 magno
2560 4332 2614 4378 et
2645 4321 2947 4379 miserabili
2977 4321 3188 4376 ululatu
3217 4320 3633 4390 circumspicie-

371 4417 519 4489 ἐμῶν
554 4419 916 4492 ταλαιπώρων
947 4420 1163 4494 βρεφῶν
1192 4421 1261 4474 τὰ
1281 4422 1451 4494 νεκρά
1478 4422 1726 4494 σώματα.
1771 4424 1955 4496 Ἐλεή-

2059 4422 2207 4486 bam,
2237 4435 2488 4489 quarens
2520 4416 2817 4472 infelicium
2855 4423 3111 4468 natorum
3136 4415 3423 4469 cadavera.
3460 4411 3632 4481 Igitur

373 4527 564 4575 σαντες
587 4508 679 4566 οῦν
711 4530 778 4584 με
806 4513 856 4565 οἱ
877 4512 1182 4585 ἐπιχώριοι,
1212 4516 1426 4586 γυμνὴν
1449 4516 1667 4581 ἰδόντες,
1699 4515 1955 4571 ἐνδύσαν-

367 4603 460 4666 τές
496 4621 562 4674 με
590 4605 652 4657 τὸ
692 4605 928 4677 πρῶτον,
958 4605 1050 4658 τὸν
1074 4605 1232 4675 βυθὸν
1263 4607 1596 4679 ἀνηρεύνων,
1626 4609 1696 4663 τὰ
1722 4609 1832 4681 ἐμὰ
1855 4607 1953 4682 ζη-

367 4696 586 4760 τοῦντες
623 4697 809 4750 τέκνα.
860 4699 971 4751 Καὶ
1017 4699 1139 4751 ἐπεὶ
1174 4699 1339 4770 μηδὲν
1372 4700 1632 4772 ηῦρισκον
1652 4703 1698 4734 ’⁸
1721 4696 1796 4756 ὧν
1825 4703 1953 4776 ἐζή-

367 4804 518 4850 τουν,
547 4789 899 4860 παραμυθίας
929 4789 1089 4862 χάριν
1123 4791 1268 4855 τινὲς
1296 4790 1404 4846 τῶν
1435 4793 1728 4862 φιλοξένων
1756 4812 1952 4864 γυναι-

368 4881 480 4935 κῶν
507 4881 895 4953 προσελθοῦσαι
922 4883 1203 4954 διηγοῦντο
1232 4884 1435 4957 ἑκάστη
1459 4885 1529 4938 τά
1557 4886 1756 4957 ἑαυτῆς
1776 4887 1944 4953 κακὰ,

369 4974 456 5026 ἵνα
484 4975 550 5044 τῇ
577 4971 622 5004 ”
649 4975 758 5027 τῶν
784 4975 987 5044 ὁμοίων
1036 4977 1290 5046 συμφορᾷ
1319 4977 1673 5048 παραμυθίας
1709 4978 1877 5050 τύχω,
1913 4979 1942 5032 ὃ

364 5063 429 5134 δή
455 5081 523 5135 με
559 5063 758 5135 μᾶλλον
790 5065 1000 5120 ἐλύπει.
1031 5067 1105 5122 Οὐ
1139 5068 1249 5140 γὰρ
1273 5067 1411 5140 ἐφην
1431 5068 1574 5123 οὕτω
1602 5071 1765 5141 267
1797 5071 1942 5142 κακὴ

2059 4512 2412 4570 miseratione
2443 4509 2702 4566 commoti
2747 4508 2963 4573 incolae,
2997 4507 3200 4561 nudam
3254 4504 3461 4570 intuiti,
3500 4519 3628 4558 cum

2057 4609 2235 4677 primo
2267 4620 2354 4659 me
2382 4603 2712 4668 induissent,
2749 4599 2980 4656 scrutati
3024 4607 3154 4655 sunt
3206 4598 3376 4652 maris
3404 4595 3636 4666 profun-

2056 4699 2209 4767 dum,
2238 4697 2532 4768 quaerendo
2559 4704 2718 4750 natos
2746 4710 2920 4749 meos.
2958 4691 3026 4746 Et
3054 4692 3183 4762 quia
3217 4689 3352 4744 nihil
3385 4689 3629 4743 invenie-

2053 4791 2190 4846 bant
2217 4805 2409 4845 eorum
2450 4803 2574 4858 quae
2627 4786 2978 4857 indagabam,
3011 4781 3292 4837 nonnullae
3326 4780 3634 4851 hospitales

2053 4884 2311 4938 mulieres
2337 4879 2656 4937 consolandi
2687 4893 2774 4932 me
2801 4877 2974 4950 gratia
3003 4884 3374 4941 accesserunt,
3401 4883 3458 4930 et
3485 4889 3617 4929 suas

2051 4975 2278 5046 singula:
2322 4973 2658 5028 enarrabant
2711 4969 2986 5036 miserias,
3015 4977 3076 5023 ut
3103 4968 3366 5024 similium
3393 4967 3623 5024 calami-

2053 5078 2162 5123 tate
2188 5067 2445 5123 solatium
2482 5078 2734 5135 caperem
2765 5081 2780 5118 :
2814 5061 2962 5134 quod
3011 5077 3100 5116 me
3127 5062 3302 5133 magis
3330 5063 3630 5117 contrista-

1695 5182 1933 5238 V'ARIIE
1972 5179 2378 5236 LECTIONES.

437 5275 482 5309 ⁸³
525 5273 810 5380 μρὶνηνΙΟὲ
853 5274 945 5380 ﬁ“
972 5275 1195 5380 δυνατοῦ
1264 5276 1412 5380 ﬁnit.
1496 5277 1544 5309 ⁸⁸
1580 5277 1953 5380 ταλμιπωιρίας
1996 5276 2076 5380 2.

696 5354 733 5399 ει
764 5345 932 5416 Ερίι..
991 5349 1062 5417 μή
1109 5350 1171 5403 C.
1271 5345 1318 5381 ⁸⁷⁷
1351 5349 1438 5401 ἵνα.
1487 5362 1600 5403 om.
1659 5347 1724 5402 0.
1820 5345 1866 5380 “
1890 5346 2145 5402 ὑποϐάλω
2190 5345 2255 5400 0.

696 5416 738 5446 θ’
767 5415 1103 5502 ἐξενάριξε
1134 5419 1203 5502 ,ιη
1225 5417 1360 5502 0-,...
1458 5417 1865 5502 messores
1909 5418 2014 5502 ου...
2089 5416 2151 5502 ,οξ

366 5467 613 5559 εὼς-βξ
637 5467 946 5559 summa.
963 5467 1100 5559 an;
1133 5467 1431 5557 regiam,
1461 5467 1691 5559 erat:
1711 5467 1780 5559 :cj.‘
1793 5467 1892 5543 ξι.
1918 5467 1942 5472 '
2040 5489 2112 5542 τά
2138 5467 2346 5541 ingeni
2371 5467 2420 5540 c:
2451 5467 2517 5559 ο,

370 5344 604 5418 μήτείο
648 5344 733 5418 et
764 5345 932 5418 Epit"
970 5349 1062 5418 μή
1109 5350 1171 5403 C.
1250 5344 1319 5418 7°"
1351 5349 1438 5401 ἵνα
1487 5362 1600 5403 om.
1659 5347 1724 5418 Ο.

368 5425 594 5470 stanter.

2181 5276 2228 5309 ⁸⁸
2257 5272 2554 5346 βουλομένη
2616 5269 2697 5333 S.,
2761 5266 3090 5340 βουλομένης
3145 5267 3208 5334 C,
3255 5264 3321 5322 Ο,
3387 5266 3630 5322 subinde

2190 5345 2255 5400 0.
2351 5346 2394 5378 ⁸⁹
2427 5343 2598 5405 οὕτως
2619 5339 2794 5393 ταῦτα
2815 5341 2874 5394 C.
2975 5339 3020 5370 ⁹⁰
3072 5337 3132 5408 ἐξ
3178 5338 3348 5408 αὐτῆς
3394 5336 3440 5392 0
3491 5354 3628 5408 g0..-

2101 5375 2148 5447 εί
2178 5375 2603 5488 ,Ἀκραγῖῶθῖ
2631 5375 2882 5465 mare
2940 5375 3440 5480 περιξςτεξξν·
3491 5375 3627 5477 ait;

2101 5490 2112 5541 ι
2138 5487 2346 5541 inserui
2371 5503 2420 5540 c.
2451 5467 2517 5539 0.
2593 5482 2640 5517 "
2667 5480 2729 5533 τό
2754 5479 2812 5534 S.
2891 5479 2936 5551 ’ζ
2966 5477 3108 5551 νυυε
3135 5477 3332 5551 ῥᾳδίως
3355 5477 3628 5551 ἐδυνάμην

364 5585 436 5596 -—
458 5547 648 5628 γοερὰ’
672 5553 964 5628 κωκύουσα
997 5547 1376 5628 desiderantur
1401 5547 1454 5613 in
1485 5557 1550 5613 Ο.
1592 5547 1671 5591 ’³⁸
1709 5557 1841 5614 Vide
1864 5560 1931 5614 de
1960 5559 2065 5628 hoc
2091 5565 2382 5628 augmento
2409 5557 2513 5628 etsi
2558 5551 2886 5628 rarissimo.
2913 5547 3364 5628 L'obeckiu'innati
3413 5547 3624 5628 _Pli_r:yn.

367 5617 485 5750 ζ’δὲ
506 5617 585 5682 δύ’
615 5628 674 5684 δ’
699 5625 952 5697 εὕρισκον
995 5625 1041 5679 θ
1090 5635 1139 5682 θ’
1197 5626 1333 5696 EW-
1388 5630 1433 5665 "
1470 5633 1538 5702 τῇ
1595 5631 1826 5700 ascripsi
1871 5646 1941 5686 cx.
2003 5627 2067 5685 Ο.
2123 5617 2326 5684 υέίῐιάε
2351 5625 2459 5680 ὅδὲ
2508 5620 2706 5696 μᾶλλόν
2748 5637 2816 5693 με
2847 5619 2909 5678 C.
2944 5619 3120 5676 Etiam
3157 5619 3211 5674 in
3242 5617 3384 5690 Epit.
3409 5619 3439 5672 ὃ
3481 5618 3544 5692 δη
3570 5636 3629 5690 p.
