2042 3074
243 133 297 161 515

659 139 689 168 S.
710 139 904 168 CLEMENTIS
918 141 928 168 Ι
944 142 1028 170 “OM.
1049 142 1150 170 PONT.
1172 143 1286 171 OPERA
1305 144 1418 173 DUBIA.

1812 148 1868 176 316

243 191 288 218 bat
306 200 312 217 :
331 190 389 218 Non
408 191 493 226 enim,
510 193 679 232 inquiebam,
692 198 761 225 adeo
777 200 847 225 mala
863 207 935 233 sum,
951 205 982 228 nt
995 209 1018 228 e1

1081 198 1161 233 εἷναι,
1168 202 1206 233 ὡς
1218 202 1253 218 ¹⁰⁰
1263 204 1323 235 ταῖς
1332 203 1419 230 ἄλλων
1429 206 1581 241 συμφοραῖς
1594 204 1769 240 παραμυθίας
1782 206 1866 241 τύχω.

242 238 357 264 aliorum
374 239 576 268 calamitatibus
603 244 819 271 consolationem
834 247 978 281 accipiam.
998 247 1031 276 Et

242 293 303 310 cum
317 292 359 310 me
374 286 465 313 multa:
478 287 596 321 hospitio
604 295 735 323 cuperent
747 292 877 325 recipere,
892 301 945 320 una
955 301 1031 328 quae-

241 330 303 356 dam
321 333 484 365 paupercula
500 333 543 360 hic
557 334 693 367 jhabitaus
708 339 821 364 extorsit
837 339 903 365 mihi
920 340 1030 375 tugurio

240 376 301 409 ejus
312 377 468 410 succedere,
477 378 570 407 dicens
582 389 588 407 :
600 379 727 415 Conlide,
738 384 837 411 mulier
849 394 855 412 :
871 386 972 414 etenim
987 388 1030 414 vir

241 429 330 454 meus,
358 423 441 450 homo
465 429 560 458 nauta,
575 426 602 453 in
618 428 687 454 mari
703 429 794 457 adhuc
809 431 920 465 juvenis
943 434 1026 461 obiit:

241 471 323 502 atquc
338 476 370 495 ex
387 476 420 496 eo
435 470 490 502 die,
508 473 635 506 quamvis
650 474 727 501 multi
742 483 786 503 me
801 477 978 506 sollicitarint
994 480 1027 507 ad

240 513 361 547 nuptias,
377 522 427 549 ego
447 516 586 545 desiderio
605 519 655 546 viri
679 521 732 548 mei
751 523 835 549 malui
852 523 878 550 in
895 525 1029 554 viduitate

240 565 331 592 agere.
350 559 437 588 Erunt
451 569 517 597 ergo
533 566 702 600 communia,
718 575 890 604 quaecunque
901 572 1028 601 manibus

239 611 363 638 quaerere
377 608 540 641 poterimus.

276 650 370 679 XVIII.
390 652 424 680 Et
450 661 485 681 ne
500 655 579 691 longa
608 664 641 685 ac
664 658 757 687 minus
788 660 846 688 utili
871 665 1028 693 narratione

240 701 312 730 utar,
333 698 450 727 habitavi
464 707 527 728 cum
547 710 590 735 ea,
605 708 718 739 propter
740 713 862 735 amorem
883 709 945 744 ejus
962 718 1027 747 erga

239 744 380 772 maritum.
398 745 454 773 Sed
470 755 524 774 non
541 749 629 777 multo
654 756 715 785 post
737 752 804 780 mihi
829 754 933 783 infelici
955 744 1028 785 lace-

238 794 305 817 rata:
320 792 461 820 morsibus
484 795 612 823 resolutae
628 802 692 825 sunt
703 806 812 833 manus,
830 801 874 828 illa
888 810 952 830 vero
964 809 1026 838 quae

238 844 282 863 me
298 843 467 872 susceperat,
489 844 546 867 tota
574 842 671 869 morbo
697 845 816 878 quodam
840 854 973 883 occupata
998 854 1026 877 et

1080 247 1137 274 Καὶ
1155 247 1187 282 δὴ
1198 249 1238 279 εἰς
1264 248 1353 281 ξενίαν
1368 250 1473 277 πολλῶν
1495 259 1528 286 με
1545 251 1623 285 ἆγειν
1639 251 1772 284 ἀξιουσῶν
1783 252 1802 283 ¹,
1818 254 1867 287 μία

1079 300 1122 324 τις
1136 293 1191 320 τῶν
1205 294 1321 322 ἐνταῦθα
1331 296 1446 332 πενιχρὰ
1462 296 1527 324 πολὺ
1545 297 1695 332 βιασαμένη
1709 299 1749 330 εὶς
1761 298 1791 324 τὺ
1806 300 1868 324 ἐαυ-

1079 339 1130 375 τῆς
1141 340 1228 367 ἐλθεῖν
1240 342 1378 376 ἠνάγκασε
1392 343 1534 377 σκήνωμα,
1552 343 1666 369 εἰποῦσά
1677 352 1739 379 μοι·
1754 343 1865 380 Θάρρει,

1079 386 1170 419 γύναι,
1184 387 1231 413 καὶ
1244 387 1298 423 γὰρ
1312 389 1327 414 ὁ
1342 388 1408 423 ἐμὸς
1423 389 1493 424 ἀνὴρ
1509 388 1610 424 ναύτης
1624 389 1662 415 ῶν
1678 389 1749 416 κατὰ
1766 389 1865 416 θάλασ-

1081 440 1130 459 σαν
1138 433 1149 448 ⁸
1162 432 1306 468 τέθνηκεν,
1320 435 1348 460 ὲν
1358 436 1392 470 τῇ
1407 434 1538 471 νεαζούσῃ
1549 436 1690 469 τυγχάνων
1701 435 1807 471 ἡλικίᾳ·
1820 437 1865 463 καὶ

1079 477 1183 511 ἔκτοτε,
1195 479 1299 512 πολλῶν
1313 489 1347 515 με
1360 480 1516 513 ἀξιούντων,
1525 481 1593 516 πρὸς
1603 481 1690 517 γάμον
1702 481 1757 516 ἐγὼ
1765 482 1865 517 χηρεύ-

1079 533 1119 552 ειν
1131 525 1251 561 είλόμην,
1265 526 1312 552 τὸν
1327 526 1392 561 ἐμὸν
1412 526 1533 553 ποθοῦσα
1544 527 1637 562 ἄνδρα.
1654 527 1749 553 Ἔσται
1759 527 1787 553 δὲ
1799 528 1865 563 ἡμῖν

1079 571 1156 598 κοινὰ
1166 571 1184 598 ἃ
1196 572 1241 598 διὰ
1253 572 1351 608 χειρῶν
1363 572 1516 608 ἀμφότεραι
1530 573 1651 608 πορίζειν
1663 573 1811 609 δυνάμεθα.

1113 662 1207 689 XVIII.
1218 664 1272 690 Καὶ
1283 664 1326 690 ἵνα
1342 664 1377 699 μή
1393 672 1432 690 σοι
1447 664 1559 699 μηκύνω
1569 665 1632 695 τοὺς
1639 664 1689 690 οὐκ
1701 664 1865 699 ἀναγκαίους

1078 708 1184 743 λόγους,
1199 709 1344 745 συνῴκησα
1358 710 1425 746 αὐτῇ
1439 710 1481 736 διὰ
1493 710 1542 746 τὴν
1554 710 1721 745 φιλανδρίαν.
1736 711 1790 737 Καὶ
1805 712 1863 746 μετ’

1078 755 1108 781 οὐ
1123 756 1189 782 πολὺ
1199 755 1267 791 ἐμοῦ
1279 756 1329 791 τῆς
1341 755 1513 792 ταλαιπώρου
1527 757 1556 783 αί
1569 757 1660 792 χεῖρες
1672 757 1724 783 ὑπὸ
1735 757 1788 783 τῶν
1799 757 1864 793 δηγ-

1079 801 1171 837 μάτων
1184 802 1194 817 ³
1219 802 1397 838 παρείθησαν,
1423 803 1470 829 καὶ
1489 803 1505 838 ἡ
1530 802 1715 838 ὑποδεξαμένη
1732 811 1765 838 με
1777 804 1861 838 γυνὴ,

1077 847 1124 883 ὅλη
1139 848 1191 874 ὑπὸ
1203 848 1305 880 πάθους
1314 848 1386 880 τινὸς
1398 848 1563 880 συνδεθεῖσα,
1572 849 1617 874 ἐπὶ
1627 848 1678 884 τῆς
1688 849 1776 880 οἰκίας
1790 848 1864 884 Eppu-

238 882 365 917 colligata
379 884 453 912 domi
464 885 548 920 jacet.
566 887 701 920 Quoniam
717 898 782 925 ergo
798 879 954 926 mulieru‘m,
964 903 1018 930 qua

1076 879 1150 922 πται.
1166 894 1240 921 Ἐπεὶ
1247 892 1292 921 οὖν
1301 895 1315 920 ὁ
1325 879 1382 921 τῶν
1392 895 1474 921 πάλαι
1485 894 1620 928 γυναικῶν
1631 894 1703 926 ἕλεος
1715 895 1863 930 παρηκμα-

238 928 314 962 prius
330 929 544 965 miserabantur,
559 933 682 968 elanguit
693 935 817 971 affectus,
826 946 859 965 ac
873 946 924 974 ego
936 946 964 968 et
972 928 1023 969 illa

236 974 331 1002 clausa
351 976 425 1003 domi
443 979 531 1006 amba:
551 980 657 1008 debiles
675 986 702 1009 et
719 983 888 1012 calamitosae
914 994 1022 1021 sumus,

235 1027 269 1046 ex
284 1022 371 1049 multo
385 1027 508 1058 tempore
523 1025 578 1059 hic,
596 1031 626 1054 ut
639 1028 725 1062 vides,
743 1030 837 1064 sedeo,
854 1032 954 1067 stipem
975 1042 1023 1069 pe-

237 1071 306 1099 tens,
323 1072 359 1101 et,
384 1069 408 1096 si
433 1070 499 1104 quid
526 1071 597 1100 forte
622 1081 766 1109 accepero,
786 1078 868 1105 etiam
895 1080 928 1107 ad
947 1080 1022 1110 illam

235 1113 338 1146 pariter
350 1115 479 1143 miseram
504 1117 538 1144 ad
553 1119 645 1146 cibum
661 1120 765 1149 defero.
783 1123 873 1159 Atque
887 1126 1022 1157 hactenus

235 1165 303 1185 mea:
320 1160 430 1194 quidem
455 1170 499 1190 res
523 1164 690 1194 suﬁicienter
704 1173 768 1195 sunt
784 1170 873 1198 dictae.
893 1171 933 1200 Tu
948 1183 1022 1204 nunc

233 1205 298 1238 quid
311 1207 428 1234 moraris
443 1207 556 1243 implere
570 1212 643 1245 quod
659 1215 836 1249 promiseras,
852 1222 879 1245 te
891 1218 1021 1249 daturum

234 1250 488 1288 medicamen?quo
499 1256 581 1283 etiam
597 1257 634 1283 illi
648 1258 753 1287 obitum
766 1263 886 1297 cupienti
903 1267 1020 1302 tradam,

231 1301 259 1322 ct
277 1297 317 1324 sic
331 1305 382 1334 ego
397 1308 508 1336 quoque
522 1304 638 1337 possim,
664 1310 693 1332 ut
718 1307 771 1340 ais,
784 1309 868 1337 vitam
896 1297 1019 1341 commu;

232 1346 299 1371 tare.

264 1389 336 1419 XIX.
356 1391 419 1421 Hac
435 1394 543 1423 dicente
561 1398 687 1431 muliere,
713 1400 811 1429 Petrus
833 1404 919 1432 multa
942 1407 1016 1442 cogi-

230 1437 333 1465 tatione
347 1443 420 1467 stare
436 1448 588 1476 suspensus
603 1445 756 1474 videbatur.
776 1448 809 1476 Et
820 1457 872 1484 ego
889 1437 1018 1487 superve-

230 1482 309 1510 uiens
326 1484 464 1520 :Dudum,
480 1487 604 1523 inquam,
620 1498 667 1525 per
681 1493 774 1521 omnia
785 1495 843 1522 loca
857 1497 1017 1528 discurrens

1077 948 1133 972 σεν,
1156 940 1212 975 ὲγὼ
1231 941 1259 967 δὲ
1282 942 1329 968 καὶ
1351 942 1367 977 ὴ
1392 943 1453 968 κατ’
1466 939 1541 968 οἷκον
1561 941 1713 977 ἀμφότεραι
1735 943 1863 973 ὲπισινεῖς

1075 987 1254 1023 τυγχάνομεν,
1273 988 1304 1013 ὲκ
1325 987 1431 1014 πολλῶν
1452 987 1555 1023 χρόνων
1573 986 1700 1020 ἐνταῦθα,
1726 987 1764 1018 ὡς
1785 988 1861 1023 ὁρᾷς,

1076 1034 1225 1069 καθέζομαι
1247 1033 1444 1070 προσαιτοῦσα,
1460 1035 1506 1060 καὶ
1526 1031 1563 1061 ὧν
1590 1034 1623 1060 ἂν
1635 1034 1780 1069 εὐπορήσω
1792 1034 1803 1049 ⁸
1816 1034 1862 1059 καὶ

1073 1081 1106 1115 τῇ
1120 1079 1334 1115 συνταλαιπὼρῳ
1346 1080 1356 1095 ⁵
1372 1081 1412 1111 είς
1428 1079 1533 1115 τροφὰς
1545 1080 1659 1115 κομίζω.
1678 1081 1732 1106 Καὶ
1753 1080 1786 1107 τὰ
1810 1081 1861 1115 μὲν

1074 1125 1128 1160 ἐμὰ
1141 1126 1187 1152 ἐπὶ
1205 1126 1330 1152 τοσοῦτον
1348 1126 1493 1162 αὐτάρκως
1505 1126 1633 1162 είρήσθω.
1648 1126 1748 1153 Λοιπὸν
1761 1127 1793 1152 σὺ
1807 1135 1862 1152 κω-

1074 1171 1146 1203 λύεις
1158 1171 1168 1187 “
1179 1172 1229 1207 τὴν
1244 1172 1389 1207 ὑπόσχεσιν
1403 1172 1546 1207 πληρῶσαι
1566 1171 1613 1198 τοῦ
1630 1172 1722 1198 δοῦναι
1743 1172 1774 1198 τὸ
1787 1172 1859 1208 φάρ-

1076 1225 1177 1252 μακον;
1192 1217 1266 1249 ὅπως
1284 1217 1396 1253 γάκείνῃ
1409 1218 1577 1254 ὲπιθυμούσῃ
1592 1218 1682 1244 θανεῖν
1694 1217 1742 1249 δῶ,
1754 1218 1800 1244 καὶ
1812 1217 1842 1244 οὗ
1851 1231 1860 1237 -

1072 1271 1126 1295 τως
1138 1263 1215 1297 κάγὼ
1225 1263 1344 1299 τοῦ-ζῇν,
1352 1264 1390 1296 ὡς
1402 1264 1480 1300 έφης,
1496 1264 1658 1300 μεταλλάξαι
1671 1264 1785 1301 δυνηθῶ.

1104 1407 1176 1435 XIX.
1198 1407 1290 1435 Ταῦτα
1303 1409 1352 1444 τῆς
1362 1409 1489 1443 γυναικὸς
1501 1409 1641 1445 είπούσης,
1655 1409 1707 1435 ὑπὸ
1720 1409 1856 1444 λογισμῶν

1072 1454 1176 1482 πολλῶν
1191 1455 1205 1480 ὁ
1222 1455 1324 1491 Πέτρος
1347 1455 1430 1491 268
1452 1456 1588 1491 μετέωρος
1610 1455 1698 1482 ἐδόκει
1722 1455 1854 1482 ἵστασθαι.

1077 1501 1147 1536 Ἐγὼ
1166 1501 1195 1528 δὲ
1213 1501 1333 1529 ἐπελθὼν
1348 1502 1416 1537 ἔφην
1429 1510 1435 1517 ’
1458 1503 1504 1528 Ἐκ
1516 1501 1613 1529 πολλοῦ
1629 1511 1658 1528 σε
1676 1502 1856 1537 περιερχόμε-

229 1530 383 1562 quaerebam
399 1536 425 1559 te
441 1537 488 1561 :et
511 1543 595 1569 nunc,
621 1537 688 1571 quid
713 1539 837 1575 agimus?
858 1543 893 1570 At
915 1542 1015 1573 Petrus

1070 1530 1118 1580 voc.
1137 1547 1228 1584 ζητῶ·
1252 1548 1300 1575 καὶ
1322 1548 1356 1574 τά
1369 1530 1424 1575 ,νυν
1445 1548 1471 1574 τί
1495 1547 1643 1583 ποιοῦμεν;
1663 1548 1691 1574 ’0
1711 1530 1739 1574 55s
1753 1548 1855 1583 Πέτρος

228 1577 357 1611 praecepit
379 1578 458 1613 mihi,
476 1586 505 1607 ut
525 1581 559 1608 ad
575 1583 731 1611 naviculum
756 1588 950 1624 prtecederem,
966 1591 1018 1618 ibi-

227 1631 282 1658 que
302 1624 377 1652 illum
398 1628 546 1661 opperirer.
571 1628 604 1656 Et
627 1630 692 1665 quia
708 1634 861 1662 contradici
889 1637 913 1664 ei
930 1637 1017 1672 impe-

228 1670 300 1696 ranti
320 1678 375 1698 non
393 1676 592 1708 poterat,quod
606 1676 692 1710 jussit
705 1678 767 1707 feci.
782 1679 841 1714 Ipse
851 1689 928 1716 vero,
944 1670 1017 1712 sicut

227 1717 295 1744 mihi
311 1723 413 1745 cuncta
433 1721 572 1753 posterius
597 1725 745 1758 enarravit,
771 1728 929 1761 suspicione
945 1738 1016 1765 qua-

227 1763 289 1790 dam
300 1764 403 1798 exigua
415 1766 498 1793 corde
513 1767 639 1801 pulsatus
658 1770 846 1807 interrogabat
861 1763 1015 1812 mulierem,

226 1810 322 1838 dicens
338 1820 343 1838 :
359 1811 441 1838 Refer
461 1813 539 1846 mihil
556 1813 667 1849 femina,
683 1825 769 1852 genus
783 1825 810 1846 et
831 1820 968 1850 civitatem
985 1833 1016 1852 ac

225 1857 345 1884 ﬁliorum
363 1859 483 1892 nomina,
509 1864 537 1887 et
561 1860 618 1894 jam
644 1863 876 1894 medicamentum
901 1868 950 1896 tibi
966 1871 1013 1899 do.

224 1905 260 1932 At
275 1904 320 1931 illa
335 1905 390 1932 vim
410 1906 550 1935 sustinens
565 1916 655 1943 neque
668 1911 764 1939 volens
787 1912 891 1942 referre
905 1919 933 1943 et
955 1925 1014 1944 mc-

224 1951 372 1978 dicamenti
394 1952 546 1987 accipiendi
563 1956 660 1990 cupida
687 1957 767 1986 finxit
791 1960 844 1987 alia
872 1969 922 1997 pro
941 1963 1013 1997 aliis,

224 2002 251 2025 et
264 1999 312 2031 ait,
331 2006 361 2025 se
376 1999 486 2033 quidem
500 2007 562 2028 esse
586 2001 746 2039 Ephesiam,
758 2006 847 2034 virum
864 2013 956 2037 autem
974 2010 1016 2038 Si-

223 2045 327 2079 culum,
343 2045 390 2073 sed
402 2050 429 2074 et
444 2047 564 2075 ﬁliorum
579 2051 691 2078 nomina
705 2053 832 2081 similiter
845 2054 1012 2085 immutavit.

224 2093 294 2119 'I'um
310 2091 418 2126 Petrus,
430 2094 592 2124 existimans
608 2105 667 2125 eam
686 2107 780 2126 verum
794 2102 929 2137 proferre,
946 2105 985 2132 ait
1001 2114 1008 2133 τ

223 2140 296 2167 lleul
312 2141 420 2174 mulier,
432 2143 560 2177 putabam
576 2144 679 2179 grande
694 2146 804 2181 aliquod
816 2148 945 2183 gaudium
963 2151 1014 2178 ho-

222 2189 318 2216 dierno
342 2189 386 2217 die
410 2198 454 2218 me
470 2196 690 2227 apportaturum,
714 2195 879 2230 suspicabar
892 2198 965 2225 enim
985 2205 1012 2226 te

221 2243 283 2263 esse
307 2237 453 2270 quamdam
470 2238 623 2272 mulierem,
639 2248 721 2275 quam
737 2243 898 2276 sentiebam,
915 2245 1010 2280 cujus-

222 2291 275 2317 quc
293 2291 337 2310 res
351 2284 441 2311 audivi
457 2290 484 2311 et
502 2285 587 2319 probe
601 2287 675 2314 novi.
689 2286 724 2313 At
739 2287 782 2314 illa
796 2289 951 2325 adjurabat,
969 2291 1011 2318 di-

220 2339 285 2358 cens
297 2342 302 2358 :
317 2330 405 2367 Rogo,
418 2332 483 2358 mihi
497 2331 609 2365 referas,
620 2338 649 2360 ut
659 2334 755 2367 sciam,
772 2343 807 2362 an
821 2336 857 2364 sit
871 2337 925 2364 ulla
941 2337 1011 2366 inter

221 2377 352 2404 mulieres
369 2385 412 2404 me
424 2376 568 2405 infelicior.

256 2423 316 2450 ΧΧ.
340 2424 410 2452 Tum
438 2423 537 2453 Petrus
554 2425 664 2453 mentiri
681 2427 806 2456 nesciens
822 2436 879 2463 pra:
894 2430 1010 2458 misera-

219 2470 294 2498 tione
307 2478 371 2506 erga
383 2470 457 2498 illam
474 2479 568 2498 verum
585 2472 667 2506 ccepit
678 2472 768 2500 dicere
781 2483 787 2500 :
800 2473 849 2501 Est
865 2483 931 2502 sane
945 2476 1009 2511 qui-

219 2516 281 2544 dam
297 2516 466 2549 adolescens,
484 2522 606 2546 sectator
629 2526 717 2552 meus,
738 2520 845 2554 piorum
864 2522 1008 2556 religioso-

220 2571 337 2597 rumque
353 2571 512 2591 sermonum
528 2564 644 2599 cupidus
661 2569 687 2592 et
702 2565 844 2594 Romanus
861 2567 940 2600 civis,
958 2569 1006 2603 qui

218 2610 288 2637 mihi
308 2610 440 2644 narravit,
456 2611 530 2646 quod
551 2616 656 2647 patrem
676 2611 803 2640 [tabuerit
831 2618 859 2641 et
872 2614 943 2643 duos
959 2623 1006 2650 ge-

1069 1593 1219 1631 προσέταξέ
1234 1603 1279 1630 μοι
1293 1594 1441 1633 προάξειν-ει
1456 1594 1547 1629 μένειν
1562 1594 1643 1621 αὑτὸν
1666 1594 1711 1620 ἐπὶ
1728 1593 1775 1620 τοῦ
1790 1594 1857 1620 σκά-

1069 1649 1143 1676 φους.
1158 1641 1213 1667 Καὶ
1225 1641 1319 1676 ἐπειδὴ
1334 1641 1471 1667 ἀντειπεῖν
1481 1641 1531 1667 οὐκ
1545 1638 1578 1676 ἦν
1599 1640 1674 1675 αὐτῷ
1686 1640 1854 1672 κελεύσαντι,

1068 1688 1182 1723 ἐποίησα
1192 1687 1222 1714 τὸ
1235 1686 1415 1723 προσταχθέν.
1437 1688 1465 1714 '0
1474 1687 1502 1713 δὲ
1515 1687 1617 1722 Πέτρος
1630 1687 1714 1722 μικρᾷ
1724 1694 1777 1713 τινι
1790 1687 1856 1712 ὐπο-

1067 1733 1125 1769 ψίᾳ,
1140 1734 1177 1765 ὼς
1199 1734 1280 1765 αὐτὸς
1295 1742 1339 1769 μοι
1357 1733 1446 1760 πάντα
1465 1733 1577 1769 ὕστερον
1589 1733 1746 1768 διηγήσατο,
1758 1732 1855 1758 παλλύο

1069 1788 1148 1815 μενος
1160 1779 1208 1816 τὴν
1223 1780 1338 1816 καρδίαν
1358 1779 1522 1806 ἐπυνθάνετο
1529 1779 1580 1814 τῆς
1593 1779 1738 1813 γυναικὸς,
1750 1778 1836 1812 λέγων
1845 1787 1852 1793 -

1066 1826 1135 1854 Εἰπέ
1150 1834 1205 1862 μοι,
1219 1826 1308 1860 γύναι,
1321 1825 1351 1852 τὺ
1374 1825 1452 1860 γένος
1464 1826 1511 1852 καὶ
1522 1825 1572 1860 τὴν
1586 1825 1662 1852 πόλιν
1676 1825 1725 1851 καὶ
1743 1824 1798 1850 τῶν
1808 1824 1852 1849 τὲ-

1066 1880 1137 1899 κνων
1150 1872 1184 1899 τὰ
1196 1872 1326 1907 ὀνόματα,
1346 1872 1394 1898 καὶ
1416 1871 1466 1907 ἠδη
1490 1871 1587 1906 δίδωμί
1602 1879 1641 1897 σοι
1654 1871 1685 1897 τὸ
1696 1870 1850 1905 φάρμακον.

1071 1917 1103 1944 Ἦ
1113 1918 1152 1949 δὲ,
1167 1917 1226 1953 βίαν
1236 1917 1376 1953 πάσχουσα
1387 1918 1525 1944 καὶείπεῐν
1532 1917 1562 1942 οὑ
1574 1916 1697 1947 θέλουσα,
1707 1916 1772 1942 τὸδὲ
1782 1917 1853 1952 φάρ-

1067 1972 1154 1999 μακον
1163 1963 1256 1990 λασεῖν
1266 1962 1450 1998 ἐπιθυμοῦσα,
1462 1962 1606 1997 ὲσοφίσατο
1617 1962 1684 1989 ἄλλα
1694 1963 1752 1988 ἀντὶ
1765 1963 1852 1989 ἄλλων

1065 2010 1152 2035 εἰπεῖν
1164 2017 1169 2024 ’
1186 2006 1233 2035 καὶ
1244 2008 1320 2044 ὁμῶς
1333 2008 1394 2044 ἔφη,
1409 2008 1494 2044 αὐτὴν
1505 2008 1553 2044 μὲν
1573 2008 1700 2043 Ἐφεσίαν
1712 2006 1790 2040 εἶναι,
1805 2009 1851 2035 τὸν

1064 2057 1093 2083 δὲ
1107 2056 1191 2091 ἄνδρα
1202 2055 1321 2087 Σικελὸν,
1335 2055 1410 2090 ὁμῶς
1424 2056 1471 2081 καὶ
1483 2054 1537 2080 τῶν
1549 2054 1634 2090 τριῶν
1640 2055 1743 2081 τέκνων
1754 2054 1850 2090 ἤλλαξε

1064 2102 1098 2129 τὰ
1113 2102 1242 2137 ὀνόματα.
1256 2101 1312 2128 Καὶ
1324 2102 1338 2127 ό
1351 2101 1464 2136 Πέτρος,
1478 2101 1591 2136 νομίσας
1602 2101 1686 2137 αὐτὴν
1697 2101 1848 2136 ἀληθεύειν,

1064 2148 1125 2184 ἔφη’
1140 2149 1227 2184 Οίμοι,
1240 2148 1330 2183 γύναι,
1344 2145 1466 2183 ἐνόμιζον
1480 2147 1599 2182 μεγάλην
1617 2148 1676 2176 τινὰ
1696 2147 1783 2184 χαράν
1801 2148 1851 2184 τὴν

1065 2195 1185 2231 σήμερον
1199 2195 1275 2229 ἄγειν
1286 2194 1403 2229 ἡμέραν,
1421 2193 1593 2224 ὑποπτεύσας
1606 2192 1635 2219 σέ
1649 2201 1709 2219 τινα
1722 2191 1800 2224 εἶναι,
1817 2194 1849 2228 ἣν

1064 2242 1197 2277 ἐνόμιζον,
1211 2239 1244 2277 ἦς
1260 2241 1294 2268 τὰ
1306 2241 1457 2277 πράγματα
1475 2240 1595 2270 ἀκούσας
1606 2240 1727 2275 ἀκριΰῶς
1738 2240 1849 2266 ἐπίστα-

1065 2297 1124 2323 μαι.
1143 2289 1175 2314 Ἦ
1187 2288 1216 2314 δὲ
1232 2287 1363 2323 ἐξώρκιζε
1384 2287 1513 2321 λέγουσα·
1527 2285 1637 2321 Δέομαι,
1652 2286 1712 2312 εἰπέ
1733 2294 1787 2321 μοι,
1804 2286 1849 2313 ἵνα

1062 2335 1125 2362 εἰδῶ
1141 2336 1165 2361 εί
1176 2334 1233 2361 ἔστι
1245 2343 1286 2366 τις
1300 2335 1329 2361 ὲν
1342 2333 1463 2369 γυναιξὶν
1477 2331 1627 2368 ἀθλιωτέρα
1639 2331 1716 2368 ἐμοῦ.

1094 2432 1216 2460 ΧΧ.Καὶ
1228 2433 1242 2459 ὁ
1252 2432 1515 2469 Πέτρος,ψεύδεσθαι
1527 2432 1576 2459 οὐκ
1589 2431 1677 2464 εἰδὼς,
1692 2431 1744 2459 ὑπὸ
1756 2431 1847 2464 ἐλέους

1059 2479 1106 2506 τοῦ
1123 2479 1190 2516 πρὸς
1207 2480 1291 2516 αὐτὴν
1307 2480 1338 2506 τὸ
1358 2479 1456 2515 ἀληθὲς
1469 2479 1557 2513 λέγειν
1577 2474 1695 2514 ἦρξατο·
1717 2478 1793 2513 Ἐμοί
1804 2486 1848 2509 τις

1058 2525 1153 2552 λοιπὸν
1174 2526 1225 2562 ’ήδη
1238 2526 1249 2542 ⁷
1261 2526 1370 2558 νεανίας
1391 2525 1429 2552 ὣν
1446 2525 1607 2561 παρέπεται,
1620 2524 1674 2550 τῶν
1685 2524 1736 2559 τῆς
1756 2524 1847 2550 θεοσε-

1058 2571 1134 2604 ϐείας
1144 2573 1306 2608 ὀρεγόμενος
1319 2573 1415 2607 λόγων,
1429 2572 1571 2607 Ῥωμαίων
1582 2571 1712 2607 ὑπάρχων
1722 2571 1843 2606 πολίτης,

1057 2618 1132 2650 ὅστις
1143 2627 1187 2654 μοι
1201 2619 1348 2655 διηγήσατο
1356 2618 1377 2650 ⁸,
1386 2618 1454 2651 πῶς,
1463 2618 1567 2654 πατέρα
1577 2618 1645 2654 ἔχων
1657 2618 1704 2645 καὶ
1715 2617 1844 2652 ἀδελφοὺς

871 2707 989 2736 VARIIE
1009 2708 1208 2737 LECTIONES.

253 2768 286 2785 ¹⁸⁰
306 2769 380 2820 ιὶξςηο
402 2776 477 2814 et‘ex
494 2771 610 2820 conjerc‘t.
622 2771 977 2820 C‘.in\euj.'textq‘decs_t.a
1000 2774 1146 2820 ’,ἀξιοῦσιν
1160 2777 1192 2805 Ο.
1217 2812 1225 2820 ἢ
1269 2778 1403 2820 θάλατταν
1416 2778 1463 2820 0._
1500 2779 1510 2795 ⁸
1528 2778 1715 2820 δειγμάτωπί

331 2779 344 2802 ς
357 2779 380 2798 υ
402 2779 430 2797 et
444 2779 477 2798 ex
494 2779 610 2805 conject.
622 2779 643 2800 υ
658 2781 703 2804 ,in
716 2779 856 2807 euj.textu
873 2779 958 2803 deest.
1000 2779 1008 2791 ³
1025 2779 1146 2809 ἀξιοῦσιν
1160 2779 1192 2805 Ο.
1241 2779 1250 2793 ¹
1269 2779 1403 2809 θάλατταν
1416 2779 1449 2806 0.
1500 2779 1510 2795 ⁸
1528 2779 1680 2814 δειγμάτων
1692 2779 1726 2820 0.
1775 2779 1786 2794 δ
1802 2779 1839 2805 Ita

331 2806 390 2849 pit",
413 2806 557 2849 εὐφορῄσω
571 2806 591 2833 C
640 2808 830 2849 “ntalem:me
846 2808 878 2838 Ο.
891 2844 907 2849 Α
933 2814 943 2830 ⁶
960 2810 987 2838 S.
1007 2810 1072 2847 Leg.
1091 2813 1118 2841 τί
1134 2821 1162 2840 σε
1177 2812 1285 2841 κωλύει.
1300 2813 1356 2841 Cfr.
1373 2822 1399 2842 e.
1415 2823 1441 2849 ε.
1456 2815 1531 2843 hom.
1548 2823 1608 2849 xm,
1624 2815 1650 2842 5.
1667 2815 1738 2849 Epit.
1759 2814 1841 2842 habet

216 2801 242 2844 0_
272 2801 390 2844 c._lt‘;)i!.._
413 2801 557 2844 εὐφορῄσῴ
571 2806 591 2833 C
640 2801 830 2844 ⁵ςταλαιιῖτώρῳ
846 2808 878 2838 Ο.

217 2839 249 2865 σὺ
269 2839 306 2875 μὴ
321 2841 455 2877 κωλύσῃς.
481 2839 567 2877 Ὗῆδη
582 2849 637 2870 om.
647 2842 679 2870 Ο.
718 2845 729 2860 ⁸
743 2839 873 2880 διηγεῖται
887 2844 919 2874 C.

1775 2777 1786 2794 ‘
1802 2778 1839 2805 Ita

1241 2779 1250 2814 ξ
1269 2778 1403 2814 θάλατταν
1416 2778 1449 2806 0.
1500 2779 1510 2795 ⁸
1528 2779 1680 2814 δειγμάτων
1692 2778 1726 2806 0.
