4084 6148
417 209 521 268 317

1557 201 2018 261 CLEMENTINA.
2057 230 2131 245 —
2165 190 2472 256 HOMILIA
2512 201 2620 259 XII.

3579 203 3683 260 518

409 330 502 384 δύο
521 325 802 401 διδύμους,
831 324 1023 381 οὐδένα
1045 322 1253 379 τούτων
1287 322 1407 396 ὁρᾷ,
1439 322 1516 376 Ἥ
1557 339 1618 377 τε
1645 321 1756 396 γὰρ
1789 323 1981 395 μήτηρ,

2099 321 2286 376 minos
2315 313 2536 389 fratres,
2566 320 2854 392 exquibus
2884 319 3071 378 nullus
3093 316 3145 376 ei
3171 323 3508 387 compareat.
3540 312 3676 368 Nam

407 423 596 494 φησὶν,
627 421 704 485 ὡς
731 422 760 474 6
784 422 968 492 πατὴρ
992 417 1232 491 διηγεῖτό
1261 435 1351 489 μοι
1364 419 1407 480 ⁸,
1424 417 1634 490 ὄνειρον
1662 416 1869 482 ἰδοῦσα,
1893 417 1992 489 τὴν

417 515 708 585 Ῥωμαίων
728 513 882 566 πόλιν
898 512 990 565 ἐπὶ
1001 511 1190 584 χρόνον
1200 510 1324 563 τινὰ
1339 509 1561 580 ἐξῆλθεν
1580 508 1719 581 μετὰ
1731 508 1839 562 τῶν
1854 508 1996 562 διδύ-

409 623 527 676 μων
550 605 724 676 αὑτῆς
739 604 904 677 269
918 604 1145 668 τέκνων,
1159 603 1246 656 ἵνα
1261 600 1502 674 μὴκακῷ
1516 601 1992 673 μόρῳτελευτήσῃ,

2098 422 2296 480 mater,
2335 411 2532 483 inquit,
2565 413 2708 470 sicut
2743 414 2878 468 mihi
2921 413 3226 469 edisseruit.
3252 422 3430 482 pater,
3457 408 3678 466 somnio

2097 507 2218 563 viso
2249 506 2496 561 Romana
2536 507 2671 562 urbe
2704 505 2772 562 ad
2830 515 3047 576 tempus
3075 505 3311 560 excessit
3339 517 3464 560 eum
3498 499 3673 571 gemi-

2095 601 2184 657 nis
2237 602 2353 658 suis
2405 602 2575 669 natis,
2631 616 2700 656 ne
2750 600 2952 655 misera
2986 606 3161 653 morte
3209 598 3478 658 interiret,
3509 603 3676 663 atque

406 699 502 752 καὶ
533 701 630 752 σὺν
654 699 837 761 αὐτοῖς
861 696 1092 760 ἐκϐᾶσα,
1123 697 1224 766 οὑχ
1248 695 1585 766 εὑρίσκεται.
1627 696 1684 749 '0
1711 693 1769 748 δὲ
1787 693 1981 764 ταύτης

2094 709 2222 750 cum
2266 695 2373 750 illis
2419 711 2643 767 egressa
2686 709 2795 749 non
2821 693 3119 748 invenitur.
3149 691 3250 746 Vir
3287 701 3468 745 autem
3501 688 3672 751 illius,

407 791 510 862 μὲν
533 794 693 866 ἀνὴρ,
719 791 884 845 αὑτοῦ
917 792 975 844 δὲ
1006 791 1214 861 πατὴρ,
1244 791 1338 844 καὶ
1363 789 1527 854 αὑτὸς
1563 790 1644 854 είς
1667 787 1981 860 ἐπιζήτησιν

2094 788 2258 858 hujus
2285 803 2415 844 vero
2442 799 2618 859 pater,
2643 797 2698 843 et
2728 787 2949 858 ipse'ad
2981 783 3338 857 quaerendam
3378 797 3501 837 eam
3541 796 3671 850 pro-

403 885 577 956 αὑτῆς
600 885 766 948 ἐκϐὰς
785 885 827 916 ¹⁰
856 886 955 954 οὑχ
979 883 1311 954 εὑρίσκεται.

475 976 617 1032 XXI.
655 977 842 1032 Ταῦτα
871 976 968 1032 τοῦ
998 978 1209 1050 Πέτρου
1241 976 1508 1042 εἰπόντος,
1542 977 1883 1049 ἐπιστήσασα
1914 976 1992 1039 ὡς

404 1068 496 1121 ὑπ’
513 1067 827 1141 ἐκπλήξεως
859 1068 1136 1139 ἀπέψυξεν
1168 1071 1202 1141 ἡ
1236 1070 1394 1142 γυνή.
1412 1069 1470 1122 '0
1490 1069 1548 1123 δὲ
1579 1069 1784 1141 Πέτρος
1818 1085 1988 1140 προσ-

402 1160 571 1215 ελθὼν
615 1163 710 1216 καὶ
764 1161 1004 1233 ἐπισχὼν
1053 1164 1244 1234 νήφειν
1293 1162 1462 1234 αὐτὴν
1511 1160 1947 1234 παρεκελεύσατο
1970 1199 1987 1224 ,

401 1253 679 1324 ὁμολογεῖν
724 1255 892 1327 αὑτὴν
940 1249 1142 1309 πείθων
1190 1256 1246 1309 τί
1287 1256 1419 1310 ποτέ
1451 1257 1598 1310 ἐστιν
1627 1254 1657 1309 ὃ
1686 1254 1906 1326 πάσχει.
1924 1255 1988 1310 Ἦ

399 1345 477 1407 δὲ,
509 1345 698 1419 ὥσπερ
747 1349 812 1401 ἐκ
860 1346 1029 1419 μέθης
1076 1347 1140 1401 τὸ
1183 1347 1366 1402 λοιπὸν
1404 1347 1499 1401 τοῦ
1535 1347 1785 1419 σώματος
1815 1365 1990 1419 παρε-

401 1437 576 1502 θεῖσα,
616 1440 957 1513 ὑπέστρεψεν
979 1441 1020 1472 ⁸⁸
1055 1440 1273 1513 ἑαυτὴν,
1309 1441 1607 1512 ὑποστῆναι
1637 1441 1923 1512 δυνηθεῖσα
1942 1440 1986 1474 ⁸³

398 1533 458 1585 τὸ
492 1534 723 1605 μέγεθος
747 1535 848 1606 τῆς
880 1535 1239 1606 ἐλπιζομένης
1269 1536 1464 1607 χαρᾶς,
1498 1535 1593 1589 καὶ
1620 1535 1858 1608 τρίψασα
1889 1535 1986 1589 αὑ-

2091 878 2270 936 fcctus
2298 895 2648 951 nequaquam
2687 879 2979 950 reperitur.

2162 993 2304 1067 XXI.
2345 993 2474 1051 Haec
2502 1010 2627 1050 cum
2660 995 2892 1050 dixisset
2915 993 3134 1059 Petrus,
3154 992 3376 1058 mulier,
3402 1007 3524 1060 quae
3550 990 3672 1045 ani-

2091 1101 2242 1140 mum
2274 1085 2602 1150 intenderat,
2643 1097 2867 1157 stupore
2915 1087 3228 1142 exanimata
3261 1094 3363 1140 est.
3395 1083 3534 1153 Tum
3567 1081 3671 1137 Pe-

2091 1188 2210 1234 trus
2233 1179 2522 1246 accedens,
2555 1194 2787 1249 eamque
2811 1187 3024 1246 tenens,
3052 1178 3118 1234 ad
3157 1195 3216 1234 se
3248 1177 3452 1233 rediret
3482 1177 3670 1230 horta-

2091 1279 2182 1326 tus
2209 1280 2312 1335 est,
2343 1272 2628 1341 suasitque
2649 1284 2708 1326 ut
2737 1270 3003 1327 fateretur
3054 1272 3316 1340 quidnam
3342 1277 3490 1326 esset
3517 1267 3669 1338 quod

2088 1365 2138 1419 ei
2168 1364 2492 1435 contigerat.
2519 1363 2614 1419 Illa
2639 1379 2806 1431 vero,
2835 1365 2984 1418 velut
3009 1377 3076 1418 ex
3105 1364 3370 1418 ebrietate
3401 1372 3512 1418 toto
3541 1377 3668 1416 cor-

2087 1471 2222 1526 pore
2272 1457 2538 1521 resoluta,
2583 1472 2694 1528 quo
2742 1465 2927 1526 posset
2979 1455 3411 1526 magnitudinem
3466 1453 3667 1524 sperati

2089 1547 2272 1618 gaudii
2320 1547 2613 1615 sustinere,
2646 1547 2999 1617 semetipsam
3043 1548 3319 1617 reparavit
3351 1546 3668 1614 :simulque

396 1627 495 1696 τῆς
525 1627 588 1680 τὸ
621 1628 912 1700 πρόσωπον
935 1646 950 1660 ο
985 1627 1096 1682 Ποῦ
1131 1629 1296 1694 ἐστιν,
1332 1629 1456 1700 ἔφη,
1490 1620 1646 1692 οὗτος
1675 1631 1704 1682 6
1731 1627 1981 1694 νεανίας;

2089 1639 2352 1695 aﬂ‘ricans
2393 1640 2605 1694 vultum
2634 1656 2647 1691 :
2685 1637 2790 1694 Ubi
2818 1650 2924 1708 est,
2957 1641 3165 1711 inquit,
3187 1640 3276 1695 ille
3306 1639 3669 1694 adolescens?

409 1717 466 1772 '0
497 1717 574 1783 δὲ,
609 1717 710 1790 ήδη
743 1719 863 1772 ὅλον
899 1719 1126 1775 συνιδὼν
1155 1720 1218 1774 τὸ
1248 1721 1499 1792 πρᾶγμα,
1533 1720 1636 1792 ἔφη
1659 1737 1674 1751 ·
1719 1719 1857 1774 Εἰπέ
1892 1737 1981 1791 μοι

2085 1735 2156 1788 At
2183 1732 2380 1789 Petrus
2405 1733 2520 1803 jam
2549 1733 2862 1804 intelligens
2897 1749 3012 1789 rem
3060 1743 3233 1789 totam
3262 1752 3276 1788 :
3311 1732 3427 1798 Dic,
3467 1731 3665 1800 inquit,

397 1811 463 1864 σὺ
498 1809 734 1881 πρῶτον,
764 1811 939 1876 ἄλλως
969 1811 1078 1885 γὰρ
1108 1812 1298 1867 τοῦτον
1343 1813 1470 1867 ἰδεῖν
1514 1815 1614 1868 οὑκ
1647 1813 1894 1885 ἐχεις.⁹Η
1922 1812 1982 1870 δὲ

397 1900 703 1954 σπεύδουσα
725 1901 768 1932 ¹³
789 1920 802 1932 ·
823 1900 983 1971 Ἐγὼ,
1008 1902 1192 1974 φησιν,
1218 1904 1333 1974 εἰμὶ
1364 1905 1398 1974 ὴ
1431 1901 1527 1957 τοῦ
1561 1904 1845 1958 νεανίσκου
1881 1906 1983 1976 μή-

392 2008 519 2064 τηρ.
549 1993 659 2046 Kal.
690 1994 718 2046 6
750 1993 955 2065 Πέτρος
988 1992 1092 2065 ἔφη
1118 2012 1132 2026 ·
1166 1995 1232 2047 Τί
1265 1992 1438 2066 τούτῳ
1467 1995 1752 2066 ὄνομ.αῇῐί
1782 1997 1840 2050 δέ
1874 2013 1981 2067 φη-

395 2101 499 2137 σιν’
537 2085 788 2156 Κλήμης.
826 2087 936 2140 Καὶ
967 2088 996 2139 6
1027 2086 1234 2158 Πέτρος
1267 2082 1420 2142 εἶπεν
1441 2106 1454 2120 ⁸
1485 2089 1657 2153 Αὐτός
1687 2090 1856 2156 ἐστιν,
1885 2087 1983 2142 καὶ

392 2174 554 2240 αὐτὸς
583 2171 652 2248 ἦν
678 2179 707 2231 6
740 2178 846 2250 πρὸ
881 2179 1078 2251 μικροῦ
1117 2197 1207 2250 μοι
1239 2179 1498 2250 λαλήσας,
1521 2173 1566 2249 ᾧ
1591 2171 1881 2253 ἀναμένειν
1911 2199 1980 2253 με

392 2267 452 2320 ἐν
482 2267 561 2339 τῷ
594 2268 765 2340 πλοίῳ
796 2267 1128 2342 προσέταξα.
1155 2269 1219 2324 Ἠ
1250 2270 1308 2323 δέ
1341 2270 1732 2343 προσπεσοῦσα
1761 2271 1839 2344 τῷ
1871 2271 1981 2325 Πέ-

389 2376 507 2430 τρῳ
559 2360 858 2431 παρεκάλει
911 2361 1160 2416 σπεύδειν
1194 2363 1286 2416 ἐπὶ
1315 2362 1377 2416 τὸ
1412 2363 1595 2418 πλοῖον
1643 2363 1836 2419 ἐλθεῖν.
1872 2365 1982 2419 Kal.

390 2450 421 2502 6
453 2451 692 2524 Πέτρος·
729 2451 799 2506 Εἴ
849 2471 938 2524 μοι
981 2457 1169 2526 τηρείς
1210 2454 1310 2519 τὰς
1360 2454 1650 2528 συνθήκας,
1687 2458 1779 2510 καὶ
1821 2456 1980 2512 τοῦτο

389 2542 620 2612 ποιήσω.
640 2543 703 2594 Ἥ
734 2542 791 2595 δὲ
824 2542 926 2614 ἔφη
952 2561 964 2574 ·
1004 2544 1188 2597 Πάντα
1222 2543 1380 2608 ποιῶ,
1408 2545 1566 2614 μόνον
1590 2562 1679 2615 μοι
1703 2545 1766 2599 τὸ
1791 2545 1980 2601 τέκνον

387 2632 450 2687 τὸ
486 2635 772 2704 μονογενὲς
816 2636 1004 2703 δεῖξον.
1041 2635 1186 2703 Δόξω
1219 2635 1329 2709 γὰρ
1361 2637 1426 2692 δι’
1455 2638 1618 2692 αὑτοῦ
1651 2638 1722 2694 τὰ
1747 2639 1840 2694 δύο
1875 2657 1977 2712 μου

385 2725 455 2780 τὰ
475 2725 708 2781 ἐνταῦθα
729 2728 1029 2799 τεθνηκότα
1054 2729 1187 2801 ὁρᾷν
1212 2729 1399 2784 τέκνα.
1421 2732 1530 2785 Kal.
1549 2733 1578 2786 6
1601 2731 1806 2804 Πέτρος
1829 2731 1936 2802 ἔφη
1959 2749 1976 2764 ο

388 2817 556 2872 Ὅταν
587 2818 747 2873 αὑτὸν
783 2819 917 2894 ἴδῃς,
943 2821 1211 2892 ήσύχασον
1241 2823 1432 2894 μέχρις
1465 2821 1530 2879 ἂν
1561 2825 1661 2896 τῆς
1689 2830 1856 2897 νήσου
1885 2826 1978 2879 ἐκ·

385 2908 592 2981 δῶμεν.
611 2912 681 2986 Ἡ-
706 2911 763 2964 δὲ
797 2911 898 2984 ἔφη
926 2929 939 2943 ·
976 2912 1164 2977 Οὕτως
1195 2915 1426 2986 ποιήσω.

2083 1827 2219 1881 mihi
2267 1837 2323 1881 tu
2369 1826 2542 1896 prior,
2575 1826 2732 1882 aliter
2768 1827 2915 1892 enim
2953 1843 3078 1882 eum
3117 1843 3227 1882 non
3261 1825 3489 1880 videbis.
3523 1823 3664 1878 Tum

2084 1917 2175 1972 illa
2205 1915 2476 1973 festinans
2502 1917 2578 1972 ait
2613 1935 2628 1971 :
2658 1916 2774 1988 Ego
2803 1934 2926 1974 sum
2975 1917 3342 1976 adolescentis
3371 1925 3567 1972 mater.
3599 1915 3664 1969 Et

2081 2008 2275 2066 Petrus
2309 2028 2322 2065 :
2357 2009 2514 2077 Quod
2559 2012 2610 2068 ei
2656 2027 2855 2066 nomen
2900 2012 3021 2068 est?
3052 2010 3144 2066 Illa
3179 2026 3348 2065 vero:
3387 2009 3662 2072 Clemens,

2082 2101 2176 2156 ait.
2197 2100 2394 2157 Petrus
2425 2121 2436 2156 :
2463 2100 2584 2173 Ipse
2611 2112 2697 2159 est
2724 2111 2780 2158 et
2801 2103 2920 2172 ipse
2948 2111 3068 2158 erat
3091 2103 3186 2174 qui
3209 2101 3371 2173 paqu
3393 2114 3520 2156 ante
3550 2116 3665 2156 me-

2081 2209 2206 2249 cum
2239 2195 2583 2264 loquebatur,
2615 2211 2777 2266 quem
2798 2195 2940 2263 jussi
2974 2211 3060 2250 me
3087 2196 3139 2250 in
3168 2195 3292 2252 navi
3321 2201 3660 2263 exspectare.

2082 2284 2238 2342 Tune
2283 2285 2375 2341 illa
2407 2287 2696 2357 procidens
2725 2289 2793 2342 ad
2826 2288 2992 2358 pedes
3036 2287 3180 2342 Petri
3214 2287 3463 2357 rogabat,
3497 2295 3557 2340 ut
3593 2286 3663 2340 ad

2080 2398 2276 2438 navem
2316 2380 2515 2438 festiue
2548 2384 2887 2453 procederet.
2929 2381 3128 2438 Petrus
3155 2391 3338 2437 autem
3373 2400 3387 2437 :
3416 2380 3475 2436 Si
3504 2380 3660 2446 mihi,

2081 2472 2281 2542 inquit,
2307 2488 2495 2529 servas
2531 2473 2714 2539 fidem,
2751 2473 2854 2528 hoc
2883 2488 3106 2544 quoque
3129 2487 3311 2542 agam.
3335 2469 3405 2525 At
3447 2471 3539 2525 illa
3571 2484 3663 2525 re-

2079 2564 2339 2633 Spondit:
2371 2562 2564 2618 Omnia
2598 2563 2821 2630 faciam,
2869 2571 3081 2627 tantum
3113 2563 3246 2617 mihi
3277 2561 3501 2618 ostende
3533 2559 3664 2616 uni-

2079 2672 2206 2713 cum
2251 2673 2432 2712 meum
2483 2665 2696 2712 natum.
2730 2655 2944 2712 Putabo
2972 2657 3116 2712 enim
3153 2671 3249 2726 per
3279 2655 3456 2726 ipsum
3487 2651 3662 2724 gemi-

2078 2765 2180 2805 nos
2212 2764 2363 2804 meos
2403 2749 2627 2815 liberos,
2658 2749 2752 2818 qui
2801 2748 2891 2804 hic
2929 2749 3131 2804 mortui
3159 2757 3310 2812 sunt,
3343 2745 3546 2800 videre.
3582 2743 3662 2799 Ac

2077 2841 2274 2897 Petrus
2299 2841 2442 2898 dixit
2468 2859 2482 2898 :
2510 2841 2650 2898 Cum
2678 2841 2881 2898 videris
2908 2856 3057 2905 eum,
3077 2842 3260 2912 quieta
3286 2854 3467 2906 mane,
3487 2851 3663 2907 usque

2076 2951 2188 3006 quo
2217 2936 2563 3006 egrediamur
2589 2937 2659 2991 ab
2682 2935 2885 2991 insula.
2910 2933 3004 2988 Illa
3026 2935 3240 3004 excepit
3273 2951 3286 2987 :
3321 2932 3414 2987 Sic
3436 2931 3658 2986 faciam.

457 3024 622 3094 27o
673 3023 838 3080 XXII.
898 3026 1210 3098 Λαόόμενος
1251 3022 1345 3081 οὖν
1390 3027 1490 3099 τῆς
1533 3029 1716 3102 χειρὸς
1754 3029 1976 3103 αὑτῆςὸ

2149 3031 2316 3088 XXII.
2361 3031 2426 3085 Et
2451 3040 2672 3101 accepta
2703 3047 2868 3085 manu
2895 3030 3016 3101 ejus
3059 3027 3250 3084 Petrus
3275 3028 3508 3083 ducebat
3535 3041 3657 3081 eam

386 3117 593 3189 Πέτρος
637 3112 772 3189 ἦγεν
797 3118 841 3150 ⁸⁵
872 3119 964 3171 ἐπὶ
1009 3119 1071 3173 τὸ
1117 3119 1324 3173 πλοῖον.
1342 3118 1485 3189 Ἐγὼ
1525 3120 1604 3186 δὲ,
1644 3120 1766 3175 ἰδὼν
1814 3122 1976 3177 αὑτὸν

385 3207 829 3279 χειραγωγοῦντα
859 3211 1114 3278 γυναῖκα,
1138 3211 1390 3278 ἐγέλασα,
1415 3211 1510 3264 xal.
1541 3210 1876 3282 προσελθὼν,
1897 3213 1977 3276 είς

383 3299 548 3372 τιμὴν
581 3299 767 3365 αὑτοῦ,
799 3301 917 3355 ἀντ’
951 3301 1116 3354 αὑτοῦ
1148 3285 1506 3374 χειραγωγεῖν
1538 3302 1708 3374 αὐτὴν
1741 3301 1975 3374 ἐπειρὼη

388 3406 514 3461 μην.
530 3393 640 3446 Kal.
671 3391 788 3464 ἅμα
814 3391 893 3463 τῷ
924 3391 1162 3462 ἅψασθαί
1199 3409 1266 3463 με
1297 3393 1398 3464 τῆς
1427 3393 1611 3465 χειρὸς
1632 3393 1822 3465 αὑτῆς,
1861 3393 1978 3448 ὀλο-

384 3483 588 3551 λύξασα
636 3485 713 3549 ὡς
766 3485 948 3556 μήτηρ
1004 3484 1145 3555 μέγα
1181 3485 1276 3538 καὶ
1319 3483 1738 3555 περιπλακεῖσα,
1776 3483 1978 3556 σφόδρα

383 3577 664 3647 κατεφίλει
700 3594 768 3649 με
799 3576 892 3630 τὸν
925 3576 1042 3630 υἱὸν
1074 3576 1242 3649 αὐτῆς
1267 3576 1329 3628 ³⁸.
1352 3575 1491 3645 Ἐγὼ
1516 3575 1594 3639 δὲ,
1617 3575 1826 3645 ἀγνοῶν
1858 3575 1978 3630 ὅλον

381 3667 444 3721 τὸ
463 3670 712 3740 πρᾶγμα,
728 3669 805 3732 ὠς
837 3668 1167 3740 μαινομένην
1199 3666 1554 3740 ἀπεσειόμην’
1579 3667 1895 3741 αἰδούμενος
1919 3667 1977 3723 δὲ

383 3761 479 3814 καὶ
509 3762 602 3815 τὸν
633 3762 862 3833 Πέτρον,
898 3761 1321 3833 ἐπικραινόμην.

451 3872 645 3933 XXIII.
677 3873 735 3928 '0
778 3873 835 3926 δὲ
881 3873 1090 3943 Πέτρος
1132 3871 1236 3942 ἔφη
1261 3889 1276 3902 ο
1303 3871 1428 3936 Ἔα,
1462 3869 1518 3924 τί
1562 3871 1756 3934 ποιεῖς,
1784 3868 1977 3924 τέκνον

380 3970 634 4041 Κλήμης,
648 3966 1038 4038 ἀποσειόμενος
1064 3965 1164 4035 τὴν
1199 3964 1297 4036 σὴν
1329 3964 1499 4027 ὅντως
1525 3961 1822 4027 τεκούσαν;
1850 3960 1977 4031 Εγὼ

381 4063 467 4124 δὲ,
502 4060 664 4114 τοῦτο
697 4057 938 4121 ἀκούσας
958 4075 1025 4111 πε
1034 4057 1190 4128 ρίδακ
1199 4073 1294 4128 ρυς
1313 4055 1601 4126 γενόμενος
1622 4055 1716 4108 καὶ
1738 4069 1980 4107 καταπε-

382 4153 551 4225 σούσῃ
597 4155 664 4224 τῇ
715 4149 954 4221 τεκούσῃ
987 4147 1313 4220 προσπεσὼν
1347 4145 1689 4214 κατεφίλουν.
1724 4143 1836 4198 Kal.
1867 4144 1977 4216 γὰρ

380 4244 498 4319 ἃμα
527 4246 607 4318 τῷ
641 4243 870 4318 ῥηθῆναί
907 4259 995 4314 μοι
1027 4240 1186 4294 τοῦτο
1218 4238 1484 4312 ἀμαυρῶς
1506 4239 1552 4273 ¹⁶
1594 4256 1712 4301 πως
1743 4236 1806 4291 τδ
1837 4233 1978 4301 εἶδος

378 4336 777 4408 ἀνεκαλούμην.
814 4333 1008 4388 Πολλοὶ
1043 4332 1141 4404 μὲν
1172 4327 1266 4385 οὖν
1297 4331 1444 4402 ὄχλοι
1479 4330 1798 4402 συνέτρεχον
1827 4329 1973 4383 ιστο-

2080 3126 2146 3182 ad
2172 3124 2576 3190 navem.Quem
2603 3139 2705 3193 ego
2729 3123 2918 3178 videns
2946 3137 3110 3176 manu
3142 3121 3342 3176 dueere
3373 3119 3658 3174 mulierem

2080 3218 2201 3273 risi.
2238 3217 2520 3272 Accedens
2563 3223 2767 3282 tamen,
2793 3213 3020 3268 honoris
3041 3228 3170 3282 erga
3189 3227 3314 3266 eum
3341 3213 3539 3281 gratia,
3557 3226 3658 3280 pro

2079 3310 2202 3381 ipso
2233 3325 2396 3364 manu
2430 3309 2578 3364 illam
2608 3309 2806 3364 ducere
2834 3307 2995 3375 coepi.
3029 3304 3203 3361 Simul
3234 3312 3413 3358 autem
3447 3319 3511 3358 ac
3537 3319 3658 3357 ma-

2079 3417 2210 3456 num
2236 3400 2358 3470 ejus
2383 3399 2610 3470 contigi,
2644 3407 2705 3453 ut
2731 3406 2926 3464 mater,
2960 3397 3167 3451 ululatu
3197 3395 3401 3466 ingenti
3426 3395 3658 3460 reddito,

2081 3491 2136 3546 in
2167 3491 2452 3562 amplexus
2481 3505 2634 3544 meos
2663 3488 2822 3543 irruit
2851 3501 3048 3557 meque
3076 3485 3247 3540 lilium
3283 3500 3457 3548 suum
3495 3484 3662 3540 vehe-

2080 3593 2294 3638 menter
2318 3581 2632 3636 deosculata
2655 3587 2758 3634 est.
2783 3577 2854 3634 At
2884 3592 2985 3648 ego
3016 3576 3276 3646 ignorans
3301 3591 3465 3630 omne
3493 3591 3661 3644 nego—

2077 3675 2213 3732 tium
2260 3674 2420 3745 quasi
2459 3673 2820 3728 insanientem
2853 3669 3178 3741 repellebam
3207 3671 3342 3727 :sed
3369 3677 3425 3725 et
3452 3670 3660 3725 reveri-

2081 3777 2168 3824 tus
2199 3767 2420 3827 Petrum
2452 3783 2538 3822 me
2569 3767 2811 3823 coercui.

2149 3859 2344 3914 XXIII.
2386 3858 2524 3914 Tum
2575 3858 2770 3914 Petrus
2819 3857 3002 3915 dixit:
3033 3857 3208 3926 Eheu,
3240 3857 3372 3928 quid
3415 3858 3534 3930 agis
3566 3859 3658 3914 Illi

2078 3951 2352 4017 Clemens,
2375 3952 2592 4022 repellis
2621 3965 2746 4006 eam
2776 3966 2897 4020 quae
2923 3965 3049 4006 vere
3082 3960 3257 4006 mater
3281 3960 3372 4007 tua
3398 3953 3516 4008 est?
3545 3950 3660 4022 Ego

2077 4058 2229 4109 vero,
2263 4043 2355 4098 ubi
2403 4042 2508 4097 hoc
2537 4041 2744 4108 audivi,
2781 4041 3040 4113 lacrymis
3072 4041 3284 4096 obortis
3317 4043 3528 4098 concidi
3559 4057 3658 4097 su-

2078 4151 2174 4207 pra
2203 4135 2475 4204 jacentem
2504 4142 2732 4189 matrem
2761 4143 2816 4187 et
2839 4133 3132 4188 osculabar
3153 4132 3488 4189 eam.Simul
3509 4134 3656 4190 enim

2079 4242 2145 4282 ac
2174 4227 2224 4281 id
2259 4227 2393 4280 mihi
2427 4225 2633 4281 dictum
2680 4224 2806 4289 fuit,
2839 4225 3181 4280 subobscure
3211 4225 3491 4296 genitricis
3539 4224 3656 4280 for-

2080 4334 2224 4374 mam
2275 4318 2625 4372 revocabam.
2675 4316 2964 4371 Multitudo
3023 4314 3241 4372 interim
3299 4317 3661 4372 concurrebat

2004 4386 2050 4442 ί)
2078 4413 2311 4484 plurima
2343 4412 2409 4467 ad
2442 4410 2730 4466 videndam
2777 4411 3084 4466 mendicam
3139 4411 3460 4477 mulierem;
3507 4408 3658 4464 dice-

382 4433 543 4506 ρῆσαι
590 4431 691 4502 τὴν
739 4427 1165 4502 προσαιτήτριαν
1215 4428 1469 4494 γυναῖκα,
1503 4422 1754 4493 λέγοντες
1800 4422 1968 4494 ἀλλή-

377 4503 510 4589 λοις,
544 4523 627 4577 ὃτι
660 4521 830 4593 αὐτὴν
863 4518 1078 4588 ἐπέγνω
1109 4518 1138 4570 6
1171 4516 1305 4580 υἱὸς,
1325 4514 1464 4587 ἀνὴρ
1495 4514 1797 4583 ἀξιόλογος.
1834 4514 1970 4568 Βου-

2080 4508 2319 4576 bantque
2363 4515 2556 4561 mutuo
2590 4523 2604 4560 :
2639 4503 2876 4574 Agnovit
2901 4519 3022 4558 eam
3051 4504 3220 4569 filius,
3266 4504 3353 4558 vir
3398 4503 3658 4558 eximius.

377 4616 624 4686 λομένοις
661 4609 754 4667 οὖν
791 4592 927 4684 ἡμῖν
969 4609 1199 4680 ἐξαυτῆς
1234 4609 1332 4661 σὺν
1361 4609 1430 4678 τῇ
1468 4607 1637 4678 μήτρλ⁸
1668 4606 1770 4678 τῆς
1799 4607 1966 4680 νήσου

2080 4595 2264 4667 Itaque
2291 4611 2418 4651 cum
2451 4596 2718 4651 vellemus
2741 4593 3030 4651 confestim
3061 4611 3186 4652 cum
3219 4603 3394 4649 matre
3415 4609 3481 4650 ex
3513 4592 3662 4648 insu-

379 4705 650 4760 ἐκϐαίνειν
679 4706 714 4776 ἡ
750 4703 933 4774 μήτηρ
957 4701 1090 4772 ἔφη’
1114 4699 1318 4752 Τέκνον
1345 4715 1436 4769 μοι
1457 4697 1722 4763 ποθεινὸν,
1747 4696 1967 4768 εὔλογόν

2080 4691 2127 4746 Ia
2154 4691 2331 4757 exire,
2357 4701 2532 4744 mater
2563 4688 2642 4744 ait
2675 4707 2690 4744 :
2721 4688 2850 4754 Fili,
2879 4689 3014 4744 mihi
3041 4696 3315 4759 exoptate,
3335 4701 3551 4754 aequum
3576 4693 3662 4740 est

378 4799 526 4850 ἐστιν
547 4791 912 4858 ἀποτάξασθαι
944 4793 1012 4863 τῇ
1047 4788 1424 4860 ὑποδεξαμένῃ
1456 4805 1524 4858 με
1555 4789 1792 4858 γυναικὶ,
1820 4790 1963 4860 ἥτις,

2080 4792 2136 4839 ιιι
2159 4783 2281 4837 vale
2315 4782 2492 4837 dicam
2527 4782 2746 4837 mulieri
2783 4797 2907 4852 quae
2934 4797 3020 4836 me
3049 4779 3309 4849 suscepit,
3346 4793 3467 4848 quae
3495 4793 3661 4849 egens

380 4886 614 4960 πενιχρὰ
643 4883 776 4941 οὖσα
809 4885 904 4939 καὶ
935 4884 1030 4956 ὅλη
1065 4881 1395 4954 παρειμένη,
1430 4879 1522 4933 ἐπὶ
1553 4879 1844 4952 τῆςοίκίας
1874 4879 1968 4953 ἔῤ-

2080 4885 2122 4933 et
2147 4885 2258 4932 tota
2287 4875 2586 4947 paralytica
2616 4873 2764 4930 domi
2787 4874 2954 4944 jacet.
2989 4872 3351 4937 Hisxauditis,
3381 4869 3576 4927 Petrus
3605 4878 3662 4924 et

383 4987 595 5056 ριπται.
613 4983 672 5036 '0
693 4981 752 5035 δὲ
776 4980 985 5051 Πέτρος
1015 4975 1257 5038 ἀκούσας
1291 4972 1600 5044 ἐθαύμασεν
1623 4973 1687 5037 ¹⁷,
1713 4974 1806 5028 καὶ
1834 4975 1973 5029 πάν-

2080 4985 2288 5032 omnes,
2327 4967 2422 5038 qui
2459 4967 2679 5037 plurimi
2712 4969 2959 5032 aderant,
2993 4964 3245 5022 admirati
3286 4973 3416 5019 sunt
3454 4964 3658 5018 bonum

374 5054 468 5142 ᾦες
512 5076 566 5133 οἱ
620 5073 984 5146 περιεστῶτες
1033 5070 1201 5142 ὄχλοι,
1234 5068 1334 5139 τῆς
1378 5063 1636 5136 γυναικὸς
1674 5063 1736 5118 τὸ
1767 5065 1973 5136 ἀγαθὸν

2080 5061 2292 5118 feminae
2321 5060 2634 5116 consilium.
2669 5059 2736 5115 Et
2765 5059 3027 5115 continuo
3067 5059 3235 5129 jussit
3276 5054 3472 5110 Petrus
3503 5054 3658 5109 abire

375 5170 651 5243 φρόνῃμα.
688 5166 798 5221 Kal.
830 5163 1030 5228 εὐθέως
1071 5161 1358 5216 ἐκέλευσεν
1407 5159 1435 5212 6
1485 5157 1690 5229 Πέτρος
1729 5159 1840 5213 τισὶ
1873 5177 1972 5214 πο-

2080 5155 2366 5227 quosdam,
2400 5169 2466 5208 ac
2506 5153 2719 5208 deferre
2748 5153 3033 5209 mulierem
3066 5153 3119 5206 in
3158 5150 3379 5206 lectulo.
3412 5149 3662 5217 Cumque

378 5240 634 5336 ρέυθῆναι
675 5258 771 5313 xal.
818 5255 918 5328 τὴν
965 5257 1198 5324 γυναῖκα
1229 5251 1322 5306 ἐπὶ
1355 5248 1543 5321 κλίνης
1574 5250 1818 5321 κομίσαι.
1856 5252 1968 5307 Καὶ

2080 5247 2273 5304 fuisset
2298 5247 2485 5314 allata,
2523 5247 2844 5319 positusque
2874 5245 3070 5301 fuisset
3097 5243 3292 5310 lectus,
3329 5240 3663 5309 cuncta'ple-

1715 5363 1857 5421 VAR
1866 5365 1957 5421 UE
1998 5363 2410 5422 LECTIONES.

443 5471 464 5502 ο
502 5463 644 5519 Vbb.
689 5459 930 5534 διηγεῖτό
961 5475 1050 5530 μοι
1077 5475 1183 5512 non
1222 5457 1529 5534 sunt_i_u__0.
1589 5463 1603 5534 '_
1648 5441 1858 5534 “‘Ante
1893 5461 2061 5534 ἐκδῌς
2086 5463 2139 5516 in
2187 5458 2232 5534 O_
2275 5469 2358 5534 est
2411 5457 2646 5534 E36aaou
2672 5467 3060 5534 _expnpctum_.
3088 5527 3100 5534 _
3139 5453 3179 5486 ¹¹
3217 5453 3561 5534 ὑπέστρεφεν

485 5521 894 5615 δυνηθῆναίξςϐ,
953 5521 1310 5615 thymiama
1365 5529 1418 5615 ".
1441 5527 1643 5615 Vocab.
1685 5530 1719 5601 ἡ
1756 5529 1813 5615 δέ
1868 5521 2172 5614 σπεύδουσα
2200 5531 2318 5585 des.
2343 5529 2397 5583 in
2414 5526 2502 5615 .03
2602 5529 2646 5567 ἰ
2670 5521 2807 5615 ἦγεν⁹
2833 5529 2877 5584 Ο
2909 5538 2965 5615 et
2995 5524 3142 5615 ρςρὶι.
3166 5521 3655 5615 ο.υυ,ήγ.ειρενῌιὶ.

376 5596 618 5745 ζααὺτῆέ
643 5596 758 5659 υίόν
791 5604 849 5662 C.
881 5596 890 5601 ⁷
935 5596 976 5636 οδ
1004 5596 1082 5656 Ita
1105 5597 1150 5655 Ο
1196 5615 1244 5656 c.
1275 5596 1314 5655 S
1344 5641 1359 5668 ,
1394 5596 1732 5672 ἀμαυρώσας
1763 5598 1804 5658 C
1836 5642 1851 5670 ,
1885 5604 1978 5674 qui
2011 5603 2064 5659 iu
2099 5616 2273 5674 marg.
2306 5600 2450 5672 conj.
2478 5596 2746 5673 ἀμαυρῶς
2776 5599 2843 5656 ἄν
2875 5601 2956 5657 vel
2983 5600 3340 5672 ἀμαυρῶσαν.
3418 5598 3462 5637 ³⁷
3494 5598 3656 5647 ἐθαυ-

458 5694 532 5740 s=‘
616 5713 632 5730 ο
3347 5732 3350 5735 ,
