4084 6148
467 261 574 320 Si!)

1331 267 1391 322 S.
1429 263 1816 324 CLEMENTIS
1854 266 1875 321 1
1910 265 2078 322 ROM.
2114 264 2314 322 PONT.
2351 266 2580 323 OPERA
2618 267 2844 326 DUBIA.

3619 275 3728 330 320

466 393 534 447 be
565 389 819 445 audiente
843 388 1036 446 Petrus
1068 387 1142 446 ait
1167 407 1181 446 :
1208 387 1266 444 Si
1289 387 1533 443 veritatis
1561 400 1663 456 ego
1689 401 1812 442 sum
1844 399 2038 455 praeco,

2145 383 2295 454 ὁμῶς
2344 384 2654 456 ἐνεχθείσης
2699 386 2793 440 καὶ
2837 385 3088 458 τεθείσης
3128 388 3226 474 τῆς
3271 387 3476 460 κλίνης,
3513 388 3728 443 πάντων

471 481 538 536 ad
571 480 730 534 tidem
765 495 955 534 eorum
979 480 1072 550 qui
1101 481 1391 544 assistunt,
1421 485 1482 532 ut
1523 476 1703 531 sciant
1725 490 1894 530 unum
1924 489 2038 529 esse

2146 471 2256 526 τῶν
2303 473 2476 543 δχλων
2523 475 2850 543 ἀκουόντων,
2885 477 2989 548 ἔφη
3021 480 3050 532 6
3083 471 3288 550 Πέτρος
3309 495 3323 509 ο
3357 479 3421 532 Ei
3472 480 3729 551 ἀληθείας

468 573 637 628 Deum
687 573 937 643 opiﬁcem
985 573 1197 638 mundi,
1242 579 1432 642 surgat
1481 571 1745 626 continuo
1793 585 1950 625 sana.
1982 565 2047 621 Et

466 667 647 722 statim
685 675 748 721 ut
793 667 908 720 hate
957 665 1186 721 dixisset
1214 664 1430 731 Petrus,
1463 663 1662 717 mulier
1690 661 1929 718 surrexit
1955 675 2046 714 sa-

464 763 589 809 nata
615 764 668 808 et
694 754 929 824 procidit
957 756 1022 809 ad
1053 755 1217 825 pedes
1239 753 1406 820 Petri,
1431 762 1596 822 atque
1618 751 1850 806 amicam
1886 765 2044 806 suam

463 865 529 904 ac
561 849 886 904 familiarem
905 851 1150 904 osculata
1170 848 1598 918 percontabatur
1618 846 1752 917 quid
1779 845 1922 901 istud
1951 861 2045 900 es-

466 949 568 993 set.
601 941 669 994 At
701 940 791 994 illa
821 940 1055 994 breviter
1083 955 1246 995 omne
1270 939 1318 994 ei
1346 937 1736 1009 recognitionis
1765 937 2042 1006 negotium

464 1029 738 1098 exposuit,
769 1037 823 1085 et
855 1030 947 1100 qui
981 1029 1273 1084 audierunt
1304 1028 1665 1099 obstupefacti
1684 1037 1831 1083 sunt.
1858 1026 2040 1082 Tunc-

464 1136 572 1190 que
603 1130 777 1175 mater
805 1122 1073 1191 hospitem
1103 1132 1348 1176 curatam
1370 1121 1564 1176 videns
1584 1121 1814 1192 rogavit.
1836 1129 1894 1174 ut
1924 1121 2042 1189 ipsa

465 1228 686 1282 quoque
717 1212 1006 1266 sanitatem
1035 1213 1326 1282 acciperet.
1378 1213 1473 1268 llle
1524 1221 1704 1268 autem
1734 1227 1900 1267 manu
1937 1213 2044 1266 im-

465 1305 642 1375 posita
675 1303 848 1374 ipsam
879 1304 1043 1359 etiam
1075 1305 1309 1361 curavit.

534 1589 726 1646 XXIV.
769 1589 969 1660 Sicque
992 1599 1179 1660 postea
1205 1589 1402 1646 Petrus
1432 1591 1498 1647 de
1527 1590 1634 1646 Deo
1651 1591 1810 1646 aede
1836 1589 1928 1645 Dei
1953 1605 2040 1646 re-

2147 563 2323 635 κῆρυξ
2345 563 2455 634 ἐγὼ
2480 566 2752 635 τυγχάνω,
2775 570 2854 631 είς
2875 569 2973 639 τὴν
2991 568 3102 622 τῶν
3133 567 3498 640 παρεστώτων
3524 570 3726 633 πίστιν,

2149 655 2235 708 ἵνα
2288 655 2488 725 γνῶσιν
2536 657 2618 710 ὅτι
2667 653 2748 722 εἷς
2791 661 2906 712 ἐστι
2957 659 3110 724 Θεὸς,
3152 662 3181 712 6
3211 659 3303 714 τὸν
3335 659 3537 731 κόσμον
3567 663 3724 732 271

2146 745 2398 815 ποιήσας,
2423 744 2656 816 ἐξαυτῆς
2682 747 2960 818 ὲγερθήτω
2987 749 3164 818 ὑγιής.
3193 748 3300 802 Καὶ
3321 748 3436 820 ἅμα
3457 750 3537 821 τῷ
3555 753 3728 804 εἰπεῖν

2145 833 2349 906 Πέτρον
2380 835 2551 888 ταῦτα
2581 839 2614 907 ή
2648 836 2786 907 γυνὴ
2809 837 3016 909 ἠγέρθη
3046 833 3383 908 ὑγιασθεῖσα,
3407 842 3502 894 καὶ
3527 842 3606 914 τῷ
3627 844 3731 896 Πέ-

2141 939 2255 994 τρῳ
2281 925 2636 995 προσέπεσεν,
2662 927 2756 979 καὶ
2777 927 2873 998 τὴν
2898 927 3101 1000 συνήθη
3129 930 3288 1000 φίλην
3315 933 3730 1004 καταφιλήσασα

2143 1016 2469 1070 ἐπυνθάνετο
2494 1017 2546 1070 τί
2577 1017 2662 1088 εἴη
2694 1018 2870 1073 τοῦτο.
2890 1021 2952 1072 Ἦ
2975 1021 3033 1074 δὲ
3054 1020 3172 1074 ὅλον
3200 1023 3336 1094 αὐτῇ
3353 1023 3395 1054 ⁸⁸
3414 1024 3477 1076 τὸ
3501 1026 3730 1096 πρᾶγμα

2141 1106 2234 1159 τοῦ
2269 1109 2687 1180 ἀναγνωρισμοῦ
2723 1112 3006 1182 συντόμως
3032 1112 3348 1184 διηγήσατο,
3375 1116 3467 1168 καὶ
3489 1117 3538 1168 οἱ
3567 1116 3730 1169 ἀκού-

2143 1215 2331 1263 σαντες
2365 1201 2803 1273 κατεπλάγησαν.
2839 1204 2973 1256 Τότε
3014 1205 3108 1257 καὶ
3142 1207 3174 1274 ἡ
3208 1207 3409 1277 μήτηρ,
3448 1208 3547 1278 τὴν
3580 1207 3727 1272 ξενο-

2138 1288 2292 1360 δόχον
2352 1290 2779 1363 θεραπευθεῖσαν
2835 1294 3156 1367 θεωρήσασα
3176 1297 3241 1361 ιο,
3279 1298 3578 1368 παρεκάλει
3633 1299 3728 1351 καὶ

2138 1383 2275 1453 αὐτή
2297 1383 2490 1447 ἰάσεως
2520 1388 2722 1454 τυχεῖν.
2741 1386 2800 1439 Ὁ
2812 1385 2891 1453 δὲ,
2916 1385 3125 1450 ἐπιθεὶς
3156 1387 3256 1459 τὴν
3288 1391 3468 1460 χεῖρα,
3505 1391 3599 1441 καὶ
3627 1390 3726 1442 αὒ-

2139 1471 2239 1542 τὴν
2271 1472 2655 1544 ἐθεράπευσεν.

2211 1585 2405 1641 XXIV.
2448 1588 2556 1640 Καὶ
2587 1583 2688 1641 εἴθ’
2707 1587 2882 1652 οὕτως
2910 1591 2940 1642 6
2971 1589 3176 1660 Πέτρος
3203 1591 3333 1661 περὶ¹
3351 1590 3487 1645 θεοῦ
3511 1593 3724 1663 καὶτῆς

463 1682 666 1753 ligione
697 1699 1005 1737 sermonem
1038 1684 1228 1737 habuit
1257 1694 1310 1738 et
1337 1683 1390 1738 in
1424 1683 1530 1737 ﬁne
1558 1683 1802 1738 addidit:
1830 1682 1885 1736 Si
1913 1683 2038 1752 quis

2139 1677 2288 1748 αὐτῷ
2319 1677 2680 1749 διαφερούσης
2713 1678 3010 1749 θρησκείας
3043 1679 3330 1751 ὁμιλήσας,
3351 1682 3604 1753 προσθεὶς
3633 1683 3725 1734 ἐπὶ

464 1775 580 1828 hmc
605 1775 718 1828 vult
739 1774 1024 1845 diligenter
1046 1791 1396 1844 cognoseere,
1428 1775 1798 1841 Antiochiam,
1831 1776 1923 1830 ubi
1941 1791 2032 1844 per

2139 1769 2302 1835 τέλει,
2335 1771 2437 1822 ὅτιο
2465 1769 2532 1822 Εἴ
2553 1787 2637 1833 τις
2670 1769 2917 1840 βούλεται
2945 1771 3119 1825 ταῦτα
3145 1772 3388 1844 ἀκριϐῶς
3422 1772 3626 1844 μαθεῖν,
3645 1775 3724 1836 είς

463 1868 663 1921 multos
691 1867 807 1921 dies
836 1867 1074 1922 residere
1106 1870 1291 1935 statui,
1337 1870 1580 1932 veniens,
1610 1885 1733 1939 quae
1769 1869 1834 1924 ad
1884 1869 2036 1922 salum

464 1965 569 2010 tem
615 1973 770 2012 suam
815 1959 1086 2027 pertinent
1131 1959 1326 2014 discat.
1365 1958 1484 2015 Non
1523 1961 1692 2024 enim,
1721 1961 1814 2030 qui
1864 1977 2036 2028 nego-

463 2049 631 2103 tiandi
665 2062 759 2104 aut
790 2050 1059 2104 militandi
1090 2065 1256 2105 causa
1285 2051 1516 2120 patriam
1555 2053 1866 2122 relinquere
1891 2054 2036 2109 sole-

462 2140 531 2195 tis
573 2148 628 2194 et
657 2141 723 2195 ad
767 2141 886 2196 loca
932 2141 1160 2194 multum
1194 2141 1386 2196 dissita
1427 2143 1598 2207 a-bire,
1627 2152 1848 2213 propter
1874 2153 2034 2199 aeter-

460 2247 585 2286 nam
627 2233 855 2287 salutem
885 2233 966 2287 vel
1009 2232 1177 2286 trium
1207 2233 1420 2288 dierum
1447 2235 1551 2289 iter
1575 2236 1852 2306 suscipere
1884 2238 2037 2292 nole-

460 2324 550 2378 tis.
582 2321 768 2393 Itaque
793 2333 916 2394 post
947 2323 1088 2378 Petri
1146 2325 1469 2380 concionem
1503 2341 1603 2396 ego
1639 2327 1875 2394 mulieri,
1913 2344 2036 2398 qute
2068 2390 2074 2396 ,

459 2426 649 2472 sanata
681 2417 878 2480 fuerat,
912 2431 1096 2471 coram
1123 2417 1272 2470 omni
1309 2418 1514 2487 populo
1557 2419 1706 2474 mille
1745 2421 2035 2477 drachmas

459 2507 524 2561 ad
552 2507 754 2561 victum
801 2506 924 2562 dedi
972 2516 1025 2561 et
1073 2508 1451 2562 commendavi
1475 2524 1595 2564 eam
1630 2511 1846 2566 cuidam
1894 2512 2036 2570 bono

457 2599 598 2663 viro,
629 2598 890 2667 primario
917 2598 1124 2667 oppidi,
1148 2599 1241 2667 qui
1270 2610 1462 2668 sponte
1485 2601 1538 2654 id
1570 2615 1695 2656 Cum
1727 2603 1927 2672 gaudio
1953 2602 2036 2658 fa-

457 2707 582 2748 cere
607 2692 910 2762 proposuit.
945 2691 1050 2745 Sed
1080 2699 1135 2744 et
1157 2691 1279 2745 aliis
1310 2692 1494 2747 multis
1523 2693 1811 2762 pecuniam
1843 2695 2034 2750 distri~

459 2783 574 2848 hui,
595 2781 908 2853 gratiasque
929 2782 1014 2851 egi
1039 2781 1145 2836 illis
1169 2781 1510 2848 mulieribus,
1525 2799 1648 2853 qua:
1674 2786 1832 2840 matri
1859 2802 2036 2855 quon-

459 2876 584 2931 dam
636 2873 889 2928 solatium
938 2874 1284 2942 prtebuerant
1314 2892 1328 2927 :
1361 2883 1415 2929 et
1463 2883 1586 2945 post
1619 2877 1732 2932 htec
1766 2895 1873 2932 una
1905 2895 2030 2934 cum

462 2977 652 3032 matre,
682 2965 862 3032 Petro,
893 2965 1210 3035 ueterisque
1242 2965 1519 3022 sodalibus
1544 2968 1880 3024 Antaradum
1903 2985 2035 3025 ena-

461 3059 841 3130 vigavi,atque
864 3057 938 3113 ita
967 3055 1037 3111 ad
1068 3057 1368 3127 hospitium
1391 3059 1784 3128 processimus.

528 3236 698 3294 XXV.
736 3237 842 3294 Ubi
875 3255 1000 3294 cum
1029 3254 1274 3294 essemus
1299 3247 1354 3294 et
1379 3240 1809 3310 sumpsissemus
1850 3243 2032 3300 cibum

459 3345 524 3386 ac
549 3331 615 3386 de
643 3346 794 3387 more
825 3332 1029 3402 gratias
1056 3330 1382 3400 egissemus,
1414 3340 1579 3402 atque
1603 3335 1787 3390 adhuc
1818 3345 2032 3406 tempus

459 3431 790 3492 superesset,
817 3438 918 3494 ego
967 3421 1272 3489 dixi.Petro
1302 3443 1315 3478 :
1343 3421 1710 3482 Humanitatis
1737 3442 1899 3496 Opus,
1927 3430 2030 3484 do-

458 3517 608 3572 mine
645 3517 721 3570 mi
768 3515 948 3583 Petre,
986 3515 1236 3570 exercuit
1263 3531 1385 3570 mea
1411 3526 1608 3584 mater,
1639 3535 1763 3590 quae
1810 3519 2036 3590 hospita:

459 3611 707 3666 mulieris
743 3610 1023 3665 recordata
1050 3608 1232 3664 fuerit.
1259 3607 1563 3680 Respondit
1591 3610 1787 3668 Petrus
1815 3631 1828 3666 :
1860 3612 2032 3680 Itane,

459 3719 495 3760 ο
521 3704 793 3768 Clemens,
827 3719 952 3759 vere
981 3703 1331 3770 existimasti,
1366 3705 1724 3760 humanitatis
1765 3720 1903 3774 opus
1947 3705 2035 3762 fa-

458 3807 606 3854 ctum
639 3814 668 3853 a
716 3808 806 3852 tua
838 3797 1352 3868 genitrice,quando
1377 3798 1426 3852 ei
1455 3813 1577 3867 quae
1603 3798 1778 3868 ipsam
1805 3813 1872 3861 tu
1899 3814 2038 3853 nau-

460 3886 636 3959 fragio
658 3896 935 3958 receperat
961 3889 1191 3959 gratiam
1221 3890 1407 3944 retulit
1435 3907 1449 3943 :
1484 3905 1553 3945 an
1583 3898 1643 3944 ut
1677 3891 1836 3946 matri
1866 3891 2038 3961 pluri-

461 3993 612 4031 mum
642 3979 1051 4048 gratitlcareris,
1071 3979 1216 4036 hunc
1231 3979 1421 4034 dixisti
1443 3983 1790 4036 sermonem?
1809 3981 1865 4036 Si
1887 3983 2034 4037 cnim

462 4084 569 4124 non
606 4078 666 4124 ut
694 4085 807 4123 rem
833 4079 1042 4140 gratam
1071 4070 1300 4134 faceres,
1329 4073 1424 4128 sed
1452 4082 1512 4126 ut
1531 4073 1814 4126 veritatem
1846 4073 2038 4141 loqneo

462 4160 622 4225 reris,
659 4159 854 4216 eﬂ‘atus
879 4176 960 4226 es,
998 4162 1200 4218 videris
1233 4161 1368 4216 mihi
1403 4162 1652 4232 ignorare
1680 4177 1930 4231 qurenam
1966 4161 2038 4218 sit

462 4247 782 4317 magnitudo
805 4249 1182 4316 humanitatis,
1204 4266 1325 4320 qua:
1350 4259 1434 4304 est
1459 4265 1617 4304 amor
1640 4250 1696 4304 in
1716 4251 2035 4326 quemlibet,

459 4347 730 4408 quatenus
755 4340 1058 4407 hominem,
1091 4351 1146 4396 et
1175 4343 1382 4411 absque
1410 4341 1522 4396 ullo
1551 4342 1787 4396 naturali
1817 4341 2032 4397 aﬂ‘ectu.

2153 1863 2499 1934 Ἀντιόχειαν,
2521 1863 2655 1916 ὃπου
2686 1861 2945 1915 πλειόνων
2980 1864 3204 1936 ήμερῶν
3237 1865 3550 1935 περιμένειν
3574 1863 3723 1935 ἔκρι-

2139 1970 2224 2020 να,
2260 1954 2429 2008 ἐλθὼν
2463 1954 2533 2008 τὰ
2571 1954 2708 2024 πρὸς
2747 1955 2848 2026 τὴν
2881 1955 3047 2008 αὑτοῦ
3084 1957 3356 2029 σωτηρίαν
3392 1957 3718 2028 μανθανέτω.

2139 2048 2217 2100 Οὐ
2267 2046 2376 2118 γάρ
2415 2047 2478 2118 δὴ
2513 2047 2622 2099 ei"
2656 2048 2928 2120 ἐμπορίας
2956 2048 3118 2102 ἕνεκα
3149 2049 3182 2120 ἢ
3211 2050 3496 2119 στρατείας
3527 2049 3722 2119 πατρί-

2139 2139 2236 2202 δας
2279 2138 2714 2209 καταλιμπάνειν
2761 2140 2944 2194 οἴδατε
2977 2142 3070 2196 καὶ
3101 2142 3181 2204 είς
3218 2142 3458 2212 μακροὺς
3488 2141 3724 2212 ἀπέρχε-

2140 2230 2262 2283 σθαι
2307 2229 2525 2293 τόπους,
2556 2229 2646 2283 διὰ
2691 2229 2747 2282 δὲ
2773 2229 3017 2284 ιαίώνιον
3070 2226 3344 2303 σωτηρίαν
3398 2231 3529 2303 μηδὲ
3559 2233 3722 2304 τριῶν

2141 2321 2362 2393 ἡμερῶν
2412 2320 2529 2374 ὁδὸν
2573 2322 2901 2394 πορευθῆναι
2935 2322 3189 2395 θελήσετε
3212 2325 3276 2376 ’⁸.
3309 2324 3462 2376 Μετά
3497 2324 3595 2394 μὲν
3629 2321 3723 2377 οὖν

2137 2410 2236 2478 τὴν
2275 2410 2630 2480 προσομιλίαν
2663 2412 2870 2482 Πέτρου
2904 2411 3013 2481 ἐγὼ
3042 2415 3108 2484 τῇ
3144 2413 3461 2485 ὑγιασθείσῃ
3505 2416 3722 2481 γυναικὶ

2138 2498 2230 2550 ἐπὶ
2282 2500 2482 2562 παντὸς
2528 2499 2623 2553 τοῦ
2671 2499 2828 2571 δχλου
2874 2502 3051 2573 χιλίας
3099 2502 3346 2574 δραχμὰς
3391 2504 3472 2566 είς
3514 2503 3721 2574 τροφάς

2137 2589 2518 2662 ὲδωρησάμην,
2556 2592 2938 2663 παραθέμενος
2978 2593 3144 2664 αὐτὴν
3190 2592 3378 2663 ἀγαθῷ
3409 2611 3513 2646 τινι
3545 2593 3715 2664 ἀνδρὶ,

2139 2679 2340 2750 πρώτῳ
2383 2680 2485 2751 τῆς
2531 2683 2738 2746 πόλεως
2788 2683 2923 2748 ὄντι,
2958 2685 3115 2754 φύσει
3166 2683 3302 2754 μετά
3351 2686 3528 2755 χαρᾶς
3563 2685 3719 2743 τοῦτο

2137 2772 2310 2822 ποιεῖν
2339 2771 2858 2842 προῃρημένῳ.Ἔτι
2886 2773 2942 2826 δὲ
2971 2774 3065 2826 καὶ
3097 2773 3282 2836 ἄλλαις
3314 2773 3534 2838 πολλαῖς
3549 2775 3594 2805 ³³
3618 2775 3717 2844 ἀρ-

2135 2877 2300 2932 γυρια
2350 2861 2649 2933 διανείμας,
2682 2866 2804 2927 ταῖς
2849 2881 2979 2916 ποτε
3019 2866 3118 2936 τὴν
3149 2866 3358 2938 μητέρα
3391 2866 3714 2938 παραμυθη-

2139 2954 2399 3024 σαμέναις
2433 2955 2851 3027 εὐχαριστήσας,
2889 2957 3048 3026 272
3080 2957 3369 3012 διέπλευσα
3401 2960 3482 3021 εἰς
3525 2958 3714 3012 Ἀντά-

2060 3057 2104 3118 c
2139 3046 2317 3116 ραδον,
2352 3045 2468 3117 ἅμα
2514 3050 2578 3118 τῇ
2635 3049 2802 3120 μητρὶ
2847 3049 2939 3101 καὶ
2970 3049 3161 3120 Πέτρῳ
3208 3051 3302 3102 καὶ
3348 3053 3462 3114 τοῖς
3511 3051 3716 3114 λοιποῖς

2137 3137 2374 3210 ἑταίροις
2389 3139 2434 3169 ⁸³
2457 3155 2472 3169 °
2508 3139 2599 3192 καὶ
2631 3138 2804 3202 οὕτως
2829 3141 2910 3203 είς
2939 3141 3039 3212 τὴν
3067 3140 3246 3206 ξενίαν
3277 3141 3635 3212 ὡρμήσαμεν.

2209 3249 2375 3306 XXV.
2417 3251 2728 3322 Γενομένων
2760 3251 2816 3332 δὲ
2848 3252 3003 3323 ήμῶν
3025 3253 3070 3284 ⁸⁸
3106 3253 3199 3306 καὶ
3235 3254 3444 3325 τροφῆς
3487 3254 3718 3324 μεταλαα

2137 3341 2339 3396 δόντων
2371 3342 2464 3395 καὶ
2497 3341 2740 3412 συνήθως
2771 3343 3297 3414 εὐχαριστησάντων,
3331 3341 3410 3396 ἔτι
3444 3342 3593 3414 ὦρας
3623 3343 3716 3396 οῦ-

2137 3451 2259 3504 σης,
2292 3433 2426 3505 ἔφην
2458 3432 2568 3502 ἐγὼ
2599 3431 2679 3504 τῷ
2711 3432 2904 3504 Πέτρῳ
2940 3433 3505 3506 (59)·Φιλανθρωπίας
3534 3436 3714 3507 ἔργον,

2137 3525 2295 3596 κύριέ
2329 3542 2430 3596 μου
2463 3525 2656 3596 Πέτρε,
2691 3527 2725 3595 ή
2776 3526 2883 3597 ὲμὴ
2931 3526 3152 3597 ἐποίησε
3198 3527 3402 3599 μήτηρ,
3435 3527 3533 3598 τῆς
3575 3527 3719 3591 ξενο-

2135 3617 2290 3688 δόχου
2323 3617 2729 3688 ὑπομνησθεῖσα
2755 3616 3028 3684 γυναικός.
3054 3617 3164 3670 Καὶ
3192 3619 3221 3670 6
3243 3618 3456 3697 ,Πέτρος
3488 3619 3716 3690 ἀπεκρί-

2137 3723 2266 3760 νατο
2287 3702 2466 3777 "Apri
2496 3723 2580 3774 γε,
2609 3699 2655 3759 ὦ
2687 3705 2935 3777 Κλήμης,
2970 3706 3184 3778 ἀληθῶς
3215 3707 3499 3778 νενόμικας
3531 3709 3716 3778 φιλαν-

2139 3797 2382 3870 θρωπίας
2413 3798 2573 3869 ἔργον
2605 3797 2959 3867 πεποιηκέναι
2989 3797 3089 3868 τὴν
3133 3797 3230 3869 σὴν
3275 3801 3560 3863 τεκοῦσαν,
3597 3800 3714 3852 καθ’

2137 3886 2166 3942 6
2193 3888 2291 3958 τὴν
2315 3887 2423 3940 ἀπὸ
2450 3886 2709 3956 ναυαγίου
2721 3885 2767 3917 ³⁸
2795 3887 2967 3956 αὐτὴν
2994 3887 3398 3959 ὑποδεξαμένην
3423 3889 3714 3958 ἠμείψατο,

2137 3977 2171 4048 ἢ
2221 3978 2297 4040 ὡς
2349 3977 2519 4048 μητρὶ
2573 3976 2782 4048 μεγάλα
2801 3977 2846 4008 ’⁸
2878 3978 3231 4049 χαριζόμενος
3259 3978 3461 4049 ⁸τοῦτον
3493 3979 3716 4050 εἴρηκας

2136 4069 2228 4122 τὸν
2258 4069 2453 4138 λόγον;
2488 4070 2552 4122 Εἰ
2600 4069 2656 4123 δὲ
2687 4069 2785 4140 οὑχ
2817 4069 2892 4133 ὼς
2923 4070 3298 4141 χαριζόμενος,
3333 4071 3448 4124 ἀλλ’
3481 4073 3556 4134 ὼς
3581 4072 3712 4142 ἀλη-

2140 4161 2310 4217 θεύων
2341 4160 2495 4232 ἔφης,
2520 4161 2699 4225 ἔοικάς
2734 4179 2821 4232 μοι
2855 4162 3066 4229 ἀγνοεῖν
3097 4163 3150 4216 τί
3184 4163 3299 4215 ποτ’
3325 4162 3446 4214 ἐστὶ
3466 4164 3508 4192 ’⁷
3537 4163 3717 4231 φιλαν-

2141 4253 2386 4326 θρωπίας
2418 4253 2664 4324 μέγεθος,
2685 4255 2805 4324 ἥτις
2837 4254 2984 4306 ἐστὶν
3019 4257 3051 4324 ή
3083 4254 3209 4308 ἄνευ
3227 4252 3320 4306 τοῦ
3343 4253 3585 4323 φυσικῶς
3609 4253 3718 4306 πεί-

2142 4345 2323 4408 θοντος
2348 4386 2363 4410 ,
2393 4345 2484 4416 ή¹⁸
2535 4345 2671 4416 πρὸς
2703 4340 2812 4398 οἷον
2840 4345 3034 4416 δήποτε
3071 4344 3271 4416 στοργὴ
3293 4383 3307 4408 ,
3354 4344 3490 4397 καθὸ
3511 4344 3717 4416 ἄνθρω-

462 4429 568 4487 Sed
600 4448 701 4488 nec
739 4433 1030 4503 hospitem,
1069 4451 1190 4504 quae
1222 4444 1451 4488 matrem
1499 4443 1652 4489 tuam
1685 4449 1716 4488 e
1750 4434 2037 4502 naufragio

2141 4437 2242 4502 πός
2274 4440 2440 4491 ἐστιν.
2459 4437 2597 4490 Ἀλλ’
2629 4437 2749 4490 οὐδὲ
2775 4435 2872 4508 τὴν
2907 4435 3177 4506 ξενοδόχον
3208 4437 3306 4507 τὴν
3344 4437 3452 4489 ἀπὸ
3477 4453 3710 4507 ναυφρα-

460 4526 724 4595 suscepit,
756 4528 934 4581 ausim
965 4527 1250 4581 hominum
1294 4533 1568 4581 amantem
1598 4526 1889 4595 appellare.
1931 4525 2034 4581 Mi-

459 4617 756 4674 sericordia
787 4620 933 4674 enim
961 4627 1259 4684 commota,
1297 4620 1532 4690 impulsa
1565 4628 1651 4674 est
1689 4618 1758 4674 ad
1787 4619 1924 4674 bene
1954 4618 2035 4672 fa-

2143 4529 2263 4600 γίου
2293 4529 2700 4600 ἀποδεξαμένην
2715 4529 2760 4559 ³⁸
2792 4527 2889 4598 τὴν
2923 4527 3019 4598 σὴν
3049 4527 3310 4580 τεκοῦσαν
3346 4527 3499 4580 οῦπω
3529 4525 3716 4595 φιλάν-

2139 4619 2353 4691 θρωπον
2398 4619 2570 4671 εἰπεῖν
2597 4617 2797 4689 τολμῶ.
2816 4616 2935 4670 ⁹Υπ’
2967 4614 3116 4670 ἐλέου
3163 4615 3271 4689 γὰρ
3305 4614 3715 4681 κολακευθεῖσα,

1770 4796 2006 4852 ῩΑΠΙᾸΒ
2046 4795 2450 4853 LECTIONES.

535 4917 580 4948 “
612 4916 781 4986 αὐτῆς
825 4914 889 4970 0.
950 4917 1012 4986 ν¹⁹
1049 4915 1380 4986 ἱστορήσασα
1414 4913 1476 4968 C.
1551 4913 1598 4986 ’ἑ
1626 4911 1676 4964 εί
1702 4910 1907 4966 addidit
1930 4909 1968 4964 S
2016 4913 2083 4966 de
2097 4910 2445 4986 conjectura,
2477 4909 2532 4986 εί
2560 4907 2633 4986 γᾲ

1684 4999 1737 5051 p.
1775 4997 2066 5052 στρατειας
2096 4980 2260 5052 idem.
2322 4980 2369 5052 ξι
2399 4979 2474 5033 Ita
2486 4978 2772 5052 _S,_Oékst\f
2798 4987 3023 5052 uterque
3050 4978 3214 5052 "om;
3233 4978 3572 5052 (ξοιιηθέλεῖτε
3595 4978 3714 5052 (in...

463 4985 707 5040 Subinde
727 4984 1024 5057 ἑμπορείας
1055 4984 1118 5040 0.
1152 4984 1290 5057 Tum
1323 4985 1652 5057 στρατηγίας

465 5057 597 5126 Reg.
630 5047 1202 5180 804,’πρόθυμήσεσθε
1237 5047 1404 5124 Ερὶι.“
1475 5047 1729 5115 Τᾶλλοίς
1761 5047 1978 5113 πολλοῖς
1999 5051 2060 5104 C.
2137 5049 2287 5138 “‘lta
2311 5047 2355 5104 Ο
2399 5065 2450 5104 c.
2478 5047 2646 5118 Epit.,
2681 5047 2887 5150 ἑτέροις
2919 5047 2984 5102 C.

465 5127 615 5181 αὑτό.
690 5128 735 5160 ’⁸
768 5144 1016 5190 ναυφραγ
1041 5143 1103 5179 ου
1149 5126 1210 5181 C.
1319 5125 1366 5157 ¹⁶
1407 5123 1627 5190 μεγάλω
1655 5120 1720 5177 0.
1800 5123 1842 5154 ’⁷
1868 5120 1998 5173 ποτέ
2025 5122 2142 5173 ἐστι
2169 5123 2230 5175 (λ.
2307 5121 2353 5153 ⁸⁸
2373 5121 2407 5190 ἡ
2432 5135 2544 5174 om.
2573 5117 2637 5173 0.
2741 5119 2762 5149 ³
2825 5119 2984 5172 ὑποδε

1319 5125 1366 5157 ¹⁶
1407 5123 1627 5196 μεγάλω
1655 5120 1720 5177 0.

463 5127 615 5181 αὑτό.
690 5128 735 5160 ’⁸
768 5126 1103 5198 ναυφραγίου
1149 5126 1210 5181 C.

2714 4907 2776 4979 δή
2829 4907 2952 4964 cod.
2982 4907 3114 4984 Reg.
3145 4908 3251 4966 804
3272 4951 3288 4977 ,
3320 4912 3413 4984 Δείξ
3438 4913 3545 4984 γάρ
3571 4911 3716 4982 Epit.

3083 5051 3130 5081 ’⁸
3143 5042 3311 5114 {Epit
3341 5042 3493 5107 addit
3539 5052 3632 5104 ἐπὶ
3658 5051 3720 5103 τὸ

2825 5117 3232 5191 ὑποδεξαμένην
3263 5119 3327 5176 0.

1768 5282 2134 5341 VARIORUM
2171 5283 2400 5340 ΝΟΤᾸΞ.

543 5394 651 5468 (59)
693 5397 884 5468 Ἕςεην
923 5395 1039 5468 ἐγὼ
1082 5395 1167 5468 ,τῷ
1194 5395 1418 5468 Πέτρῳ.
1474 5395 1598 5452 Hzrc
1645 5397 1806 5468 verba
1852 5413 2026 5468 usque

465 5464 679 5520 ad'is'ta
735 5464 876 5521 ποῖα
913 5465 964 5519 δ’
1029 5467 1141 5520 οὐκ
1174 5467 1273 5535 ἦν,
1307 5468 1550 5522 citantur
1597 5483 1628 5522 a
1691 5467 1893 5524 Nicone
1925 5464 2041 5522 mo-

468 5535 646 5589 nacho
667 5535 956 5590 Palaestino
983 5537 1036 5590 in
1063 5535 1331 5592 Pandecte
1361 5539 1868 5593 interm-etationum
1904 5539 2045 5593 divi-

469 5606 1086 5674 ttorttmmandaloruut,
1110 5624 1276 5661 serm.
1300 5607 1371 5660 26
1391 5619 1442 5661 et
1466 5606 1555 5674 59,
1581 5624 1706 5663 cum
1731 5609 1834 5664 hoc
1859 5609 2040 5663 titulo:

2134 5414 2199 5454 ex
2228 5399 2404 5469 Opere
2432 5399 2580 5454 dicto
2620 5398 2961 5455 Clementlna.
3001 5398 3173 5456 Ornat
3199 5397 3719 5469 bibliotltecam_Re-

2145 5466 2291 5539 giam
2317 5469 2556 5539 Optimus
2582 5469 2736 5533 liber,
2760 5471 2850 5538 qui
2877 5470 3136 5524 collectus
3155 5481 3238 5524 est
3256 5486 3321 5524 ex
3352 5469 3552 5524 divinis
3572 5466 3720 5539 Seri-

2144 5535 2541 5611 pturisfsacris
2567 5535 2889 5606 canonihus,
2920 5539 3245 5611 testimoniis
3273 5551 3589 5611 sanctorum
3621 5535 3722 5589 Pa-

2146 5609 2312 5675 trum,
2350 5609 2583 5675 aliisqne
2624 5609 2988 5666 monumentis
3014 5609 3426 5676 ecclesiasticis,
3479 5624 3579 5663 nec
3608 5623 3717 5662 nou

473 5671 554 5726 τὰ
581 5673 924 5747 Κλημέντια,
983 5684 1036 5731 ct
1103 5675 1200 5728 Ἐκ
1254 5675 1362 5729 τῶν
1407 5671 1788 5748 Κλημεντίων,
1830 5679 1934 5736 hoc
1962 5687 2046 5736 est
2145 5671 2354 5751 legibus
2376 5671 2646 5734 civilibus.
2675 5676 2816 5742 ϐυτ.
