4084 6148
347 273 446 334 321

1457 260 1917 324 CLEMENTINA.
1951 292 2024 306 —
2049 255 2342 316 HOMILIA
2387 257 2498 314 XII.

3509 257 3620 314 33!

345 397 640 452 ἐπέπειστο
660 391 704 425 ³⁸
757 387 1035 462 εὐεργέτις
1079 384 1329 456 γενέσθαι
1379 384 1635 454 γυναικὸς
1684 385 1928 456 ναυαγίῳ

2040 377 2286 436 ciendum
2321 376 2533 432 mulieri
2563 373 2911 446 naufragium
2945 387 3144 445 passae,
3192 379 3354 427 natos
3383 369 3612 440 lugenti.

349 485 773 562 περιπεσούσης,
801 483 966 537 τέκνα
997 479 1320 551 πενθοῦσης,
1355 479 1531 550 ξένης,
1565 479 1796 551 γυμνῆς,
1835 495 1933 550 με-

352 581 670 655 μονωμένης
683 577 725 610 ³¹
761 575 854 629 καὶ
885 573 1088 645 σφόδρα
1119 573 1211 626 ἐπὶ
1241 575 1358 636 ταῖς
1393 574 1697 644 συμφοραῖς
1736 571 1932 640 ὀλοφυ-

352 673 606 747 ρομένης.
627 671 714 722 Ἑν
741 665 1028 726 τοσαύταις
1053 658 1146 716 οὖν
1168 662 1338 734 αὐτῆς
1363 665 1667 733 συμφοραῖς
1681 662 1724 692 ³³
1745 661 1932 732 οὔσης,

347 765 432 828 τίς
463 764 558 818 καὶ
589 758 798 815 ἀσεϐῶν
833 755 955 810 ίδὼν
989 756 1093 809 οὐκ
1119 752 1184 808 ἂν
1213 753 1640 825 ήλέησεν;’Ὧστε
1663 752 1816 808 οὐπω
1848 769 1935 821 φι-

349 854 482 908 λανθ
491 853 692 925 ρωπίας
702 847 862 920 273
879 847 1040 920 ἔργον
1061 848 1388 916 πεποιηκυῖα
1409 843 1651 913 φαίνεται
1665 844 1828 913 οὐδὲὴ
1851 843 1935 908 ξε-

350 946 563 1016 νοδόχος
591 942 746 1014 γυνὴ,
767 940 904 994 ἀλλά
936 940 1084 994 ὐπ’³³
1115 937 1264 990 ἐλέου
1292 936 1386 988 τοῦ
1417 937 1508 989 ἐπὶ
1545 935 1767 1006 μυρίαις
1793 951 1934 1004 συμ-

353 1039 545 1108 φοραῖς
571 1035 705 1106 πρὺς
725 1030 1046 1104 εὐεργεσίας
1078 1027 1408 1099 κεκινημένη
1432 1027 1500 1060 ³⁸·
1531 1027 1682 1096 πόσῳ
1709 1024 1934 1096 γε’μᾶλ-

351 1128 445 1181 λον
474 1128 508 1197 ἡ
535 1126 600 1195 σὴ
633 1123 889 1187 τεκοῦσα,
928 1121 1042 1192 βίου
1076 1120 1424 1190 εὐπορήσασα
1469 1119 1562 1170 καὶ
1609 1116 1763 1188 τὴν³⁸
1793 1115 1937 1181 ξενο-

349 1218 506 1288 δὸχον
525 1213 899 1287 ἀμειψαμένη,
926 1208 1332 1281 φιλανθρωπίας
1352 1209 1511 1280 ἔργον
1535 1208 1636 1261 οὐκ
1660 1208 1934 1278 ἐποίησεν,

351 1307 489 1362 ἀλλὰ
529 1305 740 1375 φιλίας;
775 1301 951 1372 Πολλὴ
1000 1301 1057 1354 δέ
1099 1297 1327 1370 διαφορά
1373 1297 1572 1368 μεταξὺ
1619 1297 1798 1366 φιλίας
1844 1297 1938 1350 καὶ

353 1397 776 1470 φιλανθρωπίας,
808 1396 888 1448 ὅτι
921 1396 953 1465 ἡ
990 1393 1090 1464 μὲν
1123 1391 1274 1462 φιλία
1306 1389 1366 1456 ἐξ
1395 1391 1627 1462 ἀμοιϐῆς
1655 1389 1881 1458 γίνεται,
1902 1392 1936 1461 ὴ

351 1493 410 1545 δὲ
449 1488 826 1562 φιλανθρωπία
865 1488 994 1541 ἄνευ
1039 1483 1134 1538 τοῦ
1174 1483 1418 1554 φυσικῶς
1449 1483 1726 1546 πείθοντος
1763 1482 1938 1536 πάντα

353 1580 655 1652 ἄνθρωπον,
689 1576 826 1631 καθὸ
869 1574 1154 1648 ἄνθρωπός
1191 1575 1327 1638 ἐστι,
1365 1572 1592 1642 φιλοῦσα
1638 1571 1935 1642 εὐεργετεῖ.

355 1674 417 1726 El
450 1672 546 1742 μὲν
574 1666 666 1723 οὖν
702 1672 735 1740 ἡ
772 1668 1040 1739 ἐλεήσασα
1067 1665 1338 1736 ξενοδόχον
1372 1664 1466 1717 καὶ
1495 1664 1724 1735 ἐχθροὺς
1753 1663 1941 1734 ἀδική-

2033 469 2352 542 peregrinae,
2389 468 2570 533 nudae,
2603 466 2898 533 destitutae,
2939 466 3281 536 multumque
3327 462 3614 518 calamita-

2033 573 2115 620 tes
2143 579 2272 618 suas
2297 561 2642 618 lamentanti.
2676 560 2736 616 In
2785 561 2951 616 tantis
3005 576 3134 630 ergo
3187 560 3613 615 adversitatibus

2032 662 2340 711 versantem
2371 653 2498 723 quis
2523 653 2734 714 videns,
2769 651 2933 706 etiam
2961 665 3028 704 ex
3059 650 3274 718 impiis,
3304 665 3412 704 non
3445 649 3613 705 mise-

2033 754 2186 802 ratus
2215 745 2448 801 fuisset?
2469 744 2655 810 Quare
2701 756 3047 812 nequaquam
3079 740 3437 795 humanitatis
3472 755 3611 810 opus

2033 852 2136 892 nec
2165 837 2364 891 mulier
2389 835 2607 904 hospita
2638 834 2852 889 videtur
2884 831 3182 903 peregisse,
3219 832 3312 886 sed
3350 832 3416 887 ad
3444 833 3611 887 bene-

2035 927 2341 983 faciendum
2381 934 2528 980 mota
2552 924 2724 981 fuisse
2753 924 3126 982 misericordia
3149 939 3214 977 ex
3239 923 3490 993 plurimis
3519 924 3614 977 ad-

2035 1019 2208 1077 versis
2237 1027 2378 1075 orta.
2409 1017 2628 1084 Quanto
2670 1017 2844 1088 magis
2889 1031 3087 1087 parens
3119 1024 3233 1082 tua,
3266 1016 3612 1070 facultatibus

2037 1112 2322 1168 abundans
2344 1120 2399 1165 et
2420 1111 2688 1181 hospitam
2711 1117 3082 1175 remunerata,
3113 1123 3221 1161 non
3256 1107 3615 1162 humanitatis

2036 1219 2177 1274 opus
2223 1202 2419 1267 eﬂ‘ecit,
2455 1217 2640 1256 verum
2676 1201 2959 1256 charitatis
2991 1217 3088 1256 seu
3125 1201 3416 1256 amicitiae?
3448 1200 3615 1254 Multa

2037 1295 2183 1350 enim
2208 1293 2497 1348 intercedit
2514 1293 2819 1347 differentia
2841 1293 2981 1348 inter
2998 1293 3320 1348 charitatem
3344 1302 3396 1347 et
3421 1294 3616 1348 Imma-

2038 1387 2284 1451 nitatem,
2319 1385 2447 1455 quia
2491 1385 2730 1440 Charitas
2785 1386 3007 1456 quidem
3063 1401 3129 1439 ex
3172 1386 3617 1440 remuneratione

2038 1489 2142 1544 est,
2159 1477 2469 1532 humanitas
2485 1491 2609 1532 vero
2631 1477 2838 1547 absque
2863 1477 2972 1532 ulla
2995 1477 3228 1532 naturali
3253 1478 3616 1546 propensione

2040 1571 2320 1624 hominem
2349 1585 2591 1634 omnem,
2623 1571 2753 1640 quia
2789 1570 2954 1625 homo
2980 1579 3086 1636 est,
3114 1569 3290 1640 diligit
3315 1586 3380 1625 ac
3411 1571 3615 1626 beneﬁ-

2040 1662 2141 1717 ciis
2173 1661 2358 1717 allicit.
2390 1661 2578 1732 Itaque
2605 1663 2651 1717 si
2674 1662 2896 1732 hospes,
2922 1678 3044 1733 quae
3068 1661 3288 1716 miserta
3317 1671 3420 1726 est,
3451 1663 3614 1717 etiam

357 1781 553 1827 σαντας
602 1761 822 1816 ἐλεοῦσα
841 1760 885 1791 ³⁸
919 1760 1195 1832 εὐεργετεῖ
1210 1759 1275 1823 ³⁷,
1308 1757 1685 1829 φιλάνθρωπος
1729 1755 1795 1808 ἂν
1830 1751 1898 1826 ἦν
1925 1753 1937 1767 ⁸

2046 1753 2232 1810 hostes
2261 1755 2402 1810 male
2451 1755 2518 1810 de
2568 1769 2634 1809 ea
2664 1755 2892 1808 meritos
2923 1755 3182 1810 miserata
3207 1754 3471 1809 beneficio
3499 1755 3616 1809 alli-

353 1857 406 1908 εἰ
432 1856 489 1908 δὲ
511 1855 555 1886 ³⁸
584 1854 672 1907 διά
700 1871 752 1906 τι
785 1852 913 1922 φίλη
943 1850 975 1922 ἢ
1006 1849 1192 1922 ἐχθρὰ,
1217 1849 1312 1904 καὶ
1339 1848 1427 1901 διά
1448 1866 1500 1901 τι
1523 1846 1692 1919 ἐχθρά
1719 1847 1752 1918 ἢ
1782 1846 1930 1916 φίλη,

354 1946 451 2017 ἡδο
479 1945 701 2013 τοιαύτη
728 1941 824 1996 τοῦ
853 1941 995 2004 τινὸς
1039 1940 1213 1994 αίτίου
1239 1939 1365 2011 φίλη
1394 1938 1542 1992 ἐστὶν
1573 1937 1607 2009 ἢ
1646 1935 1835 2009 ἐχθρὰ,
1869 1937 1932 1990 οὐ

353 2034 449 2088 τοῦ
479 2033 786 2106 ἀνθρώπου.

423 2209 618 2267 XXVI.
681 2208 853 2278 Κάγὼ
909 2206 1312 2280 ἀπεκρινάμηψ
1370 2203 1446 2259 Οὐ
1502 2203 1653 2258 δοκεῖ
1706 2219 1790 2257 σοι
1842 2200 1936 2257 οῦν

356 2303 736 2374 φιλάνθρωπος
793 2297 929 2354 εἶναι
995 2299 1100 2353 κᾶν
1141 2301 1175 2371 ἡ
1219 2297 1508 2368 ξενοδόχος,
1554 2294 1710 2366 ξένην
1742 2298 1807 2367 ἢν
1837 2297 1937 2349 οὐκ

359 2395 618 2466 ὴπίστατο
669 2394 1106 2464 εὐεργετήσασα;
1141 2391 1252 2444 Καὶ
1297 2393 1325 2444 6
1370 2389 1595 2461 Πέτρος·
1640 2389 1938 2460 Ἐλεήμονα

359 2485 458 2556 μὲν
505 2485 673 2554 αὐτὴν
721 2487 890 2536 εἰπεῖν
949 2483 1284 2554 ἐπίσταμαι,
1341 2477 1722 2550 φιλάνθρωπον
1765 2479 1821 2532 δέ
1874 2479 1934 2531 οὐ

356 2577 540 2648 τολμῶ
579 2575 780 2644 λέγειν,
812 2576 906 2630 ἅτε
946 2575 1009 2646 δὴ
1035 2573 1158 2627 οὐτε
1179 2573 1279 2647 τὴν
1309 2571 1575 2627 τεκοῦσαν
1606 2569 1931 2642 φιλότεκνον·

357 2669 449 2722 ὐπ’
481 2668 680 2722 ὠδίνων
712 2668 820 2740 γάρ
847 2668 942 2722 καὶ
973 2667 1280 2739 ἀνατροφῆς
1325 2665 1580 2739 στέργειν
1623 2663 1933 2718 πέπεισται.

368 2765 458 2828 Ὦς
501 2765 595 2818 καὶ
625 2766 653 2817 6
680 2765 817 2835 ἐρῶν
857 2765 962 2818 ὑπὸ
993 2764 1094 2835 τῆς
1139 2763 1431 2836 συνηθείας
1463 2762 1816 2818 κολακεύεται
1842 2761 1938 2815 καὶ

357 2855 520 2926 εὐνῆς
534 2855 599 2919 ⁸ο,
655 2856 750 2909 καὶ
792 2856 823 2918 6
855 2853 1007 2924 φίλος
1041 2851 1147 2907 ὑπὸ
1195 2854 1295 2925 τῆς
1319 2852 1578 2923 ἀμοιϐῆς,
1621 2849 1768 2904 οὕτω
1793 2852 1886 2904 καὶ
1909 2850 1937 2902 6

357 2945 522 2998 ἐλεῶν
547 2945 652 2999 ὑπὸ
687 2945 786 3018 τῆς
835 2946 1133 3017 συμφορᾶς.
1161 2944 1306 3016 Πλὴν
1327 2946 1491 3013 ἐγγὺς
1523 2946 1552 2998 6
1579 2943 1826 3015 ἐλεήμων
1859 2942 1938 3014 τῷ

359 3017 744 3109 φιλανθρώπῳ,
775 3038 857 3091 ὅτι
897 3037 1026 3091 ἄνευ
1060 3037 1151 3089 τοῦ
1178 3054 1229 3089 τι
1263 3035 1530 3108 θηρᾶσθαι
1563 3035 1746 3088 λαϐεῖν
1774 3033 1940 3107 274

360 3127 623 3182 πείθεται.
653 3127 800 3199 Πλὴν
820 3125 970 3180 οὐπω
994 3121 1372 3198 φιλάνθρωπός
1395 3127 1560 3180 ἐστιν.
1583 3124 1756 3195 Κάγὼ
1782 3125 1934 3198 ἔφην·
1967 3111 2008 3169 C
2043 3134 2326 3189 mentione

371 3217 497 3274 Ἐπὶ
540 3220 720 3283 ποίαις
760 3216 852 3274 οὖν
902 3220 1132 3292 πράξεσι
1166 3219 1543 3291 φιλάνθρωπος
1567 3217 1706 3272 εἶναί
1736 3236 1820 3281 τις
1851 3217 1942 3271 δύ-

361 3331 554 3377 ναται;
616 3314 724 3366 Καὶ
775 3312 804 3365 6
867 3312 1070 3383 Πέτρος
1117 3310 1465 3381 ἀπεκρίνατο·
1504 3309 1656 3363 Ἐπεὶ
1711 3307 1823 3380 ὁρῶ
1879 3323 1940 3361 σε

360 3403 676 3474 γλιχόμενον
735 3401 985 3465 ἀκοῦσαι,
1037 3400 1091 3453 τί
1150 3400 1270 3453 ποτ’
1318 3399 1493 3452 ἐστί⁴¹
1534 3397 1941 3469 φιλανθρωπίας

362 3497 540 3569 ἔργον,
574 3499 674 3551 οὐκ
709 3496 924 3568 ὀκνήσω
953 3494 1151 3564 λέγειν.
1195 3490 1580 3562 Φιλάνθρωπός
1612 3493 1758 3544 ἐστιν
1780 3492 1808 3544 6
1845 3489 1940 3544 καὶ

363 3588 588 3660 ἐχθροὺς
609 3585 929 3658 εὐεργετῶν.
970 3586 1087 3637 Ὀτι
1111 3583 1167 3636 δὲ
1192 3581 1362 3644 οὕτως
1404 3579 1535 3650 ἔχει,
1563 3580 1808 3634 ἄκουσον.
1843 3582 1938 3632 Φι-

363 3681 676 3756 λανθρωπία
699 3681 844 3734 ἐστὶν
868 3676 1249 3751 ἀρῤενόθηλυς,
1265 3669 1333 3746 ἦς
1349 3675 1411 3727 τὸ
1431 3673 1562 3745 θῆλυ
1584 3672 1746 3745 μέρος
1769 3675 1938 3740 ἐλεη-

361 3774 600 3843 μοσύνη
627 3771 863 3840 λέγεται,
883 3768 944 3821 τὺ
975 3767 1033 3821 δέ
1063 3767 1232 3838 ἄρρεν
1263 3764 1434 3835 αὐτῆς
1464 3762 1664 3832 ἀγάπη
1691 3763 1826 3834 πρὸς
1849 3763 1940 3816 τὸν

366 3863 591 3936 πλησίον
616 3863 945 3933 ὠνόμασται,
970 3858 1194 3925 πλησίον
1219 3856 1276 3910 δὲ
1298 3856 1394 3910 ἀνθ
1405 3853 1570 3927 ρώπῳ
1599 3855 1746 3907 ἐστὶν
1769 3856 1798 3908 6
1835 3855 1941 3918 πᾶς

368 3951 674 4022 ἅνθρωπος,
705 3951 802 4021 οὐχ
826 3950 855 4002 ὃ
881 3965 963 4012 τις
987 3945 1031 3979 ⁸¹
1059 3947 1156 3997 ἀνθ
1166 3961 1363 4016 ρωπος,
1391 3943 1488 3999 ἀνθ
1499 3961 1679 4016 ρωπος
1698 3942 1810 4016 γάρ
1831 3943 1949 3997 ἐστι

372 4047 464 4100 καὶ
490 4048 519 4099 6
561 4045 730 4108 κακὸς
759 4045 854 4098 καὶ
881 4046 911 4098 6
946 4042 1148 4112 ἀγαθὸς
1178 4041 1273 4095 καὶ
1300 4043 1330 4094 6
1358 4039 1550 4112 ἐχθρὸς
1585 4039 1680 4091 καὶ
1709 4039 1738 4090 6
1773 4036 1944 4106 φίελος.

370 4139 488 4210 Χρὴ
517 4134 611 4191 οὖν
649 4137 738 4190 τὸν
781 4134 1190 4206 φιλανθρωπίαν
1227 4133 1499 4188 ἀσκοῦντα
1544 4130 1786 4202 μιμητὴν
1808 4124 1948 4183 εἶναι

366 4225 460 4283 τοῦ
483 4228 641 4292 Θεοῦ,
662 4226 1054 4299 εὐεργετοῦντα
1073 4225 1313 4289 δικαίους
1334 4226 1426 4280 καὶ
1440 4224 1676 4288 ἀδίκους,
1693 4222 1769 4286 ὼς
1787 4221 1950 4285 αὐτὸς

367 4319 398 4370 6
419 4317 552 4380 Θεὸς
591 4318 754 4370 πᾶσιν
795 4317 852 4368 ἐν
883 4314 962 4386 τῷ
992 4313 1087 4368 νῦν
1119 4313 1307 4384 κόσμῳ
1325 4313 1418 4367 τόν
1439 4330 1499 4365 τε
1526 4312 1675 4383 ἥλιον
1697 4312 1792 4363 καὶ
1815 4311 1942 4373 τοὺς

371 4409 560 4472 ὑετοὺς
613 4408 775 4462 αὐτοῦ
821 4407 1072 4479 παρέχων
1088 4406 1154 4460 ⁸⁸.
1185 4407 1248 4458 El
1279 4405 1334 4459 δὲ
1361 4405 1534 4466 θέλεις
1559 4403 1795 4472 ἀγαθοὺς
1843 4402 1940 4474 μὲν

368 4504 692 4574 εὐεργετεῖν,
722 4500 922 4562 κακοὺς
945 4498 1001 4551 δὲ
1028 4497 1241 4568 μηκέτι,
1264 4497 1297 4569 ἢ
1331 4495 1427 4549 καὶ
1455 4492 1939 4564 κολάζειν,.κριτοῦ

365 4595 426 4648 τὸ
457 4595 615 4666 ἔργον
636 4592 894 4663 πράττειν
921 4592 1214 4662 ἐπιχειρεῖς
1229 4588 1293 4652 ⁸⁵,
1307 4589 1369 4641 οὐ
1396 4588 1460 4640 τὸ
1496 4587 1596 4657 τῆς
1633 4585 1938 4658 φιλανθρω-

369 4685 496 4748 πίας
525 4682 843 4747 σπουδάζεις
866 4681 1028 4754 ἔχειν.

2037 1856 2204 1912 ceret,
2232 1845 2470 1900 humana
2501 1855 2642 1900 esset
2675 1863 2688 1900 :
2722 1846 2806 1900 sin
2838 1861 2969 1900 vero
2997 1855 3218 1915 propter
3261 1844 3394 1916 quid
3434 1847 3612 1901 amica

2034 1946 2119 1991 est
2151 1935 2235 1990 vel
2268 1935 2489 1989 inimica
2519 1943 2574 1990 et
2602 1943 2824 2005 propter
2849 1933 2981 2006 quid
3009 1936 3230 1990 inimica
3277 1936 3364 1990 vel
3411 1937 3610 2002 amica,

2035 2029 2153 2084 haec
2181 2027 2415 2098 alicujus
2445 2027 2546 2094 rei,
2574 2043 2697 2097 quae
2737 2043 2902 2084 causa
2935 2028 3026 2096 sit,
3058 2028 3236 2083 amica
3281 2038 3364 2084 est
3395 2028 3479 2103 vel
3509 2029 3615 2084 ini-

2036 2123 2201 2186 mica,
2237 2138 2346 2176 non
2374 2131 2558 2176 autem
2584 2122 2846 2177 hominis.

2106 2211 2300 2267 XXVI.
2337 2211 2404 2267 Et
2446 2227 2546 2284 ego
2580 2213 2840 2282 respondi
2871 2231 2884 2267 :
2916 2211 3036 2267 Non
3073 2228 3205 2285 ergo
3246 2213 3342 2268 tibi
3387 2212 3606 2268 videtur
3700 2255 3710 2263 κ

2035 2322 2158 2362 esse
2208 2308 2446 2362 humana
2504 2307 2694 2362 saltem
2759 2307 2976 2377 hospes,
3007 2322 3130 2377 qua:
3173 2307 3227 2361 in
3271 2309 3613 2378 peregrinam

2037 2412 2202 2468 quam
2279 2412 2389 2452 non
2458 2404 2688 2451 noverat
2743 2395 3069 2452 beneficium
3133 2396 3402 2452 contulit?
3473 2395 3606 2452 Tutu

2037 2487 2421 2543 I'etrus:Eam
2454 2488 2674 2558 quidem
2712 2489 3120 2544 misericordem
3158 2489 3435 2559 appellare
3459 2489 3610 2554 novi,

2038 2581 2322 2635 hominum
2352 2589 2532 2636 autem
2567 2589 2840 2635 amantem
2865 2597 2975 2636 non
3003 2582 3177 2636 audeo
3206 2582 3408 2647 dicere,
3432 2597 3610 2652 quan-

2038 2671 2332 2741 doquidem
2364 2686 2468 2727 nec
2492 2680 2724 2726 matrem
2760 2681 3036 2727 amantem
3072 2672 3616 2743 liberorum,quippe

2037 2781 2158 2835 quae
2195 2780 2225 2818 a
2267 2773 2460 2834 partus
2502 2765 2789 2819 doloribus
2833 2772 2887 2818 et
2935 2765 3004 2820 ab
3032 2766 3359 2820 educatione
3389 2765 3459 2820 ad
3492 2766 3614 2820 dili-

2038 2855 2272 2927 gendum
2327 2856 2607 2927 compulsa
2659 2856 2752 2912 sit.
2807 2855 2943 2910 Nam
2993 2857 3139 2912 sicut
3202 2858 3316 2928 qui,
3360 2857 3616 2928 cupidine

2045 2946 2436 3014 inflammatur,
2473 2963 2504 3002 a
2562 2948 2962 3003 consuetudine
3011 2952 3284 3003 mulcetur
3316 2957 3370 3003 et
3415 2965 3618 3003 concu-

2040 3038 2178 3102 bitu,
2208 3040 2301 3111 qui
2335 3055 2524 3095 amore
2555 3055 2650 3095 seu
2686 3041 2930 3095 amicitia
2958 3042 3332 3111 prosequitur,
3359 3056 3390 3094 a
3429 3056 3614 3096 remu-

2377 3152 2393 3188 :
2445 3134 2522 3189 ita
2567 3142 2621 3188 et
2674 3135 2768 3204 qui
2831 3136 3143 3202 miseretur,
3199 3150 3230 3189 a
3284 3136 3612 3191 calamitate.

2040 3226 2295 3280 Attamen
2344 3225 2661 3282 misericors
2695 3228 2935 3282 humano
2975 3228 3191 3284 vicinus
3217 3237 3320 3292 est,
3352 3229 3614 3297 quoniam

2041 3318 2253 3385 absque
2305 3318 2554 3374 muneris
2605 3318 2773 3374 ullius
2807 3319 3118 3388 captatione
3151 3320 3217 3374 ad
3248 3321 3615 3389 prmstandum

2041 3406 2362 3462 beneﬁcium
2398 3406 2590 3464 fertur.
2620 3406 2872 3463 Nondum
2909 3417 3090 3463 tamen
3121 3408 3398 3464 humanus
3428 3418 3531 3464 est.
3553 3409 3619 3464 Et

2039 3519 2140 3574 ego
2187 3502 2300 3556 dixi
2336 3521 2350 3556 :
2384 3501 2466 3556 Ob
2500 3518 2640 3573 quas
2691 3502 2858 3572 igitur
2892 3503 3136 3557 actiones
3166 3503 3440 3559 humanus
3491 3505 3618 3574 quis

2039 3609 2161 3649 esse
2201 3594 2413 3664 potest?
2439 3591 2739 3663 Respondit
2779 3591 2976 3648 Petrus
3014 3610 3028 3646 :
3064 3591 3203 3659 Quia
3233 3593 3393 3648 video
3431 3602 3484 3649 te
3512 3611 3615 3650 cu-

2041 3686 2230 3756 pidum
2259 3685 2538 3751 audiendi,
2567 3685 2844 3756 quodnam
2877 3686 2950 3740 sit
2975 3685 3334 3742 humanitatis
3355 3685 3615 3753 oﬂicium,

2041 3790 2150 3829 non
2201 3775 2406 3852 pigebit
2466 3775 2671 3830 dicere.
2711 3773 2997 3830 Humanus
3019 3782 3126 3839 est,
3161 3774 3456 3844 quietiam
3507 3777 3615 3830 iui-

2041 3865 2204 3920 micis
2260 3866 2401 3921 bene
2454 3865 2604 3922 facit.
2654 3866 2810 3932 Quod
2865 3877 3044 3922 autem
3103 3867 3179 3922 ita
3225 3867 3442 3934 habeat,
3466 3869 3614 3925 audi.

2040 3951 2362 4010 Humanitas
2395 3965 2476 4012 est
2505 3954 2977 4021 masculofemina,
3014 3953 3171 4024 cujus
3206 3953 3442 4008 feminea
3488 3971 3618 4024 pars

2041 4045 2415 4102 misericordia
2461 4047 2680 4112 dicitur,
2711 4046 2857 4116 quod
2890 4059 3020 4100 vero
3055 4045 3108 4098 in
3145 4045 3235 4098 illa
3288 4053 3372 4115 est
3402 4061 3618 4100 mascu—

2041 4137 2178 4203 lum,
2204 4137 2424 4192 dilectio
2455 4153 2583 4208 erga
2614 4138 2924 4208 proximum
2966 4136 3300 4202 nominatur,
3333 4135 3618 4204 proximus

2043 4240 2224 4286 autem
2254 4231 2467 4285 homini
2491 4240 2576 4286 est
2596 4231 2826 4302 quilibet
2866 4230 3126 4295 bomo,et
3157 4245 3266 4283 non
3295 4228 3383 4283 hic
3406 4229 3490 4282 vel
3517 4229 3619 4284 iste

2043 4323 2238 4390 homo;
2266 4322 2433 4378 homo
2457 4324 2600 4378 enim
2624 4331 2900 4378 est-etiam
2934 4322 3114 4376 malus
3148 4329 3204 4375 et
3222 4321 3422 4386 bonus,
3442 4320 3616 4375 hostis

2043 4415 2247 4484 pariter
2274 4430 2339 4470 ac
2367 4403 2598 4470 amicus.
2633 4413 2860 4485 Oportet
2891 4429 3023 4484 ergo
3055 4428 3180 4467 eum
3219 4412 3310 4483 qui
3355 4411 3615 4466 humani-

2047 4513 2212 4559 tatem
2243 4502 2391 4571 colit,
2423 4507 2752 4561 imitatorem
2789 4505 2882 4560 Dei
2911 4520 3054 4571 esse,
3080 4512 3136 4560 et
3162 4505 3228 4558 de
3255 4503 3421 4574 justis
3453 4513 3616 4573 atque

2043 4591 2266 4662 iniustis
2296 4595 2434 4651 bene
2457 4597 2676 4662 mereri,
2718 4596 2864 4654 sicut
2890 4595 3006 4665 ipse
3027 4595 3171 4651 Deus
3199 4595 3410 4650 cunctis
3433 4594 3486 4648 in
3511 4595 3616 4648 hoc

2049 4684 2254 4739 mundo
2285 4687 2453 4741 solem
2473 4688 2787 4759 imbresque
2811 4702 2942 4742 suos
2970 4688 3192 4757 praebet.
3219 4685 3374 4752 Quod
3406 4686 3453 4740 si
3481 4686 3615 4741 velis

370 4777 528 4831 bonis
561 4776 776 4846 quidem
834 4775 1176 4840 benefacere,
1226 4787 1336 4827 non
1388 4781 1571 4828 autem
1619 4770 1800 4837 malis,
1872 4771 1957 4825 vel
2022 4773 2123 4832 hos
2173 4778 2388 4848 punire,
2425 4778 2632 4849 judicis
2687 4795 2888 4836 munus
2955 4779 3180 4848 implere
3232 4779 3442 4844 niteris,
3503 4794 3612 4834 non

366 4885 496 4925 vero
528 4871 724 4924 habere
754 4870 1149 4925 humanitatem
1173 4868 1414 4924 conaris.

440 4958 650 5014 XXVII.
702 4960 870 5029 Κάγὼ
894 4961 1047 5032 ἔφην·
1084 4956 1235 5031 Ἀρά
1276 4974 1338 5026 γε
1363 4959 1458 5012 καὶ
1489 4959 1518 5011 6
1549 4957 1701 5022 Θεὸς,
1732 4958 1942 5029 μέλλων

367 5052 500 5106 ποτὲ
516 5051 562 5084 ⁸⁵
590 5051 814 5125 κρίνειν,
838 5052 915 5116 ὡς
950 5045 1222 5115 διδάσκεις
1247 5051 1394 5123 ἡμᾶς
1408 5051 1455 5081 ⁸⁸
1480 5090 1496 5116 ,
1523 5051 1587 5103 οὐ
1628 5050 1940 5124 φιλάνθρω-

2114 4958 2330 5016 XXVII.
2366 4961 2433 5016 Et
2491 4978 2591 5033 ego
2625 4962 2736 5016 dixi
2767 4981 2779 5015 :
2805 4960 2975 5031 Igitur
3001 4960 3166 5028 Deus,
3194 4963 3288 5032 qui
3318 4962 3613 5032 aliquando

2040 5053 2386 5122 judicaturus
2429 5062 2534 5117 est,
2570 5063 2629 5107 ut
2659 5067 2761 5108 nos
2807 5052 2990 5119 doces,
3027 5068 3137 5107 non
3171 5063 3255 5109 est
3305 5054 3615 5110 humanus?

1682 5206 1919 5263 VARIIE
1958 5206 2360 5262 LECTIONES.

446 5325 491 5358 ’°
514 5319 861 5402 πέπειστορ,
892 5321 1003 5402 qui,
1031 5321 1260 5402 subinde
1297 5338 1406 5378 scr.
1429 5323 1741 5402 εὐεργέτης.
1785 5322 1922 5376 Tum
1955 5321 2284 5402 ναυφραγίῳ.
2305 5319 2365 5402 Ο..
2391 5316 2488 5402 ﬂ“
2515 5315 2888 5402 μεμονομέχης
3050 5317 3259 5402 "avoc.
3284 5317 3615 5402 ὀλοφυρομέ-

368 5414 466 5468 νης
521 5398 610 5450 Ἐν
636 5388 926 5460 τοσαύταις
944 5388 1037 5445 οῦν
1067 5394 1238 5464 αὐτῆς
1261 5388 1694 5465 συμφοραῖ’ςίιοὴ
1719 5402 1934 5448 exstant
1961 5393 2013 5444 in
2050 5388 2114 5444 Ο.
2189 5388 2355 5442 ³³’ὐπ“
2388 5388 2452 5444 Ο.
2479 5388 2530 5444 c.
2557 5390 2615 5450 ὃ,
2647 5388 2752 5440 ὐπό
2783 5388 2842 5441 C.
2907 5389 2951 5422 ³⁸
2976 5388 3051 5442 Ita
3081 5388 3220 5456 Epit.
3240 5389 3564 5512 _xsxtvqgév<

368 5469 430 5515 (ἶ.
465 5463 827 5515 κεκινημένης
847 5460 911 5515 0.
1009 5465 1053 5496 ³⁵
1085 5467 1183 5515 τήν
1213 5463 1556 5515 praetermisit
1585 5462 1624 5515 S
1675 5480 1724 5515 c.
1760 5464 1840 5515 Cl.
1917 5463 1964 5499 ³⁸
1993 5459 2197 5514 ἐλεῶσα
2222 5459 2284 5515 C.
2360 5460 2402 5492 ³⁷
2434 5457 2710 5515 εὐεργέτει
2744 5455 2801 5509 S.
2868 5455 2923 5488 ³⁸
2957 5459 3005 5509 εί
3047 5458 3103 5510 δέ
3150 5455 3325 5515 Emt..
3359 5461 3408 5512 εἰ
3472 5459 3502 5515 ἠ
3525 5462 3564 5514 C

367 5473 430 5528 Cv
465 5473 827 5535 κεκινημένης
847 5473 911 5515 U-
1009 5473 1053 5496 "
1085 5473 1183 5536 τήν
1211 5473 1556 5532 praetermisit
1585 5473 1624 5518 δ
1675 5480 1724 5518 c.
1760 5473 1840 5518 ω.
1917 5473 1964 5499 ³⁵
1993 5473 2197 5514 ελεωσα
2222 5473 2284 5515 υ.
2360 5473 2398 5492 ⁸³
2434 5473 2710 5529 εὐεργετει
2744 5473 2801 5509 δ.
2868 5473 2923 5488 --σ
2957 5473 3005 5509 ει
3047 5473 3103 5510 οε
3150 5473 3325 5526 ειμι,
3359 5476 3408 5512 ει
3439 5473 3502 5530 οη
3525 5473 3564 5514 υ
3589 5499 3610 5525 ν

367 5537 402 5607 ἢ
431 5537 487 5590 δέ
509 5535 574 5591 Ο.
598 5535 640 5607 Τ
649 5550 736 5589 um
766 5532 898 5607 διᾴτι
925 5548 977 5600 p.
1011 5533 1099 5607 διά
1129 5532 1580 5607 et__Epit.,_quod_
1609 5533 2022 5607 praeferendum.
2100 5532 2162 5607 {9”
2182 5531 2517 5607 unassumpsi
2545 5524 2704 5607 ex‘Q.
2783 5526 2827 5557 ‘°
2855 5523 2918 5607 In
2951 5525 3015 5582 Ο.
3056 5529 3381 5607 expungitur
3402 5530 3459 5582 ἐν
3487 5543 3610 5584 ante

703 5463 827 5532 ένης
847 5460 911 5515 0.

367 5462 434 5528 (Ζ,
465 5462 911 5536 κεκινημένης-Ο.
1009 5465 1053 5536 ξ’
1079 5462 1624 5536 Ατήνίῃαεῐειίιιίεἰῐίὸ
1675 5464 1840 5536 c._Cl.

367 5599 546 5674 ε’ὐνῆς.
623 5605 666 5638 δι
710 5603 839 5656 ποτέ
866 5599 1012 5674 ἐστιν
1045 5604 1105 5656 C.
1181 5604 1224 5633 δ’
1257 5599 1337 5657 ὃτι
1365 5599 1456 5667 εἷς’
1479 5621 1531 5674 ρ.
1555 5599 1666 5667 ὅτίς
1702 5605 1762 5658 C.

2388 5387 2452 5444 0.
2479 5386 2530 5444 εξ
2557 5386 2619 5458 S,
2647 5387 2842 5458 ὑπό-ϐ.
2882 5389 2951 5458 Α
2976 5386 3051 5442 Ita
3081 5386 3220 5458 Epit.
3241 5386 3612 5458 ,κεκινημένου

2182 5523 2704 5600 ἡγμεεευιιιρεὶἐΧ-Ο.
2783 5526 2827 5557 δ⁰
2856 5523 2918 5600 In
2951 5525 3015 5582 0.
3056 5523 3381 5598 expungitur
3402 5530 3459 5582 ἐν
3487 5523 3612 5584 ante

1839 5603 1886 5634 “
1914 5601 2164 5656 Nonnulli
2204 5596 2471 5670 Epitomés
2536 5596 2956 5670 codd._1:apéxat
2997 5608 3054 5652 ut
3104 5596 3384 5666 legendum
3426 5613 3612 5655 censet

370 5677 434 5732 D.
473 5665 610 5732 Tum
655 5675 814 5750 θέλῃς
845 5675 907 5732 C.
983 5672 1032 5708 “
1055 5674 1348 5744 ἐπιχειρεῖς
1391 5665 1659 5746 πρᾶττειν
1681 5673 1741 5731 C.
1837 5674 1882 5708 “
1906 5671 1984 5729 Ita
2007 5670 2146 5741 Epit.
2173 5665 2263 5738 95,
2285 5671 2408 5724 τότε
2429 5678 2656 5740 uterque
2682 5665 2840 5723 Hom.
2869 5677 2993 5726 cod.
3068 5675 3114 5708 “
3149 5665 3294 5742 ἡμᾶς
3331 5685 3443 5726 om.
3469 5671 3535 5727 0.
