4082 6160
451 305 560 362 325

1330 307 1390 364 S.
1419 306 1812 366 CLEMENTIS
1842 310 1864 364 l
1903 307 2070 367 ROM.
2100 311 2302 368 PONT.
2343 311 2574 370 OPERA
2610 316 2838 375 DUBIA.

3617 327 3726 392 524

454 421 532 473 Ac
550 417 743 474 Petrus
768 415 1109 488 :.Pugnantia
1129 417 1398 488 loqueris.
1414 417 1550 473 Nam
1579 421 1709 490 quia
1735 421 2020 491 iudicabit,

2135 424 2236 488 πός
2286 427 2464 492 ὲστιν;
2502 428 2613 481 Kal.
2653 431 2682 483 6
2713 430 2937 504 Πέτρος·
2969 437 3293 493 Τούναντίον
3324 440 3522 512 λέγεις.
3565 443 3726 503 Ἐπεὶ

455 511 580 566 ideo
611 511 886 564 humanus
921 518 1025 564 est.
1068 508 1310 580 Diligens
1341 511 1486 565 enim
1523 526 1588 566 ac
1623 513 1916 568 miseratus
1949 513 2020 568 in-

2133 515 2243 588 γάρ
2276 518 2531 589 κρινεῖ⁸⁷,
2567 519 2656 574 διὰ
2698 522 2858 578 τοῦτο
2912 527 3296 602 φιλάνθρωπός
3340 508 3506 590 ἐστιν.
3548 537 3725 592 ⁴ἰ>ιλῶν

447 601 596 672 iuria
639 600 887 662 aﬂ'cetos,
915 600 1102 670 pleclit
1131 615 1227 654 eos
1262 601 1357 671 qui
1386 601 1646 670 iniuriam
1703 603 2028 660 intulerunt.

452 690 518 746 Et
563 707 710 761 ego:
751 689 973 761 Itaque,
1026 691 1270 762 inquam,
1308 693 1354 747 si
1409 692 1525 762 ipse
1583 691 1744 750 bonis
1803 694 2029 751 benefa-

2133 604 2242 698 γάρ
2293 608 2388 661 καὶ⁸
2436 606 2601 662 ἐλεῶν
2650 613 2776 677 τοὺς
2821 616 3207 689 ἠδικημένους,
3255 626 3554 698 τιμωρεῖδθ
3594 631 3726 696 τοὺς

2131 697 2487 790 ἠδικηκότας.
2529 701 2701 772 Κάγὼ
2732 705 2887 778 ἔφην’
2940 711 3055 764 Οὐκ
3086 710 3199 779 οὖν,
3225 717 3273 768 εί
3306 717 3462 787 κάγὼ
3485 720 3725 790 ἀγαθοὺς

451 785 538 838 cio
569 793 624 839 et
659 784 957 854 iniuriosus
986 785 1116 853 quia
1152 784 1339 854 iniurii
1373 799 1498 854 erga
1522 785 1772 841 homines
1809 786 2020 843 luerunl

2134 789 2233 884 μὲν
2263 790 2560 862 εὐεργετῶ,
2589 797 2716 860 τοὺς
2756 797 2815 851 δὲ
2847 799 3166 869 ἀδικοῦντας
3191 807 3312 861 καθ’
3345 809 3374 862 6
3393 784 3724 884 amplam,-

450 877 684 947 castigo,
724 876 998 928 humanus
1050 891 1195 929 sum.
1248 874 1315 929 Et
1347 874 1542 931 Petrus
1607 879 1931 947 respondit:
1970 877 2029 934 Si

450 982 558 1020 una
609 981 734 1020 cum
786 966 1124 1036 pmnotione
1179 966 1408 1020 haberes
1463 983 1684 1037 quoque
1742 967 2026 1037 iudicandi

449 1065 772 1126 potestatem
819 1067 967 1111 recte
1011 1057 1064 1110 id
1102 1056 1330 1124 faceres,
1365 1072 1462 1126 per
1489 1069 1765 1128 acceptam
1806 1059 2025 1129 quidem

448 1157 793 1217 potestatem,
815 1149 1186 1204 condemnans
1207 1164 1301 1204 eos
1330 1165 1472 1220 quos
1506 1150 1652 1206 Deus
1681 1151 1911 1216 creavit,
1931 1167 2028 1220 per

447 1241 841 1309 praenotionem
896 1256 1050 1305 vero,
1091 1241 1386 1310 inculpate,
1444 1242 1498 1296 in
1556 1242 1854 1312 iudicando
1911 1251 2024 1297 tum

445 1334 583 1387 alios
617 1343 879 1402 tanquam
913 1332 1096 1402 iustos
1124 1334 1438 1398 absolvens,
1459 1344 1572 1389 tum
1604 1334 1741 1389 alios
1762 1343 2023 1404 tanquam

445 1426 678 1494 iniustos
723 1426 1012 1480 damnans.
1067 1424 1134 1479 Et
1175 1440 1277 1494 ego
1324 1426 1435 1480 dixi
1473 1444 1486 1481 :
1530 1425 1695 1480 Recte
1723 1427 1938 1482 locutus
1964 1442 2024 1482 es

443 1535 508 1574 ac
533 1534 688 1584 vere;
719 1518 835 1572 lieri
867 1519 1012 1574 enim
1041 1520 1248 1588 nequit,
1277 1528 1336 1573 ut
1361 1520 1453 1590 qui
1494 1520 1830 1590 praenotione
1851 1528 2021 1586 caret,

442 1618 591 1662 recte
640 1607 871 1678 iudicet.
916 1606 1194 1662 interdum
1245 1610 1447 1679 quippe
1490 1609 1740 1664 nonnulli
1773 1611 2025 1666 videntur

444 1699 594 1764 boni,
643 1700 737 1770 qui
793 1699 980 1755 illicita
1023 1700 1164 1754 clam
1218 1709 1552 1770 perpetrant,
1592 1702 1841 1756 nonnulli
1891 1719 2022 1758 vero

2132 880 2396 953 ἠδίκησαν
2427 886 2676 958 τιμωρῶ,
2724 888 2886 961 275
2921 892 3303 969 φιλάνθρωπός
3342 880 3645 973 είμιξΚαὶ
3693 911 3722 962 6

2131 973 2357 1071 Ilé'rpog-
2395 975 2747 1049 ἀπεκρίνατο·
2801 983 2864 1036 El
2919 988 3057 1057 μετά
3108 989 3204 1044 τοῦ
3252 993 3559 1064 πρόγνωσιν
3607 999 3719 1071 (40)

2127 1063 2273 1135 ἔχειν
2304 1062 2448 1138 εἶχες
2471 1070 2566 1123 καὶ
2596 1071 2694 1124 τοῦ
2720 1075 2927 1146 κρίνειν
2954 1078 3223 1149 ἐξουσίαν,
3251 1085 3427 1157 ὀρθῶς
3452 1086 3518 1140 ἂν
3561 1062 3720 1143 τοῦτο

2127 1157 2350 1225 ἐποίεις,
2377 1159 2465 1214 διὰ
2499 1162 2599 1233 μὲν
2621 1163 2682 1217 τὸ
2707 1165 2984 1240 εἰληφέναι
3011 1172 3108 1244 τὴν
3133 1174 3380 1242 ἐξουσίαν
3420 1181 3718 1236 καταδικά-

2127 1246 2236 1312 ζων
2259 1249 2355 1314 οὓς
2389 1253 2417 1305 ὁ
2451 1252 2584 1318 Θεὸς
2611 1255 3031 1332 ἐδημιούργησε,
3065 1262 3154 1317 διά
3184 1265 3241 1318 δὲ
3270 1266 3369 1339 τὴν
3405 1269 3716 1339 πρόγνωσιν

2125 1340 2440 1408 ἀπταίστως
2463 1345 2523 1399 ὲν
2541 1347 2618 1419 τῷ
2643 1348 2848 1421 κρίνειν
2876 1351 2970 1416 οὓς
2997 1354 3095 1425 μὲν
3120 1356 3196 1422 ὡς
3210 1359 3452 1425 δικαίους
3466 1362 3713 1430 δικαιῶν,

2123 1431 2220 1526 οὓς
2239 1435 2296 1488 δὲ
2322 1435 2399 1501 ὡς
2429 1437 2649 1506 ἀδίκους
2687 1443 3089 1510 καταδικάζων.
3119 1449 3292 1520 Κάγὼ
3317 1451 3474 1524 ἔφην·
3511 1455 3717 1526 Ὀρθῶς

2124 1525 2262 1599 ἔφης
2293 1530 2387 1583 καὶ
2419 1532 2655 1605 ἀληθῶς·
2695 1535 2953 1592 ἀδύνατον
2992 1539 3102 1613 γάρ
3131 1559 3251 1596 τινα
3277 1525 3584 1616 πρόγνωσιν
3616 1551 3717 1605 οὐκ

2124 1617 2314 1689 ἔχοντα
2362 1621 2538 1694 ὀρθῶς
2588 1627 2791 1697 κρῖναι.
2841 1625 3042 1684 Ἐνίοτε
3078 1630 3187 1702 γάρ
3256 1634 3534 1702 φαίνονταί
3571 1655 3716 1703 τινες

2125 1712 2340 1782 ἀγαθοὶ,
2395 1715 2626 1788 ἀθέμιτα
2687 1721 2872 1793 κρύφα
2919 1723 3418 1798 διαπρασσόμενοι,
3471 1730 3600 1786 ἔνιοι
3652 1731 3714 1786 δὲ

442 1790 573 1845 boni
601 1791 840 1846 hostium
865 1792 1141 1846 calumnia
1171 1793 1297 1847 mali
1331 1808 1453 1848 esse
1480 1795 1799 1849 creduntur.
1837 1795 1942 1851 Sed
1967 1806 2020 1852 et

2121 1781 2316 1876 ἀγαθοὶ
2352 1808 2458 1864 ὑπὸ
2488 1781 2746 1883 διαϐολῆς
2771 1781 2982 1888 ὲγθρῶν
3037 1781 3199 1872 κακοὶ
3233 1781 3715 1896 ⁸ιῖδπολίιμθανόμεῖ-

443 1882 488 1938 si
518 1883 644 1953 quis
680 1893 946 1954 potestate
974 1885 1264 1955 torquendi
1302 1885 1564 1955 pragditus
1583 1886 1812 1956 iudicet,
1844 1904 2020 1958 neque

441 1975 522 2030 sic
566 1975 713 2045 iuste
765 1977 990 2030 omnino
1039 1977 1260 2032 habebit
1304 1977 1574 2048 iudicare.
1606 1977 1839 2045 Quidam
1871 1981 2018 2036 enim

441 2066 748 2134 homicidae,
775 2068 1094 2138 quaestionis
1115 2076 1386 2124 tormenta
1419 2069 1779 2140 perferentes,
1799 2071 2016 2127 dimissi

439 2169 570 2213 sunt
614 2161 762 2214 velut
826 2161 1058 2227 innoxii,
1115 2160 1208 2214 alii
1275 2147 1426 2227 vero,
1494 2161 1589 2232 qui
1648 2171 1807 2217 erant
1860 2163 2017 2219 inno-

439 2261 645 2316 centes,
683 2268 808 2307 cum
842 2263 1111 2308 tormenta
1146 2253 1286 2307 ferre
1322 2269 1431 2307 non
1459 2255 1789 2324 potuissent,
1820 2265 2016 2312 contra

440 2358 501 2398 se
529 2345 741 2399 mentiti
773 2345 924 2400 velut
946 2347 1022 2399 rei
1053 2344 1322 2416 supplicio
1349 2345 1526 2400 allecti
1559 2355 1705 2401 sunt.

507 2435 745 2492 XXVIII.
767 2437 904 2491 Tum
932 2437 1126 2493 Petrus
1153 2457 1166 2493 :
1193 2440 1371 2508 Atque
1404 2439 1767 2514 haec,inquit,
1801 2440 2015 2496 modica

437 2537 587 2592 sunt,
635 2529 760 2582 audi
800 2543 931 2584 vero
977 2529 1176 2598 maius;
1217 2527 1354 2582 Cum
1389 2529 1562 2599 aliqui
1603 2529 1856 2585 homines
1888 2546 2016 2599 pec-

436 2635 564 2677 cant
592 2623 676 2677 vel
712 2623 850 2678 bene
897 2632 1088 2693 agunt,
1127 2638 1318 2677 eorum
1354 2638 1476 2692 quae
1527 2639 1674 2701 nunc
1719 2633 2017 2692 operantur

436 2716 543 2770 alia
573 2714 792 2785 quidem
825 2715 1070 2785 ipsorum
1097 2715 1318 2785 propria
1349 2723 1500 2782 sunt,
1525 2715 1630 2768 alia
1659 2730 1790 2768 vero
1812 2714 2013 2784 aliena,

435 2825 653 2879 aequum
690 2819 870 2863 autem
904 2817 989 2863 est
1037 2823 1490 2877 unumquemque
1522 2823 1620 2877 pro
1647 2807 1860 2863 delictis
1882 2823 2014 2878 pro-

437 2901 572 2972 priis
597 2901 726 2955 dare
760 2915 971 2969 pmnas,
1003 2909 1098 2954 aut
1141 2915 1240 2970 pro
1285 2899 1496 2955 meritis
1529 2900 1764 2970 propriis
1802 2916 2015 2957 merce-

436 2994 560 3049 dem
594 2992 754 3048 ferre.
790 2991 932 3046 Fieri
969 3001 1150 3052 autem
1199 2992 1390 3062 nequit
1436 3001 1496 3048 ut
1548 2993 1843 3064 quispiam,
1906 2994 2014 3051 nisi

439 3084 591 3140 solus
649 3085 914 3154 prephcta
973 3084 1371 3154 praenotionem
1435 3084 1665 3152 habens,
1696 3085 1766 3141 ab
1831 3088 2087 3180 aliquoc

441 3186 591 3247 gesta
636 3177 794 3241 sciat,
841 3192 1092 3246 quaenam
1127 3175 1248 3246 eius
1276 3177 1495 3247 propria
1522 3177 1632 3232 sint
1675 3187 1730 3234 ct
1764 3194 2015 3248 quzenam

435 3283 545 3323 non
589 3269 719 3324 sint.
748 3267 924 3332 iVidct
967 3268 1113 3323 enim
1145 3277 1342 3323 cuncta
1386 3284 1509 3340 quae
1560 3269 1716 3323 Iiunt.
1760 3269 1827 3325 Et
1865 3285 2009 3341 ego:

435 3359 665 3429 Vellem,
701 3361 949 3432 inquam,
979 3361 1189 3427 audire,
1233 3375 1343 3429 quo
1392 3360 1557 3415 modo
1587 3376 1652 3415 ex
1690 3361 2016 3420 criminibus

433 3461 531 3507 aut
578 3451 736 3507 bonis
765 3452 1023 3523 operibus
1060 3451 1167 3507 alia
1208 3451 1429 3523 quidem
1475 3463 1603 3509 sunt
1643 3454 1882 3526 propria,
1911 3455 2016 3513 alia

432 3558 564 3599 vero
594 3543 790 3598 aliena.

503 3632 698 3688 XXIX.
756 3630 1060 3704 Respondit
1121 3631 1316 3688 Petrus
1375 3651 1388 3687 :
1435 3631 1694 3689 Veritatis
1748 3636 2014 3706 propheta

433 3725 608 3780 dixit:
639 3723 852 3794 Oportet
882 3735 938 3777 ut
961 3724 1345 3778 veniantbona.
1367 3723 1561 3778 Beatus
1591 3735 1788 3794 autem,
1811 3727 2011 3798 inquit,

434 3835 527 3888 per
552 3833 703 3888 quem
748 3817 980 3870 veniunt.
1007 3815 1270 3871 Similiter
1303 3831 1506 3870 necesse
1532 3827 1608 3870 est
1641 3828 1700 3872 ut
1732 3819 1892 3872 etiam
1925 3837 2012 3874 ve-

435 3913 584 3965 niant
629 3909 772 3962 mala
819 3925 838 3962 :
878 3925 956 3964 vae
1009 3919 1186 3962 autent
1228 3908 1311 3962 illi
1356 3925 1449 3979 per
1497 3926 1650 3980 quem
1713 3913 1926 3965 veniunt
1960 3923 2010 3967 α.

436 3999 608 4054 Porro
639 3998 683 4052 si
716 4014 811 4066 per
841 3999 1018 4053 malos
1045 3999 1272 4051 veniunt
1302 3997 1443 4052 mala
1471 4007 1526 4053 et
1549 4015 1646 4068 per
1667 3999 1841 4056 bonos
1869 4001 2013 4056 bona

434 4087 766 4156 inici-untur,
823 4097 885 4141 ut
935 4088 1218 4158 proprium
1277 4089 1578 4159 unicuique
1632 4091 1813 4147 inesse
1853 4093 2014 4149 debet

434 4183 636 4237 bonum
686 4181 772 4235 vel
825 4181 1053 4243 malum,
1086 4191 1140 4234 et
1178 4195 1245 4234 ex
1302 4180 1370 4236 iis
1418 4197 1541 4250 quae
1570 4183 1724 4252 prius
1754 4195 2012 4254 operatus

432 4282 545 4339 est;
580 4273 726 4343 quod
784 4273 1015 4327 veniunt
1073 4271 1315 4327 secunda
1357 4273 1500 4328 bona
1541 4275 1625 4329 vel
1669 4277 1833 4345 mala,
1865 4293 2010 4349 quae,

507 4425 532 4453 ι
559 4410 752 4466 Matth.
783 4426 948 4476 xviii;
981 4407 1116 4464 Luc.
1148 4423 1281 4463 xvn.

2120 1914 2218 1953 νοι.
2257 1899 2397 1953 Ἀλλ’
2426 1903 2475 1955 εί
2509 1904 2716 1959 καὶτοῦ
2754 1905 3064 1977 βασανίζειν
3097 1912 3192 1966 καὶ
3229 1913 3538 1988 ἀνακρίνειν
3562 1917 3714 1984 ἐξου-

2122 1990 2242 2044 σίαν
2265 2009 2352 2057 τις
2371 1992 2510 2064 ἔχων
2541 1994 2770 2062 δικάζει,
2799 2000 2921 2054 οὐδὲ
2946 2000 3123 2066 οὕτως
3147 2002 3459 2072 τὺπάντως
3483 2008 3714 2074 δικαίως

2119 2083 2268 2156 αὐτῷ
2311 2085 2528 2140 δικάσαι
2585 2087 2811 2157 ἐγίνετο.
2842 2093 3012 2146 Ἔνιοι
3045 2093 3176 2165 γάρ,
3202 2099 3386 2165 φονεῖς
3408 2097 3579 2164 ὄντες,
3612 2099 3712 2164 τὰς

2121 2175 2389 2246 βασάνους
2421 2179 2835 2253 ὑπομείναντες,
2852 2183 2928 2249 ὼς
2967 2185 3132 2239 ἀθῶοι
3152 2227 3168 2252 ,
3195 2187 3566 2261 ἀπελύθησαν,
3594 2192 3713 2246 ἓτε-

2123 2285 2204 2341 ροι
2231 2270 2313 2338 δὲ,
2345 2271 2511 2326 ἀθῶοι
2537 2273 2690 2338 ὄντες
2704 2275 2770 2340 ⁸⁸,
2790 2275 2890 2340 τὰς
2920 2275 3187 2347 βασάνους
3205 2280 3279 2351 μὴ
3296 2280 3708 2353 ὑπομείναντες,

2119 2362 2330 2417 ἑαυτῶν
2353 2365 2851 2439 καταψευσάμενοι,
2884 2369 2962 2434 ὠς
2987 2369 3151 2425 αἴτιοι
3180 2371 3568 2446 ἐκολάσθησαν.

2188 2456 2421 2514 XXVIII.
2461 2460 2571 2513 Καὶ
2601 2462 2631 2516 6
2681 2462 2906 2535 Πέτροςο
2959 2464 3236 2538 Μετρίως,
3272 2467 3399 2540 ἔφη,
3441 2469 3558 2540 ἔχει
3608 2469 3708 2525 καὶ

2115 2547 2309 2614 ταῦτα,
2332 2549 2394 2602 τὸ
2425 2549 2484 2603 δὲ
2515 2551 2702 2621 μεῖζον
2728 2553 2977 2608 άκουσον.
3012 2555 3199 2610 Ἑνίων
3217 2557 3520 2630 ἀνθρώπων
3536 2560 3703 2630 ἁμαρ

2115 2638 2386 2693 τανόντων
2436 2638 2470 2712 ἦ
2519 2640 2953 2713 εὐπραττόντων,
2986 2639 3062 2699 ὧν
3108 2648 3202 2702 νῦν
3217 2649 3264 2682 ³³
3285 2650 3527 2704 ποιοῦσιν
3551 2650 3587 2704 ἀ
3609 2650 3711 2722 μὲν

2118 2728 2227 2783 ἷδια
2261 2729 2438 2784 αὐτῶν
2468 2733 2635 2796 ἐστιν,
2667 2733 2703 2786 ἃ
2727 2733 2784 2787 δὲ
2815 2734 3091 2808 ἀλλότρια,
3123 2739 3329 2792 δίκαιον
3372 2740 3431 2794 δὲ
3475 2741 3708 2796 ἕκαστον

2115 2818 2209 2873 ἐπὶ
2253 2821 2365 2883 τοῖς
2407 2819 2558 2885 ἰδίοις
2599 2823 2958 2895 ἁμαρτήμασι
2981 2829 3341 2898 τιμωρεῖσθαι
3376 2828 3410 2900 ἢ
3458 2830 3550 2883 ἐπὶ
3591 2834 3708 2895 τοῖς

2119 2909 2270 2973 ίδίοις
2291 2908 2708 2982 κατορθώμασιν
2733 2914 3157 2985 εὐεργετεῖσθαι.
3176 2915 3459 2972 Ἀδύνατον
3481 2918 3539 2972 δέ
3571 2937 3704 2986 τινι,

2116 2999 2255 3071 πλὴν
2302 3002 2556 3076 προφήτῃ
2607 3002 2752 3076 μόνῳ
2782 3005 3090 3078 πρόγνωσιν
3127 3008 3326 3079 ἔχοντι,
3361 3008 3490 3064 ea"
3541 3013 3709 3085 276

2121 3089 2226 3143 ὑπό
2256 3106 2402 3155 τινος
2431 3093 2692 3164 γινόμενα
2738 3095 3122 3160 είδέναι,·ποῖά
3165 3101 3309 3153 ἐστιν
3352 3101 3518 3155 αὑτοῦ
3575 3102 3703 3171 ἴδια,

2121 3185 2247 3236 ποῖα
2265 3183 2323 3236 δὲ
2343 3183 2444 3239 οὐκ
2463 3181 2551 3258 ἦν·
2584 3187 2764 3241 πάντα
2795 3187 2904 3260 γάρ
2927 3189 2996 3243 δι’
3024 3191 3190 3245 αὑτοῦ
3215 3193 3478 3264 γινόμενα
3503 3195 3700 3265 βλέπε-

2117 3288 2225 3325 ται.
2282 3273 2454 3344 Κάγὼ
2512 3274 2671 3348 ἔφην·
2719 3277 3049 3350 Ἐϐουλόμην
3090 3281 3281 3352 μαθεῖν
3311 3283 3430 3348 πῶς
3451 3286 3560 3338 τῶν
3587 3286 3703 3340 ἀδι-

2119 3365 2384 3436 κημάτων
2415 3367 2450 3438 ἢ
2503 3367 2948 3442 κατορθωμάτων
2987 3369 3024 3426 ἃ
3067 3372 3168 3444 μὲν
3205 3373 3331 3442 ῑδια,
3363 3375 3401 3432 ἃ
3444 3377 3503 3431 δὲ
3546 3378 3704 3434 ἀλλό-

2115 3474 2262 3531 τρια.

2200 3657 2394 3714 XXIX.
2429 3659 2541 3733 (41)
2564 3660 2673 3715 Καὶ
2699 3663 2727 3716 6
2764 3661 2970 3735 Πέτρος
2993 3663 3346 3737 ἀπεκρίνατο,
3371 3666 3451 3720 ὅτι
3481 3669 3511 3722 6
3535 3668 3635 3740 τῆς
3655 3670 3702 3702 ⁸⁸

2115 3749 2370 3822 ἀληθείας
2404 3753 2690 3824 προφήτης
2721 3752 2847 3825 ἔφη·
2889 3755 2969 3811 re
3004 3755 3197 3825 ἀγαθὰ
3215 3757 3413 3813 ἐλθεῖν
3439 3759 3558 3825 δεῖ,
3584 3779 3702 3831 μα-

2115 3842 2318 3911 κάριος
2329 3844 2417 3907 δὲ,
2434 3863 2506 3917 φη
2515 3845 2587 3909 cl,
2602 3845 2676 3898 δι’
2690 3845 2760 3900 οὗ
2775 3846 3028 3916 ἔρχεται.
3065 3850 3311 3920 Ὁμοίως
3330 3851 3429 3904 καί
3453 3852 3525 3906 τὰ
3546 3855 3704 3910 κακὰ

2114 3932 2346 4003 ἀνάγκη
2371 3935 2589 3990 ἐλθεῖν
2623 3935 2757 3991 οὐαί
2778 3937 2846 3990 δὲ
2865 3937 2938 3992 δι’
2969 3938 3041 3994 οὗ
3061 3940 3392 4010 ἕρχεται.Εί
3413 3941 3470 3995 δὲ
3498 3941 3586 3996 διά
3597 3960 3700 3996 κα-

2113 4027 2226 4082 κῶν
2242 4027 2384 4082 κακά
2399 4027 2636 4099 ἔρχεται,
2655 4029 2748 4082 καὶ
2759 4029 2846 4083 διά
2857 4031 3076 4100 ἀγαθῶν
3088 4033 3266 4100 ἁγαθά
3278 4035 3522 4106 φέρεται,
3540 4053 3705 4107 προσ-

2112 4123 2249 4174 εῖναι
2279 4119 2362 4174 δεῖ
2395 4120 2610 4191 ἑκάστῳ
2643 4120 2704 4174 τὸ
2728 4121 2878 4186 ἴδιον,
2903 4123 2964 4176 τὺ
2991 4124 3193 4192 ἀγαθὸν
3216 4121 3355 4180 εἶναι
3373 4127 3416 4158 ³³
3438 4127 3470 4198 ἢ
3505 4127 3696 4195 κακὸν,

2113 4213 2208 4267 καὶ
2236 4213 2294 4280 ἐξ
2341 4207 2416 4268 ὧν
2462 4214 2827 4286 προέπραξεν,
2856 4215 2944 4269 διὰ
2987 4217 3082 4270 τοῦ
3100 4219 3146 4250 ⁸⁸
3180 4217 3350 4273 ἐλθεῖν
3368 4219 3436 4274 τά
3472 4221 3700 4294 δεύτερα

2111 4304 2291 4374 ἀγαθὰ
2313 4305 2346 4377 ἦ
2371 4305 2536 4372 κακά,
2563 4305 2720 4360 ama
2747 4306 2852 4360 ἴδια
2874 4308 3038 4362 αὑτοῦ
3056 4309 3154 4381 τῆς
3170 4311 3430 4383 αἱρέσεως
3443 4312 3572 4366 ὄντα
3592 4313 3700 4367 ὑπὸ

1744 4523 1981 4582 VARIAE
2019 4518 2402 4579 LECTIONES

509 4619 553 4652 "
577 4616 750 4687 κρίνει
777 4613 878 4687 (ΞΖ-ν
909 4614 962 4687 ,⁸³
982 4615 1291 4687 τιμορεϊται
1315 4610 1360 4666 Ο
1392 4653 1408 4676 ,
1435 4612 1846 4687 ultimisttibus
1874 4618 2066 4673 litteris
2091 4613 2416 4687 subnotaljs.
2443 4608 2583 4687 Vbii.
2610 4612 2738 4687 τοὺς
2763 4612 3091 4687 ἠδικηκότας
3123 4615 3396 4687 ερεργετῶ
3428 4618 3480 4672 in
3503 4620 3694 4678 eodem

432 4681 648 4758 desunt
757 4683 959 4758 zoAVbb.
984 4681 1387 4758 Tk‘paaduooq
1423 4683 1789 4758 gooottm;
1833 4687 2216 4758 desiderantur
2247 4686 2300 4739 in
2325 4681 2391 4738 0.
2484 4681 2676 4758 -⁸⁰·νῦν
2709 4681 2957 4758 ωηο-ε.
2988 4684 3112 4758 cogi.
3139 4681 3274 4755 Reg.
3308 4686 3433 4751 804,
3466 4698 3520 4743 et
3547 4687 3694 4758 Epit.

433 4761 474 4799 ιι
500 4757 690 4826 ἔχοντα
711 4772 762 4824 ῃ,
795 4753 970 4826 ἔχοντι
993 4755 1062 4807 τά
1087 4751 1152 4808 Ο.
1258 4757 1303 4787 δ’
1331 4756 1360 4808 6
1391 4753 1491 4826 τῆς
1544 4756 1768 4824 adiunxi
1795 4773 1861 4812 ex
1886 4757 1950 4813 Ο.
2057 4759 2104 4790 ⁵³
2130 4755 2268 4811 εἶναι
2287 4795 2330 4826 ._
2354 4751 2501 4822 quod
2527 4751 2700 4826 .(Iecst
2749 4768 2838 4823 ap.
2859 4751 3019 4826 Joan.
3055 4751 3452 4812 Daliiascetium
3478 4751 3696 4818 Par-all.

434 4821 572 4882 mer.
616 4821 776 4899 “2'8,
812 4821 926 4899 i'l:bi_
949 4835 1134 4899 nostra
1166 4821 1740 4899 excerptajeguntur,
1775 4828 1942 4899 deleri
2006 4828 2146 4899 vult
2175 4827 2239 4881 D.
2289 4821 2544 4899 Fortasse
2584 4821 2662 4899 τό
2702 4821 2827 4893 pulit
2873 4823 3094 4899 ἑκάστῳ
3123 4827 3456 4899 mutandus;
3498 4830 3552 4884 in
3597 4833 3696 4899 ὡς,

433 4908 595 4976 atque
625 4889 784 4969 verba
810 4895 866 4962 ἐξ
892 4889 1870 4976 ῶνειρρξπραξενΛίιιςτιςοοιιοειιιιςιξ).
1907 4909 2030 4968 post
2069 4898 2244 4976 ἐλθεῖν
2303 4893 2603 4976 secundum
2630 4889 2719 4947 S.'
2789 4899 2838 4934 “
2869 4893 2909 4948 S
2947 4889 3078 4949 εδιᾶ
3102 4895 3163 4948 τό
3207 4896 3398 4952 scribit
3444 4889 3696 4958 Neander

427 4964 615 5028 σπου..
644 4965 781 5039 ψει.
825 4982 880 5036 p.
912 4964 1217 5022 “iidem
1252 4974 1374 5035 post
1399 4964 1663 5034 αἱρέσεως
1694 4964 1967 5025 excidisse
1991 4969 2273 5025 contendit
2297 4965 2392 5035 μή.

1737 5101 2110 5163 νΑιιιοιιυιι
2142 5104 2375 5161 nom.
3721 5067 3736 5148 ι’

505 5197 615 5269 (40)
643 5197 1120 5269 Πρόγνωσιςῖιοο
1151 5196 1275 5252 loco
1323 5212 1435 5269 non
1465 5196 1573 5252 'est
1618 5197 1878 5269 privantia
1897 5235 1913 5259 ,
1941 5207 2002 5252 ut
2032 5203 2077 5257 Β
2107 5215 2246 5264 rum,
2285 5199 2381 5254 lib.
2427 5214 2467 5265 1,
2500 5213 2619 5268 cap.
2659 5197 2766 5269 28:
2797 5197 3116 5269 Κλήμεντος
3150 5198 3226 5262 ὼς
3257 5198 3366 5252 ἀπὸ
3409 5198 3504 5252 τοῦ
3532 5197 3693 5269 ἀγίου

432 5266 659 5340 vertit}:
691 5309 706 5330 .
735 5266 1092 5340 sedicognitio
1121 5267 1544 5340 praeteritorum,
1587 5266 1704 5340 τῶν
1739 5267 2000 5340 πρότερον
2105 5269 2332 5340 Πέτρου.
2380 5270 2438 5323 '0
2465 5266 2668 5340 Κύριος
2699 5266 3077 5340 ἔφηοιᾚγαθά
3091 5266 3697 5340 δεῖνὲλθεῖν-μακάριος

433 5337 730 5408 γεγονότων
760 5337 978 5407 γνῶσις.
1003 5338 1063 5392 CI
1121 5338 1185 5392 ad
1221 5337 1363 5404 Epit.
1384 5353 1436 5392 c.
1468 5338 1557 5392 95.
1587 5337 2002 5408 Upévaatssi-

434 5412 654 5479 gniﬁcat
687 5410 835 5478 (coll.
869 5425 917 5463 c.
951 5410 1040 5476 58)
1075 5409 1360 5464 scientiam
1388 5409 1740 5479 .absolutam,
1779 5409 1997 5476 qualem

436 5478 595 5549 habet
631 5496 790 5534 verus
817 5481 1100 5549 propheta,
1128 5480 1221 5548 qui
1253 5480 1384 5549 estA6
1423 5479 1600 5549 πάντα
1657 5478 1888 5532 πάντοτε
1917 5479 2000 5531 εί-

432 5547 557 5612 δώς,
587 5551 714 5604 coll.
747 5547 892 5604 hoin.
924 5547 982 5615 ιι,
1015 5551 1078 5614 5;
1107 5547 1190 5612 III,
1220 5549 1306 5604 Η.
1339 5547 1396 5602 S.
1434 5547 1696 5605 DRESSEL.

465 5619 612 5690 :(M)
646 5619 757 5672 Καὶ
801 5623 834 5673 ό
872 5620 1093 5690 Πέτρος
1119 5620 1494 5684 ἀπεκρίνατο.
1536 5624 1691 5690 Apud
1727 5621 1992 5674 Joannem

437 5689 832 5761 Damasrenuni
855 5706 957 5744 ms.
983 5689 1304 5761 Eclogarum
1335 5689 1675 5761 capiteillspl.
1704 5690 1995 5761 ἀγγέλλον-

430 5778 521 5824 το;
549 5761 638 5814 καὶ
675 5760 1002 5831 μετάξοντος
1035 5759 1345 5830 ἀποκρισιν,
1387 5760 1533 5830 quod
1572 5759 1656 5815 est
1694 5759 1995 5816 Parallela-

2102 5339 2172 5411 διξ
2207 5334 2268 5411 οξ)
2284 5334 2569 5411 ἕρχονταιί
2591 5334 2820 5411 ’ρμοίωξς
2845 5334 3206 5411 καῖ’τάλκακά
3229 5340 3321 5411 δεῖ
3341 5334 3534 5394 ἐλθεῖν·
3569 5334 3695 5395 οὐαὶ

2099 5409 2170 5491 ξιξ
2293 5406 2678 5491 ἔρχονται.
2693 5407 2750 5460 δὲ
2781 5407 2869 5463 διὰ
2910 5409 3095 5463 κακῶν
3122 5410 3268 5491 κ“ακά
3286 5409 3566 5491 ἔρχονται,

2099 5427 2168 5462 οιν
2199 5427 2260 5463 ου
2293 5427 2666 5532 εἰχονταιδιειι
2693 5427 2750 5460 οε
2781 5427 2869 5463 οια
2910 5427 3095 5463 κακων
3122 5427 3268 5464 κακα
3298 5427 3566 5482 ερχονται,
3598 5427 3694 5466 και

2099 5479 2166 5551 δι’
2199 5481 2308 5548 ἀγα
2341 5497 2416 5551 ων
2450 5477 2628 5551 ἀγαθά
2655 5478 2938 5551 ἔρχονται,
2975 5483 3254 5551 προσεῖναι
3281 5480 3362 5533 δεῖ
3385 5482 3600 5551 ἑκάστῳ
3633 5483 3694 5536 τὸ

2099 5529 2332 5622 δίκνᾷιᾷξῇ
2348 5529 2422 5622 ἷεδ
2453 5529 2704 5622 eam
2721 5529 3045 5622 ’Ξέάέὸνίκᾷῐ
3060 5529 3141 5622 ’ἐξ
3152 5529 3251 5606 ⁷ὧῖ
3271 5529 3695 5622 ἧρἆἐῇἆὲέδὶἆ

2101 5620 2194 5674 τοῦ
2223 5621 2396 5673 ἐλθεῖν
2427 5618 2498 5672 τά
2530 5618 2776 5690 δεύτερα,
2809 5621 2848 5742 ἲ
2877 5620 3059 5689 ἀγαθά
3099 5621 3132 5691 ἢ
3182 5618 3349 5684 κακά,
3386 5618 3544 5675 ἅτινα
3588 5623 3695 5677 ἴδια

2103 5689 2269 5742 αὐτοῦ
2300 5690 2400 5742 τῆς
2427 5688 2798 5742 ποοαιοέσεωε
2851 5708 2967 5742 ντα.
3000 5690 3108 5742 ’ὑπὸ
3139 5692 3238 5742 vi":
3270 5691 3363 5742 τοῦ
3395 5692 3531 5742 Θεοῦ
3567 5711 3683 5742 amo

2103 5689 2269 5766 αὐτοῦ
2300 5690 2400 5760 τῆς
2420 5688 2798 5766 προαιρέσεως
2819 5688 2967 5755 ὄντα,
3000 5688 3238 5766 ’ῥπότῖκς
3270 5691 3363 5746 τοῦ
3395 5692 3531 5747 Θεοῦ
3567 5711 3683 5766 προ

2103 5759 2252 5825 νοίας
2284 5759 2565 5832 προελθεῖν
2594 5759 2960 5833 ᾠκονόμηται.
2996 5760 3130 5816 ϐοῒ.
