4082 6160
341 286 450 342 525
1487 275 1922 335 CLEMENTINA

2022 303 2050 316 -
2086 272 2392 331 HOMILIA,
2412 275 2526 332 XII.
3501 287 3609 344 328

335 400 442 470 τῆς
470 398 566 453 τοῦ
586 399 723 454 Θεοῦ
751 397 1008 471 προνοίας
1021 369 1249 451 διελθεῖν
1266 393 1313 427 ⁸⁸
1337 393 1700 466 ᾠκονόμηται.
1710 392 1868 446 Ἐπεὶ
1881 392 1922 424 ⁸⁸

2031 405 2157 448 cum
2204 408 2235 447 a
2267 397 2487 464 propria
2528 392 2767 450 hominis
2794 394 2907 451 sint
2928 397 3230 467 voluntate,
3253 408 3322 456 ut
3351 405 3609 460 exorien-

341 509 522 568 κρισις
551 491 689 564 αὕτη
717 491 856 562 Θεῷ,
892 489 1081 565 ὥσπερ
1119 489 1206 542 ἐπ’
1239 486 1449 557 ἀγῶνος
1487 485 1580 539 τὸν
1613 483 1703 538 διὰ
1741 485 1922 554 πάσης

2027 488 2140 549 tur,
2169 482 2353 538 divina
2391 483 2628 538 instituit
2655 483 3228 560 Providentia.ltaque
3257 491 3365 548 hoc
3387 500 3473 548 est
3507 494 3607 551 Dei

341 584 642 654 κακουχίας
702 582 1050 653 διεληλυθότα
1117 582 1211 635 καὶ
1268 579 1557 652 ἄμεμπτον
1611 573 1921 647 εὑρεθέντα,

341 677 546 731 ἐκεῖνον
596 676 742 747 ζωῆς
777 674 994 729 αἰωνίου
1028 671 1432 738 καταξιοῦσθαι.
1464 670 1528 722 Oi
1553 671 1662 740 γάρ
1697 669 1755 720 ὲν
1785 669 1923 736 ἀγα-

343 769 455 832 θοῖς
489 769 598 840 ἰδίᾳ
622 767 784 839 βουλῇ
814 765 1184 837 προκόψαντες
1209 763 1314 817 ὑπὸ
1337 761 1445 816 τῶν
1496 761 1602 832 ἰδίᾳ
1648 759 1809 830 βουλῇ
1864 759 1924 812 ὲν

343 861 514 934 κακίᾳ
533 862 578 892 ⁸⁷
627 859 1081 931 παραμεινάντων
1139 853 1523 928 πειράζονται,
1584 852 1921 923 διωκόμενοι,

345 953 680 1025 μισούμενοι,
727 949 1150 1022 λοιδορούμενοι,
1198 944 1695 1015 ἐπιϐουλευόμενοι,
1726 943 1926 996 τυπτό-

347 1061 520 1116 μενοι,
543 1041 1059 1113 πλεονεκτούμενοι,
1094 1039 1500 1110 διαϐαλλόμενοι
1517 1038 1586 1102 ⁸⁸,
1626 1037 1926 1108 ἀγγαρευό-

347 1150 517 1205 μενοι,
588 1133 1018 1206 ἐπηρεαζόμενοι
1042 1171 1058 1196 ,
1143 1130 1322 1184 πάντα
1368 1131 1548 1182 ἐκεῖνα
1603 1129 1923 1200 πάσχοντες,

344 1226 413 1278 δι’
459 1218 534 1278 ὧν
573 1224 811 1293 εὐλόγως
833 1224 981 1277 δοκεῖ
1021 1222 1084 1276 τὸ
1137 1220 1450 1294 ὀργίζεσθαι
1498 1218 1740 1289 γίνεσθαι
1759 1219 1804 1252 ⁵⁹
1831 1220 1926 1274 καὶ

345 1321 481 1394 πρὸς
505 1322 720 1393 ἄμυναν
757 1321 953 1391 όρμᾷν.

415 1414 576 1484 277
610 1410 781 1465 XXX.
829 1411 886 1465 '0
917 1410 973 1464 δὲ
1004 1408 1324 1474 διδάσκαλος
1349 1407 1524 1472 εἰδὼς,
1558 1408 1641 1461 ὅτι
1671 1406 1722 1460 oi
1753 1404 1927 1459 ταῦτα

343 1505 541 1569 ἀδίκως
569 1505 848 1568 ποιοῦντες
889 1505 955 1557 ὲκ
999 1503 1277 1576 προτέρων
1310 1500 1719 1574 ἁμαρτημάτων
1755 1498 1926 1554 κατά-

342 1599 480 1653 δικοί
525 1600 682 1663 εἰσιν,
737 1598 832 1652 καὶ
879 1599 960 1651 ὅτι
1009 1596 1100 1652 διά
1134 1595 1443 1650 καταδίκων
1475 1595 1537 1647 τὸ
1585 1593 1688 1665 τῆς
1729 1593 1928 1657 κακίας

344 1689 561 1762 πνεῦμα
574 1690 746 1744 ταῦτα
757 1691 843 1743 ὲνε
851 1693 988 1762 ργεῖ,
1001 1689 1128 1752 τοὺς
1143 1689 1238 1759 μὲν
1258 1687 1354 1741 ἀνθ
1363 1685 1593 1758 ρώπους,
1612 1684 1754 1740 καθὰ
1771 1686 1816 1718 ⁸⁸
1833 1685 1927 1740 ἀν-

343 1782 551 1854 θρωποί
589 1783 748 1846 εἰσιν,
802 1783 899 1834 καὶ
937 1781 1008 1835 δι’
1043 1779 1318 1852 ἁμαρτίας
1355 1777 1565 1850 ὄργανα
1608 1778 1924 1849 γινομένους

343 1876 562 1939 κακίας,
617 1874 785 1928 ἐλεεῖν
840 1872 1256 1927 συνεϐούλευσεν
1274 1871 1340 1936 ⁸⁸,
1388 1870 1466 1934 ὼς
1517 1869 1922 1944 φιλανθρωπίαν

343 1966 620 2030 ἀσκοῦσιν,
655 1967 750 2020 καὶ
777 1965 838 2018 τὸ
869 1967 993 2020 ὅσον
1023 1965 1110 2018 ἐπ’
1135 1965 1320 2027 αὐτοῖς
1342 1965 1508 2027 ἐστιν,
1541 1962 1925 2034 ἀδικουμένους

343 2059 438 2112 καὶ
471 2059 726 2113 ἀπολύειν
746 2060 790 2090 ⁸³
813 2058 914 2129 τῆς
957 2056 1257 2128 καταδίκης
1299 2055 1428 2120 τοὺς
1463 2054 1802 2119 ἀδικοῦντας,
1837 2054 1924 2109 ἵνα

343 2151 532 2224 ὥσπερ
561 2153 611 2205 οἱ
642 2153 902 2223 νήφοντες
930 2153 1044 2214 τοῖς
1079 2147 1332 2220 μεθύουσι
1376 2147 1663 2220 βοηθῶσιν,
1695 2147 1882 2218 εὐχαῖς
1903 2185 1920 2212 ,

342 2244 640 2317 νηστείαις,
672 2243 961 2312 εὐλογίαις,
1001 2241 1074 2313 μὴ
1108 2239 1512 2311 ἀνθιστάμενοι,
1545 2239 1619 2311 μὴ
1649 2239 1925 2310 ἀμυνόμε-

341 2353 442 2399 νοι,
475 2336 566 2390 ῖνα
599 2336 673 2407 μὴ
703 2335 796 2388 ἐπὶ
822 2333 883 2388 τὸ
915 2334 1096 2388 πλεῖον
1143 2334 1341 2396 αὐτοὺς
1373 2332 1638 2404 ἁμαρτεῖν
1683 2333 1924 2402 ἀναγκά-

345 2446 530 2483 σωσιν.
565 2426 672 2481 Τοῦ
717 2427 826 2498 γὰρ
873 2426 1064 2481 παθεῖν
1110 2425 1330 2490 πάντως⁹
1371 2424 1700 2497 κεκριμένου
1726 2425 1834 2479 τινὶ
1854 2425 1921 2490 ⁸³,

340 2523 444 2575 οὐκ
476 2519 692 2590 εὔλογον
721 2519 1047 2588 ἀγανακτεῖν
1075 2518 1288 2589 ἐκείνῳ,
1323 2517 1390 2571 δι’
1422 2510 1485 2571 οὗ
1517 2518 1580 2572 τὸ
1607 2517 1800 2572 παθεῖν
1837 2517 1924 2588 γί-

344 2630 519 2678 νεται,
551 2611 922 2683 λογισάμενον,
954 2612 1057 2675 ὅτι,
1089 2613 1138 2664 εί
1178 2611 1274 2664 καὶ
1315 2611 1522 2674 ἐκεῖνος
1562 2610 1664 2663 οὐκ
1694 2608 1924 2664 ἐκακού-

343 2724 513 2778 χησεν
547 2705 731 2771 αὐτὸν,
763 2704 854 2757 διὰ
897 2703 960 2757 τὸ
1004 2702 1224 2765 πάντως
1260 2701 1670 2774 κακουχηθῆναι
1707 2701 1920 2772 μέλλειν

343 2799 434 2854 διὰ
455 2799 501 2832 ⁸⁵
521 2798 712 2870 ἑτέρου
746 2795 807 2850 τὸ
839 2796 1032 2850 παθεῖν
1062 2789 1150 2868 ἦν.
1184 2794 1250 2849 Τί
1279 2789 1373 2848 οὗν
1401 2793 1695 2863 ἀγανακτῶ
1714 2792 1795 2864 τῷ
1815 2792 1923 2847 δια-

344 2891 579 2965 θεμένῳ,
621 2888 756 2962 ἐμοῦ
790 2889 1008 2952 πάντως
1040 2885 1232 2942 παθεῖν
1264 2885 1621 2960 κεκριμένους
1671 2886 1808 2940 Ἀλλ’
1839 2885 1920 2940 ἔτι

347 2987 477 3058 μὴν,
515 2985 565 3038 εί
595 2983 666 3037 τὰ
693 2981 833 3038 αὐτὰ
863 2985 975 3044 τοῖς
996 2983 1186 3044 κακοῖς
1209 2978 1482 3052 προφάσει
1507 2978 1719 3052 ἀμύνης
1755 2978 1922 3032 ποιῶ-

346 3096 468 3149 μενν
502 3075 655 3149 παρά
673 3076 736 3130 τὸ
763 3075 992 3147 πρῶτοι,
1013 3073 1255 3146 δεύτεροι
1285 3073 1347 3126 τὸ
1377 3071 1508 3126 αὐτὸ
1527 3075 1640 3136 τοῖς
1669 3074 1859 3136 κακοῖς
1874 3072 1920 3104 ⁵³

343 3171 395 3224 oi
423 3170 620 3240 ἀγαθοὶ
663 3167 1003 3240 πράσσομεν.
1051 3165 1162 3219 Καὶ
1208 3164 1477 3237 ὡςέφην,
1509 3164 1571 3218 οὐ
1610 3165 1716 3236 χρὴ
1755 3166 1923 3234 ἀγαν-

343 3267 548 3328 ακτεῖν,
583 3263 660 3326 ὼς
687 3261 866 3315 εἰδότα
882 3261 926 3292 ⁸⁸
957 3262 1040 3314 ὅτι
1071 3257 1208 3312 Θεοῦ
1253 3257 1482 3331 προνοίᾳ
1509 3258 1560 3311 οί
1596 3258 1758 3312 κακοὶ
1795 3259 1923 3322 τοὺς

342 3357 583 3427 ἀγαθοὺς
631 3352 984 3426 τιμωροῦσιν.
1028 3353 1091 3406 Οί
1138 3347 1232 3405 οῦν
1260 3353 1374 3415 τοῖς
1389 3351 1431 3382 ⁸⁷
1458 3349 1790 3422 τιμωροῦσιν
1821 3367 1922 3421 χασ-

343 3450 711 3511 λεπαίνοντες,
743 3445 820 3510 ὡς
839 3447 966 3508 τοὺς
1019 3441 1352 3506 ἀποστόλους
1402 3441 1538 3496 Θεοῦ
1587 3440 1917 3514 ὑϐρίζοντες,

344 3541 768 3615 ἀμαβὼουσινν
782 3537 1050 3609 τιμῶντες
1075 3536 1132 3589 δὲ
1147 3534 1329 3589 καὶτὰ
1348 3534 1562 3588 ἐναντία
1582 3538 1694 3598 τοῖς
1720 3535 1922 3589 ἀδικεῖν

340 3632 716 3706 νομιζομένοις
743 3630 908 3700 278
937 3627 1296 3697 διατιθέμενοι
1322 3627 1537 3694 αὐτοὺς,
1566 3627 1646 3690 είς
1665 3625 1756 3681 τὸν
1789 3625 1922 3680 Θεὸν

339 3727 436 3782 τὸν
467 3726 612 3779 οὕτω
639 3721 1068 3796 βουλευσάμενον
1101 3718 1439 3775 εὐσεϐοῦσιν.

411 3902 609 3961 XXXI.
644 3899 816 3972 Κάγὼ
845 3900 982 3972 πρὸς
1008 3897 1179 3954 ταῦτα
1202 3896 1603 3970 ἀπεκρινάμην·
1637 3893 1845 3950 Οὐκοῦν
1870 3895 1920 3949 οἱ

339 3997 656 4061 ἀδικοῦντες
683 3996 784 4050 οὐκ
814 3993 954 4047 είσίν
984 3991 1169 4055 αἴτιοι,
1203 3991 1285 4045 ὅτι
1306 3989 1482 4062 κρίσει
1511 3986 1646 4043 Θεοῦ
1677 3988 1921 4042 ἀδικοῦσι

337 4097 470 4158 τοὺς
509 4090 770 4154 δικαίους.
806 4086 917 4141 Kal
949 4086 977 4138 ὁ
1019 4084 1229 4156 Πέτρος
1261 4082 1387 4155 ἔφη’
1418 4084 1528 4136 Kal
1561 4081 1702 4137 πάνυ
1741 4083 1922 4154 ἀμαρ-

337 4189 617 4249 τάνουσιν,
645 4183 782 4256 πρὸς
807 4181 917 4253 γὰρ
945 4179 1008 4233 τὸ
1035 4176 1368 4249 ἁμαρτάνειν
1401 4177 1628 4241 ἑαυτοὺς
1657 4175 1923 4230 ἀποδεδω-

341 4284 519 4344 κότες.
558 4277 720 4332 Ὅθεν
749 4273 905 4336 είδὼς
934 4273 1029 4327 ἀπ’
1063 4269 1242 4325 αὐτῶν
1270 4270 1316 4303 ⁸⁸
1343 4269 1626 4339 ἐκλέγεται
1661 4273 1922 4342 τιμωρεῖν

338 4376 468 4438 τοὺς
496 4373 590 4425 ἐπὶ
611 4371 724 4432 τοῖς
749 4366 1036 4440 προτέροις
1068 4363 1428 4435 ἁμαρτήμασι
1452 4361 1925 4434 μεταμεληθέντας

2022 570 2314 641 judicium,
2345 579 2408 628 ut
2447 573 2543 642 qui
2588 588 2685 644 per
2712 588 2931 630 omnem
2977 580 3345 646 vexationem.
3372 585 3522 640 velut
3550 586 3606 641 in

2026 678 2222 733 agone,
2271 663 2556 719 transierit
2603 672 2659 719 et
2699 666 2956 722 inventus
2984 666 3148 724 fuerit
3194 672 3526 743 inculpatus,
3557 675 3606 730 is

2025 752 2261 807 donetur
2309 753 2421 807 vita
2473 761 2698 810 aeterna.
2751 753 2887 810 Nam
2939 758 3034 826 qui
3089 759 3142 814 in
3185 762 3345 818 bonis
3383 769 3603 836 propria

2023 845 2302 899 voluntate
2355 844 2725 915 profecerunt,
2757 848 2828 902 ab
2877 848 2947 904 iis
2983 849 3078 920 qui
3118 867 3217 907 sua
3255 871 3472 927 quoque
3500 877 3597 914 vo-

2024 937 2232 992 luntate
2257 937 2314 990 in
2357 938 2501 992 mala
2533 939 2854 994 tractatione
2885 953 3252 1011 perseverant,
3293 954 3601 1016 tentantur,

2023 1029 2403 1098 exagitantur,
2450 1030 2611 1092 odia,
2672 1032 2958 1099 convicia,
3011 1034 3260 1100 insidias,
3321 1041 3580 1108 verbera,

2025 1120 2266 1188 fraudes,
2289 1123 2616 1188 calumnias,
2646 1121 2754 1176 vim
2781 1125 3083 1195 patiuntur,
3111 1127 3435 1187 afﬁciuntur
3467 1151 3603 1190 con-

2032 1214 2299 1282 tumeliis,
2336 1223 2649 1284 cunctaque
2701 1215 2794 1268 illa
2846 1217 3150 1290 perferunt,
3177 1239 3274 1292 per
3299 1240 3422 1295 qua:
3455 1227 3605 1296 justa

2024 1303 2240 1359 videtur
2267 1320 2391 1360 esse
2422 1305 2503 1359 ira
2533 1315 2588 1360 et
2623 1306 2778 1363 ultio.

2094 1394 2266 1451 XXX.
2286 1396 2543 1468 Magister
2569 1414 2699 1454 vero
2724 1400 2925 1469 sciens,
2956 1405 3102 1473 quod
3129 1407 3223 1476 qui
3258 1407 3373 1463 haec
3396 1409 3602 1481 injuste

2027 1489 2258 1559 iaciunt,
2301 1507 2368 1546 ex
2414 1492 2695 1563 prioribus
2737 1496 2976 1564 peccatis
3024 1499 3101 1552 rei
3154 1511 3314 1567 sunt,
3345 1505 3604 1575 quodque

2026 1601 2122 1655 per
2155 1597 2338 1640 sontes
2368 1585 2595 1654 spiritus
2640 1585 2863 1642 malitiae
2909 1587 3013 1643 ista
3065 1590 3247 1663 eﬂicit,
3291 1594 3600 1663 hominum,

2029 1685 2302 1747 quatenus
2349 1677 2602 1733 homines
2647 1688 2796 1744 sunt,
2833 1679 2936 1734 etsi
2972 1690 3194 1751 propter
3219 1661 3444 1753 peccata
3474 1661 3602 1743 facti

2025 1767 2228 1824 fuerint
2261 1767 2482 1824 malitiae
2513 1769 2898 1838 instrumenta,
2936 1772 3186 1827 misereri
3233 1777 3410 1831 suasit
3444 1777 3599 1842 suis,

2023 1867 2285 1928 tanquam
2316 1857 2708 1915 misericordiae
2736 1860 3060 1928 cultoribus,
3105 1871 3292 1934 utque,
3332 1876 3601 1935 quantum

2032 1949 2087 2004 in
2122 1964 2182 2004 se
2207 1958 2312 2016 est,
2347 1949 2549 2018 injuria
2575 1951 2752 2007 affecti
2795 1952 3052 2023 injuriam
3084 1953 3349 2012 facientes
3386 1974 3416 2012 a
3447 1958 3602 2012 dam-

2024 2041 2247 2096 natione
2277 2042 2594 2109 absolvant;
2625 2060 2737 2114 quo
2771 2045 2918 2100 velut
2945 2047 3121 2102 sobrii
3152 2048 3324 2104 ebriis
3371 2066 3602 2106 succur-

2025 2140 2172 2199 rant,
2200 2147 2298 2201 per
2325 2133 2626 2201 orationes,
2649 2133 2880 2204 jejunia,
2915 2135 3348 2204 benedictiones,
3381 2155 3491 2194 non
3515 2155 3601 2195 re.

2024 2224 2288 2292 sistendo,
2336 2240 2447 2280 non
2479 2227 2828 2294 vindicando,
2862 2243 2964 2284 nec
3001 2244 3099 2283 eos
3125 2240 3326 2301 cogant
3365 2233 3600 2302 amplius

2026 2331 2275 2386 peccare.
2315 2316 2454 2371 Cum
2498 2318 2646 2373 enim
2679 2319 2883 2388 aliquis
2921 2321 3146 2375 omnino
3175 2323 3244 2377 ad
3282 2325 3597 2392 patiendum

2027 2407 2423 2464 condemnatus
2475 2419 2598 2476 est,
2657 2425 2768 2464 non
2827 2420 2914 2466 est
2965 2427 3186 2483 aequum
3233 2425 3293 2469 ut
3348 2416 3424 2470 illi
3485 2417 3599 2472 ira-

2025 2509 2212 2556 scatur
2259 2517 2356 2572 per
2392 2517 2554 2572 quem
2606 2503 2830 2572 patitur,
2869 2519 3056 2560 secum
3107 2516 3388 2578 reputans,
3429 2509 3597 2580 quod,

2023 2591 2127 2646 etsi
2175 2591 2266 2647 ille
2330 2608 2438 2648 non
2497 2592 2784 2650 alﬂixisset
2836 2601 3000 2664 eum,
3063 2607 3246 2654 tamen
3298 2601 3428 2671 quia
3481 2617 3600 2656 om-

2025 2684 2159 2738 nino
2191 2683 2352 2754 aﬂligi
2396 2684 2578 2752 debet,
2621 2702 2717 2756 per
2749 2687 2919 2740 alium
2962 2689 3073 2759 pati
3105 2689 3209 2745 sibi
3239 2693 3596 2763 contingeret.

2023 2774 2135 2830 Cur
2163 2791 2294 2846 ergo
2324 2777 2578 2848 indignor
2599 2780 2863 2835 adversus
2893 2790 3195 2847 auctorem,
3225 2785 3320 2852 qui
3350 2785 3507 2854 plane
3529 2786 3597 2841 ad

2023 2871 2435 2940 perpessionem
2468 2886 2588 2926 sum
2617 2871 2958 2928 destinatus?
2988 2872 3093 2928 Sed
3125 2884 3178 2928 et
3209 2877 3409 2945 adhuc,
3437 2878 3486 2932 si
3507 2893 3600 2933 ea-

2023 2960 2147 3016 dem
2173 2977 2298 3018 eum
2323 2962 2586 3033 improbis
2606 2974 2867 3033 praetextu
2893 2965 3120 3021 ultionis
3143 2965 3436 3033 faciamus,
3461 2985 3600 3039 pra:-

2025 3061 2275 3122 terquam
2308 3052 2453 3122 quod
2485 3052 2646 3121 primi
2685 3068 2794 3107 non
2825 3067 3039 3120 sumus,
3080 3054 3307 3108 secundi
3339 3053 3480 3109 idem
3523 3056 3601 3110 l'a—

1949 3118 1991 3175 c
2027 3118 2203 3198 cim-us
2234 3158 2298 3198 ac
2325 3118 2502 3206 ntali;
2526 3158 2629 3197 nos
2658 3143 2752 3212 qui
2785 3143 2911 3198 boni
2941 3118 3198 3216 dicimur.
3237 3143 3304 3198 Et
3335 3149 3599 3214 quemad-

2025 3235 2247 3290 modum
2297 3235 2532 3302 aiebam,
2567 3235 2838 3305 indignari
2884 3250 2997 3290 non.
3024 3245 3260 3304 oportet,
3287 3252 3414 3292 cum
3451 3240 3597 3294 scias

2023 3340 2055 3381 a
2085 3324 2243 3380 malis
2267 3325 2441 3380 bonos
2475 3341 2573 3396 per
2601 3325 2695 3379 Dei
2731 3325 3128 3396 providentiam
3159 3329 3440 3399 castigari.
3487 3330 3593 3398 Qui

2022 3432 2153 3488 ergo
2183 3417 2389 3474 ultores
2413 3433 2555 3490 aegre
2585 3417 2790 3484 ferunt,
2823 3427 3085 3488 tanquam
3115 3419 3207 3490 qui
3244 3436 3275 3475 a
3303 3420 3415 3476 Deo
3453 3424 3593 3478 mis-

2022 3526 2114 3566 sos
2145 3510 2478 3566 contumelia
2525 3509 2782 3576 alliciant,
2818 3510 3185 3580 delinquunt;
3235 3512 3331 3582 qui
3366 3528 3494 3567 vero
3539 3514 3591 3568 in

2023 3602 2196 3673 pretio
2233 3601 2454 3668 habent,
2487 3609 2542 3656 et
2575 3601 2850 3656 contrarie
2893 3601 3138 3655 sentiunt
3166 3616 3294 3672 erga
3336 3617 3467 3668 eos,
3499 3603 3594 3673 qui

2022 3693 2156 3764 ipsis
2186 3692 2444 3762 injuriam
2492 3689 2696 3746 inferre
2745 3697 3030 3762 putantur,
3071 3691 3126 3747 in
3173 3690 3346 3748 Deum
3390 3693 3485 3764 qui
3521 3694 3592 3750 ita

2022 3786 2214 3841 statuit
2240 3785 2315 3856 pii
2347 3795 2494 3841 sunt.

2091 3899 2285 3956 XXXI.
2317 3897 2383 3954 Et
2411 3917 2513 3970 ego
2535 3901 2602 3954 ad
2626 3901 2740 3954 haec
2765 3900 2878 3976 dixi
2905 3919 2920 3956 :
2945 3899 3134 3972 Itaque
3160 3901 3254 3971 qui
3283 3900 3489 3956 faciunt
3511 3903 3595 3956 in-

2017 3988 2243 4061 juriam,
2278 3989 2357 4044 rei
2395 4003 2503 4042 non
2535 3997 2684 4056 sunt,
2718 3991 2978 4060 quoniam
3025 3991 3118 4047 Dei
3153 3992 3363 4061 judicio
3389 3993 3592 4063 injuria

2017 4083 2200 4154 justos
2231 4081 2496 4137 alliciunt.
2539 4080 2842 4152 Respondit
2865 4083 3060 4139 Petrus
3087 4105 3102 4140 :
3153 4085 3318 4140 Valde
3340 4098 3590 4156 peccant,

2021 4175 2222 4246 quippe
2256 4173 2352 4244 qui
2388 4188 2449 4229 se
2477 4173 2542 4227 ad
2576 4176 2911 4243 peccandum
2959 4177 3180 4233 dedant.
3226 4175 3380 4234 Unde
3415 4181 3594 4236 sciens

2022 4261 2166 4319 Deus
2187 4279 2255 4320 ex
2281 4264 2350 4318 iis
2373 4263 2495 4318 illos
2512 4261 2706 4332 punire
2727 4264 2934 4334 deligit,
2955 4267 3052 4336 qui
3073 4267 3140 4322 de
3169 4269 3448 4338 prioribus
3467 4286 3596 4338 pec-

2023 4356 2160 4412 catis
2179 4356 2329 4426 juste
2354 4363 2524 4426 agunt
2550 4356 2948 4424 paenitentiam,
2982 4366 3041 4412 ut
3063 4358 3230 4428 justis
3253 4361 3471 4430 quidem
3497 4377 3596 4430 per

339 4465 588 4529 δικαίως,
627 4463 714 4515 ῖνα
756 4463 870 4523 τοῖς
906 4457 1002 4529 μὲν
1038 4454 1270 4518 δικαίοις
1303 4453 1391 4508 διὰ
1419 4453 1520 4525 τῆς
1549 4453 1804 4526 τοιαύτης
1833 4471 1919 4507 τι-

2026 4447 2126 4503 has
2156 4461 2348 4517 pcenas
2389 4447 2738 4502 dimittantur
2769 4462 2892 4517 quae
2935 4457 3061 4504 ante
3097 4451 3478 4518 Paenitentiam
3509 4449 3592 4504 fe-

347 4558 562 4629 μωρίας
607 4553 678 4607 τά
736 4556 842 4625 πρδ
891 4550 991 4621 τῆς
1041 4546 1329 4618 μετανοίας
1381 4544 1696 4618 πραχθέντα
1744 4546 1918 4619 ἀφεθῇ

343 4651 512 4708 κακά.
546 4650 673 4711 Τοῖς
709 4647 768 4700 δὲ
797 4642 1131 4716 τιμωροῦσιν
1162 4639 1383 4694 ἀσεϐέσι
1413 4641 1701 4710 κακουχεῖν
1732 4638 1922 4694 ἐπιθυ-

348 4743 511 4814 μοῦσι
553 4740 647 4794 καὶ
690 4739 968 4810 μετανοεῖν
1014 4734 1088 4807 μὴ
1132 4731 1378 4786 θέλουσιν
1420 4731 1499 4794 είς
1537 4730 1924 4814 ἀναπλήρωσιν

345 4837 485 4900 ιδίας
502 4835 546 4868 ⁸³
583 4832 861 4894 κολάσεως
910 4827 1151 4890 δικαίους
1201 4827 1490 4896 κακουχεῖν
1539 4822 1886 4898 συνεχωρήθη
1906 4840 1920 4854 ·

2028 4551 2222 4598 cerunt
2270 4540 2432 4594 mala.
2478 4537 2666 4608 lmpiis
2709 4554 2840 4594 vero
2868 4540 2962 4610 qui
2995 4541 3264 4611 castigant
3302 4549 3358 4597 et
3397 4556 3595 4596 vexare

2018 4632 2270 4701 cupiunt,
2322 4645 2423 4685 nec
2470 4629 2850 4700 paenitentiam
2896 4626 3317 4702 volunt-agere,
3369 4631 3439 4686 ad
3485 4632 3592 4685 im-

2019 4724 2214 4796 plenda
2246 4723 2444 4779 delicta
2481 4723 2818 4794 permittitur
2853 4723 3036 4793 justos
3063 4725 3332 4794 castigare
3359 4734 3414 4780 et
3451 4723 3590 4778 allli~

2021 4833 2166 4890 gere.
2191 4812 2328 4872 Nam
2359 4816 2568 4888 absque
2597 4815 2691 4873 Dei
2715 4816 2992 4873 voluntate
3013 4831 3191 4888 neque
3217 4831 3408 4887 passer
3435 4817 3489 4872 in
3512 4817 3588 4873 la-

1616 5045 1851 5102 VARLIE
1887 5043 2287 5103 LECTIONES.

434 5226 483 5259 ⁸⁸
513 5219 832 5299 προελθεῖν-ς
881 5217 1038 5299 quod.
1071 5212 1473 5299 praeferendum
1500 5254 1541 5299 ,‘
1566 5209 1730 5299 ch.n
1749 5207 1907 5299 Joan‘.
1964 5205 2341 5299 θαρρῇ)εηίΔὶ
2382 5203 2450 5294 δι’
2485 5203 2663 5299 ρεξοίξ
2699 5204 2891 5299 ἐλθεῖν
2951 5203 3095 5299 gonj:
3119 5201 3402 5299 [Maride]:

341 5298 391 5330 "
420 5295 498 5350 ita

603 5273 915 5345 ttoboniani'
947 5288 1038 5340 ἐπί
1069 5273 1430 5357 interpretor,
1457 5273 1550 5357 ἐπὶ
1575 5276 1668 5333 οῦν
1691 5280 1752 5357 (_1,
1777 5279 1908 5357 ἐπεὶ
1936 5273 2032 5357 οῦν
2048 5275 2108 5330 D.
2140 5275 2344 5357 Deinde
2379 5274 2930 5357 autﬁfftpncz‘aiitn
2954 5273 3088 5329 Θεοῦ
3118 5273 3264 5357 (cum
3291 5276 3404 5328 haec
3421 5274 3496 5357 ita
3508 5288 3590 5357 “se

342 5342 588 5423 man:
600 5342 1129 5432 bellissiudicium)
1161 5342 1272 5432 D.‘__
1301 5356 1345 5388 ’τ
1371 5342 1448 5407 lia
1475 5350 1520 5407 0
1542 5342 1745 5432 σηροίιέ
1777 5348 1906 5432 βεδε·
1934 5348 2058 5432 βρέο
2089 5347 2446 5432 mare};
2506 5342 3010 5432 “asseverat,
3050 5342 3396 5432 μεάούμεγεξιέ.
3421 5342 3590 5432 λελέξε-

411 5412 635 5510 ξιῐὲὲὂιῖ
651 5412 1362 5510 ἰὶιίίίιίίέἐυδυεένοςὶδλιε
1381 5421 1666 5510 erm“:
1693 5435 1745 5510 r3:
1763 5412 3268 5510 ἒιέσαὲάμῐϊοξέἶέζξῘῖδέἶτέτϊζὶξ,ἑθῖίέξξθξξζῖίνὶῖὲιξ
3297 5414 3420 5510 °°‘.'.-
3443 5412 3586 5510 ἓξὲξ

411 5454 600 5506 υμενοι
622 5454 635 5462 ·
669 5454 871 5485 utullus
896 5454 1110 5485 uuauus
1140 5454 1362 5482 νυυιυιιθ
1381 5454 1666 5492 σιμυιιιιιιδ
1695 5454 1744 5504 5:.
1772 5454 2181 5488 νι-υινιιηηνμε-νυι
2215 5454 2281 5472 νο
2417 5454 2590 5468 ww"
2641 5454 2690 5468 ’ν
2717 5454 3032 5499 ῖγι-νν-νυι-
3076 5454 3268 5486 ιη’-η·-
3297 5454 3420 5470 ννηο
3455 5454 3586 5480 ηυδ-

339 5454 467 5562 ἕῧι,
494 5503 635 5558 Tum
661 5501 863 5564 ἄμυνον
897 5498 960 5555 Ο.
1039 5497 1086 5534 ⁶⁰
1123 5497 1259 5551 καθὸ
1279 5495 1343 5551 0.
1420 5494 1464 5525 ⁶¹
1500 5489 1915 5564 συνεϐουλευσεν
1946 5489 2008 5543 C.
2082 5488 2130 5564 ξ’
2158 5487 2532 5564 ἀδικουμένοις
2563 5484 2818 5564 ἀπολύειν
2834 5485 2954 5564 cod.
2989 5485 3122 5564 Reg.
3163 5485 3288 5564 89:4.
3358 5483 3412 5564 f'
3442 5483 3590 5564 τινός

339 5519 467 5562 sua,
494 5519 528 5558 ἰ
543 5519 635 5558 um
661 5519 863 5570 αμυνον
897 5519 960 5555 υ.
1039 5519 1085 5534 ν’
1123 5519 1259 5551 καυο
1279 5519 1343 5551 υ.
1422 5519 1464 5525 ν-
1500 5519 1914 5546 συνευυυλιυυιν
1947 5519 2008 5543 υ.
2158 5519 2528 5568 υιυυιυυμενιίις
2563 5519 2954 5539 υιιιυσκυειηυυ.
2989 5519 3122 5568 "es.
3163 5519 3288 5564 uv_«..
3444 5519 3587 5563 .Ubvvs'

326 5579 452 5636 cod.
493 5577 781 5648 Res-80i-
858 5577 904 5608 οδ
922 5575 999 5648 δι’
1025 5572 1088 5628 ο.
1163 5572 1209 5648 ’δ’
1237 5566 1672 5648 νωκπροεεάσει
1700 5561 1923 5648 τρεῖς,
1938 5558 2135 5648 rem
2147 5567 2445 5648 391‘--.§5'9!
2470 5573 2529 5648 1'3
2542 5554 2746 5648 -ριηίεὶξ
2772 5553 3376 5648 99Ξ;Ϊ.ῗῖ⁸ὶίί¹ξξὶ¹[αὶέἔὶί
3391 5555 3596 5648 ιὶέ¹υιι¹

329 5619 1212 5726 Ξῐιέἑτίιὶἑῖιὲιιῑῶ“ὲιει,ιρίέὲρ“έταρξι
1241 5641 1303 5694 τδ
1335 5638 1410 5711 μὴ
1442 5619 2447 5726 ἐξέτερξξηὲεάηξέίθξξῑιηε
2470 5625 3199 5726 Ρ.²ἷξὶῗ1[³ῗ¹1⁴ὶξ.³“ιξίὲη¹¹ῗι¹ἔὲ
3227 5631 3495 5726 οριτεεῖ.ξ;
3535 5619 3601 5726 ’3.-

328 5719 471 5790 Tum
518 5717 837 5790 πράσσομεν
871 5718 944 5790 δ’.

973 5691 1430 5786 δξπξάσσωρξεὗ-
1458 5691 1534 5786 li,
1570 5691 2754 5786 ⁸ςιιράσσονςιῖες’(1οάἶῨίξθιξξξθΑίέζΛ,δίειξόξαίξ
2781 5691 2905 5786 cred.
2937 5696 3069 5770 Reg.
3101 5695 3225 5752 804.
3263 5691 3279 5696 ⁷
3302 5695 3346 5728 ⁸⁷
3374 5691 3516 5748 Vbi).
3547 5693 3598 5745 oi

872 5765 1218 5841 Ῑῑδ’ἀπόινέων
1247 5798 1298 5854 p.
1318 5765 1430 5836 ’ἀπ’
1458 5765 1638 5834 αὐτῶν
1669 5776 1730 5834 C.
1808 5775 1852 5807 ⁶⁹
1883 5767 2016 5835 ἰδίας
2043 5768 2166 5827 cod.
2197 5768 2331 5840 Reg.
2360 5766 2484 5839 804,
2511 5785 2572 5822 τε
2599 5767 2687 5826 διά
2716 5769 2777 5836 C,
2801 5765 2864 5824 Ο.
