4082 6160
497 296 604 356 521

1357 293 1415 348 Β.
1449 288 1840 348 CLEMENTIS
1875 289 1896 345 I
1934 287 2102 346 ROM.
2145 277 2612 347 OPERA
2645 277 2876 344 DUBIA.

3649 291 3759 349 528

499 425 700 482 queum
732 409 985 480 incidere
1013 412 1214 477 potest.
1253 399 1348 458 Sic
1378 401 1655 472 justorum
1682 399 1848 456 etiam
1887 397 2072 470 capilli

2180 397 2305 452 ἀνευ
2336 396 2444 468 γὰρ
2463 388 2564 468 τῆς
2588 387 2705 450 τοῦ
2725 395 2862 449 Θεοῦ
2893 381 3243 467 βόὖλῆςόὐδὲ
3277 388 3535 467 στρουθδς
3556 396 3616 451 ὲν
3655 416 3761 452 πα-

500 504 613 558 Deo
639 500 909 557 numerati
936 506 1088 554 sunt.

570 685 786 741 XXXII.
822 684 918 738 Ille
946 689 1126 736 autem
1154 678 1338 749 justus
1367 683 1471 737 est,
1495 673 1588 743 qui
1617 679 1841 743 propter
1869 679 2076 726 rectam

498 781 770 834 rationem
794 781 1000 846 pugnat
1023 787 1150 828 cum
1185 777 1402 823 natura.
1438 762 1603 820 Verbi
1628 763 1823 834 gratia,
1860 762 2075 818 cunctis

499 891 528 928 a
560 881 755 927 natura
787 869 1012 923 insitum
1043 872 1148 929 est,
1177 863 1466 932 diligentes
1490 858 1714 928 diligere
1739 873 1753 912 :
1774 855 1961 927 justus
1983 870 2076 910 co-

501 977 662 1022 natur
687 963 852 1018 etiam
877 960 1104 1029 diligere
1133 957 1388 1011 inimicos
1415 961 1472 1009 et
1507 949 1946 1008 conviciantibus
1975 949 2077 1003 be-

499 1059 774 1119 nedicere,
805 1068 870 1107 ac
896 1059 1160 1122 praterea
1189 1061 1348 1101 orare
1380 1060 1480 1115 pro
1511 1043 1782 1105 hostibus,
1816 1040 2074 1110 iniuriam

499 1151 793 1205 inferentes
819 1143 1092 1200 miserari.
1127 1139 1399 1206 Quocirca
1423 1153 1483 1192 se
1507 1136 1744 1206 priorem
1769 1135 1970 1206 injuria
1995 1133 2078 1189 af-

501 1242 587 1296 fici
623 1240 851 1311 patitur,
897 1237 1026 1291 item
1058 1230 1512 1289 maledicentibus
1549 1228 1842 1293 benedicit,
1880 1228 2076 1282 verbe~

497 1333 748 1388 rantibus
792 1329 1088 1393 eondonat,
1144 1325 1289 1381 cedit
1333 1321 1819 1394 persequentibus,
1872 1319 2077 1375 salutat

496 1437 594 1478 eos
621 1421 715 1491 qui
760 1436 870 1474 non
917 1418 1180 1480 salutant,
1218 1430 1344 1470 cum
1394 1428 1503 1467 non
1549 1410 1878 1466 habentibus
1922 1425 2078 1466 com-

499 1511 743 1565 municat
785 1522 908 1578 qua:
955 1505 1141 1568 habet,
1190 1504 1518 1557 irascentem
1559 1500 1748 1565 flectit,
1788 1498 2073 1554 inimicum

496 1602 774 1666 conciliat,
815 1608 1197 1654 contumacem
1243 1595 1520 1658 hortatur,
1548 1592 1892 1648 incredulum
1918 1591 2076 1645 iusti-

497 1699 622 1761 tuit,
652 1697 926 1766 lugentem
965 1691 1304 1756 consolatur,
1345 1689 1654 1759 exagitatus
1680 1689 1932 1750 sustinet,
1980 1687 2070 1739 in-

2177 489 2286 558 γίδι
2302 489 2348 520 ⁷⁰
2378 489 2634 558 ἐμπεσεῖν
2658 486 2790 556 εχει.
2814 486 3002 550 υῦτως
3027 486 3368 542 δικαίωνκαὶ
3387 489 3444 540 al
3476 491 3661 560 τρίχες
3680 489 3761 560 τῷ

2177 580 2296 651 Θεῷ
2327 579 2634 652 ἐναρίθμιοί
2667 580 2826 632 εἰσιν.

2246 671 2462 726 XXXII.
2506 671 2723 734 Δίκαιος
2764 670 2823 724 δέ
2866 672 3015 724 ἐστιν
3055 671 3282 736 ἐκεῖνος,
3331 670 3360 722 ὁ
3399 671 3492 724 τοῦ
3539 672 3760 742 εὐλόγου

2176 765 2338 819 ἕνεκα
2367 767 2432 836 τῇ
2481 763 2642 834 φύσει
2677 763 3004 834 μαχόμενος.
3056 757 3268 828 Οἷοντί,
3299 765 3436 817 πᾶσι
3469 764 3762 836 πρόσεστιν

2179 859 2246 911 ὲκ
2301 855 2516 926 φύσεως
2562 854 2851 926 φιλοῦντας
2884 855 3077 924 φιλεῖψ
3113 855 3320 920 δίκαιος
3363 859 3622 930 πειρᾶται
3665 859 3762 913 καὶ

2177 948 2404 1020 ἐχθροὺς
2439 948 2662 1018 ἀγαπᾷν
2709 948 2804 1000 καὶ
2834 945 3207 1018 λοιδοροῦντας
3241 948 3499 1018 εὐλογεῖν,
3545 949 3624 1003 ἔτι
3653 951 3760 1022 μὴν

2177 1040 2272 1094 καὶ
2302 1040 2440 1112 ὑπὲρ
2473 1037 2682 1110 ἐχθρῶν
2708 1037 2985 1110 εῦχεσθαι,
3021 1039 3341 1104 ἀδικοῦντας
3372 1042 3624 1096 aestv".
3667 1041 3762 1096 Διὸ

2177 1134 2270 1187 καὶ
2327 1132 2737 1204 προαδικεῖσθαι
2771 1133 2820 1164 ⁷³
2892 1133 3157 1203 ἀπέχεται
3182 1173 3198 1200 ,
3260 1135 3355 1187 καὶ
3419 1135 3570 1205 ὁμῶς
3623 1152 3760 1190 κατ-

2177 1225 2494 1297 αρωμένους
2527 1224 2739 1294 εὐλογεῖ
2762 1264 2777 1289 ,
2805 1225 3070 1279 τύπτουσι
3113 1230 3424 1299 συγχωρεῖ,
3469 1227 3761 1282 διώκουσιν

2178 1320 2483 1390 ὑποχωρεῖ,
2533 1319 2608 1390 μή
2663 1316 3076 1389 ἀσπαζομένους
3105 1318 3456 1390 [ἀσπάζεται,
3489 1324 3603 1387 τοῖς
3653 1323 3760 1376 οὐκ

2176 1409 2389 1483 ἔχουσιν
2425 1405 2500 1464 ὧν
2531 1411 2643 1482 ἔχει
2674 1413 2943 1475 κοινωνεῖ,
2983 1409 3335 1483 ὀργιζόμενον
3379 1412 3643 1480 πείθειη,
3664 1413 3759 1467 τὸν

2175 1503 2367 1576 ἐχθρὸν
2410 1503 2740 1567 διαλλάσσει,
2778 1502 2872 1556 τὸν
2901 1503 3101 1576 ἀπειθῆ
3136 1505 3462 1577 παρακαλεῖ,
3495 1506 3587 1559 τὸν
3625 1507 3760 1560 ἀπι-

2178 1612 2300 1650 στον
2329 1596 2495 1666 279
2539 1598 2784 1668 κατηχεῖ,
2828 1595 2923 1650 τὸν
2969 1597 3268 1652 πενθοῦντα
3308 1599 3718 1670 παραμυθεῖται
3742 1638 3761 1665 ,

2179 1688 2616 1760 ὲπηρεαζόμενος
2660 1688 2860 1758 στέγει,
2889 1689 3412 1761 ἀχαρισ-ιτούμ.ενος¹¹⁸
3452 1691 3554 1744 οὐκ
3602 1691 3764 1760 ἀγαν.

499 1797 650 1861 grate
678 1748 931 1856 acceptus
963 1798 1072 1838 non
1117 1781 1338 1852 indigne
1363 1748 1492 1847 fert,
1537 1793 1844 1850 propensus
1873 1787 1959 1834 est
1999 1777 2069 1832 ad

2180 1748 2344 1835 ικτεῖ.
2493 1779 2551 1834 δὲ
2573 1748 2636 1835 τὸ
2657 1748 2876 1854 ἀγαπᾷν
2907 1748 3252 1854 πλησίον
3299 1748 3375 1847 ῶς
3400 1784 3592 1838 ἑαυτὸν

498 1882 835 1950 diligendum
885 1875 1195 1948 proximum
1249 1882 1514 1942 tanquam
1546 1875 1644 1936 'se,
1698 1879 2072 1941 paupertatem

500 1988 611 2028 non
647 1973 822 2037 timet,
850 1983 1038 2024 verum
1080 1982 1180 2022 sua
1211 1980 1321 2020 non
1361 1963 1691 2019 habentibus
1719 1962 1970 2018 dividens
2012 1961 2074 2015 ﬁt

501 2079 726 2134 pauper.
762 2062 868 2116 Sed
919 2074 1021 2116 nec
1066 2067 1380 2129 peccantem
1423 2056 1728 2112 ulciscitur.
1774 2053 1877 2122 Qui
1925 2055 2073 2110 enim

503 2157 814 2227 proximum
859 2153 1009 2208 velut
1067 2165 1127 2206 se
1172 2149 1372 2219 diligit,
1418 2147 1880 2218 quemadmodum
1924 2146 2072 2216 ipse,

499 2263 625 2303 cum
656 2245 922 2317 peccavit,
949 2243 1050 2299 scit
1094 2242 1238 2297 nolle
1283 2241 1338 2295 in
1374 2255 1434 2296 se
1461 2239 1841 2304 animadverti,
1871 2239 1946 2294 ita
1974 2253 2077 2294 nee

501 2348 817 2411 peceatores
857 2336 1113 2407 castigat,
1151 2345 1206 2390 et
1235 2333 1382 2389 sicut
1411 2333 1526 2388 vult
1561 2332 1880 2398 demulceri,
1912 2331 2076 2387 bene-

498 2431 629 2495 dici,
665 2428 944 2494 honorari,
979 2426 1338 2496 omniumque
1365 2425 1690 2481 delictorum
1717 2425 1932 2480 veniam
1977 2439 2074 2479 ac-

499 2525 721 2594 cipere,
764 2523 868 2576 hoc
919 2521 1036 2590 ipse
1069 2520 1318 2590 proximo
1359 2516 1495 2572 facit
1524 2529 1574 2582 ο,
1623 2532 1785 2586 quem
1831 2516 1980 2571 velut
2017 2530 2079 2570 se

501 2624 671 2671 amat.
702 2612 825 2669 Uno
855 2613 1046 2678 verbo,
1089 2610 1237 2682 quod
1274 2609 1380 2666 sibi
1415 2607 1586 2678 cupit,
1618 2608 1767 2678 cupit
1793 2615 1849 2662 et
1892 2607 2080 2678 prmia

502 2721 612 2760 mo.
650 2703 776 2759 Haec
819 2703 967 2758 enim
1012 2711 1098 2757 est
1145 2701 1240 2756 Dei
1282 2715 1350 2754 ae
1391 2699 1785 2770 prophetarum
1823 2699 1930 2767 lex,
1963 2699 2080 2755 haec

503 2796 750 2852 veritatis
779 2795 1050 2849 doctrina.
1084 2792 1273 2863 Itaque
1307 2790 1550 2846 cbaritas
1582 2803 1712 2860 erga
1745 2804 1962 2844 omnem
1986 2789 2081 2844 ho-

503 2889 708 2943 minem
736 2885 975 2956 perfecta
1024 2899 1150 2953 pars
1191 2892 1274 2938 est
1300 2881 1547 2936 mascula
1578 2881 1961 2936 humanitatis.
2009 2881 2081 2937 At

504 2978 878 3035 misericordia
921 2991 1049 3047 pars
1077 2984 1159 3030 est
1204 2974 1352 3029 illius
1383 2973 1642 3030 feminea.
1672 2971 1805 3041 Quae
1841 2983 1926 3030 est
1951 2988 2081 3030 esu-

2169 1874 2439 1940 δεδωκὼς,
2468 1874 2656 1929 πενίαν
2699 1874 2761 1928 οὐ
2805 1874 3126 1947 πεφόϐηται,
3161 1875 3296 1930 ἀλλά
3329 1875 3398 1928 τὰ
3429 1875 3623 1930 ἑαυτοῦ
3667 1895 3764 1949 με-

2173 1967 2341 2041 ρίζων
2361 1971 2474 2033 τοῖς
2498 1969 2600 2023 οὐκ
2628 1967 2813 2039 ιχουσι
2853 1968 3021 2040 πένης
3045 1969 3274 2037 γίνεται.
3319 1969 3455 2023 Ἀλλ’
3498 1970 3618 2023 οὐδὲ
3657 1972 3764 2044 μὴν

2174 2059 2552 2133 ἁμαρτάνοντα
2571 2061 2618 2093 ⁷⁸
2631 2062 2882 2132 τιμωρεῖ.
2929 2060 2988 2113 '0
3027 2061 3137 2132 γάρ
3163 2061 3256 2114 τὸν
3287 2061 3515 2133 πλησίον
3530 2063 3763 2130 ἀγαπῶν

2172 2155 2250 2218 ὼς
2277 2154 2487 2217 ἑαυτὸν,
2532 2153 2609 2218 ὡς
2655 2152 2819 2217 αὐτὸς
2863 2151 3193 2224 ἁμαρτήσας
3225 2149 3332 2206 οἶδε
3381 2153 3762 2226 τιμωρηθῆναι

2177 2247 2253 2319 μὴ
2289 2247 2484 2313 θέλειν,
2531 2245 2705 2310 οὕτως
2739 2245 2861 2300 οὐδὲ
2893 2245 3022 2308 τοὺς
3057 2245 3470 2318 ἁμαρτάνοντας
3507 2249 3762 2318 τιμωρεῖ.

2174 2342 2285 2394 Καὶ
2315 2341 2393 2404 ὼς
2423 2340 2568 2394 θέλει
2594 2338 2986 2394 κολακεύεσθαι
3039 2340 3133 2393 καὶ
3164 2338 3501 2410 εὐλογεῖσθαι
3547 2339 3643 2393 καὶ
3679 2357 3762 2392 τις

2180 2431 2384 2504 μᾶσθαι
2425 2434 2519 2487 καὶ
2567 2433 2746 2488 πάντα
2781 2431 2852 2486 τά
2868 2433 2912 2464 ⁷⁷
2944 2433 3317 2505 ἁμαρτήματα
3360 2432 3508 2503 αὐτῷ
3551 2449 3759 2502 συγχω-

2178 2525 2388 2596 ρεῖσθαι
2417 2565 2432 2590 ,
2463 2524 2622 2579 τοῦτο
2665 2525 2828 2588 αὐτὸς
2873 2524 2953 2595 τῷ
2985 2524 3214 2595 πλησίον
3257 2528 3419 2586 ποιεῖ,
3451 2525 3529 2588 ὡς
3569 2523 3762 2577 ἑαυτὸν

2177 2618 2381 2671 ἐκεῖνον
2418 2617 2666 2686 ἀγαπῶν.
2711 2617 2822 2671 Ἑνὶ
2858 2617 3020 2688 λόγῳ,
3041 2617 3070 2670 ὃ
3099 2617 3244 2670 θέλει
3274 2617 3473 2688 ἐαυτῷ,
3499 2616 3646 2669 θέλει
3669 2616 3764 2670 καὶ

2175 2710 2255 2781 τῷ
2282 2710 2528 2781 πλησίον.
2559 2702 2730 2773 Οὗτος
2771 2709 2880 2780 γάρ
2908 2710 3024 2761 ἐστι
3057 2708 3193 2762 Θεοῦ
3221 2708 3385 2777 νόμος
3422 2708 3516 2760 καὶ¹
3549 2722 3766 2778 προφη-

2175 2801 2307 2865 τῶν,
2349 2801 2486 2873 αῦτη
2501 2802 2549 2834 ’⁸
2574 2800 2676 2871 τῆς
2699 2799 2958 2872 ἀληθείας
2983 2801 3018 2870 ή
3059 2799 3396 2875 διδασκαλία.
3436 2800 3548 2852 Καὶ
3592 2797 3767 2854 ταῦτα

2182 2894 2280 2965 μὲν
2314 2894 2501 2965 ἀγάπη
2533 2895 2566 2964 ή
2600 2892 2739 2965 πρὸς
2765 2891 2944 2946 πάντα
2976 2891 3262 2963 ἄνθρωπον
3289 2891 3472 2945 τελεία
3499 2891 3562 2944 τὸ
3596 2892 3772 2964 ἀρῥεν

2183 2989 2348 3062 μέρος
2403 2989 2550 3042 ἐστὶν
2607 2987 2706 3058 τῆς
2753 2983 3190 3056 φιλανθρωπίας,
3254 2983 3316 3037 τὸ
3371 2983 3428 3036 δὲ
3469 2983 3650 3036 ἐλεεῖν
3713 2983 3774 3038 τὸ

503 3072 730 3128 rientem
763 3069 930 3134 alere,
970 3077 1156 3138 potum
1193 3068 1399 3124 sitienti
1427 3068 1579 3135 dare,
1613 3067 1820 3123 nudum
1853 3067 2078 3130 vestire.

2184 3080 2316 3153 θῆλυ
2349 3081 2512 3153 μέρος
2534 3081 2680 3134 ἐστὶν
2713 3079 2900 3151 αὐτῆς.
2926 3079 3104 3150 Ὅπερ
3121 3079 3240 3131 ἐστὶ
3263 3077 3534 3131 πεινῶντα
3567 3077 3769 3148 θρέψαι

504 3165 726 3219 visitare
773 3164 1164 3232 languentem,
1217 3161 1487 3232 hospitem
1542 3161 1808 3230 recipere,
1863 3174 2083 3215 carcere

503 3257 827 3312 conclusum
873 3267 973 3322 pro
1016 3251 1225 3307 viribus
1257 3251 1495 3308 invisere
1519 3259 1576 3308 et
1599 3251 1814 3322 iuvare,
1857 3250 2083 3307 omnino

503 3348 741 3418 denique
762 3347 1066 3404 calamitosi
1093 3344 1362 3404 misereri.

579 3547 814 3603 XXXIII.
841 3548 954 3619 Ego
979 3561 1110 3603 vero
1137 3547 1326 3603 audito
1355 3546 1461 3602 hoc
1485 3543 1600 3601 dixi
1644 3562 1656 3599 :
1693 3541 1820 3598 Haec
1857 3543 2080 3614 quidem

506 3642 687 3698 facere
718 3658 1034 3716 possumus.
1067 3651 1122 3696 at
1147 3640 1387 3696 inimicis
1425 3636 1748 3694 benefacere
1783 3649 2085 3706 omnesque

504 3751 694 3792 eorum
724 3735 954 3804 injurias
983 3735 1238 3799 tolerare,
1265 3742 1324 3787 ut
1347 3731 1481 3786 insit
1503 3732 1558 3786 in
1593 3731 1834 3785 humana
1857 3737 2081 3796 natura,

506 3826 845 3898 impossibile
865 3835 1016 3896 puto.
1053 3823 1194 3879 Tum
1221 3823 1416 3879 Petrus
1455 3822 1776 3893 reSpOndit:
1810 3819 1978 3877 Recte
2001 3821 2086 3876 lo-

504 3929 774 3986 cutusges.
807 3917 948 3971 Cum
979 3917 1126 3970 enim
1151 3914 1464 3969 humanitas
1498 3929 1666 3968 causa
1692 3912 1764 3968 sit
1795 3912 2084 3966 immorta-

509 4012 700 4076 litatis,
747 4010 922 4064 multo
969 4015 1206 4063 constat.
1235 4005 1356 4059 Dixi
1395 4019 1534 4076 ego:
1575 4002 1696 4070 Quo
1725 4003 1888 4058 modo
1919 4002 2084 4073 igitur

509 4111 690 4156 mente
713 4109 896 4170 potest
941 4098 1194 4168 concipi?
1220 4095 1520 4166 Respondit
1545 4094 1777 4152 Petrus:
1817 4093 2084 4149 Humani-

509 4203 612 4260 tas,
663 4194 861 4248 dilecte
907 4191 1182 4257 Clemens,
1214 4189 1426 4260 acquiri
1456 4195 1656 4258 potest,
1693 4187 1740 4242 si
1766 4187 1891 4258 quis
1926 4187 2085 4258 plene

508 4285 612 4340 sibi
638 4283 990 4354 persuadeat,
1019 4282 1295 4344 inimicos,
1318 4282 1446 4336 dum
1471 4295 1610 4351 quos
1633 4280 1866 4334 oderunt
1887 4286 2086 4334 vexant

507 4379 575 4434 ad
594 4387 833 4446 tempus,
853 4376 1040 4432 aeterni
1065 4375 1316 4445 supplicii
1344 4374 1722 4429 liberationem
1755 4372 1860 4428 illis
1883 4371 2082 4442 produ-

2185 3175 2281 3228 xa‘t
2313 3173 2478 3228 ποτὸν
2506 3171 2726 3242 διψῶντι
2753 3173 3056 3242 παρασχεῖν
3083 3169 3177 3224 καὶ
3196 3169 3398 3241 γυμνὸν
3430 3170 3650 3224 ἐνδῦσαι
3670 3172 3767 3240 καὶ

2183 3266 2444 3320 νοσοῦντα
2486 3262 2885 3334 ἐπισκέψασθαι
2924 3263 3018 3316 καὶ
3051 3261 3200 3327 ξένον
3221 3260 3510 3333 Ιδέξασθαι,
3543 3262 3622 3333 τῷ
3638 3263 3684 3294 ⁷⁸
3708 3265 3766 3318 ὲν

2183 3360 2373 3430 εἱρκτῇ
2397 3355 2538 3412 κατά
2557 3355 2621 3410 τὸ
2646 3355 2868 3409 δυνατὸν
2884 3355 3301 3427 ἐπιφαινόμενον
3327 3353 3560 3426 βοηθεῖν,
3595 3354 3767 3424 anag-

2183 3449 2370 3512 απλῶς
2397 3449 2486 3502 τὸν
2515 3449 2573 3501 ὲν
2595 3450 2904 3520 συμφοραῖς
2924 3447 3165 3516 ἐλεῆσαι.

2251 3539 2490 3596 Χχχιιι.
2544 3539 2685 3611 Ἐγὼ
2708 3540 2764 3594 δὲ
2791 3538 3031 3603 ἀκούσας
3061 3539 3219 3611 ἔφην’
3253 3538 3439 3593 Ταῦτα
3479 3538 3578 3609 μὲν
3601 3539 3764 3592 δυνα-

2183 3635 2274 3690 τὸν
2319 3635 2598 3708 πράττειν’
2632 3632 2861 3705 ἐχθροὺς
2895 3632 2952 3686 δὲ
2994 3634 3322 3706 εὐεργετεῖν,
3357 3634 3540 3686 πᾶσαν
3586 3633 3765 3686 αὐτῶν

2185 3729 2522 3800 ὐποφέροντα
2567 3727 2850 3798 ἐπήρειαν,
2881 3726 2983 3778 οὐκ
3008 3714 3190 3796 οἴομαι
3212 3725 3257 3758 ⁸⁰
3283 3724 3508 3777 δυνατὸν
3549 3724 3764 3796 ἀνθρω-

2185 3820 2315 3890 πείᾳ
2341 3821 2620 3890 προσεῖναι
2642 3817 2823 3886 φύσει.
2845 3800 2955 3869 Καὶ
2975 3817 3002 3870 ὁ
3027 3817 3232 3888 Πέτρος
3252 3816 3612 3888 ἀπεκρίνατο·
3655 3818 3767 3890 ’ορ-

2187 3912 2296 3976 θῶς
2317 3912 2473 3984 ἔφηςο
2509 3910 2807 3973 ἀθανασίας
2836 3909 2946 3982 γὰρ
2971 3909 3120 3963 αἰτία
3147 3905 3280 3963 οὖσα
3318 3910 3351 3980 ή
3383 3909 3767 3982 φιλανθρωπία

2182 4004 2378 4060 ⁴πολλοῦ
2411 4003 2629 4057 δίδοται.
2667 4000 2836 4071 Κάγὼ
2877 4001 3032 4073 ἰφην·
3082 4000 3206 4064 Πῶς
3243 4001 3407 4072 280
3435 3999 3536 4056 οὖν
3561 4003 3608 4035 ⁸¹
3649 4001 3770 4055 σύν-

2183 4115 2329 4151 εστιν
2356 4098 2414 4150 ὲν
2456 4097 2531 4168 νῷ
2569 4095 2786 4161 λαϐεῖν;
2819 4095 2930 4149 Καὶ
2951 4097 2979 4148 ὁ
3001 4094 3204 4166 Πέτρος
3225 4095 3590 4166 ἀπεκρίνατο·
3624 4095 3768 4150 Ταύ-

2181 4207 2302 4262 την,
2335 4183 2380 4243 ὦ
2404 4190 2522 4259 φίλε
2562 4189 2793 4260 Κλήμης
2820 4189 2887 4251 ⁸³,
2919 4187 3102 4241 λαϐεῖν
3143 4188 3311 4252 ἐστιν,
3344 4187 3438 4241 ἐὰν
3493 4191 3768 4262 πληροφο-

2184 4283 2324 4357 ρηθῇ
2345 4302 2449 4348 τις,
2473 4285 2555 4338 ὅτι
2589 4285 2637 4336 οί
2661 4282 2850 4354 ἐχθροὶ
2886 4281 3023 4354 πρὸς
3070 4282 3261 4354 καιρὸν
3299 4281 3345 4315 ⁸³
3367 4284 3767 4354 κακουχοῦντες

2181 4379 2275 4442 οὒς
2301 4377 2567 4450 μισοῦσιν,
2598 4376 2816 4430 αἰωνίου
2851 4375 3122 4438 κολάσεως
3148 4374 3470 4448 ἀπαλλαγῆς
3491 4378 3674 4439 αὐτοῖς
3690 4375 3766 4429 αῖ-

507 4487 670 4527 cere:
705 4471 894 4540 sicque
937 4469 975 4525 ii
1011 4469 1179 4523 etiam
1217 4476 1279 4522 ut
1327 4465 1556 4522 benefici
1627 4466 1920 4520 admodum
1955 4463 2079 4519 dili-

2182 4487 2286 4524 τιοι
2311 4471 2569 4540 γίνονταυ
2599 4470 2895 4542 προσέτιδὲ
2921 4471 3116 4533 αὐτοὺς
3139 4469 3217 4532 ὼς
3240 4469 3537 4540 εὐεργέτας
3565 4469 3764 4540 σφόδρα

510 4572 724 4634 gentur.
773 4561 946 4617 Porro
987 4561 1074 4615 via
1113 4558 1506 4614 humanitatem
1549 4557 1873 4627 accipiendi,
1905 4555 2081 4611 amice

508 4655 783 4720 Clemens,
818 4653 980 4708 unica
1010 4659 1116 4713 est,
1159 4650 1416 4703 nimirum
1449 4647 1614 4702 timor
1657 4646 1775 4702 Dei.
1812 4647 1947 4701 Nam
1983 4646 2082 4717 qui

512 4746 667 4798 timet
690 4741 885 4804 Deum.
919 4755 1028 4795 non
1079 4738 1300 4810 quidem
1331 4744 1512 4806 potest
1556 4735 1829 4805 principio
1858 4735 2082 4805 diligere

512 4835 818 4906 proximum
852 4843 1113 4902 tanquam
1158 4845 1216 4885 se
1243 4849 1256 4884 :
1282 4829 1483 4884 etenim
1515 4829 1582 4883 ad
1611 4828 1716 4884 hoc
1751 4835 2080 4898 praeceptum

512 4944 620 4983 non
649 4927 858 4982 accedit
879 4928 1091 4990 anima;
1121 4931 1177 4976 at
1205 4921 1401 4975 timore
1422 4936 1548 4992 erga
1575 4919 1744 4975 Deum
1775 4918 2082 4974 amantium

511 5043 680 5098 opera
703 5037 891 5098 potest,
910 5039 1186 5097 peragere,
1212 5021 1402 5092 sicque
1439 5030 1651 5091 postea,
1681 5020 1772 5074 ubi
1799 5032 1964 5088 opera
2000 5016 2085 5072 di-

583 5196 612 5226 ι
643 5181 834 5237 Matth.
867 5196 966 5248 vn,
1005 5179 1091 5234 I2.

2185 4565 2578 4636 ἀγαπήσουσιν.
2622 4564 2685 4617 Ἦ
2707 4563 2763 4617 δὲ
2799 4563 2914 4626 ὁδὸς
2943 4563 3279 4634 τοῦιταύτην
3314 4562 3525 4625 λαϐεῖν,
3557 4556 3602 4614 ὦ
3643 4561 3761 4630 φίλε

2187 4658 2417 4727 Κλήμης
2433 4656 2498 4718 ⁸⁸,
2532 4656 2628 4728 μία
2650 4657 2733 4718 τίς
2771 4656 2942 4721 ἐστιν,
2973 4656 3120 4725 ἤπερ
3149 4655 3265 4706 ἐστὶ
3289 4653 3459 4724 φόϐος
3495 4652 3652 4706 Θεοῦ.
3701 4652 3760 4704 '0

2187 4748 2296 4822 γὰρ
2336 4748 2467 4801 Θεὸν
2495 4747 2826 4818 φοϐούμενος
2845 4747 2936 4801 τὸν
2965 4747 3189 4818 πλησίον
3226 4747 3301 4808 ὡς
3331 4746 3528 4800 ἑαυτὸν
3549 4745 3766 4814 ἀγαπᾷν

2192 4841 2290 4912 μὲν
2317 4839 2596 4912 καταρχὰς
2609 4841 2670 4893 οὐ
2699 4839 2936 4892 δύναται·
2971 4841 3092 4892 ἐπεὶ
3111 4839 3172 4891 τὸ
3194 4837 3439 4892 τοιοῦτον
3471 4835 3763 4891 κελεύειν⁸³

2189 4934 2250 4986 οὐ
2274 4933 2636 5005 προσέρχεται
2661 4935 2728 5004 τῇ
2759 4933 2927 5003 ψυχῇ·
2956 4931 3035 5002 τῷ
3068 4932 3247 5002 μέντοι
3279 4930 3424 5001 πρὸς
3456 4932 3586 4984 Θεὸν
3619 4927 3762 4997 φόϐῳ

2189 5023 2258 5078 τά
2283 5023 2617 5093 ἀγαπώντων
2651 5028 2822 5078 ποιεῖν
2862 5024 3106 5090 δύναται,
3152 5025 3245 5078 καὶ
3274 5021 3376 5077 εἷθ’
3419 5024 3591 5086 οὕτως
3625 5020 3754 5092 πρέμ-

1813 5284 2047 5341 νΑῙίΙᾹΞ
2088 5285 2488 5343 LECTIONES.

563 5389 609 5422 το
636 5383 1053 5459 ὲμπαγίδι-εοᾶ.
1091 5381 1243 5459 Beg._
1265 5375 1536 5459 8.04.130.
1565 5372 1701 5459 Luc:
1732 5394 1830 5459 ιιι,
1851 5376 1912 5459 ρ,
2059 5376 2127 5459 ﬂ"
2154 5374 2303 5459 Fort.
2334 5373 2649 5459 addepdum
2685 5376 2735 5459 εί
2768 5371 3061 5459 νυξὶ-οἷον.
3103 5367 3206 5459 cfr.
3237 5380 3402 5459 hom.
3425 5395 3541 5459 art,
3573 5379 3666 5459 ιο.
3697 5377 3756 5435 8.

494 5456 540 5493 "
571 5445 713 5514 ὲλεέῖ
745 5445 814 5511 υ]
882 5457 929 5526 ’ξ
961 5445 1369 5526 προαδικεῖσθαι
1395 5449 1458 5517 D,
1495 5448 1940 5526 προσαδικεῖσθαι
1967 5446 2122 5526 CL
2151 5447 2290 5526 app;
2323 5445 2624 5526 ἀδικεῖσθαι
2657 5445 3067 5526 θίιεὶςιῐιά.“ϐξ.
3101 5450 3155 5504 in
3186 5467 3296 5526 quo
3320 5445 3761 5526 subindea‘uexc»
3801 5447 3808 5458 “

495 5547 608 5598 ταιν
643 5541 704 5584 ιιι
740 5527 868 5583 εκιιο
897 5525 962 5580 0-
1007 5515 1083 5598 "f
1115 5515 1474 5598 ὀργιζόμενος
1499 5515 1654 5598 “die?
1683 5521 1832 5598 ξοιιο.
1856 5520 1986 5598 ῐῖθες
2020 5517 2159 5598 θίέιο.
2198 5515 2270 5598 '1?
2312 5515 2770 5598 ἀχςριεττξιὲμενρς
2805 5521 2883 5598 0-.
2943 5519 2991 5598 ’ξ
3023 5515 3437 5598 ἀιῆτξρτςάνοντσξς
3468 5522 3589 5598 ch-
3626 5515 3753 5598 lli-‘8:

495 5591 621 5655 δολί.
699 5601 742 5631 ⁷⁷
775 5599 844 5652 τά
875 5595 1078 5652 inserui
1123 5591 1170 5650 (ε’.
1197 5591 1266 5648 0.
1313 5591 1386 5624 ’⁷⁸
1411 5591 1513 5646 αῦτ

1586 5589 1645 5656 S,
1677 5589 1742 5654 0,
1775 5591 1910 5661 αὐτὴ
1938 5592 2003 5652 (1,
2031 5589 2168 5661 αὐτή
2209 5587 2301 5661 Cl._
2352 5585 2525 5656 πήτῷ
2718 5590 2778 5644 1).
2815 5589 2925 5643 τῶν
2957 5591 3018 5645 0.
3064 5585 3243 5646 ’⁸⁰ὀἰέ

3327 5613 3344 5646 ι
3379 5597 3441 5647 0.
3498 5594 3562 5635 -⁸¹
3595 5590 3685 5646 οὖν
3715 5590 3758 5642 υ

494 5682 548 5725 ct
580 5687 647 5751 eg
686 5669 920 5752 conject.
959 5667 999 5720 C
1023 5706 1037 5730 ,
1069 5666 1121 5752 in
1157 5664 1267 5752 c'uj.
1323 5673 1470 5752 tcx'tu
1501 5658 1586 5750 οὐ.
1661 5663 1713 5752 3:
1745 5658 1944 5752 ιξλήμη
2197 5658 2530 5752 ξρόσκαιρον
2561 5659 2622 5716 0.
2696 5663 2743 5700 υ
2779 5661 2981 5734 Κλήμη
3020 5665 3062 5717 υ
3094 5658 3423 5720 causam".
3499 5664 3546 5696 se
3574 5663 3663 5718 ἐπὶ
3695 5661 3755 5717 τὸ

492 5740 706 5796 τοιοῦτο
740 5731 1134 5793 κελεῦσαντιϐ.
1162 5731 1300 5790 Tum
1331 5735 1364 5804 ή
1389 5733 1534 5806 ψυχή
1568 5751 1621 5805 p.
1650 5735 1718 5806 τῇ
1751 5731 1897 5806 ψυχῇ
1927 5732 2030 5803 legi
2054 5731 2169 5786 vult
2197 5731 2256 5786 ὃ.
