4082 6160
359 287 474 351 11ςεί

1499 285 1960 343 CLEMEN'HNA.
1998 319 2065 327 -—-
2100 284 2384 343 IIOMILIA
2424 287 2562 343 XIII.

3513 300 3619 355 350

360 415 511 480 ξαντι
539 410 608 465 τὰ
644 410 866 481 ἀγάπης
893 409 953 463 τὸ
985 406 1204 478 ἀγαπᾷν
1234 405 1310 468 ὼς
1329 403 1514 475 νύμφη
1543 399 1679 458 οὖσα
1707 400 1930 474 προσφέ-

2041 399 2290 456 lectionis
2323 400 2530 467 fecerit,
2567 402 2806 458 Charitas
2831 403 2980 458 velut
3008 419 3210 473 sponsa
3241 405 3426 460 timori
3470 407 3620 463 velut

361 525 514 580 ρεται
537 506 613 568 ὡς
634 503 853 574 νυμφίῳ
872 502 948 573 τῷ
972 500 1140 571 φόϐῳ
1164 499 1260 553 καί⁸
1289 496 1462 560 οὕτως
1481 497 1610 559 τοὺς
1631 492 1939 564 φιλανθρώ-

356 618 494 662 πους
525 598 785 651 τίκτουσα
805 594 1098 664 λογισμοὺς
1119 592 1384 645 ἀθάνατον
1415 589 1596 660 τίθησι
1620 588 1710 640 τὸν
1739 605 1939 658 κεκτη-

360 691 544 762 μένον,
577 689 654 752 ὡς
700 687 884 741 εἰκόνα
918 685 1053 739 Θεοῦ
1070 686 1116 717 ⁸⁵
1146 684 1358 756 ὁμοίαν,
1393 685 1499 737 ὑπὸ
1545 684 1750 754 φθορᾶς
1781 684 1940 757 ὑϐρι-

359 782 548 853 σθῆναι
586 782 659 852 μὴ
703 779 1007 851 δυναμένην
1042 778 1141 850 τὴν
1185 777 1348 830 αὑτοῦ
1384 777 1563 846 φύσιν.
1627 777 1808 846 Ὀμῶς
1845 777 1937 830 τὸν

355 877 452 946 τῆς
501 872 910 944 φιλανθρωπίας
961 871 1255 941 ἐκθεμένου
1304 871 1436 941 ἡμῖν
1480 869 1659 940 λόγον,
1697 870 1938 942 ἑσπέρας

357 965 884 1036 ἐπικαταλαϐούσης,
918 965 997 1028 είς
1022 962 1186 1016 ὕπνον
1213 963 1548 1034 ἐτράπημεν.

956 1145 1209 1202 'OMIAIA
1248 1147 1347 1199 ll".

423 1263 468 1317 I.
517 1261 754 1334 Ὄρθρου
781 1259 837 1315 δὲ
870 1261 1163 1332 γενομένου
1204 1263 1232 1314 6
1276 1261 1480 1330 Πέτρος
1510 1260 1695 1316 εἰσιὼν
1735 1262 1779 1294 ⁸⁷
1805 1264 1932 1336 ἔφη·

369 1357 426 1409 Ὁ
458 1356 554 1426 μὲν
584 1355 816 1425 Κλήμης
851 1353 988 1424 μετά
1008 1355 1107 1424 τῆς
1135 1353 1298 1407 αὑτοῦ
1331 1354 1536 1425 μητρὸς
1564 1349 1865 1420 Ματτιδίας
1891 1359 1936 1389 ⁸⁸

356 1449 450 1501 καὶ
487 1448 586 1518 τῆς
625 1442 763 1517 ἐμῆς
790 1443 1047 1515 γυναικὸς
1084 1447 1198 1517 ἅμα
1228 1446 1319 1498 ἐπὶ
1347 1445 1441 1498 τοῦ
1473 1448 1748 1518 ὀχήματος
1770 1445 1927 1520 281

357 1536 786 1605 καθεζέσθωσαν.
824 1539 934 1592 Καὶ
964 1535 1113 1609 ὁμῶς
1135 1539 1306 1601 οὕτως
1339 1539 1570 1607 ἐγένετο.
1611 1533 1933 1612 ὐρμώντων

352 1633 406 1686 δὲ
433 1633 588 1704 ἡμῶν
614 1633 712 1704 τὴν
737 1633 827 1685 ἐπί
853 1633 896 1664 ⁸9
925 1631 1190 1694 Βαλανίας
1207 1632 1346 1694 ὁδὸν,
1369 1631 1598 1684 ἐπύθετό
1628 1650 1731 1703 μου
1767 1635 1799 1705 ἡ
1832 1635 1935 1704 μή-

2044 508 2248 562 sponso
2277 494 2634 564 adjungitur:
2678 503 2843 564 atque
2884 495 2958 549 ita
3001 497 3358 554 humanitatis
3388 501 3618 571 gignens
3689 542 3692 546 η

2042 583 2400 653 cogitationes
2431 583 2797 638 immortalem
2834 585 3009 638 reddit
3041 601 3435 656 possessorem,
3469 593 3617 646 velut

2043 678 2334 747 imaginem
2368 677 2479 731 Dco
2512 676 2770 744 similem,
2797 677 3067 747 cujusque
3104 690 3298 735 natura
3325 693 3561 752 nequeat
3582 699 3613 736 a

2041 769 2387 838 corruptione
2409 768 2642 822 ludibrio
2660 768 2869 822 haberi.
2899 767 3167 824 Cancrum
3193 781 3485 842 postquam
3513 774 3619 826 hu--

2041 859 2320 914 manitatis
2350 859 2656 914 doctrinam
2688 861 2846 914 nobis
2869 862 3143 930 exposuit,
3170 878 3396 933 vespera
3425 879 3614 920 succc-

2039 952 2220 1020 dente,
2253 952 2320 1008 ad
2344 967 2598 1007 somnum
2629 969 2728 1009 nos
2759 955 3112 1010 contulimus.

2605 1137 2888 1192 IIOMILIA
2924 1138 3062 1193 XIII.

2108 1255 2149 1310 1.
2182 1256 2386 1311 Exorto
2420 1265 2600 1311 autem
2629 1271 2790 1310 mane
2815 1257 3097 1326 ingressus
3128 1256 3324 1312 Petrus
3351 1259 3428 1313 ait
3453 1278 3467 1315 :
3491 1259 3614 1315 Cle-

2039 1362 2194 1402 mens
2225 1363 2349 1402 cum
2383 1357 2556 1401 matre
2586 1362 2683 1401 sua
2723 1345 2972 1400 Mattidia
3004 1357 3059 1401 et
3094 1363 3212 1401 mea
3245 1364 3414 1403 uxore
3446 1350 3613 1404 simul

2038 1439 2093 1491 in
2149 1454 2310 1493 curru
2361 1439 2701 1494 cousidcant.
2756 1437 3066 1508 Statimque
3119 1439 3190 1492 ita
3245 1439 3448 1494 factum
3503 1452 3608 1497 est.

2036 1528 2287 1598 Cumque
2334 1544 2432 1598 per
2489 1529 2634 1581 viam
2683 1543 2802 1597 quae
2853 1527 3136 1584 Balanzcas
3179 1529 3328 1583 ducit
3362 1546 3613 1602 pergere-

2035 1624 2180 1687 mus,
2210 1623 2568 1691 interrogavit
2601 1637 2686 1675 me
2714 1631 2911 1687 mater,
2955 1638 3066 1692 quo
3105 1608 3270 1677 modo
3299 1632 3450 1692 pater
3485 1641 3612 1695 age-

351 1742 474 1796 τηρ,
513 1724 630 1788 πῶς
653 1726 681 1777 6
716 1725 898 1796 πατὴρ
923 1723 1120 1792 διάγει.
1160 1723 1331 1792 Κάγὼ
1364 1725 1518 1795 ἔφην·
1565 1719 1686 1778 Ἐπὶ
1711 1725 1811 1797 τὴν
1845 1725 1930 1798 ξή-

2038 1723 2138 1768 rct.
2168 1711 2439 1782 Respondi
2471 1734 2483 1767 :
2512 1713 2594 1767 Ad
2635 1713 3021 1799 requirendum
3061 1722 3113 1768 te
3138 1730 3201 1769 ac
3229 1716 3476 1784 geminos
3500 1715 3612 1772 lii-a—

351 1820 509 1890 τησίν
546 1836 638 1872 σου
673 1820 767 1871 καὶ
806 1817 914 1871 τῶν
947 1813 1180 1888 διδύμων
1212 1816 1455 1885 ἀδελφῶν
1500 1834 1600 1888 μου
1632 1817 1928 1871 Φαυστίνου

350 1929 410 1964 τε
450 1910 544 1964 καὶ
583 1909 970 1981 Φαυστινιανοῦ
998 1909 1184 1973 ἐκϐὰς,
1233 1905 1520 1980 ἀνεύρετός
1546 1910 1710 1962 ἐστιν.
1749 1905 1917 1980 Οἶμαι

351 2002 406 2057 δὲ
445 2005 508 2057 ἐκ
538 2002 632 2056 τοῦ
668 2002 918 2056 πλείστου
961 1997 1279 2072 τελευτῆσαι
1319 2001 1500 2064 αὑτὸν,
1546 2000 1578 2072 ἢ
1614 2001 1940 2072 ναυφραγίῳ·

351 2095 733 2167 περιπεσόντα,
768 2090 800 2165 ἢ
831 2096 886 2147 ἐν
912 2092 1014 2164 ὀδῷ
1042 2089 1311 2162 σφαλέντα
1327 2093 1395 2156 ⁹⁰,
1422 2093 1454 2163 ἢ
1484 2088 1588 2145 ὑπὸ
1615 2087 1794 2163 λύπης
1835 2110 1933 2162 μα-

355 2189 635 2262 ρανθέντα.
684 2189 749 2242 'H
781 2185 837 2241 δέ
879 2185 1160 2240 ἀκούσασα
1193 2186 1288 2240 καὶ
1334 2185 1630 2256 ὲπίδακρυς
1663 2178 1928 2255 γενομένη

350 2281 602 2348 ἐστέναξε
642 2279 966 2352 λυπηθεῖσα,
1008 2281 1074 2350 τῇ
1109 2278 1165 2331 δὲ
1200 2276 1337 2350 πρὸς
1369 2271 1468 2346 ἐμὲ
1501 2271 1712 2346 εὑρέσει
1733 2275 1774 2307 ⁹¹
1811 2275 1932 2346 χαί-

353 2385 522 2444 ρουσα
553 2374 652 2444 τὴν
686 2373 748 2425 ἐκ
780 2372 880 2442 τῆς
906 2369 1264 2442 ὑπομνήσεως
1287 2368 1464 2440 λύπην
1495 2367 1730 2439 μετρίως
1752 2368 1932 2439 ἀπήμ-

349 2466 560 2521 ϐλυνεν.
602 2465 782 2537 Ὀμῶς
814 2459 906 2517 οὖν
936 2459 1354 2533 κατηντήσαμεν
1401 2461 1481 2523 είς
1512 2458 1798 2522 Βαλανίας.
1850 2460 1928 2530 Τῇ

347 2560 403 2613 δὲ
436 2559 663 2631 ἐπιούσῃ
689 2556 871 2630 ἡμέρᾳ
891 2559 937 2588 ⁹¹
962 2558 1041 2618 είς
1064 2551 1270 2608 Πάλτον
1295 2552 1550 2625 ἤλθομεν,
1577 2552 1830 2606 κάκεῖθεν
1851 2550 1932 2617 εἰς

348 2651 624 2705 Γάϐαλαν·
659 2654 724 2722 τῇ
751 2650 806 2703 δὲ
846 2649 1010 2720 ἑτέρα
1035 2648 1458 2718 κατηντήσαμεν
1485 2646 1566 2708 εἰς
1585 2645 1926 2700 Λαοδίκειαν.

347 2744 457 2797 Καὶ
495 2743 602 2798 ίδοὺ
637 2743 741 2814 πρὸ
766 2742 875 2796 τῶν
906 2741 1084 2814 θυρῶν
1107 2740 1354 2811 Νικήτης
1380 2739 1476 2792 καὶ
1508 2738 1738 2803 Ἀκύλας
1765 2740 1932 2812 ἀπήν-

345 2850 453 2890 των
481 2839 632 2907 ἡμῖν,
676 2835 770 2888 καὶ
814 2833 1283 2903 καταφιλήσαντες
1313 2826 1447 2901 ἦγον
1481 2831 1572 2883 ἐπὶ
1597 2831 1696 2902 τὴν
1727 2829 1926 2897 ξενίαν.

358 2923 416 2980 Ὀ
456 2927 511 2980 δέ
541 2927 748 2998 Πέτρος
781 2925 951 2996 καλὴν
985 2925 1075 2977 καὶ
1106 2922 1342 2994 μεγάλην
1371 2923 1522 2976 πόλιν
1554 2921 1696 2977 ίδὼνο
1723 2921 1928 2992 Ἀξιον,

347 3019 474 3090 ἔφη,
514 3019 745 3072 ἐνταῦθα
788 3017 1007 3088 ἡμερῶν
1036 3018 1331 3086 ἐπιμεῖναι.
1373 3015 1461 3078 Ὡς
1484 3014 1592 3087 γὰρ
1630 3012 1834 3071 ἐπίπαν
1869 3018 1930 3071 τὸ

2034 1816 2144 1861 tres
2188 1822 2340 1860 meos
2380 1804 2704 1861 Faustinum
2749 1815 2803 1860 ct
2836 1797 3252 1860 Faustinianum
3301 1805 3608 1873 profectus,

2031 1912 2139 1951 non
2169 1897 2404 1966 amplius
2435 1899 2744 1967 comparuit
2777 1915 2789 1950 :
2834 1903 2964 1966 puto
2994 1906 3175 1951 autem
3209 1911 3333 1951 eum
3377 1913 3406 1950 a
3444 1899 3611 1970 longo

2032 1999 2273 2058 tempore
2299 1988 2523 2047 obiisse.
2550 1989 2636 2042 vel
2664 1989 2994 2043 incidentem
3031 1991 3082 2042 in
3107 1988 3496 2060 'naul‘ragium,
3523 1994 3608 2046 vel

2031 2081 2084 2135 in
2112 2081 2196 2134 via
2221 2081 2676 2146 circumventum,
2702 2082 2784 2136 vel
2806 2097 2835 2136 e
2859 2083 3046 2138 dolore
3068 2085 3245 2138 tabem
3270 2101 3516 2154 passum.
3538 2086 3610 2140 At

2032 2171 2120 2225 illa
2153 2172 2381 2225 audiens
2411 2171 2668 2242 lacrymis
2699 2171 2910 2227 obortis
2959 2174 3258 2247 suspiravit
3290 2191 3399 2244 prae
3434 2176 3612 2229 tristis

2031 2265 2126 2330 tia,
2159 2259 2349 2320 verum
2383 2265 2454 2320 ob
2499 2281 2586 2320 me
2612 2265 2892 2320 inventum
2925 2268 3166 2336 gaudens
3195 2267 3260 2322 de
3283 2283 3520 2323 mmrorc
3541 2280 3609 2324 ex

2031 2358 2549 2414 commemoratione
2603 2368 2724 2413 orto
2777 2359 3062 2427 paululum
3123 2361 3355 2414 remisit.
3420 2360 3610 2430 Itaque

2030 2451 2284 2506 venimus
2308 2452 2608 2506 Balanzens.
2655 2450 2915 2521 Sequenti
2951 2468 3080 2506 vero
3102 2451 3190 2508 die
3231 2451 3444 2507 Paltum
3482 2469 3609 2522 pro-

2032 2541 2157 2598 fecti
2181 2559 2375 2598 sumus
2393 2586 2407 2609 ,
2427 2552 2480 2597 et
2499 2543 2623 2598 inde
2643 2542 2925 2608 Gabalam,
2943 2544 3158 2614 aliaque
3181 2545 3267 2598 die
3281 2544 3608 2599 Laodiceam

2030 2635 2374 2690 devenimus.
2422 2635 2489 2690 Et
2519 2651 2647 2691 ecce
2698 2644 2826 2690 ante
2866 2645 3056 2705 portas
3100 2646 3400 2691 occurrunt
3448 2637 3608 2692 nobis

2029 2724 2246 2780 Nicetas
2267 2734 2322 2780 et
2345 2725 2562 2795 Aquila,
2586 2733 2640 2780 et
2663 2725 2893 2779 osculati
2932 2725 3140 2780 ducunt
3172 2726 3237 2780 ad
3287 2728 3605 2796 hospitium.

2031 2815 2226 2872 Petrus
2251 2826 2433 2871 autem
2464 2817 2654 2872 videns
2681 2817 2980 2886 {pulchram
3025 2832 3392 2888 magnamque
3417 2820 3611 2874 civita-

2033 2919 2138 2964 tem
2163 2951 2179 2976 ,
2214 2907 2457 2978 Equum
2491 2917 2595 2975 est,
2624 2907 2824 2977 inquit,
2858 2907 2948 2963 hic
2985 2908 3191 2976 aliquot
3214 2908 3332 2962 dies
3363 2923 3612 2964 commo~

2030 3001 2162 3056 rari.
2200 2997 2337 3053 Nam
2383 2997 2495 3053 fere
2540 3014 2756 3068 semper
2798 2998 3091 3052 multitudo
3131 2995 3403 3052 efﬁcacior
3425 3006 3510 3052 est
3541 2997 3609 3052 ad

347 3110 547 3182 πλῆθος
571 3106 938 3181 δυνατώτερὼ
963 3110 1076 3160 ἐστι
1102 3105 1305 3161 τίκτειν
1331 3107 1376 3138 ⁸³
1394 3104 1520 3170 τοὺς
1542 3106 1924 3179 ξητουμένους.

2033 3093 2416 3164 producendos
2435 3104 2575 3161 quos
2596 3091 2918 3161 quaerimus.
2943 3089 3080 3144 Tum
3104 3088 3323 3144 Nicctas
3349 3090 3609 3159 etAquiItl

356 3203 416 3256 Ὃ
450 3202 549 3274 μὲν
586 3197 678 3255 οὖν
726 3201 972 3271 Νικήτης
1004 3198 1099 3251 καὶ
1149 3196 1381 3260 Ἀκύλας
1415 3196 1775 3252 ἐπυνθάνοντό
1803 3217 1925 3271 μου,

345 3294 428 3358 τίς
453 3294 540 3366 εἴη
567 3293 703 3366 αὕτη
738 3291 922 3364 ήξένη
966 3293 1120 3364 γυνή-
1150 3290 1321 3359 Κάγὼ
1350 3289 1504 3362 ἔφην·
1555 3291 1692 3364 Ἐμὴ
1723 3293 1924 3365 μήτηρ,

347 3387 415 3456 ἦν
447 3386 743 3456 ἐπιγνῶναί
787 3403 877 3457 μοι
909 3388 937 3439 ὁ
969 3384 1102 3449 Θεὸς
1127 3383 1215 3438 διὰ
1238 3379 1445 3455 Πέτρου
1472 3383 1566 3437 τοῦ
1594 3384 1803 3456 κυρίου.
1825 3403 1926 3456 μου

347 3479 674 3551 ἐδωρήσατο.

417 3569 476 3624 ΙΙ.
509 3571 693 3625 Ταῦτά
743 3584 842 3642 μου
887 3569 1150 3634 εἰπόντος,
1200 3571 1228 3622 6
1270 3569 1475 3640 Πέτρος
1526 3569 1702 3622 πάντα
1744 3571 1927 3634 αὐτοῖς

345 3663 437 3715 ἐπὶ
467 3663 774 3732 κεφαλαίων
812 3662 1042 3727 ἐξέθετο,
1072 3657 1147 3723 ὡς
1189 3661 1304 3731 ἆμα
1347 3661 1424 3731 τῷ
1455 3659 1503 3692 ⁸⁸
1528 3658 1720 3724 αὐτοὺς
1762 3678 1924 3732 προο-

343 3756 528 3810 δεῦσαι
558 3755 666 3825 ἐγὼ
697 3752 926 3826 Κλήμης
952 3753 1012 3806 τὸ
1040 3747 1170 3822 ἐμὸν
1197 3752 1351 3821 γένος
1382 3752 1530 3822 αὑτῷ
1564 3753 1726 3823 282
1751 3753 1927 3818 ἐξεθέ-

347 3869 474 3922 μην,
524 3849 619 3902 καὶ
660 3843 758 3919 τῆς
796 3847 999 3919 μητρὸς
1029 3845 1127 3917 τὴν
1174 3845 1238 3898 ἐκ
1277 3844 1376 3914 τῆς
1393 3843 1487 3897 τοῦ
1544 3845 1752 3916 ὀνείρου
1793 3846 1927 3899 πλα-

344 3943 478 4014 στῆς
505 3943 550 3974 ⁸⁸
584 3941 906 4011 προφάσεως
936 3936 1072 4006 μετὰ
1117 3935 1226 3990 τῶν
1254 3935 1493 4006 διδύμων
1519 3935 1688 4008 αὑτῆς
1720 3937 1924 3991 τέκνων

342 4031 638 4104 γενομένην
671 4022 994 4100 ἀποδημίαν,
1023 4027 1101 4079 ἔτι
1125 4043 1186 4080 τε
1219 4025 1312 4079 καὶ
1344 4023 1438 4078 τοῦ
1472 4025 1675 4097 πατρὸς
1705 4027 1804 4098 τὴν
1833 4027 1926 4081 ἐπὶ

343 4123 567 4197 ζήτησιν
594 4123 761 4193 αὐτῆς
794 4116 1129 4192 ἀποδημίανο
1164 4120 1351 4173 ἔπειτα
1378 4120 1471 4172 καὶ
1511 4117 1586 4183 ὡς
1624 4119 1783 4184 αὐτὸς
1816 4121 1922 4174 Πέι·

341 4233 466 4286 τρος
505 4213 642 4286 μετὰ
671 4208 732 4266 τὸ
765 4212 989 4266 ἀκοῦσαι
1017 4211 1184 4264 ταῦτα
1221 4211 1476 4264 εἰσελθὼν
1513 4213 1592 4274 εἰς
1628 4212 1726 4282 τὴν
1764 4213 1923 4283 νῆσον

341 4309 435 4361 καὶ
555 4306 774 4374 γυναικὶ
808 4302 1080 4373 συντυχὼν
1111 4303 1206 4356 καὶ
1237 4302 1631 4374 προσαιτοῦσαν
1657 4302 1798 4367 ἰδὼν,
1829 4303 1924 4357 καὶ

339 4399 435 4452 τοῦ
459 4400 768 4470 προσαιτεῖν
796 4397 896 4468 τὴν
916 4396 1092 4448 αἰτίαν
1115 4395 1434 4466 πυθόμενος,
1462 4395 1601 4463 ἔγνω
1623 4393 1728 4466 [τὸ]
1754 4395 1801 4427 ⁹⁶
1821 4394 1921 4448 αὑΔ
1955 4431 1998 4485 D

339 4491 439 4562 τῆς
471 4491 646 4559 γένος,
675 4489 838 4541 ἀναστ
851 4487 1037 4558 ροφὴν,
1071 4485 1164 4538 τὸν
1186 4485 1418 4539 πλαστὸν
1452 4483 1676 4555 ὄνειρον,
1699 4486 1918 4539 καὶτῶν

339 4582 544 4636 τέκνων
565 4580 637 4633 τὰ
663 4580 921 4649 ὀνόματα,
944 4577 1078 4648 ἐμοῦ
1105 4595 1164 4630 τε
1187 4576 1280 4630 τοῦ
1303 4577 1749 4646 καταλειφθέντος
1770 4577 1919 4649 παρὰ

342 4674 424 4744 τῷ
471 4675 638 4745 πατρὶ
688 4671 781 4726 καὶ
820 4671 929 4724 τῶν
978 4670 1111 4741 αὐτῇ
1164 4663 1644 4740 συμπορευθέντων
1684 4667 1921 4741 διδύμων

344 4763 568 4826 τέκνων,
601 4762 693 4814 καὶ
723 4758 815 4822 οὓς
841 4759 885 4789 ⁹⁷
909 4759 965 4810 ἐν
995 4756 1141 4827 βυθῷ
1175 4758 1450 4810 ὑπενοεῖτο
1475 4757 1809 4829 τεθνηκέναι.

416 4854 501 4907 ΙΙΙ.
543 4853 758 4906 Τούτων
806 4846 898 4903 οὖν
954 4847 1337 4919 κεφαλαιωδῶς
1379 4846 1646 4920 ῥηθέντων
1679 4847 1785 4902 ὑπὸ
1821 4847 1924 4902 Πέ-

337 4964 491 5020 τρου,
523 4947 552 4998 ὁ
583 4945 827 5016 Νικήτης
858 4943 950 4996 καὶ
983 4943 1013 4994 ὁ
1052 4940 1280 5004 Ἀκύλας
1317 4934 1677 5008 ἐκπλαγέντες
1709 4941 1918 5010 ἔλεγον·

2031 3184 2379 3254 requirebant
2423 3197 2453 3236 a
2481 3199 2598 3248 me,
2627 3198 2879 3252 quaenam
2909 3191 3055 3237 esset
3081 3182 3368 3251 peregrina
3395 3183 3610 3251 ignota-

2029 3291 2134 3346 que
2170 3291 2232 3330 ea
2276 3275 2494 3329 mulier.
2528 3273 2592 3327 Et
2638 3289 2739 3344 ego
2768 3273 3068 3342 respondi:
3116 3271 3288 3326 Mater
3333 3288 3451 3326 mea
3499 3283 3606 3340 est,

2027 3383 2193 3438 quam
2222 3380 2518 3436 agnoscere
2559 3365 2785 3419 donavit
2821 3364 2955 3417 mihi
2997 3362 3164 3426 Deus,
3191 3379 3289 3432 per
3322 3363 3605 3418 dominum

2030 3475 2209 3514 tneum
2232 3459 2476 3512 Petrum.

2097 3567 2159 3625 ll.
2190 3569 2315 3626 Haec
2336 3586 2460 3626 cum
2487 3585 2588 3641 ego
2614 3569 2895 3634 dixissem,
2919 3575 3114 3623 cuncta
3141 3567 3220 3622 eis
3243 3565 3436 3622 Petrus
3456 3580 3608 3620 sum~

2027 3652 2216 3718 matim
2244 3663 2496 3734 exposuit
2525 3681 2539 3717 :
2581 3661 2726 3732 quod
2753 3672 3042 3732 postquam
3073 3662 3147 3714 illi
3175 3659 3602 3729 praecessissent,

2025 3769 2127 3824 ego
2150 3755 2402 3809 Clemens
2426 3769 2596 3824 genus
2621 3769 2797 3807 meum
2833 3754 2934 3822 ipsi
2971 3753 3361 3818 enarraverim,
3397 3760 3450 3806 et
3486 3766 3605 3804 ma-

2027 3847 2124 3902 tris
2169 3863 2291 3902 cum
2343 3847 2574 3916 geminis
2617 3847 2731 3901 suis
2776 3845 2902 3901 [iliis
2943 3856 3206 3913 praetextu
3238 3846 3364 3900 ﬁcto
3401 3846 3604 3899 somnii

2026 3937 2440 4011 profectionem,
2470 3952 2726 4005 praeterea
2766 3939 2934 4007 patris
2977 3939 3043 3992 ad
3093 3939 3439 4008 quaerendam
3485 3954 3603 3993 ma-

2029 4044 2163 4088 trem
2191 4033 2312 4098 iter,
2340 4031 2534 4086 deinde
2556 4046 2664 4100 quo
2693 4033 2855 4085 modo
2882 4032 2995 4100 ipse
3020 4031 3212 4087 Petrus
3239 4031 3327 4087 ubi
3358 4033 3471 4087 haec
3497 4049 3601 4086 au-

2025 4126 2234 4190 diissct,
2263 4124 2493 4180 insulam
2515 4123 2792 4193 ingressus
2815 4125 3093 4178 mulierem
3121 4124 3404 4188 invenerit,
3434 4140 3599 4194 quam

2026 4217 2334 4271 mendicare
2363 4215 2575 4280 videns,
2623 4225 2676 4269 et
2708 4230 2928 4270 causam
2963 4217 3376 4270 mendicationis
3410 4226 3603 4283 postu-

2026 4310 2165 4376 lans,
2204 4307 2516 4378 cognoverit
2549 4308 2694 4361 illius
2734 4321 2925 4376 genus,
2972 4306 3371 4372 educationem,
3414 4309 3599 4362 lictum

2028 4401 2322 4465 somnium,
2375 4400 2668 4454 liberorum
2720 4398 2964 4461 nomina,
3011 4414 3192 4453 meum
3242 4401 3470 4466 scilicet,
3505 4402 3599 4469 qui

2033 4493 2252 4547 relictus
2296 4489 2502 4546 fueram
2549 4491 2691 4560 apud
2723 4499 2952 4560 patrem,
2982 4499 3035 4543 et
3060 4491 3396 4555 geminorum
3446 4501 3602 4544 nato-

2028 4598 2170 4644 rum.
2199 4582 2290 4652 qui
2336 4598 2458 4636 cum
2493 4595 2553 4636 ea
2591 4584 2692 4636 iter
2731 4590 3104 4651 susceperant,
3145 4583 3380 4651 denique
3413 4583 3602 4652 διιερὶ-

2024 4674 2235 4728 ciOnem
2262 4675 2327 4730 de
2349 4676 2544 4730 horum
2578 4677 2727 4731 obitu
2757 4677 2811 4730 in
2826 4677 2998 4730 .mari.

2093 4845 2178 4903 lll.
2209 4844 2303 4905 llis
2335 4862 2462 4920 ergo
2493 4852 2806 4906 summatim
2839 4868 2868 4906 a
2901 4850 3059 4907 Petro
3085 4851 3269 4906 relatis
3295 4847 3514 4905 Nicetas
3543 4857 3596 4903 et

2024 4942 2218 5011 Aquila
2259 4942 2545 5010 stupefacti
2579 4945 2872 5000 dixerunt:
2911 4945 3049 5000 Here
3095 4960 3160 5000 ac
3207 4943 3438 4998 Domine
3481 4958 3595 4998 om-

1618 5074 1855 5134 VARIE
1895 5071 2297 5133 LECTIONES.

408 5172 795 5246 '°‘_Leg‘.05¢}§_,
831 5180 965 5246 utet
987 5175 1135 5246 hom.
1167 5181 1328 5246 ιινιι]Ξ
1348 5172 1557 5246 19ιιι1ᾑ
1602 5173 1742 5246 idem
1779 5171 2352 5246 mendumrepetitur.
2397 5169 2457 5225 D.

616 5245 662 5277 ⁸⁸
696 5237 789 5295 ἐπὶ
818 5244 918 5314 τήν
947 5245 1068 5299 cod.
1102 5243 1232 5312 Reg.
1267 5237 1666 5314 804.75ubinde
1697 5242 1750 5314 in
1787 5241 1831 5296 0
1860 5257 1980 5296 esse
2012 5237 2227 5314 videtur
2261 5239 2576 5314 βαλαναίας.

337 5245 456 5307 δίας
475 5242 538 5298 0.

2549 5171 2593 5210 ⁸⁷
2625 5170 2807 5242 εἰσιῶν
2840 5171 2867 5222 ὁ
2906 5171 3110 5242 Πέτρος
3136 5170 3203 5242 0.
3302 5163 3350 5203 ⁸³
3382 5170 3592 5242 Ματθι-

2683 5242 2728 5280 ³ο
2757 5240 2837 5296 Ita
2880 5239 3105 5310 uterque
3159 5240 3319 5296 Hom.
3372 5239 3496 5294 cod.
3535 5250 3590 5294 et

338 5313 482 5382 Epit.
509 5357 524 5378 ,
555 5315 833 5384 σφαγέντα
863 5311 1056 5369 melius
1092 5313 1237 5383 conj.
1264 5314 1326 5384 β.
1400 5312 1678 5384 ⁹¹εὑρεσιν
1702 5313 1764 5367 0.
1841 5314 1887 5348 θ’
1918 5311 2099 5384 ἡμέρᾳ
2132 5328 2244 5384 om.
2276 5311 2320 5366 0
2351 5311 2486 5384 ,qui
2527 5311 2732 5384 deinde
2763 5327 2875 5367 scr.
2928 5312 3016 5384 είςΔ
3068 5312 3295 5384 πᾴλταν.
3336 5311 3474 5384 Tum
3504 5311 3582 5384 ig.

337 5385 552 5457 γάῆαλα
576 5383 624 5439 ο.
650 5385 771 5457 cod.
806 5383 940 5457 ﬁeg.
960 5385 1120 5457 _804.
1151 5393 1203 5457 et
1233 5383 1378 5457 Epit.

1470 5385 1517 5416 "
1538 5381 1616 5437 'lta
1647 5381 1692 5437 0
1737 5393 1791 5437 et
1819 5398 1886 5438 ex
1916 5381 2146 5451 conject.
2173 5381 2212 5435 C
2245 5423 2259 5448 ,
2289 5383 2384 5452 qui
2426 5385 2488 5452 in
2507 5389 2653 5436 textu
2681 5382 2874 5434 τίκτει.

2979 5380 3026 5422 9‘
3069 5382 3146 5452 τῷ
3179 5382 3400 5449 adjunxi
3432 5396 3481 5434 c.

335 5450 388 5494 δ’
432 5455 604 5524 λαϐῆς
630 5456 779 5523 conj.
823 5450 910 5507 DC
944 5454 1013 5508 At
1058 5455 1216 5510 lectio
1267 5450 1478 5522 vulgata
1527 5455 1673 5508 nulla
1713 5463 1831 5524 eget
1851 5450 2264 5524 emendatione,
2309 5450 2429 5508 sic.
2460 5451 2504 5505 0
2559 5452 2705 5524 legas
2737 5452 2980 5524 πλαστῆς
3024 5450 3483 5524 προφάσεωςριο
3519 5450 3583 5524 0i

338 5521 584 5596 πλαστῆς
615 5525 717 5596 καὶ
734 5521 1080 5595 προφάσεως.
1109 5525 1148 5576 S
1195 5521 1382 5580 verum
1403 5524 1516 5591 jam
1548 5525 1700 5596 vidit.
1753 5521 1822 5564 ἰθ
1849 5523 1960 5596 Pro
1988 5521 2093 5592 [τό]
2126 5523 2320 5596 lacuna
2343 5524 2566 5596 parvula
2593 5523 2646 5575 in
2670 5521 2736 5576 0.
2771 5521 2855 5596 Nil
2900 5521 3033 5576 certi
3073 5521 3297 5596 constat
3344 5523 3410 5576 de
3453 5523 3580 5576 cod.

339 5592 652 5651 Parisiensi.
676 5592 814 5648 Tum
846 5592 1189 5665 ἀναστροφήν
1222 5596 1367 5664 conj.
1401 5596 1442 5648 (J
1473 5636 1488 5660 ,
1519 5595 1675 5663 cujus
1700 5605 1876 5649 textus
1939 5593 2266 5718 ἀνατροφήν,
2298 5602 2357 5646 ιιι
2393 5592 2458 5648 0.
2513 5594 2825 5664 ἀνατροφήν
2884 5597 3050 5647 etiam
3098 5594 3226 5664 legit
3284 5593 3579 5663 interpres.

339 5668 384 5704 η
412 5665 508 5731 οὓς
540 5682 658 5721 var.
686 5667 813 5720 lect.
850 5681 935 5734 ap.
979 5665 1020 5717 C
1051 5705 1066 5730 ,
1100 5664 1174 5727 ὡς
1202 5666 1338 5722 bene
1365 5674 1591 5736 uterque
1615 5665 1772 5723 Hom.
1807 5663 1926 5724 cod.
1965 5662 2100 5720 Dem
2127 5680 2187 5736 τε
2225 5663 2465 5736 νηκότων
2497 5679 2552 5734 p.
2613 5663 2933 5736 τεθνηκέναι
2984 5664 3050 5721 0.

333 5668 384 5704 *³
412 5665 508 5731 οὓς
540 5682 658 5721 var.
686 5667 813 5720 lect.
850 5681 935 5734 ap.
979 5665 1020 5717 C
1051 5705 1066 5730 ,
1100 5664 1174 5727 ὡς

665 5756 937 5816 ΡΑτιιοι..
981 5753 1099 5815 Gn.
1157 5755 1234 5815 11.

1202 5662 1338 5722 bene
1365 5662 1598 5737 uterque
1615 5665 1772 5723 Hom.
1807 5663 1926 5724 cod.
1965 5662 2100 5741 Dein
2127 5680 2185 5744 τε

2294 5663 2465 5719 κότων
2497 5679 2552 5734 p.
2613 5663 2933 5737 τεθνηκέναι
2984 5664 3050 5721 0.

3229 5759 3295 5816 11
