4084 6148
368 342 473 399 535

1464 335 1931 395 CLEMENTINA.
1959 367 2023 376 ——
2065 332 2353 390 HOMILIA
2394 325 2538 393 Xlll.‘

3537 347 3642 404 555

369 463 526 536 κύριέ
565 481 668 535 μου
709 463 909 536 Πέτρε,
937 461 1174 530 ἀγνοεῖν,
1207 461 1288 514 δτι
1316 461 1350 531 ἡ
1375 458 1576 514 πλείων
1611 457 1872 528 ἐπιθυμία
1906 456 1931 508 ὲ

2034 499 2043 514 ,
2071 454 2217 509 veni.
2253 452 2358 510 Sed
2406 471 2507 512 nec
2537 466 2588 510 te
2619 457 2877 524 arbitror,
2911 460 3131 516 domine
3164 463 3236 517 mi
3269 463 3445 528 Petro,
3485 469 3640 536 iguo'

364 556 640 627 εύθυμιῶν
662 555 884 625 γίνεται.
897 553 1191 622 Ὅθενοέγὼ
1215 555 1272 605 έν
1289 551 1522 624 εὐθυμία
1539 551 1955 622 σωφρονήσασα,

363 648 423 702 ἐν
448 650 716 721 δυσθυμία
761 647 898 721 πρὸς
953 646 1147 719 ἡδονὰς
1192 646 1433 718 ἐμαυτὴν
1479 644 1580 698 ούκ
1629 642 1952 713 ἀποδίδωμι.

389 740 536 794 am
582 740 716 812 μηδὲ
767 733 864 793 νῦν
913 755 1015 811 μου
1062 737 1360 809 κακουχίας
1404 734 1746 808 ἀπηλλάχθαι
1799 733 1954 806 νομί-

367 848 465 904 σῃς
491 833 531 864 ¹⁷
555 833 654 904 τὴν
694 830 890 902 ψυχὴν,
938 831 1037 902 τὴν
1072 830 1253 894 ποσῶς
1302 824 1652 902 παραμυθίας
1684 825 1952 898 τυχοῦσαν

359 923 448 976 διὰ
480 923 578 996 τὴν
612 923 927 996 Κλήμεντος
965 923 1282 992 ἐπίγνωσιν.
1323 918 1802 992 Ἀντεισερχομένη
1842 919 1952 990 γὰρ

360 1014 482 1084 ήὲκ
519 1014 626 1068 τῶν
665 1014 759 1085 δύο
801 1013 1007 1066 τέκνων
1044 1030 1144 1085 μου
1189 1011 1498 1084 βαρυθυμία
1528 1011 1571 1043 ¹⁸
1597 1009 1692 1064 καὶ
1721 1009 1821 1081 τὴν
1855 1027 1952 1063 πο-

359 1103 470 1168 σῶς
499 1094 738 1176 ἀμαυροῖ
759 1104 952 1177 χαράν.
979 1104 1154 1157 Λυπεῖ
1180 1101 1290 1174 γὰρ
1315 1103 1462 1174 ἡμᾶς
1505 1097 1566 1154 οὐ
1605 1101 1856 1155 τοσοῦτον
1887 1101 1950 1154 τὸ

354 1195 415 1247 ἐν
444 1197 510 1267 τῇ
539 1184 783 1269 θαλάσση
819 1189 1044 1258 τούτους
1069 1185 1500 1267 παραπολέσθαι,
1529 1194 1652 1246 ὅσον
1685 1193 1746 1245 τὸ
1777 1191 1948 1263 χωρὶς

350 1283 454 1358 τῆς
493 1284 642 1350 θείας
686 1289 766 1351 εἰς
800 1285 933 1340 Θεὸν
974 1285 1254 1349 εὐσεϐείας
1296 1285 1662 1356 διαφθαρῆναι
1701 1283 1838 1356 μετά
1879 1299 1944 1351 γε

349 1380 461 1432 τῶν
483 1378 670 1450 ψυχῶν
693 1375 876 1442 αὐτοῖς
900 1379 993 1432 καὶ
1016 1378 1084 1432 τὰ
1111 1377 1337 1449 σώματα
1365 1379 1422 1431 ιθ.
1444 1378 1502 1430 '0
1525 1377 1583 1430 δὲ
1603 1377 1808 1431 τούτων
1833 1395 1942 1430 πα-

346 1468 476 1544 τὴρ,
727 1460 858 1542 ἐμὸς
910 1472 968 1525 δὲ
1015 1469 1260 1542 σύμϐιος,
1306 1470 1383 1534 ὡς
1428 1467 1580 1540 παρὰ
1625 1468 1942 1540 Κλήμεντος

345 1559 575 1632 ἔμαθον,
603 1561 694 1615 ὲπί
718 1579 778 1614 τε
805 1563 905 1634 τὴν
930 1561 1068 1633 ἐμὴν
1096 1561 1190 1615 καὶ
1216 1562 1262 1592 ³⁸
1287 1560 1395 1614 τῶν
1431 1560 1560 1614 υἱῶν
1587 1556 1811 1632 ζήτησιν
1841 1560 1938 1612 ἐκι-

345 1653 470 1719 ϐἀς,
506 1637 785 1717 τοσούτοις
815 1651 990 1707 ἔτεσιν
1023 1653 1234 1724 ἀφανής
1273 1653 1447 1706 ἐστιν’
1482 1652 1700 1716 πάντως
1723 1652 1779 1705 δὲ
1813 1653 1934 1704 ὲτεη

341 1743 623 1819 λεύτησεν.
651 1743 764 1800 Καὶ
787 1745 895 1818 γὰρ
916 1746 945 1798 6
967 1745 1310 1850 ταλαίπωρος
1347 1744 1452 1798 ὑπὸ
1489 1745 1840 1816 σωφροσύνης
1867 1763 1933 1817 με
1968 1793 2012 1850 Β

2060 562 2204 612 rare,
2235 548 2494 617 majorem
2539 548 2890 618 cupiditatem
2939 566 3007 606 ex
3052 555 3171 608 laeta
3218 554 3436 612 fortuna
3479 559 3636 614 oriri.

2060 634 2214 692 Unde
2244 653 2347 710 ego
2372 654 2494 709 quu-
2526 640 2578 693 in
2611 641 2866 698 secundis
2905 643 3067 698 rebus
3095 655 3388 715 temperate
3413 650 3543 716 vixi,
3580 650 3636 704 in

2057 727 2347 783 amictione
2374 745 2462 784 me
2483 729 2854 800 voluptatibus
2887 750 2996 788 non
3030 737 3262 792 tradam.
3289 737 3474 811 Neque
3503 757 3636 798 vero

2056 834 2203 874 nunc
2233 821 2475 874 animum
2512 838 2693 877 meum
2733 826 3014 882 existimes
3058 829 3379 899 :egritudine
3424 849 3545 890 esse
3572 835 3642 890 li-

2054 909 2283 976 berum,
2334 912 2427 981 qui
2474 914 2721 967 nonnihil
2767 917 3160 975 consolationis
3204 936 3300 990 per
3337 922 3640 979 Clementis

2052 1000 2381 1069 agnitionem
2415 1011 2608 1056 nactus
2640 1001 2824 1060 fuerit.
2857 1003 3167 1062 Succedens
3195 1024 3432 1078 namque
3459 1011 3638 1066 tristi-

2052 1091 2129 1148 tia
2175 1109 2241 1148 ex
2279 1094 2510 1148 duorum
2549 1094 2843 1149 liberorum
2871 1097 3093 1153 interitu
3136 1108 3263 1154 nata
3308 1101 3476 1156 etiam
3530 1102 3638 1158 hoc

2049 1184 2391 1254 aliquantum
2451 1187 2709 1256 gaudium
2759 1189 3037 1244 obscurat.
3092 1190 3304 1246 Etenim
3357 1207 3464 1247 non
3521 1203 3642 1250 tam

2048 1275 2194 1332 circa
2232 1293 2327 1333 eos
2373 1277 2644 1345 dolemus,
2685 1280 2831 1350 quod
2878 1280 2935 1333 in
2975 1282 3114 1336 mari
3163 1282 3419 1347 obierint,
3464 1300 3630 1355 quam

2045 1367 2193 1436 quod
2238 1376 2393 1422 extra
2438 1370 2677 1424 divinam
2729 1371 3046 1440 religionem
3099 1376 3322 1441 mortui,
3370 1377 3632 1444 perierint

2043 1472 2274 1528 corpore
2305 1469 2355 1515 et
2383 1461 2584 1516 anima.
2610 1461 2771 1516 Pater
2799 1473 2983 1518 autem
3006 1479 3196 1520 eorum
3233 1481 3498 1536 meusque
3520 1469 3628 1535 vir,

2041 1550 2501 1619 quemadmodum
2550 1567 2644 1620 per
2680 1547 3316 1624 Clementem'comperi,
3359 1556 3425 1611 ad
3472 1573 3628 1627 quaa-

2039 1642 2268 1697 rendum
2319 1657 2406 1698 me
2443 1658 2508 1698 ac
2551 1643 2751 1699 liberos
2791 1660 3136 1715 progressus,
3185 1656 3266 1702 tot
3306 1648 3466 1704 annis
3517 1665 3625 1704 non

2038 1742 2318 1805 comparet
2347 1753 2361 1793 :
2393 1748 2622 1805 prorsus
2657 1752 2788 1790 vero
2823 1736 3047 1792 interiit.
3077 1737 3288 1792 Etenim
3332 1739 3520 1795 infelix
3553 1741 3625 1797 ob

341 1836 575 1909 ἀγαπῶν
625 1836 933 1908 φιλὰτεκνος
970 1834 1058 1910 ἦν.
1085 1837 1247 1891 Ὅθεν
1289 1837 1505 1891 πάντων
1550 1839 1706 1910 ἡμῶν
1753 1838 1864 1892 τῶν
1889 1839 1934 1870 ¹¹

2037 1826 2426 1882 continentiam
2445 1827 2705 1898 diligebat
2726 1842 2833 1894 me,
2855 1836 2909 1888 et
2935 1837 3054 1884 erat
3079 1843 3271 1884 amans
3300 1830 3620 1888 liberorum.

341 1931 488 2003 ὑπὲρ
532 1931 706 1985 πάντα
752 1930 901 2003 αύτῷ
946 1927 1318 2002 ἠγαπημένων
1368 1930 1649 2003 στερηθεὶς
1688 1934 1717 1986 6
1757 1930 1935 2004 γέρων

343 2020 454 2075 ὑπὸ
490 2022 754 2095 μεγίστης
784 2021 1022 2094 ἀθυμίας
1047 2022 1401 2094 διεφώνησεν.

417 2112 509 2168 γι.
535 2101 646 2186 Τῆς
673 2115 876 2188 μητρὸς
901 2115 1072 2168 ταῦτα
1092 2113 1382 2188 λεγούσης,
1427 2115 1568 2170 κατὰ
1590 2116 1694 2188 τὴν
1722 2117 1931 2189 Πέτρου

350 2201 676 2280 παραίνεσιν
703 2210 771 2271 ³⁸,
798 2206 1090 2272 ἀκούοντες
1129 2205 1316 2261 οὐκέτι
1369 2207 1581 2278 στέγειν
1607 2207 1860 2262 ἐδύναντο
1884 2211 1931 2262 οἱ

348 2301 540 2365 παῖδες
558 2341 573 2366 ,
605 2299 720 2355 ἀλλ’
757 2300 1074 2373 ὲγερθέντες
1099 2294 1519 2371 περιεπλέκοντο
1559 2301 1696 2371 αὐτῇ
1718 2340 1732 2362 ,
1763 2299 1934 2355 πολλὰ

337 2391 670 2467 δακρύοντες
696 2394 790 2448 καὶ
816 2391 1266 2463 καταφιλοῦντες.
1333 2391 1399 2446 Ἦ
1424 2393 1482 2446 δὲ
1519 2393 1623 2464 ἔφη
1649 2410 1662 2423 ·
1694 2393 1758 2446 Τί
1786 2393 1930 2446 θέλει

339 2472 504 2540 τοῦτο
552 2482 694 2540 εἶναι
721 2503 737 2553 ;
769 2487 879 2540 Καὶ
924 2486 953 2538 6
997 2485 1203 2557 Πέτρος
1228 2485 1596 2556 ἀπεκρίνατο·
1634 2486 1930 2558 Παράστη-

343 2593 458 2641 σον,
478 2573 524 2634 ὧ
555 2577 736 2647 γύναι,
764 2578 1030 2649 γενναίως
1054 2575 1146 2632 τὸν
1167 2575 1293 2631 νοῦν
1344 2585 1437 2630 σου
1455 2617 1469 2641 ,
1501 2577 1650 2639 ὅπως
1675 2577 1784 2631 τῶν
1813 2578 1928 2634 σῶν

337 2667 658 2743 ἀπολαύσῃς
691 2669 918 2724 τέκνων.
980 2665 1140 2725 Οὗτοι
1183 2666 1296 2743 γὰρ
1329 2668 1446 2723 ,εἱσι
1491 2671 1786 2733 Φαυστῖνος
1833 2671 1930 2724 καὶ

332 2751 740 2825 Φαυστινιανὸς,
768 2763 817 2815 οἱ
871 2759 978 2815 υἱοί
1006 2779 1121 2828 σου,
1149 2762 1243 2826 οὓς
1265 2765 1321 2816 ὲν
1364 2762 1511 2835 βυθῷ
1537 2763 1788 2817 τεθνάναι
1812 2763 1930 2817 ἕλε-

333 2857 452 2924 γες.
505 2853 632 2918 Πῶς
676 2855 733 2908 δὲ
783 2855 972 2920 ζῶσιν,
1020 2855 1114 2911 ἐπὶ
1159 2856 1323 2929 βυθοῦ
1352 2857 1399 2890 ⁸³
1446 2857 1702 2922 θανόντες
1751 2859 1810 2911 ὲν
1856 2857 1925 2930 τῇ

330 2942 692 3020 χαλεπωτάτῃ
717 2949 900 3022 ἐκείνῃ
925 2949 1104 3013 νυκτὶ,
1156 2949 1250 3003 καὶ
1277 2949 1395 3014 πῶς
1427 2948 1523 3003 νῦν
1551 2950 1580 3002 6
1619 2949 1718 3021 μὲν
1743 2948 1927 3004 αὐτῶν

331 3037 584 3112 Νικήτης
629 3038 888 3107 λέγεται,
920 3043 948 3094 6
996 3040 1053 3093 δὲ
1098 3041 1371 3106 Ἀκύλας,
1417 3041 1570 3096 αὐτοί
1628 3060 1710 3096 σοι
1753 3043 1928 3098 εἰπεῖν

330 3132 680 3204 δυνήσονται·
713 3133 810 3186 σὺν
860 3133 946 3187 σοὶ
992 3133 1102 3206 γὰρ
1126 3137 1287 3206 ἡμεῖς
1317 3130 1506 3206 μαθεῖν
1532 3136 1751 3208 ἔχομεν.
1780 3135 1925 3190 Ταῦ·
1949 3137 1995 3198 C

326 3239 404 3276 τα.
427 3221 522 3275 τοῦ
582 3223 793 3295 Πέτρου
821 3223 1089 3287 εἰπόντος,
1117 3225 1150 3294 ἡ
1184 3225 1383 3296 μήτηρ,
1421 3227 1652 3296 χαρεῖσα
1678 3225 1882 3298 σφόδρα
1903 3267 1920 3292 ,

323 3312 443 3367 ὑπὸ
468 3311 740 3376 ὲκλύσεως
785 3312 966 3382 ὀλίγου
1010 3313 1282 3382 διεφώνει.
1317 3315 1446 3368 Ὅτε
1493 3315 1552 3368 δὲ
1601 3316 1772 3387 αὐτὴν
1825 3317 1924 3370 ἀν-

323 3405 704 3478 εκτησάμεθα,
753 3404 1042 3477 ἐκαθέσθη,
1089 3405 1183 3459 καὶ
1232 3407 1434 3477 ἑαυτῆς
1457 3407 1725 3480 γενομένη
1773 3407 1877 3480 ἔφη
1905 3426 1920 3439 °

325 3499 644 3572 Παρακαλῶ
670 3541 686 3565 ,
736 3493 902 3554 τέκνα
957 3517 1059 3571 μου
1110 3498 1336 3555 ποθεινὰ
1366 3541 1381 3565 ,
1435 3499 1627 3554 εἴπατε
1673 3503 1806 3574 ἡμῖν
1851 3503 1923 3558 τὰ

329 3591 480 3666 μετὰ
525 3589 625 3665 τὴν
672 3585 913 3665 χαλεπὴν
963 3587 1176 3663 ἐκείνην
1208 3593 1379 3648 νύκτα
1424 3595 1708 3667 συμϐάντα
1732 3597 1884 3668 ὑμῖν.

404 3752 570 3824 286
588 3750 704 3806 VII.
737 3754 847 3806 Καὶ
870 3754 898 3805 6
925 3753 1192 3825 Νικήτης,
1213 3752 1309 3806 τοῦ
1337 3752 1525 3806 λοιποῦ
1545 3753 1839 3816 Φαυστίνος
1851 3753 1921 3818 ⁸⁸,

326 3843 538 3916 ῆρξατο
559 3843 737 3912 λέγειν
761 3861 774 3873 ·
805 3846 916 3916 Τῆς
937 3845 1107 3914 αὐτῆς
1129 3845 1347 3916 ἐκείνης
1371 3844 1566 3907 νυκτὸς
1589 3843 1684 3896 τοῦ
1711 3842 1921 3908 πλοίου,

329 3939 416 4001 ὡς
463 3933 638 4000 οἶσθα,
685 3936 1060 4008 διαλυομένου,
1109 3939 1258 4009 ἡμᾶς
1303 3937 1497 4010 ἄνδρες
1543 3937 1722 4002 τινὲς,
1757 3939 1813 3990 ὲν
1843 3936 1922 4008 τῷ

334 4029 487 4101 βυθῷ
518 4029 802 4103 λῃστεύειν
834 4033 907 4102 μὴ
955 4030 1299 4102 φοϐούμενοι,
1326 4031 1598 4085 ἀνείλοντο
1621 4031 1688 4095 ’³,
1717 4033 1813 4086 καὶ
1863 4033 1922 4084 ἐν

339 4117 527 4193 σκάφῃ
577 4121 760 4185 θέντες
782 4122 877 4175 καὶ
923 4121 1138 4187 κώπαις
1163 4115 1493 4188 ἐλαύνοντες,
1523 4125 1614 4176 ὁτὲ
1647 4123 1747 4195 μὲν
1767 4123 1922 4196 παρὰ

329 4211 435 4282 γῆν
447 4211 661 4284 ἔφερον,
689 4213 777 4265 ὁτὲ
797 4213 854 4265 δὲ
871 4215 965 4267 καὶ
987 4213 1194 4286 τροφὰς
1222 4214 1702 4286 μεταπεμπόμενοι
1727 4217 1806 4279 εἰς
1821 4216 1922 4286 τὴν

329 4303 644 4373 Στράτωνος
661 4299 795 4375 ῆγον
816 4303 1171 4374 Καισάρειαψ
1191 4305 1352 4358 κάκεῖ
1366 4305 1702 4377 δακρύοντας
1715 4307 1760 4336 ’⁸
1777 4307 1924 4378 ἡμᾶς

331 4392 495 4465 λιμῷ,
525 4394 675 4466 φόϐῳ
691 4413 750 4448 τε
769 4388 864 4449 καὶ
887 4395 1142 4467 πληγαῖς,
1161 4396 1311 4457 ὅπως
1339 4397 1412 4468 μή
1447 4415 1500 4450 τι
1532 4396 1807 4468 προπετὲς
1838 4397 1923 4449 λα.

2035 1919 2218 1984 Quare
2260 1919 2473 1974 cunctis
2504 1919 2685 1980 nobis.
2721 1935 2752 1974 a
2784 1935 2844 1976 se
2867 1936 3032 1991 super
3058 1922 3242 1977 omnia
3269 1923 3502 1984 dilectis.
3531 1941 3623 1979 or-

2033 2009 2195 2066 batus
2220 2024 2388 2064 senex
2419 2025 2531 2080 prae
2564 2010 2806 2066 maxime
2838 2011 3028 2067 dolore
3056 2015 3333 2070 occubuit.

2106 2097 2199 2154 Vl.
2233 2099 2458 2154 Matrem
2487 2115 2616 2156 vero
2664 2101 2779 2158 haec
2833 2103 3066 2160 locutam
3099 2106 3257 2161 liberi
3308 2109 3614 2175 audientes,

2033 2206 2145 2246 non
2173 2192 2410 2261 amplius
2439 2193 2738 2248 secundum
2764 2193 2910 2250 Petri
2925 2196 3620 2256 admonitionomseconti-

2032 2298 2162 2338 nere
2186 2291 2521 2354 potuerunt:
2548 2285 2642 2340 sed
2676 2298 2963 2357 surgentes
2993 2290 3262 2359 complexi
3298 2301 3428 2346 sunt
3469 2309 3616 2358 eam,

2036 2384 2092 2430 et
2117 2390 2244 2430 cum
2269 2375 2458 2430 multis
2476 2375 2734 2445 lacrymis
2756 2377 3010 2433 osculati.
3056 2381 3127 2433 At
3146 2379 3235 2433 illa
3259 2381 3397 2435 dixit
3428 2398 3442 2434 :
3471 2381 3616 2447 Quid

2034 2465 2141 2522 hoc
2180 2466 2285 2521 sibi
2314 2466 2432 2522 vult
2461 2467 2484 2521 ?
2529 2465 2832 2537 Respbndit
2872 2467 3106 2543 Petrus:
3135 2470 3352 2526 Advoca
3379 2470 3614 2539 fortiter,

2031 2572 2066 2613 ο
2091 2557 2316 2625 femina,
2341 2559 2586 2613 animum
2614 2569 2793 2627 tuum,
2834 2569 2895 2615 ut
2927 2563 3070 2617 natis
3113 2563 3223 2618 tuis
3254 2563 3479 2620 fruaris.
3512 2567 3611 2621 Isti

2029 2649 2177 2706 enim
2203 2659 2332 2705 sunt
2365 2649 2661 2706 Faustinus
2693 2661 2745 2707 et
2772 2651 3183 2722 Faustiuiauus,
3213 2655 3308 2710 lilii
3330 2656 3441 2722 tui,
3471 2673 3614 2728 quos

2030 2741 2086 2795 in
2114 2740 2389 2812 profundo
2418 2741 2649 2812 periisse
2670 2743 2911 2800 dicebas.
2957 2743 3079 2811 Quo
3117 2747 3280 2802 modo
3309 2758 3490 2804 autem
3530 2751 3615 2804 vi-

2028 2845 2159 2890 vant
2184 2834 2240 2889 in
2273 2834 2366 2889 illa
2396 2836 2648 2892 horribili
2674 2847 2832 2893 nocte
2859 2838 3062 2894 mortui
3091 2839 3146 2893 in
3177 2840 3390 2911 pelago,
3418 2851 3471 2897 et
3500 2859 3613 2913 quo

2028 2927 2194 2983 modo
2224 2942 2371 2983 nunc
2426 2927 2568 2984 alius
2608 2929 2852 2999 ipsorum
2886 2929 3108 2987 Nicetas
3135 2943 3188 2987 et
3241 2932 3384 2989 alius
3411 2936 3612 3005 Aquila

2029 3019 2365 3085 nominetur,
2392 3020 2497 3090 ipsi
2534 3020 2630 3075 tibi
2659 3037 2933 3091 exponere
2973 3032 3272 3093 poterunt;
3302 3035 3355 3082 et
3386 3043 3495 3082 una
3529 3039 3610 3084 tc-

2027 3127 2155 3168 cum
2199 3112 2363 3167 etiam
2423 3113 2525 3168 hos
2567 3113 2878 3169 audiemus.
2933 3113 3038 3170 Ubi
3071 3117 3186 3172 hazc
3221 3114 3418 3175 Petrus
3446 3120 3606 3188 dixit,

2031 3213 2228 3269 mater,
2262 3203 2611 3259 vehementer
2658 3206 2866 3275 gavisa,
2916 3206 3157 3276 deliquio
3211 3211 3608 3278 propemodum

2027 3292 2340 3347 exanimata
2363 3301 2466 3348 est.
2489 3292 2789 3364 Postquam
2818 3311 2946 3350 vero
2973 3297 3120 3350 illam
3148 3298 3604 3369 refocdlavimus,

2027 3385 2189 3452 sedit,
2216 3394 2380 3456 atque
2405 3387 2460 3441 in
2509 3387 2863 3457 semetipsam
2891 3403 3139 3458 regressa
3195 3389 3312 3443 ait:
3355 3390 3602 3449 Obsecro

2027 3491 2150 3540 vos,
2203 3475 2511 3531 dulcissimi
2559 3477 2701 3542 lilii,
2763 3475 2928 3531 dicite
2975 3475 3135 3531 nobis
3163 3517 3178 3543 ,
3225 3493 3349 3547 qua:
3384 3480 3603 3536 accide~

2027 3569 2138 3623 rint
2176 3569 2336 3625 vobis
2391 3578 2517 3640 post
2571 3569 2719 3623 illam
2783 3568 3148 3640 perniciosam
3213 3580 3267 3626 et
3325 3573 3602 3630 crudelem

2026 3672 2269 3717 noctem.

2097 3752 2212 3806 VII.
2242 3752 2381 3806 Tum
2430 3750 2669 3820 Nicetas,
2707 3754 2801 3824 qui
2831 3763 2886 3808 et
2914 3769 3060 3810 nunc
3087 3755 3404 3823 Faustinus,
3433 3759 3601 3828 coepit

2025 3848 2207 3902 dicere
2239 3865 2252 3900 :
2283 3849 2342 3899 In
2388 3846 2480 3899 illa
2505 3847 2622 3916 ipsa
2651 3857 2830 3913 nocte,
2870 3863 2994 3901 cum
3027 3849 3206 3916 navis,
3236 3851 3600 3920 quemadmo-

2023 3939 2153 3993 dum
2209 3938 2348 3992 nosti
2377 3979 2390 4003 ,
2430 3936 2627 3992 fuisset
2667 3937 2906 3992 resoluta
2932 3979 2946 4005 ,
2973 3938 3078 3992 viri
3111 3939 3335 4010 quidam
3359 3982 3374 4009 ,
3403 3943 3496 4012 qui
3540 3944 3598 3996 in

2024 4031 2162 4085 mari
2193 4029 2513 4085 latrocinari
2558 4045 2670 4085 non
2717 4039 3007 4096 verentur,
3041 4041 3306 4100 ceperunt
3363 4048 3500 4098 nos,
3540 4045 3595 4089 et

2023 4120 2292 4175 naviculae
2353 4121 2758 4190 imposuerunt,
2810 4129 2867 4175 et
2917 4121 3240 4190 remigando
3291 4124 3592 4195 aliquando

2024 4211 2093 4266 ad
2141 4220 2340 4266 terram
2372 4211 2716 4279 deferebant,
2766 4213 3064 4282 aliquando
3093 4225 3148 4270 et
3173 4215 3328 4272 cibos
3351 4233 3596 4273 accerse—

2024 4302 2174 4368 bant,
2205 4303 2392 4372 sicque
2422 4301 2728 4356 Cazsaream
2755 4301 3028 4358 Stratonis
3053 4306 3426 4376 perduxerunt
3451 4325 3466 4362 :
3495 4308 3599 4361 ibi-

2024 4411 2130 4466 que
2179 4409 2281 4450 nos
2325 4395 2380 4449 in
2427 4395 2697 4468 lacrymas
2741 4395 2946 4451 effusos
2998 4395 3163 4465 fame,
3195 4407 3366 4466 metu,
3398 4401 3595 4455 verbe-

331 4481 588 4555 λήσωμεν
617 4484 727 4538 τῶν
772 4485 958 4548 αὐτοῖς
1004 4485 1079 4557 μὴ
1115 4483 1438 4548 δοκούντων,
1463 4484 1544 4538 ἔτι
1569 4503 1628 4538 τε
1653 4486 1696 4517 ’⁷
1724 4485 1818 4539 καὶ
1853 4485 1924 4540 τὰ

2034 4488 2180 4542 ribus
2217 4486 2548 4557 afﬂigentes,
2602 4502 2672 4542 ne
2722 4487 2854 4558 quid
2921 4497 3126 4544 temere
3179 4501 3370 4546 contra
3437 4508 3593 4548 suam

330 4575 569 4646 ὀνόματα
587 4578 620 4646 ἡ
628 4576 744 4646 μῶν
758 4575 1358 4648 ἀλλάξαντες,πωλῆσαι
1382 4576 1744 4649 ἠδυνήθησαν.
1776 4578 1918 4651 Γυνὴ

2034 4579 2353 4634 sententiam
2404 4578 2790 4649 loqueremur,
2835 4579 3140 4636 immutatis
3181 4581 3346 4637 etiam
3389 4585 3595 4640 nostris

329 4664 391 4717 δέ
409 4681 493 4728 τις
519 4667 772 4730 Ἰουδαίας
787 4668 832 4700 ⁸⁸
847 4667 1201 4740 προσῆλυτος,
1223 4667 1496 4738 ἀξιόλογος
1512 4669 1675 4734 πάνυ,
1696 4670 1921 4742 ὀνόματι

347 4753 572 4820 Ἰοῦστα,
589 4757 914 4831 ὠνησαμένη
936 4762 968 4831 ὴ
978 4762 1083 4830 μᾶς
1103 4761 1184 4824 είς
1199 4760 1402 4814 τέκνων
1419 4761 1715 4830 ἐφύλαττεν
1729 4763 1913 4828 τόπον,

331 4847 428 4899 καὶ
441 4845 588 4918 πάσῃ
602 4847 895 4922 Ἐλληνικῇε
909 4851 1126 4924 παιδείᾳ
1171 4851 1310 4923 μετὰ
1343 4852 1577 4924 σπουδῆς
1605 4853 1922 4921 ἐξεπαίδευά

333 4932 444 4992 σεν.
477 4940 733 5011 Ἦμεῖςδὲ
754 4945 839 5014 ἐφ’
859 4942 1078 5016 ἡλικίας
1097 4943 1366 5016 ἔμφρονες
1388 4945 1666 5016 γενόμενοι
1691 4947 1786 5001 καὶ⁵
1809 4946 1932 5014 ’τὴν⁸

2021 4671 2367 4738 nominibus,
2423 4671 2806 4726 vendiderunt.
2868 4671 3042 4728 Porro
3083 4675 3280 4730 mulier
3328 4679 3584 4747 quaedam

2019 4765 2161 4836 apud
2186 4763 2408 4820 Judaeos
2455 4765 2754 4836 proselyta,
2805 4766 3035 4822 honesta
3086 4768 3406 4840 admodum,
3435 4771 3591 4830 Iusta

2020 4858 2261 4923 nomine,
2305 4873 2430 4913 cum
2484 4873 2588 4912 nos
2633 4858 2875 4925 emisset,
2922 4860 3112 4916 habuit
3158 4863 3278 4918 loco
3324 4864 3589 4929 filiorum,

2021 4959 2183 5020 atque
2214 4951 2470 5006 omnibus
2500 4950 2706 5007 Graecis
2732 4950 3035 5024 disciplinis
3057 4955 3302 5014 studiose
3330 4959 3588 5016 erudivit.

1599 5123 1835 5180 VARIAE
1875 5123 2282 5182 LECTIONES.

405 5235 448 5320 ‘_’
481 5234 818 5320 vapicstvp.
843 5307 876 5320 ’μ
897 5237 940 5269 ³⁸
972 5235 1282 5320 ἁταῷλειῇϐ
1311 5277 1327 5302 ,
1367 5238 1460 5320 ι]μί
1488 5236 1942 5320 (ξοηίηάπωλείας
1969 5239 2195 5320 ἀθυμίαἔ
2230 5238 2287 5292 In
2319 5238 2720 5320 Epit.._d0uplc_t._
2790 5241 2832 5281 ³ο
2861 5241 2997 5320 Cfr._
3030 5241 3176 5314 Epit.
3227 5261 3276 5301 c.
3313 5247 3435 5320 “)2.
3484 5249 3586 5320 Ap.

328 5307 370 5362 C
418 5304 817 5392 haaclperiod'us
843 5307 916 5361 ita
939 5318 1097 5392 sonat
1124 5327 1136 5362 :
1182 5304 1609 5392 Παραινέσωμεν
1644 5304 2190 5392 (παρανιὰζομενζξνοι
2220 5304 2646 5392 τξαρανιᾰιζωμέν
2673 5313 2745 5392 ἒιιζ
2777 5304 3107 5392 ex’cpnjcct'.
3129 5356 3144 5378 ,
3187 5304 3586 5392 παραμυθήσᾶ

333 5393 432 5449 μαι
454 5407 527 5417 -
549 5378 792 5449 ἐμαυτήν
830 5393 946 5433 var.
999 5379 1105 5432 lect
1172 5377 1562 5449 apfeumdcm,
1594 5377 2048 5450 παρακαλέσομαι
2206 5377 2315 5452 γὰρ
2347 5381 2474 5452 περὶ
2507 5377 2686 5434 αὖτῶν
2720 5382 2807 5435 ὅτε
2842 5377 3072 5455 (οὐχ’ὃτι
3106 5377 3359 5467 proponit
3407 5377 3490 5453 (λ’
3517 5394 3584 5446 ad

340 5447 467 5501 Epit
525 5449 788 5501 referens)
820 5449 877 5500 ὲν
910 5448 1149 5501 θαλάσση
1181 5445 1551 5501 διεωώνησαν.
1589 5449 1702 5501 ἀλλ’
1734 5450 1831 5501 ούγ
1863 5447 1977 5501 (οὑν
2003 5451 2140 5501 addu
2168 5459 2207 5501 ιι
2239 5449 2281 5501 D
2309 5451 2325 5501 l
2351 5452 2430 5501 ὅτι
2464 5451 2600 5501 ποὺς
2634 5452 2844 5501 τούτοις
2876 5454 3031 5501 ἐκτὸς
3063 5473 3256 5501 τεινων
3290 5457 3584 5501 θοηπνρίηο

340 5445 467 5521 Epif
525 5445 788 5521 referens.)
820 5449 877 5521 ὲν
910 5448 1151 5521 θαλάσση
1181 5445 1518 5521 διεφώνησαν
1537 5488 1551 5512 ,
1589 5445 1714 5521 ἁλλί
1734 5450 1832 5520 οὐχ
1863 5445 2140 5521 (ούχγιιιιιίίι

329 5509 465 5590 ρέοῦ
494 5509 874 5590 φθαρέντεςτὰ
892 5509 1236 5588 animari-xui.
1249 5509 1348 5584 τὶς
1371 5509 1550 5590 ᾤυχὰς
1579 5509 1880 5590 ἀπώλοντο)
1946 5509 1997 5552 ἳ⁰
2027 5523 2120 5574 καὶ
2152 5523 2251 5590 τήν
2284 5509 2345 5575 C.
2422 5523 2464 5553 ¹¹
2487 5509 2595 5575 τῶν
2622 5523 2801 5577 addidi
2824 5509 2881 5578 ὀ.
2916 5517 2980 5579 Ο.

331 5584 536 5659 Πέτρου
575 5584 895 5661 τξαραίνεσιν
939 5584 1066 5661 post
1123 5591 1303 5644 οὐκέτι
1335 5584 1538 5646 rectius
1560 5592 1790 5645 collocat
1817 5584 1966 5661 Epit.

2168 5451 2207 5504 it
2239 5449 2325 5537 θ’)
2351 5449 2433 5504 ὂτί
2464 5451 2600 5523 πρὸς
2634 5449 3031 5518 τούτοιςὲκτὸς
3063 5449 3256 5548 τειχῶν
3290 5449 3584 5531 θρησκείας

2168 5523 2251 5548 ..ιη
2285 5524 2300 5548 ι
2422 5523 2464 5548 n
2489 5522 2595 5548 -.’·...
2623 5523 2798 5548 mum:
2836 5540 2860 5548 η
2917 5517 2961 5548 n
3059 5525 3103 5548 η
3132 5526 3155 5548 ι
3182 5529 3242 5548 ιι.
3317 5546 3346 5548 η
3430 5530 3440 5548 1
3524 5533 3534 5548 ι

2271 5525 2345 5601 μ
2365 5525 2881 5616 Δις-τῶ-είξιιίιιιὶιίίηιτ.
2916 5525 3035 5616 of.“
3059 5525 3103 5616 ’ξ
3132 5525 3296 5610 νιρὴ..
3315 5525 3454 5613 πὶαῇεά
3484 5525 3583 5616 τὴν

2054 5559 2120 5574 μοι.
2164 5559 2202 5573 ιι
2232 5559 2248 5573 1
2271 5559 2345 5601 ,νο
2439 5592 2449 5604 .
2499 5559 2594 5575 ιυυι
2622 5559 2801 5577 uuulul
2833 5559 2881 5578 ιι.
2918 5559 2980 5579 Vo
3147 5559 3271 5609 νγυο
3317 5559 3454 5585 διαιιι
3484 5559 3580 5616 την

2054 5591 2100 5622 ’⁸
2136 5559 2298 5674 ρυθου
2328 5603 2638 5674 conuectura
2662 5593 2731 5674 ad
2763 5609 2914 5674 oram
2949 5595 3298 5674 Qttpbumani
3319 5641 3352 5674 ,_
3381 5602 3434 5656 in
3467 5620 3580 5674 cui.

332 5666 498 5744 tezttp‘
533 5675 625 5712 σου
647 5659 759 5744 ,ηυξ
797 5659 1055 5744 (λιτέκνα
1111 5677 1211 5730 μου
1247 5662 1486 5744 meam,
1512 5659 2076 5744 τέκνακγλυκύτατα.ἶ
2108 5659 2273 5744 τέκνα
2315 5659 2542 5744 καρδίας
2573 5663 2922 5744 καύσων-τῆς
2959 5667 3130 5739 ἐμῆς,
3165 5659 3479 5744 εἴπατ’έίμοι
3514 5659 3578 5730 ὀξ

332 5725 380 5759 ’⁸
406 5727 538 5784 Vbb.
599 5725 690 5784 τοῦ
741 5730 790 5784 λ.
850 5725 1143 5795 Φαυστῖνος
1195 5747 1304 5786 om.
1349 5730 1414 5788 Ο.

1512 5733 1556 5767 ’⁸
1588 5731 1866 5787 ἀνείλαντο
1893 5731 1953 5786 C.

2032 5731 2556 5814 "nodxvowsg’couj.
2597 5731 2642 5789 D
2673 5778 2687 5806 ,
2716 5731 3008 5809 (If/ligentes
3052 5731 3144 5796 nos
3167 5743 3327 5810 fame.
3361 5731 3490 5814 Ruf.
3523 5746 3577 5799 in

335 5796 552 5871 Rccogn.
586 5802 628 5858 C
684 5802 880 5877 deesse
909 5801 1113 5873 aliquid
1137 5809 1313 5874 putat.
1389 5803 1435 5836 "
1472 5802 1530 5856 δέ
1557 5802 1615 5873 (ἶ,
1693 5802 1740 5835 ’⁸
1781 5803 2050 5872 Ἰουδαίοις
2078 5803 2138 5861 C.
