4084 6148
485 336 594 393 ,εδδ

1386 332 1443 389 S.
1478 328 1862 387 CLEMENTIS
1900 329 1921 384 l
1959 329 2123 385 ROM.
2158 328 2360 385 PONT.
2401 328 2631 385 OPERA
2669 328 2894 386 DUBIA.

3622 330 3727 388 ’556

489 456 602 514 Nos
626 469 757 512 vero
782 469 877 525 per
901 462 1114 511 aetatem
1142 454 1441 526 prudentes
1462 457 1592 513 tacti
1613 497 1629 523 ,
1654 464 1709 512 et
1733 454 2047 525 religionem

2159 451 2456 525 θρησκείαν
2480 448 2868 522 ⁷ἠγαπήσαμεν,
2915 448 3009 504 καὶ
3045 447 3116 503 τά
3151 448 3251 519 τῆς
3284 447 3525 512 παιδείας
3549 447 3728 518 ἐφιλο-

494 548 821 613 amavimus,
843 555 898 603 et
923 547 1121 603 litteris
1138 548 1387 619 gnaviter
1424 564 1649 620 operam
1691 548 1965 610 dedimus,
1993 556 2056 601 ut

494 656 618 698 eum
644 638 867 709 reliquis
903 639 1157 710 gentibus
1184 640 1549 710 disputantes,
1600 656 1695 696 eas
1745 638 1815 695 de
1867 654 2055 695 errore

494 746 781 802 possemus
800 744 1050 802 arguere.
1076 728 1184 787 Sed
1210 739 1264 785 et
1284 731 1674 801 perdidicimus
1703 731 2058 801 philosopho-

492 838 614 877 rum
643 822 879 888 decreta,
903 821 1140 877 maxime
1161 837 1284 893 quas
1322 837 1352 877 a
1380 821 1578 893 pietate
1615 822 1669 877 in
1701 822 1873 879 Deum
1917 823 2055 877 alie-

492 913 720 972 nissima
768 922 916 979 sunt,
943 913 1183 985 Epicuri,
1225 913 1474 984 inquam,
1496 922 1552 970 et
1587 913 1911 986 Pyrrhonis,
1938 929 2050 985 quo

489 1006 668 1073 magis
691 1020 980 1075 possemus
1005 1004 1310 1062 confutare.

566 1096 697 1152 Vill.
724 1097 993 1152 Caeterum
1034 1111 1139 1151 una
1177 1110 1305 1152 cum
1343 1094 1569 1152 Simone
1612 1098 1848 1168 quodam
1894 1113 2055 1169 mago

487 1190 724 1257 educati,
766 1190 981 1245 ratione
1007 1188 1262 1245 amicitiae
1290 1188 1346 1244 in
1391 1187 1642 1245 fraudem
1696 1189 1811 1246 fere
1845 1191 2053 1247 inducti

490 1280 712 1337 fuimus.
729 1279 924 1336 Fertur
941 1280 1086 1336 enim
1101 1280 1347 1351 quaedam
1364 1280 1432 1335 de
1451 1282 1634 1352 aliquo
1650 1283 1868 1338 homine
1888 1282 2051 1350 fama,

487 1373 581 1443 qui
615 1374 709 1429 ubi
733 1373 1078 1444 apparuerit,
1121 1372 1374 1429 universa
1406 1374 1622 1444 piorum
1677 1376 1972 1431 multitudo
1996 1376 2051 1430 in

486 1479 654 1537 regno
679 1466 823 1521 vivet
862 1473 1124 1536 perpetuo
1152 1480 1216 1521 ac
1239 1466 1376 1522 citra
1416 1466 1746 1523 molestiam.
1799 1466 1902 1523 Sed
1937 1468 2055 1523 haec

486 1560 604 1626 tibi,
638 1570 832 1625 mater,
857 1558 1171 1630 diligentius
1201 1558 1258 1613 in
1290 1567 1535 1629 tempore
1558 1570 1916 1630 exponentur.
1939 1559 2053 1617 Nos

487 1651 706 1707 interim
777 1666 901 1707 cum
948 1664 1085 1721 pene
1130 1651 1242 1722 jam
1292 1651 1667 1722 deciperemur
1714 1668 1746 1708 a
1804 1652 2049 1721 Simone,

484 1744 703 1812 quidam
727 1745 931 1815 collega
977 1742 1184 1799 domini
1230 1743 1405 1799 nostri
1453 1741 1622 1809 Petri,
1662 1742 1923 1801 Zachaeus
1951 1761 2052 1801 no.

483 1835 653 1902 mine,
698 1836 1222 1903 accedens,monuit
1250 1852 1318 1892 ne
1368 1835 1739 1892 falleremura
1775 1830 1965 1907 ‘Mago,
1995 1845 2051 1892 et

485 1926 647 1982 Petro
673 1928 981 1983 advenienti
1012 1944 1114 1985 nos
1159 1929 1379 1995 obtulit,
1430 1937 1492 1983 ut
1527 1929 1597 1984 ab
1643 1930 1763 2001 ipso
1812 1914 2053 2001 perfecte

483 2033 604 2088 quae
665 2026 911 2088 spectant
947 2020 1015 2074 ad
1064 2020 1271 2075 cultum
1326 2020 1423 2077 Dei
1475 2023 1817 2078 doceremur.
1868 2022 2051 2091 Quare

481 2111 646 2165 etiam
694 2120 746 2165 te
788 2126 1046 2178 oramus,
1103 2120 1278 2167 mater
1304 2152 1321 2179 ,
1354 2120 1415 2168 ut
1461 2128 1584 2183 quae
1629 2128 1731 2169 nos
1763 2114 2049 2170 consecuti

483 2215 677 2255 sumus
703 2200 863 2267 bona,
916 2200 1006 2256 illa
1055 2209 1111 2257 et
1159 2211 1217 2257 tu
1269 2203 1568 2274 percipias,
1609 2219 1722 2275 quo
1772 2206 2050 2275 possimus

482 2293 665 2348 cibum
695 2301 750 2347 et
796 2308 1040 2350 mensam
1073 2293 1274 2350 habere
1319 2311 1691 2353 communem.
1749 2296 1827 2352 Ea
1881 2298 2050 2367 igitur

481 2400 649 2441 causa
697 2383 820 2450 fuit,
848 2400 883 2440 ο
923 2386 1181 2456 genitrix,
1230 2396 1452 2457 propter
1500 2404 1664 2458 quam
1717 2388 2048 2445 existimasti

482 2493 584 2533 nos
629 2478 854 2543 obiisse,
900 2477 1048 2549 quod
1093 2479 1147 2533 in
1196 2494 1261 2534 ea
1313 2479 1628 2535 diﬂicillima
1678 2490 1839 2537 nocte
1887 2498 1918 2537 a
1965 2482 2050 2553 pia

482 2571 615 2625 ratis
662 2569 717 2623 in
765 2570 957 2642 pelago
1001 2571 1140 2640 rapti
1189 2585 1402 2639 sumus,
1451 2580 1620 2642 tuque
1660 2587 1763 2629 nos
1816 2573 2049 2644 periisse

482 2662 789 2718 credidisti.

553 2753 643 2809 IX.
691 2754 988 2824 Postquam
1040 2755 1155 2810 haec
1200 2754 1431 2812 dixisset
1490 2755 1825 2825 Faustinus,
1871 2770 2049 2818 mater

482 2853 666 2899 nostra
697 2845 929 2914 procidit
954 2844 1022 2898 ad
1047 2844 1209 2913 pedes
1236 2844 1618 2918 Petri,rogans
1642 2857 1696 2902 et
1726 2849 2042 2919 obsecrans,

483 2944 542 2991 ut
566 2945 620 2990 et
654 2935 825 3005 ipsam
853 2945 908 2990 cl.
936 2937 1208 3007 hospitam
1239 2953 1395 2994 suam
1419 2950 1701 2995 evocatam
1728 2943 1848 2998 sine
1879 2958 2038 3002 mora

482 3026 807 3097 baptizaret,
855 3021 939 3082 Uti
967 3037 1022 3082 et
1065 3043 1133 3083 ne
1170 3044 1298 3097 una,
1332 3030 1527 3101 inquit,
1558 3032 1674 3088 dies
1702 3035 2043 3105 excludatur,

2157 545 2491 616 πονήσαμεν,
2535 544 2684 605 ὅπως
2714 535 2850 613 πρὸς
2873 539 2941 595 τὰ
2964 540 3128 595 λοιπά
3176 539 3303 612 ἔθνη
3352 539 3725 610 διαλεγόμενοι

2156 632 2397 704 ἐλέγχειν
2420 630 2559 685 αὐτά
2585 632 2711 704 περὶ
2756 630 2962 702 πλάνης
2985 622 3285 701 δυνώμεθα.
3325 629 3482 682 Ἀλλά
3529 630 3624 683 καὶ
3655 629 3724 684 τά

2156 723 2458 793 φιλοσόφων
2482 721 2889 794 ἠκριὸώσαμεν,
2926 719 3218 792 ἐξαιρέτως
3243 721 3299 774 δέ
3323 721 3393 775 τὰ
3417 720 3720 785 ἀθεώτατα,

2156 814 2300 882 λέγω
2319 814 2383 885 δὴ
2414 815 2456 847 ²⁹
2483 813 2553 867 τά
2590 813 2910 886 Ἐπικούρου
2934 814 3027 868 καὶ
3068 813 3380 885 Πύρρωνος,
3408 813 3495 866 ἵνα
3523 811 3721 883 μᾶλλον

2154 903 2545 969 ἀνασκευάζειν
2570 901 2874 975 δυνώμεθα.

2229 1080 2368 1136 VIII.
2396 1080 2599 1152 Σίμωνι
2623 1079 2681 1133 δέ
2702 1097 2807 1133 τινι
2838 1078 2997 1150 μάγῳ
3026 1077 3209 1148 σχεδὸν
3239 1076 3527 1148 σύντροφοι
3564 1076 3721 1146 γενό-

2156 1191 2326 1246 μενοι,
2378 1173 2561 1242 φιλίας
2600 1174 2645 1204 ³⁵
2687 1171 2790 1243 όδῷ
2837 1171 3184 1243 ἀπατηθῆναι
3240 1169 3719 1242 ἐκινδυνεύσαμεν.

2158 1269 2312 1321 Ἐστι
2342 1267 2383 1298 ³¹
2408 1265 2463 1320 δέ
2488 1283 2573 1330 τις
2615 1266 2741 1339 περὶ
2767 1262 3053 1337 ἀνθρώπου
3087 1262 3229 1326 τινὸς
3252 1262 3425 1332 λόγος,
3453 1258 3512 1318 οὗ
3540 1261 3723 1332 φανέν·

2152 1376 2243 1423 τος
2269 1360 2325 1412 ἐν
2351 1356 2595 1429 βασιλείᾳ
2617 1356 2725 1410 τῶν
2744 1355 3177 1427 θεοσεόησάντων
3200 1354 3354 1425 δχλος
3377 1354 3421 1386 ³⁸
3438 1354 3721 1417 ἀθανάτως

2153 1449 2247 1505 καὶ
2280 1448 2499 1511 ἀλύπως
2526 1448 2688 1518 287
2729 1447 2922 1519 βιῶσαι
2953 1446 3085 1517 ἔχει·
3117 1446 3262 1517 ὅμως
3286 1442 3459 1498 ταῦτα
3494 1445 3591 1515 μέν
3614 1460 3717 1506 σοι,

2155 1542 2331 1614 μῆτερ
2364 1540 2428 1605 ³³,
2476 1541 2571 1593 ἐπὶ
2615 1538 2807 1611 καιροῦ
2857 1538 3246 1611 ἀκριϐέστερον
3280 1533 3715 1608 ἐκτεθήσεται³⁵.

2152 1633 2299 1705 Πλὴν
2353 1631 2635 1704 μέλλουσιν
2680 1634 2812 1703 ἡμῖν
2846 1630 3156 1685 ἀπατᾶσθαι
3199 1629 3307 1684 ὑπὸ
3335 1628 3432 1681 τοῦ
3476 1628 3719 1699 Σίμωνος

2152 1722 2368 1797 ἐταίρός
2399 1742 2486 1789 τις
2512 1725 2604 1777 τοῦ
2650 1724 2839 1796 κυρίου
2867 1723 3021 1795 ἡμῶν
3049 1724 3277 1795 Πέτρου,
3328 1724 3595 1792 Ζακχαῖος
3628 1721 3718 1774 λε-

2082 1801 2125 1856 Β
2150 1816 2399 1888 γόμενος,
2433 1816 2845 1889 προσηκάμενος
2881 1814 3198 1886 ἐνουθέτησε
3251 1814 3325 1886 μὴ
3378 1814 3717 1886 ἀπατηθῆναι

2150 1908 2228 1981 τῷ
2244 1908 2445 1981 Μάγῳ,
2481 1908 2759 1963 ἐπελθόντι
2780 1908 2837 1962 δὲ
2857 1908 2936 1979 τῷ
2954 1908 3146 1980 Πέτρῳ
3177 1909 3546 1981 προσήγαγεν,
3572 1908 3717 1971 ὅπως

2151 2000 2573 2074 πληροφορήσας
2605 2002 2749 2072 ἡμᾶς
2775 2002 2819 2033 ³⁸
2846 2001 3009 2073 πείσῃ
3042 2002 3169 2072 περὶ
3198 2000 3308 2054 τῶν
3350 2004 3415 2073 τῇ
3444 1996 3719 2072 θεοσεϐείᾳ.

2148 2092 2533 2166 διαφερόντων.
2586 2092 2679 2145 Διὸ
2730 2094 2824 2147 καὶ
2853 2093 2933 2157 σὲ,
2971 2092 3144 2164 μῆτερ
3172 2091 3237 2156 ³⁸,
3288 2091 3578 2163 εὐχόμεθα,
3630 2091 3717 2146 ἶνα

2149 2178 2224 2239 ὧν
2285 2187 2444 2258 ἡμεῖς
2492 2184 2907 2257 κατηξιώθημεν
2970 2183 3210 2252 ἀγαθῶν,
3245 2183 3450 2237 τούτων
3497 2184 3593 2236 καὶ
3649 2183 3715 2238 σὺ

2151 2277 2481 2351 μεταλάσῃς,
2513 2278 2662 2342 ὅπως
2685 2274 2879 2331 κοινῶν
2906 2276 2949 2308 ³⁷
2969 2276 3112 2331 ἀλῶν
3138 2277 3231 2330 καὶ
3251 2274 3529 2348 τραπέζης
3554 2291 3716 2347 μετα-

2149 2371 2340 2426 λαϐεῖν
2376 2369 2713 2442 δυνηθῶμεν.
2745 2368 2897 2442 Αὕτη
2918 2364 3010 2422 οὖν
3032 2370 3231 2440 ἐστινὴ
3262 2368 3438 2431 αἰτία,
3460 2364 3713 2431 τεκοῦσα,

2147 2465 2215 2520 δι’
2235 2465 2302 2536 ἢν
2329 2463 2573 2535 ἐνόμιζες
2588 2464 2734 2535 ἡμᾶς
2747 2461 3018 2525 τεθνάναι,
3040 2461 3118 2532 τῷ
3141 2461 3185 2493 ³⁸
3201 2460 3383 2535 ἐκείνῃ
3404 2463 3471 2532 τῇ
3481 2458 3717 2530 χαλεπω-

2146 2556 2286 2631 τάτῃ
2331 2556 2488 2609 νυκτὶ
2517 2554 2623 2609 ὑπὸ
2650 2553 2925 2626 πειρατῶν
2958 2554 3189 2627 ἀρθῆναι
3235 2555 3294 2607 ἐν
3349 2552 3596 2621 πελάγει,
3655 2551 3713 2604 σέ

2146 2647 2203 2703 δὲ
2234 2648 2475 2719 νομίζειν
2505 2648 2651 2719 ἡμᾶς
2678 2645 3036 2701 ἀπολωλέναι.

2226 2759 2319 2817 IX.
2349 2759 2533 2814 Ταῦτα
2561 2757 2657 2812 τοῦ
2680 2757 2975 2811 Φαυστίνου
3003 2757 3266 2824 εἰπόντος,
3292 2758 3324 2829 ὴ
3356 2758 3536 2830 μήτηρ
3558 2756 3715 2829 ήμῶν

2147 2851 2455 2925 προσέπεσε
2480 2850 2557 2922 τῷ
2589 2850 2814 2921 Πέτρῳ,
2857 2848 3085 2920 δεομένη
3133 2847 3229 2902 καὶ
3273 2847 3522 2915 ἀξιοῦσα,
3567 2847 3715 2912 ὅπως

2150 2943 2322 3015 αὑτήν
2351 2959 2410 2996 τε
2438 2943 2531 2995 καὶ
2560 2941 2658 3013 τὴν
2703 2940 2974 3011 ξενοδόχον
3017 2938 3189 3009 αὐτῆς
3221 2938 3714 3009 μεταπεμψάμενος

2147 3035 2377 3106 ἐξαυτῆς
2412 3032 2685 3106 βαπτίσῃ,
2722 3032 2841 3096 ἵνα,
2872 3032 3039 3104 φησὶ,
3105 3030 3341 3103 μηδεμία
3395 3047 3480 3094 τις
3534 3028 3714 3102 ἡμέρα

481 3135 548 3176 οι
579 3135 689 3190 quo
740 3130 901 3175 natos
945 3135 1096 3176 meos
1140 3121 1340 3192 recepi,
1375 3122 1427 3178 in
1479 3139 1585 3195 qua
1639 3141 1761 3181 cum
1804 3128 1884 3184 eis
1932 3145 2045 3186 non

2149 3125 2376 3197 ἄμοιρος
2399 3125 2643 3196 γένηται,
2666 3122 2758 3193 ἀφ’
2780 3118 2848 3197 ἦς
2869 3122 2937 3176 τὰ
2964 3123 3206 3193 ἐμαυτῆς
3229 3120 3495 3176 ἀπέλαϐον
3525 3121 3710 3183 τέκνα,

483 3211 806 3280 sumpserim
837 3210 1040 3266 cibum.
1091 3212 1337 3283 Cumque
1359 3229 1459 3269 nos
1488 3214 1675 3270 eadem
1705 3231 1829 3287 quae
1870 3230 2047 3277 mater

2149 3216 2271 3272 καθ’
2299 3216 2366 3286 ἢν
2423 3214 2489 3270 ἂν
2526 3217 2587 3269 οὑ
2615 3215 2660 3247 ³⁸
2694 3211 3099 3285 συνεστιαθείην
3146 3212 3349 3275 αὐτοῖς.
3402 3211 3590 3265 Ταύτά
3617 3206 3713 3266 οὖν

483 3317 981 3372 comprecaremur,
1010 3301 1207 3359 Petrus
1220 3305 1298 3359 ait
1322 3322 1335 3358 :
1355 3302 1494 3372 Quid
1523 3306 1837 3375 putatis,me
1863 3309 2046 3365 immi-

483 3393 810 3471 sericordem
840 3410 959 3449 esse
979 3393 1179 3461 solum,
1203 3395 1348 3466 quod
1379 3396 1547 3450 nolim
1572 3411 1670 3452 vos
1698 3399 1890 3455 matris
1915 3415 2042 3456 con-

480 3487 625 3541 vivio
670 3486 892 3553 sociari,
921 3486 1085 3540 hodie
1128 3487 1275 3542 illam
1325 3486 1610 3556 baptizans
1635 3488 1659 3541 ?
1686 3485 1790 3543 Sed
1821 3505 2045 3547 necesse

478 3587 561 3633 est
582 3592 702 3634 eam
726 3576 815 3631 vel
848 3592 955 3630 una
982 3577 1069 3632 die
1100 3586 1225 3633 ante
1282 3578 1613 3647 baptismum
1662 3577 1915 3648 jejunare
1947 3596 1962 3634 :
1991 3591 2047 3636 et

480 3669 605 3733 hoc,
636 3667 764 3737 quia
793 3666 1016 3721 omnino
1044 3666 1332 3736 quemdam
1373 3681 1470 3735 pro
1513 3683 1572 3723 se
1600 3669 1779 3724 locuta
1809 3677 1893 3724 est
1923 3687 2046 3727 ser.

480 3775 719 3826 monem,
741 3774 903 3830 quem
941 3772 1040 3827 ego
1067 3758 1321 3814 idoneum
1347 3756 1470 3814 fidei
1510 3760 1656 3816 illius
1695 3761 2042 3833 interpretem

483 3854 694 3909 habeo:
727 3849 930 3921 alioqui
966 3850 1151 3907 multis
1209 3850 1383 3921 ipsam
1413 3851 1605 3910 diebus
1650 3857 1933 3925 oportebat
1961 3858 2046 3914 ln-

481 3944 665 3998 strari.

552 4033 620 4089 Χ.
655 4034 722 4089 Et
742 4050 841 4105 ego
880 4052 894 4089 :
927 4032 1025 4090 Dic
1051 4034 1231 4102 nobis,
1264 4034 1508 4106 inquam,
1535 4040 1752 4107 qualem
1807 4042 2047 4111 protule.

482 4125 554 4180 rit
576 4139 906 4193 sermonem,
938 4125 1030 4198 qui
1076 4127 1234 4182 tidem
1262 4127 1410 4183 illius
1431 4129 1764 4198 patefecerit.
1798 4130 2046 4203 Respon-

480 4217 561 4272 dit
585 4216 778 4273 Petrus
810 4234 824 4270 :
852 4217 946 4273 Ille
974 4233 1154 4273 sermo
1182 4227 1286 4285 est,
1318 4234 1429 4289 quo
1461 4221 1672 4292 rogavit
1709 4232 1769 4277 ut
1822 4224 2042 4295 hospita

481 4318 536 4364 et
562 4309 802 4366 beneﬁca
830 4310 995 4367 simul
1023 4309 1396 4380 baptizaretur
1445 4326 1569 4367 cum
1602 4312 1737 4382 ipsa.
1794 4312 1909 4369 Non
1939 4329 2042 4369 au-

2148 3311 2242 3364 καὶ
2273 3310 2427 3382 ἡμῶν
2453 3312 2520 3381 τῇ
2557 3308 2727 3382 μητρὶ
2770 3304 3398 3379 ωμπαρακαλεσάπων,
3445 3305 3473 3358 ὁ
3500 3304 3712 3377 Πέτρος

2154 3403 2284 3475 ἔφη·
2313 3401 2378 3456 Τί
2406 3400 2673 3473 νομίζετε,
2700 3399 2810 3469 ἐγὼ
2843 3398 3003 3469 μόνος
3027 3394 3368 3470 ἀσπλαγχνός
3387 3396 3431 3428 ⁸⁸
3458 3396 3598 3466 ειμι,
3627 3396 3711 3450 ὅτι

2137 3495 2214 3569 μὴ
2251 3485 2509 3567 βούλομαι
2556 3484 2702 3567 ὑμᾶς
2749 3488 3165 3559 συνεστιαθῆναι
3194 3490 3236 3520 ⁵⁸
3268 3488 3335 3559 τῇ
3381 3486 3570 3559 μητρὶ,
3613 3485 3713 3557 βα-

2132 3588 2331 3652 πτίσας
2360 3589 2529 3658 αὐτὴν
2563 3588 2837 3658 σήμερον;
2881 3580 3018 3637 ἀλλά
3054 3581 3157 3636 κᾶν
3193 3580 3321 3654 μίαν
3355 3580 3569 3652 ἡμέραν
3607 3573 3715 3651 πρὸ

2131 3678 2227 3734 τοῦ
2274 3678 2633 3750 βαπτισθῆναι
2679 3674 2970 3748 νηστεῦσαι
3022 3675 3193 3746 αὐτὴν
3241 3674 3339 3728 δεῖ.
3390 3674 3501 3727 Καὶ
3541 3671 3710 3725 ταῦτα

2133 3772 2256 3825 ἐπεὶ⁵
2294 3771 2479 3835 ἀπλῶς
2510 3770 2677 3840 288
2708 3784 2828 3822 τινα
2867 3767 3008 3840 ὑπὲρ
3056 3767 3257 3837 ἐαυτῆς
3288 3764 3589 3835 ἐφθέγξατο
3630 3762 3713 3815 λό-

2132 3880 2228 3933 γον
2251 3864 2317 3928 “,
2338 3863 2397 3917 ὃν
2419 3861 2530 3931 ἐγὼ
2548 3861 2647 3931 τῆς
2671 3861 2907 3923 πίστεως
2926 3859 3096 3929 αὐτῆς
3119 3854 3300 3912 ίκανδν
3322 3852 3567 3929 ἑρμηνέα
3585 3871 3712 3908 συν-

2133 3955 2288 4010 εῖδον·
2322 3954 2444 4007 ἐπεὶ
2484 3952 2694 4006 πολλῶν
2736 3950 2959 4022 ἡμερῶν
2981 3951 3149 4014 αὐτὴν
3178 3950 3496 4013 ἀγνισθῆναι
3519 3948 3564 3979 ⁸⁸
3581 3946 3708 3999 ἔδει.

2213 4037 2304 4095 Χ.⁶
2325 4035 2497 4106 Κάγὼ
2517 4035 2671 4109 ἔφηνδ
2698 4035 2836 4089 Εἰπὲ
2889 4036 3019 4106 ἡμῖν
3050 4026 3172 4087 τίνα
3196 4029 3494 4101 ἐφθέγξατο
3529 4029 3706 4099 λόγον,

2141 4132 2201 4197 ὃς
2230 4130 2278 4164 ⁸⁸
2303 4130 2401 4201 τὴν
2431 4129 2611 4183 πίστιν
2663 4127 2834 4199 αὐτῆς
2888 4126 3144 4197 ἐξέφηνεν
3174 4121 3239 4178 ⁸⁸.
3278 4125 3388 4177 Καὶ
3417 4124 3447 4176 ὁ
3502 4121 3707 4192 Πέτρος

2143 4225 2247 4297 ἔφη
2270 4242 2284 4255 ·
2319 4225 2385 4278 Ἠ
2416 4223 2640 4289 ἀξίωσις
2671 4221 2841 4291 αὐτῆς
2870 4218 2965 4273 τοῦ
2992 4215 3467 4289 συμόαπτισθῆναι
3489 4214 3534 4246 ⁸⁸
3565 4213 3709 4284 αὐτῇ

2143 4317 2241 4389 τὴν
2276 4314 2545 4386 ξενοδόχον
2600 4314 2694 4368 καὶ
2718 4312 3017 4384 εὐεργέτιν.
3072 4311 3187 4363 υύκ
3214 4307 3277 4361 ἂν
3319 4307 3378 4361 δὲ
3429 4304 3588 4360 τοῦτο
3636 4308 3705 4375 τῇ

482 4411 590 4456 tem
615 4410 852 4473 rogaret,
884 4411 945 4456 ut
984 4401 1061 4456 illi
1104 4417 1269 4472 quam
1317 4401 1495 4473 diligit
1523 4412 1879 4473 prrestaretur
1920 4406 2037 4461 haec

2147 4409 2237 4464 ὑπ’
2259 4409 2427 4479 αὐτῆς
2447 4405 2759 4477 ποθουμένῃ
2787 4403 3005 4475 δοθῆναι
3028 4399 3346 4472 παρεκάλει,
3375 4399 3427 4452 εί
3461 4398 3536 4469 μὴ
3566 4397 3703 4468 πρό-

481 4494 675 4562 gratia,
706 4492 813 4549 nisi
863 4493 1016 4563 prius
1058 4508 1186 4563 erga
1231 4494 1563 4565 baptismum
1617 4502 1873 4565 tanquam
1910 4514 2039 4568 erga

2145 4516 2297 4573 τερον
2323 4475 2462 4569 αὕτη
2485 4475 2698 4568 διετέθη
2723 4475 2765 4528 ’λτ
2788 4495 2865 4559 ὡς
2901 4494 2994 4547 ἐπὶ
3043 4492 3254 4566 μεγάλῃ
3294 4493 3360 4563 τῇ
3388 4490 3484 4545 τοῦ
3513 4488 3708 4560 βαπτί-

481 4600 737 4656 tnagnuln
768 4599 968 4639 munus
1001 4593 1147 4641 esset
1175 4584 1385 4640 affecta.
1432 4583 1584 4641 Unde
1620 4601 1721 4657 ego
1752 4589 2044 4658 reprehen-

481 4675 553 4730 do
594 4677 880 4746 plurimos,
907 4676 999 4746 qui
1025 4689 1152 4731 cunt
1184 4676 1446 4746 baptizati
1487 4676 1710 4745 fuerint,
1742 4688 1798 4735 et
1820 4681 2042 4737 credere

483 4782 542 4822 se
570 4768 776 4835 dicant,
818 4767 954 4822 nihil
1000 4776 1181 4822 tamen
1234 4767 1458 4839 dignum
1484 4767 1589 4825 llde
1632 4780 1814 4842 agant,
1866 4787 2044 4844 neque

483 4874 578 4914 eos
621 4874 761 4930 quos
799 4860 1030 4930 diligunt
1060 4860 1304 4929 (uxores,
1361 4860 1583 4930 inquam
1608 4903 1624 4931 ,
1650 4864 1732 4919 vel
1763 4864 1922 4930 tilios,
1960 4865 2043 4921 vel

484 4952 711 5022 amicos)
741 4952 808 5008 ad
857 4952 961 5007 hoc
994 4952 1305 5007 hortentur.
1358 4949 1496 5007 Nam
1521 4953 1567 5010 si
1618 4955 1923 5036 crederent,
1958 4956 2041 5010 vi-

2145 4606 2351 4662 σματος
2398 4588 2597 4659 δωρεᾷ.
2652 4586 2815 4640 Ὅθεν
2861 4584 2971 4655 ἐγὼ
3028 4584 3236 4639 πολλῶν
3291 4580 3706 4652 καταγινώσκω,

2145 4683 2348 4737 ὁπόταν
2372 4681 2437 4746 ⁸⁸,
2474 4679 2859 4750 βαπτισθέντες
2878 4679 2970 4732 καὶ
2992 4679 3269 4732 πιστεύειν
3294 4677 3561 4747 λέγοντες,
3595 4694 3705 4747 μη·-

2142 4774 2230 4829 δέν
2256 4773 2405 4838 ἀξιον
2437 4772 2672 4835 πίστεως
2698 4769 2914 4833 ποιῶσι,
2962 4769 3085 4840 μηδ’
3111 4768 3206 4832 οὓς
3231 4767 3539 4837 ἀγαπῶσιν,
3562 4766 3710 4836 λέγω

2142 4865 2207 4936 δὴ
2221 4867 2480 4934 γυναῖκας
2501 4861 2677 4917 αὐτῶν
2692 4861 2725 4933 ἢ
2742 4862 2890 4926 υἱοὺς
2904 4860 2937 4930 ἢ
2953 4856 3297 4933 φίλους,πρδς
3308 4859 3466 4916 τοῦτο
3479 4857 3712 4930 προτρὲέ

2149 4973 2378 5011 πωνται.
2436 4955 2500 5009 Εἰ
2553 4952 2663 5026 γὰρ
2694 4950 3091 5011 πεπιστεύκασι
3141 4952 3289 5025 ζωὴν
3347 4950 3564 5006 αἰώνιον
3610 4952 3708 5013 σὺν

1752 5134 1988 5192 VARLE
2026 5135 2424 5192 LECTIONES.

556 5277 605 5350 ’ξ
637 5277 709 5331 ita
729 5272 906 5350 _Epit.,
928 5275 1141 5350 λέγωδὲ
1167 5274 1233 5340 C,
1261 5274 1329 5333 Ο.
1403 5277 1447 5350 '_'
1479 5278 1673 5348 φιλίοις
1700 5278 1764 5334 Ο.
1846 5279 1894 5350 Α³¹
1935 5279 2159 5350 Recogn.
2233 5293 2351 5345 vm,
2397 5278 2466 5350 5'5
2500 5276 2746 5350 :_Fertur
2785 5276 2924 5350 enim
2949 5279 3021 5350 in
3054 5273 3303 5350 reiigione
3326 5281 3507 5326 nostra
3535 5284 3706 5324 sermo

485 5350 549 5404 de
578 5343 836 5417 Propheta
860 5343 1083 5416 quodam
1108 5362 1200 5415 per
1228 5362 1379 5417 quem
1408 5343 1725 5402 immortalia
1748 5357 1798 5403 et
1838 5348 1988 5403 beata
2021 5343 2129 5403 viia
2155 5343 2481 5403 credentibus
2514 5347 2693 5400 danda
2757 5345 3070 5400 remittitur.
3101 5343 3259 5398 Hunc
3288 5359 3408 5414 ergo
3429 5358 3523 5395 nos
3550 5350 3706 5410 puta-

486 5420 668 5471 bamus
701 5415 983 5471 Simonem.
1006 5414 1107 5471 Sed
1132 5416 1242 5471 hcc
1276 5417 1393 5471 tibi.
1442 5428 1629 5471 mater.
1665 5421 2010 5471 mmortum'us
2041 5430 2380 5471 exponentur.
2457 5418 2504 5449 ³³
2531 5415 2684 5471 δγλον
2715 5363 2757 5471 ἕ
2784 5456 2800 5471 .
2834 5416 2925 5471 nui
2947 5415 3091 5471 coni.
3120 5414 3294 5471 δγλος.
3331 5415 3384 5467 in
3412 5412 3459 5467 Ο
3511 5410 3705 5471 διλωνο

486 5414 983 5489 bamus'SiAmoriem.
1006 5414 1250 5489 Sed’hgzc'
1276 5417 1393 5489 tibi,
1442 5428 1629 5489 mater,
1665 5421 2010 5489 opportunius
2041 5430 2380 5489 exponentur.
2457 5415 2684 5489 "exiles

2784 5456 2800 5482 ,
2828 5416 2925 5486 qui
2947 5415 3095 5486 conj.
3120 5414 3294 5486 ὄχλος,
3331 5410 3384 5467 in
3412 5410 3705 5486 Ορίῦχλιιιινἰ

486 5489 532 5521 ³³
556 5489 728 5569 μῆτερ
746 5487 806 5553 S,
829 5485 880 5568 ,Ο
909 5529 923 5551 ,
953 5489 1127 5559 μήτερ
1148 5485 1210 5542 C.
1286 5488 1332 5519 “
1354 5479 1938 5559 ἐκτελήσεται’8,ε.ϐι.
1982 5491 2027 5523 ³⁸
2220 5479 2633 5564 πληροφορήόας
2656 5485 2718 5570 C‘.
2787 5479 3185 5610 ’⁸⁶’μερῶν’0.”
3216 5485 3256 5516 ³⁷
3283 5486 3435 5554 κοινῇ
3462 5480 3526 5536 C.
3544 5479 3710 5533 ""16

486 5574 631 5610 cont.
658 5557 714 5610 S.
740 5568 873 5610 satis
892 5556 1050 5610 bene.
1134 5558 1177 5591 ³⁸
1191 5559 1248 5610 ἐν
1265 5551 1299 5610 ἦ
1320 5559 1390 5610 αή
1409 5574 1457 5610 n.
1480 5558 1671 5610 καθ’ἥν
1692 5560 1757 5610 ἂν
1778 5561 1840 5610 οὐ
1856 5559 1916 5610 C.
1941 5557 2181 5610 Subinde
2199 5554 2636 5610 συνεπιασθείην
2658 5555 2800 5610 ltuit.
2827 5571 2874 5610 c.
2914 5557 2937 5609 1
2983 5556 3014 5609 6
3042 5564 3095 5608 et
3114 5553 3160 5609 Ο
3189 5594 3204 5610 .
3230 5552 3616 5610 συνεστιάσθην
3637 5549 3702 5603 C-

486 5551 631 5639 goitj:
658 5551 714 5623 S,
740 5551 1050 5639 satis‘be'ne:
1096 5551 1108 5559 ’
1134 5551 1299 5639 ³λένῇ
1318 5559 1457 5639 μήλρ.
1480 5551 1671 5639 until-liv
1692 5551 1840 5639 ἀν’ρὺ
1941 5551 2636 5639 ξιψὶἰῖἀόσυνέὲτίαὰθὲίηγ
2653 5555 2800 5639 βρὶι.
2827 5551 2883 5611 τί
2914 5557 2937 5609 1

1383 5629 1428 5701 δέ
1457 5629 1825 5701 εὐσπλαγχνός
1848 5629 1912 5683 Ο.
1938 5631 2055 5684 Alia
2081 5629 2520 5701 manipragrnisit

487 5615 621 5681 Τιιιῆ
652 5615 825 5681 τάυτά
858 5627 917 5687 S,
950 5626 1124 5680 ταῦτα
1148 5625 1212 5690 C,
1245 5615 1307 5683 θ’.

3042 5564 3095 5608 et
3114 5553 3160 5609 Ο
3189 5594 3204 5617 ,
3230 5539 3616 5621 ωνεστὶἀσθην
3637 5549 3702 5603 C.

2591 5623 2908 5699 ᾗλὶιιῐιιιιινίιζ
2985 5624 3209 5699 'f‘__lta0
3260 5641 3308 5699 ο,
3355 5623 3419 5699 ξ.
3467 5634 3711 5699 συνεστι-

487 5643 621 5709 ‘tnm
652 5643 825 5681 ταυτα
858 5643 917 5687 δ,
950 5643 1124 5680 ταυτα
1148 5643 1212 5690 υ,
1245 5643 1307 5683 υ.
1383 5643 1428 5661 ’ν
1457 5643 1912 5712 εὐσπλαγχνοςυ.
1938 5643 2055 5684 Alta
2081 5645 2227 5684 man.
2261 5643 2520 5717 praemisit
2543 5643 2622 5729 μη
2653 5643 2705 5679 ιιι
2737 5643 2908 5698 marg.
2985 5643 3025 5657 ’-
3061 5643 3135 5679 ua
3164 5643 3209 5678 υ
3260 5643 3308 5711 c:
3362 5643 3419 5677 δ.
3467 5643 3685 5675 συνεστυ

480 5696 711 5779 ασθιηναι
826 5697 914 5779 ﬂ“
945 5697 1099 5779 λόγον
1140 5712 1255 5779 οφιῖ
1414 5699 1463 5779 f’
1487 5699 1934 5779 ἀφελληνισθηναι
2094 5700 2255 5779 ⁸⁸Αό(2
2285 5716 2375 5779 ,Λῳ
2504 5697 2558 5779 ⁸⁸,
2594 5696 2851 5779 ἐξέφηνεν
2944 5736 2962 5779 ,
2986 5695 3241 5779 ἐξέφανεν
3265 5697 3325 5763 ί»,
3347 5693 3411 5749 0.
3486 5691 3534 5725 ’⁸⁸
3562 5690 3685 5743 Βαπ

478 5765 731 5836 κτισθῆναι
758 5765 959 5821 O.Cum
990 5767 1110 5822 eod.
1136 5766 1311 5823 addidi
1339 5770 1431 5824 καί
1455 5765 1573 5841 post
1607 5765 1892 5842 ξενοδόχον.
1948 5771 1992 5805 ⁸⁷
2026 5770 2105 5827 Ita
2131 5768 2176 5827 0
2228 5784 2281 5826 c.
2307 5765 2388 5839 S',
2420 5768 2630 5838 διεθὲτη
2652 5766 2714 5822 C.
2746 5765 2755 5769 ⁷
2793 5768 2837 5801 η
2864 5767 3013 5822 ὁπότ’
3046 5767 3109 5819 ἀν
3139 5766 3199 5822 C.
