4082 6160
363 248 466 304 357

1452 255 1906 311 CLEMENTINA.
1926 287 1996 300 -—
2033 258 2314 313 IIOMILIA
2342 260 2478 314 XIII.

3499 261 3602 317 558

364 376 474 420 tam
527 372 785 419 mternam
829 380 953 419 cum
999 366 1155 421 bonis
1197 369 1455 438 operibus
1487 388 1516 425 a
1545 372 1654 426 Deo
1707 382 1924 442 propter

2029 371 2207 442 ἔργοις
2256 372 2439 436 καλοῖς
2481 372 2768 443 δωρεῖσθαι
2824 373 2913 426 τὸν
2971 373 3103 426 Θεὸν
3148 371 3246 425 ὲπϊ
3276 371 3351 442 τῷ
3405 371 3600 442 βαπτί-

362 459 695 526 baptismum
725 457 941 522 donari,
968 458 1173 528 absque
1216 462 1512 530 dilatione,
1555 479 1694 532 quos
1740 464 1931 534 dilige-

359 560 503 614 rent,
523 551 589 604 ad
611 565 736 604 eum
763 549 1169 618 suscipiendum
1193 555 1632 610 exhortarentur.
1667 556 1772 610 Sed
1789 557 1934 612 dicet

359 653 602 696 vestrum
647 643 812 710 quis:
838 642 1084 714 Diligunt
1108 660 1223 707 eos,
1249 660 1314 700 ac
1339 645 1406 700 de
1433 646 1499 702 iis
1524 656 1652 702 sunt
1683 649 1926 704 solliciti.

358 733 414 787 LI
468 738 694 792 stultum
725 747 826 794 est.
863 737 995 791 Nam
1020 739 1356 793 curtandem
1391 755 1487 795 eos
1531 749 1792 810 aegrotare
1844 743 1946 805 vi-,

358 826 584 892 dentes,
611 838 707 883 aut
765 831 820 884 in
859 833 1049 886 mortis
1087 832 1233 885 viam
1283 832 1502 896 abduci,
1547 842 1642 887 aut
1680 834 1926 904 quaedam

359 916 466 970 alia
517 918 749 972 molesta
785 921 1079 984 sustinuere,
1113 928 1340 989 gemunt
1367 929 1532 990 atque
1558 921 1932 976 miserantur9

360 1008 440 1061 Ita
482 1008 527 1062 si
572 1010 932 1065 credidissent
1006 1011 1185 1081 ignem
1232 1020 1495 1065 aeternum
1557 1028 1778 1066 manere
1835 1028 1930 1068 eos

359 1099 452 1166 qui
503 1097 671 1152 Deum
699 1115 804 1152 non
832 1099 1042 1163 colunt,
1103 1115 1210 1153 non
1256 1108 1538 1156 cessarent
1582 1116 1808 1156 monere
1843 1103 1928 1156 vel

361 1199 622 1259 tanquam
653 1191 719 1245 de
772 1192 1084 1247 inﬁdi-libus
1139 1193 1344 1256 dolere,
1380 1194 1510 1248 dum
1553 1208 1648 1248 eos
1695 1203 1928 1248 cernunt

361 1283 690 1348 incredulos,
716 1284 848 1337 certi
898 1283 1094 1338 futura:
1122 1285 1340 1339 illorum
1392 1301 1586 1356 paenae.
1614 1284 1771 1341 Nunc
1798 1303 1928 1356 ergo

361 1374 632 1443 hospitam
708 1375 1033 1430 accersitam
1101 1376 1489 1447 interrogabo,
1547 1392 1679 1430 num
1753 1377 1924 1446 legem

357 1480 602 1522 nostram
639 1467 765 1521 velit
804 1467 1080 1536 amplecti.
1115 1477 1170 1522 et
1189 1478 1351 1538 prout
1387 1482 1730 1537 consequens
1762 1468 1928 1522 fuerit

357 1574 605 1627 agemus.

429 1650 521 1704 XI.
560 1653 630 1704 At
661 1660 838 1706 vestra
870 1661 1062 1718 mater,
1089 1651 1368 1722 quoniam,
1417 1659 1478 1705 ut
1503 1653 1660 1707 decet
1685 1651 1922 1718 fidelem,

357 1741 416 1798 in
449 1742 776 1811 baptismum
825 1743 1065 1796 animata
1107 1750 1213 1808 est,
1246 1743 1328 1796 vel
1358 1757 1467 1797 uno
1491 1741 1580 1797 die
1601 1749 1728 1796 ante
1751 1743 1927 1812 bapti-

357 1850 537 1889 smum
586 1833 816 1903 jejunet.
863 1832 958 1886 Illa
1000 1848 1128 1886 vero
1154 1835 1395 1902 jurabat,
1445 1833 1674 1888 dicens:
1704 1831 1927 1886 Duobus

357 1926 737 1994 superioribus
782 1926 996 1992 diebus,
1042 1925 1172 1979 dum
1217 1941 1381 1978 narro
1424 1926 1638 1981 mulieri
1672 1925 1927 1994 recogni~

357 2017 526 2074 tionis
581 2028 858 2080 eventum,
897 2032 1006 2086 prae
1041 2017 1214 2071 multo
1263 2017 1462 2085 gaudio
1512 2017 1693 2070 cibum
1736 2033 1928 2086 capere

357 2107 579 2176 nequivi
612 2126 626 2173 ;
661 2107 768 2161 nisi
839 2107 985 2176 quod
1060 2107 1315 2162 hesterna
1357 2108 1458 2164 “die
1504 2109 1727 2177 paulum
1773 2124 1928 2179 aquae

356 2201 588 2268 sumpsi.
640 2198 957 2253 Juramento
1029 2208 1210 2253 autem
1277 2200 1650 2254 testimonium
1695 2201 1927 2269 praebuit

357 2306 498 2344 mor
535 2290 701 2356 Petri,
734 2291 922 2346 dicens
952 2309 966 2344 :
995 2289 1130 2345 Vere
1153 2291 1285 2344 nihil
1323 2293 1580 2361 gustavit.
1611 2291 1677 2345 Et
1707 2293 1925 2362 Aquila,

353 2382 531 2450 magis
582 2398 712 2435 vero
766 2383 1022 2452 deinceps
1080 2383 1398 2449 Faustinus,
1441 2383 1565 2437 ait:
1605 2382 1749 2436 Nihil
1797 2400 1928 2453 ergo

353 2473 540 2526 obstat
562 2475 691 2542 quin
743 2475 1068 2544 baptizetur.
1105 2475 1243 2528 Tum
1282 2474 1478 2530 Petrus
1502 2475 1816 2537 subridens,
1843 2491 1928 2530 re-

353 2566 578 2635 spondit
609 2585 621 2621 :
654 2566 756 2622 Sed
783 2585 892 2623 non
921 2577 997 2624 est
1035 2571 1138 2626 hoc
1176 2571 1446 2641 jejunium
1481 2570 1759 2638 baptismi,
1781 2571 1926 2639 quod

355 2672 468 2710 non
524 2665 742 2727 propter
783 2658 937 2715 illum
1002 2672 1314 2732 susceptum
1361 2669 1464 2718 est.
1513 2661 1580 2714 Et
1630 2660 1928 2717 Faustinus

351 2751 610 2819 excepit:
644 2750 747 2805 Sed
794 2751 934 2807 forte
975 2754 1164 2810 volens
1211 2754 1354 2810 Deus
1401 2762 1631 2808 matrem
1677 2762 1924 2807 nostram

354 2855 459 2894 nec
511 2857 618 2895 una
658 2843 766 2909 die,
816 2845 1017 2916 agnitis
1065 2847 1244 2912 nobis,
1297 2845 1544 2915 separari
1577 2859 1608 2898 a
1647 2845 1926 2900 consortio

354 2947 562 2987 mensa:
605 2940 828 2998 nostra},
882 2937 1262 3004 praeordinarit
1302 2939 1404 2992 hoc
1431 2935 1724 3007 jejunium.
1772 2933 1928 2989 Sicut

2036 481 2199 534 σματι
2229 466 2302 528 ⁸9,
2348 463 2730 536 ἀνυπερθέτως
2780 463 2873 527 οὓς
2921 466 3150 534 ἠγάπων
3203 463 3601 536 προετρέποντο

2035 555 2414 626 βαπτισθῆναι.
2486 555 2624 608 Ἀλλ’
2651 558 2767 627 ἐρεῖ
2792 573 2879 618 τις
2941 555 3092 625 ὑμῶν
3112 573 3126 586 ⁸
3170 550 3476 624 Ἀγαπῶσιν
3505 556 3601 608 αὑ-

2032 649 2158 709 τοὺς
2215 649 2312 700 καὶ
2346 647 2719 719 φροντίζουσιν
2753 645 2951 700 αὐτῶν.
2987 647 3155 699 Τοῦτο
3193 646 3384 718 εὔηθές
3432 649 3596 700 ἐστιν.

2046 736 2198 789 Ἐπεὶ
2226 737 2278 788 τί
2299 738 2362 808 δή
2395 754 2523 790 ποτε
2548 735 2838 798 νοσοῦντας
2866 734 3122 806 ὁρῶντες,
3164 736 3197 806 ἢ
3224 737 3601 806 ἀπαγομένους

2030 829 2130 898 τὴν
2176 829 2268 881 ἐπὶ
2297 828 2523 882 θάνατον
2559 828 2628 891 ⁵ο,
2655 827 2688 899 ἢ
2722 827 2856 881 ἄλλα
2878 826 2998 880 τινὰ
3023 826 3234 896 χαλεπά
3271 827 3598 896 πάσχοντας,

2032 917 2312 985 ὀδύρονται
2357 920 2450 972 καὶ
2472 918 2711 972 ἐλεοῦσιν
2730 919 2772 950 ⁸⁸
2800 935 2814 983 ;
2865 916 3050 980 Οὕτως
3078 919 3126 970 εί
3149 917 3602 974 πεπιστεύκεισαν

2031 1007 2244 1060 αἰώνιον
2281 1008 2390 1080 πῦρ
2422 1009 2600 1080 μένειν
2647 1009 2772 1070 τοὺς
2805 1007 2851 1038 ⁸³
2883 1007 2975 1060 τὸν
3018 1005 3150 1058 Θεὸν
3197 1004 3270 1075 μὴ
3304 1003 3560 1068 σέΰοντας
3582 1045 3597 1069 ,

2030 1101 2130 1152 οὐκ
2161 1098 2224 1152 ἂν
2257 1098 2564 1153 ἐπαύσαντο
2594 1098 3004 1161 νουθετοῦντες,
3038 1096 3070 1168 ἢ
3116 1097 3210 1149 καὶ
3245 1095 3602 1158 ἀπειθοῦντας

2029 1193 2279 1262 ὁρῶντες,
2312 1194 2387 1256 ὡς
2416 1210 2482 1246 πε
2493 1193 2544 1264 pl
2572 1191 2816 1245 ἀπίστων
2845 1189 3168 1261 ὀδυνώμενοι
3188 1229 3204 1253 ,
3238 1190 3336 1261 τὴν
3361 1192 3478 1242 κατ’
3506 1191 3604 1246 αὐ-

2027 1284 2137 1338 τῶν
2168 1285 2388 1338 κόλασιν
2446 1283 3018 1355 πεπληροφορημένοι.
3054 1282 3222 1352 289
3273 1283 3382 1336 Kal.
3411 1281 3479 1335 τά
3511 1281 3605 1334 νῦν

2026 1377 2125 1447 τὴν
2151 1377 2420 1447 ξενοδάχον
2450 1376 2668 1446 πέμψας
2697 1374 3039 1447 ἐπανακρινῶ
3067 1376 3112 1406 ⁵³
3135 1376 3183 1426 εί
3210 1374 3300 1427 τὸν
3327 1375 3487 1445 νόμον
3513 1373 3605 1427 τὸν

2026 1469 2092 1523 δι’
2126 1469 2173 1502 ³⁸
2201 1469 2354 1541 ἡμῶν
2385 1470 2603 1540 ἀγαπᾷν
2633 1469 2884 1540 αἱρεῖται⁹
2913 1469 3006 1520 καὶ
3036 1467 3208 1531 οὕτως
3239 1468 3544 1532 ἀκολούθως
3570 1467 3607 1521 5t

2026 1558 2108 1610 δεῖ
2145 1557 2317 1628 πράξο
2325 1575 2445 1628 μεν.

2096 1647 2188 1701 XI.
2241 1647 2304 1700 Ἠ
2331 1647 2386 1699 δὲ
2432 1647 2611 1718 μήτηρ
2651 1645 2823 1717 ὑμῶν,
2871 1646 3061 1718 ἐπειδὴ
3095 1645 3308 1709 πιστῶς
3337 1646 3604 1700 διάκειται

2030 1739 2157 1809 περὶ
2187 1738 2282 1791 τοῦ
2317 1738 2710 1808 βαπτίσματος,
2733 1736 2835 1790 κᾶν
2867 1737 2993 1807 μίαν
3029 1737 3134 1807 πρὸ
3164 1735 3259 1788 τοῦ
3294 1735 3604 1806 βαπτίσμα-

2026 1845 2117 1890 τος
2148 1828 2496 1898 νηστευσάτω
2545 1827 2774 1899 ἡμέραν.
2838 1826 2902 1879 Ἡ
2947 1827 3003 1879 δὲ
3051 1826 3302 1896 ὄ›μνυεν’
3354 1825 3456 1878 Δύο
3497 1824 3605 1879 τῶν

2026 1918 2344 1972 διελθουσῶν
2390 1917 2629 1989 ἡμερῶν,
2680 1920 2746 1989 τῇ
2775 1919 2994 1986 γυναικὶ
3035 1916 3104 1970 τὰ
3149 1915 3292 1970 κατὰ
3334 1915 3425 1969 τὸν
3474 1916 3604 1968 ἀνα-

2026 2011 2335 2082 γνωρισμὺν
2380 2009 2730 2080 διηγουμένη,
2767 2009 2871 2062 ὑπὸ
2901 2009 3000 2080 τῆς
3044 2007 3244 2079 πολλῆς
3274 2009 3450 2080 χαρᾶς
3475 2025 3602 2079 τρο-

2028 2089 2136 2172 φῆς
2193 2101 2513 2172 μεταλαϐεῖν
2545 2101 2590 2132 ⁵⁵
2629 2101 2727 2154 οὐκ
2781 2101 3070 2171 ἠδυνήθην,
3133 2100 3165 2170 ἢ
3226 2100 3381 2170 ὲχθές
3445 2099 3604 2168 μόνον

2029 2194 2258 2265 βραχέος
2297 2192 2506 2256 ὓδατος.
2547 2193 2930 2264 Ἐμαρτύρησέ
2957 2192 3003 2223 ⁵⁸
3035 2209 3094 2243 τε
3127 2191 3204 2261 τῷ
3234 2193 3386 2266 ὅρκῳ,
3413 2188 3606 2262 ἡγυνὴ

2027 2284 2234 2354 Πέτρου
2293 2284 2554 2351 λέγουσα·
2618 2283 2854 2353 Ἀληθῶς
2901 2285 3000 2336 οὐκ
3053 2282 3333 2350 ἐγεύσατο.
3406 2282 3516 2333 Καὶ
3570 2283 3598 2334 6
3687 2353 3703 2366 .

2041 2373 2286 2436 Ἀκύλας,
2327 2373 2522 2443 μᾶλλον
2567 2372 2624 2424 δὲ
2671 2371 2762 2426 τοῦ
2813 2371 3000 2425 λοιποῦ
3049 2373 3338 2433 Φαυστῖνος
3359 2371 3423 2434 ⁵⁷,
3459 2370 3598 2439 ἔφη·

2027 2467 2234 2520 Οὐκοῦν
2269 2466 2420 2519 οὐδὲν
2455 2465 2652 2518 κωλύει
2686 2465 2855 2535 αὐτὴν
2896 2463 3274 2534 βαπτισθῆναι.
3303 2463 3413 2516 Καὶ
3445 2465 3474 2515 6
3505 2463 3601 2518 Πέ-

2025 2574 2153 2628 τρος
2206 2557 2439 2625 γελάσας
2483 2556 2810 2627 ἀπεκρίνατο
2829 2573 2844 2586 ·
2891 2555 3028 2607 Ἀλλ’
3051 2555 3149 2607 οὐκ
3175 2555 3290 2606 ἐστι
3320 2552 3478 2606 τοῦτο
3510 2570 3603 2623 vq-

2029 2647 2180 2700 στεία
2215 2646 2607 2717 βαπτίσματος,
2637 2645 2664 2698 ὃ
2691 2645 2737 2678 ⁸⁸
2773 2646 2847 2715 μὴ
2885 2645 2951 2698 δι’
2985 2643 3116 2697 αὐτὸ
3146 2644 3386 2712 γέγονεν.
3434 2644 3543 2696 Kal
3573 2645 3602 2695 6

2025 2741 2317 2800 Φαυστῖνος
2369 2736 2733 2807 ἀπεκρίνατο·
2775 2737 2935 2798 Ἴσως
2962 2728 3054 2787 οὖν
3083 2736 3110 2786 6
3141 2733 3291 2798 Θεὸς,
3339 2732 3594 2803 βουλόμε-

2025 2847 2114 2893 νος
2142 2828 2297 2900 ἡμῶν
2342 2829 2440 2898 τὴν
2495 2828 2704 2900 μητέρα
2754 2825 3021 2897 μηδεμίαν
3061 2824 3273 2896 ἡμέραν
3330 2823 3467 2895 μετά
3508 2821 3601 2877 τὸν

2026 2919 2438 2991 ἀναγνωρισμὸν
2499 2918 2727 2990 χωρίσαι
2782 2915 2882 2984 τῆς
2944 2915 3218 2986 ἡμετέρας
3287 2912 3598 2984 τραπέζης,

353 3024 502 3077 enim
560 3025 879 3094 pudicitiam
941 3029 1178 3083 servavit
1222 3029 1276 3083 in
1326 3029 1659 3098 ignorantia,
1713 3029 1924 3084 faciens

2031 3010 2483 3082 προῳκονόμησεν
2541 3010 2641 3078 τὴν
2706 3005 2978 3077 νηστείαν.
3027 3005 3112 3068 Ὠς
3149 3004 3256 3075 γὰρ
3305 3003 3598 3074 ἐσωφρόνει

354 3117 504 3183 quod
534 3118 818 3172 veritatem
848 3119 1024 3184 decet,
1053 3119 1128 3176 ita
1164 3129 1217 3174 et
1245 3135 1392 3174 nunc
1414 3119 1558 3174 Deus
1582 3120 1768 3176 forsan
1798 3135 1928 3190 pro-

354 3206 514 3273 vidit,
548 3224 667 3263 eam
706 3220 832 3264 ante
862 3227 1032 3270 unum
1064 3212 1208 3266 diem
1250 3212 1500 3281 jejunare
1541 3228 1640 3282 pro
1672 3227 1798 3267 vero
1827 3213 1927 3267 ba-

355 3300 578 3369 ptismo,
608 3309 716 3354 uta
741 3301 917 3372 primo
941 3303 1026 3357 die
1066 3302 1358 3372 agnitionis
1399 3310 1602 3358 nostra:
1639 3303 1925 3359 nobiscum

356 3401 545 3462 posset
569 3393 736 3447 salem
769 3409 864 3448 seu
890 3394 1070 3449 cibum
1109 3409 1325 3466 capere.

373 3542 381 3547 ’
435 3548 555 3606 XII.
589 3549 727 3604 Tum
759 3555 948 3609 Petrus
977 3570 994 3612 ι,
1021 3549 1140 3605 Non
1187 3567 1307 3619 nos,
1353 3552 1552 3621 inquit,
1597 3553 1778 3608 vincat
1811 3570 1931 3609 ma-

354 3638 499 3710 litia,
529 3653 851 3713 praetextum
897 3652 1053 3698 nacta
1099 3643 1499 3700 Providentiam
1533 3653 1587 3701 et
1616 3648 1808 3702 matris
1839 3647 1925 3704 af-

353 3737 563 3790 fectum
600 3735 738 3790 :sed
767 3736 940 3807 magis
969 3752 1065 3791 vos
1107 3745 1159 3792 et
1201 3752 1302 3806 ego
1351 3737 1634 3791 vobiscum
1681 3738 1840 3795 hodie
1873 3741 1928 3794 in

345 3825 568 3900 jejunio
598 3841 1014 3894 permaneamus
1046 3843 1058 3891 ;
1091 3811 1144 3880 et
1173 3843 1296 3881 cras
1325 3827 1704 3896 baptizabitur.
1742 3828 1929 3899 Neque

349 3919 506 3972 enim
557 3918 831 3972 hodierna:
870 3917 978 3971 dici
1031 3917 1163 3971 hora
1198 3919 1264 3977 ad
1297 3918 1631 3987 baptismum
1666 3929 1789 3990 apta
1821 3929 1924 3976 est.

350 4008 550 4079 Itaque
572 4009 652 4064 sic
682 4009 797 4064 fieri
823 4024 1015 4064 omnes
1044 4010 1445 4065 consensimus.

427 4188 570 4241 XIII.
615 4187 727 4248 IIac
757 4204 887 4260 ergo
919 4204 1143 4258 vespera
1177 4189 1361 4248 cuncti
1390 4187 1539 4243 fruiti
1567 4205 1756 4245 sumus
1783 4188 1928 4243 Petri

353 4282 629 4346 doctrina,
658 4281 757 4350 qui
780 4281 936 4335 nobis
963 4283 1199 4337 ostendit
1220 4297 1316 4351 per
1337 4283 1676 4337 occasionem
1714 4283 1925 4346 matris,

2030 3103 2088 3156 ἐν
2119 3102 2310 3169 ἀγνοίᾳ
2341 3099 2401 3152 τὸ
2429 3099 2640 3169 πρέπον
2681 3099 2747 3166 τῇ
2785 3094 3012 3164 ἀληθείᾳ
3051 3095 3341 3163 ποιήσασα,
3382 3093 3524 3147 οὕτω
3553 3094 3600 3125 ⁵⁸

2029 3195 2124 3248 καὶ
2154 3193 2249 3246 νῦν
2276 3194 2304 3245 6
2323 3190 2454 3253 θεὸς
2477 3189 2607 3252 ἴσως
2633 3187 2979 3258 ᾠκονόμησεν
3010 3187 3177 3256 αὐτὴν
3221 3185 3327 3256 πρὸ
3359 3178 3486 3256 μιᾶς
3505 3205 3601 3258 νη..

2031 3283 2249 3338 στεῦσαι
2283 3283 2326 3313 ⁶⁰
2355 3281 2500 3351 ὑπὲρ
2529 3277 2626 3332 τοῦ
2667 3277 2900 3348 ἀληθοῦς
2947 3276 3338 3348 βαπτίσματος,
3373 3279 3459 3331 ἵνα
3491 3277 3604 3330 ἀπὸ

2029 3374 2250 3447 πρώτης
2283 3373 2491 3444 ἡμέρας
2529 3370 2624 3422 τοῦ
2657 3367 2918 3439 γνωρίσαι
2973 3369 3120 3439 ἡμᾶς
3159 3367 3254 3420 σὺν
3286 3369 3416 3438 ἡμῖν
3453 3367 3598 3422 ἀλῶν

2032 3465 2352 3541 μεταλαϐεῖν
2379 3463 2594 3536 δυνηθῇ.

2099 3557 2262 3628 290
2297 3554 2408 3609 XII.
2459 3556 2570 3608 Kal.
2600 3555 2628 3607 6
2660 3552 2865 3622 Πέτρος
2913 3549 3016 3620 ἔφη
3037 3567 3050 3580 ·
3087 3551 3178 3622 Μὴ
3219 3551 3365 3621 ἡμᾶς
3390 3549 3597 3604 νικάτω

2029 3655 2063 3725 ἡ
2093 3652 2276 3714 κακία,
2312 3647 2582 3719 πρόφασιν
2611 3643 2845 3716 εὑροῦσα
2875 3643 2974 3714 τὴν
2995 3643 3247 3712 πρόνοιαν
3284 3642 3375 3694 καὶ
3404 3642 3596 3696 τεκού-

2031 3762 2130 3814 σης
2163 3742 2391 3814 στοργήν
2411 3757 2424 3770 ·
2452 3737 2588 3793 ἀλλά
2644 3735 2841 3808 μᾶλλον
2897 3735 3053 3805 ὑμεῖς
3105 3733 3259 3802 κάγὼ
3319 3733 3415 3786 σὺν
3469 3734 3598 3804 ὑμῖν

2027 3833 2389 3904 διαμείνωμεν
2421 3829 2520 3900 τὴν
2566 3828 2803 3898 σήμερον
2835 3825 2891 3876 ἐν
2918 3821 3146 3894 νηστείᾳ
3173 3822 3238 3885 ⁸¹,
3273 3821 3366 3874 καὶ
3412 3819 3596 3892 αύριον

2029 3922 2471 3995 βαπτισθήσεταιι.
2523 3916 2657 3971 Οὐδὲ
2698 3914 2806 3984 γὰρ
2847 3915 2879 3984 ἡ
2911 3912 3029 3983 ὥρα
3058 3912 3155 3982 τῆς
3195 3913 3430 3982 σήμερον
3463 3910 3598 3980 ἡμέ-

2032 4033 2128 4088 ρας
2154 4011 2451 4083 ἐπιτήδειός
2482 4009 2626 4061 ἐστιν
2656 4005 2736 4068 είς
2771 4003 3064 4073 βάπτισμα.
3110 4002 3218 4054 Kal
3248 3998 3399 4070 ὁμῶς
3427 3998 3598 4062 οὕτως

2027 4106 2275 4176 γενέσθαι
2302 4104 2350 4156 οἱ
2384 4102 2580 4164 πάντες
2614 4097 3102 4168 συνευδοκήσαμεν.

2097 4194 2228 4248 XIII.
2269 4192 2445 4262 Αὐτῆς
2491 4184 2583 4243 οὖν
2637 4188 2736 4258 τῆς
2779 4186 2824 4217 ⁸³
2858 4186 3096 4255 ἑσπέρας
3146 4183 3244 4254 τῆς
3295 4181 3502 4254 Πέτρου
3547 4185 3597 4235 οἱ

2031 4290 2228 4351 πάντες
2276 4282 2621 4343 διδασκαλίας
2680 4279 3044 4350 ἀπελαύομεν,
3108 4277 3411 4340 δεικνύντος
3464 4280 3598 4348 ἡμῖν

353 4391 469 4444 quo
495 4374 656 4428 modo
686 4374 957 4442 pudicitiae
997 4373 1130 4428 fines
1157 4374 1268 4428 sint
1293 4374 1442 4438 boni,
1469 4375 1603 4428 ﬁnes
1637 4390 1764 4429 vero
1794 4391 1924 4429 mte-

2029 4384 2089 4435 ἐκ
2118 4381 2216 4450 τῆς
2248 4377 2388 4430 κατά
2417 4377 2516 4445 τὴν
2560 4373 2768 4444 μητέρα
2817 4371 3162 4443 προφάσεως,
3207 4371 3315 4422 τίνι
3355 4369 3498 4440 λόγῳ
3529 4370 3598 4422 τά

353 4466 498 4520 chia:
525 4466 796 4531 exitiales,
822 4474 877 4520 et
907 4467 984 4522 ita
1015 4473 1213 4519 natura
1263 4465 1585 4534 comparati,
1620 4475 1678 4520 ut
1709 4467 1804 4520 toti
1835 4485 1925 4538 ge-

2029 4473 2153 4543 τέλη
2185 4472 2284 4541 τῆς
2319 4467 2668 4540 σωφροσύνης
2721 4463 2881 4527 καλά,
2913 4463 2982 4516 τά
3006 4463 3063 4515 δὲ
3091 4463 3189 4533 τῆς
3223 4463 3468 4533 μοιχείας
3496 4479 3596 4532 χα-

353 4557 478 4612 neri
514 4556 806 4625 perniciem
837 4556 1095 4620 inferant,
1125 4557 1338 4612 etiamsi
1373 4573 1477 4610 non
1506 4559 1712 4623 statim,
1745 4567 1922 4614 tamen

2029 4563 2165 4617 λεπά
2196 4562 2323 4614 ὅντα
2354 4561 2458 4630 ὅλῳ
2489 4556 2701 4642 γένειοθ³
2732 4555 2950 4627 ὀλεθρον
3008 4557 3179 4608 ποιεῖν
3241 4555 3399 4623 φύσιν
3462 4553 3592 4623 ἔχει,

355 4648 487 4701 licet
512 4646 683 4701 tarde.
719 4645 775 4700 In
813 4655 1022 4701 tantum
1049 4655 1259 4712 autem,
1281 4648 1476 4717 inquit,
1530 4650 1790 4718 pudicitia
1817 4649 1926 4706 Deo

2029 4655 2130 4710 κᾶν
2155 4655 2228 4726 μὴ
2259 4653 2484 4722 ταχέως,
2518 4650 2631 4704 ἀλλ’
2664 4646 2756 4703 οῦν
2787 4665 2850 4717 γε
2896 4646 2997 4701 κᾶν
3031 4646 3285 4719 βραδέως.
3325 4647 3447 4700 Ἐπὶ
3473 4663 3598 4699 τοσ-

353 4741 559 4809 placet,
594 4748 651 4792 ut
689 4739 850 4794 etiam
882 4739 994 4805 his,
1015 4739 1107 4808 qui
1134 4739 1188 4801 in
1215 4754 1398 4794 errore
1427 4749 1553 4793 sunt
1576 4741 1760 4812 positi,
1788 4756 1928 4794 non-

2029 4745 2179 4801 οῦτον
2210 4744 2300 4807 δὲ,
2353 4741 2546 4811 φησὶν,
2588 4739 2656 4792 τά
2688 4739 2785 4810 τῆς
2836 4738 3185 4808 σωφροσύνης
3241 4737 3466 4806 ἀρέσκει
3516 4736 3596 4807 τῷ

355 4832 497 4887 nihil
527 4832 712 4902 gratia:
731 4847 830 4901 pro
853 4833 944 4886 illa
969 4834 1023 4887 in
1070 4833 1320 4904 praesenti
1353 4830 1602 4887 conferat
1629 4833 1758 4888 vita.
1789 4832 1925 4888 Nam

2031 4837 2169 4908 Θεῷ,
2203 4837 2284 4889 ὅτι
2311 4833 2355 4866 ⁸⁸
2387 4833 2481 4886 καὶ
2498 4834 2608 4894 τοῖς
2631 4832 2688 4884 ἐν
2705 4829 2880 4902 πλάνῃ
2907 4825 3024 4882 οὖσι
3043 4827 3299 4900 βραχεῖάν
3313 4846 3435 4882 τινα
3457 4829 3597 4899 ὑπὲρ

1662 5017 1890 5073 VARle
1931 5011 2330 5074 LECTIONES.

375 5209 398 5248 -7
427 5175 476 5248 δῗ
509 5175 644 5232 Vhb.
678 5175 780 5248 ἐπὶΔ
814 5171 1260 5248 τῷηβαπτίᾳματι
1281 5175 1457 5242 recepi
1499 5189 1573 5248 ex
1599 5171 1662 5228 Ο.
1729 5175 2006 5248 "flavae?
2042 5173 2105 5229 C.
2158 5171 2225 5248 _“
2269 5167 2490 5248 ἐλεῶσιν
2517 5164 2622 5248 ρκ’
2652 5166 2873 5248 _"§1rsl
2907 5169 3033 5246 τούς
3078 5179 3197 5248 γελινἶ
3249 5163 3374 5248 lect.
3401 5175 3499 5248 ap.

354 5247 408 5320 'f
439 5230 716 5320 ἀνακρινῷ
741 5246 802 5300 (1.
865 5230 945 5320 ἰξί
974 5245 1064 5320 τον
1096 5230 1172 5320 δί’.
1197 5261 1308 5298 om.
1347 5230 1460 5297 va'r.
1495 5245 1622 5298 lect.
1655 5261 1742 5320 ap.
1769 5245 1832 5300 C.
1908 5230 2223 5320 ’ξεί-τροφῆς
2275 5239 2357 5320 μὴ,
2385 5237 2702 5320 μεῖςιλαᾷεῖν
2736 5234 2809 5320 0,,
2839 5235 2931 5303 qui
2966 5250 3078 5288 om.
3111 5230 3593 5320 rosbrzcl'lﬁgvﬁl-

355 5296 946 5385 (invi—“3“.litavriconj.
1086 5296 1411 5382 cujatexlus
1445 5296 1867 5386 μάῥὲύρῆἓέιῖιι
1897 5296 2069 5375 Epit:
2123 5296 2538 5394 3191616964660,
2607 5296 2916 5388 ἐμαρτύρει⁸
2961 5303 3208 5390 nonnulli
3245 5296 3601 5366 eoddepiI.

354 5388 403 5418 ⁸⁷
429 5385 814 5434 Φαυστινιανός
841 5385 906 5434 Ο.
982 5386 1028 5417 ⁵⁸
1057 5386 1090 5434 ἦ
1123 5387 1183 5434 C.
1221 5384 1359 5434 Tum
1397 5385 1780 5434 Φαυστινιανός
1809 5402 1862 5434 n.
1893 5386 2185 5434 Φαυστῖνοξ
2216 5380 2279 5434 Ο.
2358 5379 2402 5412 ⁸³
2427 5377 2638 5434 ημέραν
2671 5394 2768 5434 της
2801 5378 2956 5434 ἡμων
2985 5377 3330 5434 ἐπιγνωσεως
3362 5369 3592 5434 χωρίσαι

275 5441 278 5444 .
354 5378 814 5449 ⁸⁷’Φαυστινιανύς
841 5378 918 5438 Οί
982 5386 1091 5508 ⁵⁸
1123 5378 1183 5440 C.
1221 5384 1359 5438 Tum
1397 5378 1780 5448 Φαυστινὶανός
1809 5402 1862 5453 p.
1893 5378 2185 5444 Φαυστῖνος
2205 5378 2279 5434 “Ο.
2306 5378 2315 5381 ⁷
2358 5378 2402 5412 δ’
2427 5378 2638 5448 ἡμέραν
2671 5378 2768 5446 τῆς
2801 5378 2956 5446 ἡμῶν
2985 5378 3330 5454 ἐπιγνώσεως
3362 5378 3592 5441 χωρίσαι

355 5457 462 5526 τῆς
486 5457 787 5528 τραπέζης,
817 5473 1032 5528 προιρκο
1097 5472 1266 5528 μησεν
1298 5453 1397 5524 τὴν
1420 5455 1690 5528 νηστείαν.
1738 5455 1841 5528 Ὠςμ
1854 5453 1961 5525 γάρ
1988 5451 2362 5528 ἐσωφρύνησεν
2391 5448 2448 5528 ἐν
2465 5447 2680 5528 alvoqu
2706 5445 2768 5528 το
2802 5446 3014 5528 πρέπον
3038 5441 3412 5528 meantem;
3437 5440 3596 5528 ποιη-

360 5511 536 5591 eaea:
550 5511 812 5596 abeo-3671'}.
863 5511 1306 5596 ’σθ’ᾠκονόμησεν
1341 5511 1445 5596 πρὸ
1471 5511 1598 5596 μιᾶς
1645 5511 1943 5596 νηστεῦσαί
1980 5511 2151 5596 αύτῆν
2186 5511 2266 5596 ἐν’
2287 5511 2564 5596 ἀγνοίᾳ-(Σ.
2599 5511 2682 5596 _"_'
2713 5511 3106 5596 τὴνκξσήμερον⁷
3133 5511 3497 5596 διαμείνωμεν

362 5543 524 5591 σασα,
550 5542 725 5590 ουτως
751 5542 812 5580 u.
889 5542 932 5556 "'
962 5542 1306 5596 ῳκονομησεν
1341 5543 1380 5576 π
1417 5542 1445 5577 o
1471 5543 1598 5596 μιας
1645 5542 1936 5595 νηστευσαι
1980 5542 2147 5592 αυτην
2186 5542 2242 5573 εν
2287 5542 2477 5589 αγνοιᾳ
2503 5542 2564 5574 υ.
2643 5542 2682 5548 --
2713 5542 2810 5586 την
2854 5542 3087 5639 σημεῖον
3133 5542 3496 5637 οιαῖεεινωμεν
3528 5542 3590 5564 υ.

362 5600 610 5668 Ερὶιοηιε
637 5607 694 5668 ut
721 5595 784 5650 Ο.
817 5665 835 5668 Δ
863 5596 906 5626 θ’
935 5597 1036 5668 τῆς
1065 5595 1267 5668 in_serni
1298 5610 1345 5648 c.
1516 5595 1570 5626 ⁶³’
1599 5594 1810 5668 χαλεπά
1841 5594 1988 5668 ὄντα,
2017 5591 2121 5668 ὅλω
2146 5590 2291 5668 γένει
2325 5606 2375 5660 p.
2413 5587 2624 5661 χαλεπά
2657 5587 2784 5642 ὄντα
2816 5587 2922 5658 ὅλῳ
2953 5603 2986 5656 γ
3019 5603 3098 5641 νει
3131 5577 3192 5639 Ο.
3270 5598 3357 5638 um
3389 5581 3462 5637 td.
3493 5578 3591 5634 πέ-

362 5621 610 5668 ι’,ριιοηιε
637 5621 694 5650 ιιι
721 5621 784 5650 υ.
866 5621 906 5626 ’⁷
935 5621 1033 5666 της
1067 5621 1267 5648 IIISItl'Iu
1298 5621 1345 5648 υ.
1374 5621 1438 5650 υ.
1520 5621 1559 5626 ’⁷
1600 5621 1810 5665 laneam.
1841 5621 1988 5654 UV'HL,
2017 5621 2121 5644 υΛω
2155 5621 2238 5660 χεν
2276 5621 2291 5642 ι.

360 5682 506 5736 φυκε
536 5683 590 5739 p.
627 5666 788 5738 φύσιν
813 5665 943 5736 ἔχει.
1021 5666 1064 5698 ⁸⁸
1098 5664 1349 5722 Fortasse
1377 5665 1536 5731 ὥστε,
1576 5667 1657 5722 vel
1689 5666 1810 5719 ὅσον
1830 5696 1898 5705 --
1929 5621 2298 5735 ἀπονέμειν
