4084 6148
425 291 530 348 5ιὸ

1311 290 1369 346 S.
1411 284 1801 343 CLEMENTIS
1838 285 1857 340 l
1894 282 2059 339 ROM.
2103 280 2306 337 PONT.
2346 279 2578 335 OPERA
2614 278 2841 335 DUBIA.

3584 280 3647 336 ΞΗ
3662 284 3688 337 ί

494 408 640 466 XIX.
677 408 855 465 Testis
899 417 983 465 est
1030 408 1174 464 Deus
1209 427 1224 462 :
1266 408 1435 462 multa
1479 407 1770 462 homicidia
1823 417 1980 458 unuu

2171 395 2312 451 XIX.
2346 397 2573 468 Μάρτυς
2593 395 2745 460 Θεὸς,
2772 358 2955 448 πολλοι
2975 391 3124 464 φόνοι
3145 390 3363 464 μοιχεία
3384 391 3493 463 (45)
3522 393 3687 462 pia".

423 500 774 568 adulterium;
801 510 855 556 et
887 499 1034 571 quod
1069 513 1234 571 grave
1261 508 1363 563 est,
1400 497 1822 553 homicidiorum
1854 497 2000 552 illius

425 595 622 650 horror
666 609 731 649 ac
773 593 1021 663 impietas
1050 609 1157 646 non
1202 591 1468 646 cernitur.
1524 588 1661 644 Nam
1706 589 1830 645 l‘uso
1875 605 2002 645 san-

422 684 587 753 guine
612 698 814 754 corpus
842 695 1121 737 mortuum
1149 682 1318 752 jacet,
1349 690 1404 736 et
1428 681 1758 737 calamitatis
1790 680 2001 752 magni-

420 776 608 831 tudine
660 790 855 831 omnes
917 781 1157 845 stupent.
1203 774 1272 828 At
1322 789 1483 829 neces
1537 775 1843 828 animarqu
1903 788 2001 844 per

419 867 774 931 adulterium,
799 880 924 920 eum
961 865 1074 919 sint
1099 863 1276 934 magis
1309 862 1621 927 horribiles,
1649 863 1776 933 quia
1813 873 1997 917 tamen

416 960 488 1016 ab
516 958 830 1015 hominibus
866 970 975 1011 non
1004 956 1278 1021 videntur,
1307 956 1726 1026 aggressoribus
1750 954 1997 1011 occasio—

418 1067 541 1106 nem
587 1049 850 1105 indesidis
898 1049 1135 1124 impetus
1181 1046 1446 1116 praebent.
1476 1046 1779 1116 Cognosce,
1810 1046 1995 1110 homo,

414 1143 575 1212 cujus
609 1141 863 1212 spiritum
919 1141 1123 1196 habeas
1152 1139 1220 1194 ad
1252 1138 1581 1204 vivendum,
1625 1145 1679 1191 et
1725 1152 1792 1191 ne
1842 1136 1994 1191 illum

414 1233 642 1307 patiaris
678 1234 869 1303 pollui.
894 1233 941 1287 Α
968 1233 1087 1288 solo
1114 1231 1389 1287 adulterio
1434 1229 1699 1301 polluitur
1732 1228 1829 1285 Dei
1877 1230 1995 1299 spi-

411 1329 552 1383 ritus
580 1347 594 1382 :
622 1337 785 1398 atque
821 1326 943 1382 ideo
969 1326 1059 1381 ille
1087 1326 1153 1380 ad
1186 1325 1365 1395 ignem
1396 1322 1561 1378 trahit
1594 1321 1869 1377 hominem
1899 1321 1993 1391 qui

411 1419 872 1491 pollnit.Festinat
896 1420 1043 1487 enim
1069 1415 1529 1473 contumeliosum
1554 1415 1766 1470 tradere
1787 1424 1992 1470 aeterno

408 1512 698 1584 supplicio.

479 1605 599 1663 XX.
632 1603 758 1661 llaec
787 1620 911 1663 cum
942 1605 1148 1660 diceret
1173 1601 1394 1667 Petrus,
1428 1601 1747 1670 videretque
1788 1599 1990 1654 bonam

406 1699 772 1770 pudicamque
799 1697 1103 1753 Maltidiam
1131 1695 1261 1752 ﬂere
1291 1710 1401 1765 pra:
1427 1692 1646 1765 gaudio,
1693 1691 1990 1747 arbitratus

2105 491 2201 544 καὶ
2226 488 2288 543 τὸ
2326 489 2521 553 δεινὸν,
2565 489 2649 545 ὅτι
2678 485 2787 539 τῶν
2826 487 2999 555 φόνων
3033 485 3202 555 αὐτῆς
3236 484 3298 536 τὸ
3323 484 3550 555 φοϐερὸν
3595 487 3690 539 καὶ

2103 582 2300 647 ἀσεϐὲς
2327 583 2388 637 οὺ
2418 581 2694 651 βλέπεται.
2738 580 2880 644 Ὅτι,
2920 579 3150 650 αἵματος
3184 576 3459 647 χυθέντος,
3497 577 3686 648 νεκρὸν

2101 675 2279 727 κεῖται
2323 670 2503 742 σῶμα,
2542 670 2637 723 καὶ
2676 668 2739 721 τὸ
2781 669 2879 739 τῆς
2932 668 3215 739 συμφορᾶς
3256 664 3428 726 δεινὸν
3478 666 3687 730 πάντας

2099 763 2418 835 ἐκπλήσσει.
2443 761 2557 832 Τῆς
2579 761 2636 815 δὲ
2668 760 2909 832 μοιχείας
2925 761 2971 792 ⁸⁸
2999 760 3049 812 οξ
3071 759 3171 830 τῆς
3194 752 3375 833 ψυχῆς
3416 758 3566 827 φόνοι
3599 775 3684 827 φο-

2101 854 2395 928 ϐερώτεροι
2449 854 2622 918 ὄντες,
2664 854 2788 907 ἐπεὶ
2833 854 2906 924 μὴ
2954 850 3262 924 ἀνθρώποις
3300 851 3589 922 βλέπονται
3615 852 3683 919 ’⁷,

2096 949 2212 1010 τοῖς
2243 946 2513 1018 τολμῶσιν
2542 946 2735 1001 ἄοκνον
2765 946 2863 1016 τὴν
2890 944 3064 1017 ὁρμὴν
3093 943 3422 1016 παρέχουσιν
3447 960 3460 973 ·
3493 942 3684 1012 γνῶθι,

2099 1038 2378 1110 ἄνθρωπε,
2417 1038 2562 1100 τίνος
2600 1035 2768 1107 πνοὴν
2808 1034 2949 1106 ἔχεις
2990 1034 3128 1104 πρὸς
3156 1035 3218 1087 τὸ
3247 1034 3367 1109 ζῇν,
3392 1033 3487 1087 καὶ
3516 1034 3578 1085 οὺ
3608 1032 3684 1104 μὴ

2095 1130 2264 1201 αὐτὴν
2295 1128 2581 1200 μιανθῆναι
2610 1125 2860 1198 θελήσῃς.
2893 1126 3026 1179 Ὑπὸ
3061 1125 3301 1197 μοιχείας
3333 1125 3501 1195 μόνης
3534 1124 3682 1195 μιαί-

2095 1239 2249 1279 νεται
2280 1222 2314 1293 ὴ
2358 1221 2494 1275 Θεοῦ
2521 1222 2658 1294 πνοή
2680 1239 2692 1251 ·
2725 1222 2819 1275 καὶ
2845 1220 2933 1275 διὰ
2953 1219 3111 1279 τοῦτο
3137 1218 3275 1289 αὐτὴ
3295 1217 3386 1270 τὸν
3420 1218 3685 1288 μιάναντα

2092 1316 2175 1378 είς
2206 1313 2320 1386 πῦρ
2349 1315 2626 1386 κατασπᾷ.
2666 1313 2891 1367 Σπεύδει
2922 1311 3032 1383 γὰρ
3067 1311 3158 1364 τὸν
3189 1309 3449 1380 ὑϐριστὴν
3481 1310 3682 1381 αἰωνίῳ

2095 1407 2431 1483 παραδοῦναι
2460 1407 2699 1491 κολάσει.

2163 1577 2283 1638 XX.
2314 1576 2501 1632 Ταῦτα
2522 1576 2696 1647 λέγων
2725 1578 2756 1630 ὁ
2782 1575 3011 1648 Πέτρος,
3033 1573 3131 1648 τὴν
3147 1572 3194 1605 ’⁸
3221 1572 3432 1643 ἀγαθὴν
3460 1572 3553 1627 καὶ
3581 1569 3679 1625 σώο

2094 1690 2269 1747 φρονα
2296 1672 2593 1728 Ματτιδίαν
2620 1671 2665 1705 ⁸³
2698 1671 2804 1726 ὑπὸ
2838 1670 3016 1741 χαρᾶς
3058 1666 3398 1739 δακρύουσαν
3431 1663 3575 1733 ἰδὼν,
3599 1665 3677 1729 ὡς

403 1791 587 1846 dolere
617 1806 737 1845 eam
776 1791 844 1845 de
887 1788 1133 1844 toleratis
1166 1787 1408 1853 casibus,
1441 1786 1556 1839 ait:
1584 1783 1827 1849 Conlide,
1862 1799 1980 1838 mu-

2085 1767 2179 1823 ὲπὶ
2227 1766 2521 1837 ὑποσχέσει
2552 1764 2665 1817 τῶν
2706 1762 3007 1833 γεγονότων
3063 1761 3369 1833 λυπηθῆναι
3411 1758 3671 1830 νομίσας,

404 1882 525 1937 lier.
570 1882 707 1938 Cum
756 1883 912 1937 multi
967 1881 1140 1935 multa
1194 1881 1338 1936 mala
1389 1877 1714 1951 pertulerint
1759 1885 1983 1946 propter

400 1973 768 2042 adulterium,
814 1983 868 2031 ιιι
912 1984 1133 2049 pr0pter
1164 1972 1484 2043 pudicitiam
1520 1986 1681 2043 passa
1709 1986 1789 2036 es,
1832 1969 1983 2024 ideo-

399 2082 507 2137 que
539 2081 647 2120 non
690 2066 966 2121 interiisti.
1005 2065 1109 2122 Sed
1146 2076 1201 2123 et
1244 2066 1291 2123 si
1320 2066 1575 2131 obiisses,
1606 2065 1803 2118 animm
1832 2061 1982 2117 salu-

398 2169 505 2217 tem
539 2156 740 2212 fuisses
780 2170 1099 2215 consecuta.
1143 2157 1382 2213 Patriam
1431 2155 1662 2210 Romam
1706 2153 1980 2224 pudicitize

396 2267 527 2322 ergo
564 2251 872 2321 reliquisti:
912 2251 1007 2307 sed
1043 2252 1147 2308 hac
1191 2250 1486 2306 occasione
1529 2247 1785 2303 invenisti
1832 2246 1979 2301 veri-

401 2354 588 2411 tatem,
611 2346 799 2400 aeterni
827 2345 977 2413 regni
1005 2344 1278 2400 diadema.
1306 2343 1363 2398 In
1397 2341 1534 2398 mari
1565 2340 1867 2413 periclitata
1893 2355 1974 2406 es,

395 2445 452 2490 at
481 2450 588 2490 non
624 2445 873 2502 mortua;
901 2451 1090 2490 verum
1123 2433 1249 2488 licet
1289 2444 1504 2489 mortua
1534 2432 1753 2497 fuisses,
1793 2430 1975 2500 ipsum

394 2527 491 2582 tibi
544 2527 772 2598 pelagus
822 2538 1047 2597 prapter
1093 2525 1416 2599 pudicitiam
1470 2523 1665 2580 fuisset
1719 2521 1975 2577 morienti

394 2620 701 2690 l‘aptismus
734 2619 802 2673 ad
846 2619 1044 2674 animae
1074 2620 1330 2675 salutem.
1361 2618 1443 2672 Ad
1491 2631 1725 2684 paueum
1758 2623 1974 2682 tempus

393 2712 582 2766 orbata
605 2726 665 2765 es
697 2711 905 2776 liberis,
933 2711 1027 2780 qui
1054 2726 1177 2765 cum
1207 2725 1237 2764 e
1264 2709 1506 2780 legitimo
1527 2715 1713 2762 essent
1739 2705 1971 2771 semine,

394 2805 601 2860 inventi
641 2813 772 2860 sunt
802 2804 855 2858 iu
888 2802 1111 2858 meliore
1142 2812 1309 2858 sorte.
1338 2800 1503 2856 Fame
1538 2815 1727 2871 pressa
1758 2798 1972 2853 mendi-

393 2897 528 2951 casti
569 2896 752 2952 cibum
782 2913 797 2951 :
826 2896 919 2951 sed
943 2904 1135 2966 stupro
1167 2905 1320 2951 tuum
1351 2908 1553 2964 corpus
1587 2907 1694 2946 non
1731 2890 1969 2947 ftedasti.

391 2990 605 3060 Corpus
654 2989 937 3045 alllixisli:
973 2996 1030 3048 at
1076 2988 1307 3044 servasti
1348 2987 1612 3041 animam.
1646 2984 1970 3040 Adulterum

392 3082 600 3152 fugisti,
630 3097 696 3137 ne
729 3082 911 3137 mariti
943 3082 1126 3138 cubile
1156 3079 1464 3135 maeularcs
1488 3097 1501 3133 :
1529 3094 1718 3132 verum
1753 3076 1847 3147 qui
1882 3076 1968 3131 fu-
1996 3109 2040 3170 ϐ

391 3188 514 3245 gam
542 3174 677 3229 vidit
706 3173 870 3241 Deus,
901 3184 1123 3245 propter
1150 3171 1468 3242 pudicitiam
1502 3170 1682 3225 locum
1706 3170 1806 3225 viri
1836 3184 1966 3239 snp-

390 3266 580 3338 plebit.
604 3266 685 3322 Ad
718 3266 997 3324 tristitiam
1024 3275 1078 3321 et
1103 3264 1453 3321 solitudinem
1480 3262 1724 3328 redacta,
1754 3262 1965 3334 privata

388 3375 449 3415 es
474 3359 539 3414 ad
570 3360 729 3415 breve
761 3371 973 3429 tempus
997 3368 1110 3413 tum
1143 3357 1362 3418 marito.
1395 3365 1509 3411 tum
1544 3356 1762 3411 liberis:
1784 3356 1879 3411 sed
1910 3356 1963 3410 bi

390 3467 584 3509 omnes
618 3453 716 3508 tibi
747 3452 1087 3523 relinquendi
1115 3460 1274 3507 erant
1299 3466 1395 3521 per
1434 3449 1629 3505 mortis
1669 3449 1966 3506 necessita-

388 3554 537 3602 tem:
578 3555 799 3615 praestat
825 3555 1035 3609 autem,
1078 3542 1226 3613 quod
1265 3552 1488 3613 propter
1531 3542 1836 3597 castitatem
1862 3557 1964 3594 vo-

388 3636 506 3692 lens
532 3637 743 3708 privata
772 3651 853 3700 es,
897 3650 1062 3705 quam
1104 3634 1153 3689 si
1190 3634 1359 3688 invita
1392 3640 1580 3704 postea
1623 3631 1881 3703 periisses
1909 3630 1964 3683 in

387 3730 649 3800 peccatis.

461 3812 602 3876 XXI.
636 3820 806 3875 Multo
838 3818 1002 3889 igitur
1027 3819 1223 3876 melius
1243 3827 1349 3883 est,
1381 3817 1573 3888 priora
1595 3817 1826 3873 molesta
1843 3831 1966 3872 esse

389 3929 456 3969 ac
490 3913 650 3967 dura.
684 3910 896 3967 Etenim
928 3911 1149 3981 quando
1179 3911 1400 3974 adsunt,
1431 3923 1527 3979 spe
1563 3906 1708 3978 quod
1740 3916 1966 3977 praater-

387 4002 566 4063 ibunt,
592 4013 700 4053 non
731 3999 1025 4055 admodum
1053 4000 1403 4067 contristant,
1433 3999 1543 4053 imo
1570 3998 1846 4068 potiorum
1871 4014 1968 4054 ex-

386 4090 725 4162 spectatione
766 4090 1025 4161 gaudium
1060 4091 1320 4161 przebent.
1369 4089 1508 4143 Ante
1548 4089 1733 4143 omnia
1779 4098 1961 4143 autem

385 4181 528 4236 scire
548 4191 601 4235 te
630 4181 777 4248 volo,
801 4190 1069 4252 quantum
1097 4181 1357 4252 pudicitia
1383 4179 1494 4235 Deo
1516 4180 1748 4250 placeat.
1771 4178 1966 4235 Mulier

384 4273 583 4344 pudica
624 4283 708 4329 est
737 4274 834 4329 Dei
879 4273 1093 4338 electio,
1134 4272 1230 4329 Dei
1262 4272 1682 4342 beneplacitum,
1722 4271 1817 4327 Dei
1849 4272 1966 4343 glo-

382 4363 489 4430 ria,
512 4362 608 4419 Dei
632 4365 763 4419 lilia.
790 4362 893 4419 Tot
923 4365 1311 4434 praerogativae.
1337 4363 1502 4418 habet
1528 4363 1814 4433 pudicitia.
1843 4360 1961 4417 Nisi

2085 1853 2188 1927 ἔφη
2209 1870 2225 1889 ι
2257 1854 2460 1926 Θάρσει
2480 1893 2495 1919 ,
2549 1852 2743 1922 γύναι·
2768 1851 2979 1907 πολλῶν
3009 1850 3182 1905 πολλὰ
3217 1849 3363 1903 κακά
3394 1848 3675 1903 παθόντων

2082 1945 2170 2000 διὰ
2201 1946 2445 2017 μοιχείαν
2473 1985 2488 2012 ,
2532 1944 2694 2024 295
2727 1945 2790 1998 σὺ
2843 1943 2933 1998 διά
2968 1941 3324 2014 σωφροσύνην
3374 1940 3673 2005 πέπονθας,

2081 2039 2174 2093 καὶ
2202 2037 2289 2091 διὰ
2324 2037 2485 2092 τοῦτο
2507 2040 2610 2092 οὐκ
2640 2037 2997 2108 ἐτελεύτησας
3019 2036 3154 2109 (44).
3186 2035 3334 2089 Είδὲ
3359 2036 3454 2089 καὶ
3480 2034 3673 2107 τεθνή-

2080 2148 2218 2198 κεις,
2251 2131 2604 2202 σεσωσμένην
2636 2129 2702 2184 ἂν
2725 2126 2871 2201 εἶχες
2898 2130 2999 2200 τὴν
3034 2128 3235 2201 ψυχήν.
3268 2126 3512 2198 Πατρίδα
3551 2125 3675 2179 Ῥώ-

2083 2239 2190 2294 μην
2213 2221 2422 2285 ἔλειπες
2436 2222 2525 2277 διά
2550 2221 2920 2294 σωφροσύνηνο
2939 2220 3074 2274 ἀλλά
3092 2223 3157 2292 τῇ
3174 2219 3382 2289 ταύτης
3402 2218 3673 2290 προφάσει

2078 2313 2335 2384 ἀλήθειαν
2374 2306 2552 2385 εὗρες,
2577 2313 2638 2367 τὸ
2667 2313 2905 2385 διάδημα
2935 2313 3034 2384 τῆς
3054 2313 3226 2366 ἀϊδίου
3249 2311 3544 2383 βασιλείας.
3583 2313 3671 2366 Ἑν

2079 2403 2230 2477 βυθῷ
2250 2404 2684 2470 κεκινδύνευκας,
2708 2405 2803 2460 καὶ
2820 2406 2922 2462 οὐκ
2952 2404 3331 2475 ὲτελεύτησας,
3356 2405 3451 2457 καὶ
3472 2405 3582 2459 εἴτε
3600 2401 3670 2435 ⁸⁸⁸

2076 2498 2503 2571 τετελευτήκεις,
2530 2498 2691 2561 αὐτός
2716 2514 2799 2552 σοι
2822 2500 2852 2551 ὁ
2882 2496 3040 2566 βυθὸς
3060 2495 3147 2550 διὰ
3175 2496 3528 2568 σωφροσύνην
3550 2496 3671 2567 θνη-

2079 2590 2283 2664 σκούσῃ
2324 2590 2608 2661 βάπτισμα
2642 2591 2848 2660 ἐγίνετο
2865 2590 3001 2661 πρὸς
3037 2589 3217 2660 ψυχῆς
3248 2588 3542 2660 σωτηρίαν.
3568 2589 3669 2642 Τές

2076 2700 2219 2737 κνων
2241 2682 2576 2754 ἀπελείφθης
2594 2684 2731 2755 πρὸς
2744 2683 2941 2751 ὀλίγον,
2965 2682 3121 2736 ἆτινα
3142 2680 3374 2753 γνησίας
3394 2679 3524 2734 ὄντα
3545 2696 3668 2734 σπο-

2078 2776 2179 2845 ρᾶς
2209 2774 2267 2828 ὲν
2294 2777 2408 2838 τοῖς
2436 2775 2742 2847 κρείττοσιν
2787 2773 3035 2846 εὓρηται.
3068 2771 3426 2843 Λιμῶττουσα
3460 2770 3665 2842 τροφὰς

2076 2866 2432 2941 προσ-ᾔτησας
2456 2867 2496 2930 ¹,
2542 2866 2677 2921 ἀλλά
2705 2865 2933 2939 πορνείᾳ
2972 2865 3132 2936 σῶμα
3160 2864 3251 2918 σὸν
3277 2864 3379 2917 οὐκ
3411 2863 3659 2933 ὲμίανας.

2075 2962 2245 3034 Σῶμα
2274 2961 2367 3015 σὸν
2392 2961 2754 3025 -ὲϐασάνισας,
2784 2959 2921 3015 ἀλλὰ
2945 2960 3045 3031 τὴν
3073 2959 3252 3030 ψυχὴν
3274 2956 3506 3023 ἔσωσας.
3535 2957 3663 3010 Μοιη

2076 3052 2170 3125 χὸν
2208 3052 2425 3122 ἔφυγες,
2448 3052 2546 3106 ἵνα
2578 3051 2651 3124 μὴ
2689 3052 2875 3123 κοίτην
2895 3050 3089 3122 ἀνδρὸς
3116 3050 3371 3123 μιάνῃς¹,
3411 3047 3547 3101 ἀλλά
3575 3046 3663 3103 διὰ

2071 3145 2171 3215 τὴν
2196 3143 2216 3175 ⁸
2249 3142 2601 3215 σωφροσύνην
2632 3145 2661 3197 ὁ
2687 3143 2787 3215 τὴν
2818 3142 2998 3214 φυγὴν
3018 3139 3175 3204 είδὼς
3201 3140 3333 3203 Θεὸς
3351 3139 3445 3192 τὸν
3472 3139 3661 3211 ἀνδρὸς

2072 3235 2461 3308 ἀποπληρώσει
2488 3236 2675 3289 τόπον.
2716 3234 3041 3305 Λυπηθεῖσα
3068 3234 3163 3287 καὶ
3195 3231 3496 3305 μονωθεῖσα
3524 3231 3661 3303 πρὸς

2067 3330 2247 3400 ὀλίγον
2276 3329 2471 3402 ἀνδρὸς
2512 3331 2607 3384 καὶ
2632 3328 2839 3383 τέκνων
2882 3327 3236 3398 ἀπελείφθης,
3278 3324 3413 3382 ἀλλά
3441 3326 3661 3390 ταύτους

2068 3425 2276 3489 πάντας
2291 3422 2574 3478 ἀπολιπεῖν
2591 3422 2611 3454 ⁵
2629 3420 2771 3493 εἶχες
2787 3419 3091 3494 προθεσμίᾳ
3107 3419 3337 3475 θανάτου
3352 3419 3396 3453 ⁸-
3413 3421 3659 3491 κρεῖττον

2067 3517 2124 3570 δὲ
2163 3518 2245 3571 ὅτι
2275 3516 2363 3571 διὰ
2403 3515 2755 3588 σωφροσύνην
2784 3512 2985 3569 ἑκοῦσα
3012 3512 3364 3584 ἀπελείφθης,
3396 3511 3474 3583 ἢ⁶
3501 3512 3665 3581 εἰπερ

2068 3610 2276 3667 ἄκουσα
2326 3609 2466 3682 μετά
2517 3609 2707 3682 χρόνον
2754 3608 2838 3678 ἐφ’
2893 3606 3188 3679 ἁμαρτίαις
3227 3607 3420 3669 αὑταῖς
3471 3603 3657 3658 ἀπωλ-

2068 3700 2220 3756 λύου.

2137 3815 2281 3871 XXI.
2319 3815 2505 3888 Πολλῷ
2538 3812 2631 3870 οὗν
2664 3816 2887 3887 ἄμεινον
2930 3814 3001 3870 τὰ
3047 3816 3291 3887 πρωτεῖα
3313 3815 3335 3846 ⁷
3369 3810 3506 3868 εἶναι
3541 3813 3656 3867 θλι-

2070 3906 2226 3980 ϐερά.
2269 3908 2380 3961 Καὶ
2415 3908 2523 3980 γὰρ
2548 3909 2637 3961 ὅτε
2673 3907 2957 3979 πάρεστιν,
3008 3907 3184 3961 ἐλπίδι
3230 3906 3324 3960 τοῦ
3359 3907 3655 3979 παρελθεῖν

2069 4001 2130 4054 ού
2158 4001 2300 4054 πάνυ
2323 4000 2501 4066 λυπεῖ,
2532 3999 2828 4073 προσδοκίᾳ.
2852 4018 2912 4053 τε
2940 3999 3037 4054 τοῦ
3072 4000 3380 4072 κρείττονος
3415 4001 3510 4054 καὶ
3540 3999 3654 4071 χαί·

2070 4109 2185 4163 ρειν
2219 4091 2465 4164 παρέχει.
2495 4092 2609 4164 Πρὸ
2642 4092 2857 4145 πάντων
2887 4091 2945 4145 δὲ
2972 4091 3173 4147 εἰδέναι,
3197 4107 3256 4143 σε
3296 4089 3456 4156 θέλω,
3490 4090 3654 4143 πόσον

2064 4185 2127 4239 τὸ
2160 4185 2454 4255 σωφρονεῖν
2500 4183 2721 4256 ἀρέσκει
2768 4183 2907 4255 Θεῷ.
2962 4183 3027 4235 Ἥ
3060 4181 3292 4253 σώφρων
3336 4182 3473 4252 γυνὴ
3518 4181 3651 4236 Θεοῦ

2069 4278 2297 4350 ἐκλογὴ,
2331 4276 2468 4331 Θεοῦ
2524 4276 2771 4343 εὐδοκία,
2807 4275 2941 4329 Θεοῦ
2975 4274 3140 4346 296
3179 4274 3340 4341 δόξα,
3382 4274 3517 4327 Θεοῦ
3562 4273 3651 4327 τέ-

2067 4385 2214 4423 κνον.
2242 4367 2506 4420 Τοσοῦτον
2529 4366 2732 4435 ἀγαθὸν
2754 4366 2776 4398 ⁸
2802 4365 3144 4437 σωφροσύνη.
3167 4365 3232 4419 Εἰ
3270 4366 3343 4437 μὴ
3371 4366 3452 4418 ὅτι
3489 4365 3652 4436 νόμος

385 4455 474 4512 lex
504 4467 672 4523 esset,
698 4467 758 4513 ut
785 4474 854 4515 ne
884 4458 1070 4528 justus
1094 4457 1313 4527 quidem
1342 4456 1551 4526 absque
1578 4456 1850 4527 baptismo
1879 4455 1964 4510 in-

2081 4458 2155 4532 ῆν,
2187 4460 2320 4533 μηδὲ
2358 4460 2563 4514 δίκαιον
2596 4459 2927 4513 ἀϐάπτιστον
2950 4459 2971 4489 ⁸
2998 4460 3079 4522 εἰς
3115 4458 3217 4531 τὴν
3248 4458 3525 4529 βασιλείαν
3554 4457 3649 4511 τοῦ

1691 4571 1927 4629 VARle
1968 4571 2370 4635 LECTIONES.

453 4668 502 4701 "
531 4668 629 4739 μία
658 4665 872 4739 μοιχεία
903 4665 945 4739 (ξ
1044 4667 1091 4739 Ῠ⁶
1132 4670 1201 4738 τῇ
1234 4667 1291 4719 δὲ
1329 4664 1545 4739 μοιχείᾳ.
1568 4665 1715 4739 conj.
1750 4665 1812 4722 D.
1866 4667 1934 4739 ³⁸⁷
1964 4665 2041 4739 Ita
2074 4666 2116 4719 D
2146 4708 2160 4733 ,
2198 4665 2552 4739 βλέπεται-(Ζ,

1421 4684 1545 4792 χξιᾳ.
1568 4684 1715 4735 COIl].
1750 4684 1812 4722 υ.
1892 4684 1929 4698 ’⁸
1964 4684 2041 4720 lla
2074 4684 2116 4719 U
2146 4708 2160 4733 ,
2198 4684 2456 4737 ρλεπεται
2489 4684 2552 4731 ιλ,
2585 4684 2647 4721 υ.
2729 4684 2774 4698 '°
2795 4684 2897 4737 την
2930 4684 3154 4733 ειίιμιιιιι
3198 4684 3248 4720 (ξ.
3282 4684 3328 4721 υ
3425 4684 3469 4699 ’⁷
3496 4684 3649 4721 Ματ-

1474 4778 1490 4809 γ.
1568 4738 1587 4767 ²
1626 4739 1822 4809 μιανῇς
1853 4736 1913 4791 C.
1998 4737 2150 4809 {ripa
2185 4736 2387 4809 om.70.
2458 4737 2480 4769 ⁸
2507 4736 2824 4791 ἀπολείπειν
2858 4736 2920 4809 C.
2950 4807 2957 4809 ξ
2998 4738 3019 4770 ⁸
3065 4734 3123 4791 ιη
3148 4734 3217 4809 ,Ο
3263 4752 3402 4809 esse
3437 4738 3651 4809 videtur

385 4735 557 4794 θιδίαν
583 4735 670 4793 0._
728 4735 796 4769 ¹⁰⁰
818 4737 884 4809 λεί
905 4735 994 4809 0._
1017 4735 1391 4809 U‘ﬁppaijgtﬁt

388 4809 701 4881 μανθάνειντ

2726 4666 2774 4698 ’⁸
2795 4667 2897 4737 τήν
2930 4665 3154 4737 adiunxi
3185 4682 3248 4737 _c.
3282 4664 3328 4721 Ο
3423 4667 3469 4699 ⁹⁹
3495 4667 3649 4721 Ματ-

810 4807 893 4892 ‘_Ij
928 4804 1234 4892 addidit'Dl:
1273 4804 1690 4892 'Sltlli‘ntlﬁﬁ'It-Ep
1723 4804 1963 4892 ιιζέζπερ
2094 4804 2231 4890 ’ζίιιιι
2260 4808 2401 4892 idem
2427 4823 2541 4892 om.
2573 4809 2764 4892 αὑταῖς
2797 4807 3096 4892 scribitque
3123 4806 3444 4892 Γᾀιιῖωλλύου,
3479 4824 3529 4862 c.
3629 4847 3648 4875 ,

384 4875 656 4934 ἆπολλύου
685 4878 749 4933 C.
806 4879 845 4949 γ’
878 4875 1159 4949 πρωατεῑα
1192 4876 1260 4934 Ο.
1336 4878 1358 4910 ⁸
1380 4877 1457 4949 Ita
1489 4876 1533 4932 Ο
1553 4875 1608 4933 et
1642 4875 1704 4935 ex
1727 4875 1971 4949 conject.
2003 4877 2043 4930 C
2075 4919 2091 4943 ,
2107 4879 2167 4949 in
2198 4879 2309 4945 cuj.
2341 4887 2491 4933 textu
2531 4878 2804 4935 τοσούτων
2834 4875 3079 4947 ἀγαθῶν.
3121 4875 3162 4931 S
3205 4876 3429 4949 insuper
3455 4877 3648 4943 conio--

384 4951 461 5006 cit
490 4949 760 5004 τοσούτων
792 4946 1011 5017 ἀγαθῶν
1044 4949 1236 5004 αἴτιον.
1314 4950 1336 4981 ⁹
1368 4948 1575 5003 δίκαιον
1604 4949 1697 5005 καὶ
1726 4948 2060 5003 ἀϐάπτιστον
2092 4946 2157 5004 0.
2193 4948 2307 5003 Cl‘r.
2342 4950 2490 5004 hom.
2522 4965 2642 5017 xm,
2675 4950 2762 5004 15.

1690 5058 2059 5118 VARIORUM
2094 5060 2343 5123 NOTIE.

452 5155 566 5227 (45)
591 5157 859 5227 Maxera.
893 5153 968 5210 De
1000 5152 1272 5227 adulterio
1313 5153 1571 5227 emendes
1590 5152 1755 5227 yelim
1783 5152 1964 5227 locum

384 5221 753 5291 summa;
791 5226 845 5280 in
880 5240 1053 5295 Opere
1086 5223 1161 5295 De
1200 5223 1365 5295 libera
1408 5222 1667 5295 arbitrio,
1701 5221 1967 5295 Combeli:

380 5301 549 5356 siuna:
589 5297 847 5353 editionis
869 5336 883 5362 ,
917 5291 980 5365 ’p.
1026 5294 1209 5365 553s
1236 5294 1463 5365 Ἕτερος
1487 5294 1737 5365 προσῆν,
1777 5291 1961 5365 ὂς-τοῦ

380 5369 605 5443 πλησίον
624 5369 857 5443 Tetigin
871 5361 1084 5443 παίζειν
1101 5363 1278 5443 ἤθελε,
1306 5361 1580 5443 λῃστεύων
1604 5361 1780 5433 γάμον
1806 5361 1964 5441 ἀλλό-

376 5433 547 5509 τριὸν,
576 5433 671 5494 καὶ
692 5440 781 5492 ἐπὶ
797 5437 1112 5509 παράνομον
1128 5433 1323 5509 κοίτην
1334 5433 1617 5509 ’τραπῆναι
1640 5433 1960 5509 παρορμῶν,

376 5456 547 5565 enm,
576 5456 671 5494 και
692 5456 781 5492 επι
797 5456 1112 5509 παρανομον
1135 5456 1323 5504 κοιτην
1342 5456 1617 5506 τραπηναι
1640 5456 1960 5506 παρορμων,

375 5526 409 5563 τ
500 5510 876 5582 γεγαμηκότα,
901 5504 1690 5582 γνήσιον-(ἰηιιι-ἀγνήσιονῃγει
1725 5505 1800 5577 μὴ
1832 5505 1962 5582 γνή-

376 5574 523 5644 σιον)’
545 5574 759 5652 πατέρα
783 5574 1029 5652 γίνεσθαι
1054 5574 1262 5652 θέλων.
1274 5574 1395 5652 ῌοο
1412 5574 1499 5630 est
1520 5590 1550 5652 ;Δ
1563 5575 1765 5652 Aderat
1788 5574 1956 5652 auus.

374 5654 467 5724 qui
497 5645 729 5721 proximi
758 5645 914 5703 umori
942 5648 1185 5724 cupiebat
1221 5645 1467 5711 illudere,
1498 5646 1732 5724 alienum
1762 5647 1957 5724 matri-

376 5715 610 5778 monium
646 5724 938 5791 prwdatus,
964 5715 1016 5771 et
1043 5717 1272 5791 incitans
1299 5731 1414 5791 eant
1449 5724 1506 5768 ut
1532 5716 1602 5791 a_d
1626 5715 1959 5769 concubitum

373 5785 654 5850 illicitum'
679 5800 993 5858 teneretur,
1029 5805 1056 5841 e
1097 5786 1288 5841 marito
1330 5785 1503 5842 colens
1536 5787 1710 5857 facere
1755 5796 1955 5859 patrem

2068 5168 2172 5209 non
2196 5169 2392 5209 rerum.
2427 5152 2563 5209 Cor.

2140 5224 2253 5294 (44)
2289 5223 2345 5278 In
2378 5223 2821 5282 Clementinorum
2866 5241 2969 5281 ms.
3008 5225 3099 5281 hic
3122 5223 3189 5278 ad
3222 5220 3523 5294 marginem
3555 5236 3645 5294 re-

2067 5291 2296 5350 centiori
2328 5311 2492 5350 manu
2528 5304 2790 5365 scriptum
2818 5296 3062 5351 cernitur
3090 5293 3313 5365 :"U‘ttel
3340 5293 3433 5365 ita}
3452 5291 3643 5365 ἐθνικὴ

2067 5366 2419 5439 ἀϐάπτιστος,
2436 5364 2525 5439 διὰ
2556 5361 2665 5439 τὴν
2682 5365 3034 5439 σωφροσύνην
3051 5361 3640 5439 ἐδικαιούτρ..Ριιιοίιιιιιέ

2066 5438 2231 5513 ιιιιιιίο
2264 5432 2926 5513 ἰιιίξιιηδικαιοῦνταὶμὲν
2945 5432 3293 5513 εξ-ἐργωνηῆ
3318 5432 3405 5486 διὰ
3432 5449 3644 5513 σωφρο-

2068 5506 2253 5580 σύνην,
2333 5506 2400 5561 δι’
2427 5504 2875 5580 ἐλεημοσύνην,ξῆ
2902 5507 2991 5561 διά
3007 5504 3372 5580 δικαιοσύνην,
3392 5504 3447 5580 οἱ
3471 5504 3641 5580 mula.

2065 5571 2472 5652 μετερχόμενοι.
2499 5571 2782 5652 Πασιλείαν
2806 5571 3122 5652 δὲ’Χριστοῦ
3147 5577 3293 5652 μόνοι
3310 5571 3365 5652 0i
3387 5571 3641 5652 εαπτιςό-

2064 5645 2214 5718 μενοί
2230 5645 2312 5710 εἷς
2322 5647 2481 5716 ἀγίαν
2498 5647 2723 5720 Τριάδα,
2747 5667 2801 5704 κ.
2814 5666 2864 5702 τ.
2887 5645 3089 5716 λξριιιε
3103 5645 3285 5704 omnia
3302 5647 3367 5701 ad
3390 5645 3604 5720 Pelagia

2063 5714 2189 5789 nam
2214 5714 2461 5789 ltmrcsim
2486 5714 2758 5789 pertinere
2781 5714 3068 5783 videntur;
3094 5727 3153 5773 nt
3176 5729 3231 5772 et
3246 5715 3507 5771 nonnulla
3526 5714 3639 5771 alia

2059 5787 2325 5844 Clementi
2358 5787 2613 5861 ascriptis
2650 5791 2908 5863 operibus
2942 5792 3208 5862 inspersa.
3235 5788 3372 5845 Cor.
