4082 6160
447 284 556 339 545

1558 286 2018 345 CLEMEN'I‘INA.
2060 322 2130 332 —
2169 292 2452 349 llOMlLIA
2499 297 2636 354 XIV.

3601 304 3706 360 1H6

448 399 584 454 θεοῦ
619 400 902 470 εἰσελθεῖν,
939 402 1079 473 τάχα
1110 419 1214 456 που
1255 402 1365 457 τῶν
1405 404 1572 458 ἐθνῶν
1598 406 1647 458 οἰ
1681 405 2008 476 πεπλανημέη

2134 411 2410 476 gradiatur
2449 414 2502 466 in
2549 430 2774 483 regnum
2815 415 2929 481 Dei,
2965 417 3103 472 forte
3141 435 3232 490 qut
3277 430 3436 476 erant
3471 423 3525 478 in
3569 441 3705 493 geu-

457 510 530 544 δοι
573 491 660 545 διὰ
713 492 1069 566 σωφροσύνην
1120 495 1280 566 μόνον
1340 495 1576 567 σωθῆναι
1627 497 1894 550 ἐδύναντο.
1932 497 2029 549 Διά

444 581 603 634 τοῦτο
634 581 753 636 λίαν
779 582 972 654 ἀθυμῶ
997 585 1124 656 περὶ
1147 585 1252 638 τῶν
1286 587 1342 638 ἐν
1369 585 1548 660 πλάνῃ
1589 587 2025 658 σωφρονούντων,

445 673 526 728 ὅτι
561 675 687 728 ἄνευ
715 673 930 738 ἐλπίδος
956 675 1168 748 ἀγαθῆς
1194 681 1490 747 σωφρονεῖν
1530 679 1773 750 ἑλόμενοι
1807 681 1944 752 πρὸς
1967 683 2029 735 τὸ

446 766 807 838 βαπτισθῆναι
841 768 1088 840 ὀκνηρῶς
1125 769 1359 840 ἔχουσιν.
1403 771 1492 824 Διὸ
1519 773 1582 824 οὐ
1627 772 1916 837 σώζονται·
1946 775 2026 826 ὅτι

440 859 620 930 δόγμα
657 860 792 914 Θεοῦ
825 863 1022 928 κεῖται,
1066 861 1399 916 ἀϐάπτιστον
1427 867 1508 926 εἰς
1540 864 1637 934 τὴν
1661 864 1824 917 αὐτοῦ
1871 865 2026 936 βασι-

440 952 592 1007 λείαν
619 954 692 1026 μὴ
719 954 998 1008 εἰσελθεῖν.
1025 954 1211 1008 Ταῦτα
1234 955 1397 1009 αὑτοῦ
1425 957 1672 1019 εἰπόντος
1704 958 1798 1010 καὶ
1821 957 2024 1011 τούτων

439 1045 680 1112 πλείονα,
705 1047 786 1110 εἰς
821 1045 988 1101 ῦπνον
1015 1047 1351 1119 ἐτράπημεν.

1018 1334 1277 1390 ὈΜΙΛΙΑ
1315 1339 1413 1393 ῙΔ¹.

503 1462 545 1518 1.
585 1463 991 1540 Ὀρθριαίτερον
1015 1468 1057 1500 ¹⁰
1083 1468 1140 1524 δὲ
1167 1469 1346 1542 πολλῷ
1379 1469 1474 1524 τοῦ
1508 1469 1828 1543 καθημέραν
1859 1473 1888 1525 ὁ
1913 1471 2020 1526 Πέ-

429 1573 559 1628 τρος
573 1556 904 1622 διυπνισθεὶς
925 1559 1100 1630 εἰσῄει
1119 1561 1255 1633 πρὸς
1282 1563 1447 1632 ἡμᾶς,
1467 1563 1561 1616 καὶ
1587 1561 1876 1629 ἐξυπνίσας
1891 1563 2017 1636 ἔφη·

427 1649 724 1712 Φαυστῖνος
763 1651 858 1703 καὶ
881 1652 1266 1716 Φαυστινιανὸς
1296 1653 1412 1722 ἆμα
1439 1653 1716 1725 Κλήμεντι
1742 1654 1878 1724 μετὰ
1910 1655 2018 1709 τῶν

426 1740 645 1798 οἰκείων
680 1741 1202 1813 ἁκολουθησάτωσάν
1225 1761 1315 1814 μοι
1343 1744 1406 1811 ¹¹,
1439 1745 1586 1806 ὅπως
1621 1746 1678 1798 ἐν
1712 1746 1952 1818 σκεπινῷ
1975 1747 2016 1777 ¹²

425 1829 526 1897 τῆς
547 1828 821 1900 θαλάσσης
838 1830 988 1901 τόπῳ
1015 1830 1258 1895 ἐλθόντες
1283 1833 1340 1885 ἐν
1365 1833 1735 1904 ἀκατασκόπῳ
1760 1833 2018 1905 βαπτίσαι

425 1921 597 1991 αὐτὴν
615 1921 952 1993 δυνηθῶμεν.
972 1923 1118 1995 Πλὴν
1143 1925 1234 1977 ἐπὶ
1257 1924 1364 1979 τῶν
1391 1925 2019 1997 αἰγιαλῶν¹³γενομένων

426 2011 602 2082 ἡμῶν,
635 2009 839 2084 μεταξὺ
871 2014 1088 2087 πετρῶν
1129 2033 1290 2070 τινων
1323 2016 1559 2088 γαληνοῦ
1591 2018 1686 2072 καὶ
1705 2018 1746 2049 ¹⁸
1774 2018 2016 2090 καθαροῦ

423 2103 594 2156 τόπου
631 2104 1053 2177 εύπορησάντων
1086 2107 1375 2161 ἐϐάπτισεν
1415 2109 1605 2180 αὐτήν.
1656 2109 1845 2179 Ἡμεῖς
1874 2108 1930 2160 δὲ
1965 2109 2017 2162 οἰ

423 2195 662 2268 ἀδελφοὶ,
696 2199 805 2252 τῶν
835 2199 1108 2268 γυναικῶν
1133 2199 1293 2271 χάριν
1324 2199 1442 2272 ἅμα
1469 2200 1683 2272 ἀδελφῷ
1719 2202 1813 2255 καὶ
1837 2201 2016 2264 ἄλλοις

421 2288 561 2344 τισὶν
593 2290 1050 2361 ὑποχωρήσαντες
1090 2291 1184 2342 καὶ
1210 2289 1551 2360 λουσάμενοι,
1575 2290 1736 2362 297
1771 2289 2015 2355 ἐλθόντες

420 2380 515 2433 ἐπὶ
541 2381 585 2416 ⁸⁵
601 2380 700 2444 τὰς
726 2383 993 2449 γυναῖκας
1029 2380 1434 2452 παρελάϐομεν.
1471 2383 1584 2434 Kal
1606 2381 1779 2446 οὕτως
1803 2383 1860 2435 ἐν
1886 2400 2012 2455 κρυ·

420 2472 568 2542 φαίῳ
598 2473 746 2543 τόπῳ
793 2471 1149 2543 πορευθέντες
1182 2471 1473 2542 εὐχόμεθα.
1497 2473 1726 2526 Ἔπειτα
1753 2474 1781 2526 ό
1807 2473 2014 2544 Πέτρος

417 2562 519 2626 τάς
540 2567 798 2629 γυναῖκας
817 2562 904 2616 διὰ
922 2563 1013 2616 τὸν
1035 2563 1190 2634 ὄχλον
1218 2563 1593 2635 προέπεμψεν,
1611 2564 1676 2617 δι’
1704 2564 1869 2635 ἄλλης
1890 2564 2008 2618 ὀδοῦ

417 2654 510 2707 ἐπὶ
523 2655 621 2725 τὴν
650 2654 826 2720 ξενίαν
860 2655 1033 2709 ἐλθεῖν
1053 2655 1334 2720 κελεύσας,
1363 2656 1571 2728 ἀνδρῶν
1597 2674 1655 2709 τε
1679 2657 1855 2727 μόνοις
1877 2659 2008 2729 ἡμῖν

419 2750 658 2802 συνεῖναι
683 2751 749 2818 τῇ
787 2749 955 2819 μητρὶ
982 2749 1074 2802 καὶ
1098 2752 1217 2812 ταῖς
1239 2751 1430 2812 αὐταῖς
1459 2748 1703 2818 γυναιξὶν
1723 2749 1766 2780 ¹⁶
1787 2749 2009 2821 ἐπέτρε-

413 2838 534 2910 ψεν.
577 2840 852 2904 Ἐλθόντες
895 2837 988 2895 οὖν
1033 2843 1112 2905 εἰς
1144 2843 1243 2912 τὴν
1290 2842 1466 2908 ξενίαν
1509 2845 1603 2896 καὶ
1645 2842 2007 2913 ἀναμένοντες

415 2931 579 2984 αὐτὸν
611 2930 784 2984 ἐλθεῖν
817 2929 1064 3001 ἀλλήλοις
1103 2930 1471 3001 διελεγόμεθα.
1507 2930 1665 2986 Μετὰ
1713 2931 1903 2995 ἱκανὰς
1945 2931 2004 2984 δέ

413 3022 561 3094 ὥρας
592 3024 620 3076 ό
647 3023 855 3094 Πέτρος
879 3020 1071 3088 ἐλθὼν,
1101 3022 1192 3076 τὸν
1221 3023 1384 3094 ἄρτον
1409 3025 1496 3076 ἐπ’
1525 3023 1845 3094 εὐχαριστίᾳ
1873 3022 2003 3076 κλά-

2134 505 2300 567 tibus,
2353 515 2572 574 propter
2617 508 2790 560 solam
2847 509 3160 576 pudicitiam
3210 522 3434 582 possent
3479 515 3702 572 salvari.

2131 596 2399 662 Quocirca
2432 599 2778 654 vehementer
2818 601 3013 665 anxius
3043 619 3162 657 sum
3188 606 3254 659 de
3285 605 3351 660 iis
3375 607 3468 676 qui
3516 607 3568 661 in
3614 624 3704 663 er-

2129 703 2253 742 rore
2283 689 2471 743 vivunt
2505 690 2720 758 pudice,
2747 693 2891 761 quod
2923 693 3042 749 sine
3073 696 3213 750 bona
3258 713 3352 766 spe
3381 699 3700 768 pudicitiam

2129 781 2453 850 consectati,
2497 785 2563 838 ad
2615 785 2946 855 baptismum
2991 787 3360 856 recipiendum
3407 806 3464 845 se
3509 803 3703 861 gerant

2127 876 2386 944 segniter.
2415 876 2596 943 Quare
2637 879 2769 933 salvi
2803 895 2907 933 non
2937 880 3104 945 tiunt;
3143 865 3269 950 quia
3299 881 3392 936 Dei
3425 885 3697 940 decretum

2127 968 2365 1035 positum
2391 978 2495 1034 est,
2521 986 2588 1024 ne
2615 969 2668 1024 in
2702 971 2874 1040 ipsius
2896 987 3124 1042 regnum
3150 973 3486 1042 ingrediatur
3506 993 3700 1045 expers

2126 1060 2408 1129 baptismi.
2457 1061 2590 1128 Qua:
2619 1074 2907 1133 postquam
2939 1065 3187 1134 protulit,
3225 1074 3280 1121 et
3311 1067 3397 1122 his
3426 1068 3602 1138 plura,
3631 1072 3704 1125 ad-

2125 1168 2380 1208 somnum
2413 1157 2662 1212 conversi
2691 1171 2904 1211 sumus.

2683 1337 2969 1395 liOMlLIA
3006 1341 3150 1400 XIV.
3245 1363 3248 1368 '

2193 1452 2238 1509 l.
2268 1452 2437 1508 Multo
2463 1464 2642 1510 autem
2682 1457 2971 1522 maturius,
2996 1471 3163 1528 quam
3191 1460 3434 1529 quotidie
3465 1460 3696 1527 solebat,

2120 1542 2316 1600 Petrus
2360 1557 2714 1616 experrectus
2741 1548 2808 1602 ad
2839 1565 2939 1604 nos
2971 1551 3252 1620 ingressus
3285 1561 3387 1616 est,
3425 1569 3562 1622 quos
3603 1570 3699 1608 ex-

2122 1641 2442 1710 pergefecit,
2491 1658 2556 1697 ac
2608 1643 2798 1699 dixit:
2856 1644 3152 1703 Faustinus
3203 1657 3255 1702 et
3307 1648 3698 1707 Faustinianus

2123 1746 2340 1799 unaque
2373 1730 2626 1788 Clemens
2669 1749 2794 1788 cum
2840 1735 2957 1789 suis
3007 1751 3095 1790 me
3141 1750 3460 1806 sequantur,
3510 1750 3570 1794 ut
3604 1756 3698 1796 ve-

2123 1821 2332 1878 nientes
2364 1823 2430 1877 ad
2477 1825 2752 1879 obtectum
2792 1826 2961 1882 maris
3010 1827 3189 1884 locum
3238 1830 3376 1884 clam
3418 1833 3697 1894 possimus

2119 1930 2238 1968 eam
2278 1915 2573 1984 baptizare.
2621 1916 2807 1988 Itaque
2837 1919 2924 1972 ubi
2976 1919 3181 1976 fuimus
3224 1923 3275 1976 in
3309 1923 3508 1987 littore,
3556 1927 3697 1979 inter

2119 2023 2248 2060 saxa
2282 2009 2556 2076 quzcdam,
2584 2026 2706 2078 quae
2740 2012 3095 2081 tranquillum
3128 2023 3181 2068 et
3212 2016 3473 2070 mundum
3514 2017 3692 2071 locum

2118 2099 2454 2168 pnehehant,
2474 2102 2772 2172 baptizavit
2803 2101 3099 2159 illam.Nos
3122 2115 3301 2160 autem
3333 2105 3549 2173 fratres,
3581 2125 3698 2162 mu-

2118 2189 2314 2244 lierum
2341 2192 2545 2260 gratia,
2571 2209 2676 2245 una
2709 2204 2833 2264 eum
2855 2193 3023 2248 fratre
3051 2203 3106 2248 et
3141 2194 3263 2249 aliis
3305 2197 3581 2252 nonnullis
3613 2189 3696 2252 se-

2117 2281 2384 2336 cessimus
2411 2293 2463 2336 et
2496 2282 2761 2348 lavimus;
2800 2300 2863 2338 ac
2900 2285 3128 2353 profecti
3161 2287 3226 2338 ad
3261 2287 3515 2342 mulieres
3544 2304 3694 2343 rece-

2115 2377 2296 2445 pimus
2330 2375 2497 2446 ipsas.
2543 2374 2743 2444 Sicque
2775 2377 2830 2429 in
2878 2376 3060 2432 locum
3108 2379 3384 2432 occultum
3418 2380 3695 2449 pmgressi

2115 2468 2224 2523 illic
2252 2467 2456 2537 precati
2487 2483 2699 2522 sumus.
2729 2465 2919 2522 Postea
2949 2468 3141 2524 Petrus
3167 2471 3427 2526 mulieres
3458 2473 3528 2526 ob
3559 2473 3696 2526 mul-

2116 2561 2400 2615 titudinem
2452 2560 2744 2630 praemisit,
2789 2559 2989 2628 iubens
3036 2570 3095 2616 ut
3132 2578 3227 2631 per
3270 2564 3495 2618 alteram
3545 2565 3695 2623 viam

2113 2653 2252 2708 irent
2279 2652 2346 2707 ad
2379 2653 2699 2722 hospitium,
2725 2652 2965 2722 solisque
2987 2653 3228 2707 virorum
3258 2655 3414 2710 nobis
3442 2657 3692 2726 permisit

2112 2756 2341 2799 matrem
2387 2760 2452 2799 ac
2499 2744 2758 2798 mulieres
2805 2745 3079 2800 comitari.
3126 2743 3419 2800 Venientes
3457 2762 3586 2818 ergo
3623 2747 3690 2802 ad

2110 2839 2475 2894 diversorium
2507 2846 2557 2892 et
2590 2839 2970 2908 prmstolantcs
2999 2837 3292 2893 adventum
3338 2839 3485 2894 illius
3517 2839 3691 2894 collo.

2108 2927 2416 2997 quebamur
2455 2927 2711 2981 invicem.
2739 2925 2868 2980 Post
2900 2926 3100 2982 multas
3131 2943 3260 2982 vero
3294 2928 3458 2983 horas
3495 2928 3690 2987 Petrus

2109 3031 2393 3085 regressus
2426 3032 2624 3086 panem
2655 3017 2707 3070 in
2735 3017 3122 3073 eucharistiam
3160 3017 3337 3088 fregit,
3361 3029 3414 3074 et
3443 3019 3564 3073 cibo
3592 3036 3690 3089 po-

415 3133 512 3179 σας
559 3118 652 3169 καὶ
692 3115 900 3178 ἐπιθεὶς
936 3115 1090 3181 ἆλας,
1124 3118 1190 3187 τῇ
1241 3117 1409 3187 μητρί
1449 3116 1664 3187 πρῶτον
1705 3116 1997 3183 ἐπέδωκεν,

2111 3110 2211 3165 sito
2251 3111 2411 3165 matri
2453 3111 2687 3180 primum
2721 3111 2900 3178 dedit,
2947 3126 3012 3166 ac
3050 3119 3173 3180 post
3212 3127 3332 3164 eam
3370 3113 3529 3167 nobis
3562 3113 3689 3171 ﬁliis

412 3207 506 3260 καὶ
533 3207 572 3238 ⁸⁷
605 3207 722 3276 μετ’
747 3205 919 3276 αὐτὴν
956 3206 1088 3276 ἡμῖν
1136 3207 1252 3268 τοῖς
1283 3205 1422 3266 υἱοῖς
1465 3205 1654 3275 αὐτῆς.
1684 3204 1796 3258 Καὶ
1831 3201 2004 3266 οὕτως

413 3299 550 3368 αὐτῇ
590 3296 1041 3366 συνειστιάθημεν
1065 3296 1160 3348 καὶ
1187 3295 1278 3348 τὸν
1305 3294 1437 3348 Θεὸν
1462 3294 1854 3364 εὐλογήσαμεν.

481 3387 545 3442 1.
587 3387 719 3441 Τότε
755 3387 940 3440 λοιπὸν
962 3387 990 3439 ὁ
1023 3386 1230 3458 Πέτρος
1254 3426 1268 3450 ,
1296 3387 1388 3439 τὸν
1430 3385 1585 3457 ὄχλον
1621 3385 2004 3457 εἰσεληλυθότα
2069 3421 2074 3426 -

414 3479 536 3534 ἰδὼν
568 3480 664 3534 καὶ
697 3479 984 3543 καθεσθεὶς
1008 3480 1102 3532 καὶ
1127 3479 1613 3551 παρακαθεσθῆναι
1641 3480 1788 3550 ἡμᾶς
1815 3478 2003 3532 κελεύ-

413 3589 510 3635 σας
533 3611 548 3634 ,
578 3571 872 3641 ὑφηγεῖται
907 3569 972 3623 τὰ
1017 3569 1211 3641 πρῶτα
1247 3570 1449 3623 πείθων
1490 3573 1640 3641 ἡμᾶς
1663 3609 1680 3634 ,
1713 3571 1820 3622 τίνι
1860 3571 2004 3643 λόγῳ

410 3662 742 3734 προπέμψας
774 3663 924 3734 ἡμᾶς
976 3662 1084 3715 ἀπὸ
1136 3663 1229 3714 τοῦ
1278 3661 1654 3733 βαπτίσματος
1697 3664 1791 3716 καί
1840 3663 2001 3728 αὐτὸς

411 3755 680 3828 βραδύνας
726 3755 978 3826 ἐπῆλθεν.
1017 3756 1127 3827 Τὴν
1186 3755 1243 3806 δὲ
1300 3754 1478 3808 αἰτίαν
1521 3755 1673 3823 ἔλεγε
1719 3755 1997 3826 τοιαύτην.

411 3849 564 3919 ’Ἅμα
596 3848 675 3919 τῷ
720 3850 884 3919 ὑμᾶς,
923 3849 1106 3918 φησὶν,
1136 3848 1468 3918 ἀποστῆναι,
1505 3847 1684 3920 γέρων
1727 3849 2000 3920 συνεισῄει

407 3939 668 4011 ἐργάτης,
717 3939 1024 4010 περιέργως
1060 3939 1104 3970 ’⁸
1131 3937 1378 3991 κλέπτων
1404 3937 1444 3969 ¹⁹
1485 3938 1708 4001 ἐαυτὸν,
1743 3938 1836 3991 καὶ
1864 3955 1997 4009 προ-

409 4033 836 4100 κατασκοπήσας
871 4032 1048 4101 ἡμᾶς,
1084 4029 1159 4094 ὡς
1197 4030 1359 4092 αὐτὸς
1406 4027 1632 4100 ὕστερον
1690 4029 1957 4100 ὡμολόγει
1980 4070 1995 4095 ,

408 4123 546 4193 πρὸς
568 4122 629 4174 τὸ
657 4122 783 4176 ἰδεῖν
806 4122 859 4175 τί
884 4122 950 4175 ἂν
978 4122 1310 4193 πράττοιμεν
1336 4121 1417 4184 εἰς
1441 4120 1532 4173 τὸν
1557 4121 1810 4173 σκεπινὸν
1833 4121 1996 4174 τόπον

409 4214 761 4279 εἰσελθόντες,
788 4213 963 4284 λάθρα
1006 4212 1174 4277 ἐκϐὰς
1203 4212 1587 4284 ἠκολούθησεν·
1635 4213 1729 4265 καὶ
1751 4213 1795 4242 ²⁰
1820 4214 1876 4264 ἐν
1907 4212 1998 4264 εύ-

409 4309 584 4380 καίρῳ
607 4309 758 4379 τόπῳ
793 4306 1106 4379 προσελθὼν
1139 4307 1233 4360 καὶ
1258 4305 1706 4378 προσαγορεύσας
1732 4304 1855 4376 ἔφη·
1901 4306 1995 4360 Ἐκ

408 4399 603 4454 πολλοῦ
642 4418 723 4453 σοι
753 4399 1060 4452 ἀκολουθῶν
1094 4400 1186 4452 καὶ
1214 4401 1499 4468 συντυχεῖν
1534 4397 1702 4451 θέλων
1728 4397 1852 4468 ᾑδού
1863 4416 1990 4470 μην,

2107 3202 2247 3271 ejus.
2279 3204 2455 3271 Atque
2504 3204 2575 3256 ita
2607 3219 2730 3256 cum
2763 3219 2826 3257 ea
2858 3203 3220 3266 comedimus,
3252 3201 3533 3273 Deumque
3562 3205 3688 3258 lau-

2107 3294 2268 3348 dibus
2295 3295 2569 3362 prosecuti
2603 3310 2817 3350 sumus.

2177 3385 2239 3440 ll.
2283 3385 2421 3439 Tum
2453 3385 2651 3440 deinde
2693 3385 2918 3453 Petrus,
2957 3387 3267 3458 ingressum
3305 3385 3568 3455 populum
3603 3385 3686 3440 vi-

2105 3475 2275 3544 dens,
2324 3493 2450 3532 cum
2496 3477 2767 3542 sedisset,
2835 3494 3048 3548 nosque
3100 3477 3357 3548 jussisset
3405 3477 3682 3540 assidere,

2105 3571 2383 3625 enarravit
2417 3571 2592 3639 primo
2626 3586 2689 3624 ac
2730 3571 2936 3636 docuit,
2972 3586 3081 3640 qua
3117 3569 3325 3624 ratione
3371 3568 3530 3622 nobis
3563 3579 3686 3639 post.

2104 3660 2440 3729 baptismum
2470 3660 2770 3728 praemissis
2803 3660 2918 3730 ipse
2949 3661 3102 3716 tarde
3138 3661 3411 3715 rediisset.
3445 3661 3683 3717 Causam

2102 3769 2232 3806 vero
2263 3753 2400 3806 hanc
2433 3751 2684 3805 dicebat:
2728 3751 2904 3806 Simul
2952 3764 3117 3823 atque
3151 3768 3249 3806 vos
3275 3793 3290 3817 ,
3328 3753 3542 3823 inquit,
3570 3753 3684 3808 dis-

2102 3844 2367 3906 cessistis,
2396 3858 2558 3897 senex
2589 3845 2873 3912 operarius
2892 3844 3367 3907 advenit,curiose
3398 3844 3682 3899 occultans

2101 3950 2180 3999 se,
2233 3935 2503 4004 nobisque
2550 3935 2704 4004 prius
2754 3936 3061 3992 observatis
3117 3935 3300 4008 (sicut
3333 3937 3450 4005 ipse
3491 3945 3682 4006 postea

2101 4026 2280 4081 fassus
2309 4028 2435 4096 est),
2468 4035 2525 4080 ut
2557 4027 2784 4092 videret,
2816 4029 3076 4098 quidnam
3105 4029 3337 4100 ingressi
3367 4029 3547 4084 locum
3583 4029 3684 4084 ob.

2099 4127 2302 4172 tectum
2342 4134 2660 4190 ageremus,
2696 4119 2834 4174 clam
2874 4121 3006 4174 exiit
3041 4131 3096 4175 et
3129 4131 3350 4177 secutus
3382 4132 3486 4189 est,
3520 4130 3684 4191 atque

2099 4212 2151 4266 in
2194 4221 2502 4282 opportuno
2544 4212 2666 4266 loco
2711 4213 3042 4268 conveniens
3078 4230 3164 4268 me
3197 4231 3261 4269 ac
3289 4215 3535 4270 salutans
3563 4214 3678 4274 ait:

2095 4301 2214 4359 Jam
2245 4305 2337 4359 diu
2376 4312 2427 4358 te
2458 4319 2693 4374 sequens
2726 4313 2780 4359 et
2812 4305 3017 4374 alloqui
3057 4307 3307 4376 cupiens,
3341 4307 3570 4361 verebar
3612 4322 3685 4361 no

2097 4397 2228 4451 mihi
2262 4406 2519 4466 tanquam
2551 4397 2772 4452 curioso
2805 4397 3310 4465 irascereris,nunc
3339 4408 3520 4453 autem
3558 4414 3682 4468 qum

408 4495 604 4564 μήπως
630 4491 706 4556 ὡς
746 4492 1024 4564 περιέργῳ
1055 4509 1144 4563 μοι
1181 4491 1530 4564 χαλεπαίνῃς·
1568 4490 1664 4543 νῦν
1689 4490 1745 4542 δὲ
1770 4489 1840 4542 τὰ
1871 4491 1994 4562 ἐμοὶ

2111 4491 2230 4543 mihi
2261 4489 2514 4544 videntur
2542 4507 2692 4556 vera,
2727 4491 2774 4544 si
2797 4491 2880 4546 vis
2902 4489 3142 4560 profero.
3162 4491 3226 4546 Et
3253 4507 3353 4562 ego
3379 4490 3634 4560 respondi
3663 4509 3677 4551 :

403 4585 664 4638 δοκοῦντα
693 4585 890 4656 ἀληθῆ,
926 4587 974 4638 εἰ
1026 4584 1234 4655 βούλει,
1279 4583 1441 4652 λέγω.
1479 4581 1648 4651 Κάγὼ
1687 4582 1987 4654 ἀπεκρινά-

408 4694 532 4746 μηνο
555 4677 724 4748 298
742 4678 881 4745 Λέγε
906 4679 1037 4748 ἡμῖν
1063 4678 1203 4748 ὅπερ
1230 4693 1309 4729 σοι
1332 4677 1478 4729 δοκεῖ
1500 4673 1663 4727 καλὸν
1697 4670 1856 4738 εἰναι,
1893 4675 1987 4727 καὶ

404 4769 776 4840 ἀποδεξόμεθα
811 4787 890 4833 σε,
927 4768 1029 4823 κᾶν
1055 4768 1132 4840 τῷ
1174 4768 1288 4821 ὄντι
1325 4768 1398 4839 μὴ
1427 4767 1590 4821 καλὸν
1681 4767 1740 4820 τὸ
1765 4766 1990 4836 λεγόμε-

402 4879 518 4926 νον,
544 4861 774 4934 ἐπείπερ
815 4861 994 4934 ἀγαθῇ
1041 4862 1359 4934 προαιρέσει
1401 4861 1460 4914 τὸ
1500 4860 1690 4915 δοκοῦν
1718 4877 1799 4914 σοι
1827 4861 1988 4914 καλὸν

403 4954 574 5006 εἰπεῖν
602 4953 894 5024 ἠθέλησας.

475 5043 558 5098 lll.
601 5046 712 5099 Kal
736 5046 764 5096 ὁ
797 5044 976 5115 γέρων
1003 5043 1098 5097 τοῦ
1135 5043 1313 5111 λέγειν
1334 5041 1534 5114 ἤρξατο
1565 5040 1756 5105 οὕτως·
1779 5041 1990 5095 Θαλάσ-

406 5149 476 5207 σῃ
522 5134 669 5206 ὑμᾶς
708 5133 1066 5206 λελουμένους
1114 5135 1196 5196 εἰς
1233 5133 1277 5164 ²¹
1326 5133 1418 5186 τὸν
1461 5133 1776 5208 ἀπόκρυφον
1819 5133 1985 5187 τόπον

2095 4582 2192 4637 Dic
2226 4583 2385 4638 nobis
2429 4585 2574 4652 (μιοᾱ
2609 4584 2706 4638 tibi
2743 4583 2957 4638 videtur
2992 4598 3114 4637 esse
3147 4583 3374 4649 bonum,
3402 4591 3456 4636 et
3491 4582 3680 4637 lauda-

2093 4677 2275 4730 bimus
2309 4685 2382 4740 te,
2415 4675 2541 4730 licet
2573 4691 2632 4730 re
2661 4691 2788 4731 vera
2815 4717 2831 4743 ,
2866 4675 3013 4745 quod
3047 4675 3254 4731 dixeris
3279 4717 3294 4742 ,
3328 4675 3532 4729 bonum
3568 4689 3679 4730 non

2093 4766 2284 4828 fuerit,
2335 4768 2592 4836 quioniam
2645 4767 2899 4837 prudenti
2961 4767 3196 4822 consilio
3240 4767 3326 4833 id,
3374 4765 3522 4837 quod
3577 4767 3680 4825 tibi

2091 4860 2270 4916 visum
2315 4869 2402 4914 cst
2452 4860 2679 4927 bonum,
2716 4860 2958 4914 volueris
2992 4859 3266 4930 proloqui.

2161 5036 2250 5092 lll.
2293 5034 2430 5090 Tmn
2469 5051 2634 5090 senex
2683 5035 2755 5089 ita
2791 5036 2958 5104 caspit
3008 5035 3234 5091 dicere:
3291 5035 3349 5088 In
3387 5035 3528 5090 mari
3578 5050 3678 5091 vos

2095 5131 2294 5186 lavisse
2341 5131 2493 5197 vidi,
2529 5139 2586 5185 et
2636 5143 2760 5200 post
2808 5130 2912 5184 hoc
2941 5131 3010 5184 ad
3060 5140 3336 5186 secretum
3385 5129 3677 5186 secessisse

1709 5308 1944 5364 VARle
1984 5310 2388 5366 LECTIOS‘ES.

475 5425 517 5498 l0
553 5423 630 5498 Ita
664 5425 728 5498 07
763 5441 813 5480 c.
857 5425 895 5480 S
925 5467 939 5493 ,
970 5425 1288 5498 όρθρίτερον
1459 5423 1574 5479 Cir.
1607 5423 1882 5498 ltom.}tl,
1929 5426 1992 5480 12

2111 5442 2170 5480 ;vt
2197 5468 2211 5492 ,
2242 5427 2304 5498 2i
2337 5446 2351 5494 ;
2403 5444 2540 5493 xvn,
2573 5429 2630 5494 l;
2669 5445 2781 5494 xIx,
2811 5428 2862 5482 Ι.
2892 5425 3031 5479 Tum
3066 5425 3188 5479 καθ’

1976 5498 2224 5569 posthac.
2247 5497 2396 5569 rTum
2435 5499 2507 5553 id.
2544 5499 2622 5569 Τά
2654 5499 2747 5551 τοῦ
2783 5498 3156 5569 βαπτίσματος
3191 5495 3563 5569 σχεδιάσωμεν
3596 5498 3675 5569 (ia

1082 5513 1168 5566 μοι
1199 5497 1262 5551 0.

405 5498 442 5528 "
474 5495 1033 5569 ἀκουλουθηοάτωσάν
1076 5495 1168 5569 μοι
1346 5497 1410 5569 _“
1449 5495 1728 5569 σκέπεινῶ
1762 5495 1805 5549 0
1837 5535 1851 5559 ,
1877 5507 1930 5569 et

400 5566 869 5640 rriargﬁtqpevflﬁv
918 5567 1014 5620 καὶ
1047 5567 1219 5640 νόθον)
1255 5583 1306 5636 p.
1340 5567 1413 5640 ἐν
1452 5566 1822 5640 ἀκατασκόπῳ
1864 5567 2139 5640 λβαπτίσαι
2196 5568 2367 5640 αὐτὴν
2423 5568 2760 5640 δυνηθῶμεν.

401 5636 546 5703 Epit.
574 5636 692 5690 “0‘
715 5649 768 5692 et
789 5637 834 5689 0
865 5679 877 5692 .
907 5640 1060 5691 deest
1088 5637 1141 5690 in
1175 5636 1320 5692 textu
1353 5637 1437 5701 Ci.
1513 5639 1558 5670 ³⁵
1584 5636 1676 5688 ἐπί
1721 5637 1963 5706 supplcvi
2001 5653 2065 5690 ex
2091 5636 2155 5690 0.

399 5723 457 5782 γἶ
491 5707 641 5774 conj.
762 5779 771 5782 _
811 5709 851 5740 ¹⁷
875 5708 968 5782 καί
997 5708 1127 5782 add.
1158 5707 1341 5782 e.‘0._
1366 5707 1444 5762 Ex
1489 5709 1678 5782 eodem
1727 5705 1941 5782 reposui
1989 5708 2008 5758 ’ἰ

2111 5727 2150 5774 ι,
2182 5711 2330 5782 quod
2381 5712 2595 5777 transiit
2620 5712 2678 5764 S.
2715 5705 2864 5778 Tum
2887 5709 3316 5782 συνεστιᾴθημεν
3341 5709 3407 5763 C-

403 5776 623 5847 ρίεργος
668 5775 813 5848 Epit.
893 5779 934 5810 ¹⁹
961 5777 1175 5832 κλέπων
1207 5777 1271 5834 0.
1308 5778 1555 5849 Sequens
1582 5777 1676 5833 καί
1703 5775 1939 5847 οιἘρὶι.
1964 5789 2008 5836 et

2117 5821 2132 5848 ,
2163 5775 2313 5836 deest
2338 5797 2424 5851 ap.
2453 5775 2518 5838 C.

3240 5424 3454 5496 ἡμέραν
3507 5426 3672 5483 idem.

2862 5569 2904 5600 ¹³
2934 5568 3026 5620 τὸν
3081 5568 3326 5635 αἰγιαλόν
3379 5570 3438 5620 (2.
3521 5570 3563 5600 “
3587 5567 3679 5620 καί

2237 5637 2280 5668 ’⁸
2311 5637 2404 5692 καὶ
2434 5637 2657 5703 ταύταις
2688 5643 2809 5704 ταῖς
2841 5637 3085 5708 γυναιξίν
3113 5639 3158 5691 0
3187 5678 3201 5701 ,
3229 5640 3322 5692 καὶ
3345 5640 3464 5702 ταῖς
3486 5637 3680 5706 ἄλλαις

2237 5711 2330 5762 und
2381 5712 2595 5763 transiit
2620 5712 2678 5763 S.
2715 5705 2852 5763 Tum
2887 5709 3316 5763 συνεστιάθημεν
3341 5709 3407 5763 C.
3488 5711 3531 5740 ³⁸
3577 5725 3677 5763 πε-

3602 5737 3677 5762 κ,-

2595 5783 2640 5814 ²⁶
2665 5782 2754 5838 καί
2792 5781 2993 5838 inserui
3023 5798 3073 5837 c.
3105 5779 3170 5836 0.
3199 5779 3290 5841 7'.“
3340 5780 3446 5834 ὑπό
3467 5782 3530 5835 0.
