4084 6148
418 306 528 368 ⁸47

1274 304 1329 363 ς.
1370 304 1759 362 CLEMENTIS
1793 304 1813 359 ι
1869 304 2033 361 ROM.
2075 304 2275 361 ΡΟΝΤ.
2317 304 2546 360 OPERA
2580 306 2806 365 DUBIA.

3564 307 3665 367 558

412 424 596 481 locum
628 443 642 479 :
699 424 967 481 accedens
999 438 1166 495 ergo,
1206 432 1260 477 et
1308 424 1608 477 observans
1635 423 1702 478 de
1738 422 1990 488 occulto,

2095 423 2557 495 ὑποχωρήσαντας
2588 422 2730 485 ἰδὼν,
2758 419 3068 495 προσελθὼν
3095 421 3267 495 λάθρα
3299 422 3662 479 κατεσκόπουν

380 546 381 549 η
412 516 545 587 quid
582 517 639 596 in
688 525 961 573 secretum
1011 514 1244 586 ingressi
1294 514 1528 584 ageretis
1553 555 1570 580 ,
1603 529 1727 569 cum
1768 524 1987 570 orantes

413 609 805 678 inspexissem,
843 608 1091 663 secessi:
1144 615 1201 662 et
1248 620 1349 660 vos
1395 606 1689 661 miseratus
1745 605 1986 675 opperiri

411 701 572 770 ccepi,
598 714 890 771 usquequo
914 712 1167 769 egressos
1195 697 1520 769 aiioquerer,
1549 712 1613 753 ac
1633 698 1888 752 docerem
1920 713 1989 753 ne

408 790 629 849 erretis.
660 789 800 857 Quia
842 804 1021 859 neque
1048 787 1192 844 Deus
1222 797 1341 854 est,
1396 803 1573 859 neque
1620 771 1983 862 providentia,

408 881 503 935 sed
537 880 723 951 genesi
756 878 943 934 omnia
974 877 1289 945 subiacent,
1323 878 1465 933 sicut
1503 893 1603 949 ego
1634 893 1702 933 ex
1730 877 1799 934 iis
1820 918 1835 943 ,
1864 894 1988 949 qtue

410 974 545 1029 mihi
580 973 898 1028 acciderunt
917 1011 933 1037 ,
965 969 1414 1027 manifestissime
1442 969 1705 1039 comperi,
1733 970 1787 1023 in
1819 969 1988 1024 disci-

410 1067 558 1136 plina
593 1063 903 1119 matheseos
929 1062 1047 1133 jam
1106 1063 1315 1132 pridem
1377 1062 1665 1132 diligenter
1716 1060 1984 1115 eruditus.

408 1155 532 1210 Noli
570 1170 701 1224 ergo
745 1169 952 1221 errare,
996 1154 1094 1208 fili.
1135 1153 1262 1209 Sive
1303 1153 1450 1209 enim
1482 1168 1642 1215 ores,
1693 1150 1808 1207 sive
1839 1166 1982 1215 non,

408 1263 533 1317 quae
563 1245 780 1314 genesis
810 1253 905 1299 tua
939 1246 1205 1311 continet,
1242 1245 1358 1299 haec
1391 1244 1486 1298 tibi
1522 1243 1769 1299 accident
1799 1257 1988 1297 neces-

409 1337 577 1392 sario.
622 1334 757 1390 Nam
820 1336 866 1390 si
905 1351 1095 1405 preces
1145 1344 1371 1406 possent
1404 1333 1652 1405 aliquid,
1703 1333 1788 1389 vei
1841 1332 1984 1388 bona

408 1442 597 1497 opera,
634 1427 749 1496 ipse
785 1426 928 1481 inter
987 1426 1262 1483 feliciores
1293 1440 1494 1480 essem.
1530 1424 1609 1481 Ac
1662 1439 1843 1493 nunc,
1877 1422 1984 1478 nisi

410 1527 464 1572 te
495 1516 698 1586 decipit
744 1516 861 1571 hate
893 1515 1223 1587 paupercula
1257 1529 1376 1569 mea
1410 1513 1610 1579 vestis,
1646 1512 1810 1568 dictis
1849 1511 1985 1566 meis

404 1618 520 1671 non
547 1607 780 1667 diilidas.
814 1607 952 1671 Cum
999 1606 1128 1661 olim
1177 1606 1232 1663 in
1264 1620 1464 1674 magna
1503 1604 1771 1661 honorum
1810 1603 1986 1658 abun-

408 1700 596 1762 dantia
630 1714 915 1764 versarer,
947 1698 1120 1754 multa
1153 1706 1264 1753 tum
1316 1697 1422 1751 diis
1459 1695 1831 1761 immoiabam,
1868 1702 1981 1748 tum

2088 512 2150 565 τὸ
2179 512 2232 565 τί
2262 513 2329 566 ἂν
2361 514 2422 567 ἐν
2446 514 2702 586 κρυφαίῳ
2726 514 2987 577 εἰσιόντες
3014 514 3327 584 πράττοιτε,
3355 516 3449 568 καὶ
3481 516 3664 590 ἐπειδὴ

2088 603 2416 674 εὐχομένους
2461 601 2601 658 εἶδον
2637 604 2706 667 ",
2749 603 3110 675 ὑπεχώρησαο
3159 602 3388 674 ἐλεήσας
3425 602 3482 655 δὲ
3525 604 3667 675 ὑμᾶς

2087 693 2366 764 ἀνέμεινα,
2412 695 2562 759 ὅπως
2605 694 2808 763 ἐξιοῦσι
2829 697 2875 730 ’³
2919 693 3329 768 προσομιλήσας
3369 695 3542 749 πείσω
3592 698 3665 771 μὴ

2089 782 2422 837 ἀπατᾶσθαι.
2449 782 2586 837 Οὔτε
2609 784 2722 860 γὰρ*
2744 784 2875 847 Θεὸς
2904 785 3080 850 ἔστιν,
3107 783 3229 839 οὔτε
3258 785 3508 855 πρόνοια,
3533 786 3668 841 ἀλλά

2086 874 2303 941 γενέσει
2333 873 2403 928 τά
2434 874 2614 929 πάντα
2639 875 2943 937 ὑπόκειται,
2964 875 3040 939 ὡς
3072 874 3182 944 ἐγὼ
3206 876 3291 945 ἐφ’
3313 869 3394 939 οἷς
3425 876 3668 931 πέπονθα

2087 963 2610 1037 πεπληροφόρημαι,
2645 966 2710 1018 ὲκ
2742 964 2953 1018 πολλῶν
2975 966 3019 996 ³⁸
3044 964 3287 1037 ἀκριϐῶν
3310 965 3372 1019 τὸ
3415 965 3664 1038 μάθημα.

2086 1054 2178 1125 Μὴ
2210 1050 2303 1107 οὖν
2329 1054 2545 1118 ἀπατῶ,
2578 1055 2789 1110 τέκνον.
2817 1057 2942 1110 Εἴτε
2974 1055 3085 1127 γάρ
3114 1055 3277 1128 εὔχῃ,
3322 1057 3431 1110 εἴτε
3460 1058 3556 1129 μὴ,
3598 1058 3668 1113 τά

2086 1145 2153 1196 ὲκ
2174 1144 2272 1214 τῆς
2301 1144 2569 1212 γενέσεως
2590 1144 2821 1216 πάσχειν
2842 1146 3087 1216 ἀνάγκην
3109 1144 3270 1216 ἔχεις
3300 1148 3348 1200 ει
3378 1147 3487 1220 γὰρ
3511 1149 3666 1220 εὐχαί

2085 1253 2141 1288 τι
2166 1236 2419 1291 ἐδύναντο
2441 1237 2487 1268 ⁸⁸
2513 1236 2545 1309 ἢ
2581 1237 2641 1290 τὸ
2671 1233 2730 1290 εὖ
2767 1240 2967 1301 ποιεῖν,
2993 1238 3157 1301 αὐτὸς
3176 1238 3245 1291 ἂν
3268 1238 3326 1291 ἐν
3350 1242 3463 1304 τοῖς
3485 1241 3667 1313 κρείτ-

2084 1345 2235 1382 τοσιν
2266 1329 2435 1400 ἥμην.
2467 1329 2580 1383 Καὶ
2604 1328 2699 1382 νῦν
2731 1331 2781 1385 εἰ
2822 1332 2895 1401 μή
2931 1346 2991 1382 σε
3023 1330 3209 1401 ἀπατᾷ
3246 1331 3279 1402 ἡ
3305 1332 3537 1402 πενιχρά
3564 1350 3665 1402 μου

2086 1419 2225 1491 αὕτη
2265 1419 2456 1494 ἐσθὴς,
2495 1421 2606 1474 ob»
2630 1421 2951 1493 ἀπιστήσεις
2985 1422 3030 1454 ³⁸
3054 1417 3137 1485 οἷς
3177 1422 3339 1490 λέγω.
3376 1420 3465 1483 Ἐν
3497 1423 3665 1495 πολλῇ

2087 1511 2203 1582 βίου
2239 1510 2369 1564 ποτὲ
2410 1509 2485 1564 ῶν
2520 1511 2833 1583 περιουσίᾳ,
2862 1512 3031 1565 πολλά
3055 1514 3149 1566 καὶ
3189 1512 3334 1576 θεοῖς
3366 1512 3541 1578 ἔθυον,
3571 1515 3678 1581 καὶ,

2085 1601 2359 1673 δεομένοις
2384 1606 2662 1673 παρεῖχον,
2691 1585 2967 1673 καῖ’ὄμως
2992 1602 3285 1675 εὐχόμενός
3307 1620 3366 1656 τε
3394 1604 3488 1656 καὶ
3512 1603 3671 1666 εὐτε-ε

2087 1693 2197 1746 ϐῶν
2231 1692 2330 1763 τὴν
2357 1675 2727 1764 πεπρωμένην
2760 1694 3017 1763 ἐκφυγεῖν
3048 1695 3148 1748 οὐκ
3172 1694 3459 1766 ἠδυνήθην.
3497 1693 3665 1762 Κάγὼ

407 1792 593 1861 egenis
631 1790 901 1863 largiebar
932 1808 946 1844 :
989 1797 1227 1843 attamen
1270 1789 1402 1842 dum
1444 1801 1542 1842 oro
1579 1795 1634 1842 et
1695 1786 1782 1856 pie
1816 1785 1939 1838 vivo
1964 1826 1978 1849 ,

2083 1784 2240 1855 ἔφην·
2264 1782 2396 1837 Τίνα
2422 1783 2568 1836 ἐστὶν
2593 1783 2628 1837 ἃ
2653 1783 2928 1848 πέπονθας
2940 1785 3015 1850 ¹¹¹;
3043 1785 3072 1837 ὁ
3096 1785 3154 1838 δὲ
3176 1785 3524 1856 ἀπεκρίνατο·
3550 1785 3679 1837 Ούκ.

409 1881 580 1936 fatum
617 1898 723 1936 non
773 1880 922 1950 potui
964 1879 1220 1949 effugere.
1263 1878 1328 1932 Et
1357 1892 1459 1947 ego
1492 1876 1607 1932 dixi
1644 1895 1658 1931 :
1719 1875 1978 1943 Quaenam

408 1985 577 2041 sunt,
624 1990 746 2045 quae
782 1975 879 2029 tibi
931 1971 1320 2044 contigerunt?
1356 1968 1449 2024 ille
1487 1984 1619 2024 vero
1654 1967 1934 2038 respondit
1965 1984 1978 2020 :

405 2062 525 2119 Non
551 2079 774 2119 necesse
806 2073 891 2119 est
919 2078 1065 2117 nunc
1093 2061 1278 2115 dicere
1305 2077 1318 2114 :
1351 2058 1489 2114 forte
1538 2058 1591 2113 in
1627 2057 1733 2112 fine
1763 2056 1973 2122 audies,

406 2158 660 2228 quisnam
692 2172 792 2228 ego
824 2173 949 2212 cum
995 2171 1208 2222 essem,
1249 2163 1305 2209 et
1341 2169 1409 2209 ex
1441 2153 1643 2226 quibus
1674 2161 1831 2207 ortus
1854 2192 1870 2218 ,
1915 2150 1971 2211 in

2083 1875 2293 1944 ἀνάγκη
2318 1873 2495 1943 λέγειν
2524 1873 2640 1938 νῦν,
2671 1873 2802 1938 ἴσως
2844 1875 2936 1928 ἐπὶ
2967 1874 3108 1929 τέλει
3134 1875 3364 1948 ἀκούσῃ,
3395 1875 3477 1938 τίς
3500 1891 3559 1927 τε
3589 1873 3665 1926 ῶν

2084 1964 2195 2033 ἐγὼ
2227 1965 2319 2017 καὶ
2348 1964 2530 2028 τίνων,
2559 1966 2616 2018 ἐν
2656 1965 2838 2029 ποίαις
2882 1964 2998 2035 βίου
3047 1964 3400 2037 περιστάσεσι
3443 1966 3661 2034 γέγονα.

2083 2056 2198 2109 Νὖν
2229 2055 2284 2109 δὲ
2311 2057 2391 2109 δτι
2415 2057 2628 2126 γενέσει
2658 2058 2728 2110 τὰ
2759 2057 2936 2111 πάντα
2970 2057 3285 2121 ὑπόκειται,
3316 2056 3664 2129 πληροφορη-

2085 2146 2242 2217 θῆναί
2278 2164 2337 2199 σε
2363 2146 2521 2200 θέλω.

406 2250 606 2324 quales
653 2248 977 2304 incurrerim
1024 2248 1151 2303 vita:
1203 2245 1563 2301 calamitates.
1608 2243 1716 2299 Sed
1767 2258 1937 2308 nunc,
2004 2239 2190 2297 omnia
2240 2237 2436 2308 subjici
2489 2238 2789 2309 geniturae,
2823 2237 2959 2295 volo
2980 2238 3085 2294 tibi
3126 2254 3249 2296 esse
3298 2239 3660 2310 persuasissi-

479 2433 569 2490 iV.
610 2432 725 2505 Ego
753 2433 866 2489 dixi
897 2454 910 2489 :
948 2433 1004 2488 Si
1038 2436 1223 2503 genesi
1247 2445 1441 2491 cuncta
1476 2432 1734 2500 subsunt,
1760 2430 1975 2505 hocque

406 2524 480 2579 ita
512 2539 635 2580 esse
660 2540 983 2594 persuasum
1012 2525 1203 2591 habes,
1234 2533 1412 2579 tecum
1438 2521 1736 2593 pugnantia
1766 2520 1975 2589 cogitas

406 2624 462 2669 et
509 2616 772 2670 consulis.
810 2615 1025 2670 Etenim
1081 2616 1127 2670 si
1185 2627 1379 2669 contra
1423 2612 1603 2669 natale
1650 2626 1718 2671 ne
1771 2609 1977 2671 sentire

407 2706 628 2776 quidem
676 2722 1010 2775 possumus,
1057 2720 1157 2760 cur
1204 2703 1409 2758 frustra
1444 2703 1702 2777 laboras,
1752 2700 1807 2755 id
1857 2699 1973 2754 fieri

406 2795 772 2861 consulendo,
806 2795 951 2865 quod
985 2808 1107 2849 esse
1140 2792 1371 2862 nequit?
1401 2791 1708 2857 Quinetiam
1748 2790 1794 2845 si
1830 2788 1974 2844 nati-

405 2887 546 2942 vitas
574 2886 843 2953 subsistit,
880 2885 993 2940 noli
1046 2885 1100 2938 in
1153 2900 1220 2940 eo
1252 2898 1453 2937 navare
1483 2897 1729 2952 operam,
1761 2890 1822 2936 ut
1855 2896 1979 2951 per-

405 2979 638 3035 suadeas
669 2978 824 3045 mihi,
858 2992 926 3033 ne
952 2976 1132 3034 colam
1164 2983 1437 3032 astrorum
1465 2976 1628 3035 etiam
1661 2972 1974 3041 hominum,

405 3068 501 3140 qui
528 3077 585 3123 et
610 3069 655 3124 si
687 3068 816 3122 velit
858 3083 965 3122 non
1003 3065 1119 3123 fieri
1151 3065 1390 3138 aliquid,
1424 3065 1541 3125 fieri
1578 3063 1784 3140 nequit.
1817 3061 1976 3117 Sem-

406 3179 504 3235 per
534 3162 703 3228 enim,
743 3159 888 3231 quod
923 3160 1136 3227 subest,
1172 3156 1248 3227 ei,
1279 3157 1423 3232 quod
1475 3164 1670 3226 praeest
1698 3170 1762 3210 ac
1802 3154 1975 3221 ducit,

406 3263 596 3324 pareat
625 3268 850 3309 necesse
898 3252 1081 3307 habet.
1116 3251 1280 3307 Certe
1307 3248 1557 3311 venerari
1598 3263 1696 3302 eos
1721 3289 1736 3315 ,
1771 3245 1865 3318 qui
1899 3245 1977 3301 dii

406 3355 688 3419 putantur,
724 3345 907 3416 genesi
944 3343 1261 3399 dominante
1293 3338 1631 3411 superfluum
1654 3346 1758 3393 est.
1790 3337 1978 3413 Neque

368 3438 371 3443 ’
405 3440 781 3527 ειιίἷᾞνρςςᾲρι-
813 3437 866 3492 id
890 3480 904 3504 ,
937 3436 1083 3508 quod
1131 3435 1247 3491 fato
1293 3436 1509 3507 placet,
1541 3433 1840 3527 quidquam
1873 3433 1969 3527 fit,

407 3514 1028 3609 ncﬁWguidpiam
1062 3527 1239 3585 facere
1272 3534 1524 3601 possunt,
1556 3526 1650 3597 qui
1682 3525 1979 3581 universali

407 3592 902 3717 gegaéﬁpg-sint
937 3621 1186 3689 subjecti.
1227 3592 1532 3689 genesis
1574 3592 1780 3681 existit,
1810 3630 1979 3685 repu—

407 3690 811 3782 ειιοιζῗῖἇῷἇῗιοᾱ
845 3727 954 3766 non
989 3720 1073 3767 est
1100 3710 1361 3780 primum,
1384 3709 1652 3780 imperare
1676 3724 1690 3761 :
1716 3714 1811 3760 aut
1843 3706 1977 3762 sub-

402 3804 610 3875 jectum
656 3820 779 3860 esse
828 3819 937 3858 non
984 3809 1164 3873 potest
1206 3799 1549 3872 ingenitum,
1603 3814 1751 3866 eum,
1785 3804 1973 3868 utpote

409 3897 737 3966 ingenitum,
765 3893 902 3953 nihil
933 3893 1132 3948 habeat
1167 3908 1226 3948 se
1258 3890 1559 3962 antiquius.

484 3986 548 4040 V.
590 3986 718 4042 Haec
747 4002 872 4042 cum
910 3986 1052 4041 inter
1081 4001 1180 4039 nos
1215 3985 1587 4054 loqueremur,
1622 3982 1813 4058 ingens
1846 3981 1980 4039 asti-

408 4077 474 4134 tit
504 4077 787 4132 hominum
815 4075 1127 4131 multitudo.
1157 4073 1421 4149 Tuncque
1455 4073 1523 4129 ad
1550 4090 1645 4130 eos
1678 4074 1980 4145 respiciens

408 4170 521 4226 dixi
547 4189 561 4225 :
586 4168 696 4240 Ego
724 4184 849 4223 cum
876 4182 1071 4239 genere
1099 4182 1225 4222 meo
1245 4167 1428 4237 accepi
1467 4182 1497 4224 a
1534 4166 1834 4237 majoribus
1863 4165 1981 4224 cui-

410 4272 523 4318 tum
557 4260 674 4328 Dei,
708 4269 761 4315 ct
792 4267 1120 4333 praeceptum
1157 4259 1334 4319 habeo
1366 4274 1433 4313 ne
1466 4258 1608 4312 ortui
1647 4256 1976 4322 adhaaream,

2153 2433 2318 2505 299
2352 2433 2442 2489 iV.
2478 2432 2650 2503 Κάγὼ
2691 2429 2939 2505 ἔφην”Εί
2964 2433 3177 2503 γενέσει
3216 2434 3283 2497 τά
3311 2436 3487 2490 πάντα
3527 2438 3658 2492 ύτεό-

2082 2537 2281 2586 κειται,
2326 2523 2420 2587 καὶ
2452 2521 2596 2584 τοῦθ’
2618 2521 2665 2553 ⁸⁸
2689 2521 2862 2585 οὕτως
2911 2521 3060 2592 ἔχειν
3078 2523 3122 2554 ²⁹
3155 2523 3657 2596 πεπληροφόρησαι,

2083 2612 2293 2683 σεαυτῷ
2312 2614 2526 2667 ἐναντία
2547 2613 2681 2667 νοῶν
2697 2630 2761 2666 συ
2769 2611 3100 2685 μϐουλεύεις.
3120 2613 3183 2666 Ei
3207 2614 3304 2683 μὲν
3324 2614 3433 2685 γὰρ
3450 2616 3496 2646 ⁸⁸
3513 2616 3673 2689 παρά

2079 2690 2292 2777 γένεσιν
2315 2708 2376 2761 οὐ
2398 2707 2621 2761 δυνατὸν
2655 2707 2774 2761 οὐδὲ
2801 2708 2862 2761 τὸ
2898 2709 3114 2779 φρονεῖν
3137 2747 3152 2772 ,
3181 2707 3235 2760 τί
3262 2711 3661 2778 ματαιοπονεῖς,

2082 2799 2465 2871 συμϐουλεύων
2511 2799 2766 2870 γενέσθαι
2809 2799 2839 2853 δ
2878 2784 3134 2870 γενέσθαι
3177 2800 3436 2853 ἀδύνατόν
3475 2800 3670 2869 ἐστιν,

2079 2888 2194 2952 ἀλλ’
2218 2890 2300 2943 έτι
2331 2890 2435 2962 μὴν
2457 2892 2506 2943 εί
2530 2877 2745 2961 γένεσις
2771 2891 3096 2963 ὑφέστηκεν,
3122 2891 3197 2963 μὴ
3232 2890 3429 2945 σπεῦδε
3458 2890 3666 2945 πείθειν

2081 2980 2183 3052 ἐμὲ
2217 2981 2292 3053 μὴ
2323 2981 2502 3035 σέϐειν
2533 2982 2625 3035 τὸν
2649 2982 2879 3037 καὶτῶν
2918 2983 3134 3055 ἄστρων
3158 2982 3442 3054 δεσπότην,
3476 2977 3539 3039 οὗ
3571 2982 3679 3037 θέ-.

2080 3072 2263 3138 λοντος
2285 3075 2380 3128 καὶ
2409 3073 2483 3149 μὴ
2506 3075 2759 3143 γενέσθαι
2791 3092 2866 3139 τι,
2900 3074 3154 3146 γενέσθαι
3176 3074 3433 3129 ἀδύνατον
3457 3076 3522 3130 ³⁸.
3545 3074 3664 3128 Alei.

2078 3163 2188 3236 γάρ
2212 3163 2274 3218 τὺ
2299 3164 2656 3241 ὑποκείμενον
2680 3163 2758 3244 τῷ
2780 3165 3068 3244 ἡγουμένῳ
3096 3164 3377 3219 πείθεσθαι
3415 3164 3683 3237 ἀνάγκην.

2078 3254 2213 3325 ἔχει.
2248 3255 2321 3308 Τὸ
2350 3256 2535 3327 μέντοι
2571 3258 2699 3321 τοὺς
2723 3256 3113 3328 νομιζομένους
3137 3257 3293 3320 θεοὺς
3334 3257 3534 3323 σέόειν,
3568 3274 3657 3325 γε-

2077 3346 2281 3411 νέσεως
2305 3347 2727 3419 ἐπικρατούσης,
2755 3346 3007 3421 περιττόν
3030 3350 3197 3402 ἐστιν.
3216 3346 3354 3401 οὔτε
3379 3347 3489 3419 γάρ
3516 3348 3670 3419 παρὰ

2076 3439 2139 3493 τὸ
2167 3437 2360 3493 δοκοῦν
2485 3440 2824 3518 πεπρωμένῃ
2846 3458 2900 3493 τι
2929 3440 2975 3472 ⁸⁸
3006 3440 3238 3510 γίνεται,
3278 3440 3403 3494 οὔτε
3434 3440 3587 3495 αὐτοί
3607 3457 3675 3509 τι,

2078 3534 2253 3594 ποιεῖν
2286 3531 2565 3596 δύνανται,
2598 3536 2669 3611 τῇ
2696 3533 2924 3587 καθόλου
2959 3533 3139 3587 αὐτῶν
3177 3533 3527 3605 ὑποκείμενοι
3566 3551 3660 3603 γε-

2076 3622 2241 3685 νέσει.
2285 3623 2349 3676 Εἰ
2389 3623 2603 3692 γένεσις
2652 3623 2822 3689 ἔστιν,
2867 3624 3169 3685 ἀντίκειται
3214 3623 3276 3677 τδ
3323 3625 3397 3697 μὴ
3445 3624 3681 3697 πρῶτον,

2077 3713 2287 3785 ἄρχειν,
2311 3714 2344 3786 ἢ
2374 3714 2419 3746 ³³
2451 3713 2770 3778 ὑποκεῖσθαι
2801 3716 2866 3780 ού,
2896 3714 3117 3768 δύναται
3141 3714 3203 3768 τὸ
3242 3716 3507 3788 ἀγένητον
3529 3756 3544 3783 ,
3579 3717 3669 3787 ὡς.

2077 3805 2341 3878 ἀγένητον
2365 3804 2558 3869 ἑαυτοῦ
2583 3805 2950 3879 πρεσϐύτερον
2987 3806 3159 3878 μηδὲν
3181 3805 3324 3877 ἕχον.

2148 3984 2221 4045 ν.
2256 3981 2493 4038 Τοιαῦτα
2517 3979 2940 4056 πῴςνάλλήλους
2979 3980 3248 4051 λεγόντων
3282 3981 3461 4053 ἡμῶν,
3494 3982 3660 4045 πολὺς

2078 4076 2326 4150 παρέστη
2351 4074 2527 4146 ὄχλος.
2554 4076 2667 4130 Καὶ
2698 4074 2820 4128 τότε
2845 4073 2957 4144 ἐγὼ
2993 4076 3075 4137 είς
3104 4074 3197 4127 τὸν
3228 4073 3384 4144 ὄχλον
3427 4073 3658 4128 ἀποϐλέ-

2081 4186 2197 4224 πων
2220 4168 2373 4247 ἔφην·
2409 4166 2551 4236 Ἐγὼ
2572 4167 2668 4221 καὶ
2696 4164 2761 4219 τὸ
2789 4165 2922 4237 ἐμὸν
2945 4164 3110 4236 φῦλον
3136 4166 3202 4218 ἐκ
3226 4164 3506 4237 προγόνων
3527 4163 3659 4218 Θεὸν

2024 4319 2032 4327 ,
2082 4260 2259 4315 σέϐειν
2280 4258 2635 4333 παρειληφὼς
2666 4259 2760 4312 καί
2784 4255 3153 4333 παράγγελμα
3177 4256 3317 4326 ἔχων
3339 4256 3550 4325 γενέσει
3584 4255 3666 4327 μὴ

408 4351 751 4420 astrologiae
776 4351 1002 4420 inquam
1024 4349 1365 4419 disciplinae:
1394 4348 1601 4403 idcirco
1624 4347 1690 4402 ad
1715 4362 1834 4402 eam
1859 4347 1978 4402 ani-

2083 4353 2459 4427 προσανέχειν,
2493 4351 2637 4421 λέγω
2662 4350 2727 4422 δὴ
2747 4348 2827 4420 τῷ
2848 4350 2948 4429 τῆς
2972 4349 3328 4423 ἀστρολογίας
3353 4350 3655 4422 μαθήματι,

410 4461 559 4499 mum
593 4459 702 4498 non
759 4442 1019 4515 applicui.
1065 4440 1220 4497 Unde
1269 4440 1574 4511 astrologiae
1614 4438 1833 4511 quidem
1868 4454 1978 4494 non

408 4545 530 4584 sum
565 4530 816 4600 peritus:
851 4546 1086 4601 quorum
1122 4539 1306 4585 autem
1341 4530 1589 4601 peritiam
1640 4528 1815 4583 habeo
1838 4570 1854 4597 ,
1887 4528 1979 4583 illa

409 4636 703 4690 exponam.
738 4619 876 4687 Quia
908 4622 1131 4692 genesin
1164 4636 1231 4676 ex
1284 4620 1400 4690 ipsa
1446 4634 1711 4691 geneseos
1752 4620 1979 4676 scientia

408 4712 693 4771 confutare
739 4728 975 4783 nequeo,
1007 4713 1130 4767 volo
1161 4712 1267 4766 alia
1302 4713 1513 4767 ratione
1547 4713 1854 4779 ostendere,
1885 4728 1978 4783 per

411 4805 503 4860 Dei
540 4806 939 4877 providentiam
985 4820 1073 4861 res
1106 4804 1497 4872 administrari,
1531 4812 1586 4860 et
1615 4822 1979 4876 unumquem-

410 4912 521 4965 qne
549 4896 847 4951 secundum
872 4910 935 4950 ea
966 4910 1089 4965 quae
1116 4894 1302 4960 faciat,
1349 4895 1632 4965 praamium
1660 4897 1746 4951 vel
1785 4912 1979 4967 poenas

411 5004 531 5045 esse
561 4998 850 5044 nacturum
880 5007 893 5044 :
931 4988 1048 5043 sive
1070 5004 1239 5057 nunc,
1271 4988 1390 5044 sive
1420 4989 1670 5061 posthac,
1697 4990 1835 5044 nihil
1859 5006 1978 5046 mea

2079 4447 2169 4502 διὰ
2189 4445 2347 4500 τοῦτο
2386 4446 2447 4498 οὐ
2494 4444 2816 4514 προσέσχον.
2843 4441 3004 4495 Ὅθεν
3038 4441 3393 4513 ἀστρολογίας
3419 4441 3520 4512 μὲν
3559 4441 3657 4495 οὑκ

2080 4538 2195 4610 εἰμὶ
2238 4536 2528 4610 ἔμπειρος,
2574 4528 2650 4587 ὧν
2685 4533 2741 4587 δέ
2767 4533 2919 4604 εἰμι,
2967 4534 3340 4604 ὑφηγήσομαι.
3375 4531 3591 4602 Ἐπειδὴ
3610 4531 3658 4563 ³⁸

2081 4617 2294 4699 γένεσιν
2320 4627 2414 4680 ἀπ’
2448 4626 2618 4697 αὐτῆς
2655 4626 2755 4696 τῆς
2798 4623 2939 4678 κατά
2980 4625 3081 4696 τὴν
3105 4624 3318 4692 γένεσιν
3350 4624 3658 4693 ἐπιστήμης

2080 4718 2471 4781 ἀνασκευάζειν
2511 4718 2573 4770 ού
2615 4716 2660 4748 ³⁸
2708 4715 2973 4787 δύναμαι,
3017 4715 3181 4785 300
3212 4714 3474 4785 βούλομαι
3514 4712 3670 4783 ἄλλῳ.

2079 4810 2266 4882 τρόπῳ
2313 4808 2615 4873 ἀποδεῖξαι,
2658 4809 2742 4861 ὅτι
2782 4806 2924 4860 κατά
2962 4807 3223 4880 Πρόνοιαν
3262 4806 3546 4860 διοικεῖται
3587 4805 3658 4857 τὰ

2084 4902 2417 4974 πράγματα,
2449 4901 2542 4954 καὶ
2573 4898 2800 4963 ἕκαστος
2823 4938 2838 4963 ,
2886 4898 3023 4970 πρὸς
3046 4898 3083 4952 ἀ
3114 4898 3342 4971 πράττει
3364 4936 3381 4963 ,
3412 4898 3581 4970 τιμῆς
3620 4896 3668 4966 ἢ·

2087 4992 2362 5055 κολάσεως
2393 4991 2662 5059 τεύξεταιο
2690 4992 2801 5045 εἴτε
2832 4990 2891 5045 δὲ
2924 4991 2972 5024 ⁸⁸
3002 4990 3101 5046 νῦν
3131 4990 3243 5044 εἴτε
3273 4986 3460 5056 αὖθις,
3498 4988 3671 5043 οὐθέν-

1712 5173 1947 5229 νΑιίιίΕ
1986 5170 2391 5228 LECTIONES.

493 5284 691 5343 ἐἶδον
725 5287 764 5340 S
822 5285 867 5341 Ο
897 5328 913 5353 ,
963 5285 1072 5341 ἴδον
1113 5286 1179 5342 C.
1251 5287 1297 5320 ³³
1327 5284 1406 5341 ita
1454 5284 1499 5341 0
1551 5295 1605 5341 et
1644 5299 1711 5341 ex
1768 5286 2000 5347 conject.
2030 5283 2119 5347 (1η,
2152 5284 2205 5338 in
2237 5282 2351 5353 cnj.
2388 5292 2535 5338 textu
2564 5280 2794 5353 ἀξιοῦσι.
2869 5277 3156 5353 ἰμπολλοῦ
3185 5276 3247 5333 C.
3324 5276 3369 5309 "
3402 5275 3653 5353 δύνανται

408 5355 473 5416 Ο.
584 5360 629 5391 ⁸⁸
658 5359 733 5412 Ila
763 5356 809 5413 0
856 5373 906 5412 c.
955 5356 993 5411 S
1024 5398 1038 5420 ,
1089 5358 1397 5482 ἀπιστήσηξ
1425 5356 1488 5411 C.
1561 5356 1603 5388 ”
1639 5354 1873 5409 πέπονθε
1935 5354 1999 5410 0.
2076 5355 2123 5386 "
2152 5354 2310 5407 τοῦτο
2340 5354 2404 5436 C_.
2514 5354 2558 5383 ”
2601 5354 2722 5423 ἕχον
2752 5354 2815 5405 C.
2928 5354 2973 5382 '°
3008 5354 3115 5420 γάρ
3157 5354 3515 5426 βιτειοηιιιε.)

410 5432 494 5482 tit.
526 5429 616 5482 ed.
654 5429 791 5482 1658
815 5437 870 5482 et
896 5428 1056 5481 1724.
1134 5427 1177 5461 ³⁸
1229 5427 1306 5482 ita
1394 5454 1399 5459 ~
1437 5443 1488 5482 c.
1520 5423 1661 5482 ltuit.
1690 5434 1745 5480 et
1779 5441 1954 5482 mare.
1976 5425 2072 5482 Ci.
2112 5424 2331 5478 δυνατόν
2378 5440 2433 5478 Ill
2464 5431 2636 5482 textu.
2671 5420 2816 5482 quod
2847 5430 2905 5475 ut
2934 5435 3122 5475 sanam
3151 5419 3272 5472 lect.
3297 5425 3515 5482 repetivi

1394 5454 1399 5459 -
1437 5443 1488 5482 c.
1520 5423 1661 5489 ιερὰ.
1690 5434 1745 5480 et
1779 5441 1954 5493 marg.
1976 5425 2038 5480 Ci
2058 5466 2081 5493 ,ί
2112 5424 2331 5478 δυνατόν
2378 5423 2433 5478 in
2464 5412 2816 5493 textu,"quqd
2847 5412 3122 5493 ut_sa_natn
3151 5412 3272 5493 lect.
3297 5415 3544 5493 repetivit
3564 5412 3649 5493 S_,

410 5414 494 5485 et.
526 5429 616 5485 ed.
654 5429 791 5484 1658
815 5414 1056 5482 eum.
1134 5427 1177 5461 ιι
1229 5414 1348 5482 na"

2076 5346 2123 5386 ιε
2152 5346 2404 5410 τοῦτδο,
2514 5353 2558 5383 ὀ
2601 5346 2722 5423 ἕχον
2752 5351 2815 5423 C_.
2928 5349 2973 5382 ³⁸
3008 5350 3115 5420 γάρ
3151 5347 3482 5423 ρηιοηιιίε.
3503 5346 3550 5423 _S
3566 5360 3648 5423 _c.

411 5483 707 5568 duin'modo
767 5494 830 5555 οὗ
881 5496 1129 5563 θέλοντος
1180 5498 1388 5568 referas
1418 5497 1486 5553 ad
1525 5483 1646 5568 ἐμέ.
1694 5496 1765 5568 __"
1790 5512 1845 5568 τι
2059 5483 2235 5568 Epit,
2259 5495 2436 5568 deest
2466 5483 2859 5568 inute’xtu;_Ci._
2909 5484 3021 5568 "ﬁ
3061 5489 3200 5568 etab
3232 5483 3665 5568 dyévn-rov_cod.,

416 5564 547 5639 iieg.
586 5567 711 5636 804,
739 5570 1011 5625 desuutin
1046 5557 1278 5639 utroque
1312 5557 1614 5639 "omenti.
1692 5565 1736 5639 ff
1782 5565 1969 5639 ἐπειδὴ
2006 5557 2123 5639 γᾴρ
2349 5562 2479 5639 R_eg.
2517 5562 2641 5639 80d.
2688 5560 2761 5639 _"
2807 5559 2868 5639 οὐ
2921 5559 3045 5639 add.
3092 5557 3135 5610 Ι)
3183 5574 3260 5639 ἐκ
3309 5557 3542 5639 conject.
3597 5571 3647 5639 ς.

415 5624 710 5695 nonnullis
740 5624 1006 5708 Epitomes
1044 5624 1345 5693 codicibus.
1363 5636 1537 5708 Verba
1567 5635 1755 5708 ἐπειδὴ
1795 5624 2125 5708 γένεσὶνάἑέ
2151 5635 2318 5708 αύτῆς
2345 5624 2456 5704 τῆξ
2480 5631 2621 5686 κατά
2653 5630 2755 5705 τῆν
2774 5629 2985 5699 γένεσιν
3011 5629 3317 5699 ἐπιστήμης
3348 5624 3648 5688 ἀνασκευά‹

412 5709 529 5776 ζειν
562 5709 623 5771 ού
655 5704 887 5781 δύναμαι
935 5709 1315 5764 desiderantur
1343 5708 1397 5761 in
1443 5704 1509 5761 0.
1585 5708 1629 5739 “
1652 5706 1707 5762 δέ
1742 5704 2058 5778 transcripsi
2102 5722 2166 5761 ex
2193 5704 2259 5761 0.
