2041 3080
226 123 279 154 569

793 129 1061 164 CLEMENTINA.—
1075 131 1216 165 HOMILIA
1229 132 1297 161 XIV.

1795 136 1850 164 350

228 189 274 231 μοι
294 179 429 217 διαφέρει,
453 182 522 218 πλὴν
543 183 583 210 ὅτι
602 184 712 217 πάντως
733 186 882 220 ἀπολαύσει
903 188 1002 221 ἕκαστο

1053 214 1055 218 ,
1070 189 1201 217 interest:
1229 191 1280 218 nisi
1304 193 1377 226 quod
1395 193 1507 221 omnino
1526 195 1716 231 unusquisque
1731 194 1850 223 fructum

224 222 264 252 ὧν
281 225 409 262 ἔπραξεν.
429 229 460 255 'H
480 229 508 257 δὲ
525 230 661 264 ἀπόδειξις
683 232 730 259 τοῦ
748 233 785 269 μὴ
808 232 877 261 εἶναι
898 235 1013 268 γένεσιν,

225 272 299 298 ἐστιν
312 272 391 308 αὕτη.
407 274 467 300 Τῶν
483 276 665 311 παρεστώτων
677 278 704 304 εἴ
722 287 764 311 τις
780 279 926 316 ὀφθαλμῶν
937 282 1014 308 ἐστέ-

227 326 325 353 ρηται,
345 319 361 354 ἢ
385 319 484 352 κυλλὴν
511 321 568 358 ἔχει
586 323 607 338 ³⁷
623 324 672 359 τὴν
695 326 792 360 χεῖρα,
823 326 839 360 ἢ
861 326 946 361 χωλὸν
967 327 1014 359 τὸν

306 385 313 397 ,
327 365 343 401 ἢ
361 365 455 402 ἕτερον
475 376 501 397 τι
518 369 580 404 περὶ
597 369 675 405 σῶμα
686 391 693 402 ,
710 371 724 397 ὃ
749 372 921 408 ὑποστροφὴν
946 375 1014 410 πρὸς

225 408 296 436 ἴασιν
311 409 391 436 πάλιν
410 412 460 441 οὐκ
481 413 547 448 ἔχει,
569 415 616 441 καὶ
634 416 733 448 παντὸς
749 418 869 453 ίατρικοῦ
888 419 909 434 ³⁸
925 408 1012 454 ἐπαγ-

222 454 358 490 γέλματος
383 457 461 489 ἐκτός
484 459 578 492 ἐστιν,
598 461 627 488 ὃν
650 462 710 488 οὐδὲ
738 463 895 499 ἀστρολόγοι
923 466 1011 495 ἰᾶσθαι

222 500 445 534 ἐπαγγέλλονται,
460 503 500 529 ὃτι
515 504 551 539 μὴ
564 505 617 532 ἀπὸ
633 506 679 532 τοῦ
695 508 799 544 μακροῦ
817 509 914 542 αἰῶνος
925 511 1012 538 τοιοῦ-

221 545 267 571 τόν
327 547 452 581 γέγονεν·
467 549 522 583 ἐγὼ
533 550 561 576 δὲ
574 551 640 579 Θεοῦ
653 552 760 588 δεηθεὶς
775 555 823 591 τὴν
838 557 909 586 ῐασιν
923 558 1011 593 παρά-

222 598 279 625 σκω
290 591 321 623 ’ἰ
339 593 419 619 ὁπότε
437 595 469 621 ἐκ
486 596 619 629 γενέσεως
639 599 808 635 κατόρθωσιν
828 602 858 628 τὸ
871 603 975 630 τοιοῦτο
988 605 1010 620 ³⁰

220 636 348 663 οὐδέποτε
368 638 459 665 λαϐεῖν
483 641 611 678 ἠδυνήθη·
634 644 730 672 τούτου
752 646 838 678 οὕτως
865 650 1009 684 γενομένου

220 682 268 729 ουχ
280 683 483 720 ἁμαρτάνουσιν
496 687 520 713 οί
533 688 578 714 τὸν
593 690 680 716 πάντα
693 691 724 727 δη
729 682 935 729 μιουργήσανταη
943 695 1009 722 Θεὸν

220 728 525 777 βλασφημοῦντες;Καὶ
550 735 564 761 ὁ
586 736 674 771 γέρων
689 738 866 774 ἀπεκρίνατο·
884 740 1009 777 Βλασφη-

220 777 283 821 μεῖν
291 776 345 812 γάρ
356 778 414 804 ἐστι
424 779 454 805 τὸ
464 779 553 814 λέγειν
564 781 669 814 γενέσει
683 783 840 813 ὑποκεῖσθαι
852 785 886 812 τὰ
900 776 1007 821 πάνταξ

219 820 296 855 κάγὼ
308 822 514 860 ἀπεκρινάμην·
534 826 588 853 Καὶ
606 827 686 853 πάνυ.
702 829 733 854 Εἰ
744 829 798 865 γὰρ
814 831 898 857 πᾶσαι
912 832 939 858 αἱ
951 831 1006 858 τῶν

1067 243 1162 263 eorum
1174 244 1234 270 quae
1248 237 1363 271 gesserit
1379 238 1519 272 percipiet.
1533 239 1736 270 Demonstratio
1749 245 1849 274 autem,

1066 288 1120 307 non
1137 288 1197 309 esse
1225 283 1337 317 genesin
1349 302 1358 315 ,
1375 283 1434 310 hrec
1449 288 1499 318 est.
1518 284 1557 311 Ex
1578 286 1732 315 astantibus
1749 287 1772 315 si
1787 287 1850 322 quis
1864 278 1868 283 ’

1065 327 1154 354 oculis
1165 327 1201 354 sit
1215 328 1340 361 orbatus,
1355 333 1402 355 aut
1419 329 1544 364 mutilam
1561 330 1657 363 habeat
1671 339 1794 364 manum,
1808 331 1850 358 vel

1064 373 1160 408 pedem
1177 373 1317 406 claudum,
1332 374 1375 400 vel
1387 373 1414 401 in
1430 382 1545 415 corpore
1556 367 1657 411 aliquid
1676 377 1760 410 aliud,
1775 378 1848 412 quod

1063 421 1090 444 et
1108 416 1196 444 redire
1215 418 1248 444 ad
1267 418 1451 453 integritatem
1478 426 1532 452 non
1551 419 1647 450 valeat,
1666 424 1694 452 et
1715 421 1750 448 sit
1765 428 1848 455 supra

1063 470 1172 490 omnem
1189 463 1322 499 magicam
1340 469 1426 491 artem
1446 473 1452 491 :
1473 470 1553 499 quem
1569 472 1657 500 neque
1672 466 1801 505 astrologi
1818 473 1848 493 se

1062 510 1244 543 proﬁteantur
1271 515 1430 544 sanaturosI
1446 511 1576 546 quoniam
1593 512 1627 539 ab
1650 512 1723 546 omni
1745 513 1847 540 saeculo

1062 553 1130 581 nihil
1147 555 1199 581 tale
1223 555 1358 590 contigit:
1375 563 1425 590 ego
1435 563 1500 583 vero
1526 555 1612 583 Deum
1631 561 1758 592 precatus
1772 558 1846 585 sani-

1062 603 1144 626 tatem
1160 600 1303 634 przebucro
1317 620 1324 632 ,
1339 601 1561 635 quandoquidem
1577 601 1603 629 id
1620 602 1777 636 nullatenus
1794 610 1845 638 po-

1061 645 1112 672 tuit
1126 653 1173 680 per
1187 646 1298 680 genesin
1312 646 1412 681 corrigi
1425 655 1432 673 :
1445 647 1495 674 hoc
1511 647 1546 679 ita
1562 647 1643 680 facto,
1655 656 1746 675 nonne
1754 654 1846 679 errant

1060 692 1105 726 qui
1123 691 1149 718 in
1165 696 1326 719 cunctorum
1339 693 1463 728 opiﬁcem
1480 693 1563 720 Deum
1576 694 1718 721 maledicta
1730 699 1760 728 et.
1771 694 1845 726 blas-

1059 736 1182 770 phemias
1203 737 1375 773 conjiciunt?
1392 738 1542 773 Respondit
1558 747 1638 767 senex
1652 749 1659 766 :
1683 739 1803 774 Scilicet,
1817 741 1844 768 id

1058 787 1100 809 est
1116 783 1260 810 maledicta
1275 784 1409 816 conferre,
1421 785 1512 812 dicere
1526 786 1657 820 genitura:
1673 787 1770 821 subjici
1784 787 1844 820 uni-

1058 829 1158 855 versa?
1176 828 1275 864 Excepi
1288 838 1338 865 ego
1354 840 1360 857 :
1372 829 1490 858 Omnino
1503 837 1554 859 est.
1564 831 1632 859 Nam
1648 833 1670 860 si
1685 840 1779 864 omnes
1793 833 1844 866 hq-

218 866 368 902 ὰνθρὼπων
391 869 523 906 ἁμαρτίαι
546 872 592 898 καὶ
609 873 730 900 assem:
747 875 793 901 καὶ
818 876 957 911 ἀσέλγειαι
979 878 1002 911 ἐξ

1060 875 1164 902 minum
1192 884 1300 904 errores
1328 881 1354 904 et
1380 877 1533 912 impietates
1559 883 1586 906 et
1610 879 1784 914 impudicitia:
1809 887 1841 906 ex

218 912 339 949 ἀστέρων
364 915 497 949 γίνονται,
515 918 540 943 οὶ
560 917 587 944 δὲ
610 919 722 955 ἀστέρες
742 922 828 948 ταίτα
851 925 937 950 ποιεῖν
953 924 1005 951 ὑπὸ

217 958 284 984 θεοῦ
308 959 459 996 ἐτάγησαν,
474 962 516 989 ἵνα
535 962 642 990 πάντων
659 965 782 1000 χαλεπῶν
803 967 1005 996 ἀποτελεστικὰ

217 1005 357 1044 γένωνται,
369 1007 397 1033 αἱ
411 1008 519 1035 πάντων
531 1010 664 1048 ἀμαρτιαι
675 1012 714 1042 εἰς
726 1012 805 1039 αὐτὸν
815 1014 1003 1050 ἀναφέρονται,

216 1050 262 1077 τὸν
274 1051 323 1087 τὴν
336 1053 442 1087 γένεσιν
460 1054 539 1081 θέντα
551 1056 580 1082 ἐν
595 1058 651 1088 τοῖς
667 1058 787 1093 ἄστροις.

251 1096 296 1124 Vl.
316 1098 372 1124 Καὶ
384 1099 398 1125 ὁ
410 1099 498 1135 γέρων
516 1101 695 1137 ἀπεκρίνατο·
715 1103 833 1139 Ἀληθῶς
846 1105 971 1140 μεγάλως
981 1107 1003 1122 ⁸¹

215 1143 293 1179 ἔφης,
307 1145 374 1173 ἀλλά
387 1147 462 1183 πάσῃ
477 1156 522 1174 σου
536 1148 614 1184 301
628 1151 661 1185 τῇ
674 1150 857 1187 ἀπαραόλήτῳ
870 1153 1003 1186 ἀποδείξει

215 1192 232 1226 ὴ
253 1192 306 1227 ἐμὴ
323 1193 463 1227 ἐμποδίζει
490 1195 652 1230 συνείδησις.
672 1196 742 1230 Ἐγὼ
767 1197 820 1233 γὰρ
842 1198 1004 1234 ἀστρολόγος

214 1237 252 1263 ὢν
265 1238 311 1265 καὶ
325 1238 433 1274 Ῥώμην
445 1239 551 1275 πρῶτον
564 1241 685 1276 οἰκήσας,
699 1239 757 1268 εἶτα
767 1243 788 1257 δ’
803 1243 939 1277 φιλιωθείς
950 1254 1003 1272 τινι

215 1285 285 1321 πρὸς
294 1285 387 1324 γένους
397 1286 454 1313 ὅντι
466 1288 614 1324 Καίσαρος,
629 1289 711 1316 αὑτοῦ
725 1299 754 1316 τε
769 1291 815 1317 καὶ
827 1292 875 1328 τῆς
890 1294 1002 1328 ωμόἱου

214 1333 264 1368 τὴν
280 1332 384 1367 γένεσιν
406 1333 527 1368 ἀκριϐῶς
540 1334 562 1350 ⁸³
587 1335 763 1372 ἠπιστάμην,
785 1337 832 1364 καὶ
859 1339 1003 1376 ἱστορήσας

213 1379 369 1411 ἀκολούθως
390 1379 440 1412 τὰς
464 1380 578 1416 πράξεις
599 1381 825 1415 ἁποτελεσθείσας
853 1385 942 1413 αὐτῶν
968 1388 1001 1423 τῇ

213 1425 319 1459 γενέσει
334 1426 407 1461 ἔργῳ
417 1427 450 1458 ⁸³,
465 1427 506 1453 σοὶ
527 1427 598 1462 λόγῳ
611 1428 750 1456 πείθεσθαι
768 1429 798 1455 οὐ
811 1429 937 1466 δύναμαι.
949 1430 1002 1460 Ἦν

213 1470 266 1506 γὰρ
278 1471 327 1506 τῆς
340 1471 472 1504 γενέσεως
483 1472 567 1507 αὐτῆς
578 1472 609 1498 τὸ
619 1472 744 1508 διάθεμα,
756 1474 848 1501 ποιοῦν
861 1477 1000 1512 μοιχάδας,

215 1516 286 1549 ἰδίων
302 1516 402 1543 δούλων
422 1516 543 1552 ὲρώσας,
561 1518 608 1544 καὶ
626 1518 670 1544 ἐπὶ
690 1518 769 1554 ξένης
790 1520 819 1546 ὲν
841 1521 919 1549 ὕδασι
937 1522 1000 1558 θνη-

214 1562 340 1594 σκούσας.
351 1563 383 1589 '0
395 1562 442 1589 καὶ
454 1562 540 1594 οὕτως
550 1564 572 1580 ⁸⁸
585 1563 705 1598 γέγονεν.
719 1565 879 1602 Ἑρασθεῐσα
886 1568 939 1604 γὰρ
951 1569 997 1595 τοῦ

214 1609 279 1636 ἰδίου
295 1609 398 1641 δούλου,
416 1609 463 1636 καὶ
476 1610 646 1646 μὴιφέρουσα
656 1611 701 1637 τὸν
713 1612 804 1647 ψόγον,
817 1614 938 1648 φυγοῦσα
952 1616 999 1643 σὺν

212 1657 300 1693 αὐτῷ,
318 1658 348 1685 ἐν
363 1657 500 1693 ἀλλοδαπῇ
523 1659 668 1694 ὁρμήσασα
681 1661 728 1689 καὶ
744 1661 836 1697 κοίτης
852 1662 925 1699 αὐτῷ
942 1672 999 1690 κοι-

211 1705 364 1739 νωνήσασα,
379 1703 449 1731 κατά
462 1704 598 1732 Θάλασσαν
608 1705 630 1721 ⁸⁶
646 1706 787 1742 διεφθάρη.

250 1749 305 1778 νιι.
322 1749 408 1784 Κάγὼ
430 1750 630 1786 ἀπεκρινάμην·
655 1752 709 1779 Καὶ
729 1753 788 1785 πῶς
807 1753 860 1789 ἀρα
870 1754 892 1771 ’⁸⁷
916 1755 997 1789 γινώ-

213 1805 287 1828 σκεις
302 1796 342 1822 ὅτι
359 1797 376 1832 ἡ
392 1795 513 1830 φυγοῦσα
533 1797 561 1822 ἐν
577 1796 712 1832 ἀλλοδαπῇ
731 1799 863 1834 γενομένη
878 1799 922 1826 τὸν
938 1800 998 1826 δοῦ-

212 1840 256 1868 λον
269 1840 381 1875 ἔγημεν,
400 1841 446 1867 καὶ
461 1841 574 1876 γήμασα
595 1841 617 1857 ⁸⁸
639 1842 832 1878 ἑτελεύτησενς
851 1845 905 1871 Καὶ
921 1846 934 1871 ὁ
949 1845 995 1879 γέ-

214 1895 276 1922 ρων·
296 1886 434 1921 ’Δσφαλῶς
448 1884 506 1913 οἶδα
521 1887 633 1922 τάληθῆ,
651 1887 699 1923 οὺχ
720 1889 760 1916 ὅτι
781 1888 892 1925 ἔγημεν,
916 1891 995 1918 ὁπότε

211 1933 266 1960 οὐδ’
277 1933 318 1960 ὅτι
333 1934 386 1969 ἦρα
402 1933 559 1967 ἐγίνωσκον,
576 1933 643 1960 ἀλλὰ
657 1934 725 1969 μετὰ
749 1935 798 1971 τὴν
814 1935 899 1971 αὐτῆς
913 1937 997 1964 ἀπαλ-

210 1979 297 2015 λαγὴν
312 1979 359 2006 καὶ
367 1979 389 1995 δ’
399 1979 512 2013 ἀδελφὸς
526 1980 540 2006 ὁ
556 1979 603 2006 τοῦ
621 1980 715 2016 ἀνδρὸς
731 1980 814 2016 αὐτῆς
825 1981 885 2016 ἐμοὶ
901 1982 995 2018 διηγή-

212 2034 277 2053 σατο
292 2026 378 2053 πάντα
400 2027 434 2053 τά
457 2026 527 2054 κατὰ
549 2027 594 2054 τὸν
622 2028 707 2062 αὐτῆς
730 2028 833 2064 ἔρωτα,
858 2031 937 2057 xa‘t"
958 2032 996 2064 ὡς

211 2074 309 2110 σεμνὸς
324 2073 372 2106 ὢν,
389 2074 436 2100 ἆτε
453 2074 484 2109 δὴ
502 2074 574 2100 xa‘l“
587 2073 710 2108 ἀδελφὸς,
721 2075 771 2101 οὐκ
787 2075 919 2112 ἐϐουλήθη
935 2078 995 2112 μιᾶ-

210 2128 255 2148 ναι
269 2120 319 2155 τὴν
339 2119 443 2155 κοίτην,
454 2119 501 2146 καὶ
516 2119 575 2150 πῶς
584 2119 730 2154 βουλομένη
740 2120 786 2146 καὶ
793 2121 937 2157 αἰδουμένη
945 2122 994 2148 αὑ-

209 2166 254 2192 τδν
260 2165 358 2192 καὶτὸν
367 2165 472 2200 ψόγονὴ
482 2165 593 2191 τάλαινα
601 2164 660 2200 (οὐκ
666 2165 722 2191 ἐστι
728 2165 782 2201 γὰρ
792 2166 876 2202 αὐτὴν
885 2168 993 2203 μέμψα-

1055 921 1142 949 stellis
1157 922 1294 956 oriuntur,
1313 923 1396 951 stellae
1415 929 1505 952 autem
1522 925 1555 952 ad
1570 933 1601 953 ea
1620 924 1742 953 facienda
1758 934 1775 955 a
1786 925 1842 952 Deo

1055 967 1211 999 constitutae
1237 973 1312 1001 sunt,
1331 977 1387 1004 quo
1412 976 1574 1002 cunctorum
1600 971 1764 1007 flagitiorum
1786 971 1842 999 sint

1054 1012 1214 1046 effectrices,
1231 1015 1353 1046 omnium
1368 1020 1478 1049 peccata
1491 1016 1524 1043 ad
1537 1023 1600 1043 eum
1616 1016 1780 1050 referuntur,
1792 1016 1839 1052 qui

1054 1058 1082 1085 in
1099 1058 1182 1085 astris
1199 1061 1321 1093 posuerit
1336 1061 1459 1095 genesin.

1090 1104 1134 1132 Vi.
1157 1104 1189 1132 Et
1204 1113 1287 1133 senex
1307 1106 1448 1141 respondit
1462 1114 1469 1133 :
1486 1106 1640 1134 Admodum
1654 1115 1717 1134 vere
1732 1107 1841 1136 locutus

1054 1155 1101 1182 es;
1129 1149 1175 1176 sed
1193 1150 1266 1176 omni
1283 1156 1336 1177 tua:
1365 1151 1573 1185 incomparabili
1597 1152 1752 1187 probationi
1778 1161 1839 1181 mea

1054 1193 1144 1221 obstat
1160 1195 1340 1222 conscientia.
1354 1194 1410 1231 Ego
1424 1196 1514 1229 enim,
1531 1197 1577 1231 qui
1596 1197 1750 1233 astrologus
1764 1205 1837 1231 sum,

1053 1244 1080 1267 et
1098 1239 1190 1267 Romae
1204 1241 1322 1276 primum
1348 1241 1487 1275 habitavi,
1503 1242 1609 1269 amicus
1634 1247 1728 1277 postea
1751 1242 1839 1270 factus

1053 1287 1196 1321 cujusdam
1215 1287 1262 1322 qui
1279 1292 1338 1314 erat
1357 1296 1390 1315 ex
1408 1296 1506 1323 genere
1536 1287 1652 1316 Caesaris
1664 1308 1672 1320 ,
1688 1289 1739 1315 viri
1765 1289 1838 1320 illius

1054 1333 1204 1368 uxorisqne
1228 1333 1287 1367 ejus
1301 1333 1454 1368 genituram
1478 1338 1606 1360 accurate
1623 1339 1715 1360 notam
1733 1333 1837 1366 habui;

1053 1385 1171 1412 cumque
1190 1378 1302 1405 viderim
1323 1386 1376 1411 res,
1393 1383 1473 1413 prout
1489 1378 1592 1406 ferebat
1607 1386 1701 1406 eorum
1719 1379 1837 1414 genesis.

1053 1431 1147 1451 revera
1165 1424 1299 1458 evenisse,
1316 1432 1441 1451 sermone
1459 1433 1474 1451 a
1498 1429 1525 1452 te
1546 1433 1652 1459 nequeo
1666 1425 1837 1460 persuaderi.

1053 1468 1174 1496 Habebat
1191 1470 1264 1496 enim
1291 1470 1390 1498 mulier
1407 1470 1488 1497 talem
1505 1471 1739 1498 constellationem
1751 1491 1759 1504 ,
1776 1479 1838 1506 quze

1052 1516 1191 1544 adulteras
1207 1516 1283 1549 facit,
1298 1522 1326 1544 et
1342 1525 1438 1545 servos
1455 1518 1580 1553 proprios
1596 1526 1697 1550 amare,
1713 1519 1739 1546 in
1760 1527 1836 1554 pere-

1051 1562 1206 1596 grinatione
1222 1567 1249 1590 et
1264 1563 1291 1590 in
1308 1563 1386 1598 aquis
1404 1563 1513 1599 defungi
1529 1573 1534 1591 :
1553 1564 1625 1599 quod
1642 1569 1669 1591 et
1685 1565 1721 1592 ita
1735 1565 1838 1597 factum

1050 1613 1100 1635 est.
1115 1608 1211 1636 Incidit
1224 1616 1342 1643 namque
1360 1609 1387 1635 in
1405 1617 1526 1636 amorem
1539 1610 1610 1637 servi
1625 1610 1678 1643 sui,
1695 1615 1721 1638 et
1735 1620 1837 1646 oppro-

1050 1655 1139 1683 brium
1158 1662 1211 1682 non
1227 1654 1318 1683 ferens
1332 1654 1401 1690 fugit
1416 1663 1478 1682 cum
1506 1656 1579 1690 ipso;
1600 1663 1631 1682 ac
1647 1664 1758 1692 peregre
1772 1665 1836 1692 pro-

1050 1701 1132 1735 fecta,
1148 1702 1242 1736 illique
1257 1701 1413 1734 commista,
1431 1702 1511 1736 periit
1528 1702 1554 1728 in
1574 1701 1653 1728 mari.

1085 1747 1139 1774 Vll.
1165 1748 1197 1774 Et
1213 1755 1263 1783 ego
1279 1747 1405 1781 respondi
1426 1756 1432 1773 :
1459 1746 1534 1774 Unde
1561 1747 1644 1782 igitur
1667 1747 1733 1780 scis,
1759 1748 1833 1783 quod

1048 1794 1092 1821 illa
1111 1793 1228 1829 fugiens,
1249 1793 1276 1822 in
1294 1793 1383 1820 alieno
1403 1792 1461 1819 solo
1475 1793 1575 1827 posita,
1600 1799 1679 1821 servo
1698 1789 1832 1828 dipserit,

1046 1845 1074 1868 et
1085 1845 1146 1876 post
1162 1840 1271 1875 nuptias
1293 1838 1375 1867 fuerit
1392 1838 1539 1866 defuncta?
1557 1838 1590 1866 Et
1605 1846 1688 1866 senex
1705 1848 1714 1867 :
1728 1839 1833 1867 Certis-

1046 1888 1125 1920 simc,
1142 1887 1240 1921 inquit,
1253 1886 1321 1918 scio,
1333 1893 1427 1913 revera
1443 1893 1497 1912 non
1515 1885 1587 1920 quod
1605 1885 1729 1919 nupserit
1741 1893 1833 1919 servo,

1046 1932 1267 1968 quandoquidem
1297 1939 1385 1966 neque
1411 1932 1483 1967 quod
1497 1939 1559 1959 eum
1583 1935 1697 1964 amaret,
1716 1939 1834 1966 agnove-

1046 1987 1104 2008 ram
1124 1989 1130 2007 :
1148 1979 1194 2007 sed
1214 1984 1357 2015 postquam
1371 1979 1491 2014 profecta
1507 1983 1558 2011 est,
1581 1978 1662 2005 etiam
1684 1978 1767 2005 frater
1780 1977 1832 2005 viri

1045 2025 1106 2059 ejus
1120 2024 1187 2051 mihi
1216 2024 1353 2051 enarravit
1377 2032 1486 2051 omnem
1512 2024 1585 2051 illius
1600 2031 1738 2058 amorem;
1760 2024 1833 2059 quod

1046 2071 1113 2106 ipse,
1134 2070 1181 2105 qui
1197 2070 1327 2097 honeslus
1343 2074 1411 2102 erat,
1432 2075 1524 2104 utpole
1544 2069 1637 2101 frater,
1661 2070 1779 2097 noluerit
1791 2075 1834 2097 to-

1046 2125 1105 2146 rum
1121 2117 1269 2148 maculare,
1287 2121 1314 2143 et
1336 2123 1390 2150 quo
1406 2116 1487 2144 modo
1503 2115 1607 2149 volens,
1626 2123 1657 2142 ac
1679 2116 1767 2150 ipsum
1790 2121 1832 2143 at-

1045 2171 1098 2198 que
1108 2162 1282 2197 opprobrium
1298 2161 1382 2189 verita
1399 2161 1442 2187 illa
1458 2160 1551 2187 infelix
1575 2160 1674 2195 (neque
1689 2161 1760 2188 enim
1779 2161 1833 2187 im-

211 2211 282 2243 σθαι,
297 2211 338 2237 ὅτι
352 2212 384 2237 ὲκ
399 2211 531 2245 γενέσεως
543 2210 628 2237 ταῦτα
645 2213 730 2237 ποιεῖν
745 2213 803 2237 τευ
822 2213 867 2239 καὶ
881 2213 995 2248 πάσχειν

1053 2209 1197 2243 putandum
1223 2208 1247 2234 ei
1267 2211 1320 2238 est.
1341 2207 1404 2242 quia
1426 2215 1484 2235 cam
1501 2207 1608 2240 genesis
1625 2206 1715 2233 facere
1738 2206 1782 2233 illa
1805 2211 1832 2234 et

209 2257 376 2291 ἠναγκάζετο
383 2256 416 2291 ⁸³)
427 2256 529 2291 ὄνειρον
541 2256 594 2282 εἴτε
607 2256 691 2292 ἀληθῆ
703 2257 755 2283 εἴτε
763 2257 847 2293 ψευδῆ
861 2259 997 2287 ἐπλάσατο

209 2302 258 2329 οὐκ
273 2302 329 2338 ἔχω
348 2303 446 2337 λέγειν.
468 2302 564 2336 Ἔλεγε
580 2302 634 2338 γὰρ
651 2303 733 2338 αὐτὴν
749 2304 829 2338 302
846 2305 994 2340 είρηκέναι·

215 2346 258 2378 Ὦς
271 2347 350 2373 ὅτιὲν
357 2347 476 2383 ὁράματι
488 2347 601 2378 ἐπιστάς
617 2356 659 2378 τις
674 2348 798 2375 ἐκέλευσέ
817 2358 861 2384 μοι
878 2350 935 2385 ἅμα
950 2351 994 2377 τέ-

209 2400 283 2424 κνοις
301 2392 417 2427 ἐξαυτῆς
432 2393 482 2427 τὴν
507 2393 648 2427 Ῥωμαίων
672 2393 784 2428 ἐκϐῆναι
807 2395 893 2422 πόλιν.
918 2396 945 2422 '0
966 2396 994 2423 δὲ

209 2437 278 2474 ἀνὴρ
293 2437 425 2470 σώζεσθαι
435 2438 520 2474 αὐτὴν
536 2438 584 2465 σὺν
599 2439 655 2470 τοῖς
673 2439 740 2471 υἱοῖς
756 2440 877 2467 σπεύδων
894 2441 993 2468 αὐτίκα

209 2483 307 2515 αὐτοὺς
323 2483 612 2519 παιδευθησομένους¹⁸
623 2485 719 2516 εἰςτὰς
733 2485 847 2520 Ἀθήνας
857 2485 993 2522 ἐξέπεμψε

210 2529 258 2555 σὺν
273 2531 305 2565 τῇ
324 2529 407 2565 μητρὶ
427 2529 473 2556 καὶ
496 2529 610 2562 δούλοις,
629 2529 719 2565 τρίτον
735 2530 762 2556 δὲ
787 2531 917 2567 νεώτερον
938 2532 993 2559 υἱὸν

1048 2254 1155 2289 perpeti
1177 2253 1319 2288 compulit)
1343 2252 1452 2279 tinxerit
1475 2252 1624 2284 somnium,
1648 2260 1777 2279 verumne
1795 2260 1831 2279 an

1046 2300 1157 2330 falsum,
1175 2307 1227 2325 non
1244 2299 1332 2325 habeo
1350 2298 1449 2325 dicere.
1472 2298 1568 2325 Aiebat
1585 2297 1718 2332 siquidem
1743 2297 1829 2331 ipsam

1046 2345 1149 2372 dixisse
1166 2353 1173 2371 :
1192 2344 1283 2371 Astitit
1300 2344 1364 2370 mihi
1381 2343 1491 2378 quidam
1507 2351 1554 2377 per
1568 2343 1668 2374 visum,
1683 2343 1729 2378 qui
1748 2343 1831 2377 jussit

1047 2398 1090 2417 Ine
1104 2398 1165 2417 cum
1178 2389 1268 2416 liberis
1281 2389 1340 2416 sine
1354 2396 1428 2415 mora
1443 2389 1510 2416 urbe
1527 2388 1613 2415 Roma
1628 2389 1730 2423 egredi.
1743 2388 1778 2415 At
1789 2389 1831 2416 vir

1046 2443 1095 2471 pro
1111 2435 1198 2463 salute
1211 2435 1270 2469 ejus
1285 2435 1459 2468 ﬁliorumque
1474 2434 1607 2462 sollicitus
1624 2434 1766 2462 confestim
1781 2442 1829 2462 eos

1045 2482 1207 2509 erudiendos
1235 2481 1355 2508 Athenas
1382 2480 1457 2507 misit
1484 2487 1546 2507 cum
1568 2485 1653 2507 matre
1672 2485 1699 2508 et
1717 2481 1827 2510 servis:

1045 2528 1148 2555 habens
1173 2527 1362 2554 vero'tertium
1387 2526 1483 2559 ﬁlium,
1509 2525 1556 2560 qui
1577 2531 1636 2553 crat
1659 2527 1760 2559 iunior,
1776 2527 1827 2554 sibi

871 2596 988 2624 VARI/li
1006 2596 1204 2624 LECTIONES.

243 2641 266 2661 ³⁷
277 2640 543 2692 ⁸²ε5ε²⁴¹⁶¹ὲ¹³ἓ.Ενίέ·
555 2645 582 2692 ει
595 2640 665 2692 ἱθίέι
673 2640 982 2692 κθὲλ..³ξ⁰⁴ξ¹“είξ.ς.ῗὲξ
996 2642 1166 2692 illi"???
1183 2642 1233 2692 ἶέτν
1252 2641 1444 2692 ὂεῖἒῗί.ξὶί2ῗ·η
1456 2640 1478 2657 ³⁸
1498 2639 1827 2692 ίὲτῆξεὲιμζᾛεῖῗέίέ

208 2675 229 2701 C
243 2696 251 2708 ,
269 2675 380 2710 παρέξω
410 2675 500 2711 Epit.,
518 2676 687 2738 παρασδήσω
710 2675 783 2717 conj.
812 2676 841 2703 S.
862 2676 985 2721 Subinde
1008 2675 1088 2704 ὁτύότε
1102 2677 1116 2704 6
1129 2675 1161 2704 ὲίι
1173 2675 1215 2719 .οζ

208 2719 234 2738 c.
261 2710 294 2738 0.
344 2711 368 2727 δ’
394 2709 454 2738 εἶτα
470 2711 532 2738 add.
559 2719 585 2738 c.
638 2730 646 2738 .
678 2711 798 2738 Subinde
819 2711 949 2738 ωιλωθειε
965 2712 996 2738 (ι-
1049 2712 1072 2728 δ’
1085 2712 1207 2738 ἀκοιϐωε

344 2711 368 2727 δ’
394 2709 454 2738 εἶτα
470 2711 532 2738 add.
559 2709 585 2738 ἐξ.
612 2709 646 2738 0.
678 2709 798 2739 Subinde
819 2711 949 2746 φιλωθεις
965 2712 996 2739 C.

208 2719 234 2738 ιε.
261 2710 294 2738 0.

310 2745 370 2788 ,τὰς
394 2730 948 2788 2522;;iuésﬁkoqgiiiﬁ'yqi‘ci'?
956 2730 1028 2788 οἱξεω
1044 2730 1123 2788 ρ.“’ξ

207 2782 404 2824 ξρινωπςῄσασα)
464 2781 608 2824 ’θάλασσαν
679 2781 709 2824 ,⁵⁷
725 2781 787 2824 πῶς
799 2781 827 2817 pi
844 2783 892 2823 καὶ
907 2782 965 2813 πῶς
982 2782 1000 2809 ἄ

206 2816 229 2857 ς)
245 2824 271 2843 c.
291 2815 409 2857 ⁵⁵6,
421 2817 452 2844 Ο.
464 2816 534 2845 Tum
552 2816 641 2854 recepi
656 2817 706 2853 ¹ιῑήν
719 2824 753 2845 ex
766 2815 807 2857 0,(
827 2817 942 2855 (ιυὶιεετ.
963 2815 1064 2846 ιιιάναι.
1103 2817 1125 2833 ⁸¹
1139 2815 1170 2847 τε
1187 2815 1248 2846 add.
1261 2826 1286 2845 c.
1301 2817 1333 2846 Ο.

207 2845 358 2888 (inﬁtitias
370 2845 403 2879 0.

1252 2674 1276 2694 ⁸⁸
1288 2674 1411 2711 τοιοῦτον,
1422 2674 1453 2703 0.
1468 2710 1484 2711 η
1506 2676 1527 2711 ξ¹
1549 2676 1673 2711 μεγάλως
1688 2674 1826 2711 omiserim

1049 2712 1072 2728 “
1085 2712 1207 2763 ἀκριϐῶς
1222 2712 1311 2746 recepi
1336 2719 1368 2739 ex
1396 2710 1429 2738 0.
1466 2710 1489 2727 “
1505 2710 1701 2747 ἀκολούθως-τῇ
1721 2710 1826 2744 γενέσει

1049 2746 1076 2773 [ἶ.
1113 2747 1123 2763 ⁸
1147 2747 1334 2773 κοινωνήσασα
1361 2746 1445 2773 αὐτῶ.
1462 2745 1583 2773 θαλάσση
1599 2753 1626 2773 n.
1644 2746 1739 2773 κοίτης
1752 2745 1825 2772 αὐτῶ

1049 2746 1076 2774 [ἶ.
1113 2746 1136 2763 ⁸⁷⁸
1147 2747 1334 2782 κοινωνήσασα
1361 2746 1445 2781 αὐτῷ,
1462 2746 1583 2782 θαλάσσῃ
1599 2753 1626 2780 p.
1644 2746 1739 2782 κοίτης
1752 2746 1825 2782 αὐτῷ

1049 2781 1081 2808 D.
1118 2781 1141 2798 ⁸⁸
1158 2782 1306 2817 γημάσασα
1317 2779 1351 2808 Ο.
1388 2781 1411 2798 δ’
1421 2783 1436 2808 ὸ
1447 2780 1479 2808 C.
1506 2781 1540 2817 ξ’
1554 2781 1600 2808 καὶ
1613 2780 1703 2817 καί
1740 2780 1825 2817 ⁸¹Ακαί

1188 2806 1350 2846 iﬁlli}:le
1371 2817 1395 2837 ιι
1408 2806 1658 2852 memmi
1674 2806 1703 2833 εί
1712 2806 1818 2848 πειδῶ
