4084 6148
422 300 519 356 551

1294 299 1351 355 S.
1392 297 1777 361 CLEMENTIS
1810 300 1829 354 1
1868 298 2032 354 ΗΟΜ.
2074 298 2272 354 ΡΟΝἷΓ.
2309 298 2534 353 OPERA
2574 299 2799 355 DUBIA.

3565 296 3670 352 53?.

423 435 550 476 eum
587 418 847 484 retinuit;
878 417 923 473 is
952 417 1121 485 enim,
1151 418 1247 488 qui
1284 433 1545 489 responsa
1580 419 1632 472 in
1671 419 1880 473 somnis
1904 419 1994 472 de-

2104 415 2241 485 ἔχων
2275 415 2399 486 ἔσχε
2437 418 2566 487 παρ’
2602 416 2777 486 ἐαυτῷ
2793 416 2858 480 ³⁸,
2893 415 2968 480 ὡς
3011 412 3076 485 δὴ
3107 412 3200 467 τοῦ
3240 411 3669 483 χρηματίσαντος

423 513 597 577 derat,
633 527 757 566 cum
797 526 860 565 eo
898 526 1117 566 manere
1158 511 1309 567 illum
1350 512 1688 582 permiserat.
1725 511 1992 565 Caeterum

360 669 363 672 ν
424 604 596 659 multo
645 604 831 672 elapso
865 601 1108 672 tempore
1143 604 1211 659 ab
1259 619 1321 659 ea
1359 605 1566 659 litteras
1602 621 1710 658 uou
1749 605 1992 674 accepit;

421 708 658 761 cumque
695 708 838 763 saepe
868 693 1113 751 Athenas
1152 694 1413 759 misisset,
1449 704 1731 764 assumpto
1762 710 1869 760 me,
1900 695 1995 764 qui

419 785 468 838 ei
522 784 768 837 omnium
823 798 1000 837 essem
1042 783 1531 854 coniunctissimus
1579 800 1643 845 ac
1677 785 1995 853 fidissimus,

418 874 486 928 ad
516 890 638 930 eam
671 876 1018 945 quaerendam
1057 875 1334 944 profectus
1359 885 1462 931 est.
1496 875 1696 934 Multos
1744 879 1995 948 equidem

419 980 544 1019 cum
592 966 710 1034 ipso
760 965 813 1019 in
862 966 1300 1035 peregrinatione
1348 967 1563 1023 labores
1593 969 1844 1026 alacriter
1874 971 1995 1035 tuli,

420 1071 629 1111 memor
666 1057 813 1127 quod
859 1058 913 1110 in
969 1057 1150 1125 prisca
1190 1074 1288 1113 sua
1339 1058 1598 1116 felicitate
1638 1078 1723 1116 me
1751 1062 1994 1115 omnium

417 1147 703 1202 habuisset
732 1148 968 1216 socium,
1014 1166 1079 1206 ac
1130 1147 1744 1222 supra’omnesamicos
1775 1154 1997 1208 dilexis-

418 1247 521 1293 set.
574 1237 761 1312 Itaque
811 1240 981 1297 Roma
1040 1242 1324 1311 solvimus,
1367 1243 1555 1313 sicque
1600 1244 1656 1298 in
1695 1245 1794 1299 has
1828 1243 1998 1316 Syrim

419 1339 600 1398 partes
628 1331 948 1387 devenimus
983 1342 1037 1387 et
1065 1335 1376 1405 appulimus
1417 1335 1484 1391 ad
1539 1333 1863 1389 Seleuciam.
1903 1336 2000 1391 At-

416 1436 523 1493 que
554 1421 628 1475 ita
657 1436 687 1475 e
720 1423 843 1475 navi
886 1423 1124 1491 egressis
1166 1425 1346 1489 nobis,
1378 1425 1468 1480 ille
1498 1441 1606 1480 non
1650 1427 1848 1482 multos
1880 1437 2001 1498 post

417 1513 532 1566 dies
565 1528 675 1582 prae
697 1513 867 1567 animi
893 1514 1081 1570 dolore
1103 1516 1257 1579 obiit,
1284 1532 1385 1588 ego
1411 1528 1591 1571 autem
1621 1518 1727 1572 huc
1756 1520 1997 1585 veniens,

416 1604 619 1658 victum
650 1604 720 1659 ab
753 1619 820 1659 eo
859 1614 1102 1677 tempore
1130 1606 1198 1662 ad
1247 1607 1395 1663 hunc
1431 1623 1605 1679 usque
1646 1609 1790 1664 diem
1822 1609 2001 1664 maui-

417 1693 522 1747 bus
558 1709 676 1748 com
684 1709 840 1764 paro.

489 1874 618 1929 VIII.
664 1874 758 1930 llis
793 1893 822 1930 a
862 1891 991 1932 sene
1017 1877 1176 1932 dictis
1207 1878 1447 1933 intellexi
1479 1894 1546 1934 ex
1576 1880 1825 1937 oratione
1851 1886 1992 1953 ejus,

414 1980 625 2032 senem,
657 1982 818 2037 quem
850 1967 1055 2023 obiisse
1092 1969 1328 2037 dixerat,
1354 1970 1503 2027 illum
1537 1971 1716 2040 ipsum
1748 1989 1870 2030 esse
1901 1990 1997 2045 pa-

418 2069 555 2114 trem
600 2070 866 2115 vestrum.
916 2058 1076 2115 Nolui
1133 2076 1265 2130 ergo
1295 2062 1363 2127 de
1411 2065 1612 2119 vestris
1653 2065 1817 2120 rebus
1868 2083 1995 2122 cum

414 2168 482 2207 eo
509 2165 815 2207 sermonem
848 2151 1119 2218 conferre,
1157 2153 1333 2209 donec
1367 2156 1858 2225 communicassem
1901 2174 1997 2213 vo-

416 2243 654 2320 biscum.
697 2240 813 2298 Nisi
842 2244 988 2314 quod
1021 2244 1115 2299 ubi
1160 2244 1459 2314 hospitium
1494 2245 1616 2316 ejus
1657 2247 1993 2318 didicissem,

417 2326 709 2404 mcui'nque
754 2333 1104 2401 iudicassem,
1146 2336 1463 2405 explorandi
1509 2354 1701 2400 causa,
1730 2338 1835 2394 hoc
1882 2347 1997 2392 tau.

416 2438 531 2482 tum
566 2436 915 2499 percontatus
963 2445 1107 2496 sum,
1139 2430 1284 2501 quod
1328 2440 1471 2488 esset
1503 2432 1618 2487 seni
1653 2432 1886 2486 nomen?
1908 2432 1996 2485 ille

416 2523 623 2579 autem,
654 2512 914 2582 Faustus,
939 2517 1146 2587 inquit;
1175 2518 1303 2573 item
1342 2518 1487 2590 quod
1523 2534 1720 2574 nomen
1762 2520 1996 2590 geminis

416 2605 588 2660 ﬁliis?
622 2606 713 2660 ille
759 2622 889 2661 vero
926 2610 1227 2678 respondit,
1263 2609 1563 2666 Faustinus
1600 2620 1655 2665 et
1691 2610 1997 2665 Faustiuia-

414 2709 557 2762 nus;
604 2704 658 2749 et
698 2697 977 2766 quodnam
1020 2700 1180 2754 tertio
1233 2699 1382 2754 lilio?
1433 2700 1503 2754 At
1532 2701 1622 2755 ille
1665 2701 1824 2767 dixit,
1874 2701 1997 2757 Cle-

417 2803 601 2853 mens;
639 2788 873 2858 denique
905 2805 1014 2859 quo
1038 2791 1273 2857 fnomine
1317 2800 1608 2845 vocaretur
1648 2807 1837 2848 eorum
1880 2809 1967 2848 ma

417 2878 536 2935 ter?
557 2888 610 2934 et
641 2879 755 2946 ait,
787 2879 1050 2935 Mattidia.
1083 2880 1196 2950 Ego
1233 2882 1399 2953 igitur
1423 2898 1487 2937 ex
1519 2883 1863 2939 miseratione
1886 2885 1996 2939 eol—

2098 509 2217 561 κατ⁹
2251 507 2381 577 ὄναρ
2429 508 2666 560 συνεῖναι
2704 507 2864 560 αὐτὸν
2896 504 3043 575 αὑτῷ
3078 503 3486 575 ἐπιτρέψαντος.
3537 504 3671 557 Πολ-

2095 598 2191 651 λοῦ
2223 598 2279 651 δὲ
2312 598 2505 670 χρόνου
2552 597 2845 660 διελθόντος
2889 597 2987 650 οὐκ
3019 595 3176 649 ἔλαϐε
3208 595 3512 667 γράμματα
3544 598 3669 667 παρ’

2095 689 2281 758 αὐτῆς.
2318 689 2493 752 Αὐτὸς
2522 688 2778 752 πολλάκις
2798 688 3018 758 πέμψας
3036 689 3116 750 εἰς
3149 686 3395 758 Ἀθήνας,
3431 686 3531 756 ἐμὲ
3564 704 3661 740 πα-

2099 778 2345 851 ραλαϐὼν
2379 779 2455 843 ὼς
2504 780 2720 833 πάντων
2770 778 2918 849 αὐτῷ
2968 776 3333 849 γνησιώτερον
3383 776 3532 841 ὄντα,
3580 778 3670 831 ἐπὶ

2095 870 2195 941 τὴν
2224 868 2446 941 ζήτησιν
2477 870 2703 940 αὺτῆς⁵⁶
2744 868 3032 940 ἐπορεύθη.
3057 868 3235 921 Πολλὰ
3272 868 3370 938 μὲν
3399 864 3491 922 οὖν
3523 870 3670 941 αὐτῷ

2096 963 2191 1014 καὶ
2220 960 2360 1014 κατά
2393 961 2492 1031 τὴν
2534 961 2843 1031 ἀποδημίαν
2877 960 3212 1030 συνέκαμνον
3246 959 3291 991 ⁵⁷
3340 958 3667 1031 προθύμως,

2100 1068 2166 1122 με
2174 1067 2278 1122 μνη
2287 1051 2445 1122 μένος
2465 1051 2544 1104 ὅτι
2560 1052 2663 1121 τῆς
2689 1051 2857 1104 πάλαι
2875 1049 3039 1104 αὐτοῦ
3056 1050 3399 1121 εὐδαιμονίας
3420 1050 3671 1103 κοινωνόν

2100 1159 2168 1213 με
2201 1142 2416 1196 πάντων
2444 1139 2613 1212 εἶχεν,
2647 1143 2786 1214 ὑπὲρ
2808 1142 3018 1205 πάντας
3033 1140 3197 1193 αὐτοῦ
3231 1158 3299 1212 με
3332 1141 3456 1204 τοὺς
3487 1141 3670 1211 φίλους

2096 1234 2324 1303 ἀγαπῶν
2341 1234 2405 1286 ⁵⁸.
2444 1234 2555 1288 Καὶ
2581 1234 2644 1304 δὴ
2670 1233 3089 1305 ἀπεπλεύσαμεν
3117 1233 3285 1302 αὐτῆς
3316 1231 3552 1303 Ῥώμης,
3578 1233 3671 1286 καὶ

2096 1323 2272 1387 οὕτως
2293 1326 2373 1387 εἰς
2391 1323 2461 1377 τά
2493 1322 2724 1378 ἐνταῦθα
2754 1323 2855 1393 τῆς
2883 1323 3081 1393 Συρίας
3112 1321 3407 1393 ἐγενόμεθα
3443 1322 3581 1394 μέρη
3601 1322 3668 1387 δ’,

2098 1413 2193 1469 καὶ
2224 1414 2304 1476 εἰς
2335 1413 2652 1468 Σελεύκειαν
2677 1413 3056 1485 παρεϐάλομεν
3073 1412 3140 1476 ⁸⁸,
3164 1411 3258 1465 καὶ
3286 1410 3458 1475 οὕτως
3480 1412 3673 1465 ἐκϐάν-

2097 1520 2205 1566 των
2237 1505 2393 1575 ἡμῶν
2422 1504 2517 1567 τοῦ
2551 1505 2737 1559 πλοίου
2775 1505 2889 1577 μετ’
2917 1506 2978 1557 οὐ
3002 1503 3205 1567 πολλὰς
3229 1503 3440 1575 ἡμέρας
3470 1503 3673 1569 ἐκεῖνος

2103 1595 2202 1667 μὲν
2218 1596 2259 1629 ⁸⁸
2288 1595 2511 1666 ἀθυμῶν
2545 1597 2910 1667 ἐτελεύτησεν.
2951 1594 3093 1664 Ἐγὼ
3123 1595 3180 1648 δὲ
3214 1594 3445 1649 ἐνταῦθα
3473 1595 3669 1659 ἐλθὼν,

2099 1684 2200 1750 τὰς
2227 1685 2316 1750 διὰ
2345 1686 2452 1739 τῶν
2483 1687 2682 1758 χειρῶν
2712 1686 2915 1761 τροφὰς
2934 1686 3119 1739 ἔκτοτε
3153 1686 3245 1739 καὶ
3272 1684 3353 1748 είς
3386 1684 3546 1756 δεῦρο
3577 1702 3673 1738 πο-

2026 1777 2069 1833 Β
2103 1776 2398 1848 ρίζομαιθί.

2166 1888 2308 1946 VIII.
2339 1891 2521 1945 Ταῦτα
2553 1890 2646 1946 τοῦ
2678 1891 2929 1963 γέροντος
2962 1889 3227 1952 εἰπόντος,
3256 1887 3470 1942 σύνοιδα
3484 1888 3549 1952 ⁸³,
3569 1889 3668 1953 ὅτι,

2094 1978 2153 2035 ὃν
2176 1979 2359 2050 ἔλεγεν
2390 1982 2618 2053 γέροντα
2638 1980 2964 2045 τεθνάναινε,
3008 1975 3160 2044 οὗτος
3193 1980 3356 2043 αὐτὸς
3386 1974 3474 2050 ἦν,
3511 1978 3572 2044 ἐξ
3598 1972 3671 2032 ὧν

2094 2070 2299 2140 ἔλεγεν,
2325 2074 2355 2126 6
2387 2074 2568 2145 πατὴρ
2587 2074 2616 2126 6
2649 2073 2932 2145 ὑμέτερος.
2961 2072 3075 2131 Οὐχ
3107 2070 3402 2143 ἐϐουλήθην
3429 2066 3521 2130 οὖν
3533 2072 3579 2102 ⁵⁵
3611 2071 3674 2125 τδ

2096 2163 2214 2219 καθ’
2245 2165 2388 2235 ὑμᾶς
2420 2163 2565 2236 αὐτῷ
2592 2162 3011 2228 συναντιϐαλεῖν,
3042 2162 3234 2234 μέχρις
3254 2163 3319 2217 ἂν
3342 2165 3469 2234 ὑμῖν
3502 2179 3670 2235 προσ-

2095 2255 2396 2326 ανάθωμαι.
2609 2255 2754 2325 Πλὴν
2779 2253 2847 2307 τά
2872 2254 3011 2308 κατά
3040 2255 3139 2326 τὴν
3179 2253 3352 2318 ξενίαν
3381 2253 3544 2306 αὐτοῦ
3577 2271 3673 2307 κα-

2094 2362 2160 2399 τα
2168 2344 2350 2416 μαθὼν
2384 2346 2477 2400 καὶ
2498 2346 2595 2417 τὴν
2615 2345 2751 2417 ἐμὴν
2767 2345 2823 2398 δὲ
2840 2345 2886 2376 ⁸⁸
2911 2344 3171 2417 μηνύσας,
3191 2344 3474 2416 ἀκριϐείας
3491 2345 3672 2408 ἕνεκα,

2093 2439 2251 2492 τοῦτο
2286 2439 2444 2510 μόνον
2486 2438 2798 2511 ἐπυθόμην,
2838 2438 2891 2495 τί
2921 2438 3091 2509 ὄνομα
3112 2436 3189 2509 τῷ
3233 2438 3481 2509 γέροντις
3528 2438 3585 2490 '0
3614 2437 3673 2490 δὲ

2097 2527 2222 2600 ἔφη,
2258 2527 2516 2592 Φαῦστος.
2544 2528 2610 2580 Τί
2639 2526 2696 2580 δὲ
2727 2530 2840 2590 τοῖς
2879 2526 3119 2599 διδύμοις
3149 2527 3317 2591 υίοῖς;
3366 2526 3422 2578 '0
3449 2524 3506 2578 δὲ
3537 2525 3640 2578 ἀπε
3659 2554 3674 2567 ε
3760 2597 3767 2603 δ

2096 2623 2336 2693 κρίνατο,
2357 2623 2649 2684 Φαυστῖνος
2681 2620 2775 2674 καὶ
2794 2620 3190 2683 Φαυστινιανός.
3224 2620 3288 2673 Τί
3313 2619 3371 2673 δὲ
3403 2618 3482 2688 τῷ
3505 2617 3671 2689 τρίτῳ

2096 2712 2230 2784 υίῷ;
2279 2712 2335 2766 '0
2377 2712 2433 2765 δὲ
2485 2707 2659 2775 εἶπεν,
2696 2712 2942 2784 Κλήμης.
2977 2710 3047 2763 Τί·
3083 2710 3139 2763 δὲ
3170 2711 3236 2780 τῇ
3268 2709 3472 2762 τούτων
3508 2708 3672 2782 μητρὶ⁵

2094 2803 2300 2874 ϐνομας
2349 2804 2405 2858 '0
2452 2802 2510 2856 δὲ
2558 2801 2694 2874 ἔφη,
2746 2801 3016 2857 Ματτιδία
3034 2801 3098 2854 ⁸⁷.
3146 2798 3281 2852 ’Υπδ
3330 2798 3669 2870 συμπαθείας

2095 2892 2187 2951 οὖν
2207 2895 2320 2965 ἐγὼ
2347 2895 2647 2967 σύνδακρυς
2675 2893 2981 2965 γενόμενος,
3024 2892 3299 2955 ἀπολύσας
3327 2893 3455 2954 τοὺς
3485 2891 3671 2961 ὄχλους

419 2970 756 3042 laerymans,
787 2970 1014 3026 dimissa
1041 2972 1221 3039 turba,
1253 2977 1376 3027 veni
1413 2974 1478 3028 ad
1512 2990 1628 3038 vos,
1666 2983 1727 3029 ut
1749 2985 1869 3045 post
1890 2976 1992 3031 cibi

2097 2962 2261 3060 ἦλθον
2284 2987 2419 3060 πρὸς
2451 2962 2615 3058 ὑμάς,
2639 2962 2724 3038 ἵνα
2761 2962 2898 3056 μετά
2923 2986 3021 3054 τὴν
3044 2983 3186 3044 ἁλῶν
3212 2983 3491 3037 κοινωνίαν
3504 2980 3672 3035 ταῦτα

422 3079 772 3119 communem
819 3064 1226 3134 perceptionem
1275 3066 1390 3121 haec
1426 3067 1707 3122 vobiscum
1746 3084 1994 3124 commu-

2099 3077 2524 3151 προσανάθωμαι
2542 3078 2688 3146 ὑμῖν.
2726 3074 2840 3146 Πρὸ
2870 3074 2928 3129 δὲ
2958 3073 3052 3128 τοῦ
3086 3074 3229 3130 ἁλῶν
3256 3074 3572 3144 μεταλαϐεῖν
3602 3073 3675 3125 εί-

419 3154 684 3208 nicarem.
712 3152 884 3208 Porro
907 3163 1031 3209 ante
1055 3155 1234 3210 cibum
1268 3165 1545 3226 sumptum
1575 3158 1726 3212 nolui
1748 3174 1992 3229 narrare,

421 3260 492 3300 ne
524 3244 665 3301 forte
708 3245 836 3302 victi
868 3247 1059 3301 dolore
1088 3247 1344 3318 baptismi
1379 3248 1523 3303 diem
1559 3250 1610 3303 iu
1651 3250 1798 3305 luctu
1831 3252 1996 3308 duce-

417 3337 571 3402 rctis,
615 3338 1042 3406 quandoetiatu
1078 3338 1254 3408 angeli
1296 3338 1597 3394 eﬂ‘eruntnr
1625 3341 1830 3397 Itetitia.
1869 3341 1996 3399 Haec

417 3429 614 3484 Petrus
643 3445 768 3485 cum
806 3430 1033 3497 diceret,
1076 3444 1269 3486 omnes
1304 3447 1410 3485 una
1442 3448 1565 3486 eum
1606 3446 1777 3489 matre
1817 3436 1993 3508 lacry—

421 3522 526 3576 mis
559 3535 659 3575 nos
686 3520 1015 3577 dedidimus.
1063 3516 1227 3587 Quos
1255 3521 1344 3577 ille
1386 3522 1748 3594 lacrymautes
1780 3526 1992 3593 videns,

421 3614 499 3666 ait
533 3631 546 3666 :
578 3604 736 3668 Nune
769 3614 1147 3684 unusquisque
1180 3624 1444 3681 vestrum,
1496 3630 1593 3684 pro
1636 3615 1833 3671 timore
1861 3633 1991 3687 erga

421 3704 617 3771 Deum,
661 3704 876 3760 fortiter
925 3721 1047 3774 qua:
1084 3715 1382 3760 memorata
1429 3715 1572 3762 sunt.
1606 3707 1760 3762 ferat.
1806 3707 1995 3780 Neque

419 3795 565 3848 enim
592 3794 752 3848 hodie
780 3795 934 3850 vobis
960 3795 1165 3850 interiit
1193 3805 1364 3866 pater,
1392 3799 1486 3852 sed
1521 3799 1632 3869 jam
1670 3800 1822 3868 olim,
1853 3801 1995 3858 sicut

425 3901 524 3940 vos
548 3885 858 3956 conjectura
891 3896 1035 3941 recte
1062 3884 1204 3951 facta
1226 3887 1463 3944 dixistis.

488 3976 579 4030 IX.
622 3977 729 4032 Ista
774 3977 934 4032 Petro
977 3978 1233 4048 loquente
1273 3988 1448 4035 mater
1485 3979 1624 4036 ferre
1672 3997 1778 4038 non
1810 3985 1994 4041 valens

421 4066 679 4121 clamavit
703 4075 757 4121 et
781 4067 920 4121 dixit
953 4085 965 4125 :
998 4066 1094 4122 IIei
1128 4068 1286 4133 mihi,
1319 4083 1352 4122 ο
1385 4070 1498 4136 vir;
1531 4078 1588 4125 tu
1620 4087 1721 4127 nos
1761 4074 1993 4145 diligens

422 4154 562 4210 mori
591 4157 961 4223 voluisti;nos
1000 4173 1131 4211 vero
1179 4158 1434 4221 vivimus,
1477 4168 1532 4214 et
1573 4161 1748 4216 lucem
1796 4165 1995 4233 aspici-

422 4262 571 4311 mus,
595 4254 650 4301 et
679 4247 857 4301 adhuc
885 4248 1132 4318 capimus
1155 4249 1356 4303 cibum.
1391 4247 1643 4305 Nondum
1679 4261 1860 4307 autem
1891 4256 1993 4310 hoc

422 4352 534 4392 uno
560 4336 764 4408 ejulatu
793 4337 969 4404 linito,
998 4355 1125 4395 ecce
1154 4356 1321 4396 senex
1361 4341 1687 4412 ingreditur,
1738 4353 1793 4398 et
1827 4346 1993 4402 simul

2099 3173 2220 3224 πεῖν
2256 3171 2381 3241 ὑμῖν
2413 3170 2512 3222 οὐκ
2555 3166 2872 3238 ἐϐουλήθην,
2912 3167 2985 3239 μή
3020 3184 3136 3230 πως
3173 3165 3277 3219 ὑπὸ
3308 3164 3486 3236 λύπης
3521 3180 3672 3234 νικη-

2098 3261 2280 3326 θέντες
2304 3263 2360 3315 ὲν
2388 3263 2454 3332 τῇ
2485 3259 2581 3314 τοῦ
2609 3259 2979 3330 βαπτίσματος
3010 3256 3191 3329 ἡμέρα
3207 3255 3527 3319 πενθοῦντες
3557 3254 3671 3308 δια-

2096 3354 2373 3426 τελέσητε,
2415 3352 2576 3407 ὁπότε
2623 3352 2716 3406 καὶ
2755 3350 2973 3421 ἄγγελοι
3017 3349 3316 3422 χαίρουσιν.
3362 3347 3548 3401 Ταῦτα
3576 3345 3671 3399 τοῦ

2099 3448 2306 3520 Πέτρου
2325 3445 2590 3515 λέγοντος,
2612 3443 2946 3516 ἐδακρύομεν
2962 3432 3232 3504 οί’πάντες
3264 3439 3405 3511 μετά
3429 3440 3530 3510 τῆς
3564 3454 3670 3509 μη-

2096 3536 2246 3609 τρός.
2293 3537 2350 3590 '0
2381 3536 2438 3590 δὲ
2465 3534 2797 3607 δακρύοντας
2832 3531 2952 3587 ίδὼν
2985 3532 3131 3602 ἡμᾶς
3148 3531 3193 3563 ⁸⁸
3220 3530 3345 3602 ἔφη’
3384 3529 3499 3582 NOV
3542 3528 3673 3581 ἕκα-

2100 3646 2227 3694 στος
2258 3626 2410 3700 ὑμῶν
2442 3626 2593 3698 φόϐῳ
2623 3625 2700 3697 τῷ
2730 3623 2866 3696 πρὸς
2895 3622 2986 3677 τὸν
3017 3623 3147 3676 Θεὸν
3174 3620 3435 3691 γενναίως
3464 3619 3675 3691 φερέτω

2096 3720 2167 3773 τά
2192 3719 2465 3790 λεχθέντα.
2501 3718 2575 3772 Οὒ
2604 3717 2712 3788 γάρ
2737 3714 2801 3785 δὴ
2839 3715 3076 3786 σήμερον
3108 3713 3238 3784 ὑμῖν
3269 3711 3615 3782 ἐτελεύτησεν
3645 3713 3674 3764 6

2099 3813 2299 3885 πατὴρ,
2348 3808 2483 3865 ἀλλά
2515 3810 2607 3864 καὶ¹
2637 3807 2946 3872 suam",
2982 3806 3058 3870 ὡς
3092 3805 3251 3876 ὑμεῖς
3292 3801 3673 3874 στοχαζόμενοι

2100 3910 2149 3960 εί
2162 3907 2384 3978 ρήκατε.

2167 3996 2260 4049 ΙΧ.
2296 3991 2477 4046 Ταῦτα
2513 3988 2607 4043 τοῦ
2640 3987 2846 4060 Πέτρου
2879 3985 3157 4049 εἰπόντος,
3187 3986 3221 4057 ὴ
3256 3984 3437 4057 μήτηρ
3468 3983 3541 4054 μὴ
3576 3982 3672 4051 φέ-

2101 4102 2268 4160 ρουσα
2308 4083 2486 4155 βοῶσα
2516 4080 2643 4153 ἔφη·
2676 4078 2892 4150 οῐμοι¹⁷⁰
2920 4077 3072 4148 ἆνερ,
3107 4077 3258 4147 ἡμᾶς
3288 4074 3519 4144 ἀγαπῶν
3558 4072 3674 4145 κρίι

2099 4195 2182 4231 σει
2220 4176 2317 4247 μὲν
2337 4173 2497 4237 αὐτὸς
2519 4170 2895 4240 ὲτελεύτησας,
2917 4170 3077 4239 ἡμεῖς
3094 4167 3151 4220 δὲ
3167 4166 3368 4230 ζῶντες
3399 4165 3516 4235 φῶς
3532 4163 3672 4237 ὁρῶ-

2101 4285 2219 4340 μεν,
2274 4266 2368 4319 καὶ
2414 4263 2619 4335 τροφῆς
2653 4260 2836 4331 ἄρτι⁷¹
2873 4257 3376 4331 μεταλαμϐάνομεν.
3418 4257 3587 4310 Οὔπω
3614 4252 3672 4309 δὲ

2096 4358 2197 4429 τῆς
2231 4357 2358 4428 μιᾶς
2380 4352 2583 4423 ταύτης
2604 4347 2866 4417 ὁλολυγῆς
2899 4344 3275 4415 παυσαμένης,
3313 4342 3423 4396 ίδοὺ
3455 4341 3612 4395 καὶπ
3643 4342 3674 4394 6

422 4440 585 4502 atque
623 4431 882 4487 clamoris
919 4449 1141 4488 causam
1176 4435 1446 4491 sciscitari
1477 4437 1654 4501 vellet,
1694 4439 1991 4508 respiciens

2097 4448 2272 4520 γέρων
2299 4445 2490 4516 εἰσῄει,
2526 4443 2619 4496 καὶ
2643 4440 2759 4511 ἀμα
2790 4437 2868 4509 τῷ
2891 4435 3172 4507 βούλεσθαι
3195 4435 3357 4488 αὐτὸν
3384 4434 3483 4504 τῆς
3517 4447 3677 4505 κραυ-

423 4526 491 4580 ad
521 4541 747 4580 uxorem
781 4544 794 4581 :
835 4526 955 4593 Hei,
991 4528 1188 4598 inquit,
1234 4530 1494 4600 quidnam
1536 4531 1639 4586 hoc
1663 4532 1781 4587 est?
1813 4533 1986 4599 Quam

2097 4539 2199 4609 γῆς
2227 4536 2326 4607 τὴν
2359 4533 2536 4588 αἰτίαν
2569 4527 2930 4583 πυνθάνεσθαι
2972 4527 3052 4588 είς
3084 4525 3185 4597 τὴν
3219 4526 3452 4593 γυναῖκα
3478 4522 3673 4593 tum-

421 4618 612 4673 rideo?
642 4617 923 4674 Accedens
963 4635 1094 4674 vero
1151 4629 1206 4677 et
1257 4620 1571 4691 diligentius
1610 4620 1879 4693 aspiciens
1925 4640 1990 4681 ac

2097 4630 2198 4700 φας
2212 4625 2375 4698 304
2394 4625 2515 4694 ἔφη·
2539 4622 2695 4693 Οἴμοι
2709 4619 2755 4653 ⁷³
2776 4619 2831 4672 τί
2856 4617 2997 4671 θέλει
3018 4616 3174 4670 τοῦτο
3194 4613 3334 4670 εἶναι
3352 4633 3367 4681 ;
3387 4616 3508 4669 τίνα
3525 4613 3670 4686 ὁριῖι;

421 4710 574 4766 visus
606 4711 924 4781 complexus
965 4721 1069 4767 est.
1101 4713 1277 4767 Ambo
1319 4723 1499 4769 autem
1529 4730 1637 4784 prae
1662 4717 1859 4785 gaudio
1899 4733 1990 4773 re-

2097 4718 2404 4793 προσελθὼν
2439 4716 2497 4769 δὲ
2537 4715 2631 4768 καὶ
2670 4710 3055 4784 ἀκριϐέστερον
3100 4706 3288 4781 ἐνιδὼν
3326 4708 3422 4761 καὶ
3456 4703 3671 4777 ὁραθεὶς

424 4801 647 4872 peutino
676 4803 994 4859 defecerunt
1036 4804 1344 4861 exclamare
1398 4805 1523 4873 uisi,
1567 4814 1618 4862 et
1663 4808 1799 4863 alter
1835 4811 1988 4866 alteri

2097 4809 2505 4882 περιεπλὲκετο.
2540 4806 2603 4858 Οί
2639 4803 2697 4856 δὲ
2737 4802 2844 4856 ὑπὸ
2880 4801 3054 4872 χαρᾶς
3092 4796 3357 4867 αἰφνιδίου
3382 4793 3672 4864 διεφώνουν

424 4894 574 4964 loqui
606 4896 887 4965 cupientes
910 4911 1104 4952 vocem
1134 4912 1242 4951 non
1280 4906 1575 4967 potuerunt
1598 4900 1867 4963 emittere,
1891 4917 1991 4957 nec

2100 4903 2416 4977 ἀμφότεροι.
2459 4899 2570 4953 Καὶ
2601 4896 2780 4953 λαλεῖν
2810 4893 3058 4964 ἀλλήλοις
3095 4889 3425 4961 βουλόμενοι,
3464 4886 3671 4957 ἀφασίᾳ

424 4989 706 5043 continere
750 4989 1078 5060 inexpletam
1120 4991 1384 5045 betitiam.
1425 4989 1631 5046 Verum
1666 5006 1775 5047 non
1819 4994 1991 5049 multo

2102 4993 2455 5066 συσχεθέντες
2485 4992 2551 5047 ὲκ
2570 4991 2618 5023 ⁷⁵
2640 4989 2742 5059 τῆς
2767 4986 3043 5057 ἀπλήστου
3075 4982 3251 5054 χαρᾶς
3288 4980 3388 5034 οὐκ
3423 4979 3673 5036 ἐδύναντο

1725 5128 1961 5185 VARUS
1994 5126 2393 5189 LECTIONES.

503 5241 716 5322 ’θὲσχεν
732 5243 1043 5322 παρ’-αύτρ
1067 5242 1304 5322 C.__'I‘_um
1320 5242 1384 5322 δέ
1402 5260 1456 5315 p.
1474 5244 1544 5322 δή
1578 5245 1672 5322 Cl.
1693 5244 1936 5322 Erraths
1959 5245 2025 5322 de
2048 5244 2111 5322 (Ζ,
2135 5245 2247 5322 qui
2263 5253 2317 5299 et
2329 5243 2455 5322 ipse
2486 5240 2571 5322 δή.
2648 5239 2695 5273 ⁵⁸
2721 5238 2892 5322 αύτῆς
2924 5239 3198 5322 assumpsi
3225 5234 3390 5322 ονε-Ο.
3467 5237 3521 5322 ’ζ
3546 5253 3670 5322 ξυγ-

456 5307 720 5389 καμονῈ.
795 5307 840 5345 ⁵³
857 5307 1084 5389 ἁγαπῷν
1116 5314 1290 5389 Ερίι.,
1310 5307 1610 5389 ἀγαπῶντα
1633 5315 1691 5383 C,
1855 5316 1900 5348 "
1932 5316 2070 5389 μέρη
2096 5307 2392 5389 ἐγενόμεθᾶ
2416 5313 2477 5389 ῼ,
2508 5307 2938 5389 insequentem!
2965 5307 3194 5389 emisso.
3228 5309 3325 5389 “'1
3338 5307 3673 5389 παραϐαλόν-

426 5378 971 5462 τεςζειέερὶοειυ-ιίᾶ
1012 5384 1055 5415 ⁸⁸
1100 5378 1251 5462 ᾼάιιζ
1270 5378 1485 5462 ἐκεῖνος
1517 5387 1615 5462 μέν
1637 5378 1713 5462 ex
1734 5385 1778 5442 Ο
1808 5378 2080 5462 ,ῥειυόςύιῇ
2105 5378 2268 5462 omisi
2305 5382 2493 5462 ἑαυτὴν
2520 5380 2749 5462 ἀποδούς
2773 5388 2898 5462 ante
2921 5379 3022 5443 τὰς
3043 5380 3166 5462 διά..
3227 5378 3272 5461 ξ·
3300 5378 3673 5462 mme

427 5444 533 5537 ξοδ.
552 5444 710 5525 δεδρδ
736 5454 1270 5537 πορὲξωητροφέιςρο
1348 5457 1393 5489 ⁸³
1417 5444 1744 5537 εὐνὶξῴῖρι
1809 5444 1878 5489 ’““
1904 5457 2154 5537 amazon
2186 5451 2516 5537 meum;
2541 5449 2791 5537 Salue":
2818 5444 2971 5537 (εἶπες
2991 5448 3257 5537 decessi
3286 5448 3461 5537 0-..9:
3492 5444 3674 5537 9021‘}?

430 5473 523 5507 Ιτοι)
552 5473 710 5525 caupo
736 5473 942 5527 ποριςω
971 5473 1176 5558 τροΐας
1208 5473 1270 5510 υ.
1348 5473 1393 5489 ν’
1423 5473 1647 5511 συνιοων
1676 5473 1741 5511 υ.
1819 5473 1865 5489 ""
1904 5473 2154 5512 τευναναι
2186 5473 2417 5527 γεροντα
2447 5473 2507 5505 ιλ.
2543 5473 2788 5519 mmutms
2818 5473 2970 5513 ουτος
2991 5473 3257 5537 aus'crtpm
3286 5473 3336 5503 υ.
3384 5473 3447 5532 γ.
3492 5473 3622 5500 υυιιι
3645 5473 3674 5497 υ

430 5523 695 5595 ὑμέτερος
728 5543 805 5581 πα
881 5543 911 5597 ρ
944 5526 1003 5579 C.
1103 5526 1124 5557 '
1150 5521 1242 5580 οὖν
1276 5542 1388 5582 om.
1412 5526 1478 5583 0.
1553 5526 1598 5559 "
1628 5527 1684 5581 δέ
1730 5526 1937 5583 inserui
1988 5544 2036 5583 c.
2063 5525 2126 5583 0.
2218 5527 2261 5559 ’τ
2290 5520 2554 5579 Ματθιδία
2584 5518 2649 5573 0.
2747 5518 2792 5550 ⁸⁸
2824 5521 2972 5591 ἡμᾶς
3016 5520 3137 5574 ίδων
3169 5520 3229 5574 C.
3269 5586 3280 5599 .
3328 5518 3372 5549 "
3400 5535 3463 5571 εγ
3508 5516 3675 5570 πάλαι

431 5592 498 5649 0.
609 5596 654 5626 ⁷ο
682 5594 758 5649 Ita
805 5527 965 5649 1Lavit.
993 5604 1071 5649 .et
1102 5593 1192 5649 0..
1231 5597 1421 5649 οῖιιμοι
1473 5597 1533 5649 C.
1577 5595 1715 5649 Tum
1762 5598 1857 5649 μὲν
1889 5598 2048 5649 αὐτός
2096 5596 2328 5649 accessit
2362 5609 2427 5648 ex
2456 5588 2521 5646 0.
2606 5590 2651 5621 "
2680 5587 2804 5649 ἄρτι
2836 5591 2959 5645 add.
2991 5605 3039 5646 c.
3067 5589 3112 5643 0
3140 5630 3155 5649 .
3190 5604 3282 5649 qui
3311 5602 3423 5641 om.
3464 5602 3581 5649 seq.
3615 5584 3674 5638 δέ

431 5584 498 5674 ρ.
601 5584 654 5674 ξ⁷⁰
675 5584 758 5650 Ita
815 5584 1192 5674 Ερἱιλει
1231 5597 1421 5674 οίίμμοι
1473 5597 1553 5674 (3ζ
1577 5595 1715 5674 Tum
1760 5598 2048 5674 page-:65
2096 5596 2328 5674 accessit
2362 5609 2427 5648 ex
2456 5588 2521 5646 0.
2554 5660 2567 5674 ο
2596 5590 2651 5674 1‘
2680 5587 2804 5674 ἄρτι
2836 5584 3155 5674 ὀῌάλοκρο,
3190 5586 3282 5658 qui
3311 5602 3423 5674 om_.
3464 5602 3581 5674 seq.
3615 5584 3674 5674 δέ

431 5637 614 5791 iacti
653 5637 1561 5740 ’δίῃτΐίνιανίῖρῗῖίρῖ
1628 5637 2044 5741 ’δ’ίμῶἶὈῒνἪ
2075 5637 2446 5739 03333;;sz
2476 5660 2567 5716 καί
2593 5659 2657 5717 C.
2710 5637 2849 5717 'l‘um
2878 5660 2932 5718 in
2949 5658 3014 5716 0.
3046 5637 3320 5727 ἐδύσαντο,
3345 5657 3413 5713 ad
3435 5637 3588 5714 oraln
3617 5668 3673 5726 ρ.

437 5752 460 5786 ε
498 5752 701 5790 υναντο.

437 5752 701 5790 εουναντο.
