4048 6146
380 321 489 380 355

1245 317 1301 372 S.
1343 313 1729 371 CLEMENTIS
1765 312 1782 367 Ι
1815 311 1983 368 ROM.
2021 309 2220 368 PONT.
2251 308 2480 366 OPERA
2511 306 2739 364 DUBIA.

3551 303 3654 359 536

383 439 706 499 tliematieas
737 434 1055 506 disciplinas
1077 434 1292 505 penitus
1331 433 1479 497 novi,
1505 432 1764 487 dominus
1791 441 1967 485 autem

2087 426 2305 498 Ἐπειδὴ
2339 426 2401 479 τὸ
2431 425 2658 497 μάθημα
2690 412 2934 497 άκριϐὦς
2965 413 3284 492 ἐπίσταμαι,
3318 421 3348 472 ὁ
3379 418 3436 472 δὲ
3472 418 3658 491 κύριος

382 547 435 592 et
463 544 614 606 pater
648 546 757 586 non
789 522 943 595 item,
971 529 1016 583 si
1046 529 1162 598 ipse
1191 527 1484 581 Annubion
1514 526 1750 590 adesset,
1783 538 1968 580 coram

385 641 534 701 patre
547 626 971 697 disputationem
986 623 1262 677 haberem.
1281 617 1355 676 Ita
1371 621 1571 691 quippe
1586 635 1671 674 res
1685 618 1862 690 palam
1876 630 1971 673 ve-

385 725 500 778 nire
525 730 728 793 posset,
743 721 871 775 dum
902 718 1037 772 artis
1056 718 1263 787 peritus
1286 716 1549 770 adversus
1565 713 1810 781 ejusdem
1833 713 1969 766 artis

385 814 660 868 hominem
682 807 1037 882 quaestionem
1069 809 1314 878 agitaret.
1333 804 1635 874 Respondit
1651 813 1802 873 pater
1824 821 1837 856 :
1862 800 1968 858 Ubi

381 921 513 977 ergo
535 913 712 976 potest
728 917 852 957 cum
878 899 1205 954 Annubione
1220 911 1548 965 congressus
1564 904 1618 950 et
1634 896 1964 966 colloquium

385 998 613 1052 haberi?
637 995 703 1049 Et
738 994 932 1047 Petrus
974 992 1091 1045 ait:
1130 989 1433 1044 Antiochiae
1466 1007 1479 1042 :
1513 988 1585 1042 ibi
1629 987 1774 1042 enim
1805 986 1967 1042 audio

381 1106 504 1146 esse
535 1088 815 1143 Siinoiiei‘n
865 1081 1103 1154 Magum,
1135 1096 1297 1151 quem
1343 1079 1631 1133 Annubion
1663 1086 1968 1134 assectatus

385 1199 491 1236 non
521 1181 741 1235 deserit.
771 1176 1000 1243 Quando
1017 1189 1147 1242 ergo
1178 1172 1290 1227 illic
1320 1171 1609 1235 fuerimus,
1642 1170 1686 1224 si
1711 1186 1806 1224 eos
1829 1186 1968 1224 nan:-

384 1274 680 1335 ciscaniur,
714 1266 1036 1336 diSeep'tatio
1076 1263 1190 1317 lieri
1222 1262 1440 1332 poterit.
1479 1259 1544 1314 Et
1586 1269 1875 1330 postquam
1901 1260 1968 1315 de

384 1365 575 1420 multis
613 1357 1000 1425 disseruimus,
1031 1366 1251 1428 propter
1289 1357 1720 1427 recognitionem
1775 1355 1881 1408 ἰαιῑί
1913 1359 1968 1408 et

383 1458 496 1513 Deo
524 1449 726 1528 gratias
771 1459 1019 1526 agentes,
1053 1461 1213 1507 nocte
1255 1451 1672 1522 superveniente
1717 1449 1786 1505 ad
1818 1456 1968 1505 som-

383 1568 512 1607 num
539 1566 637 1606 nos
660 1548 1017 1604 contulimus.

1135 1733 1208 1750 ‘-

957 1833 1243 1901 tiOitiLiA
1281 1843 1401 1900 xv.

451 1964 492 2020 l.
533 1962 737 2017 Exorto
773 1969 954 2016 autem
996 1977 1174 2024 mane,
1207 1969 1362 2031 pater
1410 1973 1535 2014 cum
1564 1965 1738 2012 matre
1781 1964 1966 2011 nostra

382 2057 662 2126 tribusque
721 2055 846 2109 filiis
903 2055 1177 2124 ingressus
1228 2055 1281 2108 in
1343 2053 1522 2107 locum
1575 2050 1663 2105 ubi
1687 2058 1804 2104 erat
1858 2049 1966 2105 Pe-

383 2155 520 2208 trus,
570 2160 692 2200 cum
746 2145 1052 2206 salutasset.
1113 2145 1286 2206 sedit,
1341 2143 1538 2197 deinde
1588 2155 1686 2197 nos
1725 2155 1964 2210 quoque,

383 2237 475 2293 illo
503 2237 744 2305 iubente.
777 2236 855 2292 Ac
901 2236 1099 2291 Petrus
1145 2245 1352 2306 patrem
1396 2233 1628 2288 intuitus
1675 2233 1788 2288 ait:
1830 2231 1965 2288 Per-

380 2329 543 2399 cupio
598 2338 652 2384 te
715 2328 857 2383 idem
915 2328 1120 2383 sentire
1167 2327 1313 2398 quod
1361 2342 1504 2382 uxor
1531 2341 1595 2382 ac
1624 2324 1803 2392 liberi,
1828 2333 1968 2380 utet

383 2422 472 2478 hic
506 2438 633 2479 cum
663 2422 743 2478 eis
791 2421 1074 2487 convivas,
1116 2429 1172 2475 et
1203 2419 1336 2486 illic,
1380 2429 1506 2488 post
1539 2418 1739 2472 animai
1770 2433 1803 2472 a
1837 2431 1966 2471 cor-

379 2526 514 2584 pore
559 2513 1008 2582 disiunctionem,
1055 2512 1220 2566 simul
1272 2525 1400 2566 cum
1448 2508 1654 2565 eisdem
1697 2509 1775 2563 sis
1814 2507 1966 2562 omni

381 2606 632 2661 molestia
673 2605 830 2660 liber.
861 2605 944 2658 An
972 2615 1084 2659 non
1116 2605 1262 2658 enim
1295 2613 1350 2658 te
1380 2602 1698 2673 atqueillos
1727 2600 1968 2655 maxime

383 2698 761 2762 contristaret,
791 2699 836 2750 si
867 2713 974 2750 una
1008 2711 1114 2749 non
1143 2696 1339 2750 essetis
1368 2685 1477 2749 ?Et
1515 2702 1668 2763 pater
1690 2711 1703 2746 :
1728 2690 1966 2746 Omnino

382 2803 536 2844 sane.
567 2786 705 2842 Tum
738 2787 933 2841 Petrus
960 2805 974 2840 :
1007 2785 1062 2840 Si
1091 2800 1222 2856 ergo
1264 2785 1356 2839 hic
1405 2784 1638 2838 invicem
1680 2789 1967 2850 separatos

380 2891 503 2932 esse
520 2876 772 2930 molestia
797 2875 1194 2941 aﬂieit,nonne,
1213 2874 1434 2944 quando
1465 2882 1588 2943 post
1603 2879 1833 2926 mortem
1861 2871 1969 2926 erit

383 2967 612 3021 omnino
648 2956 872 3021 necesse
895 2983 992 3021 vos
1014 2981 1122 3019 non
1159 2980 1280 3020 esse
1310 2965 1494 3031 simul,
1523 2965 1694 3019 multo
1718 2962 1892 3034 magis
1915 2969 1967 3017 te

380 3056 748 3121 contristabit,
763 3065 814 3110 te
831 3056 1072 3125 quidem,
1087 3055 1179 3125 qui
1193 3056 1277 3108 vir
1301 3054 1518 3124 sapiens
1537 3069 1618 3122 es,
1637 3055 1849 3109 ratione
1863 3062 1969 3109 tua:

2073 519 2225 573 καὶὸ
2271 517 2456 588 πατὴρ
2501 517 2599 586 οὐχ
2632 515 2830 580 οὕτως,
2889 513 3099 584 ἥθελον,
3141 513 3189 565 εί
3237 511 3400 574 αὐτὸς
3447 510 3654 564 Ἀννου-

2072 610 2204 663 ϐίων
2252 609 2452 681 παρῆν,
2489 610 2582 662 ἐπὶ
2609 607 2704 661 τοῦ
2760 609 2964 679 πατρὸς
3005 591 3344 678 ⁸ποιήσασθαι
3387 608 3437 642 ⁸⁸
3477 607 3654 677 λόγον.

2071 702 2226 758 Οὕτω
2258 704 2367 775 γὰρ
2390 703 2455 756 ἂν
2475 704 2537 757 τὸ
2567 705 2796 775 πρᾶγμα
2829 705 2910 766 εἰς
2940 701 3172 773 φανερὸν
3202 701 3376 755 ἐλθεῖν
3404 700 3655 772 ἠδύνατο,

2069 797 2310 867 τεχνίτου
2344 797 2481 868 πρὸς
2507 795 2797 868 ὁμότεχνον
2826 797 2924 866 τὴν
2948 796 3170 867 ζήτησιν
3203 794 3513 864 ἐσχηκότος.
3546 793 3658 848 Kal

2068 889 2097 941 6
2131 887 2313 959 πατὴρ
2343 887 2694 957 ἀπεκρίνατο·
2733 884 2841 939 Ποῦ
2874 882 2965 939 οῦν
2996 885 3219 940 δυνατόν
3252 887 3396 938 ἐστιν
3438 885 3650 938 Ἀννου-

2069 976 2220 1031 6ίωνι
2257 980 2570 1048 συντυχεϊν;
2596 978 2706 1030 Kal
2732 979 2760 1030 6
2788 977 2994 1048 Πέτρος
3020 976 3144 1046 ἔφη·
3194 976 3282 1029 Ἐν
3327 974 3646 1046 Ἀντιοχείᾳ·

2069 1062 2184 1122 ἐκεῖ
2210 1069 2318 1142 γὰρ
2348 1070 2602 1141 μανθάνω
2619 1070 2836 1140 Σίμωνα
2864 1069 2954 1121 τὸν
2975 1069 3164 1138 Μάγον
3195 1068 3320 1122 ὄντα
3341 1068 3408 1133 ’⁸,
3448 1061 3493 1136 ᾧ
3534 1069 3656 1121 ’Λν-

2067 1160 2294 1214 νουσίων
2329 1161 2710 1233 παρεπόμενος
2741 1155 3044 1232 άχώριστός
3075 1160 3243 1214 ἐστιν.
3295 1157 3465 1214 Ἐπὰν
3495 1159 3542 1191 ’⁸
3562 1155 3655 1213 οὖν

2069 1252 2183 1305 ἐκεῖ
2208 1250 2514 1322 γενώμεθα,
2539 1251 2632 1305 ἐάν
2655 1268 2716 1320 γε
2742 1251 3141 1321 καταλάϐωμεν
3173 1252 3392 1315 αὐτοὺς,
3428 1253 3462 1322 ἡ
3491 1248 3658 1323 ζήτη-

2070 1358 2154 1408 σις
2184 1343 2437 1412 γενέσθαι
2467 1343 2704 1396 δύναται.
2745 1343 2854 1396 Καὶ
2883 1339 3034 1412 ὁμῶς
3075 1341 3246 1395 πολλὰ
3264 1401 3267 1404 η
3286 1341 3656 1411 διαλεχθέντες

2069 1439 2161 1492 καὶ
2193 1439 2286 1492 ἐπὶ
2316 1439 2395 1512 τῷ
2425 1437 2826 1509 ἀναγνωρισμῷ
2858 1434 3119 1508 χαρέντες
3145 1429 3190 1467 ³⁷
3219 1437 3314 1489 καὶ
3344 1434 3464 1506 Θεῷ
3496 1435 3656 1503 εὐχα-

2070 1532 2443 1604 ριστήσαντες,
2492 1530 2736 1603 ἑσπέρας
2779 1519 3306 1600 ἐπικαταλαϐούσης,
3365 1527 3445 1591 εἰς
3485 1525 3652 1580 ὕπνον

2069 1624 2406 1695 ἐτράπῃμεν.

2655 1827 2917 1882 unum

2139 1943 2179 1998 li
2222 1945 2459 2017 Ὄρθρου
2483 1943 2541 1999 δὲ
2569 1944 2858 2015 γενομένου
2891 1945 2919 1997 ὁ
2947 1943 3131 2014 πατὴρ
3161 1940 3298 2012 μετὰ
3317 1941 3418 2014 τῆς
3451 1940 3653 2014 μητρὸς

2065 2025 2224 2109 ἡμῶν
2259 2038 2484 2092 καὶτῶν
2513 2036 2679 2108 τριῶν
2730 2035 2864 2089 υἱῶν
2904 2033 3178 2098 εἰσελθὼν,
3217 2033 3344 2086 ἔνθα
3376 2035 3406 2087 6
3451 2034 3655 2104 Πέτρος

2065 2127 2154 2203 ἦν,
2178 2129 2627 2202 προσαγορεύσας
2653 2127 2944 2198 ἐκαθέσθη,
2963 2127 3152 2180 ἔπειτα
3173 2127 3332 2196 307
3351 2127 3446 2178 καὶ
3471 2127 3651 2197 ἡμεῖς,

2067 2223 2234 2277 αὑτοῦ
2271 2223 2645 2286 κελεύσαντος.
2683 2221 2794 2276 Καὶ
2825 2205 2854 2272 ό
2880 2221 3084 2292 Πέτρος
3113 2219 3190 2290 τῷ
3223 2219 3390 2290 πατρὶ
3414 2235 3656 2290 προσεμι-

2068 2316 2272 2387 6λέψας
2304 2315 2432 2387 ἔφη·
2484 2314 2710 2368 Σπεύδω
2748 2313 3030 2384 ὁμόφρονά
3060 2329 3122 2366 σε
3153 2311 3406 2380 γενέσθαι
3436 2311 3656 2380 γυναικὶ

2067 2409 2162 2463 καὶ
2192 2409 2422 2473 τέκνοις,
2457 2409 2606 2471 ὅπως
2637 2407 2821 2470 αὐτοῖς
2845 2406 2940 2458 καὶ
2971 2404 3204 2458 ἐνταῦθα
3234 2403 3536 2474 ὁμοδίαιτος
3564 2399 3650 2476 ᾗς,

2067 2501 2230 2554 κάκεῖ
2260 2499 2397 2572 μετὰ
2425 2499 2516 2553 τὸν
2548 2497 2658 2553 ἀπὸ
2683 2500 2778 2552 τοῦ
2824 2497 3074 2569 σώματος
3120 2497 3220 2568 τῆς
3261 2495 3442 2566 ψυχῆς
3483 2512 3652 2566 χωρι-

2069 2593 2204 2663 σμὸν
2229 2592 2404 2647 συνὼν
2435 2592 2640 2655 ἄλυπος
2667 2591 2768 2664 ἔσῃ
2800 2592 2864 2645 ’⁸.
2898 2591 2968 2643 Ἢ
3000 2589 3110 2660 γὰρ
3138 2590 3199 2642 οὑ
3226 2588 3296 2642 τὰ
3329 2587 3561 2659 μέγιστά
3594 2603 3652 2640 σε

2067 2683 2229 2738 λυπεῖ
2273 2686 2370 2738 καὶ
2401 2683 2598 2746 αὖτοὺς
2644 2681 2704 2736 τδ
2742 2685 2815 2755 μὴ
2870 2683 3119 2754 ἀλλήλοις
3175 2685 3444 2747 συνεῖνως
3480 2682 3587 2733 Καὶ
3625 2683 3654 2734 6

2068 2779 2272 2850 πατήρο
2302 2778 2414 2831 Kal
2446 2775 2588 2831 πάνυ
2631 2795 2714 2847 γε.
2763 2777 2873 2829 Καὶ
2907 2779 2936 2830 ὁ
2977 2776 3201 2847 Πέτροςδ
3250 2777 3314 2828 Ei.
3358 2771 3450 2830 οὖν
3481 2777 3576 2829 καὶ
3607 2775 3650 2807 ⁸⁸

2068 2867 2300 2924 ἐνταῦθα
2331 2869 2394 2922 τὸ
2412 2870 2652 2942 ἀλλήλων
2679 2869 3008 2941 κεχωρίσθαι
3042 2869 3220 2932 λυπεῖ,
3260 2868 3396 2939 μετὰ
3430 2868 3653 2923 θάνατον

2068 2962 2289 3025 πάντως
2337 2962 2685 3034 ὁφειλόμνον
2732 2963 2858 3032 ὑμῖν
2914 2963 3031 3033 μετ’
3084 2961 3330 3032 ἀλλήλων
3367 2961 3442 3031 μὴ
3493 2955 3650 3024 εἶναι,

2069 3051 2221 3124 πόσῳ
2265 3069 2328 3121 γε
2380 3053 2577 3124 μᾶλλον
2625 3053 2857 3125 λυπήσει
2899 3054 2990 3117 ¹⁰⁰,
3024 3053 3083 3106 σὲ
3135 3054 3233 3123 μὲν
3267 3052 3435 3123 ἄνδρα
3493 3051 3652 3121 σοφὸν

381 3148 660 3218 Opinionis
681 3148 919 3219 disjungi
943 3163 974 3203 a
1001 3149 1129 3215 tuis,
1158 3147 1280 3203 illos
1299 3161 1432 3203 vero
1464 3148 1637 3202 multo
1664 3149 1837 3218 magis
1864 3150 1964 3205 do-

2068 3141 2196 3196 ὅντα
2223 3143 2302 3214 τῷ
2344 3146 2443 3216 τῆς
2493 3143 2718 3217 γνώμης
2753 3162 2846 3198 σου
2895 3144 3039 3216 λόγῳ
3074 3148 3091 3176 ί
3122 3145 3230 3198 τῶν
3273 3143 3379 3198 σῶν
3424 3143 3654 3215 κεχωρί-

381 3242 513 3308 lere,
555 3241 702 3311 quod
734 3242 911 3296 sciant
938 3251 991 3297 te
1023 3241 1132 3296 alia
1178 3243 1505 3297 sentientem
1547 3250 1811 3297 aeternum
1835 3256 1967 3313 sup-

381 3333 606 3404 plicium
631 3336 702 3388 ob
727 3332 842 3387 veri
873 3331 1144 3404 dogmatis
1170 3332 1514 3400 negationem
1537 3345 1762 3387 manere
1780 3330 1806 3384 ?

452 3507 517 3562 ιι.
552 3505 617 3561 Et
662 3516 818 3576 pater
847 3507 1023 3562 dixit:
1071 3507 1143 3560 At
1185 3521 1296 3561 non
1347 3506 1421 3561 ita
1459 3515 1563 3573 est,
1595 3521 1630 3561 o
1679 3507 1875 3575 amice,
1905 3516 1968 3564 ut

383 3597 527 3667 apud
574 3597 782 3652 inferos
815 3599 1114 3666 puniantur
1144 3597 1361 3664 animae,
1393 3599 1653 3669 quoniam
1682 3599 1863 3654 anima
1891 3601 1968 3655 si-

383 3689 498 3743 mul
526 3697 690 3758 atque
720 3703 750 3742 a
780 3704 1014 3758 corpore
1041 3690 1378 3756 discesserit,
1417 3692 1472 3745 in
1496 3706 1675 3747 aerem
1713 3691 1966 3747 dissolvi-

382 3789 493 3835 tur.
520 3779 743 3850 Excepit
780 3779 975 3836 Petrus
1009 3782 1258 3852 :ltaque,
1300 3797 1474 3852 usque
1499 3784 1630 3839 dum
1677 3785 1780 3839 hac
1817 3784 1884 3838 de
1909 3796 1969 3840 re

384 3873 484 3928 tibi
514 3873 966 3944 persuadeamus,
993 3876 1263 3945 responde
1301 3877 1456 3944 mihi,
1490 3893 1674 3932 nonne
1696 3878 1792 3932 tibi
1818 3877 1969 3933 vide-

384 3974 494 4030 tur,
521 3972 576 4020 te
599 3965 842 4036 quidem,
867 3967 962 4037 qui
1009 3966 1222 4023 futuras
1251 3983 1446 4038 pcenas
1477 3985 1587 4024 non
1629 3969 1830 4037 credis,
1866 3985 1966 4024 ne-

383 4073 660 4129 quaquam
684 4057 892 4124 dolere,
923 4059 1049 4115 illos
1090 4075 1241 4127 vero,
1275 4061 1368 4128 qui
1393 4062 1642 4127 credunt,
1681 4063 1748 4117 de
1773 4069 1828 4116 te
1871 4075 1968 4115 ne-a

387 4151 625 4207 .iessario
655 4151 819 4221 angi?
847 4150 986 4207 Tum
1009 4161 1163 4223 pater
1191 4163 1206 4208 ι
1245 4152 1411 4209 Recte
1452 4149 1611 4210 dicis.
1644 4153 1838 4210 Petrus
1868 4169 1968 4208 au-

387 4255 497 4302 tem
529 4264 544 4302 :
575 4245 642 4302 Et
671 4259 842 4316 quare
861 4247 1105 4303 maximo
1125 4249 1194 4304 de
1233 4257 1287 4303 te
1316 4261 1554 4303 maerore
1581 4263 1690 4302 non
1713 4262 1807 4303 eos
1832 4247 1968 4302 libeo

384 4339 552 4403 rabis,
589 4340 840 4412 religioni
871 4343 1201 4406 assentiens,
1226 4354 1335 4397 non
1362 4339 1571 4410 pudore
1593 4339 1842 4409 inquam,
1869 4337 1966 4394 sed

384 4432 662 4502 aequitate,
693 4432 760 4487 de
789 4432 854 4487 iis
876 4443 999 4502 quae
1034 4432 1131 4487 tibi
1156 4446 1187 4486 a
1215 4444 1303 4486 me
1323 4431 1581 4486 dicuntur
1610 4430 1882 4485 audiendo
1911 4437 1965 4485 et

381 4527 699 4596 iudicando,
731 4534 916 4580 utrum
940 4541 1004 4580 ea
1034 4525 1111 4580 ita
1137 4525 1392 4592 habeant,
1429 4538 1530 4579 nec
1555 4537 1641 4579 ne.
1671 4523 1749 4578 Ac
1769 4521 1815 4580 si
1843 4524 1968 4593 qui-

383 4619 506 4673 dem
533 4619 606 4672 ita
632 4627 735 4683 est,
761 4627 820 4672 tit
850 4617 1108 4683 dicimus,
1141 4623 1197 4672 et
1229 4616 1316 4672 hic
1341 4627 1450 4670 una
1476 4630 1601 4670 cum
1625 4615 1968 4672 charissiinis

384 4710 744 4766 delectaberis
773 4721 828 4766 et
854 4711 966 4765 illic
1009 4725 1134 4766 cum
1161 4710 1368 4765 eisdem
1394 4703 1638 4779 requiem
1663 4721 1968 4776 conseque:-

384 4803 483 4857 ris.
540 4801 696 4868 Quod
744 4803 878 4858 siin
931 4812 1246 4859 sermonum
1302 4811 1519 4857 tuorum
1574 4801 1970 4870 disceptatione

385 4894 715 4957 ostenderis,
762 4910 884 4962 quae
928 4911 958 4949 a
1007 4895 1166 4950 nobis
1212 4901 1566 4959 asseruntur,
1613 4891 1806 4945 falsam
1843 4905 1967 4946 esse

388 4985 649 5051 fabulam,
669 4987 834 5043 etiam
863 4987 944 5042 sic
971 4989 1230 5057 praeclare
1256 4986 1448 5052 facies,
1474 4986 1593 5040 illos
1617 4983 1758 5038 idem
1785 4991 1964 5036 tecum

387 5078 686 5132 sentientes
716 5079 1011 5147 accipiens,
1063 5077 1374 5148 eﬂicicsque
1407 5085 1468 5131 ut
1512 5075 1777 5130 desistant
1821 5081 1964 5128 v‘ana

386 5184 483 5241 spe
519 5168 696 5232 inniti,
724 5178 778 5223 et
808 5169 1063 5225 liberabis
1091 5167 1243 5226 falsis
1272 5168 1596 5224 terroribus.

446 5259 545 5330 ,lll.
573 5259 639 5316 Et
677 5269 833 5332 pater
861 5281 876 5316 ε
904 5261 1073 5318 Multa
1125 5262 1262 5317 mihi
1297 5262 1503 5318 videris
1540 5262 1721 5317 dicere
1764 5257 1966 5313 rationi

2067 3233 2213 3302 σθαι,
2242 3236 2440 3300 αὐτοὺς
2468 3237 2526 3290 δέ
2570 3236 2704 3290 πολὺ
2742 3236 2942 3308 μᾶλλον
2988 3237 3275 3291 ὀδυνᾶσθαι
3309 3237 3388 3308 τῷ
3431 3236 3652 3303 εἰδέναι,

2064 3327 2148 3380 ὅτι
2181 3345 2242 3381 σε
2274 3327 2410 3381 ἄλλα
2442 3327 2742 3399 φρονοῦντα
2772 3328 2986 3394 αἰώνιος
3013 3329 3164 3401 μένει
3206 3329 3447 3392 κόλασις,
3486 3324 3652 3399 ῥητοῦ

2063 3420 2334 3490 δόγματος
2364 3421 2638 3490 ἀποφάσει
2663 3437 2679 3487 ;

2137 3512 2202 3568 ll.
2235 3513 2345 3566 Kal
2368 3514 2396 3566 6
2425 3513 2607 3586 πατὴρ
2641 3513 2767 3584 ἔφη·
2815 3512 2952 3566 Ἀλλ’
2997 3513 3099 3567 οὐκ
3138 3512 3306 3577 ἔστινς
3339 3505 3384 3566 ὦ
3407 3511 3649 3581 φίλτατε,

2065 3603 2128 3657 τὸ
2158 3605 2216 3656 ἐν
2243 3603 2372 3675 ᾅδου
2419 3603 2598 3674 ψυχὰς
2644 3603 2987 3668 κολάζεσθαι,
3023 3605 3194 3676 αὐτῆς
3240 3605 3358 3675 ἅμα
3400 3603 3480 3674 τῷ
3511 3604 3650 3658 ἀπο-

2069 3697 2258 3768 στῆναι
2288 3696 2382 3750 τοῦ
2406 3696 2655 3768 σώματος
2676 3699 2757 3760 εἰς
2773 3698 2910 3769 ἀέρα
2941 3697 3227 3768 λυομένηςε
3247 3698 3356 3751 Καὶ
3385 3697 3415 3749 ὁ
3449 3697 3651 3768 Πέτρος

2065 3786 2192 3858 ἔφη’
2239 3788 2450 3861 Μέχρις
2480 3784 2573 3842 οὖν
2619 3789 2708 3841 ὅτε
2755 3789 2819 3842 ἂν
2853 3790 2874 3819 ¹
2906 3790 3034 3860 περὶ
3074 3789 3266 3842 τούτου
3322 3787 3596 3858 πείσωμέν
3629 3788 3650 3819 ³

2069 3897 2148 3946 σε,
2182 3881 2475 3953 ἀπόκριναί
2507 3899 2616 3952 μοι,
2649 3883 2710 3936 οὐ
2745 3882 2893 3935 δοκεί
2943 3897 3046 3944 σοι,
3090 3881 3150 3935 σὲ
3187 3881 3286 3952 μὲν
3320 3879 3650 3934 ἀπιστοῦντα

2066 3971 2164 4042 τὴν
2197 3973 2416 4026 κόλασιν
2451 3973 2524 4045 μὴ
2553 3972 2857 4038 λυπεῖσθαι,
2891 3973 3133 4036 ἐκείνους
3163 3973 3220 4024 δὲ
3254 3971 3650 4042 πεπεισμένους

2067 4061 2312 4134 ἀνάγκην
2363 4063 2504 4133 ἔχειν
2556 4065 2685 4135 περὶ
2735 4064 2829 4117 σοῦ
2886 4065 3172 4130 emacem;
3218 4064 3328 4117 Καὶ
3372 4067 3401 4117 ὁ
3445 4065 3647 4135 πατήρ

2083 4153 2412 4218 Ἀκολούθως
2442 4154 2641 4225 λέγεις.
2677 4157 2787 4209 Kal
2814 4156 2843 4210 6
2874 4157 3098 4228 Πέτρος·
3150 4155 3248 4209 Διὰ
3278 4155 3331 4209 τί
3359 4150 3417 4209 δέ
3454 4154 3650 4218 αὐτοὺς

2067 4247 2167 4299 οὐκ
2198 4243 2526 4311 ἀπαλλάξεις
2571 4248 2834 4319 μεγίστης
2863 4250 2990 4321 περὶ
3033 4248 3128 4302 σοῦ
3170 4244 3369 4318 λύπης,
3411 4249 3478 4318 τῇ
3514 4246 3650 4318 θρη-

2070 4339 2228 4410 σκείᾳ
2270 4337 2615 4410 συνθέμενος,
2646 4340 2708 4391 οὑ
2739 4339 2987 4410 δυσωπίᾳ
3009 4339 3179 4409 λέγω,
3214 4339 3330 4392 ἀλλ’
3377 4338 3654 4408 εὐγνωμο-

2070 4432 2224 4505 σύνῃ,
2256 4431 2385 4503 περὶ
2412 4429 2520 4484 τῶν
2549 4430 2856 4502 λεγομένων
2887 4447 2967 4483 σοι
3004 4429 3095 4483 ὑπ’
3124 4427 3258 4500 ἐμοῦ
3294 4428 3527 4492 ἀκούων,
3557 4429 3653 4480 καὶ

2067 4523 2266 4596 κρίνων
2299 4525 2348 4577 εί
2371 4521 2544 4576 ταῦτα
2571 4521 2742 4586 οὕτως
2766 4521 2900 4593 ἔχει,
2935 4521 2968 4592 ἢ
3001 4520 3099 4587 οῦ;
3135 4521 3230 4578 καὶ
3262 4521 3311 4573 εί
3351 4520 3448 4591 μὲν
3480 4517 3654 4582 οὕτως

2065 4615 2176 4686 ἔχει
2208 4617 2285 4679 ὼς
2315 4615 2564 4685 λέγομεν,
2609 4615 2702 4668 καὶ
2741 4609 2842 4669 ὧδε
2885 4612 3313 4676 συναπολαύσεις
3351 4611 3654 4682 θωτοῖς

2066 4705 2361 4774 φιλτάτοις,
2387 4705 2547 4757 κάκεῖ
2573 4704 2980 4776 συναναπαύσῃ·
3014 4705 3061 4756 εί
3085 4703 3141 4756 δὲ
3159 4705 3218 4755 ἐν
3249 4705 3316 4774 τῇ
3345 4701 3453 4754 τῶν
3476 4701 3650 4768 λόγων

2068 4811 2164 4848 σου
2191 4795 2214 4825 ⁸
2244 4793 2432 4863 σκέψει
2474 4794 2654 4866 δείξῃς
2699 4793 2769 4846 τὰ
2812 4795 2904 4863 ὑφ’
2946 4793 3104 4864 ἡμῶν
3155 4793 3423 4863 λεγόμενα
3483 4790 3653 4863 μῦθόν

2066 4902 2187 4938 τινα
2216 4882 2383 4954 ψευδῆ
2417 4879 2575 4947 εἶναι,
2611 4885 2705 4937 καὶ
2736 4882 2908 4946 οὕτως
2940 4882 3120 4946 καλῶς
3153 4883 3417 4953 ποιήσεις,
3452 4881 3652 4943 αὐτοὺς

2066 4975 2452 5047 ὁμογνώμονάς
2499 4995 2579 5030 σοι
2621 4976 2878 5048 εἰληφὼς,
2922 4975 3018 5029 καὶ
3069 4974 3162 5027 τοῦ
3206 4978 3391 5037 κεναῖς
3439 4973 3652 5026 ἐλπίσιν

2067 5066 2443 5138 ἐπερείδεσθαι
2507 5067 2762 5132 παύσεις,
2814 5067 2911 5120 καὶ
2967 5064 3177 5137 ψευδῶν
3240 5063 3421 5135 φόϐων
3475 5061 3654 5116 ἀπαλ-

2067 5157 2266 5223 λάξεις.

2139 5251 2226 5308 ιιι.
2262 5253 2372 5307 Καὶ
2401 5255 2430 5307 ὁ
2459 5253 2662 5326 πατήρ·
2697 5252 2876 5306 Πολλὰ
2903 5253 3070 5324 φαίνῃ
3105 5268 3193 5323 μοι
3225 5249 3422 5319 εὔλογα
3451 5247 3648 5316 λέγων.

1698 5432 1934 5488 νΑῐιιλέΕ
1976 5430 2381 5488 LECTIONES.

461 5579 506 5609 "
533 5575 608 5630 Ita
633 5573 776 5647 0._c.
811 5573 974 5647 Epit"
998 5575 1342 5647 ἐποιησάμην
1371 5575 1431 5631 C.
1467 5575 1641 5647 Supra
1679 5575 1878 5628 ἐθέλων
1905 5575 2016 5647 leg.
2041 5584 2227 5647 censet
2249 5573 2306 5647 S.
2383 5575 2428 5647 οξ
2461 5570 2596 5647 εἶναι
2626 5591 2678 5645 p.
2711 5575 2802 5627 τὸν
2833 5575 3006 5647 μάγον
3029 5574 3156 5628 ὄντα
3185 5571 3256 5647 Ο.Δ
3323 5573 3381 5647 ’⁸η
3401 5573 3478 5636 ὡς

388 5649 436 5683 '7
451 5647 630 5717 ,χαρᾶς
660 5642 1034 5714 πληρωθέντες
1057 5646 1120 5701 0.
1145 5642 1155 5647 ’
1199 5642 1249 5678 ’⁸
1272 5642 1411 5716 μετὰ
1441 5647 1530 5702 τὸν
1550 5642 1837 5751 ’χωρισμὸν
1864 5642 2162 5716 τῆς-ψυχῆς
2193 5645 2300 5698 ἀπὸ
2331 5643 2424 5698 τοῦ
2460 5642 2708 5715 σώματος
2735 5642 2959 5700 συνόντα
2997 5647 3198 5700 ἄλυπον
3232 5643 3448 5697 ἔσεσθαι
3483 5643 3547 5698 C.
3586 5642 3647 5700 III

389 5719 507 5751 ι’..έο
567 5714 683 5751 49;.)-
723 5715 894 5751 κωιιξιυ
923 5717 980 5751 δυ
1013 5716 1314 5751 ςσνιρηηιηιςυςη
1348 5717 1541 5751 ad“...
1667 5718 1688 5747 ο
1724 5718 1815 5751 νηι
1849 5717 1949 5751 mm
2006 5731 2035 5751 ο
2089 5717 2152 5751 n.
2257 5717 2324 5747 too
2363 5714 2557 5751 "manu
2589 5718 2651 5751 η’.
2684 5717 2909 5751 amnt“.
2948 5717 2986 5751 ρ
3115 5717 3131 5750 t
3168 5714 3238 5751 Im
3291 5713 3406 5751 Vni:
3469 5721 3526 5751 οε
3549 5712 3595 5751 n
3623 5745 3640 5751 _

382 5714 546 5790 Epit.
567 5714 689 5776 122',
717 5715 894 5800 ρυνὼν
923 5717 980 5767 ἐν
1011 5714 1316 5790 εὐφροσύνῃ
1348 5717 1558 5843 διάξεις.

382 5795 520 5843 λόγω
563 5801 656 5839 σου
689 5786 750 5840 ί...
826 5787 846 5817 ³
873 5785 938 5840 ἄν
975 5801 1084 5842 Otii.
1117 5786 1181 5840 υ.
1259 5789 1278 5818 ³
1315 5787 1389 5843 Ita
1499 5832 1513 5843 .

377 5785 530 5862 λόγω
563 5801 656 5839 σου
689 5785 750 5840 C.
826 5787 846 5817 ³
873 5785 938 5840 ἄν
975 5801 1084 5842 Otii.
1117 5785 1181 5840 Ο.
1259 5785 1389 5843 ³Ίιει

1667 5718 1688 5747 ⁵
1724 5718 1816 5770 καί
1847 5717 1972 5772 add.
2006 5731 2057 5771 c.
2089 5717 2153 5770 0.

1499 5783 1513 5856 ζ
1560 5787 1818 5859 πείσομεν
1850 5783 2002 5855 0,0.
2081 5785 2227 5862 feet)
2280 5783 2582 5857 interposui
2623 5803 2672 5843 c.
2712 5787 2773 5842 0.

2257 5717 2324 5793 ίξο
2346 5712 2651 5793 μᾶλλονᾳώ
2684 5717 2913 5793 λυπήσει
2948 5717 3008 5775 C.
3115 5717 3131 5750 ⁸
3165 5714 3243 5771 lia
3287 5713 3526 5793 EPi‘ae‘
3620 5745 3645 5784 ο
