4040 6146
453 287 553 346 363

1338 290 1395 345 S.
1436 284 1820 343 CLEMENTIS
1854 286 1875 341 Ι
1912 287 2075 342 ROM.
2119 287 2317 345 PONT.
2358 287 2585 346 OPERA
2622 292 2844 350 DUBIA.

3576 301 3683 360 564

453 406 723 464 ﬂictiones
754 408 819 463 ad
847 418 1191 479 peccatorum
1221 409 1604 464 remissionem
1636 409 1769 479 pati.
1804 407 1872 462 Et
1913 407 2009 464 Pe-

2119 429 2261 481 ματα
2285 414 2377 468 καὶ
2407 414 2475 467 τὰ
2504 413 2648 486 πάθη
2663 416 2709 447 ⁸⁵
2732 417 2813 480 ei;
2844 416 3039 486 ἄφεσιν
3063 419 3346 491 ἁμαρτιῶν
3378 421 3675 496 πάσχομεν.

454 512 570 558 trus
601 520 615 555 :
646 502 810 558 Recte
845 506 916 557 ita
956 502 1134 557 habet.
1182 499 1292 557 Nos
1322 503 1467 557 enim
1488 543 1503 568 ,
1537 504 1631 573 qui
1666 502 1851 558 futura
1893 518 2013 557 ma-

452 596 696 664 luimus,
742 612 861 667 quae
906 596 1057 664 plura
1108 594 1485 663 possidemus,
1529 611 1627 651 seu
1655 605 1865 663 vestes,
1914 612 2009 652 seu

453 689 643 753 cibos,
698 704 792 744 seu
841 685 1119 757 potiones,
1167 700 1264 739 seu
1312 685 1419 739 alia
1446 687 1752 757 quaepiam,
1788 696 2011 759 peccata

452 780 819 854 possidemus,
851 779 978 848 quia
1011 777 1148 832 nihil
1182 777 1444 832 debemus
1471 777 1694 845 habere,
1727 779 1805 834 uti
1847 779 2011 849 paulo

454 881 579 949 ante
634 885 884 926 sermone
955 869 1244 925 declaravi.
1305 867 1571 924 Omnibus
1628 871 2009 941 possessiones

452 979 672 1039 peccata
703 977 849 1022 sunt.
870 965 1070 1019 Earum
1093 963 1545 1034 qualitercunque
1567 966 1799 1034 privatio
1822 965 2008 1021 adem—

449 1063 562 1132 ptio
623 1068 707 1115 est
752 1057 1097 1113 delictorum.
1157 1053 1305 1109 Dixit
1348 1064 1501 1126 pater
1538 1071 1551 1107 :
1594 1054 1759 1111 Recte
1802 1056 2003 1125 habet,

450 1150 905 1223 quemadmodum
939 1148 1173 1204 divisisti
1196 1150 1336 1203 duos
1369 1147 1502 1203 lines
1526 1146 1761 1203 duorum
1791 1164 2003 1220 regum,

453 1257 511 1302 ut
539 1245 664 1315 quis
693 1243 840 1315 quod
876 1243 993 1296 vult
1039 1240 1203 1311 eligat
1229 1255 1297 1295 ex
1330 1240 1399 1296 iis
1434 1256 1557 1311 qua:
1598 1241 1652 1295 in
1694 1241 2008 1296 alterutrius

448 1341 549 1405 sila
587 1346 715 1393 sunt
746 1342 1028 1407 potestate.
1073 1333 1214 1399 Quid
1268 1347 1431 1400 vero,
1481 1348 1551 1387 an
1598 1342 1654 1387 et
1692 1333 2009 1390 atllictiones

444 1432 591 1502 juste
628 1427 902 1500 patimur?
926 1425 992 1480 Et
1014 1425 1211 1480 Petrus
1236 1441 1248 1476 :
1278 1424 1612 1480 iustissime.
1654 1424 2010 1495 Quandoqui-

448 1526 571 1581 dem
597 1524 739 1578 enim
765 1536 954 1576 eorum
986 1519 1079 1588 qui
1110 1520 1392 1573 salvantur
1418 1518 1683 1574 terminus
1714 1532 1832 1587 est,
1867 1521 2012 1577 sicut

447 1617 590 1682 dixi,
619 1625 678 1670 ut
710 1627 870 1668 nemo
900 1611 1104 1681 aliquid
1133 1611 1329 1666 habeat
1348 1652 1363 1677 ,
1399 1612 1583 1666 multis
1609 1621 1791 1668 autem
1824 1614 2011 1669 multa:

448 1717 741 1780 suppetunt
793 1705 1209 1777 possessiones,
1269 1722 1391 1776 qua:
1438 1706 1597 1761 aliter
1644 1714 1700 1763 et
1755 1716 2003 1776 peccata,

449 1803 571 1857 ideo
602 1815 698 1870 per
731 1798 990 1853 eximiam
1019 1796 1114 1851 Dei
1148 1797 1544 1853 humanitatem
1575 1798 1897 1855 amictiones
1921 1800 2008 1855 in-

448 1896 720 1955 ducuntur
759 1891 827 1946 iis
859 1890 956 1961 qui
986 1906 1094 1944 non
1143 1905 1279 1960 pure
1316 1890 1536 1955 vivunt,
1570 1900 1631 1946 ut
1660 1902 1883 1963 propter
1907 1893 2010 1949 an.

447 1995 707 2059 quantam
746 2000 873 2054 erga
942 1984 1111 2038 Deum
1163 1983 1481 2038 ebaritatem
1532 1999 1629 2054 per
1676 1985 2007 2056 temporaria

446 2077 710 2149 supplicia
737 2076 955 2131 aeternis
982 2076 1158 2146 pinnis
1189 2075 1512 2130 liberentur.

515 2169 585 2225 Χ.
607 2167 746 2223 Tum
768 2178 956 2238 pater:
985 2166 1126 2233 Quid
1157 2166 1301 2221 enim
1323 2205 1339 2233 ,
1366 2182 1549 2223 nonne
1581 2168 1783 2223 multos
1807 2168 2008 2239 impios

443 2265 691 2321 videmus
731 2260 1033 2330 pauperes?
1074 2259 1158 2313 An
1202 2269 1491 2330 propterea
1521 2268 1576 2314 et
1610 2260 1689 2314 illi
1731 2260 1872 2316 inter
1913 2276 2008 2317 eos

443 2356 540 2431 qui
570 2354 801 2410 salutem
831 2361 1236 2422 consequentur
1263 2352 1588 2408 numerandi
1617 2352 1784 2409 sunt?
1807 2352 1874 2408 Et
1906 2351 2007 2409 Pe-

443 2465 596 2509 trus:
624 2446 980 2518 Nequaquam
1012 2445 1262 2501 omnino.
1292 2443 1411 2500 Non
1446 2447 1592 2500 enim
1619 2446 1902 2515 probanda
1923 2456 2007 2503 est

444 2541 660 2611 inopia,
692 2540 761 2607 si,
790 2554 913 2609 quae
953 2553 1061 2593 non
1085 2544 1336 2606 oportet,
1368 2546 1605 2608 appetat.
1654 2536 1745 2592 Sic
1787 2553 2008 2608 quoque

444 2632 691 2689 nonnulli
724 2629 1230 2691 voluntate.divites
1260 2643 1426 2697 opum
1459 2637 1589 2683 sunt
1628 2644 1929 2699 pauperes,
1954 2638 2009 2685 et

443 2736 704 2795 tanquam
756 2721 1075 2777 facultatum
1127 2719 1311 2789 cupidi
1361 2719 1684 2788 puniuntur.
1748 2721 1856 2775 Sed
1905 2735 2009 2777 nec

443 2817 589 2889 quod
617 2814 812 2884 aliquis
863 2815 934 2868 sit
983 2828 1208 2882 pauper,
1248 2811 1431 2866 statim
1458 2811 1643 2880 justus
1684 2822 1789 2867 est.
1821 2810 2008 2869 Potest

442 2907 641 2979 quippe
665 2920 870 2976 pauper
903 2918 1027 2958 esse
1055 2903 1307 2973 pecunia,
1340 2911 1397 2957 at
1423 2918 1542 2957 eam
1569 2917 1792 2971 cupere,
1826 2913 1924 2958 aut
1950 2904 2006 2960 id

443 3000 623 3055 facere
649 2997 794 3066 quod
822 2995 1092 3065 prrecipue
1124 3009 1231 3048 non
1255 2994 1559 3063 oportebat.
1578 2992 1718 3049 Nam
1748 2995 1832 3049 vel
1859 2995 2005 3050 idola
2032 3016 2075 3072 ο

443 3090 606 3153 colit,
638 3087 723 3142 vel
766 3085 1135 3155 blasphemat,
1167 3084 1250 3138 vel
1287 3082 1621 3147 fornicatur,
1659 3085 1745 3140 vel
1790 3084 2004 3140 indigre-

442 3190 624 3237 renter
651 3178 801 3242 vivit,
831 3176 1102 3246 perjurus,
1137 3175 1370 3228 mendax
1392 3217 1408 3241 ,
1434 3186 1528 3229 aut
1553 3174 1806 3231 inlidelis.
1834 3175 2007 3232 Caete-

442 3285 563 3324 rum
595 3267 848 3337 Magister
872 3275 1055 3319 noster
1086 3263 1271 3319 ﬁdeles
1298 3279 1568 3334 pauperes
1595 3265 1784 3321 beatos
1809 3266 2006 3336 praedi-

443 3361 585 3415 cavit
616 3372 665 3424 ει,
705 3371 910 3426 eosque
959 3371 1070 3409 non
1118 3355 1265 3413 velut
1287 3356 1492 3427 aliquid
1534 3357 1827 3427 largientes
1857 3375 1869 3409 :
1904 3353 2003 3412 ne-

441 3469 549 3522 que
571 3451 715 3506 enim
738 3449 1041 3514 habebant;
1070 3448 1164 3503 sed
1194 3447 1345 3517 quia,
1377 3462 1503 3502 cum
1528 3447 1663 3501 nihil
1687 3456 1999 3516 peccarent,

443 3545 514 3599 ob
553 3544 607 3598 id
648 3543 863 3608 solum,
891 3542 1034 3611 quod
1078 3541 1275 3610 inopiae
1306 3556 1437 3611 ergo
1459 3539 1859 3610 eleemosynam
1891 3555 2003 3595 non

444 3636 747 3700 faciebant,
787 3633 1138 3689 condemnari
1170 3649 1279 3687 non
1327 3641 1598 3702 poterant.
1631 3630 1770 3685 Tum
1799 3639 1955 3700 pater
1984 3651 1999 3686 :

448 3730 581 3784 Vere
606 3740 832 3796 prorsus
863 3723 1160 3779 secundum
1189 3723 1519 3793 propositam
1533 3724 1888 3793 quaestionem
1911 3738 2002 3778 res

443 3820 694 3874 videntur
720 3826 867 3871 recte
898 3813 1137 3869 habere:
1163 3830 1334 3883 quare
1378 3813 1544 3869 statui
1591 3820 1762 3866 totam
1810 3812 2001 3867 ordine

439 3910 629 3965 audire
652 3906 975 3962 doctrinam.

510 3998 603 4053 χι.
661 3996 726 4050 Et
769 3993 963 4050 Petrus
1006 4012 1019 4047 :
1068 3993 1253 4062 Itaque
1301 3992 1555 4061 deinceps
1606 3992 1843 4047 studenti
1898 3991 1997 4046 tibi
2042 4061 2047 4067 ξ

440 4084 652 4147 discere
676 4103 799 4158 qua:
824 4086 891 4140 ad
921 4094 1163 4141 nostram
1187 4084 1503 4154 religionem
1534 4086 1807 4152 pertinent
1828 4083 2000 4139 debeo

441 4177 633 4234 ordine
656 4190 929 4244 exponere
952 4174 1295 4238 doctrinam,
1329 4172 1398 4227 ab
1427 4173 1546 4242 ipso
1573 4174 1839 4244 incipiens
1866 4173 1999 4242 Deo,

2116 506 2225 558 Kal
2266 508 2295 560 6
2340 507 2575 579 Πέτρος·
2613 508 2818 581 Ὀρθῶς
2846 508 2958 580 ἔχει
2989 511 3083 564 καὶ
3116 510 3303 576 οὕτως.
3344 514 3535 585 Ἡμεῖς
3574 518 3685 591 γὰρ

2115 598 2165 649 οἱ
2211 596 2454 668 ἑλόμενοι
2497 599 2660 671 314
2699 599 2768 654 τὰ
2810 601 3076 672 ἐσόμενα,
3111 601 3147 657 ἃ
3175 606 3489 677 κεκτήμεθα
3534 608 3687 664 πλεί-

2114 704 2210 741 ονα
2247 686 2355 759 (46)
2375 729 2390 753 ,
2418 688 2531 742 εἴτε
2562 688 2844 762 ἐσθήματα
2864 690 2910 723 ⁸⁸
2931 692 3039 745 εἴτε
3076 691 3362 764 βρώματα,
3384 695 3494 749 εἴτε
3521 700 3681 764 ποτὰ,

2113 778 2223 832 εἴτε
2247 778 2382 832 ἄλλα
2410 780 2553 845 τινὰ,
2586 779 2860 855 ἁμαρτίας
2881 783 3222 855 κεκτήμεθα,
3242 785 3334 838 διὰ
3352 785 3416 839 τὸ
3446 786 3556 842 δεῖν
3585 805 3685 859 μη-

2113 869 2200 923 δὲν
2231 869 2404 941 ἔχειν,
2428 871 2505 935 ὡς
2533 873 2713 945 μικρῷ
2752 874 2940 943 τάχιον
2972 875 3166 930 διεῖλον
3204 877 3296 930 τὸν
3328 876 3511 947 λόγον.
3537 881 3680 936 Πᾶσι

2112 961 2181 1016 τὰ
2227 965 2478 1034 κτήματα
2515 965 2886 1037 ἁμαρτήματα
2902 962 2968 1019 ⁸⁷.
3013 966 3078 1019 Ἠ
3120 967 3325 1023 τούτων
3366 971 3516 1035 ὅπως
3549 973 3680 1027 ποτὲ

2116 1054 2367 1126 στέρησις
2396 1054 2680 1126 ἁμαρτιῶν
2725 1057 2873 1137 ἐστιν
2910 1056 3216 1128 ἀφαίρεσις.
3272 1061 3385 1114 Kal
3425 1063 3454 1115 6
3499 1066 3679 1137 πατὴρ

2111 1145 2214 1219 ἐφη
2238 1163 2252 1177 ⁸
2273 1145 2600 1210 Ἀκολούθως
2630 1135 2970 1218 έχειξκαθὼς
2995 1149 3091 1202 δύο
3118 1150 3309 1215 διεῖλες
3324 1152 3372 1185 ⁸⁸
3392 1155 3551 1226 ὅρους

2110 1239 2203 1295 δύο
2244 1238 2508 1310 βασιλέων
2532 1281 2547 1308 ,
2569 1239 2639 1294 τὰ
2669 1240 2757 1311 ἐφ’
2782 1242 2995 1315 ἐκάστῳ
3024 1241 3133 1294 τῶν
3166 1243 3271 1298 ὑπὸ
3299 1246 3398 1316 τὴν
3432 1247 3677 1313 ἐξουσίαν

2112 1332 2289 1386 αὐτῶν
2334 1332 2501 1386 ὄντων
2544 1333 2816 1406 αἱρεῖσθαι
2869 1334 2898 1387 ὃ
2942 1334 3207 1407 βούλεται.
3257 1336 3299 1391 Τ
3305 1338 3321 1388 ἰ
3360 1338 3417 1392 δέ
3446 1343 3558 1411 ,καὶ
3606 1343 3677 1410 τᾲ

2070 1424 2071 1427 “
2114 1425 2260 1496 πάθη
2275 1426 2320 1460 ⁵³
2350 1426 2399 1478 εί
2421 1425 2643 1490 δικαίως
2672 1429 2947 1499 πάσχομεν
2971 1444 2987 1494 ;
3027 1431 3122 1482 καὶ
3143 1431 3172 1483 6
3196 1431 3431 1503 Πέτρος·
3460 1435 3677 1489 Δικαιό-

2111 1537 2269 1596 τατα.
2501 1520 2609 1596 γάρ
2640 1522 2674 1596 _6
2709 1520 2830 1596 tu}!
2859 1520 3178 1596 σωζομένων
3206 1524 3355 1596 ὄρος.
3373 1527 3552 1592 ἐστὶν,
3601 1529 3680 1593 ὡς

2115 1589 2250 1662 έφην
2269 1629 2284 1654 ,
2311 1589 2371 1642 τὸ
2389 1589 2435 1621 ⁶⁰
2476 1589 2663 1661 μηδενὶ
2710 1591 2875 1662 μηδὲν
2925 1589 3190 1664 ὑπάρχειν
3215 1589 3250 1662 ,’
3281 1589 3572 1667 ὑπόιρχειίι
3617 1589 3675 1653 δέ

2040 1663 2083 1718 Β
2113 1681 2282 1736 πολλὰ
2329 1683 2542 1746 πολλοῖς
2589 1685 2842 1755 κτήματα
2862 1725 2877 1749 ,
2926 1686 3022 1739 καὶ
3045 1663 3237 1750 άλλως
3269 1663 3635 1761 ἁμαρτηματα
3657 1731 3673 1755 ,

2110 1775 2298 1828 τούτου
2330 1775 2489 1848 χάριν
2528 1775 2585 1842 ἐξ
2612 1776 3051 1848 ὑπερϐαλλούσης
3087 1777 3223 1831 Θεοῦ
3272 1779 3678 1852 φιλανθρωπίας

2110 1869 2372 1937 ἐπάγεται
2396 1869 2464 1924 τὰ
2485 1868 2630 1939 πάθη
2655 1872 2768 1933 τοῖς
2796 1870 2870 1940 μὴ
2898 1869 3203 1941 εἰλικρινῶς
3222 1869 3673 1942 πολιτευομένοις,

2110 1963 2198 2015 ἵνα
2229 1961 2317 2016 διὰ
2345 1963 2404 2015 τὸ
2450 1962 2631 2026 ποσῶς
2647 1963 2690 1993 ⁸³
2718 1962 2960 2032 φιλόθεον
2998 1964 3351 2036 προσκαίροις
3386 1965 3675 2036 τιμωρίαις

2109 2055 2342 2110 αἰωνίων
2375 2056 2586 2111 σωθῶσι
2614 2054 2904 2110 κολάσεων.

2181 2148 2248 2203 Χ.
2279 2150 2388 2203 Καὶ
2421 2151 2449 2202 6
2483 2151 2697 2223 πατήρ·
2730 2148 2795 2203 Τί
2816 2149 2872 2202 δὲ
2891 2149 2938 2180 ⁸³
2967 2150 3029 2202 οὐ
3063 2148 3288 2214 πολλοὺς
3309 2150 3524 2214 ἀσεϐεῖς
3546 2150 3677 2222 ὀρῶ-

2114 2259 2212 2313 μεν
2238 2241 2506 2313 πένητας;
2534 2237 2667 2295 Εἶτα
2688 2242 2732 2273 ⁸⁵
2753 2241 2901 2313 παρὰ
2933 2240 3091 2295 τοῦτο
3122 2243 3215 2296 καὶ
3247 2236 3392 2295 οὗτοι
3422 2242 3531 2296 τῶν
3565 2259 3673 2295 σω-

2112 2332 2351 2403 ζομένων
2384 2333 2551 2398 εἰσίν;
2586 2333 2694 2386 Kal
2727 2334 2756 2386 6
2802 2333 3036 2404 Πέτρος’
3064 2332 3139 2386 υύ
3181 2333 3415 2395 πάντως.
3448 2333 3523 2386 Οὐ
3564 2331 3675 2405 γὰρ

2110 2426 2377 2498 ἀποδεκτὴ
2407 2428 2440 2498 ἡ
2466 2426 2624 2480 πενία
2658 2420 2731 2479 ὧν
2760 2426 2834 2497 μὴ
2867 2425 3142 2498 προσῆκεν
3167 2426 3483 2497 ὀρεγομένη.
3514 2426 3675 2479 Ὥστε

2109 2518 2253 2580 τινὲς
2270 2522 2337 2590 τῇ
2362 2520 2675 2591 προαιρέσει
2699 2518 2989 2573 πλουτοῦσι
3008 2518 3289 2591 πενόμενοι
3312 2519 3356 2551 ⁸⁵
3376 2521 3477 2591 χρή
3491 2536 3672 2590 μασιν,

2109 2613 2204 2666 καὶ
2233 2612 2309 2675 ὡς
2333 2611 2670 2666 πλεονεκτεῖν
2700 2610 3088 2683 ἐπιθυμοῦντες
3116 2610 3497 2684 τιμωροῦνται.
3514 2611 3677 2683 315

2122 2703 2260 2758 Ἀλλ’
2289 2704 2412 2757 οὐδὲ
2437 2706 2496 2757 ἐν
2526 2704 2604 2775 τῷ
2629 2704 2835 2774 πένητα
2870 2700 3010 2759 εἷναί
3048 2722 3169 2757 τινα
3214 2705 3428 2766 πάντως
3467 2703 3677 2767 δίκαιός

2110 2800 2275 2852 ἐστιν.
2307 2797 2535 2851 Δύναται
2556 2796 2666 2868 γὰρ
2697 2794 2912 2866 πτωχὸς
2945 2795 3043 2866 μὲν
3075 2798 3187 2861 τοῖς
3218 2800 3490 2869 χρήμασιν
3511 2791 3672 2862 εἶναι,

2109 2890 2393 2962 ἐπιθυμεῖν
2417 2890 2474 2943 δὲ
2506 2889 2538 2960 ἢ
2560 2891 2653 2944 καὶ
2678 2888 2936 2960 πράττειν
2961 2888 2989 2941 6
3015 2888 3439 2960 προηγουμένως
3461 2889 3523 2941 οὐ
3545 2891 3671 2961 χρή.

2111 2986 2181 3038 Ἢ
2213 2983 2322 3056 γὰρ
2362 2982 2555 3036 εἴδωλα
2581 2980 2725 3034 σέϐει
2748 3021 2763 3048 ,
2807 2981 2840 3052 ἢ
2875 2980 3214 3052 βλασφημεῖ,
3248 2981 3281 3052 ἢ
3317 2983 3602 3053 πορνεύει,
3639 2984 3674 3055 ἢ

2107 3075 2414 3146 ἀδιαφόρως
2437 3073 2525 3145 ζῇ,
2552 3074 2584 3145 ἢ
2612 3074 2900 3145 ἐπιορκῶν,
2927 3073 2960 3145 ἢ
2990 3074 3399 3147 ψευδόμενος,ᾗ
3433 3076 3677 3143 ἀπίστως

2109 3166 2274 3237 βιούς.
2301 3165 2446 3237 Πλὴν
2469 3167 2497 3217 6
2519 3165 2833 3229 διδάσκαλος
2850 3165 3007 3237 ἡμῶν
3038 3166 3263 3230 πιστοὺς
3283 3165 3518 3238 πένητας
3536 3169 3676 3238 ἐμα-

2107 3257 2332 3327 κάρισεν
2355 3264 2420 3330 ⁸⁸,
2453 3256 2546 3308 καὶ
2565 3255 2757 3318 αὐτοὺς
2782 3256 2879 3326 οὐχ
2906 3256 2983 3319 ὡς
3010 3256 3422 3327 παρεσχηκότας
3445 3274 3519 3321 τι,
3552 3258 3673 3311 οὐδὲ

2106 3348 2215 3422 γὰρ
2250 3344 2413 3419 είχον,
2447 3348 2561 3401 ἀλλ’
2603 3347 2680 3411 ὡς
2726 3348 2889 3419 μηδὲν
2920 3349 3331 3420 ἁμαρτάνοντας
3352 3350 3416 3415 ⁸⁷,
3451 3353 3544 3403 καὶ
3581 3352 3674 3405 ἐπὶ

2112 3443 2256 3514 μόνῳ
2277 3440 2354 3511 τῷ
2386 3441 2484 3512 τὴν
2502 3439 2869 3512 ἐλεημοσύνην
2896 3440 2969 3510 μὴ
2994 3444 3188 3506 ποιεῖν,
3209 3441 3296 3495 διὰ
3315 3442 3375 3495 τὸ
3399 3443 3473 3514 μὴ
3502 3442 3668 3513 ἔχειν,

2107 3532 2563 3603 καταδικασθῆναι
2597 3532 2697 3585 οὐκ
2728 3531 3026 3602 ἐχονταςθδ.
3054 3535 3164 3587 Καὶ
3196 3536 3224 3587 6
3263 3537 3472 3607 πατήρ·
3516 3537 3672 3607 Ἀλη-

2107 3625 2215 3688 θῶς
2246 3626 2387 3680 πάνυ
2418 3623 2560 3679 κατὰ
2596 3625 2694 3695 τὴν
2743 3623 2996 3678 ὑπόθεσιν
3027 3625 3201 3696 ὀρθῶς
3236 3627 3380 3697 ἔχειν
3426 3626 3497 3681 τὰ
3527 3629 3670 3699 πρά-

2105 3734 2291 3789 γματα
2331 3718 2599 3785 φαίνεται,
2631 3718 2712 3771 διὸ
2749 3716 2845 3771 καὶ
2889 3719 3258 3790 προαιρέσεως
3304 3721 3566 3792 ἐγενόμην
3599 3724 3669 3793 τῇ

2104 3810 2253 3876 τάξει
2281 3813 2478 3877 παντὸς
2506 3812 2805 3867 ἐπακοῦσαι
2836 3812 2930 3865 τοῦ
2957 3812 3134 3881 λόγου.
3570 3794 3575 3801 ’

2177 3994 2268 4049 XI.
2310 3994 2419 4049 Kal
2461 3994 2489 4046 6
2531 3993 2766 4063 Πέτροςο
2803 3989 3009 4044 Οὐκοῦν
3040 3989 3134 4044 τοῦ
3174 3991 3358 4045 λοιποῦ
3391 3991 3672 4047 σπεύδοντί

2111 4103 2190 4139 σοι
2215 4086 2283 4139 τὰ
2308 4086 2449 4140 κατὰ
2469 4085 2569 4157 τὴν
2598 4083 2870 4155 ἡμετέραν
2905 4082 3198 4156 θρησκείαν
3233 4084 3440 4155 μαθεῖν,
3471 4085 3672 4153 ὀφείλω

2106 4182 2178 4251 τῇ
2205 4179 2357 4246 τάξει
2380 4179 2470 4231 τὸν
2494 4178 2650 4247 λόγον
2679 4176 2913 4231 ἐκθεῖναι
2938 4177 3032 4232 ἀπ’
3065 4177 3230 4231 αὑτοῦ
3255 4178 3551 4249 ἀρχόμενος
3573 4177 3673 4231 τοῦ

440 4277 493 4321 et
523 4264 814 4320 ostendens
850 4263 1027 4333 ipsum
1060 4261 1236 4316 solum
1262 4259 1368 4315 dici
1396 4257 1591 4314 debere
1622 4259 1793 4315 Deum
1816 4302 1832 4328 ,
1862 4260 2002 4315 alios

2107 4272 2263 4338 Θεοῦ,
2299 4271 2392 4324 καλ⁸
2417 4270 2630 4332 δεικνὺς
2660 4270 2743 4323 ὅτι
2792 4270 2954 4323 αὑτὸν
2987 4269 3147 4341 μόνον
3185 4269 3264 4322 δεῖ
3304 4269 3482 4339 λέγειν
3510 4268 3669 4333 Θεὸν,

509 4416 536 4443 ι
575 4401 762 4457 Matth.
795 4416 848 4465 v,
875 4400 929 4455 5.

1734 4535 1968 4590 VARUS
2010 4536 2304 4592 LECTION
2309 4538 2412 4592 ES.

522 4635 565 4666 ⁸⁸
586 4631 883 4704 παθήματα
911 4629 975 4684 Ο.
1051 4632 1097 4663 ⁸⁸
1125 4630 1325 4704 ἐσθῆτα
1352 4631 1414 4687 C.
1452 4631 1627 4704 _""_Ei
1654 4630 1762 4700 γὰρ
1793 4631 1857 4704 ἐν
1884 4632 2017 4704 πᾷσι
2040 4629 2111 4683 τὰ
2149 4632 2403 4704 κτήματα
2437 4629 2718 4704 προξενεῖν
2748 4626 2854 4704 οἶδε
2882 4634 3008 4704 τοῖς.
3038 4631 3269 4704 ἔχουσινΔ
3294 4632 3669 4704 ἁμαρτήματα

438 4721 492 4773 p.
512 4702 735 4773 «acus
765 4703 1019 4773 κτήματα
1050 4703 1162 4772 ἁμα

1272 4716 1416 4772 ματα
1443 4696 1509 4756 0.
1536 4696 1678 4754 Ideni
1709 4696 1815 4755 ser.
1839 4700 2143 4775 όπώσποτε.
2179 4696 2336 4754 ⁸⁸⁷11³
2362 4700 2407 4754 0
2445 4696 2531 4775 _c.
2561 4701 2641 4775 S__,
2670 4700 2870 4775 gestia;
2883 4701 2943 4755 C.
2974 4696 3224 4757 Occurrit
3246 4696 3668 4775 ΐονὶηεέίλᾷμην

442 4767 600 4850 iLob.
645 4767 933 4850 Ph_ryn._”p.
962 4767 1111 4837 l85),
1138 4767 1765 4850 nouantemhquantpm
1790 4771 2251 4850 sciant,haoristu_s
2277 4782 2383 4850 act.
2406 4767 2554 4850 sila.
2585 4771 2655 4850 Si
2673 4769 2809 4824 Tum
2828 4787 2901 4850 _p.
2927 4775 2999 4850 τά
3025 4787 3221 4850 sensus
3247 4773 3482 4841 postulat
3505 4767 3666 4850 εἶναὶ,

438 4858 548 4924 esse
572 4845 625 4896 in
647 4838 1174 4924 cugiusvis'p‘gtestate.
1303 4840 1341 4894 S
1393 4838 1654 4924 maluerit
1669 4840 1840 4924 6310;.
1865 4840 1960 4924 )1
1981 4838 2117 4924 Dedi
2145 4840 2496 4924 καὶ-τάλιάθη
2520 4856 2579 4924 (ξι.
2617 4842 2681 4924 0,
2712 4840 2853 4924 κατὰ
2883 4843 3047 4924 πᾶσιν
3075 4838 3261 4924 (lectio
3290 4838 3669 4924 monstruosa)

439 4915 479 4964 (ἒ
510 4953 523 4974 ,
555 4906 963 4981 παντάπασινὸ
1021 4928 1086 4966 ex
1110 4911 1441 4981 conjectura.
1508 4910 1575 4981 ,ἔθη
1595 4908 1722 4981 τόᾲο
1751 4950 1765 4974 ,
1798 4909 1893 4981 τοῦ
1921 4908 1988 4970 C,
2017 4906 2111 4981 0._
2157 4909 2372 4981 “lta‘O
2438 4906 2496 4966 (ιζ
2519 4911 2559 4964 S
2586 4951 2599 4974 ,
2635 4911 2856 4981 ὑπάρχῃ
2884 4912 2943 4965 (3.
2978 4906 3115 4981 Tutu
3149 4913 3312 4968 omisi
3342 4914 3406 4969 Ci
3439 4922 3512 4973 τά
3539 4906 3669 4970 ante

437 4981 615 5045 ἄλλως
635 5000 683 5037 c.
732 4979 796 5036 0.

893 4968 1231 5044 ⁶¹τοσῶς⁰ί
1284 4980 1420 5035 υιδ·
1497 4979 1700 5050 "ﬁt—Cl
1752 4968 2131 5050 mox“;
2209 4979 2253 5010 ιι
2283 4977 2399 5033 εἶτα
2431 4982 2554 5050 add.
2581 4968 2629 5035 ε.
2662 4968 2917 5050 ο.·’ῖεή

2960 4980 3054 5054 τοῦ
3086 4982 3319 5054 πένητος
3351 4985 3533 5047 πενία,
3570 4984 3668 5038 ἐὰν

437 5052 684 5152 ὀρέγεται
703 5052 977 5123 (ὀρέγηται
1014 5051 1254 5106 var.lect.
1284 5066 1370 5122 ap.
1416 5050 1502 5117 ϐ.)
1537 5044 1611 5103 ὧν
1639 5051 1701 5102 οὐ
1731 5050 1856 5119 χρή.
1889 5044 2267 5120 ὥστε’(ὥσπερ
2295 5051 2441 5120 conj.
2476 5049 2516 5105 S
2545 5054 2561 5117 )
2590 5051 2736 5114 τινὲς
2766 5054 2832 5122 τῇ
2867 5044 3186 5123 π’ροαίρεσει
3212 5044 3564 5107 ’πλουτοῦσιν
3597 5056 3659 5108 (2.
3730 5072 3739 5087 ι

440 5123 460 5151 6
511 5122 749 5152 Ριιηιιιιιιιο
810 5122 953 5152 D421-
997 5135 1011 5152 ι
1073 5120 1177 5152 ΧΠἾ
1240 5119 1278 5152 ε
1375 5122 1416 5152 ιτ
1449 5119 1521 5152 In:
1557 5120 1594 5152 ἓ
1646 5119 1723 5152 ἔφη
1769 5118 1930 5152 nam“.
1958 5120 2361 5152 ἢηηΛς-Ᾰιυηιυι-ρι-
2394 5122 2433 5152 l‘
2482 5130 2528 5152 nl
2563 5120 2608 5152 Π
2660 5122 2750 5152 ηιιῖ
2777 5138 2864 5152 ιιι-ι
2950 5138 3042 5152 ειιη
3117 5126 3212 5152 ..-ι
3267 5143 3292 5152 ..
3339 5122 3634 5152 εη.1.ι;ι.....ι

440 5118 485 5193 “_
511 5118 968 5193 Creditet°,_Beitr.
997 5135 1033 5176 ι.
1073 5120 1197 5193 ξθῚ.
1375 5122 1416 5153 ⁸⁷
1449 5119 1528 5193 Ita
1557 5120 1595 5173 S
1645 5119 1728 5172 ὅτι
1767 5118 1930 5189 μηδὲν
1958 5118 2361 5188 ἁμαρτάνοντες
2394 5118 2435 5176 C
2481 5130 2534 5176 et
2563 5120 2608 5175 0
2659 5122 2753 5191 qui
2776 5118 2887 5176 oin.
2913 5118 2924 5122 ’
2950 5118 3065 5193 seq.
3117 5126 3214 5179 καί
3266 5143 3297 5179 a
3339 5122 3658 5179 Sadditum.

435 5190 535 5264 τὴν
568 5192 647 5246 ἐλ.
677 5190 821 5256 8,Ο,
844 5192 942 5262 τῆς
962 5193 1041 5244 ἐλ.
1075 5191 1137 5246 C.
1215 5191 1259 5222 ⁸⁸
1287 5190 1465 5259 ἔχουσι
1494 5190 1557 5244 0.

1719 5346 2082 5406 VARIORUM
2118 5346 2351 5403 NOTAE.

508 5463 618 5535 (46)
645 5457 711 5521 Ἀ
746 5461 1070 5535 κεκτήμεθα
1098 5462 1363 5535 πλείονα,
1385 5471 1487 5519 etc.
1524 5461 1845 5535 Duriuscule
1868 5472 1995 5518 sunt
2097 5463 2390 5535 verborum
2420 5462 2648 5516 istorum
2687 5453 2901 5535 inlita
2926 5449 3044 5511 Nili
3066 5458 3515 5535 junioris_._quam
3537 5456 3660 5535 llo-

438 5527 845 5619 lnc'enadversug
872 5527 1088 5619 divitias
1129 5532 1327 5619 dicta“:
1351 5527 1507 5619 unde
1548 5550 1579 5588 a
1624 5532 1990 5619 Me‘taIph'raste
2091 5549 2203 5619 ima:
2224 5532 2492 5619 edendam
2505 5530 2729 5619 ﬁcuraviat
2750 5528 3038 5619 ‘Mat‘thmus
3068 5527 3434 5619 Ltaryppllilus
3529 5527 3661 5619 με,

436 5603 754 5656 molliuntur
798 5599 1035 5661 Epitome
1063 5617 1182 5726 cap.
1218 5602 1340 5657 127.
1386 5604 1542 5659 Certe
1580 5605 1718 5673 apud
1753 5599 1988 5674 Epipha-

436 5672 588 5726 ninm
620 5672 811 5726 haeresi
836 5672 925 5726 '50.
949 5688 1068 5726 can.
1097 5673 1121 5725 1
1170 5714 1183 5726 .
1213 5671 1768 5726 Ebionreiuloriantur
1785 5691 1845 5726 se
1860 5689 1982 5726 esse

436 5672 588 5730 nium
620 5672 811 5726 haeresi
836 5672 925 5733 '50,
949 5688 1068 5739 cap.
1097 5672 1183 5739 17,

2091 5603 2197 5658 hoc
2211 5600 2889 5671 ῃδοιοεΜάθετε,άδελφοὶ,
2910 5599 3086 5661 τοῦτο,
3109 5600 3188 5671 δτι
3212 5601 3242 5668 η
3266 5599 3374 5671 τῶν
3399 5599 3664 5671 πραγμάρ-

1213 5671 1452 5729 Ebionzei
1467 5667 1768 5746 gloriantur
1785 5667 1845 5730 se
1856 5667 1982 5729 esse
2088 5690 2195 5726 των
2212 5667 2565 5746 όταιξσδήτξοτε
2593 5667 2863 5742 στέρησις,
2892 5667 3299 5742 ἁμαρτημάτων
3322 5667 3470 5721 ἐστὶν
3495 5667 3666 5739 ’ἀφαί-

422 5756 503 5795 -ac
524 5742 981 5810 νοτίῃ-ἱπτωχούς.
1012 5741 1195 5799 Inveni
1216 5752 1393 5799 autem
1413 5741 1733 5816 usurpatum
1768 5760 1978 5800 comma
2094 5760 2262 5811 ρεσις.
2297 5741 2431 5796 Cor;
