4040 6146
342 350 449 408 565

1468 344 1919 401 CLEMENTINA.
1950 381 2017 390 -—
2054 348 2335 404 IlOMlLlA
2373 351 2507 406 XVI.

3461 363 3564 417 306

340 468 560 539 ἐτέρους
594 464 653 519 δὲ
696 464 834 536 μήτε
880 462 1056 530 λέγειν
1072 460 1117 492 ⁸⁸
1159 460 1294 532 μήτε
1334 459 1574 530 νομίζειν
1598 499 1613 525 ,
1644 462 1737 513 καὶ
1767 461 1848 512 ὅτι
1877 461 1905 511 ὁ

2011 478 2141 516 vero
2164 478 2262 517 nec
2300 463 2406 517 diri
2439 479 2537 519 nec
2558 466 2881 531 existimari,
2913 470 3186 527 hominem
3218 486 3395 529 autem
3416 515 3429 539 ,
3469 478 3562 545 qni

340 562 493 632 παρὰ
515 560 674 614 τοῦτο
703 557 873 612 ποιῶν
910 555 1140 617 αἰωνίως
1181 553 1294 625 ἔχει
1327 552 1653 623 κολασθῆναι
1677 594 1692 619 ,
1720 553 1795 617 ὡς
1825 554 1907 615 εἰς

340 654 503 711 αὑτὸν
536 653 628 706 τὸν
650 652 759 705 τῶν
790 651 925 704 ὅλων
963 648 1227 719 δεσπότην
1253 644 1526 716 ἀσεϐήσας
1549 644 1617 698 τὰ
1652 645 1902 715 μέγιστα.

340 747 451 802 Kal
472 745 647 800 ταῦτα
668 742 837 797 εἰπὼν
862 741 957 796 καὶ
979 744 1090 804 τοῖς
1114 740 1217 794 ὑπὸ
1239 737 1424 793 παθῶν
1449 738 1792 809 όχλουμένοις
1811 739 1905 791 καὶ

339 836 551 892 νοσοῦσι
573 838 667 891 καὶ
687 834 980 906 δαιμονῶσι
993 834 1039 866 ⁷ο
1062 832 1160 896 τὰς
1181 834 1369 902 χεῖρας
1400 828 1609 893 ἐπιθεὶς
1640 830 1734 883 καὶ
1756 828 1907 893 εὐξά-

343 946 502 1001 μενος
537 929 633 983 καὶ
680 929 968 999 ἰασάμενος
998 926 1234 979 ἀπέλυσε
1260 925 1387 988 τοὺς
1415 923 1622 995 ὄχλους.
1666 925 1775 978 Kal
1807 921 1905 978 εἷθ’

339 1019 511 1083 οὕτως
550 1018 734 1074 εἰσιὼν
768 1019 874 1073 τῶν
909 1017 1369 1090 συνηθεστέρωντί
1403 1018 1546 1073 ἀλῶν
1591 1018 1907 1089 μεταλαϐὼν

340 1110 606 1169 ὑπνωσεν.

326 1354 333 1355 ί
834 1294 998 1367 316
1043 1293 1300 1349 ὈΜΙΛΙΑ
1335 1294 1449 1361 Iq'.

412 1405 454 1460 1.
496 1404 732 1478 Ὀρθρου
758 1405 816 1458 δὲ
841 1402 997 1472 ἐξιὼν
1021 1406 1051 1458 ὁ
1082 1405 1286 1477 Πέτρος
1308 1406 1401 1459 καὶ
1432 1404 1658 1469 ἐπιστὰς
1680 1407 1775 1461 ἐπὶ
1813 1408 1904 1460 τὸν

341 1494 544 1568 συνήθη
568 1496 664 1550 τοῦ
685 1496 1023 1565 διαλέγεσθαι
1049 1496 1211 1550 τόπον
1235 1497 1391 1567 ὄχλον
1409 1497 1574 1551 πολὺν
1598 1499 1905 1552 συνεστῶτα

340 1588 478 1644 εἶδεν
495 1591 562 1644 ⁷³.
584 1590 694 1644 Kal
719 1588 936 1661 ἆμαοτῷ
957 1589 1169 1660 μέλλειν
1190 1588 1530 1657 διαλέγεσθαι
1551 1590 1714 1643 αὑτὸν
1733 1590 1903 1661 εἰσῄει

338 1698 425 1745 τις
448 1680 557 1735 τῶν
595 1680 759 1736 αὑτοῦ
803 1680 1060 1734 διακόνων
1086 1679 1256 1749 λέγων
1279 1698 1293 1710 -
1337 1680 1518 1751 Σίμων
1557 1681 1664 1735 ἀπὸ
1700 1681 1903 1736 Ἀντιο-

339 1775 494 1845 χείας
540 1773 814 1845 ἐληλυθὼς
852 1774 937 1827 ἐπ’
955 1774 1001 1805 ⁷³
1031 1773 1204 1843 αὑτῆς
1235 1773 1498 1846 ἑσπέρας,
1533 1773 1721 1845 μαθὼν
1769 1776 1903 1830 ὑπο-

2007 567 2164 606 secus
2213 550 2436 620 fecerit,
2468 564 2728 625 perpetuo
2761 560 3028 628 supplicio
3076 566 3456 633 multandum,
3502 577 3563 622 ut

2006 644 2100 712 qui
2143 643 2197 696 in
2232 643 2408 713 ipsum
2441 646 2820 703 universorum
2853 651 3140 709 Dominum
3187 659 3423 714 maxime
3455 660 3559 714 im-

2005 734 2129 805 pius
2174 738 2459 791 exstiterit.
2504 736 2680 809 Atque
2722 738 2810 796 his
2850 742 3047 811 dictis,
3096 762 3330 817 cumque
3378 751 3563 822 aliqua

2006 825 2355 896 perpessione
2377 826 2665 896 infestatis,
2693 834 3081 901 aegrotantibus
3130 846 3183 891 et
3209 838 3563 899 daemoniaeis

2007 915 2360 985 imposuisset
2395 935 2610 986 manus,
2643 922 2768 976 item
2802 933 3053 993 precatus
3082 936 3226 983 esset
3249 945 3313 985 ac
3340 946 3434 986 eos
3468 949 3566 987 cu-

2008 1016 2219 1071 rasset,
2252 1008 2459 1064 dimisit
2507 1013 2786 1083 populum.
2824 1014 2888 1069 Et
2917 1028 3100 1085 postea
3144 1019 3217 1072 ita
3261 1020 3561 1091 ingressus,

2009 1100 2169 1156 solito
2199 1101 2492 1158 admodum
2527 1104 2651 1160 cibo
2680 1117 2969 1178 percepto,
2994 1124 3266 1187 sesomuo
3288 1112 3456 1168 dedit.

2551 1287 2833 1344 HOMlLlA
2869 1290 3010 1347 XVI.

2078 1397 2118 1452 1.
2158 1398 2314 1454 Mane
2342 1416 2472 1454 vero
2499 1417 2753 1470 egressus
2785 1401 3008 1469 Petrus,
3041 1421 3163 1461 cum
3211 1409 3450 1464 venisset
3498 1412 3568 1467 ad

2007 1489 2210 1554 locum,
2235 1490 2291 1545 in
2315 1505 2425 1559 quo
2447 1490 2714 1547 disserere
2742 1492 2967 1559 solebat,
2988 1495 3258 1568 ingentem
3283 1499 3565 1555 hominum

2009 1582 2409 1637 multitudinem
2456 1584 2777 1640 convenisse
2816 1586 2969 1641 vidit.
3021 1586 3090 1642 Et
3136 1588 3301 1645 simul
3343 1608 3409 1649 ac
3451 1594 3569 1664 ipse

2000 1672 2114 1743 jam
2147 1685 2295 1729 esset
2322 1674 2606 1730 locuturus
2627 1717 2643 1741 ,
2676 1676 2917 1731 introivit
2945 1679 3167 1747 quidam
3190 1697 3258 1736 ex
3299 1683 3420 1754 ejus
3448 1683 3569 1740 dia-

2005 1765 2181 1829 conis,
2216 1766 2446 1820 dicens:
2483 1764 2705 1833 Simon,
2756 1768 2850 1838 qui
2885 1770 2953 1824 ab
2980 1769 3272 1827 Antiochia
3312 1774 3431 1845 ipsa
3469 1793 3568 1832 ve-

343 1866 602 1938 σχόμενόν
650 1883 709 1920 σε
738 1866 830 1920 τὸν
866 1866 994 1937 περὶ
1028 1867 1322 1937 μοναρχίας
1361 1866 1627 1920 ποιεῖσθαι
1665 1865 1819 1935 λόγον
1836 1868 1903 1933 ⁷⁸,

2007 1871 2164 1926 spera
2196 1857 2380 1921 venit,
2412 1858 2643 1914 audiens
2694 1870 2745 1915 te
2792 1862 3110 1931 promisisse
3148 1865 3215 1920 de
3250 1869 3567 1925 monarchia

339 1957 555 2029 ἕτοιμός
592 1960 708 2012 ἐστι
759 1958 896 2029 μετά
942 1975 1007 2025 γε
1026 1958 1071 1989 ⁷⁸
1116 1957 1478 2030 Ἀθηνοδώρου
1522 1959 1617 2012 τοῦ
1656 1960 1907 2014 Ἐπικου-

345 2049 491 2121 ρείου
525 2048 890 2121 διαλεγομένῳ
928 2065 1011 2102 σοι
1050 2046 1313 2113 ἐπελθεῖν,
1347 2048 1483 2120 πρὸς
1512 2050 1574 2115 τρ
1610 2050 1908 2120 ἀντιλέγειν

340 2142 573 2213 δημοσίᾳ
596 2143 730 2195 πᾶσι
760 2144 872 2203 τοῖς
892 2141 998 2195 ὑπὸ
1023 2140 1117 2193 σοῦ
1139 2140 1421 2194 όπώσποτε
1448 2143 1589 2210 ὑπὲρ
1614 2145 1910 2215 μοναρχίας

341 2231 654 2305 λεγομένοις
701 2232 899 2301 λόγοις.
953 2231 1136 2285 Ταῦτα
1186 2231 1280 2285 τοῦ
1329 2233 1574 2287 διακόνου
1621 2233 1905 2303 λέγοντος,

346 2326 453 2379 ἰδοὺ
498 2326 659 2390 αὑτὸς
692 2325 860 2397 εἰσῄει
895 2324 1074 2394 Σίμων
1114 2324 1251 2394 μετὰ
1297 2323 1656 2397 Ἀθηνοδώρου
1686 2326 1778 2380 xal
1809 2326 1907 2380 ἄλ-

341 2417 447 2472 λων
499 2419 660 2473 τινῶν
718 2418 826 2471 τῶν
879 2416 1191 2488 ἐταίρωντε,
1251 2416 1344 2469 καὶ
1398 2416 1504 2487 πρὸ
1553 2416 1648 2470 τοῦ
1701 2434 1754 2470 τι
1813 2418 1907 2472 τὸν

341 2510 546 2583 Πέτρον
574 2509 900 2581 φθέγξασθαι
934 2511 1094 2573 αὑτὸς
1124 2507 1406 2581 προλαϐὼν
1438 2507 1571 2580 ἔφη·

415 2686 476 2742 Il.
524 2686 761 2760 Ἔμαθον
799 2687 874 2750 ὼς
900 2687 1135 2757 ὑπέσχου
1166 2685 1319 2756 ἐχθὲς
1337 2686 1382 2718 ⁷⁷
1419 2686 1497 2758 τῷ
1528 2687 1753 2758 Φαύστῳ
1777 2729 1793 2753 ,
1826 2689 1907 2753 είς

341 2778 438 2850 τὴν
474 2778 708 2851 σήμερον
745 2777 913 2842 δεῖξαι
946 2782 1011 2850 τῇ
1047 2776 1197 2842 τάξει
1229 2777 1318 2830 τὸν
1360 2777 1515 2847 λόγον
1550 2778 1867 2850 ποιούμενος
1888 2820 1903 2844 ,

345 2871 435 2924 οιαὶ
465 2871 559 2925 ἀπ’
590 2871 753 2924 αὑτοῦ
787 2870 1082 2942 ἀρχόμενος
1110 2868 1205 2923 τοῦ
1228 2870 1336 2923 τῶν
1366 2870 1501 2924 ὅλων
1522 2870 1803 2935 δεσπότου,
1825 2872 1905 2924 ὃτι

344 2962 502 3016 αὑτὸν
538 2963 695 3033 μόνον
720 2963 800 3015 δεῖ
820 2961 995 3031 λέγειν
1027 2961 1158 3015 Θεὸν
1171 2962 1237 3026 ⁷³,
1260 2962 1451 3027 ἄλλους
1480 2964 1536 3017 δὲ
1564 2965 1700 3036 μήτε
1726 2964 1906 3034 λέγειν

347 3056 478 3125 μήτε
510 3055 749 3125 νομίζειν
772 3094 786 3118 ,
833 3054 913 3107 ὅτι
936 3054 963 3105 ὁ
990 3054 1141 3126 παρὰ
1168 3054 1324 3107 τοῦτο
1363 3055 1529 3108 ποιῶν
1553 3057 1783 3120 αἰωνίως
1816 3075 1906 3110 κο-

341 3143 600 3214 λασθῆναι
635 3145 767 3216 ἔχει.
796 3143 911 3217 Πρὸ
938 3145 1152 3200 πάντων
1178 3146 1235 3199 δέ
1274 3146 1487 3217 ἀληθῶς
1518 3147 1905 3220 καταπεπληγ-

2009 1961 2104 2001 seu
2137 1948 2441 2019 principatu
2476 1950 2639 2005 unius
2662 1951 2822 2005 verba
2853 1967 2974 2008 esse
3004 1952 3276 2011 facturum
3300 1997 3317 2023 ,
3344 1970 3567 2029 paratus

2008 2050 2093 2095 est
2128 2057 2237 2095 una
2271 2059 2395 2098 cum
2450 2045 2800 2102 Athenodoro
2830 2046 3096 2118 Epicureo
3144 2053 3241 2107 tibi
3264 2034 3565 2112 .disserenti

2008 2131 2355 2202 intervenire,
2390 2146 2448 2189 ut
2488 2138 2667 2206 palam
2716 2138 2995 2212 impugnet
3020 2146 3205 2201 omnia
3227 2162 3568 2217 quaecunque

2007 2239 2106 2293 pro
2149 2227 2467 2282 monarchia
2514 2244 2545 2282 a
2591 2238 2644 2285 te
2680 2232 3176 2305 qnomodocunque
3220 2236 3568 2306 proferentur

2006 2314 2192 2369 verba.
2226 2314 2351 2371 Haec
2382 2318 2594 2373 dicente
2632 2320 2866 2376 diacono
2904 2338 3031 2379 ecce
3060 2325 3339 2396 ingressus
3366 2338 3450 2382 est
3479 2330 3566 2383 Si-

2008 2420 2136 2460 mon
2161 2422 2283 2460 cum
2311 2409 2663 2465 Athenodoro
2684 2411 2915 2482 aliisque
2946 2415 3222 2469 nonnullis
3250 2417 3563 2473 sodalibus:

2006 2505 2092 2561 et,
2126 2508 2251 2552 ante
2279 2514 2441 2568 quam
2475 2499 2667 2556 Petrus
2699 2503 2902 2573 aliquid
2952 2504 3245 2572 proferret,
3277 2508 3392 2577 ipse
3418 2510 3564 2564 anti-

2006 2587 2195 2658 oipans
2224 2590 2300 2645 ait
2328 2608 2341 2642 :

2082 2681 2146 2736 ll.
2186 2681 2460 2753 Comperi,
2494 2695 2545 2740 te
2572 2686 2686 2741 heri
2712 2685 2912 2743 Fausto
2933 2690 3233 2759 pollicitum
3258 2707 3401 2758 esse,
3419 2697 3566 2764 quod

2008 2773 2170 2828 hodie
2210 2775 2398 2830 habito
2445 2792 2697 2833 sermone
2723 2779 2915 2834 ordine
2943 2796 3094 2838 esses
3122 2792 3476 2853 ostensurus,
3512 2797 3568 2843 et

2004 2862 2313 2933 incipiendo
2342 2864 2411 2919 ab
2436 2865 2554 2936 ipso
2578 2868 2956 2923 universorum
2980 2871 3220 2940 domino,
3239 2891 3365 2930 eum
3390 2878 3567 2932 solum

2007 2953 2294 3010 dicendum
2325 2972 2447 3013 esse
2480 2957 2649 3013 Deum
2670 3002 2684 3024 ,
2732 2959 2871 3017 alios
2900 2978 3028 3018 vero
3074 2980 3251 3037 neque
3284 2967 3562 3037 dicendos,

2008 3060 2186 3115 neque
2219 3046 2641 3117 existimandos,
2672 3052 2967 3119 quoniam,
3009 3054 3104 3124 qui
3156 3073 3314 3114 secus
3343 3058 3564 3125 fecerit,

2008 3148 2270 3206 perpetuo
2299 3141 2565 3209 supplicio
2598 3144 2934 3199 multabitur.
2984 3149 3124 3201 Ante
3170 3151 3353 3206 omnia
3384 3165 3566 3209 autem

348 3232 443 3305 ιίαί
484 3252 577 3290 σου
617 3237 717 3308 τήν
762 3238 1022 3290 ἀπόνοιαν
1041 3238 1124 3301 τ’,
1158 3238 1239 3290 ὅτι
1274 3237 1505 3308 ήλπισας
1547 3240 1625 3302 είς
1668 3238 1766 3310 τὴν
1809 3240 1905 3311 σὴν

2009 3245 2134 3283 vere
2154 3230 2465 3285 vecordiam
2494 3242 2640 3286 tuam
2671 3235 2970 3292 demiratus
3003 3248 3125 3292 sum
3151 3281 3167 3304 ,
3190 3244 3335 3310 quod
3372 3260 3567 3314 spera-

344 3326 592 3397 βούλησιν
622 3332 943 3398 μεταπεῖσαι
1002 3320 1168 3400 ἄν’δρα
1206 3329 1398 3397 σοφὸν,
1433 3330 1727 3383 καὶταῦτα
1770 3349 1906 3402 πρε-

347 3421 562 3492 σϐύτην,
610 3421 749 3474 Ἀλλ’
794 3422 894 3474 οὑκ
919 3421 1175 3495 ἐπιτεύξῃ
1212 3420 1318 3473 τῶν
1360 3420 1466 3473 σῶν
1510 3420 1905 3492 βουλευμάτων,

340 3512 511 3585 ταύτῃ
540 3511 755 3584 μᾶλλον,
782 3513 1045 3585 παρόντος
1070 3513 1223 3583 ἐμοῦ,
1253 3512 1347 3565 καὶ
1378 3512 1505 3576 τοὺς
1518 3512 1677 3582 317
1696 3512 1908 3581 ψευδεῖς

343 3620 436 3657 σου
458 3600 817 3675 διελέγχοντος
843 3604 1054 3673 λόγους.
1074 3605 1232 3669 Ἴσως
1251 3602 1359 3676 γὰρ
1388 3603 1519 3675 ἐμοῦ
1548 3605 1622 3675 μὴ
1644 3605 1908 3676 παρόντος

338 3696 597 3769 ἠπατήθη
632 3697 702 3751 ἂν
736 3699 764 3749 ὁ
796 3698 956 3766 σοφὸς
992 3698 1200 3769 γέρων,
1240 3695 1453 3766 ἰδιώτης
1497 3694 1570 3749 ὢν
1615 3696 1724 3749 τῶν
1758 3697 1909 3768 παρὰ

355 3790 630 3853 Ἰουδαίοις
673 3784 909 3860 δημοσίᾳ
938 3790 1380 3860 πεπιστευμένων
1397 3789 1442 3820 ⁸⁸
1466 3788 1681 3859 βίϐλων.
1705 3790 1815 3843 Kal
1846 3790 1907 3843 τὸ

338 3882 434 3935 νῦν
460 3881 588 3944 τοὺς
618 3880 841 3944 πολλοὺς
866 3880 1237 3952 ὑπερθήσομαι
1263 3879 1485 3948 λόγους,
1517 3881 1605 3935 ἵνα
1640 3880 1739 3951 τῆς
1776 3882 1908 3935 ὑπο-

342 3971 579 4044 σχέσεόλς
610 3989 702 4027 σου
740 3973 926 4044 τάχιον
954 3973 1045 4025 τὸν
1080 3972 1297 4043 ἔλεγχον
1342 3978 1671 4043 ποιήσωμαι.
1702 3973 1793 4026 Διὸ
1820 3975 1905 4043 ἐφ’

336 4065 497 4137 ήμῶν
517 4060 695 4119 αὐτῶν
716 4064 817 4128 τὰς
844 4064 1066 4135 Γραφὰς
1094 4063 1309 4117 εἰδότων
1327 4102 1342 4127 ,
1377 4063 1405 4116 ὃ
1433 4062 1668 4135 ὑπέσχου
1707 4063 1904 4134 λέγειν,

339 4157 521 4229 ἄρξαι.
560 4159 621 4211 Εἰ
646 4156 701 4210 δὲ
727 4157 818 4210 τὸν
848 4156 1068 4226 ἔλεγχον
1096 4156 1410 4227 αἰδούμενος
1440 4158 1523 4225 ἐφ’
1557 4157 1709 4227 ήμῶν
1730 4158 1906 4210 αὐτῶν

336 4248 492 4321 τὴν⁸¹
532 4248 824 4318 ὑπόσχεσιν
868 4248 1195 4321 παραλιπεῖν
1229 4246 1436 4311 θέλεις,
1486 4247 1765 4319 αὐτάρκης
1812 4249 1907 4301 xal

328 4341 512 4405 ὀὕτως
533 4342 567 4411 ἡ
598 4337 871 4404 ἀπόδειξις
902 4341 983 4393 ὅτι
1011 4337 1181 4410 ψεύδῃ
1199 4338 1268 4402 ⁸⁸,
1298 4338 1420 4392 καθ’
1448 4339 1530 4391 ὅτι
1560 4340 1651 4391 ἐπὶ
1677 4338 1785 4392 τῶν
1810 4337 1907 4402 τὰς

340 4434 562 4506 Γραφὰς
594 4433 809 4486 εἰδότων
834 4433 1005 4485 εἰπεῖν
1037 4431 1137 4484 οὑκ
1161 4430 1483 4502 ἐτόλμησας.
1510 4431 1619 4484 Kal
1643 4429 1736 4483 νῦν
1767 4420 1824 4483 δὲ
1854 4431 1906 4482 τί

2008 3322 2150 3375 veris
2177 3330 2230 3375 te
2256 3336 2414 3390 posse
2456 3323 2511 3376 in
2549 3334 2697 3378 tuam
2728 3327 3051 3381 sententiam
3083 3328 3350 3387 adducere
3388 3335 3564 3390 virum

2009 3412 2327 3480 sapientem,
2357 3415 2423 3469 ad
2453 3415 2567 3470 hazc
2596 3432 2804 3472 senem.
2836 3419 2908 3472 At
2941 3435 3064 3489 qua:
3093 3421 3176 3477 vis
3212 3438 3321 3477 non
3350 3426 3566 3482 obtine-

2007 3503 2113 3571 bis,
2144 3518 2230 3559 me
2262 3507 2608 3576 potissimum
2639 3520 2900 3577 prasente
2930 3520 3165 3582 tuosque
3206 3515 3567 3587 redarguente

2006 3596 2176 3651 falsos
2208 3614 2508 3657 sermones.
2549 3602 2711 3658 Forte
2739 3606 2883 3658 enim
2914 3606 3137 3661 absente
3176 3623 3263 3664 me
3307 3610 3565 3680 deceptus

2008 3686 2201 3744 fuisset
2228 3692 2445 3761 sapiens
2492 3709 2687 3761 senex,
2721 3711 2845 3751 cum
2884 3696 3169 3766 imperitus
3200 3701 3271 3755 sit
3299 3701 3565 3758 librorum

2007 3782 2101 3850 qui
2150 3780 2353 3838 Judaﬁs
2400 3784 2576 3853 palam
2629 3798 2756 3842 sunt
2804 3789 3010 3843 traditi.
3064 3788 3130 3844 Et
3181 3806 3325 3846 nunc
3378 3793 3563 3850 multis

2007 3874 2186 3929 verbis
2231 3878 2594 3945 supersedebo
2621 3920 2635 3945 ,
2676 3889 2734 3934 ut
2767 3881 2927 3936 citius
2959 3884 3376 3951 promissionem
3415 3895 3565 3941 tuam

2008 3964 2303 4021 ennfutem.
2335 3967 2600 4034 Quocirca
2629 3984 2814 4025 coram
2842 3973 3000 4029 nobis
3032 3973 3438 4045 Scripturarum
3466 3993 3563 4047 pe-

2007 4057 2127 4112 ritis
2153 4057 2298 4127 quod
2324 4060 2598 4128 pollicitus
2622 4077 2682 4117 es
2710 4063 2888 4132 incipe
2913 4065 3111 4121 dicere.
3138 4067 3234 4121 Sin
3262 4082 3443 4125 autem
3472 4085 3564 4124 re-

2008 4148 2424 4215 prehensionem
2455 4153 2659 4207 veritus
2689 4169 2873 4208 coram
2919 4157 3076 4212 nobis
3104 4157 3189 4212 vis
3230 4160 3563 4229 promissum
3636 4148 3641 4153 ’

2007 4242 2257 4296 omittere
2280 4282 2295 4308 ,
2345 4245 2508 4298 etiam
2547 4246 2628 4300 sie
2656 4244 2928 4302 suﬂiciens
2970 4250 3075 4303 erit
3108 4251 3376 4320 probatio,
3416 4255 3567 4323 quod

2008 4329 2185 4400 fallas,
2207 4335 2644 4405 quandoquidem
2694 4352 2880 4392 coram
2914 4337 3227 4397 hominibus
3255 4341 3571 4412 Scripturas

2006 4424 2328 4481 callentibus
2355 4443 2464 4481 non
2505 4443 2677 4483 ausus
2705 4429 2783 4483 sis
2814 4429 2984 4500 loqui.
3036 4428 3104 4484 Et
3149 4448 3275 4487 vero
3312 4435 3427 4501 jam
3462 4451 3571 4489 cur

342 4540 400 4577 σε
454 4524 706 4595 ἀναμένω
754 4523 953 4592 λέγειν,
1011 4524 1261 4594 μέγιστον
1314 4521 1453 4592 ἔχων
1502 4521 1755 4593 μάρτυρα
1804 4521 1904 4591 τῆς

2006 4526 2265 4586 exspecto
2287 4528 2346 4573 ut
2367 4519 2537 4587 dicas,
2566 4523 2662 4591 qui
2693 4521 2989 4576 maximum
3021 4522 3194 4577 habeo
3221 4533 3411 4578 testem
3439 4526 3564 4595 pol-

340 4616 681 4687 ὑποσχέσεώς
714 4632 808 4669 σου
840 4614 931 4668 τόν
963 4613 1285 4687 παρεστῶτα
1314 4613 1568 4685 γέροντα;
1601 4615 1707 4668 Kal
1735 4614 1905 4667 ταῦτα

2006 4607 2324 4664 licitationis
2348 4618 2453 4665 tua:
2479 4621 2747 4666 astantem
2779 4614 3001 4667 senem?
3022 4611 3087 4667 Et
3112 4622 3234 4683 post
3262 4613 3378 4669 haec
3397 4617 3565 4670 verba

341 4707 505 4761 εἰπὼν
538 4705 812 4779 ἐμϐλέψας
838 4706 918 4777 τῷ
950 4707 1119 4778 πατρὶ
1160 4705 1295 4776 ἐφη-
1339 4705 1475 4758 Είπέ
1527 4723 1651 4776 μοι,
1698 4706 1904 4777 ἀνδρῶν

340 4798 555 4852 πάντων
584 4796 879 4869 τιμιώτατε
901 4838 915 4861 ,
962 4797 1080 4866 οὑχὶ
1100 4791 1254 4858 οὗτος
1286 4797 1316 4847 ό
1342 4797 1483 4867 ἀνὴρ
1525 4797 1790 4866 ὑπέσχετό
1823 4814 1905 4850 σοι

337 4889 505 4957 δεῖξαι
540 4891 796 4962 σήμερον,
828 4890 909 4942 ὅτι
948 4882 1027 4951 εἷς
1059 4887 1175 4940 ἐστὶ
1200 4886 1332 4951 Θεὸς
1365 4888 1459 4940 καὶ
1489 4888 1551 4940 οὑ
1584 4889 1688 4958 χρὴ
1723 4888 1906 4960 ἕτερόν

335 4999 459 5037 τινα
504 4982 684 5051 λέγειν
737 4981 771 5053 ἢ
816 4980 1054 5052 νομίζειν
1106 4978 1237 5033 Θεὸν
1258 4979 1325 5042 ⁸³,
1371 4980 1399 5031 ὁ
1429 4978 1485 5032 δὲ
1532 4979 1681 5052 παρὰ
1734 4979 1906 5035 ταῦτα

338 5074 524 5139 ποιῶν,
551 5073 629 5137 ὡς
651 5072 720 5126 τά
754 5072 983 5143 μέγιστα
1012 5071 1361 5143 ἁμαρτάνων,
1382 5071 1613 5136 αἰωνίως
1646 5072 1902 5145 κολασθῆ·

336 5181 423 5218 ναι
449 5164 596 5234 ἔχεη
627 5165 699 5217 Ἦ
719 5163 829 5235 γὰρ
856 5164 956 5217 οὑκ
988 5162 1255 5236 ἀποκρίνῃ
1288 5180 1376 5233 μοι
1399 5162 1439 5194 ⁸⁵
1468 5180 1482 5228 ;

407 5255 492 5311 Ill.
530 5258 639 5311 Kal
668 5259 697 5310 ό
727 5256 909 5328 πατὴρ
950 5255 1080 5327 ἔφη’
1116 5254 1311 5319 Καλῶς
1358 5254 1422 5308 ἂν
1460 5256 1560 5328 τὴν
1598 5258 1901 5329 μαρτυρίαν

2005 4706 2212 4767 patrem
2235 4701 2486 4768 intuitus,
2514 4702 2589 4757 ait
2618 4721 2632 4756 :
2662 4703 2758 4757 Dic
2778 4700 2929 4770 mihi,
2956 4706 3198 4760 virorum
3228 4708 3563 4775 praastantis-

2006 4791 2179 4855 sime,
2205 4808 2386 4847 nonne
2428 4794 2528 4848 iste
2559 4797 2722 4848 homo
2760 4794 2855 4850 tibi
2885 4797 3158 4865 pollicitus
3185 4807 3268 4853 est
3310 4808 3562 4854 ostensu-

2003 4898 2124 4937 rum
2152 4899 2209 4939 se
2238 4884 2393 4939 hodie
2414 4902 2580 4940 unum
2615 4887 2782 4941 Deum
2805 4904 2943 4953 esse,
2964 4905 3060 4944 nec
3088 4890 3251 4944 alium
3276 4892 3565 4947 dicendum

2007 4984 2101 5030 aut
2128 4977 2434 5031 habendum
2466 4978 2632 5032 Deum
2655 5021 2668 5042 ,
2698 4961 2847 5033 illum
2882 4991 3084 5048 autem,
3114 4984 3207 5052 qui
3239 5000 3398 5041 secus
3422 4985 3565 5041 fect--

2007 5066 2097 5133 rit,
2118 5081 2370 5139 tanquam
2401 5079 2736 5139 peccatorem
2759 5073 3053 5127 maximum
3079 5085 3337 5145 perpetuo
3366 5079 3566 5147 suppli-

2010 5162 2096 5215 cio
2115 5162 2455 5216 multandum
2478 5163 2634 5217 esse?
2652 5163 2732 5217 An
2763 5165 2907 5218 enim
2944 5182 3048 5219 non
3070 5168 3363 5237 respondes
3390 5170 3564 5223 mihi?

2080 5251 2167 5308 lll.
2212 5253 2505 5324 Respondit
2550 5265 2702 5324 pater
2737 5273 2749 5310 :
2786 5257 2948 5313 llecte
2992 5273 3023 5311 a
3068 5274 3153 5313 me
3190 5261 3563 5317 testimonium

1642 5397 1725 5450 VA
1734 5396 1871 5451 RUE
1909 5396 2312 5453 LECTIONES.

406 5485 724 5561 ⁶⁹Αλέλέγειν
759 5488 884 5561 (sic)
906 5489 968 5561 Ο.
1045 5491 1093 5523 ⁷⁸
1122 5489 1438 5561 δαιμονιῶσι
1476 5492 1535 5547 C.
1610 5493 1654 5522 '“
1680 5491 1932 5561 συνήθων
1964 5492 2009 5547 0
2041 5534 2053 5555 ,
2100 5493 2242 5561 quod
2269 5503 2504 5560 praestat.

338 5557 381 5610 Ι)
410 5600 425 5622 ,
453 5559 545 5612 ἀπ’
566 5558 720 5625 C,0.
756 5557 775 5629 ς
824 5559 869 5591 ’⁸
900 5560 1072 5629 λέγων
1115 5558 1179 5613 Ο.
1218 5557 1228 5561 ’
1306 5561 1357 5593 τ’
1384 5578 1471 5629 γε,
1498 5576 1608 5615 om.
1663 5559 1727 5615 Ο.

2606 5498 2653 5560 ’γ’
2680 5495 2754 5550 lta
2779 5493 2825 5550 Ο
2885 5511 2933 5549 c.
2964 5494 3013 5548 S
3042 5536 3057 5560 ,
3098 5496 3202 5550 ἴδεν
3232 5497 3295 5551 C.

3400 5501 3445 5532 ⁷⁸
3472 5502 3561 5553 ἐπ’

1824 5578 1933 5636 ιιηιΔ
1979 5559 2417 5636 διαξγομένιμο
2485 5580 2535 5636 c.
2592 5559 2758 5636 Epit,
2813 5565 3189 5636 διαλεγομένου
3247 5567 3308 5623 C.
3376 5570 3422 5601 ⁷⁸
3451 5570 3560 5624 τῶν

337 5630 565 5701 ἑταίρων
596 5623 710 5701 om:
741 5627 805 5682 Ο.
872 5630 945 5701 7"
974 5623 1107 5701 ’χθές
1270 5631 1337 5701 ῌ⁷⁸
1372 5623 1503 5685 Θεόν
1528 5632 1649 5685 addi
1675 5633 1709 5685 li
1749 5646 1872 5685 cum
1899 5630 1942 5686 0
1988 5642 2043 5687 et
2068 5623 2215 5701 Epit:
2312 5623 2358 5663 ²¹⁹
2393 5623 2652 5701 πρόνοιαν
2671 5635 2710 5687 C
2788 5623 3042 5701 ὑπόνοιαν
3067 5631 3115 5701 [ἢ

2312 5631 2358 5663 ⁷⁸
2393 5634 2710 5702 πρόνοιανο
2740 5674 2755 5695 ,
2788 5631 3042 5702 ὑπόνοιαν
3067 5631 3210 5702 Εριι.
3316 5638 3361 5671 ⁸ο
3393 5656 3561 5692 πεπι-

335 5694 630 5781 ττωμένων
739 5738 753 5762 ,
777 5700 881 5781 qui
914 5694 1110 5781 deinde
1133 5698 1205 5753 τὰ
1233 5697 1345 5781 νὺν.
1419 5701 1484 5781 1"
1502 5702 1601 5781 σήν
1625 5701 1684 5781 (ξι
1735 5712 1784 5756 et
1814 5702 1888 5781 Su
1907 5694 2303 5781 ξιινξιίεςοιοιιιιλ
2354 5694 2505 5781 “"lta
2529 5701 2600 5781 0_
2620 5719 2667 5755 ιτ.
2773 5745 2785 5767 ,
2811 5694 3009 5781 ψευδῂς
3040 5694 3212 5781 0,ῂυὶ
3248 5710 3392 5777 conj.
3428 5708 3558 5781 ψεῤ.

334 5763 469 5827 ὂειςζ
492 5763 643 5836 Epit;
668 5763 838 5839 ψευδῆ
888 5770 958 5823 τὰ
1009 5770 1525 5844 ὑπεσχημένα-(Σίν.
1556 5763 1728 5827 ’ἰιιΐνυ
1783 5789 1833 5829 c.
1859 5774 1909 5825 8.
1989 5773 2033 5804 ⁸³
2061 5772 2190 5823 Θεὸν
2263 5769 2325 5825 Ο⁹
2403 5773 2448 5805 ⁸⁵
2478 5772 2510 5843 ἢ
2541 5772 2649 5843 γὰρ
2682 5763 3154 5846 oﬁifdrwéic'pwéi'
3177 5794 3267 5852 μοι
3309 5763 3454 5852 dmi:
3492 5779 3559 5836 αυο
