4040 6146
459 351 560 407 567

1298 343 1357 398 S.
1394 336 1775 398 CLEMENTIS
1812 342 1829 396 1
1872 341 2038 398 ROM.
2075 338 2272 397 PONT.
2315 335 2540 397 OPERA
2579 342 2801 400 ΠίτΒῐΑ.

3580 349 3693 406 568

456 464 787 538 postulares,
819 458 1036 528 Simon,
1069 460 1117 514 si
1150 468 1306 515 antea
1336 457 1531 514 Petrus
1552 466 1823 529 negasset.
1860 456 2013 513 Nune

2120 460 2248 531 παρ’
2274 459 2407 528 ἐμοῦ
2431 458 2685 529 ἀπῄτεις,
2731 461 2931 532 Σίμων,
2973 463 3022 515 εί
3063 462 3326 534 πρᾶτερον
3349 464 3566 533 ἠρνεῖτο
3600 463 3691 519 ὀ⁶⁸

463 570 639 615 autem
672 573 780 612 non
810 555 1035 609 verebor
1060 553 1242 607 dicere
1268 568 1392 621 quae
1417 551 1643 606 dicenda
1676 559 1825 606 sunt.
1860 548 2021 604 Arbio

459 664 575 707 tror
608 660 659 706 te
684 652 760 705 ira
780 646 1139 703 constrictum
1166 658 1229 698 ac
1258 643 1646 697 inﬂammatum
1674 641 1811 697 velle
1833 642 2021 711 dispu-

461 743 717 798 tationem
751 742 1028 808 suscipere
1063 755 1077 791 :
1116 751 1280 806 porro
1312 751 1487 805 neque
1526 736 1779 790 convenit
1821 744 1873 790 te
1917 736 2020 791 hoc

458 836 670 899 facere,
703 849 881 903 neque
916 845 1015 886 nos
1040 831 1134 885 tali
1165 830 1405 900 praebere
1432 844 1639 893 aurem,
1674 829 1933 898 quoniam
1965 829 2018 884 id

457 946 692 1004 pugnam
712 928 892 982 videre
911 936 1014 990 est,
1031 935 1209 980 etnon
1234 925 1301 979 ad
1320 924 1597 978 veritatem
1616 922 1825 993 iuvari.
1843 922 2020 992 Atque

456 1038 626 1088 nunc,
652 1036 719 1075 ex
741 1021 924 1075 (ἕτεραι
948 1018 1253 1074 eruditione
1277 1017 1477 1080 sciens,
1507 1031 1617 1086 quo
1645 1015 1808 1069 modo
1833 1030 2021 1086 gerere

456 1131 517 1173 se
550 1114 786 1170 debeant
810 1112 1196 1182 disceptantes,
1225 1110 1604 1165 commonebo.
1633 1107 1873 1178 Uterque
1897 1123 2016 1162 ves-

454 1221 599 1265 trum
627 1208 824 1280 dogma
853 1212 1021 1261 suum'
1044 1210 1297 1277 exponat,
1328 1211 1381 1257 et
1414 1201 1639 1257 alternis
1667 1201 1834 1255 verba
1862 1190 2016 1256 ﬁant.

452 1300 611 1368 Quod
642 1299 688 1354 si
719 1299 872 1353 solus
904 1297 1095 1351 Petrus
1124 1295 1356 1366 explicet
1383 1309 1539 1349 suam
1571 1291 1920 1357 sententiam,
1960 1301 2018 1346 tu

454 1410 585 1449 vero
628 1403 774 1447 tuam
827 1390 1073 1455 reticeas,
1120 1388 1238 1443 ﬁeri
1278 1397 1477 1457 potest,
1528 1395 1589 1441 ut
1637 1385 1836 1454 aliquis
1885 1399 1918 1438 a
1970 1393 2020 1438 te

453 1486 699 1558 prolatus
728 1498 909 1540 sermo
937 1492 992 1537 ct
1022 1491 1167 1536 tuam
1195 1488 1248 1535 et
1270 1480 1415 1555 illius
1444 1478 1756 1548 opinionem
1786 1485 2018 1547 premat,

454 1588 619 1649 atque
656 1588 714 1632 ut
742 1588 973 1645 uterque
1001 1583 1264 1634 vestrum,
1300 1572 1426 1628 licet
1464 1586 1651 1626 revera
1682 1570 1754 1626 sit
1782 1569 1875 1623 illo
1900 1584 2020 1624 ser-

454 1687 618 1727 moue
643 1669 837 1732 vietus,
872 1684 980 1723 non
1010 1668 1260 1723 videatur
1289 1675 1468 1720 tamen
1502 1671 1809 1733 superatus,
1839 1662 1933 1719 sed
1975 1662 2021 1716 is

2120 550 2342 620 Πέτρος.
2372 550 2484 602 Νῦν
2507 550 2564 603 δὲ
2589 552 2688 605 ούκ
2712 553 3098 625 αίδεσθήσομαι
3127 554 3306 624 λέγειν
3326 553 3365 608 ἃ.
3385 554 3468 608 δεῖ
3490 554 3691 624 uret».

2119 636 2286 712 Οἶμαί
2336 658 2395 693 σε
2436 640 2570 714 ὀργῇ
2617 644 2997 715 πεπρησμένον
3015 645 3062 678 ⁸⁸
3107 644 3452 716 διαλεχθῆναι
3493 646 3691 715 θέλειν,

2119 734 2256 805 ὅπερ
2285 734 2549 787 ἀνοίκειόν
2579 751 2661 788 σοι
2690 735 2907 788 τοῦτον
2950 739 3142 801 ποιεῖν,
3171 738 3265 790 καὶ
3296 738 3427 807 ήμίν
3453 733 3693 792 τοιοῦτον

2117 825 2431 889 ἐπακούειν,
2458 827 2543 880 ὅτι
2581 828 2758 899 μάχην
2803 829 2948 881 ἐστὶν
2971 829 3137 899 318
3160 829 3467 901 ἱστορῆσαι,
3503 830 3597 883 καὶ
3628 831 3692 885 οὗ

2120 919 2257 989 πρὸς
2305 919 2561 992 ἀλήθειαν
2608 920 2952 989 ὠφελεῖσθαι.
3002 921 3115 975 Καὶ
3162 921 3257 975 νῦν
3302 920 3362 987 ἐξ
3376 919 3694 995 Ἑλληνικῆς

2120 1010 2365 1074 παιδείας
2383 1051 2397 1072 ,
2428 1012 2504 1075 ὡς
2531 1012 2636 1083 χρὴ
2666 1013 2790 1076 τοὺς
2819 1012 3113 1084 ζητοῦντας
3147 1016 3343 1077 ποιεῖν,
3374 1013 3528 1077 εἰδὼς
3556 1015 3693 1067 ὑπο-

2122 1103 2329 1173 μνήσω.
2378 1103 2665 1175 Ἐκάτερος
2699 1103 2850 1175 ὑμῶν
2888 1106 2949 1158 τὸ
2979 1104 3171 1158 ἑαυτοῦ
3203 1105 3379 1176 δόγμα
3410 1104 3651 1158 ὲκθέσθω
3673 1144 3695 1170 ,

2118 1195 2214 1247 καὶ
2242 1196 2322 1258 είς
2342 1195 2525 1267 ἕτερον
2549 1196 2597 1247 οἱ
2627 1195 2773 1264 λόγοι
2793 1197 3132 1264 γενέσθωσαν
3151 1204 3217 1251 ⁸⁸.
3256 1196 3381 1257 Ἐὰν
3407 1196 3464 1249 δὲ
3486 1196 3697 1269 Πέτρος

2122 1286 2281 1357 μόνος
2312 1287 2535 1359 ἐκθῆται
2566 1288 2628 1341 τὸ
2651 1287 2843 1341 ἑαυτοῦ
2876 1288 3127 1360 φρόνημα
3147 1328 3162 1352 ,
3208 1291 3272 1342 σὺ
3303 1289 3360 1341 δέ
3389 1289 3450 1342 τῦ
3483 1288 3573 1342 σὺν
3609 1306 3693 1342 σι-

2116 1380 2293 1449 ωπᾷς,
2317 1378 2585 1449 ἐνδέχεταί
2604 1396 2725 1432 τινα
2751 1380 2904 1448 λόγον
2933 1381 3034 1433 ὑπὸ
3050 1380 3145 1434 σοῦ
3167 1380 3397 1453 ρηθέντα
3425 1379 3627 1434 θλίϐειν
3641 1379 3696 1413 ⁸⁵

2116 1469 2178 1522 τὸ
2203 1468 2369 1523 αὐτοῦ
2382 1469 2429 1502 ⁹⁰
2449 1471 2543 1524 καὶ
2564 1471 2624 1524 τὸ
2649 1472 2739 1523 σὺν
2762 1472 3036 1543 φρόνημα,
3064 1473 3163 1527 καὶ
3179 1472 3697 1544 ἀμφπέρουςτύμᾶς

2120 1560 2226 1614 ὑπὸ
2248 1561 2342 1614 τοῦ
2368 1561 2527 1631 λόγου
2555 1563 2879 1633 ἡττηθέντας
2913 1565 2986 1636 μὴ
3021 1564 3302 1635 φαίνεσθαι
3332 1564 3698 1636 ἡττημένους,

2120 1653 2254 1707 ἀλλὰ
2278 1654 2370 1709 τὸν
2392 1654 2680 1732 ἐκθέμενον
2702 1655 2765 1708 τὸ
2791 1656 3066 1727 φρόνημα,
3100 1659 3192 1711 τὸν
3215 1657 3271 1710 δὲ
3299 1657 3376 1729 μὴ
3399 1658 3699 1730 ἐπιθέμενον

456 1763 627 1830 solus,
664 1761 756 1833 qui
787 1776 940 1817 suam
969 1760 1280 1830 opinionem
1312 1756 1587 1826 exposuit,
1626 1756 1716 1810 ille
1745 1769 1900 1820 vero,
1924 1753 2013 1823 qui

2119 1744 2320 1815 ὁμοίως
2362 1747 2659 1817 ἡττημένον
2677 1748 2724 1781 ’ί
2768 1748 2841 1820 μὴ
2894 1746 3154 1820 πρόδηλον
3201 1744 3364 1813 εἶναι,
3415 1749 3550 1804 ἀλλὰ
3598 1751 3699 1804 καὶ

452 1871 563 1910 non
593 1853 843 1924 exposuit
861 1894 877 1917 ,
906 1867 1015 1906 non
1042 1850 1289 1907 videatur
1317 1848 1520 1919 pariter
1548 1861 1671 1902 esse
1704 1855 2012 1916 superatus,

2122 1837 2461 1908 νενικηκέναι
2508 1837 2840 1909 νομίζεσθαι.
2886 1840 2997 1893 Καὶ
3032 1842 3061 1893 6
3104 1840 3285 1911 Σίμων
3325 1842 3695 1914 ἀπεκρίνατοθ

453 1952 623 2003 immo
652 1960 939 2016 superasse
962 1943 1319 1999 existimetur.
1378 1939 1441 1997 Et
1480 1938 1667 1996 Simon
1699 1938 2017 2008 respondit:

453 2039 673 2096 Faciam
700 2036 1156 2110 quemadmodum
1189 2034 1326 2091 dicis
1355 2053 1368 2088 :
1398 2049 1585 2090 verum
1633 2033 1789 2087 valde
1831 2032 2021 2095 timeo,

454 2148 524 2187 ne
547 2133 662 2200 jam
692 2131 866 2201 ipsius
892 2129 1074 2186 verbis
1109 2135 1408 2198 occupatus
1439 2141 1548 2181 non
1578 2126 1655 2181 sis
1695 2124 1863 2195 judex
1905 2123 2021 2178 veri

453 2223 753 2279 studiosus.

524 2335 615 2393 IV.
657 2335 723 2391 Et
748 2334 908 2391 Pater
934 2336 1215 2407 respondit
1246 2353 1261 2390 :
1308 2331 1387 2387 Ne
1413 2348 1500 2386 me
1527 2346 1692 2402 cogas
1723 2340 1928 2386 temere
1956 2344 2021 2385 ac

454 2431 654 2487 indicta
682 2444 849 2486 causa
874 2429 968 2484 tibi
993 2427 1270 2493 assentiri,
1297 2436 1355 2481 ut
1372 2424 1537 2496 iudex
1560 2425 1748 2480 videar
1768 2422 2023 2478 veritatis

455 2540 664 2579 amans.
702 2522 859 2591 Quod
891 2522 938 2578 si
968 2537 1091 2577 vera
1122 2522 1309 2576 audire
1341 2518 1517 2588 cupis,
1554 2527 1645 2573 tua
1680 2516 1859 2587 potius
1889 2531 2017 2572 sen-

452 2618 621 2672 tentia
648 2624 1061 2687 praeoccupatus
1088 2629 1231 2670 sum.
1256 2613 1335 2667 Ae
1371 2612 1557 2669 Simon
1601 2630 1615 2665 :
1645 2608 1933 2676 Quomodo
1959 2623 2019 2664 es

452 2717 860 2779 prmoccupatus
879 2749 894 2773 ,
922 2706 1014 2777 qui
1046 2706 1227 2762 nescis
1256 2705 1384 2774 quid
1416 2702 1685 2759 sentiam?
1724 2701 1793 2755 At
1819 2708 1973 2771 pater
2000 2716 2015 2755 :

451 2800 632 2857 Facile
654 2810 741 2857 est
766 2791 896 2855 illud
920 2812 1251 2870 cognoscere
1276 2815 1289 2851 :
1314 2806 1369 2852 et
1394 2810 1632 2867 quonam
1660 2801 1840 2863 pacto,
1864 2792 2014 2848 audi.

449 2890 733 2950 Pollicitus
761 2907 857 2956 es,
890 2907 919 2943 a
947 2900 999 2945 te
1037 2889 1155 2944 falsi
1192 2888 1498 2943 convictum
1529 2886 1597 2940 iri
1637 2884 1890 2952 Petrum,
1922 2886 2017 2956 qui

450 3000 625 3042 unum
670 2998 794 3039 esse
822 2980 995 3038 Deum
1031 2991 1262 3037 asserat.
1311 2979 1579 3035 Caeterum
1622 2979 1714 3049 qui
1751 2978 2017 3048 promittit

453 3093 513 3132 se
543 3074 664 3132 falsi
696 3074 1115 3145 redarguturum
1142 3079 1473 3128 assertorem
1497 3072 1659 3126 unius
1682 3069 1801 3138 Dei,
1831 3071 1883 3126 is
1904 3086 2015 3125 non

2122 1930 2340 2000 Ποιήσω
2365 1931 2442 1994 ὡς
2464 1930 2674 2000 λέγεις,
2706 1931 2902 2003 ἀθυμῶ
2936 1932 2993 1985 δὲ
3028 1935 3225 2005 μήπως
3255 1934 3355 2006 ήδη
3391 1934 3691 2007 προειλημ-

2124 2022 2282 2093 μένος
2312 2023 2476 2081 αύτοῦ
2508 2026 2620 2088 τοῖς
2648 2023 2824 2094 λόγοις
2855 2026 2917 2078 οὐ
2951 2025 3249 2097 φιλαλήθης
3278 2027 3378 2099 ἐστι
3406 2030 3618 2099 κριτής.

2189 2333 2279 2387 IV.
2320 2335 2426 2389 Καὶ
2456 2338 2484 2390 ὁ
2514 2337 2698 2409 πατὴρ
2729 2336 3087 2409 ἀπεκρίνατοσ
3111 2338 3199 2410 Μή
3229 2354 3295 2409 με
3321 2335 3506 2408 βιάζου
3531 2318 3698 2409 ἀκρί-

2119 2443 2226 2491 τως
2259 2428 2544 2483 συνθέσθαι
2570 2446 2672 2493 σοι,
2706 2430 2793 2483 ἴνα
2823 2429 2959 2496 δόξω
2984 2428 3281 2503 φιλαλήθης
3304 2426 3439 2484 εἶναι
3472 2430 3693 2503 κριτὴς,

2118 2522 2167 2573 εί
2208 2520 2265 2573 δὲ
2309 2521 2516 2594 τάληθῆ
2559 2522 2787 2577 ἀκοῦσαι
2838 2522 2998 2597 θέλῃς
3029 2525 3099 2587 ⁹¹,
3142 2522 3222 2594 τῷ
3262 2522 3345 2594 σῷ
3383 2524 3696 2594 φρονήματι

2122 2612 2319 2683 μᾶλλον
2347 2614 2739 2688 προείλημμαιὶ
2784 2615 2895 2669 Καὶ
2948 2617 2977 2669 ὁ
3017 2614 3229 2685 Σίμων’
3271 2615 3397 2678 Πῶς
3436 2615 3692 2686 προείλη-

2116 2703 2213 2774 ψαι
2236 2745 2251 2767 ,
2292 2706 2391 2759 οὐκ
2431 2705 2583 2769 εἰδὼς
2619 2706 2649 2759 ὃ
2690 2705 2905 2777 φρονῶ;
2937 2707 3047 2759 Καὶ
3083 2708 3112 2759 6
3139 2707 3345 2776 πατήρ*
3376 2706 3548 2759 Τοῦτο
3591 2707 3695 2778 ῥᾴσ-

2115 2796 2224 2851 διόν
2258 2797 2408 2851 ἐστιν
2439 2798 2634 2851 εἰδέναι
2659 2837 2677 2861 ,
2722 2799 2815 2851 καῖ
2859 2797 2976 2861 πῶς
3002 2836 3017 2862 ,
3064 2798 3317 2852 ἄκουσον.
3354 2797 3621 2868 Ἑλέγξειν
3640 2799 3696 2832 ’³

2116 2888 2350 2959 ὑπέσχου
2403 2889 2605 2960 Πέτρον
2650 2890 2743 2943 ἕνα
2789 2889 2920 2941 Θεὸν
2957 2889 3185 2959 λέγοντα
3226 2885 3397 2957 εἶναι,
3428 2891 3512 2946 ὅτι
3551 2891 3692 2961 ψεύ-

2113 2979 2370 3044 δεται,’ὀ
2407 2979 2465 3033 δὲ
2507 2981 2597 3034 τὸν
2612 2981 2660 3013 ’δ
2701 2981 2797 3035 ἕνα
2838 2980 3068 3050 λέγοντα.
3109 2982 3420 3054 ψεύσματος
3468 2982 3695 3052 ἐλέγξαι

2115 3070 2593 3142 ἐπαγγελλόμενος,
2647 3072 2864 3136 πάντως
2911 3072 3130 3145 εὔδηλον
3180 3074 3256 3138 ὡς
3298 3076 3505 3139 ἐκεῖνος
3554 3076 3697 3149 ἀλη-

452 3169 593 3223 idem
624 3165 853 3222 afﬁrmat
881 3181 946 3222 ac
969 3166 1058 3220 ille
1086 3163 1493 3220 evidentissime
1514 3179 1644 3219 vera
1675 3163 1925 3234 loquens.
1955 3159 2010 3217 Si

2117 3160 2308 3227 θεύων,
2338 3165 2400 3218 οὐ
2427 3165 2487 3218 τὸ
2512 3166 2643 3219 αὐτὸ
2656 3167 2703 3199 ⁸⁸
2724 3165 2888 3236 λέγει.
2916 3167 2980 3220 Ei
3001 3166 3109 3238 γὰρ
3128 3166 3207 3239 τῷ
3235 3167 3696 3239 καταψευδομένῳ

450 3260 596 3314 enim
628 3259 771 3313 idem
797 3256 1001 3313 diceret
1030 3272 1153 3312 cum
1191 3271 1256 3311 eo
1274 3297 1292 3323 ,
1322 3256 1415 3326 qui
1444 3256 1702 3311 ementita
1745 3255 2010 3325 loquitur,

450 3353 566 3421 ipse
590 3364 807 3420 quoque
828 3358 972 3405 esset
999 3348 1235 3404 mendax
1262 3366 1279 3402 :
1300 3347 1347 3403 si
1375 3362 1506 3402 vero
1532 3347 1808 3403 contraria
1830 3346 2013 3402 dicere

449 3458 509 3498 se
536 3443 793 3511 ostendit,
822 3453 953 3499 tune
994 3457 1156 3498 verus
1197 3450 1302 3497 est.
1345 3438 1461 3496 Non
1496 3440 1603 3494 alia
1637 3454 1768 3511 ergo
1798 3440 2013 3498 ratione

448 3535 857 3606 pradieatorem
883 3535 1047 3590 unius
1069 3532 1165 3588 Dei
1185 3549 1305 3588 esse
1328 3532 1645 3588 mendaeem
1666 3530 2010 3601 pronuntias,

448 3629 553 3683 nisi
597 3628 728 3699 quia
773 3628 974 3684 multos
1017 3628 1154 3682 deos
1198 3640 1320 3681 esse
1358 3639 1569 3681 censes.
1610 3623 1777 3694 Atqui
1809 3622 2017 3681 multos

447 3725 579 3779 deos
606 3737 728 3779 esse
757 3735 859 3793 ego
888 3736 1109 3792 quoque
1148 3721 1259 3776 aio.
1303 3717 1461 3783 Idem
1494 3718 1682 3791 igitur,
1734 3716 1882 3788 quod
1915 3726 1971 3771 tu
1991 3755 2010 3782 ,

447 3826 573 3871 ante
598 3816 1045 3885 disceptationem
1073 3814 1199 3870 dico
1218 3854 1233 3878 ,
1263 3822 1320 3869 et
1345 3827 1446 3882 pro
1474 3820 1525 3867 te
1557 3810 1736 3881 potius
1764 3824 1886 3865 sum
1913 3821 2010 3864 oc-

442 3916 700 3977 cupatus.
731 3904 911 3974 Quare
949 3922 1052 3962 non
1083 3906 1249 3962 debes
1281 3906 1349 3961 de
1375 3920 1462 3960 me
1490 3920 1612 3961 esse
1642 3905 1874 3972 anxius,
1916 3904 2013 3960 sed

444 3992 677 4064 Petrus,
724 4000 861 4069 quia
905 4000 1081 4056 adhuc
1107 4007 1302 4055 contra
1330 4011 1493 4069 atque
1518 3998 1608 4053 ille
1642 3998 1842 4053 sentio.
1872 3995 2011 4051 Pro.

362 4104 369 4113 ·
447 4100 629 4161 pterea
658 4099 782 4162 post
807 4091 1228 4161 disputationem
1251 4098 1493 4144 vestram
1520 4104 1702 4159 spero,
1719 4090 1863 4160 quod
1893 4088 2013 4143 veri

445 4184 723 4239 studiosus
744 4182 914 4253 iudex
933 4224 948 4251 ,
978 4183 1226 4253 deposita
1254 4180 1666 4253 anticipatione,
1698 4180 2012 4252 prmvaleuti

442 4290 818 4330 consensurus
844 4274 954 4331 sim
980 4274 1231 4330 orationi.
1282 4271 1409 4328 Haec
1432 4288 1555 4328 cum
1581 4282 1733 4343 pater
1758 4270 2011 4340 dixisset,

442 4366 649 4422 sensim
676 4367 884 4422 clamor
907 4366 1130 4436 quidam
1157 4365 1490 4422 laudationis
1511 4380 1547 4421 α
1567 4364 1767 4437 populo
1785 4372 2011 4420 exortus

441 4466 546 4524 est,
582 4457 841 4528 quoniam
872 4459 949 4513 ita
977 4467 1131 4528 pater
1159 4467 1302 4514 esset
1328 4458 1566 4513 loeutus.

2113 3253 2176 3306 τὸ
2205 3254 2338 3308 αὐτὸ
2366 3255 2532 3327 319
2563 3257 2708 3328 λέγει
2730 3297 2746 3321 ,
2798 3259 2892 3312 καὶ
2925 3258 3088 3323 αὐτὸς
3121 3258 3407 3329 ψεύδεται,
3448 3259 3579 3313 εἰδὲ
3616 3258 3697 3313 τὰ
3744 3292 3747 3295 -

2114 3345 2334 3401 ἐναντία
2385 3346 2556 3418 λέγων
2604 3349 2981 3404 ἀποδείκνυσιν
3004 3390 3019 3415 ,
3070 3351 3190 3405 τάτε
3243 3352 3515 3423 ἀληθεύει.
3571 3353 3695 3407 Οὐκ

2113 3435 2287 3503 ἄλλως
2307 3434 2402 3494 οὖν
2429 3440 2519 3494 τὸν
2544 3440 2640 3496 ἕνα
2665 3441 2796 3495 Θεὸν
2816 3439 2953 3496 εἶναι
2974 3442 3198 3512 λέγοντα
3217 3442 3455 3516 ψεύστην
3481 3442 3680 3513 λέγεις,

2114 3532 2162 3583 εί
2192 3531 2267 3604 μή
2299 3549 2353 3585 τι
2379 3530 2444 3586 ἂν
2488 3534 2570 3587 ὅτι
2614 3533 2841 3597 πολλοὺς
2883 3534 3179 3609 δοξάζῃςθο
3206 3534 3379 3599 θεούς.
3419 3535 3585 3599 Θεοὺς
3612 3536 3687 3589 ’δὲ

2116 3623 2340 3689 πολλοὺς
2368 3622 2506 3679 εἷναι
2532 3624 2687 3693 κάγὼ
2704 3628 2750 3661 ⁸⁷
2777 3625 2943 3696 λέγω.
2975 3627 3049 3681 Τὸ
3072 3628 3204 3681 αὐτὸ
3227 3626 3321 3682 οὖν
3345 3645 3425 3683 σοι
3454 3629 3560 3702 πρὸ
3580 3629 3691 3702 τῆς

2113 3716 2392 3790 ζητήσεως
2412 3717 2605 3788 λέγων,
2639 3718 2723 3772 σοὶ
2748 3719 2946 3791 μᾶλλον
2976 3719 3371 3793 προείλημμαι.
3400 3723 3512 3777 Καὶ
3540 3722 3685 3779 κατὰ

2111 3808 2270 3864 τοῦτο
2301 3811 2536 3883 ἀγωνιᾷν
2569 3812 2696 3883 περὶ
2728 3811 2863 3884 ἐμοῦ
2888 3811 2992 3866 οὐκ
3011 3812 3270 3883 ὀφείλεις,
3289 3812 3424 3868 ἀλλὰ
3455 3814 3682 3887 Πέτρος,

2111 3903 2194 3956 ὅτι
2225 3904 2407 3977 ἀκμὴν
2451 3904 2599 3976 αὐτῷ
2646 3904 2716 3958 τὰ
2757 3905 2977 3959 ἐναντία
3006 3905 3213 3978 φρονῶ.
3241 3906 3512 3980 ’Ὠσπερν⁸
3546 3907 3692 3980 μετὰ

2110 3995 2209 4067 τὴν
2243 3995 2512 4068 ὑμετέραν
2541 3996 2767 4070 ζήτησιν
2795 3998 2997 4064 ἐλπίζω
3028 3999 3329 4073 φιλαλήθης
3358 4001 3435 4056 ὢν
3465 4003 3685 4075 κριτὴς,
3749 4019 3752 4022 '

2112 4087 2375 4160 πρόληψιν
2414 4089 2836 4163 ἀποδυσάμενος,
2869 4092 2948 4164 τῷ
2978 4093 3359 4167 ἐπικρατοῦντι
3394 4093 3687 4151 συνθέσθαι

2110 4177 2272 4250 λόγῳ.
2302 4179 2491 4235 Ταῦτα
2535 4179 2629 4235 τοῦ
2676 4182 2879 4254 πατρὸς
2929 4182 3174 4247 εἰπόντος
3221 4185 3405 4257 ἡρέμα
3452 4185 3547 4258 βοή
3593 4202 3686 4253 τις

2109 4270 2329 4324 ἐπαίνου
2362 4271 2427 4326 ὲκ
2456 4271 2567 4325 τῶν
2594 4272 2763 4344 ὄχλων
2787 4274 3000 4344 ἐγένετο
3028 4277 3122 4329 ἐπὶ
3149 4276 3228 4349 τῷ
3253 4275 3426 4343 οὕτως
3448 4277 3539 4334 τᾶν
3569 4297 3680 4335 πα-

2107 4360 2242 4434 τέρα
2262 4361 2626 4435 διαλεχθῆναι.

514 4546 581 4603 V.
622 4547 794 4603 Porro
824 4546 1017 4604 Petrus
1045 4549 1183 4604 dixit
1213 4567 1227 4603 :
1264 4547 1377 4619 Ego
1396 4590 1412 4611 .
1450 4549 1594 4605 sicut
1623 4547 2005 4605 controversia

2179 4537 2244 4595 ν.
2285 4542 2394 4596 Καὶ
2420 4544 2568 4614 ὁμῶς
2584 4548 2612 4597 6
2628 4544 2835 4616 Πέτρος
2853 4546 2955 4620 ἔφη
2974 4563 2989 4578 ο
3032 4548 3192 4620 Ἐγὼ,
3220 4549 3297 4615 ὡς
3321 4553 3351 4606 6
3371 4552 3480 4605 τῶν
3503 4552 3681 4622 λόγων

442 4641 649 4711 arbiter
677 4641 1084 4712 pronuntiavit,
1132 4656 1294 4713 agere
1332 4656 1454 4699 sum
1485 4651 1708 4711 paratus
1739 4659 1754 4698 :
1781 4641 2004 4712 jamque

440 4735 649 4803 absque
682 4734 789 4789 ulla
837 4748 993 4789 mora
1042 4749 1219 4789 meam
1266 4731 1491 4789 deJ‘eo
1532 4732 1855 4790 sententiam
1903 4749 1999 4790 ειη

439 4820 670 4890 plicabo.
706 4819 883 4876 Unum
908 4836 1010 4893 ego
1045 4837 1167 4877 esse
1205 4820 1369 4877 Deum
1397 4837 1583 4878 assero
1605 4864 1621 4891 ,
1668 4822 2000 4880 conditorem

2109 4632 2334 4705 μεσίτης
2371 4635 2610 4706 εἰρηκεν,
2657 4641 2829 4692 ποιεῖν
2859 4640 3073 4713 ἕτοιμός
3116 4645 3252 4714 είμι,
3285 4645 3379 4698 καὶ
3410 4644 3507 4717 ἤδη
3542 4647 3677 4700 ποτὲ

2104 4724 2213 4796 πρὸ
2242 4724 2419 4796 πάσης
2452 4726 2718 4799 ἀναϐολῆς
2748 4730 2811 4784 τὸ
2854 4731 2985 4802 ἐμὸν
3030 4735 3159 4805 περὶ
3194 4734 3328 4790 Θεοῦ
3371 4736 3679 4809 ἐκθήσομαι

2103 4817 2377 4890 φρόνημα.
2400 4818 2570 4889 Κάγὼ
2599 4821 2693 4875 ἕνα
2719 4822 2849 4876 Θεὸν
2873 4820 3010 4879 εἶναι
3034 4825 3195 4895 λέγω,
3220 4828 3311 4881 τὸν
3338 4829 3675 4902 πεποιηκότα

439 4913 560 4967 cudi
585 4921 639 4967 et
663 4922 820 4968 terra:
840 4914 1196 4984 omniumque
1215 4913 1282 4969 iis
1304 4923 1703 4969 contentorum.
1731 4916 1808 4969 Ac
1832 4914 1996 4969 alium

2114 4908 2192 4962 τὸν
2225 4911 2448 4981 οὐρανὸν
2488 4913 2581 4966 καὶ
2627 4912 2724 4986 τὴν
2767 4915 2871 4987 γῆν
2918 4918 3011 4971 καὶ
3049 4918 3120 4973 τὰ
3149 4921 3211 4974 ἐν
3245 4922 3427 4986 αὐτοῖς
3471 4923 3671 4979 πάντα.

442 5016 615 5068 neque
646 5000 860 5069 dicere,
907 5017 1086 5071 neque
1116 5004 1379 5058 extimare
1412 5004 1557 5059 licet.
1588 5002 1724 5058 Tum
1769 5003 1997 5059 Simon:

436 5089 551 5164 Ego
580 5102 760 5148 autem
791 5094 899 5160 aio,
927 5109 957 5148 a
985 5091 1281 5166 Scripturis
1311 5112 1433 5167 qua:
1457 5095 1598 5166 apud
1632 5095 1847 5151 Juda-os
1875 5112 1996 5152 cre-

435 5186 662 5252 duntur,
709 5186 817 5242 dici
852 5187 1053 5244 multos
1097 5189 1266 5255 deos,
1316 5205 1418 5246 nec
1463 5192 1530 5246 de
1570 5204 1637 5245 eo
1677 5204 1999 5247 succensere

2104 5002 2294 5057 Ἀλλον
2320 5021 2380 5058 τε
2417 5003 2538 5059 οὗτε
2556 5005 2777 5077 λέγειν,
2816 5008 2939 5063 οὔτε
2966 5011 3206 5083 νομίζειν
3234 5013 3460 5083 ἔξεστιν.
3489 5016 3601 5072 Καὶ
3640 5019 3672 5072 6

2103 5095 2314 5167 Σίμων’
2360 5096 2498 5167 Ἐγὼ
2530 5098 2588 5152 δέ
2606 5104 2652 5139 ⁸³
2690 5117 2828 5172 φημι
2861 5100 2959 5163 τὰς
2990 5106 3425 5179 πεπιστευμένας
3448 5108 3671 5182 Γραφὰς

2102 5190 2253 5263 παρὰ
2295 5190 2559 5256 Ἰουδαίοις
2588 5191 2811 5258 πολλοὺς
2840 5193 3021 5265 λέγειν
3055 5196 3233 5266 θεοὺς,
3264 5204 3355 5257 καὶ
3387 5201 3464 5275 μὴ
3502 5203 3666 5275 καλου

1727 5326 1962 5384 VARUE
2000 5325 2409 5383 LECTIONES.

496 5425 582 5479 ⁸⁸6
602 5440 713 5480 om.
752 5423 817 5482 Ο.
845 5421 893 5495 ξ’
920 5420 995 5495 Ita
1020 5418 1071 5476 0
1113 5431 1169 5476 et
1190 5439 1257 5477 ex
1274 5422 1628 5495 corticem},
1657 5419 2156 5495 quimupwpévov
2176 5421 2229 5475 in
2259 5429 2429 5495 te_xtu,
2446 5417 2613 5495 ᾇργῆς
2635 5422 3015 5495 πεπλησμένον
3036 5420 3181 5494 Epit.
3202 5422 3665 5495 l3igapprobante

434 5493 499 5548 ﬂ.
558 5495 601 5530 "'
638 5495 719 5549 σοί
746 5514 807 5549 τε
834 5490 910 5565 0.Δ
934 5491 1077 5565 Idem
1106 5493 1289 5565 c._cod
1341 5488 1472 5563 Reg.
1503 5493 1608 5548 804
1623 5488 1890 5565 τοιούτων
1898 5488 2441 5565 'p..'mo§jeov1Tum
2460 5488 2753 5565 ὖςπαὶιούειν
2906 5493 2953 5526 ⁸⁸
2977 5488 3193 5565 καῖ’ὑφ’
3223 5488 3664 5565 ἐτέρῴξκρίνοντι

431 5567 557 5638 τους
582 5562 988 5638 λόγουςδονιειίονΔ
1124 5563 1203 5638 Α³⁹
1251 5558 1444 5638 get-lci
1480 5558 2228 5638 mendumuﬂidﬂétvurepetiit
2258 5559 2321 5638 SI:
2399 5561 2445 5592 ⁹⁰
2479 5560 2777 5638 ἐαυτοῦᾼϐἒ
2848 5562 2891 5595 ⁹¹
2939 5558 3235 5638 ἠττομένον
3362 5558 3522 5638 ’-ηξεί
3547 5563 3620 5632 γὰ

432 5628 851 5720 «sionem
887 5629 1091 5720 estex
1112 5631 1185 5720 0-.
1255 5634 1302 5720 τ’
1324 5632 1567 5720 ἐξέταξεν
1593 5633 1647 5720 ξι
1674 5702 1686 5718 .
1726 5634 1771 5666 ’⁸
1798 5630 1897 5720 τ⁶.ν
1938 5628 2247 5720 cuius
2272 5628 2364 5720 (ξι
2396 5632 2630 5720 seems
2661 5628 3016 5720 ξίεσεξειατρξο,
3038 5628 3572 5720 Reserate;
3594 5628 3627 5690 ε

434 5698 640 5775 αὺτᾶρξ
668 5698 1233 5776 πάντωςίεῦᾷηλονγὼς
1260 5698 1790 5776 ἐκεῖνος’ἀληθεύων,
1823 5704 1883 5776 οὐ
1918 5703 1982 5758 τὸ
2005 5698 2256 5776 αὐτόβη
2305 5700 2351 5732 ⁹⁶
2387 5698 2721 5776 δοξάζεις
2796 5705 2817 5736 ⁸

437 5780 517 5829 σοί
545 5769 785 5846 ejusdem
813 5775 937 5830 cod.
968 5769 1079 5838 luit)
1110 5775 1242 5829 vidit
1271 5774 1313 5829 Ω
1340 5815 1356 5841 ,
1380 5775 1436 5830 in
1463 5769 1752 5845 cujftextu
1781 5774 1927 5842 λέγω
1949 5773 2053 5827 σοί.

2871 5701 3016 5829 sint!
3035 5703 3097 5764 Ο.
3122 5701 3433 5762 Lectiouem
3454 5704 3664 5776 λέγων,
3734 5730 3739 5739 τ

2153 5771 2199 5804 ’⁸
2230 5771 2367 5843 ὅπερ
2395 5772 2459 5829 C.
2562 5774 2608 5807 ”
2640 5772 2699 5827 δέ
2729 5789 2841 5830 om.
