4048 6146
485 285 581 342 371

484 403 760 470 deorsum,
809 410 860 457 et
901 419 1001 458 non
1024 412 1101 458 est
1139 404 1270 459 alius
1310 415 1501 475 preter
1545 423 1661 462 eum
1684 420 1745 461 ι.

485 495 765 567 Scriptura
814 495 947 550 dicit
988 494 1297 551 Judaeorum
1330 498 1569 567 populo:
1615 497 1873 553 Dominus
1902 498 2040 554 Deus

482 597 602 645 tuus
642 589 752 658 ipse
789 598 867 641 est
915 586 1053 641 Deus
1084 587 1301 642 deorum
1332 589 1397 658 ιδ,
1428 590 1502 645 ita
1555 599 1648 658 ut,
1686 592 1937 661 quamvis
1966 591 2041 646 dii

480 682 736 745 existant,
769 680 873 735 sub
900 678 1214 735 Judazorum
1249 680 1360 736 Deo
1386 682 1514 737 sint.
1548 680 1614 736 Et
1635 678 1755 737 aliis
1783 683 1962 738 verbis
1976 683 2042 738 de

478 785 542 825 eo
568 770 645 824 ait
681 768 963 839 Scriptura
991 790 1004 823 :
1032 770 1170 824 Deus
1194 787 1414 842 magnus
1439 782 1488 825 et
1520 788 1685 839 verus,
1712 775 1802 842 qui
1825 790 1928 827 non
1954 789 2043 827 ac-

478 862 605 930 cipit
628 877 932 931 personam,
961 877 1123 931 neque
1149 871 1315 916 sumet
1344 878 1562 917 munera
1581 904 1595 929 ,
1631 864 1761 933 facit
1774 864 2041 933 judicium

475 951 677 1022 pupillo
725 954 991 1008 et'vidua?
1036 964 1080 1006 ο.
1141 954 1420 1023 Scriptura
1497 956 1661 1010 Deum
1731 954 2042 1010 Iudaeorum

477 1046 847 1115 nuncupando
898 1061 1151 1116 magnum
1189 1054 1243 1099 et
1279 1061 1464 1100 verum
1497 1055 1550 1101 et
1586 1045 1867 1101 facientem
1897 1047 2044 1116 judi-

475 1130 622 1184 cium
649 1171 664 1197 ,
702 1132 840 1187 alios
872 1134 1102 1202 pusillos
1152 1148 1252 1189 nec
1303 1149 1463 1189 veros
1509 1135 1804 1189 denotavit.
1856 1134 1960 1190 Sed
1990 1144 2045 1191 et

476 1223 648 1279 altero
695 1226 931 1294 quodam
967 1225 1021 1278 in
1066 1226 1191 1279 loco
1239 1223 1520 1294 Scriptura
1551 1224 1724 1279 dicit:
1773 1226 1898 1279 Vivo
1928 1243 2041 1296 ego,

474 1316 607 1368 dicit
652 1314 910 1370 Dominus
938 1357 952 1378 ,
1003 1332 1105 1369 non
1148 1327 1225 1371 est
1249 1315 1389 1369 alius
1418 1313 1558 1369 Deus
1583 1324 1774 1383 praeter
1800 1332 1898 1370 me.
1931 1316 2043 1385 Ego

472 1408 675 1475 primus
699 1446 713 1470 ,
740 1423 833 1477 ego
863 1408 1196 1473 novissimus,
1226 1415 1417 1476 prmter
1465 1422 1545 1459 me
1597 1421 1699 1459 non
1722 1414 1797 1459 est
1824 1407 1962 1461 Deus
1989 1407 2041 1463 ά.

473 1500 552 1552 Ac
576 1514 793 1553 rursum
826 1517 839 1552 :
875 1498 1154 1552 Dominum
1200 1499 1366 1552 Deum
1424 1509 1571 1552 tuum
1609 1499 1851 1563 timebis,
1883 1509 1932 1553 et
1961 1500 2044 1553 illi

474 1591 574 1645 soli
615 1594 804 1645 servies
842 1603 883 1644 θ.
930 1591 997 1645 Et
1058 1593 1277 1645 adhuc:
1316 1592 1454 1643 Audi
1504 1590 1676 1643 Israel
1717 1630 1732 1653 ,
1785 1590 2044 1644 Dominus

472 1683 614 1737 Deus
667 1694 835 1738 uester
898 1684 1150 1737 Dominus
1225 1700 1360 1737 unus
1410 1693 1486 1737 est
1538 1683 1581 1736 τ.
1633 1682 1830 1753 Sicque
1878 1685 2045 1739 multa

1334 289 1390 347 S.
1433 287 1819 346 CLEMENTIS
1856 291 1874 346 Ι
1916 291 2078 348 ROM.
2122 290 2323 347 PONT.
2358 290 2584 348 OPERA
2619 293 2839 351 DUBIA.

3604 293 3707 349 372

1805 406 1871 462 Et
1925 408 2051 462 alibi
2081 414 2125 469 Α
2153 407 2328 475 οὗτος
2360 409 2503 474 Θεὸς
2527 410 2598 462 ἐν
2623 410 2702 475 τῷ
2725 409 2956 478 οὐρανῷ
2994 409 3116 464 ἀνω
3138 449 3154 475 ,
3180 409 3275 464 καὶ
3308 410 3377 464 ἐν
3404 406 3584 478 τῆκγῇ
3612 415 3729 464 κάρ-

2141 514 2245 563 τω,
2280 499 2377 553 καί
2429 502 2540 554 οὐκ
2581 501 2750 555 ἐστιν
2793 500 2981 567 ἄλλος
3009 501 3175 570 πλὴν
3205 501 3410 556 αὐτοῦ.
3445 503 3555 555 Καὶ
3582 501 3714 576 ἄλλῃ

2141 604 2241 642 που
2292 590 2437 660 λέγει
2497 593 2529 663 ἡ
2586 591 2776 664 Γραφὴ
2814 592 2892 662 τῷ
2923 593 3188 647 Ἰουδαίων
3231 593 3402 665 ὸχλῳ·
3438 594 3650 662 Κύριος
3679 598 3713 649 ό

2144 679 2285 753 Osdr-
2316 698 2465 747 σου,
2496 682 2672 749 οὗτος
2705 683 2850 750 Θεὸς
2880 683 2999 738 τῶν
3047 684 3230 751 θεῶν,
3274 685 3463 758 ὥσπερ
3482 686 3524 716 ¹¹
3557 686 3638 738 ὅτι
3664 689 3712 739 εί

2143 771 2238 824 καί
2266 774 2371 825 είσι
2395 771 2506 826 θεοὶ
2528 816 2542 840 ,
2573 773 2678 827 ὑπὸ
2700 775 2794 827 τὸν
2839 776 3103 831 Ἰουδαίων
3127 776 3257 830 Θεόν
3276 780 3431 830 είσιν.
3453 779 3562 831 Kal
3581 778 3714 850 ἄλλῃ

2143 875 2243 912 που
2286 864 2414 933 περὶ
2461 863 2623 917 αὐτοῦ
2657 864 2803 933 λέγει
2833 868 2867 936 ἡ
2911 866 3099 939 Γραφή
3121 883 3135 897 ⁸
3182 868 3243 921 '0
3289 868 3431 936 Θεὸς
3478 872 3513 923 ό
3527 868 3714 938 μέγας

2143 953 2243 1006 καὶ
2282 954 2569 1022 ἀληθινὸς
2592 996 2607 1021 ,
2643 956 2711 1023 ὃς
2741 959 2813 1012 οὐ
2863 958 3152 1027 λαμϐάνει
3183 962 3270 1027 εις
3291 962 3332 991 ¹¹
3369 961 3711 1029 πρόσωπον,

2144 1044 2288 1098 οὐδὲ
2304 1045 2391 1115 μὴ
2416 1047 2570 1116 λάϐῃ
2596 1046 2808 1117 δῶρον,
2840 1048 3027 1104 ποιῶν
3054 1052 3255 1119 κρίσιν
3282 1052 3443 1122 322
3476 1051 3714 1121 ὀρφανῷ

2144 1136 2244 1190 καὶ
2270 1136 2442 1207 χήρᾳ.
2473 1140 2661 1207 Μέγαν
2692 1140 2749 1194 δὲ
2774 1142 2867 1195 nal
2898 1141 3144 1213 ἀληθινὸν
3172 1144 3264 1197 καὶ
3291 1143 3466 1215 κρίσιν
3500 1144 3717 1197 ποιοῦν-

2142 1242 2211 1278 τα
2240 1226 2332 1279 τὸν
2365 1228 2472 1281 τῶν
2496 1229 2539 1260 ¹³
2584 1229 2844 1284 Ἰουδαίων
2871 1232 2903 1301 ἡ
2935 1230 3122 1303 Γραφὴ
3150 1232 3377 1285 εἰποῦσα
3404 1233 3557 1300 Θεὸν,
3587 1232 3716 1296 τοὺς

2143 1316 2333 1382 ἄλλους
2367 1322 2594 1391 μικροὺς
2632 1321 2724 1375 καὶ
2754 1322 2855 1390 οὑικ
2894 1323 3178 1395 ἀληθινοὺς
3220 1325 3509 1394 ἐσήμανεν.
3557 1323 3716 1377 Ἀλλὰ

2145 1408 2240 1461 καὶ
2268 1409 2401 1483 ἄλλῃ
2423 1427 2523 1463 που
2547 1410 2691 1480 λέγει
2726 1413 2758 1483 ἡ
2789 1412 2974 1483 Γραφή
2996 1427 3008 1439 ·
3033 1410 3124 1466 Ζῶ
3143 1412 3276 1482 ἐγὼ,
3296 1412 3458 1483 λέγει
3475 1414 3713 1482 Κύριος,

2144 1501 2256 1553 οὐκ
2292 1500 2425 1554 ἐστι
2458 1500 2602 1567 Θεὸς
2628 1501 2830 1570 ἔτερος
2867 1501 3032 1569 πλὴν
3053 1503 3217 1571 ἐμοῦ.
3267 1503 3413 1572 Ἐγὼ
3451 1503 3711 1572 πρῶτος,

2144 1589 2258 1658 ἐγὼ
2292 1590 2445 1659 μετὰ
2473 1592 2688 1657 ταῦτα,
2723 1592 2890 1661 πλὴν
2918 1592 3063 1661 ἐμοῦ
3091 1594 3235 1660 Θεὸς
3260 1597 3371 1649 οὐκ
3394 1596 3579 1649 ἔστιν.
3605 1597 3717 1650 Kal

2146 1679 2336 1733 πάλιν·
2365 1682 2585 1749 Κύριον
2596 1682 2704 1736 τὸν
2736 1684 2884 1737 Θεόν
2914 1698 3029 1737 σου
3061 1684 3392 1753 φοϐηθήσῃ,
3427 1686 3528 1738 καὶ
3554 1687 3715 1753 αὐτῷ

471 1774 783 1828 testimonia
812 1790 932 1829 cum
957 1776 1268 1844 juramento
1293 1776 1636 1846 consignant,
1671 1774 1840 1830 Deum
1866 1790 2035 1829 unum

2138 1770 2304 1838 μόνῳ
2323 1748 2690 1839 λατρεύσεις.
2717 1773 2826 1825 Kal
2854 1771 3014 1824 πάλιν
3033 1748 3293 1829 ’,Ἄκουε
3326 1748 3715 1843 ’ίσραὴᾹΚύ-

469 1878 590 1919 esse
616 1905 630 1929 ,
665 1875 719 1918 et
751 1875 943 1933 prieter
969 1865 1119 1920 illum
1140 1864 1256 1921 non
1281 1882 1401 1922 esse
1436 1866 1631 1921 Deum.
1663 1864 1821 1921 Unde
1843 1866 2032 1931 miror,

468 1970 574 2024 qua
600 1959 958 2021 ratione,cum
980 1969 1059 2013 tot
1083 1960 1200 2013 loca
1223 1968 1486 2014 testentur
1513 1975 1680 2015 unum
1697 1974 1817 2015 esse
1844 1957 2035 2024 Deum,

467 2058 525 2101 tu
578 2050 783 2103 multos
814 2066 936 2105 esse
965 2049 1219 2105 atlirmes.

2134 1873 2266 1927 ,οιος
2280 1865 2313 1915 ὁ
2332 1861 2476 1928 Θεὸς
2489 1862 2656 1932 ὑμῶν
2676 1864 2720 1895 “
2736 1865 2950 1933 Κύριος
2967 1867 3054 1933 εἷς
3071 1867 3260 1920 ἐστίν.
3277 1867 3387 1920 Kal
3406 1866 3556 1937 ὁμῶς
3587 1867 3715 1920 πολ-

2140 1951 2231 2006 λαὶ
2262 1954 2435 2021 φωναὶ
2463 1953 2581 2023 μεθ’
2608 1954 2773 2024 ὅρκου
2805 1956 3308 2028 ὲπισφραγίζουσιν,
3344 1958 3427 2011 ὅτι
3452 1953 3534 2021 εἷς
3564 1958 3711 2010 ἐστὶν

2139 2048 2168 2099 6
2201 2047 2390 2115 Θεὸς,
2444 2048 2537 2101 καὶ
2593 2047 2731 2120 πλὴν
2782 2049 2948 2103 αὑτοῦ
3010 2050 3111 2103 οὐκ
3164 2050 3280 2104 ἔστι
3334 2051 3486 2115 Θεός.
3551 2053 3711 2106 Ὅθεν

469 2140 759 2210 θαυμάζω,
793 2141 909 2203 πῶς
951 2142 1218 2196 τοσούτων
1265 2143 1651 2215 μαρτυρουσῶν
1697 2142 1888 2213 φωνῶν
1934 2142 2030 2196 ἕνα
2061 2138 2196 2195 εἶναι
2225 2141 2376 2203 Θεὸν,
2408 2141 2471 2194 σὺ
2505 2139 2730 2203 πολλοὺς
2760 2136 2896 2194 εἶναι
2925 2140 3119 2210 λέγεις.

540 2231 674 2287 Vill.
719 2232 785 2287 Et
826 2232 1016 2289 Simon
1049 2253 1061 2287 :
1093 2234 1367 2305 Principio
1414 2250 1485 2291 ‘ea
1532 2237 1671 2292 mihi
1720 2246 1896 2291 tecum
1937 2236 2034 2291 fuit

468 2323 717 2378 conditio
742 2363 757 2387 ,
796 2332 858 2377 ut
887 2338 951 2378 ex
990 2323 1287 2394 Scripturis
1315 2328 1693 2382 convincerem
1724 2336 1779 2382 te
1805 2327 2032 2381 menda-

466 2415 559 2477 cii,
582 2414 850 2469 dicentem
875 2431 1219 2486 nequaquam
1240 2420 1440 2473 multos
1460 2419 1645 2473 vocari
1667 2418 1863 2473 debere
1878 2419 2030 2473 deos.

466 2506 734 2572 Quocirca
778 2508 965 2563 multis
1004 2509 1409 2580 Scripturarum
1438 2511 1665 2566 vocibus
1687 2512 1897 2566 ostendi
1920 2550 1934 2571 .
1966 2511 2035 2565 ab

466 2599 600 2669 ipsis
650 2598 948 2669 Scripturis
1002 2602 1202 2658 divinis
1251 2602 1434 2672 plures
1489 2603 1828 2673 pronuntiari
1877 2603 2029 2657 deos.

469 2689 609 2744 Tum
637 2689 833 2746 Petrus
864 2712 876 2746 :
917 2692 1051 2762 Ipsa:
1069 2734 1085 2760 ,
1114 2709 1237 2763 qme
1260 2695 1461 2749 multos
1497 2694 1629 2750 deos
1656 2693 2029 2764 pronuntiant,

468 2782 785 2851 Scriptum,
817 2787 1016 2839 eaedem
1044 2785 1345 2841 adhortatu:
1382 2801 1483 2842 nos
1518 2795 1648 2841 sunt
1692 2787 1777 2842 bis
1805 2786 2027 2842 verbis:

466 2873 704 2930 Nomina
748 2876 964 2931 deorum
1011 2878 1244 2932 aliorum
1293 2895 1396 2933 non
1451 2880 1727 2933 ascendent
1776 2880 1830 2931 in
1887 2878 2031 2932 labia

469 2978 563 3022 tua
605 2967 652 3023 ⁸.
711 2969 801 3025 Sic
823 2979 1018 3039 praeter
1044 2971 1119 3035 id,
1145 2971 1288 3041 quod
1318 2973 1577 3042 scriptum
1607 2982 1712 3038 est,
1745 2985 1853 3025 non
1878 2969 2030 3025 locu-

460 3067 559 3112 tus
594 3073 714 3155 sum
736 3101 751 3125 ,
782 3058 1007 3155 Simon.
1025 3060 1102 3155 Et
1119 3060 1306 3155 Simon
1334 3081 1347 3116 :
1539 3063 1602 3117 ad
1638 3064 1742 3117 hoc
1764 3070 1818 3117 et
1839 3071 1894 3116 tu
1924 3061 2029 3117 Pe—
2057 3096 2099 3155 α

463 3160 569 3202 tre.
598 3145 831 3204 Peccare
879 3150 1009 3204 mihi
1051 3152 1253 3208 videris
1277 3194 1293 3220 ,
1329 3153 1422 3224 qui
1455 3154 1560 3209 diis
1594 3154 1870 3221 detrahis,
1902 3168 2029 3209 cum

469 3236 752 3308 Scriptura
805 3240 989 3295 dicat:
1040 3243 1203 3314 (Diis)
1242 3260 1346 3298 non
1383 3245 1658 3311 detrahes,
1709 3245 2032 3315 principibus

464 3332 648 3401 populi
677 3337 755 3387 tui
784 3351 883 3388 non
929 3335 1209 3390 maledices
1232 3339 1287 3386 h.
1334 3338 1411 3393 Ac
1441 3336 1633 3393 Petrus
1664 3337 1814 3393 :Non
1844 3352 2029 3407 pecco,

467 3420 683 3489 Simon,
717 3434 1113 3494 consequenter
1142 3426 1439 3495 Scripturis
1463 3428 1817 3497 perditionem
1842 3441 2030 3481 eorum

464 3525 781 3585 praenatans
812 3534 825 3568 :
860 3516 932 3569 ita
977 3518 1124 3570 enim
1160 3519 1421 3587 scriptum
1455 3528 1538 3571 est
1568 3535 1583 3569 :
1622 3516 1705 3569 Dii
1733 3518 1823 3585 qui
1848 3517 2034 3570 caelum

464 3615 518 3659 et
543 3617 736 3660 terram
786 3622 889 3659 non
935 3607 1200 3674 fecerunt,
1245 3616 1459 3675 pereant
1508 3608 1565 3667 ί,
1620 3616 1783 3675 atque
1825 3607 1905 3662 sic
1944 3607 2035 3662 ille

464 3696 684 3752 locutus
712 3706 825 3759 est,
876 3712 982 3751 non
1021 3698 1178 3767 quasi
1219 3698 1440 3767 quidam
1479 3698 1553 3752 dii
1588 3697 1811 3751 fecerint
1838 3712 1935 3759 ea,
1980 3707 2035 3752 et

466 3805 578 3846 non
608 3801 850 3861 pereant,
870 3791 1330 3860 quemadmodum
1363 3791 1748 3858 interpretatus
1771 3806 1852 3846 es.
1880 3789 2032 3846 Unus

468 3883 613 3940 enim
638 3883 945 3938 declaratur
988 3882 1216 3937 Creator
1261 3899 1328 3938 eo
1374 3884 1517 3953 quod
1569 3883 1724 3939 initio
1768 3885 2030 3955 scriptum

468 3980 596 4027 est:
628 3969 696 4025 In
741 3971 1003 4041 principio
1032 3973 1226 4025 creavit
1263 3971 1402 4026 Deus
1432 3972 1617 4026 caelum
1659 3982 1709 4028 et
1764 3973 2030 4029 (erranti.

466 4056 581 4115 Nec
607 4061 744 4115 dixit
779 4079 793 4114 :
829 4060 935 4114 Dii.
964 4060 1030 4114 Et
1059 4061 1186 4115 alibi
1219 4062 1291 4115 ait
1326 4080 1338 4116 :
1368 4060 1438 4115 Et
1462 4080 1619 4133 opera
1647 4081 1897 4120 manuum
1919 4067 2032 4135 ejus

468 4154 749 4207 annuntiat
778 4153 1168 4222 ﬁrmamentum
1209 4152 1253 4207 ι.
1294 4154 1471 4223 Atque
1502 4156 1555 4209 in
1583 4156 1689 4210 alio
1733 4158 1853 4212 loco
1900 4160 2037 4213 scri-

2211 2231 2347 2303 Ylll.
2372 2233 2483 2285 Kal
2505 2232 2534 2284 6
2557 2231 2736 2302 Σίμων
2756 2248 2769 2261 ·
2808 2233 2865 2286 Ὁ
2884 2232 3042 2301 λόγος
3059 2233 3158 2304 τὴν
3179 2233 3352 2304 ἀρχὴν
3372 2228 3440 2305 ἦν
3466 2250 3555 2306 μοι
3575 2234 3712 2306 πρὸς

2140 2323 2220 2388 σὲ,
2239 2324 2346 2378 ἀπὸ
2368 2322 2596 2395 Γραφῶν
2630 2322 2844 2393 ἐλέγξαι
2868 2341 2948 2390 σε,
2970 2325 3052 2378 ὅτι
3081 2324 3251 2398 ψεύδῃ
3270 2325 3444 2394 λέγων
3476 2327 3549 2398 μὴ
3578 2327 3706 2380 πολο-

2138 2416 2265 2479 λοὺς
2281 2416 2324 2446 “
2341 2415 2451 2470 δεῖν
2470 2414 2798 2484 φθέγγεσθαι
2816 2414 2989 2478 θεούς.
3006 2415 3167 2469 Ὅθεν
3190 2416 3390 2480 πολλὰς
3403 2418 3707 2489 ἐγγράφους

2138 2504 2313 2570 ἔδειξα
2338 2505 2538 2575 φωνὰς,
2562 2506 2643 2559 ὅτι
2672 2507 2832 2561 αὑταὶ
2849 2508 2904 2559 al
2920 2506 3059 2560 θεῖαι
3078 2507 3291 2578 l‘pacpal
3308 2506 3537 2573 πολλοὺς
3554 2509 3709 2580 φθεγ-

2136 2617 2323 2670 γονται
2339 2600 2514 2679 Θεούς.
2541 2602 2648 2655 Kal
2666 2605 2695 2656 6
2713 2602 2943 2674 Πέτρος·
2962 2602 3133 2655 Αὑταὶ
3148 2603 3205 2654 ai
3221 2601 3451 2666 πολλοὺς
3474 2602 3704 2671 φθεγγό-

2140 2707 2300 2761 μεναι
2317 2689 2474 2754 θεοὺς
2494 2691 2728 2762 Γραφαὶ,
2756 2692 2920 2745 αὑταὶ
2940 2691 3253 2763 παρῄνεσαν
3272 2693 3402 2762 ἡμῖν
3422 2690 3670 2745 εἰποῦσαι
3686 2707 3703 2723 ⁶

2149 2779 2438 2851 Ὀνόματα
2459 2780 2609 2836 θεῶν
2629 2781 2967 2850 ἐτέρωοΟὐκ
2978 2782 3340 2849 ἀναϐήσεται
3352 2781 3586 2836 ἐπὶτῶν
3599 2797 3713 2851 χει-

2136 2871 2292 2928 λέων
2322 2887 2458 2927 σου.
2489 2872 2676 2936 οὔτως
2701 2874 2762 2926 οὐ
2791 2874 2942 2945 παρὰ
2967 2875 3029 2927 τὸ
3057 2875 3440 2947 γεγραμμένον
3467 2875 3627 2947 ἔφην,
3661 2870 3711 2930 ὧ

2134 2964 2331 3035 Σίμων.
2356 2965 2511 3018 Καὶὸ
2524 2964 2704 3035 Σίμων
2723 2982 2736 2995 ·
2754 2966 3166 3037 Ἀχουσον,πρὸς
3185 2966 3317 3021 αὐτὸ
3332 2968 3426 3021 καὶ
3446 2969 3533 3031 σὺ,
3550 2962 3596 3021 ὧ
3613 2967 3716 3021 Πέ-

2133 3071 2248 3126 τρε.
2267 3053 2622 3124 Ἀμαρτάνειν
2642 3071 2731 3125 μοι
2743 3055 2939 3120 δοκεῖς,
2957 3056 3038 3109 ὅτι
3057 3056 3234 3111 αὐτῶν
3249 3058 3590 3129 καταλέγεις,
3609 3060 3713 3132 τῆς

2131 3144 2355 3217 ΓΡαΨῆς
2385 3144 2648 3217 λεγούσης
2667 3161 2680 3175 ·
2714 3145 2776 3199 οὐ
2807 3145 3214 3218 κακολογήσεις,
3248 3147 3344 3201 καὶ
3371 3148 3638 3219 ἄρχοντας
3662 3149 3710 3180 ιιι

2131 3234 2230 3288 τοῦ
2272 3234 2400 3287 λαοῦ
2435 3251 2527 3287 σου
2571 3234 2633 3287 οὐ
2682 3234 2866 3298 κακῶς
2908 3236 3073 3305 ἐρεῖς.
3122 3236 3232 3288 Kal
3263 3237 3291 3288 6
3321 3236 3560 3306 Πέτρος-
3598 3237 3712 3306 uox

2133 3328 2450 3400 ἁμαρτάνω,
2481 3327 2681 3398 Σίμων,
2710 3327 3012 3391 ἀκολούθως
3037 3330 3157 3390 ταῖς
3183 3328 3422 3399 Γραφαίς
3442 3328 3542 3400 τὴν
3561 3326 3716 3381 ἀπώ-

2132 3416 2279 3473 λειαν
2309 3418 2486 3472 αὐτῶν
2519 3418 2906 3491 προσημαίνων
2931 3435 2944 3447 ·
2977 3418 3138 3489 323
3185 3418 3326 3472 οὕτω
3361 3419 3469 3490 γὰρ
3513 3419 3716 3489 γέγρα-

2133 3524 2294 3562 πταιο
2328 3509 2479 3574 Θεοί,
2506 3508 2564 3563 οἳ
2588 3508 2695 3563 τὸν
2712 3507 2972 3578 οὐρανὸν
2987 3510 3087 3563 καὶ
3111 3504 3225 3573 τὴν
3248 3510 3368 3581 γῆν
3384 3512 3494 3564 οὐκ
3511 3510 3715 3577 ἐποίη-

2136 3616 2256 3656 σαν
2275 3641 2292 3666 ,
2316 3601 2780 3657 ἀπολέσθωσαν·
2813 3602 2906 3654 καὶ
2929 3601 3087 3656 τοῦτο
3117 3600 3286 3656 εἰπὼν
3319 3603 3417 3673 οὐχ
3448 3602 3525 3666 ὡς
3552 3602 3711 3656 ἐνίων

2136 3693 2533 3763 πεποιηκότων,
2553 3692 2648 3745 καὶ
2670 3691 2743 3764 μὴ
2767 3690 3170 3762 ἀπολλυμένων,
3187 3691 3263 3755 ὡς
3277 3693 3623 3764 ήρμήνευσας
3641 3693 3707 3747 ίτ.

2133 3785 2398 3858 Δηλοῦται
2445 3784 2552 3855 γὰρ
2584 3779 2665 3847 εἷς
2694 3786 2722 3838 6
2753 3782 3066 3855 πεποιηκὼς
3094 3782 3172 3853 τῷ
3219 3784 3470 3855 ἀπαρχῆς
3510 3784 3712 3857 γεγρά-

2135 3877 2265 3947 φθαι
2282 3894 2295 3908 ·
2342 3878 2444 3931 Ἐν
2465 3874 2623 3944 ἀρχῇ
2642 3876 2928 3941 ἐποίησεν
2954 3878 2987 3928 ὁ
3017 3874 3159 3941 Θεὸς
3184 3874 3289 3929 τὸν
3324 3874 3581 3943 οὐρανὸν
3612 3875 3711 3929 καί

2134 3968 2249 4037 τὴν
2278 3967 2413 4039 γῆν.
2459 3968 2569 4022 Kal
2618 3967 2718 4021 οὐκ
2771 3963 2950 4021 εἶπεν·
3000 3970 3064 4020 Ol
3106 3968 3247 4023 θεοί.
3296 3969 3407 4022 Kal
3437 3967 3571 4039 ἄλλῃ
3603 3984 3707 4021 που

2134 4059 2316 4129 λέγει⁸
2368 4061 2622 4126 Ποίησιν
2670 4057 2738 4112 δὲ
2784 4057 2997 4127 χειρῶν
3028 4058 3213 4112 αὐτοῦ
3261 4059 3613 4129 ἀναγγέλλει
3639 4058 3708 4111 τὸ

2134 4151 2451 4222 στερέωμα.
2484 4152 2594 4205 Kal
2623 4152 2679 4203 ὲν
2712 4151 2882 4222 ἑτέρῳ
2898 4151 3047 4222 τόπῳ
3068 4151 3111 4182 ¹⁸
3142 4151 3477 4223 γέγραπται·
3514 4154 3578 4204 οι
3603 4152 3711 4204 οὐκ

466 4256 621 4315 ptum
654 4253 739 4298 est
766 4262 778 4297 :
811 4243 941 4297 Coeli
970 4244 1075 4314 ipsi
1099 4244 1370 4315 peribunt,
1407 4256 1464 4299 tu
1510 4255 1682 4300 autem
1708 4248 2034 4313 permanebis

2138 4243 2306 4312 ρανοὶ
2338 4241 2509 4297 αὐτοὶ
2537 4242 2904 4298 ἀπολοῦνται
2923 4281 2938 4306 ,
2963 4241 3043 4297 σὺ
3067 4240 3137 4296 δὲ
3162 4241 3459 4311 διαμενεῑς
3489 4244 3575 4308 εἰς
3602 4240 3713 4296 τὸν

469 4334 526 4385 in
542 4340 796 4385 aeternum
826 4343 887 4384 σι.

2135 4338 2339 4394 αὶῶνα.

542 4443 633 4499 1x.
674 4443 820 4499 Dixit
853 4443 1041 4499 Simon
1075 4464 1089 4501 :
1121 4446 1201 4501 Ad
1233 4448 1337 4502 hoc
1367 4448 1510 4517 quod
1548 4463 1647 4521 ego
1684 4451 1887 4505 multos
1915 4465 2036 4507 esse

2210 4450 2299 4508 IX.
2341 4453 2453 4506 Kal
2483 4452 2513 4504 6
2543 4451 2724 4521 Σίμων
2757 4450 2883 4522 ἔφη’
2909 4450 3055 4523 Πρὸς
3084 4450 3148 4506 τὸ
3182 4451 3281 4523 ἐμὲ
3298 4449 3464 4516 δεῖξαι
3484 4450 3712 4514 πολλοὺς

471 4536 606 4590 deos
622 4535 838 4590 ostendi
864 4552 930 4590 ex
958 4534 1276 4606 Scripturis,
1295 4552 1527 4607 quarum
1558 4539 1719 4593 verba
1746 4536 2034 4595 manifesta

473 4627 695 4683 exhibui
725 4668 740 4692 ,
773 4636 831 4682 tu
866 4629 1051 4684 itidem
1085 4630 1167 4684 vel
1198 4630 1353 4699 plura
1402 4632 1714 4686 testimonia
1741 4648 1805 4687 ex
1837 4633 2031 4689 iisdem

478 4717 778 4788 Scripturis
794 4720 1044 4783 attulisti,
1073 4720 1310 4790 probans
1327 4737 1495 4776 unum
1523 4737 1643 4777 esse
1666 4722 1856 4791 Deum,
1878 4740 2034 4780 eum-

476 4824 584 4877 que
631 4808 962 4864 Judaeorum.
1007 4809 1074 4864 Et
1119 4809 1186 4865 ad
1222 4811 1274 4865 id
1301 4813 1443 4883 quod
1477 4813 1630 4867 dixi:
1672 4812 1792 4867 Non
1832 4825 2034 4886 oportet

556 4933 581 4960 ιι
624 4920 781 4976 Deut.
816 4938 890 4987 Iv,
928 4921 1016 4976 59.

551 4990 581 5030 ιι
625 4990 781 5046 Deut.
811 5008 868 5056 ι,
896 4991 983 5047 18.

550 5071 571 5098 c
615 5059 775 5128 lbid.,
819 5061 905 5116 ιτ.

548 5129 575 5168 ἀ
612 5130 768 5185 Deut.
798 5148 883 5198 IV,
915 5131 1003 5187 '59.

558 5213 582 5238 ε
624 5199 779 5255 Deut.
808 5219 884 5269 vt,
914 5203 999 5256 15.

553 5271 573 5308 ί
617 5270 777 5336 litid.,
807 5273 862 5326 4.

2140 4539 2279 4597 εἶναι
2313 4542 2468 4605 θεοὺς
2494 4541 2600 4596 ἀπὸ
2625 4535 2733 4594 τῶν
2752 4541 3004 4613 Γραφῶν,
3028 4542 3211 4611 φωνὰς
3228 4543 3420 4611 σαφεῖς
3436 4543 3711 4614 παρέστη-

2142 4652 2232 4699 σα,
2268 4634 2332 4688 σὺ
2369 4634 2426 4687 δὲ
2452 4633 2719 4697 τοσαύτας
2741 4632 2833 4704 “il
2864 4632 2959 4688 καὶ
2991 4632 3240 4696 πλείονας
3272 4631 3454 4701 φωνὰς
3474 4632 3580 4686 ἀπὸ
3599 4632 3710 4685 τῶν

2143 4726 2321 4781 αὐτῶν
2354 4725 2582 4797 Γραφῶν
2609 4725 2867 4798 ὲνήνοχας
2884 4764 2899 4790 ,
2924 4725 3179 4780 δεικνύων
3199 4726 3280 4778 ὅτι
3311 4718 3391 4788 εἷς
3421 4724 3537 4778 ἐστὶ
3550 4723 3706 4789 Θεὸς,

2144 4820 2239 4873 καὶ
2264 4813 2415 4881 οὗτος
2452 4816 2736 4872 Ἰουδαίων.
2772 4817 2883 4871 Kal
2912 4816 3049 4889 πρὸς
3078 4816 3140 4871 τὸ
3170 4818 3341 4871 εἰπεῖν
3374 4832 3466 4887 με*
3513 4817 3595 4870 Οὐ
3618 4815 3713 4871 δεῖ

2210 4932 2238 4971 Β
2275 4929 2391 4985 Jos.
2426 4945 2585 4996 mn,
2613 4930 2666 4993 7,
2694 4930 2834 5000 apud
2864 4928 3026 4985 LXX.

2210 5001 2240 5040 ll
2279 5000 2450 5054 Exod.
2480 5001 2585 5063 22,
2614 5000 2702 5055 28.

2221 5072 2237 5112 ί
2283 5068 2393 5124 Jer.
2427 5071 2607 5134 χ,11.

2219 5138 2247 5179 ι
2288 5139 2496 5203 Gen.x,
2531 5141 2580 5194 ι.

2228 5208 2247 5248 1
2285 5208 2429 5264 Psal.
2451 5224 2606 5275 xvm,
2641 5204 2697 5266 2.

2220 5291 2259 5319 ω
2303 5279 2442 5335 Psal.
2472 5296 2523 5336 cr
2553 5320 2569 5345 ,
2601 5281 2671 5335 26

1785 5428 2012 5490 VARI/E-
2048 5432 2451 5489 LECTIONES.

561 5544 609 5619 “_
631 5542 704 5605 ὥς
730 5541 793 5597 0.
848 5543 914 5619 A"
957 5545 1036 5608 είς
1069 5558 1177 5609 om.
1223 5543 1287 5599 0.
1370 5544 1413 5619 ’ξ
1451 5546 1557 5600 τῶν
1603 5547 1835 5602 accessit
1869 5563 1934 5602 ex
1979 5545 2041 5601 Ο.
2120 5546 2161 5578 ¹⁸
2196 5544 2459 5619 ἡμων-(Ζ.

2557 5543 2599 5621 δ’
2619 5543 2848 5621 ζτολλορς
2875 5543 2920 5601 Ο
2943 5564 3033 5621 ex
3067 5553 3297 5621 conject.
3346 5552 3388 5607 D
3417 5596 3433 5618 ,
3481 5552 3619 5608 αὐτά
3638 5551 3700 5621 C.

492 5612 539 5701 2
562 5613 811 5701 ,ἔρχοντα
948 5630 1015 5701 ex
1045 5628 1153 5701 quo
1192 5616 1560 5701 fac‘cessit‘seq.
1601 5633 1719 5698 σου.
1799 5618 1839 5649 ¹⁷
1870 5610 2309 5701 ἑρμήνευςαςᾯ.
2345 5614 2487 5700 Tum~
2503 5614 2581 5685 τῷ
2612 5612 2670 5701 0⁹
2705 5632 2753 5671 c.
2784 5617 2822 5671 S
2851 5659 2866 5681 ,
2892 5619 2954 5701 τύ
2968 5620 3043 5701 ις).
3079 5610 3432 5701 Subindeﬁrt;
3463 5624 3603 5695 ἀρχῇ
3636 5620 3698 5679 0.

494 5680 539 5713 "
562 5670 749 5735 Τὲιίὶιιί
779 5670 984 5738 reddidi
1014 5670 1165 5755 τύπῳ
1184 5700 1214 5737 a
1233 5685 1291 5740 Cl
1337 5695 1389 5739 et
1418 5670 1461 5739 Si
1484 5670 1789 5742 omissum.

1870 5685 1919 5719 η’
1949 5685 2192 5758 γραφῶν,
2238 5685 2301 5749 ἃς
2332 5686 2516 5754 σαφεῖς
2536 5685 2867 5757 παρέπησα,
2898 5690 3082 5755 amet;
3104 5694 3271 5759 αὑτάς
3303 5696 3363 5750 C.
