4040 6146
355 241 457 296 373

1437 239 1890 296 CLEMENTINA.
1916 273 1981 282 -
2000 241 2282 298 HOMILIA
2323 242 2460 296 XVI.

3480 241 3590 296 3η

354 355 706 423 κακόλογεῖν
734 349 937 422 θεοὺς,
989 357 1262 427 ἐπήγαγες
1318 353 1453 424 πρὸς
1498 355 1558 408 τὸ
1603 354 1808 418 δεῖξαι,
1839 354 1920 406 ὅτι

2041 355 2124 406 liis
2158 354 2461 408 maledicere
2489 393 2503 417 ,
2552 352 2918 422 subjunxisti,
2966 361 3020 407 ut
3073 351 3374 411 declarares
3414 372 3586 411 unum

363 448 442 509 εἰς
493 445 642 500 ἐστὶν
693 449 724 500 ὁ
783 449 1136 522 πεποιηκὼς,
1211 443 1295 495 ὅτι
1329 443 1391 495 οἱ
1419 443 1504 512 μὴ
1534 444 1921 522 πεποιηκότες

350 535 682 593 ἀπολέσθαι
708 535 974 601 ἔχουσιν.
1015 533 1156 603 Πρὸς
1187 532 1242 585 δὲ
1276 531 1338 584 τὸ
1381 535 1553 585 εἰπεῖν
1591 549 1657 601 με
1683 571 1696 593 ,
1727 533 1808 583 ὅτι
1843 532 1925 584 δεῖ

354 628 508 689 θεοὺς
529 627 704 693 λέγειν
737 624 870 678 καθὸ
890 625 935 655 ²⁰
970 626 1061 677 καὶ
1103 625 1158 676 αἱ
1192 623 1406 696 Γραφαὶ
1439 624 1632 685 αὐτοὺς
1655 623 1920 690 λέγουσιν,

354 719 448 771 καὶ
483 717 621 788 πρὸς
642 716 858 785 ἱ’τούτοις
875 717 918 747 ’ί
943 715 1172 780 ἔδειξας,
1191 715 1272 767 ὅτι
1299 715 1372 785 μὴ
1398 715 1478 767 δεῖ
1498 715 1672 766 αὐτῶν
1690 713 1926 783 ὀνόματα

359 809 708 878 φθέγγεσθαι,
738 807 816 877 τῷ
845 808 944 878 τὴν
975 807 1144 878 αὐτὴν
1165 806 1384 876 Γραφὴν
1403 805 1574 858 εἰπεῖν
1594 806 1659 867 ",
1686 803 1927 874 ὀνόματα

361 901 498 954 θεῶν
527 900 725 970 ἐτέρων
769 899 842 969 μὴ
888 898 1235 967 φθέγγεσθαι.
1276 897 1425 950 Ἐπεὶ
1467 891 1560 949 οὖν
1602 895 1762 948 αὐταὶ
1783 893 1826 925 ⁸³
1870 894 1926 946 αἱ

359 989 574 1061 Γραφαὶ
605 987 831 1050 πολλοὺς
850 987 1094 1055 λέγουσιν
1119 983 1254 1040 εἶναι
1289 987 1461 1048 θεοὺς,
1495 988 1587 1038 καὶ
1619 985 1803 1039 ἄλλοτε
1833 984 1929 1038 ἕνα

366 1081 522 1150 μόνον
556 1077 693 1133 εἶναι
713 1119 728 1142 ,
760 1079 853 1131 καὶ¹
885 1079 974 1131 ὁτὲ
1012 1080 1108 1147 μὲν
1160 1079 1232 1149 μὴ
1276 1075 1685 1145 κακολογεῖσθαι¹
1704 1116 1718 1139 ,
1745 1076 1834 1128 ὁτὲ
1870 1074 1927 1127 δὲ

363 1170 772 1238 κακολογεῖσθαι
797 1210 810 1234 ,
837 1169 1000 1241 32η
1027 1170 1162 1240 πρὸς
1191 1168 1348 1221 τοῦτο
1377 1169 1431 1220 τί
1462 1170 1543 1222 δεῖ
1572 1167 1886 1236 λογίσασθαι
1911 1209 1925 1232 ,

362 1261 396 1332 ἢ
430 1263 511 1314 ὅτι
542 1262 701 1316 αὐταὶ
728 1263 876 1332 ἡμᾶς
907 1263 961 1315 αἱ
991 1261 1028 1312 Γ
1037 1261 1204 1330 ραφαὶ
1237 1261 1544 1323 πλανῶσιν;

429 1459 499 1516 Χ.
541 1462 688 1515 Καὶό
709 1463 911 1532 Πέτρος
928 1462 1050 1532 ἔφη’
1067 1462 1139 1514 Ού
1163 1461 1452 1527 πλανῶσιν,
1471 1461 1928 1530 ἁλλ’ἐλέγχουσιν,

361 1552 546 1614 καίεἱς
561 1553 788 1622 φανερὸν
810 1554 999 1620 ἄγουσι
1014 1553 1110 1624 τὴν
1132 1554 1187 1606 ὲν
1210 1555 1420 1622 ἑκάστῳ
1441 1553 1580 1605 κατὰ
1599 1553 1691 1605 τοῦ
1705 1552 1837 1604 Θεοῦ
1857 1553 1935 1604 ὲν-

360 1643 699 1714 δομυχοῦσαν
715 1645 761 1675 “
777 1644 923 1697 ὥσπε
931 1663 961 1716 ρ
978 1645 1152 1712 ὄφεως
1168 1646 1341 1715 κακὴν
1359 1645 1672 1715 προαίρεσιν
1684 1683 1696 1696 .
1715 1643 1935 1706 Πολλοῖς

2023 462 2142 501 esse
2165 453 2486 506 creatorem,
2505 443 2649 512 quod
2677 444 2763 512 qui
2779 459 2880 495 non
2903 455 3167 508 crearunt,
3191 445 3357 513 perire
3375 445 3585 504 habent.

2024 537 2270 604 Cumque
2301 533 2552 596 dixerim,
2592 534 2950 588 nominandos
2985 550 3105 590 esse
3131 534 3294 601 deos,
3327 523 3584 606 quoniam

2024 637 2077 680 et
2108 625 2404 694 Scriptura)
2435 639 2528 678 eos
2557 623 2877 687 nominant,
2918 624 3079 676 etiam
3113 623 3178 678 ad
3211 625 3326 679 haec
3363 626 3591 680 demon~

2026 718 2205 772 strasti
2234 759 2249 782 ,
2291 731 2396 769 non
2455 726 2707 782 oportere
2756 728 2947 767 eorum
2996 715 3214 767 nomina
3247 714 3490 783 proferre
3525 731 3591 771 eo

2026 810 2170 878 quod
2194 809 2380 863 eadem
2412 804 2691 874 Scriptura
2724 804 2897 869 dicat,
2933 804 3152 856 nomina
3182 805 3408 859 deorum
3455 805 3592 861 alios

2027 913 2148 951 rum
2195 913 2301 951 non
2347 911 2466 951 esse
2512 895 2932 965 pronuntianda.
2985 893 3434 964 Quandoquidem
3463 912 3591 966 ergo

2028 989 2227 1044 eaedem
2262 988 2555 1058 Scriptura:
2584 988 2785 1042 multos
2814 987 3003 1041 dicunt
3024 1002 3145 1042 esse
3172 986 3324 1049 deos,
3357 998 3410 1042 et
3441 988 3587 1050 alibi,

2029 1096 2198 1134 unum
2230 1081 2402 1134 solum
2435 1094 2576 1144 esse,
2604 1088 2658 1131 et
2689 1077 3001 1146 aliquando,
3039 1077 3104 1130 iis
3135 1092 3242 1129 non
3269 1077 3593 1131 maledicen-

2030 1172 2180 1236 dum,
2241 1171 2532 1238 aliquando
2565 1171 2990 1224 maledicendum
3016 1212 3030 1234 ,
3063 1186 3125 1221 ex
3162 1169 3265 1222 hoc
3308 1169 3435 1238 quid
3468 1183 3596 1223 con-

2031 1264 2247 1316 cludere
2278 1263 2559 1327 debemus,
2578 1262 2680 1314 nisi
2707 1261 2849 1330 quod
2869 1262 2996 1328 ipsae
3018 1276 3116 1313 nos
3143 1260 3418 1328 decipiunt
3446 1247 3594 1314 Scri—

2035 1363 2204 1422 pturze
2226 1352 2248 1403 ?

2103 1443 2170 1496 Χ.
2213 1443 2404 1498 Petrus
2427 1444 2704 1512 respondit
2735 1463 2746 1495 :
2779 1441 2894 1496 Non
2939 1441 3253 1511 decipiunt,
3287 1443 3377 1496 sed
3407 1441 3597 1495 redar-

2035 1544 2224 1605 guunt,
2257 1551 2320 1589 ac
2351 1536 2403 1588 in
2431 1535 2703 1604 publicum
2729 1533 3009 1604 proferunt
3046 1537 3241 1589 malam
3279 1551 3403 1604 erga
3429 1535 3598 1589 Deum

2037 1627 2388 1691 voluntatem,
2435 1627 2488 1680 in
2545 1642 2872 1696 unoquoque
2936 1628 3107 1681 instar
3165 1629 3431 1697 serpentis
3479 1629 3600 1682 lati,

361 1733 471 1804 γὰρ
501 1734 592 1786 καὶ
620 1734 896 1805 διαφόροις
927 1734 1115 1797 τύποις
1145 1736 1370 1786 ἐοικυῖαι
1404 1734 1733 1804 πρόκεινται.
1768 1724 1934 1783 ’Ἑκα-

2041 1726 2256 1772 tantem.
2315 1715 2498 1772 Multis
2542 1718 2683 1771 enim
2737 1733 2799 1771 ac
2847 1718 3010 1772 variis
3069 1719 3206 1790 typis
3263 1719 3467 1774 similes
3511 1721 3599 1789 ja—

365 1843 490 1887 στος
519 1821 609 1878 οῦν
637 1825 790 1896 κηρῷ
822 1827 1057 1878 ἐοικυῖαν
1091 1825 1187 1896 τὴν
1218 1825 1380 1878 αὑτοῦ
1417 1824 1731 1895 προαίρεσιν
1777 1822 1932 1893 ἔχων,

364 1916 830 1988 περιϐλεψάμενος
862 1919 1030 1979 αύτὰς
1062 1917 1154 1970 καὶ
1186 1917 1360 1969 πάντα
1409 1914 1580 1986 εὑρὼν
1624 1915 1682 1967 ἐν
1711 1914 1898 1975 αὐταῖς
1919 1954 1933 1978 ,

361 2013 542 2063 ὁποῖον
569 2010 696 2062 Θεὸν
723 2006 860 2062 εἶναι
885 2009 1102 2075 οέλει²⁵,
1134 2009 1259 2080 τὴν,
1293 2010 1368 2072 ὡς
1400 2007 1533 2079 ἔφην
1555 2049 1568 2074 ,
1615 2004 1771 2077 κηρῷ
1827 2005 1935 2056 ὲοι-

366 2105 522 2154 κυῖαν
557 2101 870 2173 προαίρεσιν
903 2100 1169 2154 ἐπιϐαλὼν
1216 2101 1606 2171 ἀπομάσσεται.
1655 2097 1806 2150 Ἐπεὶ
1846 2090 1937 2148 οῦν

365 2195 461 2246 ὅτι
483 2193 528 2223 ’θ
562 2192 627 2245 ἂν
653 2192 907 2263 βούληταί
939 2209 1020 2254 τις
1054 2191 1180 2262 περὶ
1209 2189 1343 2243 Θεοῦ
1374 2191 1622 2261 φρονεῖν,
1658 2188 1716 2239 ὲν
1749 2186 1939 2247 αὑταῖς

366 2284 630 2356 εὑρίσκει,
682 2284 868 2336 τούτου
900 2284 1057 2356 χάριν
1089 2285 1116 2337 ὁ
1163 2284 1257 2353 μὲν
1307 2281 1512 2334 πολλῶν
1546 2279 1681 2332 θεῶν
1736 2277 1937 2342 ίδέας¹⁷

365 2375 745 2445 ἀπομάσσεται
775 2376 868 2427 ἀπ’
903 2375 1080 2429 αὐτῶν
1100 2417 1113 2440 ,
1149 2375 1242 2426 καὶ
1270 2374 1427 2443 ἡμεῖς
1457 2371 1555 2442 τὴν
1584 2369 1676 2423 τοῦ
1709 2369 1875 2433 ὅντως
1895 2369 1940 2400 ’³

366 2464 769 2536 ἂπεμαξάμεθα
818 2466 957 2519 ἰδέαν
979 2466 1046 2529 ’⁸,
1075 2466 1139 2516 ὲκ
1180 2464 1278 2534 τῆς
1310 2463 1580 2533 ἡμετέρας
1613 2462 1822 2533 μορφῆς
1850 2460 1940 2513 τὸν

368 2557 547 2628 ἀληθῆ
581 2558 890 2626 ἐπιγνόντες
919 2557 1112 2609 τύπον.
1153 2553 1310 2606 Ἀλλὰ
1343 2555 1438 2606 καὶ
1463 2555 1496 2622 ἡ
1549 2551 1756 2604 ἔνδοθεν
1786 2548 1940 2620 ἡμῶν

366 2651 513 2721 ψυχὴ
545 2651 641 2722 τὴν
675 2649 838 2704 αὑτοῦ
880 2648 1061 2702 εἰκόνα
1110 2647 1246 2718 πρὸς
1287 2644 1578 2698 ἀθανασίαν
1624 2641 1936 2711 ἠμφίεσται.

367 2741 586 2812 Ταύτης
617 2742 707 2794 τὸν
739 2741 1035 2812 γεννήτορα
1070 2738 1162 2791 ἐὰν
1195 2736 1475 2791 καταλίπω
1498 2775 1511 2796 ,
1539 2734 1723 2804 δικαίᾳ
1766 2733 1941 2803 κρίσει

367 2833 463 2886 καὶ
501 2833 639 2904 αὐτή
682 2849 747 2902 με
774 2830 1088 2884 καταλιπεῖν
1116 2829 1256 2898 ἔχει,
1293 2826 1440 2897 αὑτῷ
1458 2825 1536 2896 τῷ
1561 2825 1605 2860 ³ο
1638 2824 1942 2896 τολμήματι

368 2926 687 2996 γνωρίσασα
719 2925 922 2990 ἄδικον,
951 2922 1043 2975 καὶ
1069 2921 1144 2983 ὡς
1169 2919 1275 2972 ἀπὸ
1301 2919 1506 2972 δικαίου
1534 2918 1755 2980 δικαίως
1782 2933 1944 2968 κατα-

367 3017 541 3087 λείψει
578 3035 670 3088 με·
708 3017 803 3070 καὶ
835 3015 1008 3078 οὕτως
1044 3014 1142 3083 τὴν
1172 3012 1347 3084 ψυχὴν
1388 3011 1524 3082 μετὰ
1557 3010 1803 3076 κόλασιν,
1846 3009 1944 3079 τῆς

371 3111 466 3164 ἀπ’
490 3109 658 3178 αὐτῆς
682 3104 1088 3175 ἀπολειφθεὶς³¹
1108 3103 1379 3174 βοηθείας,
1407 3103 1769 3174 φθαρήσομαι.
1800 3102 1862 3154 Ei
1889 3101 1945 3154 δὲ

371 3200 517 3253 ἐστιν
537 3199 624 3250 ἒτε
634 3215 743 3270 ρος,
761 3197 970 3269 πρῶτον
995 3195 1264 3248 ἐνδυσάτω
1288 3196 1475 3265 ἑτέραν
1499 3193 1639 3247 ἰδέαν
1665 3193 1732 3258 ³³,
1757 3192 1945 3262 ἑτέραν

375 3293 618 3362 μορφὴν,
644 3291 731 3344 ἵνα
762 3289 848 3342 διὰ
874 3290 971 3359 τῆς
994 3276 1365 3358 τοῦσώματος
1397 3285 1587 3356 καινῆς
1621 3283 1834 3354 μορφῆς
1855 3282 1946 3335 τὸν

373 3382 557 3436 καινὸν
593 3379 796 3448 ὲπιγνῶ
821 3379 970 3432 Θεόν.
1001 3379 1062 3431 Εἰ
1088 3377 1144 3430 δὲ
1177 3377 1269 3430 καὶ
1295 3376 1394 3447 τὴν
1421 3375 1631 3447 μορφὴν
1657 3372 1858 3446 ἀλλάξῃ
1881 3372 1944 3436 ³⁸,

377 3475 450 3544 μή
497 3491 547 3524 τι
575 3471 736 3541 325
771 3473 865 3524 καὶ
901 3471 1001 3541 τῆς
1029 3469 1205 3540 ψυχῆς
1233 3468 1332 3540 τὴν
1363 3468 1549 3521 οὐσίαν
1575 3484 1588 3532 ;
1615 3468 1678 3520 Et
1706 3467 1762 3520 δὲ
1789 3467 1880 3519 καὶ
1904 3465 1949 3496 ³⁵

375 3565 608 3638 ἀλλάξῃ»
638 3565 738 3617 οὐκ
763 3563 840 3616 ἔτι
865 3561 975 3630 ἐγώ
998 3564 1133 3633 εἰμι,
1160 3561 1316 3624 ἄλλος
1340 3560 1628 3630 γενόμενος
1650 3560 1742 3612 καὶ
1769 3562 1947 3631 μορφῇ

376 3658 472 3712 καὶ
498 3656 674 3726 οὐσίᾳ.
704 3654 927 3716 Ἄλλους
951 3648 1040 3705 οὖν
1070 3650 1366 3712 πλαττέτω,
1392 3651 1440 3702 εἰ
1466 3648 1622 3711 ἄλλος
1646 3649 1811 3701 ἐστίν.
1838 3650 1950 3701 Οὐκ

377 3748 495 3800 ἔστι
519 3747 595 3800 δέ.
624 3746 687 3799 Εἰ
711 3745 766 3797 δὲ
790 3741 878 3815 ἦν,
913 3743 1142 3796 ἔπλασεν
1168 3741 1251 3794 ἅν.
1294 3740 1446 3794 Ἐπεὶ
1466 3735 1557 3792 οῦν
1578 3740 1678 3792 οὐκ
1701 3738 1972 3803 ἔπλασεν,.

377 3837 454 3902 ὡς
488 3837 586 3891 ούκ
605 3835 679 3889 ὢν
713 3836 802 3887 τὸν
835 3834 964 3887 ὄντα
987 3833 1063 3903 τῷ
1099 3832 1210 3884 ὄντι
1243 3831 1601 3885 καταλιπέτω.
1638 3830 1824 3894 Οὐδεὶς
1845 3832 1952 3902 γάρ

379 3929 548 3990 ἐστιν,
592 3928 626 3998 ἢ
681 3927 814 3999 μόνῃ
864 3924 1056 3998 γνώμῃ
1093 3926 1352 3994 Σίμωνος.
1394 3923 1533 3993 Ἐγὼ
1559 3923 1714 3977 ἄλλον
1734 3923 1866 3977 Θεὸν
1891 3925 1952 3977 ού

380 4018 779 4091 παραδέχομαι,
811 4017 948 4090 πλὴν
972 4017 1063 4069 τὸν
1090 4016 1351 4069 κτίσαντά
1379 4032 1443 4086 με
1474 4015 1648 4086 μόνον.

448 4134 544 4188 XI.
571 4135 680 4189 Καὶ
704 4134 733 4186 ὁ
757 4133 935 4203 Σίμων
951 4151 962 4162 ·
1003 4132 1154 4186 Ἐπεὶ
1178 4131 1504 4202 πυκνότερόν
1532 4146 1592 4182 σε
1614 4128 1724 4200 ὁρῶ
1749 4127 1838 4181 τὸν
1863 4127 1953 4180 λό-

380 4243 476 4297 γον
503 4225 823 4297 ποιούμενον
849 4225 988 4297 ὑπὲρ
1015 4224 1109 4278 τοῦ
1137 4223 1444 4286 πλάσαντός
1493 4239 1551 4275 σε
1602 4221 1762 4285 Θεοῦ,
1815 4218 1954 4290 μάθε

380 4317 512 4390 παρ’
545 4317 702 4389 ἐμοῦ,
733 4317 850 4382 πῶς
874 4319 965 4370 καὶ
992 4319 1071 4381 εἰς
1095 4316 1254 4370 αὐτὸν
1284 4315 1608 4377 ἀσεϐεῖς.,οἱ
1654 4312 1955 4374 πλάσαντες

2038 1819 2178 1865 cent.
2221 1808 2609 1879 Unusquisque
2649 1826 2777 1880 ergo
2804 1827 2957 1884 .cerze
3008 1812 3343 1866 consimilem
3396 1813 3608 1869 habens

2037 1902 2364 1955 voluntatem
2392 1917 2567 1965 suam,
2631 1903 2758 1956 dum
2792 1901 3101 1972 Scripturas
3128 1888 3438 1972 perlustrat,
3467 1921 3602 1960 cuu-

2038 1999 2230 2058 ctaque
2257 1990 2310 2043 in
2338 1990 2446 2044 illis
2477 1991 2699 2057 invenit,
2720 1991 2931 2060 qualem
2959 1990 3123 2044 Deum
3152 2008 3271 2046 esse
3289 1995 3418 2055 vult,
3438 1995 3597 2048 talem

2038 2080 2289 2149 exprimit
2321 2081 2561 2134 immissa
2594 2081 2898 2144 voluntate,
2937 2096 3086 2150 quin,
3121 2092 3178 2135 ut
3206 2083 3313 2136 dixi
3339 2127 3352 2150 ,
3373 2085 3600 2143 assimi-

2039 2173 2182 2226 latur
2203 2187 2360 2227 certe.
2386 2171 2525 2238 Quia
2561 2188 2690 2242 ergo
2729 2173 2989 2243 quidquid
3013 2174 3129 2228 vult
3163 2175 3359 2244 aliquis
3389 2175 3455 2230 de
3493 2173 3613 2246 Deut.

2040 2267 2259 2327 sentire,
2306 2264 2359 2318 in
2407 2263 2699 2334 Scripturis
2743 2265 2965 2319 oﬂ‘endit
2991 2307 3004 2330 ,
3036 2282 3097 2320 ea
3155 2267 3323 2336 gratia
3361 2267 3450 2320 ille
3482 2267 3603 2336 qui-

2041 2355 2160 2409 dem
2196 2355 2492 2408 multorum
2532 2355 2754 2409 deorum
2786 2356 3046 2423 imagines
3091 2372 3156 2409 ex
3191 2357 3257 2409 iis
3283 2355 3516 2426 eilingit,
3550 2366 3605 2410 at

2041 2461 2141 2502 nos
2171 2445 2264 2502 Dei
2300 2446 2411 2500 veri
2443 2447 2674 2515 speciem
2707 2449 3095 2516 expressimus,
3127 2464 3190 2502 ex
3215 2458 3397 2504 nostra
3433 2447 3617 2506 forma.

2040 2552 2227 2592 verum
2266 2547 2621 2607 agnoscentes
2668 2539 2966 2607 exemplar.
3017 2538 3119 2593 Sed
3150 2551 3203 2594 et
3239 2540 3395 2594 nobis
3444 2539 3606 2596 insita

2042 2629 2221 2682 anima
2251 2628 2398 2683 illius
2426 2628 2661 2699 imagine
2690 2631 2755 2682 ad
2800 2631 3258 2685 immortalitatem
3286 2631 3471 2686 induta
3503 2641 3604 2688 est.

2042 2720 2175 2790 Ejus
2201 2731 2476 2791 parentem
2511 2722 2556 2776 si
2587 2723 2865 2791 relinquo,
2889 2723 3037 2791 justo
3067 2724 3267 2792 judicio
3302 2738 3363 2777 ea
3393 2739 3610 2794 quoque

2043 2829 2130 2869 me
2161 2813 2472 2883 relinquet,
2498 2815 2616 2883 ipso
2651 2813 2891 2869 facinore
2921 2815 3167 2871 indicans
3198 2817 3459 2884 injustum
3481 2858 3495 2881 ,
3532 2826 3621 2880 et,.

2043 2915 2104 2960 ut
2125 2919 2246 2976 quae
2268 2905 2450 2958 veniat
2478 2919 2506 2957 a
2532 2904 2704 2974 justo,
2726 2904 2872 2973 juste
2902 2920 2988 2959 me
3016 2905 3250 2971 deseret,
3279 2906 3465 2974 sicque
3493 2904 3610 2959 ani-

2045 3012 2189 3051 mam
2223 3005 2345 3066 post
2367 2995 2702 3071 punitionem
2734 2996 2978 3065 perdam,
3005 2996 3289 3050 deﬁciente
3316 2996 3517 3050 auxilio
3543 2996 3610 3049 ab

2045 3104 2107 3142 ea
2150 3096 2287 3142 orto.
2333 3085 2391 3140 Si
2436 3094 2614 3140 autem
2647 3095 2730 3140 est
2764 3087 2903 3140 alius
2949 3085 3092 3140 Deus
3118 3127 3133 3151 ,
3176 3087 3410 3159 primum
3449 3085 3608 3140 aliam

2045 3181 2278 3251 speciem
2312 3179 2528 3240 induat,
2575 3177 2736 3230 aliam
2766 3177 3097 3244 formam,ut
3113 3193 3207 3248 per
3231 3180 3476 3248 corporis
3509 3195 3610 3233 no-

2045 3288 2164 3326 vam
2186 3273 2412 3341 ﬁguram
2431 3285 2629 3324 novum
2649 3284 2937 3340 agnoscam
2956 3269 3258 3325 Deum.Sed
3275 3280 3327 3323 et
3347 3269 3392 3324 si
3419 3271 3629 3340 ﬁguris

2045 3364 2272 3435 ﬁguram
2287 3371 2480 3428 mutet,
2495 3363 2740 3432 nunquid
2764 3370 2817 3415 et
2841 3361 3036 3415 anima}
3057 3361 3443 3416 substantiam?
3457 3360 3626 3426 Quod

2048 3456 2093 3509 si
2117 3469 2235 3509 eam
2265 3467 2481 3524 quoque
2505 3452 2814 3516 mutaverit,
2841 3466 2947 3505 non
2974 3451 3206 3521 amplius
3234 3466 3333 3521 ego
3361 3453 3614 3522 sum,qui

2049 3546 2186 3601 alius
2209 3543 2383 3599 factus
2407 3542 2483 3596 fui
2505 3550 2617 3596 tum
2644 3541 2956 3611 ﬁgura,tum
2981 3540 3459 3595 substantia.Alios
3489 3555 3615 3608 ergo

2048 3649 2212 3703 creet,
2232 3637 2274 3692 si
2290 3637 2430 3692 alius
2443 3644 2542 3690 est.
2557 3633 2730 3689 Porro
2743 3649 2850 3687 non
2863 3641 2962 3686 est.
2980 3631 3036 3685 Si
3049 3631 3191 3685 enim
3209 3640 3629 3694 esset,creassct.

2049 3731 2257 3800 utique.
2283 3727 2419 3782 Cum
2451 3740 2581 3796 ergo
2611 3741 2719 3779 non
2749 3725 3048 3787 creaverit,
3085 3733 3343 3794 tanquam
3377 3723 3469 3794 qui
3507 3739 3614 3777 non

2050 3820 2254 3885 existit,
2279 3833 2464 3872 revera
2487 3816 2812 3870 existentem
2848 3817 3100 3872 existenti
3123 3817 3407 3886 relinquat.
3428 3814 3618 3869 Nullus

2052 3911 2250 3980 quippe
2290 3921 2395 3975 εει,
2430 3910 2537 3964 nisi
2579 3910 2693 3963 sola
2727 3907 2969 3963 Simonis
3002 3909 3278 3978 Opinione.
3307 3906 3419 3978 Ego
3453 3907 3616 3962 alium

2053 4002 2221 4056 Deum
2242 4017 2349 4055 non
2367 4001 2789 4070 recipio,praeter
2805 4017 2929 4056 eum
2950 4002 3124 4058 solum
3143 4002 3233 4072 qui
3253 4017 3337 4055 me
3353 4001 3630 4068 condidit.

2124 4115 2211 4170 Xl.
2229 4115 2365 4170 Tum
2400 4117 2616 4170 Simon:
2645 4116 2780 4183 Quia
2799 4118 2953 4172 video
2980 4126 3030 4171 te
3055 4116 3388 4186 frequentius
3416 4134 3624 4174 sermo-

2055 4222 2177 4260 nem
2212 4205 2389 4260 facere
2420 4207 2487 4260 de
2518 4205 2630 4260 Deo
2653 4207 2743 4276 qui
2778 4217 2826 4260 te
2849 4206 3074 4269 creavit,
3092 4205 3242 4259 disce
3267 4222 3295 4258 a
3326 4222 3410 4260 me
3431 4222 3622 4275 quem-

2059 4300 2356 4354 admodum
2383 4299 2436 4354 in
2465 4297 2642 4367 ipsum
2673 4297 2834 4350 etiam
2866 4298 3066 4366 impius
3093 4296 3188 4351 sis.
3227 4296 3462 4365 Apparet
3485 4296 3623 4351 duos

382 4387 475 4466 δύο
501 4387 801 4480 φαίνονται,
831 4412 906 4473 ὼς
929 4413 962 4480 ἡ
990 4410 1180 4480 Γραφὴ
1207 4408 1380 4473 λέγει·
1409 4405 1520 4460 Καὶ
1539 4405 1706 4458 εἶπεν
1734 4406 1766 4456 ὁ
1792 4403 1940 4468 Θεός

2060 4408 2180 4448 esse
2216 4401 2513 4455 creatores,
2547 4390 2683 4444 sicut
2722 4391 2799 4443 ait
2827 4387 3144 4458 Scriptura:
3179 4388 3246 4441 Et
3278 4389 3414 4442 dixit
3438 4387 3579 4440 Deus
3600 4404 3620 4443 :

383 4502 733 4572 Ποιήσωμεν
775 4501 1083 4568 ἄνθρωπον
1129 4499 1252 4552 κατ’
1284 4498 1484 4551 εἰκόνα
1524 4494 1816 4565 ἡμετέραν
1859 4494 1956 4546 καὶ

382 4597 512 4650 καθ’
543 4595 825 4664 ὁμοίωσιν
856 4591 919 4644 ³³.
969 4591 1043 4642 Τὸ
1067 4589 1408 4658 ποιήσωμεν
1443 4587 1534 4640 δύο
1586 4585 1872 4658 σημαίνει,
1919 4584 1952 4655 ἢ

381 4688 658 4751 πλείονας,
681 4685 819 4756 πλὴν
838 4685 936 4755 οὐχ
959 4682 1075 4737 ἕνα.
1447 4739 1456 4746 ,

451 4799 576 4855 ΧΠ.
602 4800 712 4853 Καὶ
736 4800 764 4851 ὁ
789 4798 994 4869 Πέτρος
1009 4795 1365 4866 ἁπεκρίνατο·
1389 4782 1494 4856 Εἷς
1516 4792 1660 4844 ἐστὶν
1687 4792 1715 4844 ό
1754 4792 1819 4860 τῇ
1854 4787 1952 4841 αύ-

381 4889 478 4944 τοῦ
513 4889 673 4960 σοφίᾳ
693 4887 885 4941 εἰπών·
918 4886 1264 4954 Ποιήσωμεν
1309 4882 1638 4949 ἄνθρωπον.
1680 4881 1742 4933 Ἠ
1781 4880 1837 4931 δὲ
1866 4895 1953 4930 σο-

358 5066 371 5102 \
456 5017 482 5045 ι
524 5003 662 5059 Gen.
695 5019 732 5065 ι,
768 5002 859 5056 26.

2065 4484 2351 4538 Faciamus
2374 4483 2631 4536 hominem
2656 4480 2724 4535 ad
2747 4492 2982 4535 nostram
3033 4481 3320 4548 imaginem
3345 4489 3393 4533 et
3431 4479 3624 4531 simili-

2063 4577 2293 4631 tudinem
2328 4589 2376 4630 α.
2408 4574 2696 4628 Faciamus
2751 4573 2889 4627 duos
2941 4571 3239 4642 signiﬁcat,
3274 4578 3366 4624 aut
3417 4570 3620 4638 plures,

2060 4679 2204 4725 certe
2234 4687 2340 4726 non
2372 4685 2562 4723 unum.

2128 4785 2244 4840 XII.
2283 4785 2349 4840 Et
2368 4786 2562 4839 Petrus
2586 4780 2897 4852 respondit:
2931 4779 3084 4834 Unus
3105 4789 3206 4839 est,
3229 4779 3320 4846 qui
3346 4777 3625 4846 sapientia:

2062 4896 2175 4935 sua:
2196 4881 2333 4936 dixit
2355 4899 2366 4932 :
2395 4877 2680 4931 Faciamus
2703 4876 2984 4930 hominem.
3011 4872 3149 4925 iluic
3171 4887 3298 4925 vero
3325 4864 3624 4939 sapientia,

1694 5174 1926 5230 νΑιιιίΕ
1964 5171 2362 5227 LECTIONES.

472 5319 518 5350 ὀ
538 5318 686 5374 καθ“ὃ
714 5318 774 5371 C.
817 5319 859 5348 ¹¹
900 5317 1057 5371 τοῦτο
1087 5315 1151 5369 0.
1171 5315 1307 5368 Tum
1339 5315 1419 5368 δεῖ
1443 5312 1587 5380 conj.
1619 5311 1658 5362 (ἶ
1690 5352 1704 5376 ,
1736 5313 1827 5380 qui
1855 5311 1908 5364 in
1933 5318 2080 5364 textu
2112 5310 2221 5362 δεῖν
2238 5320 2304 5380 ut
2327 5307 2390 5363 0.
2432 5309 2476 5338 "
2507 5307 2679 5380 εἰπεῖν
2702 5320 2810 5380 om.
2933 5374 2945 5380 _
2974 5302 3026 5380 _”
3057 5301 3096 5354 (ἰ
3129 5301 3306 5380 vertit
3341 5296 3495 5380 quasi
3524 5295 3622 5362 legi

391 5389 624 5443 voluerit
653 5391 709 5442 αἱ
741 5388 903 5442 αὐταί
936 5387 996 5442 S.
1075 5388 1120 5418 "
1150 5385 1224 5439 Ita
1257 5383 1302 5439 0
1356 5400 1405 5438 c.
1430 5383 1489 5437 Cl
1519 5376 1974 5451 ,ἶνδομοὶχοῦσαν
2004 5380 2066 5433 C.
2095 5380 2214 5433 Vid.
2235 5378 2389 5432 l-lom.
2434 5387 2510 5441 XI,
2543 5377 2576 5430 6
2605 5386 2658 5430 et
2694 5376 2779 5430 11.

393 5459 545 5503 close-
619 5460 707 5503 “i2
729 5476 786 5503 τε
809 5457 872 5503 0-
913 5458 1170 5503 “uincens
1202 5454 1444 5503 ϐούλεται
1479 5451 1541 5503 (ἶ.
1621 5452 1664 5482 ’⁷
1697 5450 1870 5503 είδέας
1899 5450 1958 5503 C.
2037 5450 2082 5481 ’⁸
2097 5448 2248 5503 ὄντος
2270 5449 2330 5500 (ἶ.
2409 5447 2454 5477 ¹⁹
2481 5446 2653 5500 είδέαν
2679 5447 2741 5500 (Σ.

1697 5466 1870 5513 ειοεας
1899 5466 1958 5503 ιλ.
2039 5466 2082 5481 ⁵⁸³
2097 5466 2248 5512 οντος
2270 5466 2330 5500 ιι.
2412 5466 2451 5477 "
2481 5466 2653 5500 ειοεαν
2679 5466 2741 5500 ιι.
2812 5466 2854 5477 "'
2871 5466 2948 5515 τῳ
2979 5466 3178 5496 Illscrtu
3199 5466 3248 5493 (τ.
3277 5466 3342 5493 υ.
3427 5466 3456 5468 -ν
3493 5466 3628 5488 unu-

1669 5520 1811 5573 idem
1878 5519 1932 5572 in
1960 5527 2130 5583 textu,
2174 5530 2232 5572 ut
2277 5517 2340 5570 0.
2421 5518 2464 5550 ³¹
2503 5517 2678 5570 εἰδέαν
2707 5517 2766 5570 C.
2815 5513 3017 5569 Deinde
3056 5512 3176 5583 dedi
3205 5511 3300 5583 ἵναΔ
3329 5535 3398 5583 τ
3426 5509 3644 5583 ἐπιγνῳ·

563 5586 802 5666 ἐπιγελῶν
833 5601 908 5660 (2;
955 5586 1160 5651 rectum
1181 5597 1290 5661 jam
1324 5586 1454 5666 vidit
1483 5594 1539 5666 S.
1561 5586 1573 5592 ⁷
1619 5591 1662 5627 ³³
1697 5588 1912 5666 etuias:
1947 5586 2010 5642 0.

399 5682 506 5720 ser.
542 5667 604 5722 0.
670 5659 728 5699 ’⁸⁸
778 5670 894 5722 κατ’
937 5666 1117 5721 εἰκόνα
1154 5659 1245 5718 καὶ
1275 5663 1392 5718 καθ’
1415 5664 1671 5733 ὁμοίωσιν
1699 5659 1972 5730 ἡμετέραν
2002 5659 2061 5713 C.

393 5459 545 5512 dose.
619 5460 707 5512 “6
729 5476 786 5511 τε
809 5457 872 5512 0.
912 5458 1170 5526 Deinceps
1202 5454 1444 5526 βούλεται
1479 5451 1541 5526 t3.

390 5527 633 5648 7523052;
679 5529 1003 5609 00.njectavit
1046 5528 1088 5580 C
1111 5523 1150 5591 “,
1183 5523 1605 5609 ᾁπολειφθείῖσης

395 5613 425 5647 c
563 5601 801 5648 ἐπι-[νων
833 5601 908 5648 (2:
955 5607 1160 5648 rectum
1186 5612 1290 5648 iam
1324 5596 1454 5648 Vidit
1483 5595 1539 5645 δ.

2859 5376 2903 5405 ’⁵
2933 5373 3078 5440 λέγει
3122 5372 3180 5424 Cl
3247 5379 3308 5440 et_
3352 5367 3391 5420 S
3421 5380 3626 5440 ,Amen-

2409 5447 2454 5477 "
2481 5436 2653 5500 εἰδέαν
2679 5447 2741 5500 (2.
2812 5444 2948 5500 ὀτῶ
2977 5436 3178 5496 inserui
3199 5457 3248 5493 ο.
3277 5438 3342 5493 0.
3422 5437 3462 5468 ³⁸
3493 5436 3628 5488 ἀπο-

2086 5575 2130 5620 ’ί
2170 5588 2364 5643 Deesse
2400 5590 2607 5642 videtur
2651 5586 2850 5656 ταύτην
2883 5593 3005 5655 post
3037 5584 3084 5634 si
3115 5581 3171 5634 δὲ
3209 5580 3320 5634 καί.
3354 5575 3409 5630 S.
3445 5575 3626 5629 οὐκέτι
