4048 6146
467 245 579 304 379

1363 245 1417 302 S.
1459 244 1848 317 CLEMENTIS
1886 246 1907 301 Ῑ
1955 245 2122 302 ROM.
2162 244 2363 303 ΡΟΝΤ.
2405 244 2635 302 OPERA
2672 231 2903 303 DUBIA:

3612 237 3761 302 380'

468 370 717 427 tuorum,
745 361 1020 425 virorum,
1058 360 1451 433 gignendorum
1474 401 1491 424 ,
1536 362 1612 418 dii
1647 372 1832 418 erunt.
1882 361 2038 428 Quod

2139 360 2314 432 τούτῳ
2339 360 2417 430 τῷ
2446 359 2589 430 λόγῳ
2614 359 2830 413 πάντων
2869 357 3170 432 ἀνθρώπων
3191 397 3208 424 ,
3232 355 3368 415 ’τῶν
3402 374 3462 410 τε
3505 356 3715 413 ἀποθα-

469 442 526 511 si
542 467 729 509 amore
753 454 1121 507 contentionis
1150 466 1278 522 erga
1299 467 1387 507 me
1430 453 1655 517 dixeris,
1700 469 1796 509 eas
1822 467 2040 523 quoque

468 560 591 601 esse
608 544 747 599 deos
774 583 788 609 ,
843 543 975 612 quid
1008 543 1110 598 hoc
1127 543 1243 613 jam
1276 546 1457 615 magni
1493 547 1598 600 erit
1635 546 1880 610 Christo,
1927 544 2035 602 dici

472 636 637 691 Deum
662 636 684 675 9
712 635 766 691 Id
797 636 942 690 enim
978 635 1217 701 habebit,
1245 638 1391 705 quod
1419 652 1612 692 omnes
1637 637 1861 692 habent.

2145 452 2342 505 νόντων
2393 452 2488 505 καὶ
2547 448 2767 515 ζώντων
2823 452 2917 506 καὶ
2970 449 3350 523 γενησομένων
3380 448 3425 481 ³⁸
3449 450 3506 502 αί
3551 450 3717 522 ψυχαὶ

2147 542 2257 596 θεοὶ
2279 542 2324 573 ⁵⁹
2353 540 2729 612 τυγχάνουσιν.
2766 541 2828 593 El
2853 540 2910 594 δὲ
2940 539 3402 613 προσφιλονεικῶν
3439 557 3527 611 μοι
3550 541 3715 613 ἐρεῖς,

2144 636 2238 689 καὶ
2260 633 2430 698 αὐτὰς
2464 634 2618 697 θεοὺς
2663 628 2822 699 εἶναι,
2855 634 2946 687 καὶ
2960 633 3011 686 τί
3040 633 3203 686 τοῦτο
3254 632 3335 686 ἔτι
3370 633 3414 664 ⁶⁰
3444 632 3586 703 μέγα
3622 637 3718 692 καὶ

466 728 704 801 Χριστῷ,
733 727 811 800 τῷ
838 726 1266 798 Θεῷρλέγεσθαη
1319 728 1479 782 τοῦτο
1534 728 1641 799 γὰρ
1672 728 1805 798 ἔχει,
1856 728 1884 781 ὃ
1929 728 2023 781 καὶ
2051 726 2249 788 πάντες
2290 723 2522 794 ἔχουσιν.

537 818 698 875 XVII.
732 819 843 877 Nos
878 819 1047 876 Deum
1073 822 1327 886 dicimus,
1350 822 1508 890 cujus
1537 823 1820 892 proprium
1847 823 1899 876 in
1924 823 2034 877 alio

462 929 586 969 esse
616 913 825 982 nequit.
856 912 1016 967 Velut
1041 914 1185 968 enim
1215 915 1309 982 qui
1356 914 1600 969 inﬁnitus
1641 923 1725 970 est
1770 916 2031 986 undique,

465 1012 684 1073 propter
735 1003 836 1058 hoc
884 1004 1081 1059 dicitur
1110 1004 1443 1070 immensus,
1500 1013 1554 1058 et
1583 1006 1807 1060 omnino
1832 1016 1917 1061 est
1940 1023 2033 1061 ne-

465 1110 643 1160 cesse,
670 1109 794 1149 eum
822 1094 1148 1150 immensum
1194 1094 1316 1149 ideo
1339 1096 1543 1159 vocari,
1574 1096 1700 1165 quia
1725 1112 1832 1151 non
1858 1105 2034 1167 potest

460 1187 606 1243 alius
637 1195 694 1240 ut
718 1186 832 1256 ipse
855 1201 977 1241 esse
1005 1185 1271 1250 inﬁnitus,
1327 1186 1433 1259 (sin
1480 1198 1661 1242 autem
1699 1188 1897 1258 aliquis
1926 1188 2031 1245 hoc

470 1277 672 1333 dixerit
694 1277 973 1345 possibile,
1007 1286 1183 1341 errat;
1219 1293 1319 1332 nec
1356 1279 1500 1333 enim
1541 1279 1651 1334 duo
1680 1280 1920 1350 undique
1944 1280 2030 1334 in-

463 1374 617 1428 ﬁnita
646 1372 813 1428 simul
832 1372 1095 1427 exsistere
1146 1382 1395 1442 possunt,
1449 1375 1834 1428 terminaretur
1887 1375 2032 1430 enim

460 1466 693 1519 alterum
720 1465 790 1518 ab
815 1463 1030 1533 altero),
1061 1464 1243 1533 itaque
1274 1476 1470 1520 natura
1525 1475 1899 1535 comparatum
1928 1475 2032 1533 est,

461 1568 629 1607 unum
656 1566 778 1606 esse
827 1550 1152 1620 Ingenitum.
1202 1552 1356 1619 Quod
1392 1557 1437 1609 si
1482 1555 1535 1609 in
1592 1556 1761 1626 ﬁgura
1817 1564 1922 1619 est,
1954 1557 2035 1611 sic

458 1659 681 1714 quoque
729 1660 898 1699 unum
928 1653 1011 1700 est
1044 1644 1489 1716 incomparabilc.
1536 1648 1715 1714 Quare
1739 1659 1793 1704 et
1818 1650 2034 1705 Altissi-

2213 817 2378 888 329
2427 816 2590 871 XVII.
2646 817 2835 889 Ἡμεῖς
2860 817 2993 871 Θεὸν
3038 816 3297 888 λέγομεν,
3325 809 3387 871 οὗ
3418 817 3564 870 ἐστιν
3588 816 3717 874 ἴδιον

2141 910 2202 963 τὸ
2253 910 2295 940 ⁶¹
2341 908 2484 980 ἄλλῳ
2536 914 2819 981 προσεῖναι
2869 909 2943 982 μὴ
2994 909 3309 980 δυνάμενον.
3350 909 3562 981 Ὥσπερ
3607 909 3715 985 γὰρ

2140 999 2364 1071 ἄπειρος
2387 999 2462 1054 ὢν
2488 1001 2824 1072 πανταχόθεν
2855 1001 2943 1055 διὰ
2963 1001 3121 1055 τοῦτο
3144 1000 3362 1070 λέγεται
3388 1000 3711 1072 ἀπέραντος,

2140 1092 2235 1144 καὶ
2279 1093 2489 1161 ἀνάγκη
2539 1095 2709 1158 πᾶσα,
2762 1093 2948 1165 ἑτέρου
2994 1094 3068 1165 μὴ
3117 1093 3413 1165 δυναμένου
3454 1092 3712 1157 ὡσαύτως

2139 1184 2368 1255 ἀπείρου
2393 1179 2552 1247 εἶναι,
2584 1185 2656 1256 μὴ
2703 1180 2841 1240 εἶναι
2891 1186 3023 1239 ἴδιον
3049 1185 3110 1238 τὸ
3158 1184 3436 1239 καλεῖσθαι
3473 1185 3711 1256 ἀπέραν-

2138 1294 2229 1330 τον
2253 1277 2318 1342 ⁵⁸,
2364 1276 2434 1347 (εί
2459 1277 2625 1341 δέτις
2666 1277 2814 1347 λέγει
2864 1278 3085 1330 δυνατὸν
3129 1273 3265 1330 εἶναι
3310 1276 3593 1345 ψεύδεται·
3620 1276 3713 1330 δύο

2139 1368 2247 1440 γὰρ
2273 1367 2609 1440 πανταχόθεν
2652 1370 2859 1442 ἄπειρα
2906 1370 3271 1442 συνυπάρχειν
3318 1369 3377 1422 οὐ
3424 1369 3708 1422 δύνανται·

2138 1477 2276 1532 περα
2288 1460 2457 1514 ιοῧται
2502 1459 2611 1532 γὰρ
2661 1461 2722 1514 τὸ
2749 1461 2934 1532 ἕτερον
2958 1461 3064 1515 ὑπὸ
3092 1461 3186 1513 τοῦ
3212 1458 3444 1532 ἐτέρου),
3471 1459 3640 1522 οὕτως
3667 1459 3711 1489 ⁸³

2138 1551 2299 1621 φύσις
2325 1554 2491 1615 ἐστὶν,
2519 1552 2578 1606 ἓν
2600 1549 2740 1607 εἶναι
2761 1554 2821 1607 τὸ
2858 1553 3192 1623 Ἀγέννητον.
3220 1553 3282 1605 Εἰ
3306 1551 3363 1605 δὲ
3390 1553 3447 1605 ἐν
3473 1550 3711 1622 σχήματί

2137 1646 2303 1709 ἐστιν,
2333 1647 2428 1699 καὶ
2452 1645 2625 1710 οὕτως
2649 1647 2706 1700 ἓν
2734 1648 2851 1700 ἐστι
2881 1646 2942 1698 τὺ
2967 1645 3012 1676 ⁸⁸
3032 1644 3379 1716 ἀσύγκριτον.
3429 1643 3529 1697 Διά
3552 1642 3709 1696 τοῦτο

458 1753 578 1792 unus
609 1746 854 1803 vocatur,
886 1737 1038 1808 quia,
1064 1738 1309 1794 omnium
1341 1755 1654 1811 supremus,
1685 1752 1879 1798 cuneta
1905 1742 2008 1798 sibi

2127 1739 2222 1792 καὶ
2253 1739 2516 1809 Ὕψιστος
2550 1739 2786 1809 λέγεται,
2831 1741 2914 1792 ὅτι
2958 1738 3174 1792 πάντων
3209 1736 3477 1808 ἀνώτερος
3521 1734 3594 1789 ὣν
3637 1735 3708 1789 τὰ

457 1830 698 1900 subjecta
735 1831 917 1886 habet.

532 1922 716 1978 XVIII.
753 1922 818 1977 Et
867 1924 1098 1980 Simon:
1151 1923 1291 1980 Num
1324 1942 1518 1981 nomen
1565 1927 1710 1980 illius
1759 1918 2030 1985 ineffabile

456 2023 562 2082 est,
601 2014 758 2081 Deus,
788 2016 934 2086 quod
968 2032 1161 2073 omnes
1187 2019 1494 2089 appellant;
1524 2019 1783 2088 quoniam
1815 2020 1950 2075 adeo
1975 2028 2031 2075 et

453 2107 522 2161 de
563 2107 781 2162 nomine
804 2109 1112 2174 contendis,
1144 2125 1213 2164 ne
1248 2111 1337 2164 alii
1370 2110 1562 2165 detur?
1597 2111 1898 2181 Respondit
1927 2111 2028 2167 Pev-

450 2206 614 2251 trus:
649 2197 795 2259 Scio,
828 2198 929 2253 hoc
961 2212 1068 2252 non
1104 2214 1225 2254 esse
1257 2201 1334 2254 illi
1379 2216 1576 2255 nomen
1608 2201 1900 2269 ineﬂ‘abile,
1932 2203 2028 2258 sed

458 2305 658 2344 nomen
690 2291 835 2360 quod
863 2307 931 2345 ex
970 2301 1241 2347 convento
1291 2294 1575 2348 hominum
1634 2294 1853 2361 dicitur,
1880 2294 2025 2365 quod

456 2383 503 2437 si
534 2383 691 2439 alteri
743 2385 980 2447 dederis,
1033 2386 1196 2441 etiam
1251 2387 1383 2441 illud
1436 2387 1583 2457 quod
1642 2403 1752 2442 non
1804 2388 2028 2445 eﬂ‘ertur

453 2477 635 2544 possis
655 2478 810 2531 alteri
850 2477 1113 2544 tribuere,
1145 2488 1199 2533 et
1248 2479 1300 2534 id
1342 2480 1561 2550 quidem
1594 2482 1808 2536 ratione
1831 2482 2026 2538 volun-

453 2569 603 2623 tatis.
633 2567 867 2636 Nomen,
913 2572 1060 2641 quod
1112 2573 1333 2635 dicitur,
1396 2572 1601 2627 indicto
1652 2576 2022 2643 praegreditur.

454 2658 570 2714 Hoc
596 2661 756 2715 modo
783 2664 1115 2718 contumelia
1138 2674 1191 2718 et
1211 2665 1265 2718 in
1296 2664 1426 2718 illud
1454 2663 1598 2733 quod
1634 2665 1874 2721 nondum
1901 2682 2032 2736 pro-

455 2751 627 2805 latum
659 2762 741 2807 est
769 2753 1072 2819 redundat,
1104 2753 1563 2824 quemadmodum
1596 2753 1773 2809 honor
1821 2758 2023 2827 cogniti

454 2842 509 2897 in
543 2845 722 2899 adhuc
746 2845 1083 2916 incognitum
1113 2844 1368 2899 refertur.

477 2976 481 2981 .
524 2931 666 2987 XIX.
699 2933 765 2988 Et
792 2934 982 2990 Simon
1006 2936 1140 2990 dixit
1170 2954 1185 2990 :
1212 2935 1364 2991 Scire
1392 2937 1573 3005 velim,
1598 2937 1776 3005 Petre,
1800 2956 1868 2995 an
1892 2956 2022 2997 vere

453 3023 645 3078 credas
676 3024 911 3080 hominis
948 3025 1182 3079 formam
1230 3027 1297 3079 ad
1351 3025 1585 3083 formam
1620 3029 1712 3085 Dei
1756 3048 1880 3087 esse
1917 3032 2023 3086 elli-

2132 1831 2308 1884 πάντα
2334 1830 2481 1901 αύτῷ
2508 1832 2841 1903 ὑποκείμενα
2870 1831 3003 1901 ἔχει.

2199 1921 2384 1976 XVIII.
2424 1923 2535 1975 Kal
2559 1925 2587 1976 6
2626 1923 2834 1994 Σίμων·
2866 1922 2957 1995 Μὴ
3008 1920 3117 1994 γὰρ
3165 1919 3323 1974 τοῦτό
3371 1920 3517 1972 ἐστιν
3543 1917 3704 1972 αὑτοῦ

2128 2014 2438 2087 ἀπόρρητον
2461 2015 2665 2086 ὄνομα,
2693 2015 2756 2067 τὸ
2788 2015 2951 2081 Θεὸς,
3003 2015 3140 2085 ὅπερ
3190 2012 3392 2075 πάντες
3434 2011 3701 2079 λέγουσιν,

2129 2106 2207 2158 ὅτι
2232 2106 2483 2159 τοσοῦτον
2532 2106 2624 2159 καὶ
2671 2107 2798 2178 περὶ
2822 2106 3090 2179 λόνόματος
3139 2104 3466 2177 διισχυρίξῃ,
3494 2105 3580 2159 ἵνα
3629 2106 3702 2178 μὴ

2126 2197 2268 2268 ἄλλῳ
2293 2198 2451 2270 δοθῇ;
2479 2199 2589 2252 Kal
2609 2198 2637 2250 6
2661 2198 2867 2271 Πέτρος
2899 2199 3002 2271 ἔφη
3020 2217 3032 2230 υ
3076 2198 3404 2270 Ἐπίσταμαι
3443 2199 3524 2252 ὅτι
3546 2196 3703 2250 τοῦτο

2125 2292 2225 2344 οὐκ
2249 2290 2395 2344 ἔστιν
2420 2289 2566 2361 αὐτῷ
2590 2291 2651 2344 τὸ
2677 2290 2722 2323 ⁸⁸
2749 2291 3057 2365 ἀπόρρητον
3083 2291 3251 2362 ὄνομα
3290 2290 3450 2361 (ὅθ’),
3479 2289 3614 2344 ἀλλά
3638 2289 3699 2343 τὸ

2126 2384 2269 2439 κατά
2310 2386 2580 2457 συνθήκην
2601 2384 2902 2457 ἀνθρώπων
2928 2383 3218 2454 λεγόμενον
3236 2423 3250 2447 ,
3284 2383 3424 2454 ὅπερ
3444 2384 3493 2436 εί
3527 2381 3697 2454 ἑτέρῳ

2124 2476 2335 2541 δώσεις,
2365 2478 2545 2531 καὶτὸ
2591 2478 2665 2549 μὴ
2711 2477 3000 2548 λεγόμενον
3026 2476 3196 2546 ἑτέρῳ
3233 2475 3559 2557 προσάψεις,
3606 2475 3700 2528 καὶ

2125 2568 2172 2600 ⁸⁸
2193 2569 2270 2640 τῷ
2295 2571 2393 2641 τῆς
2416 2570 2789 2640 προαιρέσεως
2821 2568 2982 2639 λόγῳ.
3012 2568 3084 2621 Τὸ
3109 2567 3398 2638 λεγόμενον
3416 2567 3584 2636 ὄνομα
3603 2565 3695 2620 τοῦ

2127 2660 2201 2731 μὴ
2224 2661 2513 2730 λεγομένου
2538 2659 2762 2731 πρόοδός
2788 2662 2956 2715 ἐστιν.
3010 2658 3195 2728 Τούτῳ
3222 2657 3301 2728 τῷ
3324 2656 3515 2729 λόγῳή
3541 2657 3697 2729 ῦὸρις

2124 2753 2217 2804 καὶ
2266 2753 2347 2815 εἰς
2368 2753 2429 2805 τὸ
2480 2754 2644 2823 μήπω
2673 2751 2838 2824 ῥηθὲν
2862 2750 3155 2820 λογίζεται,
3245 2749 3387 2821 λόγῳ
3413 2752 3445 2821 ἡ
3475 2749 3612 2821 πρὸς
3636 2748 3697 2802 τὸ

2122 2843 2459 2914 ἐγνωσμένον
2479 2844 2613 2914 τιμὴ
2628 2845 2707 2907 είς
2722 2844 2785 2896 τὸ
2811 2844 2977 2915 μήπω
2997 2842 3334 2914 ἐγνωσμένον
3346 2842 3692 2912 ἀναφέρεται.

2194 2932 2333 2986 XIX.
2361 2935 2470 2987 Kal
2501 2936 2529 2986 6
2559 2934 2740 3005 Σίμων
2779 2933 2912 3005 ἔφη·
2962 2932 3190 2987 ’Πθελον
3230 2933 3456 2996 εἰδέναι,
3501 2932 3697 3005 Πέτρε,

2125 3025 2173 3077 εἰ
2203 3024 2417 3095 ἀληθῶς
2444 3025 2743 3090 πιστεύεις,
2781 3026 2943 3097 330
2999 3026 3081 3080 ὃτι
3117 3029 3149 3098 ἡ
3178 3026 3463 3099 ἀνθρώπου
3515 3028 3697 3099 μορφὴ

457 3120 623 3167 ctam.
650 3112 715 3168 Et
741 3112 975 3170 Petrus:
1009 3117 1169 3183 Vere,
1203 3132 1235 3171 ο
1258 3117 1471 3185 Simon,
1514 3121 1586 3175 ita
1621 3121 1820 3178 habere
1860 3124 2020 3193 plane

2125 3117 2260 3189 πρὸς
2306 3117 2404 3188 τὴν
2438 3117 2644 3171 ἐκείνου
2704 3120 2915 3190 μορφὴν
2942 3104 3356 3172 διατετύπωται.
3392 3119 3500 3171 Kal
3533 3120 3561 3170 ό
3594 3118 3701 3171 Πέ-

452 3206 588 3259 mihi
615 3217 718 3262 est.
751 3209 831 3263 Ac
865 3208 1052 3263 Simon
1089 3228 1102 3262 :
1139 3208 1428 3277 Quomodo
1452 3223 1629 3283 potest
1651 3231 1801 3285 mors
1822 3232 2020 3287 corpus

452 3298 684 3365 solvere,
717 3300 958 3355 maximo
1012 3301 1192 3371 sigillo
1243 3305 1681 3362 conformatum?
1722 3307 1860 3363 Tum
1920 3308 2024 3364 Pe-

450 3400 570 3447 trus
595 3411 609 3447 :
642 3391 737 3446 Dei
763 3393 899 3462 justi
932 3403 1015 3449 est
1045 3394 1240 3450 forma.
1265 3395 1402 3452 Cum
1428 3414 1560 3468 ergo
1584 3401 1811 3469 coeperit
1832 3400 2019 3471 inique

450 3498 632 3553 agere,
676 3484 837 3539 insita
888 3486 1098 3554 species
1128 3486 1286 3557 fugit,
1319 3490 1509 3567 sicque
1534 3506 1736 3560 corpus
1762 3492 2014 3547 dissolvi-

449 3582 563 3635 tur,
592 3581 653 3627 ut
684 3571 860 3629 forma
898 3591 1009 3632 non
1043 3581 1281 3650 amplius
1304 3590 1582 3652 appareat,
1627 3598 1696 3636 ne
1734 3583 1867 3652 justi
1922 3583 2017 3639 Dei

451 3660 627 3716 forma
660 3664 729 3717 ab
773 3664 979 3733 injusto
1011 3682 1239 3739 corpore
1295 3671 1581 3727 habeatur.
1620 3672 1788 3742 Atqui
1818 3674 2020 3730 solutio

449 3770 558 3808 non
590 3756 649 3809 ﬁt
676 3755 818 3811 circa
855 3758 1118 3828 sigillum,
1165 3763 1260 3817 sed
1291 3765 1438 3820 circa
1466 3766 1759 3836 sigillatum
1793 3782 2014 3837 corpus.

450 3842 623 3899 l’orro
656 3846 862 3916 absque
892 3863 980 3914 eo,
1007 3851 1100 3918 qui
1133 3852 1400 3924 signavit,
1451 3855 1725 3926 signatum
1775 3873 1883 3912 non
1911 3859 2020 3913 sol-

447 3935 614 3989 vitur.
649 3934 742 3992 Sic
767 3938 902 3991 citra
949 3939 1217 4009 judicium
1263 3960 1440 4015 neque
1469 3946 1609 4001 mori
1638 3947 1782 4003 licet.
1813 3948 1880 4003 Et
1934 3948 2021 4004 Si»

452 4040 578 4081 mon
611 4043 625 4081 :
653 4025 786 4094 Quae
814 4044 945 4101 ergo
971 4031 1073 4088 fuit
1098 4037 1419 4103 necessitas,
1438 4036 1532 4093 Dei
1555 4039 1783 4097 formam
1813 4043 2019 4098 homini

447 4126 645 4171 eterra
675 4120 907 4175 excitato
951 4125 1205 4181 tradere?
1251 4129 1331 4183 Ac
1379 4126 1618 4185 Petrus:
1660 4130 1887 4186 Factum
1937 4142 2021 4189 est

447 4218 670 4278 propter
697 4210 1091 4270 humanitatem
1118 4215 1210 4271 Dei
1237 4220 1517 4276 creatoris.
1564 4219 2016 4292 Quandoquidem

448 4300 661 4355 ratione
691 4303 1012 4360 substantia:
1064 4316 1260 4367 cuncta
1316 4312 1697 4379 praestantiora
1756 4321 1883 4367 sunt
1909 4312 2016 4367 hu-

447 4407 606 4446 mana
646 4410 831 4460 carne,
858 4398 1027 4453 aether
1051 4400 1272 4469 inquam
1294 4442 1310 4468 ,
1344 4407 1445 4466 sol,
1484 4403 1634 4471 luna,
1664 4404 1863 4471 sidera,
1899 4421 2013 4473 aer,

445 4496 606 4552 aqua,
637 4486 800 4557 ignis,
833 4505 944 4544 uno
974 4492 1137 4547 verbo
1166 4502 1359 4549 caetera
1401 4496 1606 4563 omnia,
1658 4512 1779 4566 qua:
1803 4499 1870 4552 ad
1909 4500 2012 4553 mi-

445 4576 726 4631 nisterium
774 4579 1012 4637 hominis
1040 4583 1214 4648 facta,
1246 4586 1373 4641 licet
1423 4587 1730 4643 substantia
1774 4591 2008 4659 potiora,

444 4673 625 4723 tamen
650 4670 898 4726 lubenter
927 4674 1199 4731 sustinent
1231 4677 1280 4731 ei
1311 4678 1405 4749 qui
1428 4680 1733 4737 substantia
1775 4683 2014 4739 deterior

2121 3228 2275 3283 τρος·
2308 3210 2568 3282 Ἀληθῶς,
2610 3204 2656 3263 ὦ
2675 3212 2877 3282 Σίμων,
2907 3210 3080 3276 οὕτως
3112 3211 3255 3282 ἔχειν
3280 3212 3698 3284 πεπληροφόρη-

2125 3320 2240 3373 μαι.
2296 3303 2408 3356 Kal
2463 3304 2491 3356 6
2543 3303 2748 3374 Σίμων·
2810 3304 2935 3368 Πῶς
2983 3304 3212 3368 θάνατος
3241 3304 3304 3357 τὸ
3360 3304 3519 3375 σῶμα
3550 3302 3696 3357 λύειν

2121 3394 2364 3460 δύναται,
2428 3395 2685 3467 σφραγῖδι
2722 3395 2951 3468 μεγίστη
2996 3396 3494 3469 διατετυπωμένον;
3532 3399 3641 3452 Kal
3666 3399 3695 3451 6

2121 3486 2359 3558 Πέτροςο
2409 3487 2543 3541 Θεοῦ
2577 3487 2787 3542 δικαίου
2821 3488 2939 3541 ἐστὶ
2970 3491 3171 3561 μορφή.
3236 3489 3402 3544 Ἐπάν
3462 3486 3557 3543 οῦν
3581 3489 3695 3544 ἀδι-

2121 3582 2235 3634 κεῖν
2259 3578 2509 3652 ἄρξηται,
2534 3582 2568 3652 ἡ
2596 3582 2652 3634 ὲν
2672 3579 2822 3651 αὐτῷ
2857 3580 2968 3634 ἰδέα
2994 3582 3037 3613 ⁸⁵⁷
3068 3582 3289 3651 φεύγει,
3317 3583 3413 3636 καὶ
3468 3581 3611 3636 οὕτω
3633 3580 3696 3637 τὸ

2123 3673 2280 3742 σῶμα
2302 3672 2505 3739 λύεται,
2559 3672 2646 3725 ἴνα
2674 3674 2708 3744 ἡ
2742 3673 2924 3744 μορφὴ
2949 3671 3160 3745 ἀφανὴς
3179 3675 3420 3745 γένηται,
3444 3675 3592 3738 ὅπως
3617 3675 3691 3746 μὴ

2119 3763 2327 3817 δικαίου
2357 3765 2570 3838 μορφὴν
2594 3764 2728 3818 Θεοῦ
2754 3765 2799 3795 ⁸⁸
2835 3765 3018 3819 ἄδικον
3052 3766 3150 3839 ἔχῃ
3180 3767 3357 3837 σῶμα.
3420 3767 3484 3820 Ἦ
3512 3765 3690 3837 μέντοι

2119 3857 2273 3922 λύσις
2301 3859 2363 3911 ού
2403 3860 2530 3929 περὶ
2553 3859 2652 3929 τὴν
2689 3858 2957 3930 σφραγῖδα
2996 3858 3222 3927 γίνεται,
3265 3857 3401 3911 ἀλλά
3447 3859 3575 3933 περὶ
3630 3857 3691 3911 τὺ

2122 3948 2455 4019 σφραγισθὲν
2501 3947 2677 4019 σῶμα.
2737 3949 2898 4001 Ἀνευ
2942 3947 2999 4000 δὲ
3039 3947 3133 4001 τοῦ
3186 3947 3583 4020 σφραγίσαντος
3630 3947 3691 4000 τδ

2098 4032 2455 4111 Δσφραγισθιξν
2480 4040 2540 4093 οὐ
2567 4040 2769 4094 λύεται.
2805 4039 2992 4104 Οὕτως
3035 4039 3163 4094 ἄνευ
3215 4040 3446 4112 κρίσεως
3482 4040 3601 4094 οὐδὲ
3628 4041 3690 4094 τὸ

2120 4130 2410 4185 ἀποθανεῖν
2459 4131 2684 4197 ἔξεστιν.
2727 4134 2835 4186 Kal
2881 4135 2909 4186 6
2942 4132 3152 4203 Σίμων⁸
3190 4132 3285 4196 Τίς
3340 4129 3434 4186 οὖν
3479 4134 3695 4205 ἀνάγκη.

2117 4218 2207 4295 ἦν,
2264 4226 2364 4296 τὴν
2411 4224 2651 4278 τοιούτου
2712 4227 2926 4298 μορφὴν
2973 4226 3051 4297 τῷ
3101 4224 3208 4279 ἀπὸ
3256 4227 3359 4298 γῆς
3414 4226 3689 4299 ἐγερθέντι

2117 4314 2300 4370 δοῦναι
2343 4316 2653 4389 ἀνθρώπως
2705 4318 2817 4371 Kal
2866 4320 2894 4370 6
2934 4318 3165 4389 Πέτρος·
3217 4318 3316 4371 Διὰ
3361 4319 3461 4389 τὴν
3508 4318 3600 4372 τοῦ
3644 4319 3697 4350 ⁸⁸

2071 4460 2090 4504 ι
2119 4411 2479 4482 πεποιηκότος
2509 4410 2642 4463 Θεοῦ
2679 4409 3083 4482 φιλανθρωπίαν
3141 4409 3383 4479 γέγονεν’
3430 4409 3552 4463 ἐπεὶ
3583 4408 3696 4483 γὰρ

2114 4502 2194 4572 τῷ
2217 4505 2335 4556 κατ’
2377 4502 2563 4556 ούσίαν
2602 4502 2744 4573 λόγῳ
2771 4503 2947 4556 πάντα
2994 4503 3275 4574 κρείττονα
3314 4503 3567 4574 τυγχάνει
3589 4501 3695 4572 τῆς

2119 4595 2405 4665 ἀνθρώπου
2435 4595 2655 4667 σαρκὸς,
2684 4594 2826 4663 λέγω
2848 4594 2910 4668 δὴ
2941 4596 2986 4627 τ⁰
3033 4594 3123 4648 τὸν
3154 4594 3368 4666 αἰθέρα,
3399 4595 3491 4647 τὸν
3516 4593 3688 4665 ἥλιον,

2119 4686 2218 4757 τὴν
2251 4686 2502 4757 σελήνην,
2536 4688 2661 4751 τοὺς
2685 4687 2939 4759 ἀστέρας,
2985 4688 3077 4741 τὸν
3097 4687 3254 4760 ἀέρα,
3302 4688 3363 4741 τὸ
3409 4686 3575 4762 ῦδωρ,
3627 4686 3691 4741 τὺ

1743 4797 1829 4851 VA
1839 4798 1975 4853 BHE
2017 4798 2415 4855 LECTIONES.

514 4878 1071 4968 li‘ysynﬁnmpf.vmx
1094 4881 1154 4937 C.
1177 4954 1190 4968 .
1235 4884 1280 4968 ξ’
1304 4884 1414 4968 θεοί
1437 4885 1566 4968 add.
1580 4903 1642 4968 ρ.
1678 4886 1742 4944 Ο.
1776 4888 1913 4968 'I_‘um

2025 4908 2041 4971 ι
2072 4892 2144 4971 S,
2272 4909 2429 4971 ,lpou
2464 4891 2901 4971 C.‘_“‘_§jrt‘om.
2944 4894 3014 4955 Ο,
3050 4896 3110 4951 τό
3149 4913 3203 4968 p.
3235 4899 3314 4971 τῷ
3348 4900 3451 4970 legi
3478 4901 3591 4955 vult
3628 4898 3687 4955 S.

443 4946 595 5042 Ἂητὸ
629 4946 755 5042 ἴδιον
775 4946 867 5042 ,(Ξ.ι
894 4946 904 4952 ’
927 4952 1104 5042 ’ξηᾘς
1125 4953 1293 5042 αὐξδς
1320 4958 1532 5042 ἀπείρῳ
1552 4953 1713 5042 εἶναι,
1768 4959 1829 5012 τὸ
1879 4946 2158 5042 καλεῖσθαί
2209 4946 2510 5042 ἀπέραντος
2532 4946 3688 5042 (1.’βαιῇἰέιῆορῐῖ(Δοοηῖεοίιῖτοῖιῖάπείρᾶξ

444 5023 663 5103 (Οίεηιεζ
692 5022 900 5103 p.146,
939 5022 1078 5103 £369)
1121 5038 1150 5077 a
1189 5022 1534 5103 Schwegléro
1578 5022 1905 5103 _vilipensam
1958 5032 2248 5103 conﬁrmat
2288 5022 2411 5086 cod.
2457 5022 2521 5087 ό.
2601 5035 2646 5067 ⁸³
2693 5037 2866 5099 οὕτως
2909 5036 2970 5095 S,
3011 5034 3056 5091 Ο
3086 5080 3100 5103 ,
3155 5022 3345 5103 ἢντως
3384 5022 3444 5094 C.

3524 5042 3568 5071 “
3594 5039 3687 5093 καί

444 5088 687 5172 conj.'S.
764 5090 809 5123 ⁸⁵
842 5091 903 5144 τό
935 5091 980 5145 0
1026 5088 1079 5146 et
1110 5108 1170 5146 ex
1203 5088 1415 5164 conjeth
1457 5099 1498 5150 (ἶ
1530 5142 1543 5165 ,
1578 5100 1629 5152 in
1655 5088 1763 5167 cui.
1800 5108 1948 5155 textu
1976 5116 2059 5161 τε,
2092 5102 2130 5154 S
2182 5119 2256 5156 τι.
2337 5103 2381 5134 ⁸⁸
2413 5103 2538 5158 Dedi
2573 5088 2892 5175 προσάψειξ,
2923 5088 3046 5160 ⁷καί
3071 5088 3120 5162 (ἶ.
3357 5088 3566 5181 οσάψας

444 5159 742 5235 προσαψε-ις
776 5159 849 5235 Ι).
917 5163 961 5195 ⁸⁷
995 5162 1140 5215 εἰδέα
1172 5163 1212 5218 C
1242 5206 1256 5229 ,
1290 5169 1381 5235 qui
1413 5168 1604 5223 deinde
1626 5169 1817 5232 οὕτως.
1927 5170 1971 5202 ⁸⁸
2028 5170 2165 5225 Θεοῦ
2202 5175 2417 5235 μορφήν
2452 5174 2513 5228 C.
2594 5177 2639 5207 ⁸³
2666 5176 2770 5229 Pro
2800 5176 2888 5229 διὰ
2930 5177 3028 5235 τὴν
3059 5180 3153 5231 τοῦ
3217 5181 3268 5234 in
3300 5127 3355 5235 ὅ
3393 5191 3685 5233 occttrrunt

442 5159 742 5236 ⁸ξτροσόιιικε-ις
776 5159 849 5236 D_._
917 5163 961 5195 ⁸⁷
995 5162 1140 5215 εἰδέα
1172 5163 1212 5218 C
1242 5206 1256 5229 ,
1290 5159 1381 5236 qui
1413 5159 1604 5223 deinde
1626 5159 1817 5232 οὕτως.

1927 5170 1971 5202 ⁸⁸
2028 5170 2165 5245 Θεοῦ
2202 5175 2417 5245 μορφήν
2452 5174 2513 5228 (Ξ.

2594 5176 2770 5248 ‘°_Pro
2800 5176 2888 5229 διὰ
2930 5177 3028 5248 τὴν
3059 5180 3153 5231 τοῦ
3217 5181 3268 5234 in
3300 5176 3344 5235 Ο
3393 5176 3688 5233 necttrrunt

443 5228 885 5323 verba-alia
920 5247 1081 5323 manu
1103 5228 1383 5323 εξρυηὰιθ
1407 5257 1454 5323 ’τ’
1482 5238 1639 5323 eoi-co
1681 5228 1897 5323 δι’ἀςτην
1913 5240 2170 5323 ξοιούτου
2458 5245 2537 5316 τῷ
2569 5245 2677 5298 ἀπὸ
2708 5228 2813 5316 γῆς
2838 5228 3148 5319 ἐγερθέντι
3167 5228 3349 5305 δοῦναι

442 5294 585 5352 Tum
630 5302 895 5369 repetitur
921 5305 1016 5357 ml.
1043 5306 1072 5357 6
1103 5294 1329 5379 Πέτρος.
1407 5309 1454 5341 ⁷ο
1509 5297 1576 5367 δή
1607 5309 1646 5361 S
1674 5349 1688 5373 ,
1725 5308 1782 5361 δέ
1819 5294 1887 5373 ϐ’,
1911 5308 1975 5365 Ο.

1748 5415 2110 5477 VARIORIIM
2150 5422 2380 5481 NOTAE.

514 5500 650 5574 (δυ’)
693 5505 1054 5580 Ἀπόῥρητον
1092 5509 1297 5580 ὄνομα.
1328 5507 1448 5580 Iloc
1469 5517 1782 5580 estnomen
1827 5509 1985 5566 Tt-tra

444 5585 801 5649 grammati").
838 5578 1051 5641 Iehovu,
1102 5578 1247 5649 quod
1288 5579 1513 5649 VGraecis
1566 5579 1816 5649 Patrihus
1847 5584 2010 5637 etiam

442 5638 644 5719 dicitur
672 5643 926 5719 ἄρῤητον,
945 5638 1243 5719 ἄφραστον.
1272 5648 1329 5703 S.
1352 5647 1513 5719 Greg.
1534 5648 1661 5702 Νη.
1694 5666 1821 5704 vero
1844 5654 2011 5705 multo

442 5709 673 5773 lolii-ius,
708 5709 829 5768 ξρετε
857 5723 929 5787 νῷ
965 5709 1327 5783 καταληπτὸν,
1371 5709 1492 5773 οὖτὲ
1536 5720 1677 5791 λόγῳ
1718 5723 1897 5790 ῥητόν.
1939 5722 2014 5778 De

2122 5516 2434 5596 Imjusmodi
2596 5522 2815 5596 nomine
2838 5521 3033 5596 diﬂ‘usc
3051 5524 3414 5596 disseruimus
3436 5527 3489 5581 in
3522 5542 3683 5596 opere

2116 5598 2309 5670 nostro
2345 5591 2416 5642 De
2439 5591 2758 5670 [harmonia
2785 5605 2930 5670 enim
2952 5594 3171 5663 I‘Eglise
3194 5607 3242 5651 et
3266 5599 3319 5650 la
3355 5591 3683 5670 Synagoyue,

2116 5665 2156 5711 t.
2188 5657 2252 5713 Il.
2286 5676 2407 5730 pag.
2439 5661 2540 5714 5I8
2575 5671 2627 5717 et
2651 5678 2802 5734 seqq.
2838 5662 3036 5719 [lnam].
