4040 6146
360 199 456 256 381
1439 202 1898 260 CLEMENTINA.
1926 205 2291 262 —HOMILIA
2329 207 2464 264 XVI.
3018 263 3024 268 .
3481 159 3587 270 082

363 319 493 392 πῦρ,
523 319 605 374 ἐνὶ
629 319 772 392 λόγῳ
797 321 890 374 καί
911 316 981 374 τά
1003 320 1160 374 λοιπὰ
1195 320 1389 386 πάντα,
1417 320 1454 374 ἀ
1477 339 1596 375 τινα
1625 323 1704 385 είς
1722 322 1830 391 om,
1841 339 1909 392 ρε-

2029 329 2113 376 est
2141 323 2366 388 servire,
2411 332 2630 395 propter
2685 324 2937 383 Numinis
2989 328 3242 388 formam.
3276 331 3410 388 Nam
3447 335 3589 390 sicut

364 412 479 465 σίαν
508 411 796 484 ἀνθρώπου
821 413 1086 483 γενόμενα
1115 413 1208 466 καὶ
1261 417 1377 466 κατ’
1411 413 1594 466 οὐσίαν
1640 402 1909 485 κρείττονα

2029 415 2122 484 qui
2145 415 2346 470 luteam
2373 415 2711 485 imperatoris
2740 426 2975 474 statuam
3004 421 3294 490 honorant,
3320 400 3586 482 honorem

359 503 486 556 ὄντα
511 504 682 574 ἡδέως
707 501 964 574 ὑπομένει
1005 504 1270 558 δουλεύειν
1313 504 1389 575 τῷ
1431 507 1550 557 κατ’
1594 505 1779 558 οὐσίαν
1815 505 1909 575 χεί-

2031 507 2261 560 relatum
2294 507 2496 561 habent
2525 507 2578 560 in
2613 507 3016 577 imperatorem,
3057 515 3214 583 cujus
3244 516 3418 570 lutum
3449 517 3588 588 ligu-

361 612 497 667 ρονι,
544 597 633 649 διὰ
678 597 776 667 τὴν
801 596 895 649 τοῦ
930 592 1247 670 Κρείττονος
1301 599 1528 669 μορφήν.
1579 598 1666 660 Ὡς
1719 597 1827 669 γὰρ
1874 599 1909 650 oi

2029 618 2149 656 ram
2179 611 2550 672 repraesentat,
2578 605 2656 658 sic
2690 604 2942 659 universa
2985 617 3232 664 creatura
3268 611 3473 666 homini
3517 612 3586 668 de

357 687 578 758 πήλινον
603 689 648 720 ἠ
676 689 968 760 ἀνδριάντα
1021 689 1282 758 βασιλέως
1324 690 1590 760 τιμῶντες
1639 691 1736 761 τὴν
1759 693 1909 763 τιμὴη

2033 706 2174 750 terra
2202 705 2322 750 orto
2352 705 2469 750 taeta
2496 697 2738 760 inservit,
2765 697 2830 750 ad
2861 696 2954 750 Dei
2981 699 3242 754 honorem
3263 705 3578 775 respiciens.

354 778 767 850 ἀναφερομένην
795 779 1007 848 ἔχουσιν
1032 781 1111 843 εἰς
1135 782 1361 846 ἐκεῖνον,
1383 776 1555 853 οὗπερ
1578 781 1606 832 6
1631 781 1801 852 πηλὸς
1823 786 1920 855 τὴν
1957 790 2166 861 μορφὴν
2189 789 2445 859 τυγχάνει
2475 789 2611 859 ἔχων
2635 831 2648 854 ,
2697 788 2838 842 οὕτω
2894 793 2938 822 ⁷³
2984 792 3076 844 καὶ
3123 793 3156 862 ή
3212 795 3354 847 πᾶσα
3408 796 3583 860 κτίσις

352 870 432 940 τῷ
489 870 595 922 ἀπὸ
643 871 746 940 γῆς
777 871 1049 941 γενομένῳ
1094 871 1366 942 ἀνθρώπῳ
1404 873 1665 944 χαίρουσα
1697 875 1953 946 δουλεύει,
1991 883 2072 945 είς
2096 883 2195 952 τὴν
2220 883 2427 935 ἐκείνου
2455 882 2714 953 ἀφορῶσα
2741 884 2924 953 τιμήν.

425 965 580 1034 331
624 964 742 1019 XX.
789 965 883 1017 Ίδὲ
941 965 1007 1031 ⁷³,
1049 967 1148 1035 οἵῳ
1191 965 1329 1035 Θεῷ,
1355 967 1555 1038 Σίμων,
1612 969 1909 1041 ἀχαριστεῖη

2094 974 2213 1030 XX.
2262 977 2416 1041 Vide,
2449 976 2660 1041 Simon,
2701 977 2846 1045 quali
2887 975 2996 1028 Deo
3054 985 3114 1029 ut
3161 976 3333 1030 simus
3383 977 3582 1048 ingrati

351 1060 502 1128 ἡμᾶς
546 1062 728 1111 πεῖσαι
761 1058 963 1122 θέλεις·
993 1060 1106 1111 ’καὶ
1130 1058 1384 1128 βαστάζει
1425 1077 1485 1112 σε
1519 1061 1668 1132 ἠ-γῆ,
1700 1061 1828 1127 ἴσως
1866 1064 1909 1116 δέ

2023 1068 2352 1136 persuadere
2387 1069 2542 1137 cupis
2570 1086 2583 1122 :
2609 1078 2662 1123 et
2684 1078 2824 1122 terra
2856 1077 3034 1137 portat
3059 1077 3131 1131 te,
3157 1068 3409 1123 fortassis
3442 1070 3582 1123 scire

358 1152 483 1204 ἰδεῖν
509 1151 556 1182 ’⁷⁸
582 1152 898 1222 βουλομένη,
948 1152 1032 1214 τίς
1058 1170 1139 1205 σοι
1163 1152 1232 1205 τά
1277 1153 1436 1223 ὃμοια
1480 1159 1695 1225 φρονεῖν
1719 1156 1909 1228 τολμή-

2024 1160 2233 1225 volens,
2259 1160 2384 1229 quis
2439 1160 2638 1214 similia
2668 1176 2734 1215 ac
2778 1169 2836 1214 tu
2889 1160 3088 1214 sentire
3121 1161 3334 1214 audeat.
3366 1159 3582 1215 Primus

355 1260 438 1295 σοι
464 1244 530 1295 ⁷⁵.
560 1243 782 1314 Πρῶτος
824 1243 931 1314 γὰρ
960 1243 1120 1306 αὐτὸς
1160 1244 1480 1315 ἐτόλμησας,
1505 1245 1532 1297 ὃ
1559 1247 1742 1317 μηδεὶς
1774 1248 1909 1301 ἐτόλ-

2026 1251 2170 1304 enim
2209 1267 2379 1305 ausus
2404 1267 2483 1315 es,
2517 1251 2660 1320 quod
2717 1252 2898 1306 nullus
2949 1252 3000 1304 iu
3035 1252 3276 1306 animUm
3327 1253 3538 1306 induxit
3564 1272 3604 1306 :.

355 1352 546 1407 μησενο
599 1335 810 1407 πᾳὴος
865 1335 1146 1404 ἐφθέγξω,
1202 1335 1238 1389 ἃ
1294 1337 1524 1408 πρώτως
1587 1340 1909 1411 ἠκούσαμεν.

2026 1343 2236 1409 primus
2284 1342 2498 1396 locutus
2552 1358 2611 1396 es
2658 1358 2742 1407 ea,
2795 1358 2916 1411 qua:
2965 1343 3202 1410 primum
3249 1345 3574 1398 audivimus.

351 1428 567 1498 Πρῶτοι
616 1429 708 1480 καὶ
745 1422 1079 1498 μόνοιὴμεῖς
1119 1427 1212 1480 ἐπὶ
1233 1430 1298 1499 τῇ
1339 1429 1385 1460 ’⁸
1431 1429 1652 1500 τοιαύτῃ
1679 1447 1770 1483 σου
1794 1433 1909 1484 ἀσε-

2024 1431 2192 1487 Primi
2227 1450 2289 1487 ac
2319 1436 2418 1489 soli
2473 1450 2571 1489 nos
2617 1451 2778 1503 super
2833 1444 2980 1489 tanta
3023 1444 3116 1490 .tua
3160 1437 3434 1505 impietate
3476 1439 3579 1491 im-

350 1519 469 1590 δείᾳ
497 1520 596 1589 τὴν
619 1520 841 1590 ἄπειρον
887 1521 980 1572 τοῦ
1026 1520 1160 1572 Θεοῦ
1205 1521 1579 1592 μακροθυμίαν
1631 1525 1909 1594 ἱστορήσα-

2021 1542 2264 1580 mensam
2292 1527 2384 1580 Dei
2412 1528 2726 1596 patientiam
2780 1529 3153 1598 cognovimus,
3201 1545 3302 1584 nec
3350 1529 3578 1584 alterius

353 1628 474 1681 μεν,
494 1614 586 1665 καὶ
619 1614 718 1664 οὐκ
745 1612 1081 1674 ἄλλου-τινὸς,
1109 1613 1141 1683 ἢ
1167 1612 1258 1665 τοῦ
1279 1614 1559 1676 κτίσαντος
1579 1614 1909 1685 τὸν-κόσμον,

2021 1619 2346 1688 cujuspiam,
2397 1634 2558 1688 quam
2609 1620 2756 1673 illius
2801 1624 2893 1688 qui
2938 1623 3197 1674 mundum
3248 1621 3484 1683 creavit,
3521 1623 3576 1674 in

348 1705 432 1765 είς
456 1703 514 1754 ὃν
574 1703 787 1756 ἀσεϐεῖν
838 1703 1159 1773 ἐτόλμησας.
1221 1706 1330 1758 Καὶ
1383 1705 1632 1777 χάσματα
1685 1710 1788 1779 γῆς
1818 1711 1909 1762 οὐκ

2017 1705 2178 1778 quem
2212 1709 2515 1764 sustinuisti
2544 1725 2665 1764 esse
2690 1710 2910 1779 impius.
2931 1709 2997 1763 Et
3020 1721 3177 1766 terra:
3204 1712 3381 1765 hiatus
3401 1710 3576 1765 factus

347 1796 618 1868 ἐγενήθη,
675 1797 768 1849 καὶ
827 1796 938 1867 πῦρ
999 1797 1092 1848 ἀπ’
1137 1797 1364 1868 ούρανοῦ
1415 1800 1475 1851 οὑ
1524 1799 1913 1870 κατεπέμφθη,

344 1891 446 1942 καὶ
470 1891 550 1952 είς
573 1889 900 1961 ἐμπρησμὸν
945 1888 1152 1958 ἀνδρῶν
1177 1891 1277 1942 οὐκ
1309 1889 1618 1960 ἐπεξῆλθεν,
1647 1893 1738 1945 καὶ
1764 1885 1917 1954 ὑετὸς

344 1983 447 2056 οὐκ
474 1981 740 2050 ἐπεσχέθη
790 1981 868 2043 ⁷⁷,
903 1979 999 2032 καὶ
1051 1968 1234 2050 θηρῶν
1283 1981 1482 2052 πλῆθος
1539 1983 1646 2035 ἀπὸ
1697 1982 1914 2052 δρυμῶν

344 2072 445 2125 οὒκ
477 2072 753 2143 ἐπέμφθη,
789 2073 882 2124 καὶ
915 2073 1000 2123 ἐπ’
1039 2072 1234 2135 αὐτοὺς
1289 2074 1435 2143 ἡμᾶς
1494 2075 1584 2128 διὰ
1614 2077 1708 2129 ἕνα
1735 2077 1914 2146 ἀμαρ-

346 2165 573 2218 τάνοντα
624 2164 698 2224 ὼς
749 2165 842 2217 ἐπὶ
890 2162 1136 2234 μοιχείας
1182 2166 1577 2236 πνευματικῆς,
1620 2169 1718 2239 τῆς
1777 2168 1914 2221 κατὰ

347 2259 528 2330 σάρκα
552 2259 792 2328 χείρονος
830 2257 876 2288 ⁷⁸
902 2244 1270 2329 ὑπαρχούσης,
1297 2261 1327 2329 ἡ
1355 2259 1490 2312 Θεοῦ
1517 2261 1652 2330 ὀργὴ
1679 2260 1914 2332 ὀλέθριος

343 2351 443 2403 οὐκ
472 2349 693 2421 ἦρξατο.
740 2349 814 2401 Οὐ
859 2350 966 2419 γάρ
997 2350 1143 2401 ἐστιν
1189 2350 1217 2401 6
1254 2351 1299 2385 ⁷³
1329 2351 1450 2403 τότε
1503 2351 1800 2417 ἐπεξελθὼν
1846 2351 1914 2405 τὰ

345 2443 716 2512 ἁμαρτήματα
759 2441 985 2512 ούρανοῦ
1012 2442 1105 2495 καὶ
1134 2443 1235 2512 γῆς
1263 2442 1488 2514 κτίστης
1529 2443 1689 2508 Θεός;
1758 2445 1912 2498 Ἐπεὶ

341 2535 440 2587 καὶ
505 2533 598 2588 νῦν
629 2533 698 2587 τά
752 2533 981 2604 μέγιστα
1033 2533 1516 2604 βλασφημούμενος
1567 2535 1634 2588 τά
1685 2535 1912 2606 μέγιστα

344 2625 699 2698 ἐπεξὴρχετο.
743 2625 900 2678 Ἀλλὰ
942 2625 1247 2677 τούναντίον
1278 2626 1637 2697 μακροθυμεῖ,
1686 2629 1766 2690 εἰς
1819 2645 1914 2698 με-

340 2717 561 2770 τάνοιαν
607 2719 780 2782 καλεῖ,
832 2716 1183 2770 συντελοῦντα
1244 2716 1370 2787 βέλη
1423 2718 1560 2786 πρὸς
1607 2719 1912 2772 συντέλειαν

341 2809 448 2862 τῶν
488 2810 700 2863 ἀσεϐῶν
743 2813 800 2862 ἐν
829 2812 942 2873 τοῖς
973 2809 1266 2880 θησαυροῖς
1315 2810 1648 2880 ἀποκείμενα
1691 2811 1847 2880 ἔχων,
1876 2811 1912 2865 ἆ

340 2919 460 2955 τινα
491 2904 764 2972 ἐπαφήσει
815 2903 892 2964 ὡς
934 2902 1048 2967 ζῶα
1111 2902 1356 2973 ἔμψυχα,
1412 2903 1539 2956 ὅταν
1589 2903 1635 2934 ⁸ο
1677 2903 1911 2956 ἀνταπο-

2016 1817 2125 1854 non
2158 1813 2261 1865 est,
2294 1813 2457 1870 atque
2480 1802 2620 1872 ignis
2644 1817 2673 1855 e
2702 1803 2840 1855 coelo
2873 1818 2979 1856 non
3012 1817 3098 1857 εει
3124 1803 3358 1858 emissus
3389 1818 3488 1858 nec
3517 1805 3573 1855 in

2016 1893 2296 1947 hominum
2345 1894 2822 1965 conﬂagrationem
2879 1895 3030 1958 exiit,
3059 1904 3113 1950 et
3135 1896 3308 1949 imber
3335 1910 3440 1949 non
3492 1903 3575 1950 est

2017 1999 2336 2054 suspensus,
2362 2000 2425 2039 ac
2456 1987 2746 2040 multitudo
2774 1985 3010 2040 ferarum
3033 2002 3140 2041 non
3167 1997 3250 2041 est
3283 2004 3312 2040 e
3347 1987 3574 2041 saltibus

2016 2079 2282 2142 immissa,
2323 2088 2485 2147 atque
2515 2080 2569 2131 in
2601 2094 2700 2133 nos
2746 2081 2892 2148 ipsos
2941 2088 3162 2149 propter
3183 2096 3350 2132 unum
3383 2095 3574 2149 pecca-

2017 2179 2206 2236 turem,
2261 2171 2330 2224 ob
2363 2171 2642 2239 spirituale
2675 2171 3021 2236 adulterium,
3059 2173 3202 2240 quod
3239 2173 3440 2226 carnali
3481 2187 3575 2241 pe-

2010 2259 2100 2328 jus
2128 2268 2232 2324 est,
2271 2275 2380 2311 non
2417 2275 2680 2314 conversa
2733 2270 2818 2314 est
2871 2261 3175 2329 perniciosa
3209 2261 3299 2314 Dei
3345 2261 3442 2314 ira.
3490 2262 3572 2314 An

2013 2352 2156 2404 enim
2197 2366 2304 2405 non
2336 2360 2437 2414 est,
2471 2351 2563 2418 qui
2609 2360 2739 2404 tunc
2798 2351 3107 2404 vindicabat
3154 2360 3392 2418 peccata,
3449 2352 3571 2405 CCI!“

2013 2450 2258 2496 anteme
2283 2442 2533 2495 conditor
2556 2441 2744 2496 Deus?
2771 2442 3034 2510 [alioquin
3073 2451 3126 2495 et
3151 2458 3294 2495 nunc
3322 2444 3574 2497 maximis

2013 2534 2282 2603 appetitus
2312 2534 2574 2587 conviciis
2621 2534 2856 2588 maxime
2889 2534 3258 2588 ulcisceretur.
3310 2533 3410 2587 Sed
3442 2550 3574 2589 cou-

2011 2635 2115 2692 tra,
2140 2628 2348 2694 patiens
2369 2636 2469 2686 est,
2495 2625 2559 2678 ad
2591 2625 2963 2694 paenitentiam
2992 2635 3169 2690 vocat,
3197 2625 3290 2694 qui
3314 2641 3574 2680 consum-

2012 2719 2216 2772 mantia
2251 2717 2351 2770 tela
2385 2716 2450 2770 ad
2483 2716 2772 2785 impiorum
2800 2717 3303 2772 exterminatiouem
3327 2717 3490 2770 habet
3516 2717 3571 2769 in

2013 2811 2286 2865 thesauris
2312 2811 2566 2879 reposita,
2586 2826 2726 2879 qum,
2747 2819 3002 2879 tanquam
3030 2810 3264 2862 viventia
3293 2809 3570 2873 animalia,

2010 2915 2142 2959 tunc
2173 2903 2442 2964 demittet,
2505 2919 2627 2956 cum
2678 2902 2990 2969 praesederit
3041 2901 3106 2954 ad
3161 2901 3570 2953 retribueudum

340 2993 520 3048 δοῦναι
562 2995 738 3066 κρίσιν
767 2997 878 3058 τοῖς
907 3007 931 3034 ει
967 2993 1127 3047 αὑτοῦ
1162 2993 1522 3064 προκαθεσθῇ.
1559 2993 1650 3046 Διὸ
1675 2989 1909 3063 φοϐηθῶ-

2015 2997 2262 3051 hostibus
2295 2997 2408 3050 suis
2433 2996 2718 3064 judicium.
2752 2996 3015 3061 Quocirca
3054 2993 3570 3061 timeamusjustum

345 3103 437 3154 μεν
465 3087 598 3139 Θεὸν
629 3088 854 3148 δίκαιον,
888 3081 946 3140 οὗ
991 3088 1088 3157 τὴν
1152 3087 1362 3156 μορφὴν
1406 3087 1540 3157 πρὸς
1586 3086 1750 3157 τιμὴν
1781 3087 1842 3138 τὸ
1865 3087 1908 3118 ει

338 3175 627 3246 ἀνθρώπου
658 3177 913 3248 βαστάζει
944 3177 1120 3248 σῶμα.

406 3269 571 3340 332
618 3270 760 3324 XXI.
813 3271 996 3324 Ταῦτα
1024 3271 1117 3323 τοῦ
1155 3270 1362 3342 Πέτρου
1400 3270 1644 3334 εἰπόντος
1670 3273 1698 3324 6
1730 3273 1910 3342 Σίμων

338 3360 702 3434 ἀπεκρίνατο·
777 3363 994 3435 Ἐπειδὴ
1045 3363 1154 3434 ὁρῶ
1213 3381 1272 3415 σε
1308 3363 1486 3431 σοφῶς
1535 3363 1909 3434 αἰνισσόμενον

339 3455 418 3508 ὅτι
448 3455 522 3508 τά
548 3456 907 3526 γεγραμμένα
935 3454 1076 3507 κατὰ
1123 3453 1216 3507 τοῦ
1241 3454 1580 3525 Δημιουργοῦ
1609 3455 1666 3506 ἐν
1717 3457 1837 3514 ταῖς
1862 3454 1908 3486 δ’

343 3547 546 3617 βίϐλοις
575 3549 675 3601 οὐκ
720 3547 888 3618 ἀληθῆ
937 3547 1212 3616 τυγχάνει,
1259 3544 1447 3617 αὔριον
1495 3545 1602 3596 ἀπὸ
1653 3543 1762 3597 τῶν
1815 3545 1907 3598 τοῦ

339 3640 665 3694 διδασκάλου
717 3657 811 3692 σου
859 3639 1031 3707 λόγων
1055 3637 1213 3702 δείξω
1252 3637 1344 3690 τὸν
1385 3637 1431 3669 ⁸³
1481 3637 1810 3709 δημιουργὸν
1834 3637 1906 3708 μὴ

337 3733 613 3786 ἀνώτατον
649 3733 873 3800 λέγοντα
898 3727 1035 3784 εἶναι
1058 3729 1106 3760 ⁸⁸
1149 3729 1299 3782 Θεόν.
1328 3729 1437 3781 Καὶ
1464 3729 1492 3780 ὁ
1515 3729 1697 3798 Σίμων
1742 3727 1910 3780 ταῦτα

341 3827 510 3880 εἰπὼν
541 3825 777 3896 ἐξῆλθεν.
828 3825 884 3876 Ὀ
911 3823 967 3876 δέ
991 3823 1196 3893 Πέτρος
1221 3824 1335 3883 τοῖς
1359 3819 1702 3891 παρεστῶσιν
1733 3818 1910 3889 ὄχλοις

341 3920 440 3991 ἔφη
461 3938 474 3949 ο
528 3919 588 3971 '0
614 3919 794 3988 Σίμων
827 3915 926 3968 κᾶν
953 3914 1116 3984 μηδὲν
1163 3913 1347 3982 ἓτερον
1382 3911 1508 3982 περὶ
1538 3909 1671 3963 Θεοῦ
1711 3909 1908 3980 βλάψαι

339 4014 485 4082 ἡμᾶς
516 4009 740 4081 δυνηθῇ,
771 4008 883 4061 ἀλλ’
917 4004 1010 4059 οὖν
1037 4023 1103 4074 γε
1136 4005 1181 4036 ³⁸
1213 4003 1490 4075 ἐμποδίζει
1520 4004 1648 4074 ὑμῖν
1693 4001 1908 4056 ἀκούειν

338 4105 462 4169 τοὺς
493 4104 594 4175 τὴν
617 4102 791 4173 ψυχὴν
815 4099 1143 4169 δυναμένους
1176 4095 1457 4168 καθαίρειν
1488 4095 1699 4163 λόγους.
1725 4093 1909 4147 Ταῦτα

339 4195 430 4247 τοῦ
457 4196 667 4265 Πέτρου
731 4192 972 4253 εἰπόντος
1022 4189 1068 4220 ⁸⁸
1119 4188 1285 4250 πολὺς
1317 4184 1646 4265 ψιθυρισμὸς
1696 4184 1908 4253 ἐγένετο

338 4287 443 4340 τῶν
500 4286 672 4357 ὄχλων
728 4283 986 4351 λεγόντων
1009 4299 1021 4310 ·
1074 4281 1170 4343 Τίς
1223 4279 1277 4332 δέ
1341 4279 1552 4349 ἀνάγκη
1597 4279 1692 4348 ὲᾷν
1742 4278 1902 4331 αὑτὸν

2015 3087 2206 3153 Deum,
2245 3088 2400 3156 cujus
2431 3085 2660 3140 formam
2695 3086 2748 3139 in
2781 3087 3043 3139 honorem
3083 3083 3324 3136 hominis
3370 3098 3572 3150 corpus

2009 3179 2162 3247 gerit.

2081 3270 2225 3324 XXI.
2278 3269 2408 3336 Quae
2464 3278 2755 3339 postquam
2801 3268 2996 3322 Petrus
3045 3267 3219 3330 dixit,
3289 3265 3570 3334 respondit

2013 3362 2200 3416 Simon
2236 3380 2249 3415 :
2293 3361 2739 3430 Quandoquidem
2766 3360 2922 3412 video
2950 3369 3002 3411 te
3027 3359 3217 3412 callide
3240 3356 3567 3425 significare,

2010 3468 2072 3506 ea
2096 3469 2215 3522 quaz
2246 3452 2299 3505 in
2344 3451 2499 3506 libris
2531 3451 3121 3506 adversusCreatorem
3167 3448 3368 3514 scripta
3419 3453 3568 3510 sunt,

2010 3561 2118 3598 non
2145 3558 2265 3598 esse
2288 3557 2436 3607 vera,
2483 3540 2724 3595 crastino
2759 3539 2847 3592 die
2892 3552 2955 3591 ex
2991 3536 3232 3606 Magistri
3264 3539 3338 3589 tui
3384 3536 3568 3592 verbis

2010 3636 2312 3701 ostendam,
2331 3633 2398 3688 ab
2415 3648 2480 3687 eo
2503 3632 2631 3699 dici,
2654 3640 2957 3686 creatorem
2983 3645 3089 3683 non
3110 3645 3230 3683 esse
3255 3644 3566 3697 supremum

2010 3729 2200 3783 Deum.
2226 3727 2293 3781 Et
2315 3727 2504 3781 Simon
2541 3727 2626 3781 his
2658 3725 2818 3780 dictis
2861 3725 3017 3779 abiit.
3051 3723 3119 3777 At
3147 3723 3340 3778 Petrus
3371 3725 3569 3778 astanti
3609 3773 3618 3784 ,

2008 3819 2149 3890 plebi
2175 3819 2250 3872 ait
2276 3837 2289 3873 :
2317 3816 2526 3883 Simon,
2557 3816 2808 3887 quamvis
2831 3817 2883 3870 in
2911 3816 3060 3870 nullo
3084 3815 3192 3869 alio
3227 3815 3369 3869 circa
3399 3813 3569 3869 Deum

2011 3925 2110 3965 nos
2152 3909 2328 3980 possit
2377 3909 2605 3975 laedere,
2681 3917 2736 3962 at
2781 3917 2929 3963 certe
2976 3908 3129 3962 vobis
3184 3907 3570 3976 impedimento

2009 4007 2110 4061 est,
2140 4013 2209 4052 ne
2258 3997 2490 4052 audiatis
2537 4012 2818 4052 sermones
2842 3997 2934 4066 qui
2988 3998 3170 4051 valent
3195 4013 3424 4067 purgare
3451 3996 3571 4050 ani-

2010 4106 2174 4144 mam.
2203 4088 2328 4144 Haec
2351 4087 2512 4143 Petro
2560 4088 2867 4159 proferente
2894 4091 3084 4158 ingens
3111 4099 3334 4144 exortus
3364 4098 3448 4144 est
3473 4105 3568 4143 su-

2011 4197 2200 4236 surrus
2225 4181 2612 4244 multitudinis,
2641 4180 2869 4233 dicentis
2897 4199 2909 4232 :
2937 4179 3068 4244 Quae
3092 4195 3220 4234 vero
3246 4181 3567 4245 necessitas,

2011 4273 2218 4327 sinendi
2253 4287 2376 4325 eum
2407 4271 2515 4325 huc
2557 4271 2945 4340 ingredientem
2993 4269 3355 4338 blasphemias
3378 4277 3569 4324 contra

340 4377 573 4431 ἐνταῦθα
605 4375 838 4429 εἰσιόντα
866 4373 962 4436 τάς
994 4371 1136 4425 κατὰ
1165 4371 1258 4425 τοῦ
1284 4370 1415 4423 Θεοῦ
1451 4369 1796 4441 βλασφημίας
1819 4369 1906 4423 λέ-

2011 4366 2177 4419 Deum
2205 4364 2393 4434 loqui?
2417 4363 2484 4416 Et
2504 4337 2698 4417 Petrus
2749 4362 2978 4416 audiens
3008 4337 3145 4416 dixit
3169 4382 3182 4415 :
3213 4361 3428 4416 Utinam
3457 4377 3568 4415 non

341 4467 678 4535 γεινςΚαὶό
722 4467 926 4536 Πέτρος
982 4464 1221 4525 ἀκούσας
1290 4461 1430 4533 ἔφη’
1481 4462 1692 4514 Γένοιτο
1748 4461 1906 4532 μέχρι

340 4559 579 4630 Σίμωνος
609 4559 834 4630 ἀρκετὸν
873 4557 1124 4626 γενέσθαι
1167 4555 1259 4607 τὸν
1308 4554 1447 4608 κατὰ
1487 4553 1578 4606 τοῦ
1606 4552 1738 4606 Θεοῦ
1772 4552 1908 4624 πρὸς

344 4651 645 4723 πειρασμὸν
678 4649 975 4721 ἀνθρώπων
1004 4647 1180 4715 λόγον.
1223 4647 1478 4698 Ἔσονται
1513 4645 1557 4676 ⁸⁷
1589 4645 1717 4716 γὰρ,
1755 4645 1830 4708 ὡς
1876 4646 1908 4699 6

342 4743 541 4814 Κύριος
601 4738 771 4806 εἶπεν,
822 4739 1238 4810 ψευδαπόστολοι
1262 4741 1296 4802 ,'
1335 4737 1543 4807 ψευδεῖς
1607 4738 1900 4808 προφῆται,

344 4835 600 4905 αἱρέσεις,
650 4832 964 4905 φιλαρχίαν
1021 4832 1270 4894 αἳτινες,
1309 4830 1386 4892 ὡς
1410 4828 1759 4899 στοχάζομαι,
1795 4829 1902 4882 ἀπὸ

2009 4458 2150 4512 ultra
2179 4454 2456 4510 Simonem
2476 4454 2886 4524 protenderetur
2907 4454 3153 4508 doctrina
3171 4463 3357 4508 contra
3374 4453 3566 4515 Deum,

2008 4551 2072 4604 ad
2103 4549 2383 4604 hominum
2415 4547 2767 4601 tentationem
2815 4546 2981 4599 illata.
3010 4545 3183 4599 Erunt
3207 4545 3374 4604 enim,
3426 4545 3569 4598 sicut

2007 4641 2323 4713 prolocutus
2345 4647 2429 4695 est
2452 4638 2740 4704 Dominus,
2783 4637 3248 4708 pseudoapostoli,
3275 4636 3394 4692 l‘alsi
3438 4650 3566 4704 pro-

2007 4735 2201 4804 phetae,
2223 4733 2477 4797 haereses,
2506 4731 2882 4785 aﬂ'ectalioncs
2899 4729 3234 4795 dominandi,
3263 4745 3404 4799 quae,
3429 4729 3570 4783 sicut

2009 4823 2281 4893 coniicio,
2331 4838 2361 4877 a
2411 4822 2631 4876 Simone
2677 4821 2847 4875 Deum
2897 4821 3303 4891 blasphemante
3348 4837 3569 4877 sumen—

1638 4941 1873 4996 VARUE
1903 4936 2302 4996 LECTlONES.

409 5041 450 5073 τί
490 5039 652 5092 πάλιν
677 5039 742 5094 Ο.
819 5039 864 5070 τ’
908 5037 1076 5100 οὕτως
1107 5035 1168 5091 C.
1244 5036 1290 5066 ⁷³
1327 5034 1403 5089 ita
1435 5032 1480 5088 0
1517 5048 1566 5086 c.
1610 5032 1650 5086 S
1695 5073 1711 5099 ,
1751 5029 1857 5085 εἶδε
1907 5034 1968 5088 C.
2047 5033 2094 5065 ⁷⁵
2135 5031 2261 5084 ἰδεῖν
2321 5028 2395 5083 S.

400 5109 624 5159 λιιήσαι.
657 5109 795 5159 Tum
827 5109 996 5159 adieci
1025 5107 1184 5159 αὐτός
1218 5121 1267 5158 c.
1294 5103 1358 5159 0.
1429 5107 1475 5135 ⁷⁸⁵
1511 5106 1575 5159 τῆ
1612 5103 1875 5159 adscripsi
1905 5121 1972 5158 ex
2001 5103 2063 5158 0.
2142 5103 2185 5133 ⁷⁷
2215 5101 2409 5159 ἐπεγέθ

341 5109 624 5181 τολμήσαι.
657 5109 795 5162 Tum
827 5109 996 5177 adjeci
1025 5107 1184 5170 αὐτός
1218 5121 1267 5158 c.
1294 5106 1358 5159 Ο.
1429 5107 1475 5135 ⁷⁸⁵
1511 5106 1576 5173 τῇ
1612 5106 1875 5173 adscripsi
1905 5121 1972 5158 ex
2001 5106 2063 5158 Ο.
2142 5106 2184 5133 ⁷⁷
2215 5106 2376 5170 ἐπεχέ

349 5181 677 5246 approbante
713 5178 758 5232 0
787 5221 800 5243 ,
831 5178 972 5232 κατά
1003 5177 1178 5247 σάρκα
1209 5175 1469 5247 χείρωνλϐ
1524 5174 1575 5225 in
1609 5181 1779 5247 textu,
1829 5174 2343 5247 Xelpovoginmarg.

347 5242 394 5277 δι”
418 5242 498 5303 ita
541 5249 584 5304 Ο
639 5258 693 5303 et
725 5242 794 5303 ex
826 5249 1054 5317 conject.
1078 5242 1144 5317 L‘r
1168 5286 1184 5313 ,
1210 5242 1446 5317 "in'_c_uj.
1487 5252 1636 5296 textu
1657 5242 1864 5317 _6v-ra.'_
1916 5242 1958 5275 '5‘
1993 5242 2086 5296 τοῦ
2116 5243 2176 5317 ίῖ.

1282 5315 1327 5346 ⁸⁸
1363 5309 1588 5383 λέγοντα
1603 5309 1768 5383 Αεῖναι
1817 5315 1955 5367 idem

302 5323 318 5338 ‘
346 5319 468 5370 νόθα
491 5319 629 5373 κατὰ
657 5319 840 5390 νόμου.
933 5316 993 5390 ⁷⁸ξ
1022 5317 1083 5370 τό

347 5397 491 5443 textu
523 5391 583 5446 S.
651 5390 696 5422 ⁸⁸
723 5385 788 5458 γε
820 5405 929 5443 om.
955 5385 1019 5442 Ο.

2475 5027 2519 5083 0
2573 5029 2732 5082 εἰδεῖν
2767 5026 2827 5082 C.
2905 5028 2951 5059 ⁷⁵
2975 5027 3235 5098 τολμήσει
3385 5023 3564 5098 Mali_m

2415 5118 2452 5200 η
2481 5099 2545 5153 0.
2616 5099 2660 5130 ⁷⁸
2698 5101 2796 5170 τῆς
2827 5099 2967 5152 κατά
3002 5094 3178 5169 σάρκα
3208 5096 3449 5168 χείρονος
3497 5094 3562 5146 D.

2415 5171 2425 5200 ἵ
2490 5171 2516 5200 Α
2568 5185 2654 5200 nm
2714 5167 2758 5200 Π
2819 5170 3200 5200 ἶιιιη-ριιιιιιηοηρ
3250 5175 3366 5200 ιιι-ΩΙ
3393 5166 3558 5200 ἔπη-συί

2407 5166 2452 5200 7°
2490 5171 2517 5221 6
2568 5185 2678 5222 om.
2714 5166 2782 5240 0',
2819 5166 3203 5240 interpungcns
3249 5166 3568 5240 νοειέστινς

2254 5233 2320 5270 δ”
2341 5257 2470 5292 ποτε
2513 5242 2569 5291 ἐν
2599 5255 2652 5308 p.
2680 5242 2735 5291 ἐν
2767 5233 2886 5304 ταῖς
2919 5233 2977 5294 ΟΣ
3008 5233 3098 5291 Μ
3117 5233 3268 5291 ονειῄ
3298 5236 3420 5290 cod.
3450 5233 3564 5308 Ott.

1992 5313 2136 5381 quod
2183 5310 2379 5378 λέγειν.
2410 5305 2664 5378 Alioquin
2696 5311 2895 5378 aliquid
2940 5309 3256 5364 mutandum
3314 5313 3458 5361 esset
3508 5305 3561 5357 in

1097 5388 1142 5419 ⁸⁸
1171 5386 1413 5448 εἰπόντος
1437 5380 1555 5437 om.
1590 5380 1654 5437 0.
1732 5383 1775 5414 ⁸⁷
1813 5384 1924 5437 Cfr.
1954 5380 2196 5437 Urerlner
2221 5381 2392 5433 Beitr.
2434 5402 2474 5442 ι,
2499 5381 2625 5442 9291,
2656 5381 2758 5434 5l8
2794 5381 2852 5434 ἓ.

1643 5475 2003 5532 VARIORUM
2042 5474 2178 5529 ΝΟΤ
2188 5475 2275 5528 1E.

410 5585 433 5612 ³
476 5573 781 5645 chendum
811 5576 922 5638 τοῖς
948 5571 1160 5644 ἐχθροῖς
1188 5571 1382 5637 αὐτοῦ,
1415 5573 1458 5626 si
1491 5571 1723 5627 versioni
1756 5570 1959 5623 Latinae
1989 5569 2138 5622 ﬁdes.
2174 5567 2329 5620 Εωτ.
2372 5565 2606 5620 Parnm“
