4040 6146
445 285 557 341 383

1327 277 1385 334 S.
1423 276 1808 334 CLEMENTIS
1849 277 1866 330 l
1907 276 2071 332 ROM.
2112 275 2308 331 ΡΟΝΥ.
2345 276 2577 332 OPERA
2611 277 2836 336 DUBIA.

3569 286 3672 342 584

445 412 532 458 tes
552 398 860 463 exordium,
888 398 953 453 ad
978 396 1168 452 eadem
1195 410 1317 450 cum
1362 394 1586 450 Simone
1627 403 1815 450 contra
1842 394 1992 449 Dcun

2111 393 2205 446 τοῦ
2257 393 2350 446 τὸν
2395 393 2524 446 Θεὸν
2570 391 3010 464 βλασφημοῦντος
3069 391 3308 464 Σίμωνος
3347 393 3446 467 τὴν
3501 396 3673 470 ἀρχὴν

447 491 770 564 proferenda
794 489 1252 560 cooperabuntur.
1283 488 1460 557 Atque
1487 488 1600 541 haec
1649 473 2009 556 prondntians

446 602 569 640 cum
597 583 874 654 lacrymis,
909 597 1072 635 manu
1097 579 1384 634 advocavit
1434 579 1855 646 multitudinem,
1886 595 2009 648 quae

443 690 569 728 cum
599 674 944 736 accessisset,
973 686 1166 724 manus
1194 671 1476 739 imposuit,
1501 679 1555 725 et
1597 681 1850 740 precatus
1900 680 2004 737 est,

440 767 634 836 sicque
679 765 905 829 dimisit,
956 777 1188 817 monens
1219 764 1510 820 convenire
1567 763 1856 820 maturius.
1899 762 2006 818 lsta

442 857 704 927 inquiens
730 871 795 910 ac
823 853 1109 924 suspirans
1131 854 1414 924 ingressus
1441 862 1546 920 est,
1579 870 1680 910 nec
1700 855 1828 910 cibo
1851 869 2005 910 sum-

445 959 537 1018 pto
562 949 656 1002 ivit
675 946 940 1003 cubitum.

965 1128 1253 1185 HOMILIA
1307 1110 1451 1184 an

514 1220 554 1274 l.
593 1219 850 1291 Sequenti
873 1239 1004 1294 ergo
1035 1225 1122 1278 die
1163 1222 1377 1289 Petrus,
1411 1239 1536 1278 cum
1572 1223 1796 1277 Simone
1822 1221 2001 1278 disce-

437 1321 724 1381 ptaturus,
779 1314 1050 1368 maturius
1091 1323 1440 1383 experrectus
1483 1313 1677 1367 oravit.
1723 1312 2003 1383 Simulque

448 1418 513 1460 ac
541 1419 755 1473 precem
779 1403 1275 1468 ﬁnivit,Zacchaeus
1298 1403 1579 1476 ingressus
1618 1414 1701 1461 est
1725 1421 1790 1460 ac
1814 1405 1951 1461 dixit
1984 1423 1998 1460 :

435 1493 630 1548 Simon
662 1503 816 1549 extra
851 1496 1030 1562 sedet,
1067 1512 1191 1551 cum
1238 1497 1563 1566 quibusdam
1613 1497 1749 1562 suis,
1785 1497 2002 1554 circiter

435 1584 682 1655 triginta,
717 1587 1010 1642 disserens.
1055 1587 1122 1641 Et
1152 1586 1347 1643 Petrus
1379 1587 1455 1642 ait
1499 1606 1514 1642 :
1563 1588 1998 1658 Sinatur‘loqui,

435 1675 616 1731 donec
664 1678 955 1734 multitudo
1010 1679 1338 1743 conveniat,
1383 1688 1622 1748 tuncque
1675 1678 2000 1748 incipiamus

433 1768 818 1837 quaestionem,
855 1777 916 1824 ut
946 1770 1047 1833 sic,
1089 1770 1294 1824 auditis
1325 1786 1447 1840 quae
1492 1771 1562 1824 ab
1593 1785 1661 1825 eo
1705 1771 1848 1825 dicta
1877 1768 1999 1827 fue-

438 1857 572 1924 rint,
603 1858 670 1913 ad
703 1874 764 1914 ea
791 1870 1038 1930 aptantes
1061 1875 1183 1927 nos,
1209 1861 1410 1932 egressi
1436 1861 1796 1931 disputemus.
1826 1863 2003 1931 Atque

432 1963 503 2002 eo
537 1951 695 2004 modo
724 1951 924 2016 factum
948 1960 1050 2007 est.
1083 1950 1350 2021 Egressus
1375 1953 1540 2022 igitur
1561 1969 1662 2008 nec
1687 1954 1857 2008 multo
1883 1963 2003 2023 post

435 2049 689 2092 reversus
707 2037 994 2096 chbzeus
1037 2039 1200 2096 Petro
1248 2042 1432 2095 retulit
1456 2058 1736 2097 sermones
1765 2042 2002 2099 Simonis

433 2139 625 2186 cutura
664 2130 862 2199 ipsum.

502 2319 566 2375 ll.
600 2320 742 2376 Dixit
770 2329 951 2375 autem
982 2337 997 2372 :
1024 2320 1261 2376 Accusat
1287 2321 1554 2389 te,Petre,
1589 2323 1744 2393 quasi
1783 2322 2000 2378 malitiae

433 2416 766 2482 ministrum,
809 2424 863 2470 et
906 2415 1084 2485 magia
1127 2415 1356 2469 multum
1395 2416 1686 2483 valentem,
1723 2431 1787 2472 ac
1821 2416 2000 2471 homi-

432 2523 561 2562 num
609 2507 820 2561 animas
861 2505 1099 2561 deterius
1154 2506 1456 2562 idololatria
1504 2507 1884 2562 fascinantem.
1933 2507 1998 2561 Et

428 2598 647 2669 quidem
699 2597 842 2667 quod
889 2589 1081 2666 magus
1116 2597 1227 2663 sis,
1262 2599 1362 2652 hoc
1389 2599 1542 2652 visus
1575 2607 1658 2653 est
1690 2598 1881 2653 alferre
1909 2613 1997 2652 ar-

430 2697 770 2759 gumentum,
817 2689 1046 2742 dicendo
1080 2703 1094 2740 :
1130 2687 1394 2742 Conscius
1435 2689 1569 2742 mihi
1613 2704 1765 2753 sum,
1801 2703 1889 2743 me
1928 2705 1996 2744 ne

431 2781 594 2834 unius
617 2779 834 2849 quidem
886 2779 1032 2832 verbi
1084 2777 1358 2831 recordari
1406 2792 1474 2831 ex
1524 2777 1592 2831 iis
1622 2793 1744 2846 qua:
1773 2792 1897 2830 cum
1931 2794 1994 2831 eo

430 2871 809 2940 disputatur-us
860 2869 999 2939 apud
1059 2883 1145 2922 me
1187 2867 1462 2936 perpendi.
1520 2865 1723 2936 Nempe
1775 2868 1992 2936 quando

427 2957 544 3028 ipse
569 2962 808 3026 disserit,
841 2971 894 3015 et
919 2975 1018 3029 ego
1046 2968 1277 3013 mentem
1306 2957 1538 3026 applico,
1578 2967 1636 3012 ut
1660 2973 1910 3012 revocem
1937 2959 1989 3012 in

2111 481 2369 535 λαϐοῦσαι
2413 481 2524 552 (5i)
2551 485 2630 545 εἰς
2650 483 2711 536 τὸ
2735 483 2780 515 ⁸⁸
2806 483 2874 535 τά
2904 481 3043 535 αὐτὰ
3067 481 3145 551 τῷ
3190 481 3389 554 Σίμωνι
3414 486 3553 540 κατὰ
3580 489 3674 542 τοῦ

2107 574 2241 627 Θεοῦ
2261 573 2436 643 λέγειν
2457 591 2577 627 συνε
2587 576 2898 646 ργήσουσινε
2913 573 3377 628 Καὶταῠταεὶπὼν
3401 577 3538 646 μετὰ
3585 577 3678 634 δα-

2104 667 2378 736 κρύων,τῇ
2398 665 2541 735 χειρὶ
2571 666 2956 736 προσεκαλεῖτο
2975 667 3098 729 τοὺς
3119 666 3325 736 ὄχλους,
3353 662 3434 729 οἷς
3457 670 3678 740 προσελ.

2106 754 2366 818 θοῦσιτὰς
2380 759 2567 827 χεῖρας
2576 756 2836 820 ἐπιτιθεὶς
2848 757 2890 789 ⁸⁸
2915 757 3007 810 καὶ
3029 756 3316 828 εὐχόμενος
3331 759 3584 826 ἀπέλυεν,
3601 761 3680 814 λέ-

2103 863 2216 915 γων
2236 845 2396 917 333
2413 846 2779 918 ὀρθριαίτερον
2808 847 3174 920 συνέρχεσθαι.
3193 850 3376 905 Ταῦτα
3396 851 3564 905 εἰπὼν
3585 854 3678 907 καὶ⁵

2113 939 2382 1004 στενάζων
2403 938 2656 993 εἰσελθὼν
2688 938 2812 992 οὗτε
2833 940 3037 1010 τροφῆς
3063 941 3373 1011 μεταλαὸὼν
3404 942 3670 998 ὕπνωσεν.

2694 1122 2949 1176 ’ΘΜΙΛΙΑ
2985 1124 3070 1178 IZ'.

2171 1230 2212 1286 Ι.
2249 1231 2360 1302 Τῆς
2396 1233 2492 1302 μὲν
2527 1230 2620 1286 οὖν
2665 1233 2831 1305 ἄλλης
2856 1235 3068 1306 ἡμέρας
3104 1237 3132 1288 ό
3164 1237 3369 1308 Πέτρος
3414 1241 3550 1313 πρὸς
3579 1245 3670 1297 Σί-

2103 1340 2258 1393 μωνα
2314 1323 2497 1394 ζητεῖν
2565 1325 2773 1395 μέλλων
2822 1325 3188 1398 όρθριαίτερον
3241 1330 3286 1361 ⁹⁰
3334 1331 3672 1397 ἐξυπνισθεὶς

2101 1414 2323 1484 ηύξατο,
2359 1417 2454 1469 καὶ
2502 1417 2618 1486 ἅμα
2659 1416 2735 1488 τῷ
2779 1417 3090 1472 παύσασθαι
3128 1421 3157 1472 ό
3192 1422 3456 1492 Ζακχαῖος
3495 1426 3669 1497 εἰσῄει

2100 1498 2273 1568 λέγων
2293 1518 2306 1531 ’
2337 1502 2516 1573 Σίμων
2548 1503 2654 1567 ἔξω
2690 1505 2994 1572 καθέζεται,
3031 1507 3168 1578 μετὰ
3205 1509 3348 1563 ἰδίων
3391 1513 3553 1567 αὐτοῦ
3584 1533 3662 1568 τι·

2101 1608 2208 1644 νων
2237 1591 2312 1655 ὼς
2342 1593 2638 1664 τριάκοντα
2679 1594 3076 1667 διαλεγόμενος.
3100 1599 3210 1652 Καὶ
3249 1602 3278 1653 ὁ
3307 1602 3508 1674 Πέτρος
3531 1604 3664 1676 ἔφη’

2113 1681 2321 1736 Ἐάσθω
2353 1684 2396 1714 ⁹¹
2422 1683 2621 1748 λαλεῖν,
2653 1685 2844 1758 μέχρις
2882 1687 2971 1741 ὅτε
2997 1688 3043 1720 ⁸³
3067 1688 3270 1759 πλῆθος
3297 1692 3538 1764 γένηται,
3573 1698 3669 1752 καὶ

2101 1771 2222 1824 τότε
2254 1771 2436 1843 ζητεῖν
2463 1773 2774 1845 ἀρξώμεθα,
2812 1777 2898 1830 ἵνα
2929 1776 3102 1842 οὕτως
3125 1780 3284 1851 ἡμεῖς
3304 1781 3374 1835 τὰ
3399 1784 3487 1838 ὑπ’
3504 1785 3666 1840 αὑτοῦ

2101 1862 2371 1934 λεγόμενα
2396 1865 2747 1931 ἀκούσαντες,
2782 1868 2918 1938 πρὸς
2943 1869 3082 1922 αὐτὰ
3108 1872 3496 1944 άρμοσάμενοι,
3521 1877 3670 1941 ἐξελ-

2100 1953 2287 2018 θόντες
2324 1954 2708 2025 διαλεχθῶμεν.
2745 1957 2854 2012 Καὶ
2890 1958 2953 2030 δὴ
2986 1959 3158 2025 οὓτως
3199 1964 3429 2031 ἐγένετο.
3473 1967 3668 2032 Ἐκὸὰς

2099 2041 2192 2098 οὖν
2224 2047 2318 2100 καὶ
2347 2049 2462 2117 μετ’
2480 2049 2541 2101 ού
2569 2049 2700 2102 πολὺ
2735 2049 2893 2103 πάλιν
2918 2052 3171 2106 εἰσελθὼν
3191 2056 3219 2108 ό
3249 2058 3514 2126 Ζακχαῖος
3541 2061 3666 2113 ἀντ-

2098 2137 2292 2206 έϐαλλε
2323 2139 2400 2210 τῷ
2442 2139 2632 2211 Πέτρῳ
2655 2141 2781 2205 τοὺς
2815 2141 2919 2194 ὑπὸ
2940 2141 3180 2213 Σίμωνος
3204 2145 3346 2199 κατὰ
3376 2147 3581 2219 Πέτρου
3617 2150 3663 2181 ’³

2100 2230 2367 2301 ῥηθέντας
2391 2231 2600 2300 λόγους.

2167 2321 2230 2377 ΙΙ.
2270 2323 2461 2392 Ἔλεγε
2491 2323 2547 2376 δέ
2565 2341 2578 2356 ⁸
2615 2323 2862 2379 Αἰτιᾶταί
2890 2342 2971 2391 σε,
2995 2326 3188 2399 Πέτρε,
3216 2328 3290 2393 ὼς
3321 2329 3513 2394 κακίας
3537 2330 3663 2386 ὄντα

2098 2415 2404 2487 ὑπηρέτην,
2441 2416 2533 2469 καὶ
2575 2417 2776 2488 μαγείᾳ
2810 2418 2942 2472 πολὺ
2970 2418 3291 2491 δυνάμενον,
3333 2423 3425 2476 καὶ
3451 2423 3663 2476 εἰδωλο-

2096 2507 2348 2578 λατρείας
2373 2508 2415 2539 ³⁷⁸
2442 2511 2622 2580 χεῖρον
2658 2507 2758 2571 τὰς
2791 2508 2898 2562 τῶν
2930 2510 3230 2582 ἀνθρώπων
3275 2516 3665 2583 φαντασιοῦντα

2095 2597 2287 2668 ψυχάς.
2324 2601 2420 2662 EE;
2457 2599 2519 2650 τὸ
2560 2600 2660 2667 μὲν
2699 2597 2790 2652 οὖν
2817 2601 2986 2670 μάγον
3012 2597 3149 2655 εἷναί
3186 2621 3245 2656 σε
3270 2605 3472 2677 ταύτην
3494 2607 3663 2660 ἐδόκει
3722 2610 3725 2613 ’

2096 2691 2279 2760 φέρειν
2327 2691 2618 2754 ἀπόδειξιν,
2662 2691 2862 2759 λέγων·
2913 2692 3132 2746 Σύνοιδα
3176 2695 3416 2766 ἐμαυτῷ,
3465 2698 3544 2750 ὅτι
3589 2693 3666 2750 ὧν

2094 2779 2212 2831 κατ’
2232 2777 2465 2848 ἐμαυτὸν
2501 2779 2823 2849 σκέπτομαι,
2863 2779 3031 2833 ἐλθὼν
3068 2781 3311 2850 συζητεῖν
3344 2784 3511 2854 αὐτῷ,
3543 2786 3663 2838 οὐδὲ

2092 2871 2187 2923 ἕνα
2219 2870 2539 2940 μνημονεύω
2571 2871 2743 2939 λόγον.
2784 2871 2956 2924 Αὑτοῦ
2995 2872 3104 2944 γὰρ
3128 2873 3526 2945 διαλεγομένου,
3559 2879 3662 2931 κόι-

2093 2960 2196 3030 μοῢ
2246 2960 2335 3013 τὸν
2380 2961 2502 3020 νοῦν
2535 2962 2886 3032 ἀσχολοῦντος
2924 2965 3003 3027 είς
3043 2965 3104 3018 τὸ
3149 2967 3503 3038 ἀναπολῆσαι,
3541 2970 3664 3024 τίνα.

430 3055 770 3118 memoriam,
813 3065 1060 3121 quaenam
1104 3049 1209 3103 sint
1248 3063 1369 3118 quae
1401 3048 1630 3118 cogitavi
1657 3049 1988 3104 descendens

2096 3052 2235 3105 ἐστὶν
2267 3051 2302 3104 ἃ
2335 3051 2661 3126 ἐλογισάμην
2693 3054 2856 3127 334
2893 3054 3059 3109 ἐλθὼν
3103 3056 3278 3125 λέγειν
3309 3059 3444 3129 πρὸς
3477 3061 3658 3124 αὐτὸν,

428 3145 494 3197 ad
520 3145 851 3213 colloquium
879 3157 1001 3196 cum
1030 3157 1115 3206 eo,
1153 3155 1253 3194 nec
1294 3138 1590 3207 quidquam
1630 3153 1842 3202 eorum,
1869 3155 1992 3209 quae

427 3236 561 3289 dicit
595 3236 776 3290 audio.
821 3233 1049 3299 Quando
1092 3247 1220 3300 ergo
1254 3231 1388 3283 nihil
1423 3231 1688 3300 ejusmodi
1723 3246 1846 3285 cum
1882 3231 1993 3284 ullo

427 3328 534 3381 alio
583 3327 778 3396 patior,
814 3341 975 3394 quam
1010 3341 1134 3378 cum
1167 3323 1259 3376 illo
1303 3323 1454 3388 solo,
1501 3340 1608 3393 qua
1641 3324 1852 3379 ratione
1886 3340 1990 3379 non

424 3432 546 3471 Slllll
581 3416 649 3470 ab
681 3431 746 3469 eo
788 3413 1136 3468 incantatus?
1168 3411 1303 3466 lllud
1340 3428 1500 3477 vero,
1537 3412 1681 3482 quod
1705 3454 1718 3475 ,
1748 3429 1870 3483 qua:
1895 3414 1994 3467 do-

418 3517 510 3562 cet
553 3508 735 3577 pejora
788 3507 897 3560 sint
951 3505 1292 3572 idololatria,
1329 3507 1534 3560 clarum
1600 3507 1704 3561 erit
1758 3515 1991 3562 mentem

424 3598 670 3659 habenti,
703 3605 999 3666 postquam,
1035 3597 1364 3651 indicavero.
1395 3595 1552 3651 Nulla
1582 3597 1724 3650 enim
1753 3597 1858 3651 alia
1888 3600 1995 3653 uti-

420 3691 548 3745 litas
585 3699 695 3754 est,
729 3705 892 3758 quam
943 3696 1002 3743 ut
1049 3689 1229 3743 anima
1277 3689 1580 3757 omnigenis
1632 3689 1790 3745 idolis
1826 3691 1991 3745 libera

419 3783 696 3837 reddatur.
731 3778 864 3835 Nam
912 3783 1146 3851 speciem
1196 3782 1488 3852 imaginata
1533 3783 1730 3838 timore
1770 3783 1988 3852 ligatur,

417 3881 475 3926 et
497 3873 722 3926 credens
762 3888 820 3926 sc
852 3873 1056 3942 aliquid
1101 3872 1245 3941 pati,
1288 3873 1573 3944 elanguct,
1603 3883 1658 3929 et
1699 3873 1986 3938 alienatur,

421 3981 516 4020 seu
551 3980 580 4016 a
613 3963 860 4018 daemone
892 3965 1113 4029 insanit,
1165 3981 1230 4020 ac
1259 3965 1592 4020 daemoniaco
1635 3965 1822 4020 furore
1863 3980 1989 4020 cor-

420 4063 568 4123 repta
605 4055 787 4109 multis
817 4055 997 4109 sobria
1026 4056 1262 4111 videtur.

493 4145 576 4200 ιιι.
619 4145 672 4200 ld
707 4147 862 4201 vobis
884 4145 1075 4200 Petrus
1104 4155 1346 4216 praestat,
1385 4145 1689 4217 pollicendo
1716 4145 1986 4214 sapientes

419 4235 621 4291 facere.
659 4236 927 4291 Praetextu
974 4236 1244 4306 siquidem
1292 4237 1453 4291 unius
1491 4235 1584 4290 Dei
1625 4235 1838 4290 videtur
1859 4235 1981 4303 qui-

413 4327 541 4386 dem
585 4329 820 4384 liberare
864 4344 960 4384 vos
1002 4329 1190 4384 multis
1236 4328 1416 4382 anima
1465 4327 1778 4382 carentibus
1804 4326 1982 4391 idolis,

2093 3143 2199 3195 οὐδ’
2219 3143 2397 3196 ὁτιοῦν
2429 3136 2502 3196 ὧν
2535 3144 2682 3212 λέγει
2717 3145 2970 3199 ἐπακούω
2991 3147 3057 3198 ³⁵.
3097 3147 3247 3201 Ἐπεὶ
3271 3145 3363 3202 οὖν
3398 3152 3483 3202 ἐπ’
3503 3151 3660 3205 ἄλλου

2093 3234 2234 3297 τινὸς
2258 3234 2464 3288 τοιοῦτό
2495 3254 2546 3288 τι
2586 3237 2646 3288 οὐ
2691 3238 2883 3307 πάσχω
2902 3279 2915 3302 ,
2945 3240 2977 3310 ῆ
3004 3240 3090 3292 ἐπ’
3109 3240 3272 3294 αὑτοῦ
3319 3242 3501 3312 μόνου,
3544 3243 3658 3306 πῶς
3757 3243 3762 3246 ’

2092 3323 2212 3394 οὐχὶ
2238 3325 2620 3396 ,μαγευόμενος
2662 3327 2936 3379 ὑπἀὐτοῦ
2986 3328 3272 3398 τυγχάνω;
3331 3327 3403 3381 Τὸ
3447 3329 3502 3381 δὲ
3555 3331 3656 3392 ὅτι,

2091 3415 2128 3469 ἃ
2152 3417 2198 3446 ⁸⁸
2225 3416 2291 3470 ἂν
2320 3416 2566 3488 διδάσκῃ,
2611 3418 3051 3491 εἱδωλολατρείας
3101 3420 3317 3491 χείρονά
3365 3422 3512 3474 ἐστιν
3533 3461 3546 3483 ,
3581 3422 3660 3491 τῷ

2093 3523 2155 3574 γε
2183 3505 2307 3559 νοῦν
2333 3507 2529 3577 ἔχοντι,
2559 3508 2694 3577 ὲμοῦ
2722 3508 3058 3578 μηνύσαντος
3099 3510 3263 3577 σαφὲς
3296 3509 3463 3563 ἔσται.
3494 3509 3659 3562 Οὐθὲν

2091 3596 2199 3667 γὰρ
2222 3597 2408 3669 ἓτερον
2433 3598 2776 3670 ὠφεληθῆναί
2815 3602 2962 3652 ἐστιν
2989 3601 3055 3664 ⁸⁷,
3090 3600 3120 3670 ἦ
3164 3602 3223 3652 τὸ
3257 3601 3354 3670 τὴν
3377 3601 3551 3672 ψυχὴν
3579 3603 3656 3653 εἰ-

2089 3687 2269 3742 δώλων
2301 3690 2647 3745 παντοδαπῶν
2673 3691 2961 3764 ἐλευθέραν
2984 3692 3251 3760 γενέσθαι.
3277 3692 3656 3762 Φανταζομένη

2090 3779 2198 3850 γὰρ
2229 3776 2366 3844 εἶδος
2397 3780 2671 3851 δεσμεῖται
2708 3782 2873 3852 φόϐῳ,
2901 3784 2992 3836 καὶ
3018 3782 3252 3853 φροντίδι
3279 3781 3371 3834 τοῦ
3395 3783 3581 3834 παθεῖν
3603 3800 3656 3833 τι

2093 3871 2436 3940 μαραίνεται,
2470 3874 2562 3924 καὶ
2599 3873 2950 3944 άλλοιουμένη
2983 3873 3212 3945 δαιμονᾷ
3253 3875 3317 3937 ³⁸,
3357 3876 3448 3927 καὶ
3474 3873 3656 3944 δαιμο-

2089 3961 2370 4027 νῶσατοῖς
2403 3962 2616 4025 πολλοῖς
2651 3967 2942 4034 σωφρονεῖν
2967 3965 3112 4018 δοκεῖ

2159 4136 2244 4191 ΙΙΙ.
2275 4137 2444 4192 Τοῦτο
2473 4139 2600 4209 ὑμῖν
2627 4139 2831 4211 Πέτρος
2863 4141 3150 4211 ὑποσχέσει
3179 4140 3269 4194 τοῦ
3301 4137 3651 4210 σωφρονίζειν

2087 4229 2333 4302 παρέχει.
2379 4231 2654 4302 Προφάσει
2698 4231 2806 4303 γὰρ
2859 4232 2978 4296 ἐνὸς
3027 4232 3160 4285 Θεοῦ
3203 4232 3347 4285 δοκεῖ
3378 4234 3476 4303 μὲν
3506 4233 3650 4303 ὑμᾶς

2088 4321 2294 4376 πολλῶν
2339 4323 2557 4392 ἀψύχων
2601 4323 2963 4376 ἀπαλλάσσειν
3013 4322 3264 4387 εἰδώλων,
3316 4323 3352 4376 ἃ.
3404 4324 3463 4376 οὐ
3509 4324 3648 4376 πάνυ

412 4436 540 4490 qua:
585 4435 692 4474 non
750 4421 980 4474 multum
1033 4429 1232 4474 nocent
1287 4420 1610 4483 cultoribus,
1657 4419 1803 4488 quod
1851 4420 1983 4489 ipsis

2096 4415 2212 4476 τοὺς
2235 4413 2488 4476 σέϐοντας
2513 4415 2708 4479 ἀδικεῖ,
2734 4414 2812 4485 τῷ
2835 4416 3015 4479 αὐτοῖς
3043 4415 3335 4485 ὀφθαλμοῖς
3358 4415 3403 4446 ’⁸
3421 4416 3648 4486 ὁρᾶσθαι

416 4512 593 4566 oculis
615 4518 914 4564 cernuntur
944 4525 1064 4565 esse
1103 4509 1335 4578 lapidea,
1367 4511 1450 4565 vel
1476 4525 1646 4570 aenea,
1683 4509 1761 4563 vel
1788 4524 1972 4575 aurea,

2083 4502 2479 4574 λίθιναὸνταῆ
2521 4504 2789 4576 χάλκεαῆ
2835 4505 3038 4576 χρύσεα
3083 4505 3207 4576 ¹⁰⁰ἢ
3253 4505 3344 4558 καὶ
3386 4505 3444 4569 ἐξ
3483 4505 3647 4576 ἄλλης

418 4603 501 4656 vel
536 4617 604 4656 ex
637 4601 744 4655 alia
775 4599 1009 4670 quadam
1059 4600 1299 4654 inanima
1345 4601 1593 4655 materia.
1636 4599 1818 4666 Quare
1849 4617 1972 4656 cum

2096 4593 2225 4658 τινὸς
2271 4595 2476 4665 ἀψύχου
2510 4594 2660 4666 ὖλης.
2697 4596 2787 4649 Διὸ
2830 4597 2907 4668 τῷ
2953 4598 2970 4626 ¹
3007 4597 3219 4659 εἰδέναι,
3243 4598 3321 4650 δτι
3364 4597 3424 4649 τὸ
3456 4597 3647 4667 βλεπό-

411 4694 599 4748 anima
627 4695 785 4760 sciat,
833 4692 887 4746 id
919 4690 1061 4762 quod
1110 4692 1374 4757 cernitur,
1409 4693 1542 4746 nihil
1580 4709 1730 4760 esse,
1764 4710 1868 4748 non
1896 4695 1974 4750 si—

412 4786 528 4842 mili
567 4787 730 4841 modo
758 4801 856 4855 per
881 4784 1210 4854 aspectabile
1233 4799 1264 4838 a
1299 4785 1490 4840 timere
1514 4795 1693 4855 potest
1720 4788 1977 4856 imagina-

2081 4703 2238 4758 μενον
2271 4685 2418 4738 οὐδέν
2445 4688 2609 4750 ἐστιν,
2648 4688 2745 4758 οὑχ
2783 4689 2983 4759 ὁμοίως
3021 4689 3098 4758 τῷ
3131 4688 3307 4759 ὀρατῷ
3349 4688 3451 4741 ὑπὸ
3479 4688 3644 4757 φόϐου

2081 4775 2500 4847 φαντασιοῦσθαι
2533 4775 2751 4844 δύναται
2779 4780 2811 4848 ή
2837 4777 2998 4850 ψυχή.
3030 4777 3221 4848 Πλάνῳ
3244 4777 3298 4830 δὲ
3329 4777 3645 4848 διδασκαλίᾳ

404 4930 409 4935 ·
1715 4899 1950 4953 VARUE
1989 4893 2277 4953 LECTION
2285 4891 2384 4946 ES.

486 4970 534 5003 ⁸⁸
560 4969 619 5023 τό
649 4971 772 5025 add.
810 4969 869 5040 S,
901 4969 1163 5040 probante
1189 4965 1251 5022 Ο.
1327 4968 1387 5040 θ’,
1407 4968 1480 5022 lla
1509 4967 1548 5022 S
1577 5011 1592 5032 ,
1623 4969 1875 5023 ὲπιτιθών
1905 4972 1962 5024 t1.
1999 4968 2227 5040 Ambng
2278 4967 2362 5040 den
2394 4961 2744 5040 Ottobpniapi
2797 4963 3066 5040 Scriptura
3109 4972 3394 5040 truncata.
3437 4963 3643 5040 Deinde

413 5040 779 5162 όρθειαίτερον
796 5040 855 5103 S,
875 5040 936 5121 ,Ο
965 5078 978 5101 ,
1011 5040 1321 5111 όρθρίτερον
1352 5040 1719 5138 campose!pr

416 5127 514 5164 εασ
547 5127 592 5162 ω
633 5109 826 5164 lacuna
876 5126 927 5162 In
979 5105 1043 5163 0.
1123 5109 1168 5140 "
1196 5110 1224 5161 ό
1262 5127 1356 5161 του
1387 5117 1510 5176 (sic)
1540 5126 1591 5176 p.
1631 5127 1719 5162 οτι

965 5038 1321 5111 ,Δόρθρίτερον
1352 5038 1415 5093 C.
1442 5030 1819 5111 _1tpocrépxzcl_ls
1843 5055 1906 5111 Ρ.
1947 5030 2293 5111 συνέρχεσθαι
2467 5034 2511 5063 ⁹⁰
2554 5031 2627 5111 lla
2671 5031 2714 5086 0
2755 5049 2810 5111 _c.
2848 5033 2886 5087 S
2951 5033 3283 5111 ⁸ιξρθρίτερξζν
3304 5034 3364 5088 C.

1455 5055 1819 5110 προσερχεσυε
1893 5079 1906 5092 .
1947 5055 2293 5107 συνερχεσυαι
2324 5055 2387 5085 υ.
2468 5055 2510 5063 "
2554 5055 2627 5084 nu
2671 5055 2714 5086 U
2763 5055 2810 5085 tr.
2849 5055 2886 5087 ο
2914 5075 2928 5101 ,
2964 5055 3278 5104 ορυριτερον
3304 5055 3364 5088 υ.
3466 5055 3504 5065 ··
3536 5055 3642 5086 ιιι-υ

1442 5108 1510 5168 ic)
1540 5126 1591 5176 p.
1631 5111 1719 5162 ὅτε
1752 5109 1814 5163 0.
1842 5055 1978 5162 'Fum
2020 5125 2069 5176 p.
2139 5106 2312 5176 οὕτως
2344 5104 2532 5176 lacuna
2560 5103 2614 5176 in
2665 5103 2878 5156 eodem.
2945 5105 2996 5176 _”
3031 5103 3170 5176 κατά
3213 5103 3488 5176 Πέτρουᾼο
3519 5143 3532 5166 ,
3564 5103 3642 5172 τῷ

3463 5037 3504 5065 ⁹¹
3536 5033 3642 5086 Pro

416 5180 604 5250 Πέτρῳ
657 5179 732 5240 C,
777 5179 841 5234 0.
885 5177 1058 5234 Deleri
1085 5178 1200 5234 bare
1230 5180 1353 5232 τω».
1395 5171 1516 5232 ’νιιιι
1541 5171 1604 5232 C.
1681 5181 1729 5211 ”
1767 5171 2182 5248 εἰδωλολατρίας
2215 5171 2281 5227 0.
2360 5174 2403 5204 ⁸⁵
2444 5173 2518 5226 Ita
2551 5171 2595 5225 0
2651 5180 2704 5224 et
2738 5189 2802 5226 ex
2837 5172 3067 5239 conject.
3114 5174 3154 5225 ll
3185 5213 3198 5236 ,
3233 5173 3284 5226 in
3329 5171 3454 5294 cui.
3491 5171 3640 5226 textu

416 5249 717 5294 ἐπακούων-
793 5250 841 5281 η
876 5249 911 5294 ἆ
939 5249 1084 5294 mm-
1113 5248 1154 5294 (ἶ
1184 5287 1198 5294 -
1234 5249 1561 5294 annrnlmnte
1583 5247 1627 5294 0
1660 5267 1671 5294 τ
1709 5250 1859 5294 (inest
1888 5249 1938 5294 in
1969 5250 2090 5294 cml.
2127 5243 2610 5294 lmm.P:n-isiensi.
2651 5241 3058 5294 εἰδωλολατοίας
3090 5240 3154 5294 0.
3232 5242 3408 5294 1ν’ὼιοε
3445 5243 3638 5294 ηθῆναι

412 5240 717 5328 ξπαὶιόύων.
738 5319 758 5328 Α
793 5250 841 5281 ’⁸
865 5249 911 5328 ’ἃ
939 5248 1154 5328 conjLC
1184 5287 1198 5313 ,
1234 5249 1561 5328 ορριᾭιξιιιιε
1583 5247 1627 5302 0
1660 5267 1673 5314 ;
1709 5250 1859 5328 deest
1888 5249 1938 5301 in
1969 5240 2274 5328 ch':‘l‘l0nl:
2293 5243 2610 5328 Pztrjsiensi.
2651 5241 3064 5328 εἰδωλολατρίας
3090 5240 3156 5324 0;
3203 5245 3274 5328 1:"
3293 5242 3408 5328 ὤιξε

3445 5243 3638 5322 ηθῇναι

411 5318 556 5402 ἐστιν
714 5319 759 5402 ξς
795 5319 889 5402 κα).
912 5311 1199 5402 φροίοῦσαι
1229 5311 1480 5402 εύπαθεῖν
1508 5336 1559 5371 τι
1595 5311 1918 5392 μαραίνεται
1953 5317 2048 5372 καὶ¹
2068 5313 2369 5369 ἀλλοιοῦται
2391 5313 2425 5383 ἦ
2453 5313 2682 5384 δαιμονᾷ
2711 5313 2768 5366 ll.
2836 5313 2878 5346 ’9
2908 5311 3168 5384 ὀφθαλμὼ
3201 5312 3265 5368 0.
3349 5314 3415 5345 ¹⁰⁰
3441 5311 3642 5382 χαλκέα

419 5387 685 5461 ἢχρυσέα
713 5386 779 5446 0.
860 5386 982 5462 ’τῷ
1019 5387 1082 5447 5,
1117 5388 1160 5443 0
1189 5429 1203 5456 ,
1234 5389 1376 5443 76C.

1697 5473 2064 5534 VARIORUM
2102 5471 2332 5528 ΝΟΤᾸΞ.

482 5571 594 5642 (51)
632 5573 763 5655 Ἀλξὸ
796 5573 1207 5655 ξίμωνοςτὴν
1253 5573 1443 5655 ᾀρχὴν
1465 5574 1811 5655 λαϐοῦσαι..
1861 5573 1974 5655 Hoc

2078 5567 2261 5636 derat,
2296 5567 2450 5634 quasi
2503 5566 2689 5623 futuro
2723 5567 3092 5636 conjecturam
3146 5570 3352 5625 fecerit.
3397 5566 3525 5623 Vide
3559 5567 3637 5624 sis

413 5655 520 5695 una
545 5634 673 5697 voce
711 5634 934 5698 lauda'nt
981 5634 1666 5712 ecclesiasticins'criptorcs
1688 5683 1703 5704 ,
1747 5643 1884 5697 adeo
1914 5653 1974 5697 ut
2077 5634 2336 5712 irenmttpt
2366 5637 2557 5712 _l_ib_.__|,
2593 5655 2643 5694 c.
2896 5638 2991 5694 lib.
3025 5656 3107 5709 ut,
3141 5639 3363 5710 Prwfat.
3387 5647 3441 5695 et
3465 5637 3638 5696 Euse-

418 5723 738 5780 persnnatus
766 5715 865 5769 iste
891 5713 1082 5770 Petrus
1115 5715 1179 5768 de
1220 5731 1314 5777 eo,
1341 5715 1482 5783 quod
1516 5715 1628 5784 jam
1659 5714 1858 5768 factum
1889 5713 1968 5768 vi-

2074 5707 2221 5763 bium
2256 5703 2322 5759 ll.
2359 5707 2418 5762 Ε.
2453 5703 2551 5763 lib
2576 5723 2635 5774 ιι,
2667 5707 2750 5762 l3.
2787 5703 2968 5765 Dms.
