4040 6146
409 271 512 326 33-3
1433 265 1888 324 CLEMENTINA.
1930 300 1995 309 --
2023 255 2304 324 uotum
2342 271 2505 328 xvn.
3529 282 3640 339 ssc

407 390 484 453 εἰς
509 385 738 459 φοϐερὸν
761 386 896 440 Θεὸν
920 386 1296 441 ἀποϐλέπουσα
1322 387 1427 439 τῶν
1455 386 1595 440 κατὰ
1627 385 1784 454 φύσιν
1811 368 1965 438 ἐκϐα-

2075 388 2315 443 tionibus
2360 390 2562 444 deludi.
2613 391 2683 444 At
2728 391 2903 445 fallaci
2951 390 3198 446 doctrina
3234 392 3456 461 decepta
3505 395 3646 450 dum!

406 478 672 552 θρεύεται.
696 479 805 532 Καὶ
829 477 999 531 ταῦτα
1042 478 1152 546 ἐγὼ
1191 478 1352 550 λέγω,
1385 479 1480 548 οὐχ
1512 479 1589 530 ὅτι
1784 477 1965 530 εἴδωλα

2075 481 2370 535 terribilem
2409 482 2574 535 Deum
2607 482 2846 551 respicit,
2881 497 2946 536 ex
2991 483 3057 536 iis
3089 499 3210 552 qure
3247 493 3438 540 natura
3473 485 3643 540 habet

403 571 583 647 _céBetv
631 571 880 644 παραινῶ
903 610 917 634 ,
971 569 1084 624 ἀλλ’
1105 571 1185 625 ὅτι
1237 571 1440 643 Πέτρος
1480 569 1723 641 φοϐερῶν
1765 569 1914 622 ἰδεῶν
1953 571 1973 600 ³

405 661 572 716 δοκῶν
619 661 987 716 ἀπαλλάσσειν
1034 661 1187 732 ὑμῶν
1230 659 1331 724 τὰς
1375 661 1588 730 ψυχὰς,
1625 659 1973 730 φοϐερωτέρα

410 753 520 823 ἰδέᾳ
543 753 564 786 ³
587 753 680 808 τὸν
703 755 930 807 ἕκαστον
961 751 1116 824 ὑμῶν
1156 753 1435 824 ὲνθουσιᾷν
1475 755 1618 806 ποιεῖ
1651 751 1796 816 νοῦν,
1841 750 1974 805 Θεὸν

405 847 462 898 ἐν
495 849 676 918 μορφῇ
707 845 1120 917 εἰσηγούμενος,
1159 845 1252 898 καὶ
1297 843 1471 898 ταῦτα
1513 844 1698 916 ἄκρως
1744 842 1970 905 δίκαιον,

580 929 624 1005 ᾧ
652 937 841 990 ἕπεται
871 936 933 989 τὸ
957 935 1182 1006 φοϐερὸν
1211 935 1302 988 καὶ
1333 939 1398 1007 τῇ
1431 935 1716 1006 συννοούσῃ
1743 934 1886 1006 ψυχῇ
1912 934 1974 987 τὸ

403 1028 689 1104 φρικῶδες,
722 1027 1013 1100 δυνάμενον
1056 1029 1149 1082 καὶ
1179 1028 1287 1082 τῶν
1325 1027 1498 1100 ὀρθῶν
1519 1027 1794 1098 λογισμῶν
1814 1025 1971 1079 ἐκλῦ-

404 1138 492 1174 σαι
514 1122 642 1184 τοὺς
679 1114 880 1184 τόνους.
921 1121 1012 1174 Ἐν
1043 1119 1151 1191 γὰρ
1187 1119 1410 1192 τοιούτῳ
1447 1118 1721 1182 καθεστὼς
1745 1118 1970 1190 χειμῶνι

400 1213 428 1264 6
468 1210 589 1274 νοῦς
638 1211 714 1275 ὡς
761 1209 920 1281 βυθὸς
973 1213 1061 1265 ὁπ’
1096 1211 1118 1241 ⁸
1143 1211 1344 1280 ἀνέμου
1384 1210 1610 1282 σφοδροῦ
1639 1209 1884 1264 Θολοῦται
1909 1209 1970 1262 τὸ

400 1302 667 1376 λαμπρόν,
707 1301 798 1357 Διὸ
831 1307 878 1357 εἰ
918 1305 1005 1356 ἐπ’
1023 1303 1258 1376 ὠφελείᾳ.
1299 1304 1450 1376 ὑμῶν
1484 1305 1862 1376 προσέρχεται,
1894 1303 1968 1375 μὴ

402 1392 555 1463 ὑμῶν
584 1394 710 1457 τοὺς
747 1393 806 1458 ἐξ
850 1393 1070 1465 ἀψύχων
1121 1395 1340 1466 μορφῶν
1389 1395 1565 1465 ἠπίως
1608 1395 1631 1426 ⁵
1658 1395 1969 1466 γινομένους

400 1485 597 1556 φόϐους
641 1484 854 1566 ἐκλύειν
897 1485 1065 1539 δοκῶν
1113 1486 1346 1558 φοϐερὰν
1389 1485 1522 1538 Θεοῦ
1573 1486 1971 1557 ἀντεισφερέτω

400 1568 633 1649 μορφήν.
668 1578 896 1650 Μορφὴν
935 1579 990 1630 δὲ
1026 1578 1138 1649 ἔχει
1175 1578 1306 1641 Θεός
1338 1577 1393 1642 ⁸;
1428 1577 1490 1630 Εἰ
1521 1577 1575 1630 δὲ
1602 1577 1719 1648 ἔχῃ,
1746 1577 1803 1630 ὲν
1838 1579 1970 1648 σχή-

2074 573 2276 628 excidit
2321 572 2586 629 funditus.
2635 576 2811 644 Atque
2847 575 2957 630 haec
2995 576 3140 642 dico,
3170 594 3276 632 non
3317 582 3461 647 quod
3491 581 3636 638 idola

2072 665 2250 720 colere
2285 665 2564 732 suadeam,
2593 666 2685 721 sed
2715 666 2842 735 quia
2870 665 3091 730 Petrus,
3121 669 3248 722 dum
3275 670 3489 726 videtur
3515 673 3637 726 ani-

2073 771 2190 811 mas
2219 767 2428 811 vestras
2451 759 2656 826 eripere
2685 756 3121 812 formidabilibus
3158 760 3456 827 speciebus,
3483 778 3646 816 men.

2071 855 2178 899 tem
2219 846 2651 917 uniuscujusque
2689 855 2930 901 vestrum
2965 847 3273 901 formidain
3305 851 3420 904 idea
3460 853 3644 906 reddit.

2073 939 2386 1006 fanaticam,
2446 939 2611 994 Deum
2666 940 2720 993 in
2771 939 2946 995 forma
2988 941 3358 1006 introducens,
3401 946 3652 1014 eumque‘

2070 1045 2284 1086 summe
2333 1031 2577 1100 justum,
2611 1047 2773 1100 quam
2822 1033 2998 1086 ideam
3055 1032 3299 1102 sequitur
3343 1043 3543 1100 terror,
3580 1047 3642 1090 et

2070 1121 2266 1175 anima:
2297 1122 2584 1190 cogitantis
2615 1122 2834 1187 horror,
2863 1124 3048 1177 valens
3082 1125 3244 1176 etiam
3283 1133 3442 1177 recta:
3470 1125 3634 1179 ratio-

2070 1215 2154 1269 nis
2186 1215 2423 1283 vigorem
2454 1216 2682 1269 solvere.
2709 1215 2766 1269 In
2797 1216 2899 1270 hac
2924 1215 3122 1285 quippe
3151 1215 3389 1284 procella
3414 1215 3645 1271 animus

2069 1305 2399 1361 constitutus
2428 1306 2576 1359 velut
2616 1321 2766 1360 mare
2806 1320 2835 1358 a
2865 1305 3164 1359 vehementi
3204 1315 3364 1358 vento
3391 1302 3634 1359 infusca-

2073 1405 2160 1450 tur
2186 1405 2238 1450 et
2263 1395 2604 1464 splendorem
2630 1394 2823 1464 perdit.
2859 1393 3124 1459 Quocirca
3166 1394 3211 1447 si
3246 1394 3313 1447 ad
3347 1393 3635 1447 utilitatem

2066 1497 2299 1543 vestram
2318 1487 2552 1548 advenit,
2576 1502 2666 1552 ne,
2699 1487 2827 1541 dum
2846 1487 3060 1540 videtur
3087 1486 3307 1539 timores
3334 1493 3545 1540 vestros
3566 1499 3634 1539 ex

2068 1579 2381 1634 inanimatis
2405 1579 2595 1633 formis
2631 1577 2822 1632 leniter
2848 1587 3001 1630 ortos
3039 1577 3332 1643 resolvere,
3367 1576 3421 1629 in
3448 1576 3630 1630 locum

399 1670 530 1741 ματί
559 1671 724 1725 ἐστιν.
774 1673 860 1724 Ἐν
900 1673 1135 1743 σχήματι
1177 1672 1232 1726 δὲ
1263 1672 1338 1725 ὢν
1371 1672 1486 1736 πῶς
1528 1673 1588 1726 ού
1628 1672 1965 1744 περιόριστὸς

2068 1686 2257 1724 eorum
2309 1671 2601 1725 terribilem
2653 1669 2745 1722 Dei
2797 1668 3030 1722 formam
3082 1669 3327 1722 inducat.
3375 1668 3634 1722 An-vero

395 1763 576 1827 ἑστιν;
612 1764 956 1837 Περιόριστος
992 1767 1047 1819 δὲ
1080 1766 1154 1818 ὣν
1186 1767 1242 1818 ὲν
1285 1765 1433 1836 τόπῳ
1477 1767 1638 1819 ἐστίν.
1690 1767 1775 1818 Ἐν
1817 1766 1965 1837 τόπῳ

2070 1765 2212 1821 Deus
2245 1766 2407 1819 habet
2431 1764 2702 1819 formam?
2730 1762 2882 1828 Quod
2919 1763 2965 1815 si
2995 1761 3176 1827 habet,
3203 1760 3255 1813 in
3295 1760 3467 1828 ﬁgura
3499 1773 3634 1813 con-

393 1850 451 1904 at
483 1851 557 1905 ὢν
590 1854 765 1923 ἥττων
795 1856 910 1908 ἐστὶ
941 1856 1033 1909 τοῦ
1067 1857 1407 1928 περιέχοντος
1432 1857 1590 1909 αὐτὸν
1618 1857 1803 1910 τόπου.
1839 1857 1966 1909 ’Ἠτ-

392 1961 503 1998 των
546 1945 602 1998 δέ
634 1965 777 2011 τινος
818 1948 894 1999 ὣν
938 1948 1053 2012 πῶς
1104 1951 1315 2002 πάντων
1347 1949 1513 2017 ,ἐστὶν
1558 1951 1586 2002 ὁ
1626 1948 1645 1979 ⁷
1692 1949 1890 2020 μείζων
1928 1949 1962 2020 ἢ

393 2039 656 2106 κρείττων
687 2038 718 2109 ἦ
749 2037 1051 2104 ἁνώτατος;
1083 2040 1192 2092 Καὶ
1216 2038 1388 2093 ταῦτα
1423 2040 1522 2108 μὲν
1550 2038 1739 2102 οὕτως.

2068 1859 2232 1913 sistit.
2264 1857 2319 1910 In
2350 1859 2518 1926 Iigura
2565 1865 2742 1908 autem
2787 1854 3131 1914 consistens,
3174 1865 3284 1920 quo
3333 1850 3495 1906 modo
3522 1864 3629 1903 non

2067 1959 2149 2004 est
2187 1945 2665 2015 circumscriptus?
2690 1943 2754 1998 Et
2779 1943 3247 2012 circumscriptus,
3276 1942 3329 1994 in
3359 1941 3481 1994 loco
3510 1954 3634 1993 ver-

2069 2047 2238 2090 satur.
2265 2036 2532 2090 Cmterum
2561 2033 2616 2087 in
2659 2033 2778 2088 loco
2800 2033 3101 2095 exsistens,
3131 2031 3309 2084 u'iinor
3338 2041 3420 2083 est
3460 2029 3632 2083 conti-

391 2138 558 2182 nente
603 2130 750 2183 illum
809 2131 949 2185 loco.
1007 2131 1244 2201 Denique
1289 2132 1381 2200 qui
1428 2143 1509 2187 est
1546 2133 1730 2201 aliquo
1789 2131 1991 2200 minor,
2031 2147 2138 2201 quo
2161 2143 2320 2199 pacto
2354 2127 2529 2196 major
2555 2140 2638 2181 est
2669 2127 2944 2190 omnibus,
3000 2132 3094 2178 aut
3131 2123 3500 2192 praestantior,
3538 2134 3631 2178 aut

391 2219 724 2290 supremus?
749 2219 923 2290 Atque
948 2220 1063 2275 haec
1082 2219 1301 2290 quidem
1339 2221 1430 2273 ita.

467 2329 556 2387 Π.
600 2332 718 2385 Ὅτι
753 2331 808 2384 δὲ
849 2331 1063 2402 ἀληθῶς
1102 2331 1220 2384 οὐδὲ
1267 2329 1337 2384 τὰ
1371 2331 1476 2382 ὑπὸ
1517 2327 1611 2382 τοῦ
1633 2328 1956 2382 Διδασκάλου

389 2422 561 2476 αὑτοῦ
593 2422 819 2495 ῥηθέντα
873 2423 1151 2485 πιστεύει,
1197 2422 1428 2493 φανερόν
1479 2423 1644 2474 ἐστιν.
1687 2419 1766 2474 Τά
1805 2420 1962 2492 γὸιρ⁸

389 2515 610 2567 ἐναντία
650 2507 812 2584 αὐτῷ’
827 2513 1106 2586 κηρύσσει.
1148 2513 1382 2567 Ἐκείνου
1413 2512 1522 2582 γὰρ
1553 2513 1794 2576 εἰπόντος
1833 2515 1960 2578 τινὶ,

389 2604 467 2668 ὡς
519 2603 792 2674 μανθάνωο
835 2603 928 2669 Μή
959 2621 1034 2673 με
1073 2601 1214 2670 ,λέγε
1264 2601 1516 2670 ἀγαθὸν.
1548 2603 1579 2652 ό
1607 2606 1716 2669 γὰρ
1743 2601 1962 2669 ἀγαθὸς

389 2695 479 2759 εἷς
505 2695 695 2747 ἐστιν.
742 2693 963 2761 Ἀγαθὸν
1009 2692 1063 2744 δὲ
1109 2691 1275 2744 εἰπὼν
1301 2691 1400 2742 οὐκ
1448 2688 1527 2739 ἔτι
1571 2687 1772 2739 ἐκεῖνον
1813 2686 1962 2755 λέγει

388 2785 482 2836 τὸν
527 2783 765 2846 δίκαιον,
804 2784 862 2836 ὃν
911 2784 966 2835 αἱ
1023 2782 1233 2852 Γραφαὶ
1275 2779 1668 2851 κηρύσσουσιν,
1707 2775 1774 2841 ὃς
1813 2777 1961 2829 ἀπο-

391 2877 607 2930 κτείνει
639 2877 660 2904 ⁹
694 2874 789 2928 καὶ
834 2873 1112 2935 ζωοποιεῖ,
1157 2870 1464 2924 ἀποκτείνει
1496 2868 1594 2938 μὲν
1629 2869 1754 2930 τοὺς
1785 2867 1963 2938 ἁμαρ-

387 2967 690 3029 τάνοντας,
737 2964 986 3028 ζωοποιεί
1045 2963 1102 3015 δὲ
1146 2963 1270 3024 τοὺς
1327 2958 1466 3012 κατὰ
1521 2957 1741 3028 γνώμην
1797 2955 1960 3010 αὑτοῦ

391 3053 654 3130 βιοῦντας.
702 3058 823 3109 Ὅτι
861 3057 916 3108 δὲ
963 3055 1130 3117 ὅντως
1175 3054 1234 3106 ού
1280 3052 1369 3104 τὸν
1403 3048 1735 3120 Δημιουργὸν
1778 3049 1962 3116 ἔλεγεν

391 3153 622 3223 ἀγαθὸν,
655 3151 733 3222 τῷ
761 3148 1100 3220 διανοηθῆναι
1132 3143 1412 3214 δυναμένῳ
1448 3142 1614 3210 σαφές
1652 3143 1813 3194 ἐστιν.
1853 3139 1959 3193 Τοῦ

389 3242 854 3318 γάρΔημιουργοῦ
876 3239 1215 3310 ἐγνωσμένου
1241 3236 1335 3288 καὶ
1352 3233 1428 3304 τῷ
1450 3224 1737 3287 πλασθέντι
1770 3230 1959 3303 Ἀδὰμ,

389 3338 486 3392 καὶ
527 3336 606 3408 τῷ
653 3335 1076 3407 εύαρεστήσαντι
1123 3327 1268 3399 αὑτῴ
1304 3327 1346 3358 ³ο
1391 3327 1589 3395 Ἑνὼχ,
1619 3325 1713 3377 καὶ
1760 3323 1838 3394 τῷ
1869 3324 1960 3375 ὑπ’

390 3426 556 3488 αὐτοῦ
587 3427 782 3496 δικαίῳ
809 3422 1056 3496 ὁραθέντι
1080 3419 1224 3481 Νῶε,
1250 3419 1450 3489 ὁμοίως
1481 3417 1573 3469 καὶ
1594 3415 1672 3486 τῷ
1713 3413 1960 3486 Ἀϐραὰμ

390 3519 556 3592 336
586 3520 679 3573 ml.
720 3515 902 3571 Ἰσαὰκ
944 3516 1038 3568 καὶ
1085 3512 1299 3572 Ἰακὼϐ,
1332 3509 1467 3564 ἀλλά
1507 3509 1598 3561 καὶ
1629 3509 1833 3576 Μωῡσῇ
1868 3507 1961 3558 καὶ

390 3609 505 3681 λαῷ
534 3612 626 3664 καὶ
649 3609 753 3678 ὅλῳ
777 3607 854 3678 τῷ
896 3606 1085 3676 κόσμῳ
1103 3643 1118 3668 ,
1159 3607 1186 3656 6
1219 3599 1532 3661 διδάσκαλος
1561 3595 1723 3650 αὑτοῦ
1753 3597 1959 3668 Πέτρου

403 3698 611 3770 Ἰησοῦς
642 3697 808 3752 ἐλθὼν
835 3698 876 3728 ¹¹
910 3695 1090 3764 ἔλεγεν
1145 3690 1430 3756 ¹²⁹οὐδεὶς
1461 3690 1614 3758 ἔγνω
1646 3686 1750 3740 τὸν
1781 3684 1962 3739 Πατέ-

382 3809 488 3859 pa,
515 3793 566 3843 el
583 3789 667 3858 μὴ
698 3792 729 3842 ὁ
768 3786 918 3852 Υἱὸς,
947 3786 1027 3851 ὡς
1054 3781 1194 3838 οὐδὲ
1217 3781 1324 3835 τὸν
1360 3781 1496 3833 Υἰόν
1530 3797 1617 3844 τις
1647 3776 1807 3830 οἶδεν
1840 3777 1884 3806 ¹³
1908 3779 1961 3830 εἰ

387 3884 474 3954 μὴ
507 3886 540 3937 ό
569 3877 784 3949 Πατὴρ,
817 3877 915 3931 καὶ
944 3877 1034 3942 οἷς
1067 3875 1144 3929 ἂν
1178 3874 1474 3938 βούληται
1506 3873 1538 3924 ὀ
1577 3868 1707 3934 Υἱὸς
1734 3869 1958 3922 ἀποκα-

390 3976 602 4043 λύψαι.
629 3973 692 4026 Εἰ
723 3967 812 4025 οὖν
840 3968 999 4032 αὐτὸς
1029 3967 1158 4030 Υἱὸς
1185 3958 1274 4037 ἦν’
1289 3966 1316 4018 6
1343 3962 1552 4034 παρὼν,
1591 3961 1697 4014 ἀπὸ
1724 3959 1823 4030 τῆς
1859 3961 1958 4013 αύ-

390 4061 488 4118 τοῦ
551 4059 848 4134 παρουσίας
894 4053 975 4120 οἷς
1022 4055 1270 4108 ἐϐούλετο
1317 4052 1407 4104 τὸν
1465 4053 1627 4104 πᾶσιν
1685 4051 1960 4117 ἄγνωστον

392 4154 791 4210 ἀπεκάλυπτεν.
853 4150 962 4202 Καὶ
1006 4148 1177 4210 οὕτως
1229 4148 1344 4208 τοῖς
1401 4142 1508 4214 πρὸ
1565 4140 1727 4196 αὐτοῦ
1795 4141 1959 4192 πᾶσιν

392 4246 665 4317 ἄγνωστος
713 4238 779 4315 ἦν
827 4244 856 4295 6
898 4238 1123 4311 Πατὴρ,
1174 4237 1270 4306 οὐχ
1317 4233 1489 4296 οὕτως
1540 4232 1585 4264 ¹¹⁵
1616 4231 1690 4284 ὢν
1729 4234 1756 4284 6
1797 4231 1959 4283 πᾶσιν

393 4335 749 4406 ἐγνωσμένος.

471 4424 531 4478 ν.
582 4425 693 4478 Καὶ
737 4422 894 4476 τοῦτο
935 4418 1104 4473 εἰπὼν
1149 4415 1355 4488 Ἰησοῦς
1403 4413 1520 4467 οὐδὲ
1571 4411 1732 4473 αὐτὸς
1781 4408 1957 4479 ἑαυτῷ
1990 4436 2032 4489 D

397 4519 690 4592 συμφωνεῖ.
739 4514 936 4570 Ἐνίοτε
969 4512 1076 4584 γὰρ
1108 4511 1292 4573 ἄλλαις
1325 4509 1527 4578 φωναῖς
1554 4504 1660 4557 τῶν
1701 4502 1808 4592 ἀπὸ
1850 4499 1958 4554 τῶν

397 4611 440 4642 ¹³
469 4590 697 4682 Γραφῶν
744 4604 974 4677 φοϐερὸν
1019 4602 1112 4656 καὶ
1149 4600 1353 4653 δίκαιον
1397 4596 1673 4664 συνίστησι
1708 4591 1838 4644 Θεὸν
1875 4590 1963 4644 λέ-

394 4719 534 4772 γων·
568 4700 665 4768 Μὴ
694 4695 989 4769 φοϐηθῆτε
1026 4693 1144 4749 ἀπὸ
1176 4691 1281 4745 τοῦ
1322 4687 1781 4750 ἀποκτείνοντος
1815 4683 1857 4714 ³⁸
1892 4682 1958 4734 τὸ

393 4791 582 4863 σῶμα,
616 4790 690 4860 τῇ
723 4789 790 4844 δὲ
813 4786 984 4858 ψηιχῇ
1020 4787 1060 4817 ¹⁷
1095 4782 1181 4853 μὴ
1226 4778 1562 4845 δυναμένου
1591 4793 1643 4828 τι
1674 4773 1920 4842 ποιῆσαι
1943 4789 1957 4802 ·

395 4860 687 4953 φοϐήθητε
713 4879 780 4933 δὲ
800 4879 906 4932 τὸν
932 4874 1267 4942 δυνάμενον
1291 4869 1388 4922 καὶ
1417 4865 1585 4934 σῶμα
1623 4863 1720 4917 καὶ
1747 4860 1959 4953 ψυχὴν

395 4951 478 5042 etc
523 4973 638 5042 τὴν
683 4972 934 5041 γέενναν
986 4967 1092 5020 τοῦ
1145 4962 1333 5031 πυρὸς
1379 4956 1620 5024 βαλεῖν,
1649 4953 1761 5009 Ναὶ
1804 4951 1960 5021 λέγω

463 5101 489 5129 ι
519 5085 706 5141 Matth.
739 5097 857 5142 XIX,
893 5079 974 5133 Π.

462 5159 492 5198 δ
534 5158 685 5210 Deut.
717 5166 893 5216 xxxii,
926 5149 1014 5203 '59.

2134 2328 2221 2384 iV.
2261 2327 2414 2395 Quod
2448 2336 2627 2380 autem
2658 2340 2784 2379 vere
2814 2339 2987 2394 neque
3023 2339 3144 2394 qua:
3180 2338 3209 2377 a
3241 2321 3499 2392 Magistro
3529 2339 3631 2377 suo

2063 2424 2206 2479 dicta
2234 2431 2361 2478 sunt
2399 2420 2609 2485 credat,
2646 2417 2991 2474 manifestum
3041 2426 3142 2470 est.
3191 2413 3322 2468 Nam
3356 2400 3629 2468 contraria

2064 2517 2113 2571 ei
2145 2515 2418 2586 praedicat.
2465 2499 2682 2567 Scilicet
2725 2509 2832 2574 ille,
2885 2509 3025 2581 sicut
3065 2506 3262 2573 audin,
3295 2506 3510 2560 cuidam
3542 2504 3630 2558 di-

2067 2606 2145 2660 xit
2176 2621 2188 2656 :
2225 2601 2304 2657 Ne
2343 2619 2424 2656 me
2469 2602 2614 2654 dicas
2646 2601 2834 2653 bonum
2866 2641 2880 2665 ,
2923 2600 3082 2652 bonus
3114 2599 3248 2650 enim
3287 2613 3422 2650 unus
3475 2604 3548 2648 est
3579 2607 3626 2647 ι.

2064 2699 2274 2752 Bonum
2315 2711 2445 2751 vero
2474 2697 2646 2761 aiens,
2677 2709 2785 2748 non
2829 2693 3060 2762 amplius
3110 2691 3259 2744 illum
3304 2688 3498 2760 inquit,
3533 2688 3629 2757 qui

2063 2791 2242 2861 justus
2270 2797 2374 2855 est,
2406 2803 2676 2857 quemque
2722 2783 3016 2854 Scriptura:
3054 2783 3366 2853 prredicant,
3411 2779 3501 2849 qui
3532 2793 3628 2833 0c-

2066 2881 2194 2934 cidit
2227 2921 2243 2946 ,
2271 2888 2320 2934 et
2371 2879 2536 2932 vivere
2568 2877 2699 2947 facit
2725 2876 2774 2941 b,
2807 2875 3002 2929 occidit
3040 2874 3254 2942 quidem
3299 2879 3629 2940 peccatores,

2063 2971 2245 3023 vivere
2269 2979 2446 3022 autem
2480 2965 2610 3019 facit
2635 2981 2754 3031 eos,
2781 2963 2875 3032 qui
2898 2963 3197 3017 secundum
3230 2960 3350 3030 ejus
3380 2961 3630 3012 volunta-

2065 3071 2172 3115 tem
2201 3067 2386 3129 agunt.
2415 3056 2586 3110 Porro
2609 3057 2752 3125 quod
2799 3069 2984 3107 revera
3019 3052 3329 3106 Creatorem
3358 3066 3464 3106 non
3492 3049 3631 3104 dixit

2062 3150 2288 3214 bonum,
2313 3148 2362 3201 ei
2385 3147 2476 3216 qui
2505 3145 2703 3216 poterit
2731 3145 3075 3199 considerare
3097 3145 3304 3197 clarum
3332 3143 3453 3196 crit.
3488 3139 3628 3195 Cum

2063 3240 2205 3296 enim
2239 3240 2463 3293 Creator
2486 3245 2646 3290 notus
2676 3234 2838 3288 fuerit
2874 3243 2922 3288 et
2956 3235 3164 3287 Adamo
3193 3233 3286 3303 qui
3319 3231 3386 3285 ab
3413 3245 3479 3284 eo
3516 3229 3628 3283 for—

2063 3341 2242 3387 matus
2287 3339 2390 3395 est,
2417 3339 2468 3384 et
2496 3327 2719 3380 Enocho
2751 3325 2842 3395 qui
2875 3325 2921 3378 ei
2969 3324 3188 3393 placuit,
3217 3331 3270 3376 et
3302 3320 3428 3375 Noae
3453 3321 3547 3389 qui
3575 3323 3626 3376 ei

2057 3426 2242 3496 justus
2264 3439 2384 3478 esse
2410 3421 2678 3492 apparuit,
2708 3417 2960 3473 similiter
2982 3425 3034 3468 et
3057 3414 3388 3479 Alnahamo,
3417 3413 3623 3476 lsaaeo,

2060 3519 2284 3584 .lacobo,
2326 3516 2418 3571 sed
2464 3525 2516 3570 et
2563 3513 2755 3583 Moysi,
2798 3526 2861 3565 ac
2907 3507 3126 3579 populo,
3159 3507 3363 3576 totique
3399 3505 3624 3565 mundo,

2062 3611 2320 3680 magister
2353 3609 2526 3678 ipsius
2570 3605 2737 3670 Petri,
2772 3603 2953 3667 Jesus,
2987 3601 3210 3656 veniens
3236 3598 3373 3652 dixit
3401 3613 3414 3649 :
3457 3593 3629 3650 Nemo

2062 3705 2202 3758 nevit
2230 3701 2468 3765 Patrem,
2501 3700 2606 3754 nisi
2643 3697 2833 3762 Filius,
2859 3696 2998 3749 sicut
3037 3709 3129 3746 nec
3160 3689 3362 3744 Filium
3390 3688 3505 3759 quis
3531 3703 3628 3740 no-

2063 3797 2156 3860 vit,
2186 3795 2290 3848 nisi
2331 3792 2508 3857 Pater,
2540 3799 2588 3844 et
2620 3789 2804 3860 quibus
2846 3785 2954 3838 vult
2988 3783 3162 3837 Filius
3218 3779 3440 3832 revelare
3467 3788 3513 3831 ο.
3567 3775 3633 3831 Si

2061 3901 2212 3958 ergo,
2250 3884 2343 3954 qui
2374 3883 2610 3943 advenit,
2651 3879 2764 3948 ipse
2794 3876 2962 3931 Filius
2992 3883 3127 3940 erat,
3175 3882 3298 3944 post
3337 3873 3495 3927 suum
3532 3872 3628 3926 ad-

2059 3987 2280 4034 ventum
2307 3976 2510 4045 quibus
2551 3972 2722 4026 voluit
2764 3985 2910 4036 eum,
2937 3968 3030 4038 qui
3073 3964 3284 4021 eunetis
3316 3963 3638 4034 incognitus-

2057 4082 2194 4135 erat,
2246 4068 2522 4123 revelavit.
2562 4062 2758 4134 Sicque
2799 4061 3055 4115 Uﬂllllbus
3084 4067 3207 4112 ante
3248 4073 3374 4112 eum
3408 4056 3637 4126 ignotus.

2058 4172 2175 4220 erat
2218 4159 2414 4227 Pater,
2457 4157 2790 4229 proindeque
2829 4168 2938 4207 non
2979 4160 3062 4206 est
3093 4151 3183 4204 ille
3230 4148 3486 4203 omnibus
3528 4161 3624 4202 co-

2058 4256 2259 4328 gnitus.

2129 4391 2194 4445 ν.
2239 4390 2417 4457 Atque
2456 4385 2560 4440 hoc
2603 4382 2789 4436 dicens
2835 4376 2994 4433 Jesus
3044 4391 3220 4445 neque
3275 4375 3389 4444 ipse
3439 4387 3631 4428 secum-

2060 4481 2346 4540 consentit.
2383 4475 2656 4530 Interdum
2684 4471 2828 4527 enim
2868 4469 2989 4525 aliis
3021 4465 3427 4536 Scripturarum
3474 4462 3626 4516 voci-

2061 4577 2162 4631 bus
2191 4571 2490 4627 timendum
2515 4581 2582 4620 ac
2605 4565 2812 4634 justum
2837 4557 3182 4616 commendat
3212 4555 3407 4620 Deum,
3435 4554 3588 4608 aiens
3607 4568 3630 4605 :

2064 4665 2244 4721 Nolite
2270 4663 2449 4715 timere
2477 4674 2616 4719 eum,
2650 4657 2738 4726 qui
2769 4653 2962 4706 occidit
2992 4665 3200 4719 corpus,
3230 4647 3422 4700 anima:
3445 4652 3627 4697 autem

2062 4756 2194 4814 nihil
2222 4760 2388 4825 potest
2420 4751 2612 4820 facere,
2636 4746 2725 4800 sed
2759 4745 2935 4798 timete
2968 4758 3085 4796 eum
3115 4741 3204 4810 qui
3241 4747 3407 4808 potest
3436 4744 3485 4789 et
3511 4751 3629 4788 cor-

2060 4864 2158 4920 pus
2177 4855 2225 4902 et
2249 4844 2480 4898 animam
2500 4839 2556 4892 in
2579 4837 2860 4908 gehennam
2882 4833 3016 4903 ignis
3040 4833 3262 4884 mittere.
3294 4826 3481 4896 Utique
3507 4825 3630 4878 dico

2062 4915 2235 5004 uobis,
2286 4938 2421 4990 hunc
2462 4934 2636 4986 timete
2665 4927 2713 4982 ⁸.
2763 4925 2918 4991 Quod
2953 4935 3134 4978 autem
3193 4936 3321 4976 vere
3364 4925 3509 4973 hunc
3559 4915 3630 4969 ti-

2137 5063 2159 5091 ο
2188 5050 2381 5105 Matth.
2412 5061 2490 5110 ιι,
2514 5043 2605 5097 27.

2136 5123 2162 5164 δ
2189 5119 2380 5176 Matth.
2412 5133 2469 5184 Χ,
2497 5113 2590 5169 ἳ8.

1691 5249 1926 5305 νΑΙίΗΕ
1971 5239 2370 5304 LECTIONES.

463 5376 485 5408 ⁸
511 5371 694 5426 εἰδεῶν
735 5370 795 5423 υ.
874 5366 893 5396 ³
925 5363 1070 5426 εἰδέα
1103 5358 1165 5414 C.
1239 5355 1260 5388 ’⁵
1295 5349 1482 5426 ὑπόκο.
1560 5347 1813 5426 ιξ-ειιγπίους
1949 5343 2086 5426 Tum
2121 5336 2296 5426 recepi

821 5439 841 5468 ‘
869 5420 1120 5496 ὁθεόςὈ
1151 5472 1165 5490 ,
1228 5425 1458 5480 articulo
1491 5419 1710 5490 quidem
1773 5418 2087 5470 subuotato.
2191 5418 2209 5440 ⁷
2252 5418 2287 5477 η

825 5507 869 5552 ὦ
925 5522 1034 5552 01η.
1090 5499 1154 5552 0.
1270 5499 1309 5528 “
1353 5493 1554 5552 Πέτρος
1603 5486 1730 5540 ἱσῶν
1769 5485 1936 5537 ὲλθῶν
1980 5499 2032 5552 p.
2074 5479 2288 5552 μέτρου

400 5445 516 5498 cod.
549 5445 719 5499 deest.

401 5485 893 5582 ὣξὶ.“ἰῖ”ἀετῷ”
925 5485 1048 5559 om:
1090 5485 1165 5554 Ο.⁷
1270 5499 1309 5528 ⁸⁸
1353 5485 1554 5582 Πέτρος
1603 5486 1730 5582 ἱσέν
1769 5485 1936 5537 ὲλθῶν

663 5581 670 5582 ί
1142 5571 1182 5582 ··-
1215 5565 1276 5582 ιν
1700 5557 1794 5582 ηε...
1828 5576 1840 5582 -
1919 5554 1936 5582 τ

2333 5333 2530 5404 φόϐους
2576 5346 2625 5385 c.
2657 5326 2779 5382 eod.
2815 5333 2951 5382 etex
2977 5320 3212 5391 conject.
3266 5314 3349 5381 Ci,
3384 5312 3439 5366 in
3469 5308 3624 5378 cujus

2334 5408 2346 5422 ι
2479 5405 2500 5431 ει
2555 5400 2610 5431 ru
2655 5396 2700 5431 n
2795 5396 2816 5428 ο
2852 5393 3170 5431 Annam-luunt
3217 5385 3263 5431 Ο
3291 5427 3305 5431 -
3361 5391 3416 5431 et
3466 5379 3624 5431 naulc

2191 5385 2527 5477 ῖ’¹ἠ“ο¹.ί”ε’
2555 5400 2612 5454 δέ
2655 5396 2722 5452 0.
2795 5396 2816 5428 ⁹
2851 5385 3170 5450 ἀποκτέννει
3205 5385 3263 5472 .0
3291 5427 3306 5451 ,
3361 5391 3416 5437 et
3457 5385 3626 5503 gauli-

2195 5493 2288 5543 pou
2348 5470 2556 5543 Ἰησοῦς
2585 5467 2752 5543 ἐλθών
2782 5463 2828 5521 0
2871 5483 2886 5532 ;
2926 5451 3509 5543 -_gua:‘qutdetrr‘nvvbm;
3559 5449 3633 5543 Lt-

479 5532 490 5541 .
637 5518 678 5541 ιι
767 5518 820 5544 '-,-
1272 5518 1309 5528 --
1401 5518 1426 5545 ε
1532 5518 1548 5521 ν
1625 5518 1730 5538 υων
1769 5518 1936 5537 ςηυων
2019 5523 2032 5536 .
2082 5518 2184 5532 ..ν--
2230 5518 2286 5529 ν-
2369 5518 2553 5535 "vn,
2587 5518 2739 5524 --η-ν-
2795 5518 2812 5521 -
2873 5518 2886 5532 ,
2969 5518 2982 5534 .
3143 5518 3161 5532 .
3577 5518 3595 5532 ,

405 5527 550 5637 lilii;
594 5526 882 5637 ευιηῗὲξὶςιῗέι
915 5522 1064 5628 ξἰἰὶῖὶ.
1090 5518 1182 5600 υίι
1212 5565 1322 5622 οτι-ο
1648 5518 3626 5637 Bac-neti.3u5'serium.Fﬂ:‘1ﬁ2€£f5¥f‘.‘t’eliciti;

407 5611 550 5637 ιιι-ηιξ]
594 5611 882 5637 animum...
918 5611 1064 5628 δυ’-η
1217 5611 1322 5622 ν-.-
1828 5611 1842 5615 _
1869 5611 1880 5622 ,
2033 5611 2044 5617 ν

407 5654 447 5683 ¹³
477 5651 609 5706 εἶδεν
643 5653 706 5702 tt.
752 5648 881 5701 Dein
920 5643 1173 5714 βούληται
1239 5637 1307 5714 S._
1346 5633 1432 5714 (_)_,
1463 5629 1710 5714 βούλεται
1733 5626 1792 5681 C.
1873 5629 1913 5657 “
1939 5619 2091 5686 οὗτος
2123 5615 2186 5674 0.
2233 5617 2274 5648 "
2302 5615 2393 5668 τόν
2428 5611 2490 5668 Ο.
2570 5612 2613 5643 ⁸⁸

407 5739 456 5792 ιο.
478 5700 626 5794 iii—6E
653 5700 813 5790 ψυχῇ
835 5700 1082 5771 ίυθτιιιιί
1111 5708 1311 5764 inserui
1347 5705 1404 5758 δέ
1439 5700 1494 5758 ο.
1520 5700 1733 5756 eodem.

2652 5589 3067 5668 ἀποέτέννοντος
3095 5602 3161 5658 0.
3241 5589 3282 5635 t"
3324 5596 3422 5651 ἐὖ-ν
3450 5589 3634 5660 ψυχήν
3717 5613 3722 5620 ·
