4048 6146
465 312 567 369 587

1352 311 1407 365 S.
1448 307 1835 363 CLEMENTIS
1870 306 1887 360 ι
1930 304 2092 360 ΒΟΜ.
2133 301 2332 357 PONT.
2371 301 2599 358 OPERA
2637 304 2861 360 ΒΗΜΛ.

3590 305 3693 365 388

469 426 724 479 mendum
753 438 875 479 esse
917 421 1117 478 dixerit
1158 430 1217 473 ut
1261 420 1468 489 justum
1516 419 1705 482 Deum,
1756 417 1821 471 ad
1863 431 2014 486 quem

2126 410 2286 480 ὑμῖν,
2320 410 2534 465 τοῦτον
2568 412 2879 481 φοϐήθητε.
2916 416 3038 471 Ὅτι
3068 418 3124 473 δὲ
3171 419 3341 484 ὅντως
3374 419 3564 475 τοῦτον
3600 440 3695 492 φο-

465 523 523 570 et
559 514 757 584 injuria
783 513 1004 570 aﬂectos
1044 514 1118 566 ait
1161 511 1417 572 clamare,
1450 509 1757 579 parabolam
1810 510 1875 562 ad
1905 524 2027 564 eam

466 620 583 664 rem
617 604 900 675 proferens
927 601 1428 671 interpretationem
1456 600 1755 669 subjungit.
1797 599 1983 653 dicens
2011 616 2024 653 :

466 694 529 754 Sa
561 713 683 767 ergo
720 697 886 765 judea:
933 695 1230 764 iniquitatis
1274 693 1355 745 ita
1395 692 1538 760 fecit,
1563 691 1701 761 quod
1740 690 2027 759 swpissime

466 800 763 860 rogaretur,
788 795 983 857 quanto
1012 786 1180 854 magis
1213 783 1376 838 Pater
1406 784 1562 853 faciet
1601 784 1882 836 vindictam
1911 780 2026 834 cla-

458 881 726 933 mantium
768 878 838 932 ad
881 894 935 932 te
976 877 1061 931 die
1103 893 1165 929 ac
1203 876 1391 929 nocte?
1434 878 1536 942 An,
1566 877 1692 945 quia
1721 877 1925 945 patiens
1947 884 2024 928 est

461 985 587 1041 erga
626 969 765 1033 illos,
796 969 998 1036 putatis
1030 967 1170 1037 quod
1217 984 1318 1037 non
1356 966 1554 1035 faciet?
1590 965 1858 1035 Profecto,
1907 966 2025 1019 dico

465 1062 632 1126 nobis,
687 1061 865 1129 faciet,
908 1070 957 1113 et
991 1061 1096 1112 cito
1122 1071 1170 1113 ιι.
1201 1059 1469 1113 Caeterum
1508 1059 1603 1129 qui
1658 1058 2021 1112 vindicantem

459 1162 515 1207 et
547 1159 978 1206 remunerantem
1026 1151 1157 1205 dicit
1197 1149 1364 1204 Deum
1388 1192 1402 1217 ,
1426 1151 1633 1220 justum
1674 1166 1796 1205 eum
1831 1158 2023 1204 natura

459 1242 776 1307 conﬁrmat,
803 1251 857 1297 et
892 1258 998 1297 non
1035 1243 1259 1297 bonum.
1290 1243 1554 1298 Praeterea
1596 1242 1885 1297 conﬁtetur
1914 1239 2022 1294 Do-

462 1335 610 1390 mino
639 1334 763 1390 caali
808 1342 861 1388 et
902 1342 1058 1389 terra:
1084 1334 1133 1387 δ.
1162 1333 1317 1399 Quod
1368 1334 1413 1389 si
1451 1332 1717 1389 Dominus
1766 1342 1849 1387 est
1900 1330 2023 1387 cteli

458 1435 514 1479 et
545 1435 722 1491 terrai,
749 1424 1055 1480 admittitur
1080 1439 1202 1478 esse
1229 1423 1523 1492 Conditor;
1554 1424 1650 1494 qui
1676 1433 1855 1478 autem
1879 1422 2022 1478 Con-

457 1518 601 1573 ditor
637 1525 742 1583 est,
783 1517 966 1586 justus
1012 1525 1113 1571 est.
1168 1515 1475 1584 Aliquando
1528 1517 1729 1571 bonum
1768 1516 2018 1581 dicendo,

457 1608 753 1677 aliquando
796 1608 1028 1675 justum,
1085 1622 1261 1676 neque
1307 1608 1387 1662 sic
1435 1617 1723 1661 consonat.
1774 1605 2017 1660 Tertium

457 1712 589 1752 vero
616 1698 753 1767 quid
778 1698 997 1767 sapiens
1029 1697 1173 1752 illius
1202 1698 1500 1767 discipulus
1542 1699 1657 1752 heri
1695 1697 2015 1763 aliirmabat,

2128 500 2356 572 ϐηθῆναι
2386 500 2569 569 ἔλεγεν
2600 501 2676 564 ὼς
2699 501 2901 557 δίκαιον
2925 505 3076 571 Θεὸν,
3104 507 3239 579 πρὸς
3278 492 3337 562 ὃν
3363 509 3457 562 καὶ
3480 507 3694 563 ἀδικου-

2130 591 2323 662 μένους
2358 591 2485 662 βοᾷν
2507 590 2674 660 λέγει,
2702 595 3013 665 παραϐολὴν
3046 601 3126 662 εἰς
3167 598 3324 652 τοῦτο
3356 599 3525 654 εἰπὼν
3559 602 3693 657 ἐπα-

2125 699 2212 751 γει
2234 684 2331 753 τὴν
2356 684 2651 755 ἑρμηνείαν
2676 685 2867 755 λέγων·
2895 691 2965 742 El
2993 689 3105 759 οὖν
3135 694 3168 744 ὀ
3201 691 3403 760 κριτὴς
3431 692 3542 760 τῆς
3569 692 3693 747 ἀδι-

2127 776 2259 840 κίας
2302 775 2591 844 ἐποίησεν
2631 778 2837 845 οὕτως,
2888 779 2986 835 διὰ
3028 782 3093 835 τὸ
3126 783 3412 838 ἑκάστοτε
3440 784 3691 853 ἀξιωθῆ-

2124 882 2243 929 ναι,
2279 869 2447 931 πόσῳ
2470 868 2713 936 μᾶλλον
2744 874 2777 924 ό
2804 871 3007 940 Πατὴρ
3036 872 3273 940 ποιήσει
3305 875 3421 944 τὴν
3459 876 3693 945 ἐκδίκηο

2124 972 2227 1036 ονιν
2252 956 2369 1011 τῶν
2388 958 2674 1023 βοώντων
2698 961 2846 1030 πρὸς
2868 962 3054 1016 αὐτὸν
3078 965 3300 1034 ἡμέρας
3327 966 3425 1020 καὶ
3444 969 3694 1036 νυκτός;

2126 1035 2165 1103 ἢ
2223 1050 2265 1081 ’⁸
2282 1049 2378 1103 διὰ
2401 1049 2464 1103 τὸ
2489 1053 2892 1123 μακροθυμεῖν
2919 1055 3104 1110 αὐτὸν
3127 1058 3219 1111 ἐπ’
3240 1060 3441 1126 αὐτοῖς
3467 1035 3694 1117 δοκεῖτε

2123 1137 2215 1193 ὅτι
2243 1141 2315 1194 οὐ
2364 1141 2601 1207 ποιήσει
2611 1158 2631 1207 ;
2679 1144 2791 1198 Ναὶ
2822 1146 2888 1209 ²⁹,
2915 1146 3069 1215 λέγω
3113 1149 3272 1217 ὑμῖν,
3305 1151 3563 1217 ποιήσει,
3595 1152 3694 1207 καὶ

2121 1228 2192 1282 ἐν
2225 1227 2409 1297 τάχει.
2468 1231 2525 1284 '0
2556 1231 2612 1285 δέ
2654 1233 2974 1289 ἐκδικοῦντα
2999 1235 3158 1307 337
3200 1241 3293 1293 καὶ
3318 1241 3691 1312 ’ἀμειϐόμενον

2122 1320 2295 1389 λέγων
2324 1321 2454 1376 Θεὸν
2495 1322 2700 1378 δίκαιον
2744 1326 2904 1380 αὑτὸν
2941 1331 3007 1400 τῇ
3041 1328 3195 1397 φύσει
3242 1333 3571 1404 συνίστησιν,
3597 1335 3691 1388 καὶ

2121 1412 2221 1466 οὐκ
2258 1412 2478 1483 ἀγαθόν.
2516 1416 2636 1469 Ἔτι
2675 1417 2733 1470 δέ
2764 1419 2857 1471 καὶ
2892 1418 2938 1450 ¹⁰
2974 1420 3371 1491 ἐξομολογεῐται
3402 1422 3478 1495 τῷ
3502 1426 3691 1496 Κυρίῳ

2120 1504 2346 1575 οὐρανοῦ
2393 1507 2487 1559 καὶ
2513 1507 2638 1576 γῆς.
2681 1510 2744 1561 Ei
2793 1509 2849 1562 δὲ
2897 1510 3103 1582 Κύριός
3143 1515 3288 1567 ἐστιν
3334 1516 3564 1587 οὐρανοῦ
3597 1518 3691 1569 καὶ

2120 1598 2242 1669 γῆς’
2289 1597 2627 1669 ὁμολογεῖται
2670 1600 3017 1675 δημιουργὸς,
3061 1604 3385 1678 δημιουργὸς
3415 1607 3471 1660 δέ
3502 1607 3577 1660 ὣν
3609 1610 3690 1662 δί-

2120 1689 2274 1753 καιός
2304 1691 2467 1744 ἐστιν.
2495 1690 2632 1744 Ποτέ
2658 1693 2754 1763 μὲν
2777 1695 2976 1761 ἀγαθὸν
2999 1695 3191 1764 λέγων,
3218 1698 3348 1751 ποτὲ
3378 1698 3435 1751 δὲ
3460 1698 3688 1763 δίκαιον,

453 1790 828 1858 operationem
874 1790 1083 1844 visione
1136 1790 1399 1858 potiorem
1446 1804 1600 1854 esse,
1633 1789 1877 1859 ignarus,
1911 1789 2014 1843 evi-

2115 1780 2222 1834 065‘
2242 1779 2413 1846 οὕτως
2460 1788 2753 1855 συμφωνεῖ.
2794 1784 2984 1858 Τρίτον
3022 1786 3078 1839 δὲ
3122 1790 3151 1841 ό
3194 1790 3355 1859 σοφὸς
3391 1790 3553 1843 αὐτοῦ
3583 1807 3688 1861 μα·-

453 1880 693 1935 dentiam
740 1894 900 1949 posse
939 1895 1060 1936 esse
1110 1882 1424 1945 humanam,
1472 1889 1681 1934 certum
1730 1894 1857 1933 vero
1898 1893 2019 1934 esse

454 1972 598 2041 apud
632 1985 842 2040 omnes,
866 1973 1129 2027 visionem
1154 1972 1222 2027 ad
1252 1970 1594 2026 Divinitatem
1619 1972 1906 2041 pertinere.

526 2238 616 2295 Vl.
670 2238 796 2295 Haec
824 2222 986 2309 atque
1031 2238 1115 2293 bis
1157 2237 1309 2308 paria
1336 2279 1351 2305 ,
1384 2236 1581 2303 Petre,
1628 2234 1817 2290 SimOn
1858 2245 2014 2293 extra

449 2343 605 2389 stans
632 2332 761 2387 dum
793 2331 1130 2386 multitudini
1160 2331 1452 2397 edisserit,
1486 2331 1673 2396 plures
1700 2329 1834 2384 mihi
1865 2329 2016 2387 vide-

451 2434 541 2478 tur
566 2424 919 2479 conturbare.
953 2422 1229 2489 Quocirca
1255 2423 1340 2476 exi
1370 2423 1575 2488 statim,
1606 2432 1660 2476 et
1689 2423 1736 2475 vi
1765 2424 2014 2477 veritatis

450 2514 618 2570 falsos
643 2514 765 2584 ejus
800 2515 1040 2569 dissolve
1087 2530 1390 2569 sermones.
1428 2512 1640 2579 Quibus
1679 2529 1710 2567 a
1750 2512 2013 2569 Zacchaao

447 2604 611 2660 dictis
639 2646 654 2670 ,
696 2604 892 2659 Petrus
930 2620 1027 2674 pro
1076 2620 1228 2658 more
1276 2611 1529 2674 precatus
1584 2607 1840 2674 egressus
1872 2615 1969 2681 est
1994 2644 2009 2669 ,

450 2710 691 2764 cumque
722 2698 775 2748 in
813 2695 1003 2749 eodem
1038 2696 1156 2749 loco
1176 2736 1189 2760 ,
1225 2695 1277 2747 in
1307 2709 1416 2763 quo
1443 2693 1713 2762 superiori
1740 2694 1845 2759 die,
1868 2702 2013 2749 'cou—

448 2786 714 2849 stitisset,
756 2800 821 2839 ac
864 2800 932 2839 ex
972 2786 1254 2854 religionis
1304 2786 1701 2839 consuetudine
1750 2787 2008 2855 populum

448 2879 766 2943 salutasset,
800 2876 874 2930 ita
905 2876 1069 2945 cmpit
1098 2876 1249 2945 loqui
1284 2892 1297 2929 :
1334 2874 1599 2931 Dominus
1638 2886 1827 2930 noster
1848 2874 2010 2932 Jesus

446 2969 738 3035 Christus,
788 2976 972 3038 utpote
1007 2983 1170 3022 verus
1213 2966 1482 3037 Propheta
1529 2968 2006 3038 (quemadmodum

448 3061 506 3116 in
535 3071 776 3130 tempore
807 3075 868 3114 ea
896 3076 1117 3129 quoque
1143 3060 1209 3114 de
1240 3076 1298 3115 re
1336 3061 1831 3115 demonstrationes
1877 3060 2008 3115 alfe-

446 3155 612 3224 ram),
644 3154 787 3208 circa
825 3169 910 3217 ea,
934 3169 1057 3222 quae
1089 3153 1154 3206 ad
1193 3152 1473 3205 veritatem
1507 3160 1786 3220 spectant,
1816 3152 2007 3206 breves

446 3245 578 3300 fecit
604 3245 924 3309 sententias,
955 3252 1173 3314 propter
1200 3243 1314 3297 haec
1344 3243 1475 3304 duo,
1498 3242 1757 3311 primum,
1785 3242 1911 3311 quia
1940 3243 2007 3295 ad

444 3334 565 3404 pios
594 3335 942 3403 loquebatur.
968 3335 1202 3387 scientes
1226 3332 1293 3385 ab
1316 3347 1381 3385 eo
1407 3347 1503 3401 per
1528 3331 1850 3384 sententiam
1881 3346 2009 3399 pro-

443 3429 553 3483 lata
604 3429 843 3484 credere.
897 3426 1082 3497 Neque
1116 3428 1261 3480 enim
1315 3440 1456 3478 nova
1503 3432 1663 3477 erant
1708 3425 1777 3477 ad
1817 3438 2005 3477 eorum

418 3522 890 3587 consuetudinem
918 3562 932 3585 ,
968 3536 1089 3589 quae
1117 3520 1461 3573 dicebantur.
1501 3515 1753 3570 Secundo
1783 3525 1961 3570 autem
1988 3559 2003 3584 ,

444 3615 574 3684 quia
606 3615 814 3668 habens
839 3613 1167 3682 praeﬁnitum
1198 3608 1604 3681 praedicationis
1634 3614 1846 3676 tempus
1876 3622 2005 3677 pro-

441 3706 877 3762 bationibusnon
902 3705 1177 3767 utebatur,
1203 3717 1271 3756 ne
1300 3700 1355 3755 in
1385 3714 1667 3755 sermones
1689 3713 1851 3753 omne
1872 3698 2003 3753 illud

441 3806 656 3865 tempus
689 3796 1029 3859 insumeret,
1077 3794 1265 3862 sicque
1296 3791 1344 3846 ei
1390 3790 1747 3859 contingeret,
1789 3799 1849 3844 ut
1876 3791 2002 3845 dum

441 3898 805 3956 occuparetur
835 3887 888 3939 in
917 3882 1459 3953 interpretationibus
1481 3895 1779 3949 paucorum
1807 3881 2004 3934 verbo-

441 3994 586 4039 rum.
616 3994 738 4047 qua:
762 3994 885 4033 cum
918 3976 1102 4029 labore
1134 3974 1302 4028 animi
1335 3983 1561 4043 possent
1588 3973 1844 4045 intelligi,
1873 3973 2004 4027 doc-

441 4070 640 4123 trinam
671 4054 913 4122 veritatis
936 4082 1042 4120 non
1073 4056 1302 4118 multum
1333 4072 1697 4134 promoveret.
1729 4062 1912 4132 Itaque
1934 4061 2001 4117 de

412 4161 642 4230 .quibus
671 4162 887 4215 volebat
917 4157 1335 4229 pronuntiabat,
1371 4168 1429 4210 ut
1453 4156 1655 4227 populo
1683 4155 1880 4210 valenti
1911 4156 1998 4209 in-

443 4252 705 4322 telligere,
741 4268 805 4305 ex
847 4251 1046 4321 quibus
1077 4265 1178 4304 nos
1204 4249 1369 4302 etiam
1409 4264 1633 4315 sumus,
1661 4247 1755 4318 qui
1780 4246 1999 4316 quando

440 4343 516 4414 (id
544 4344 688 4413 quod
720 4358 847 4397 raro
887 4341 1104 4411 accidit)
1146 4341 1214 4395 ab
1238 4355 1304 4394 eo
1331 4339 1476 4394 dicta
1518 4355 1625 4394 non
1666 4337 2000 4409 percipieba-

2104 1870 2284 1951 Om'h;
2317 1874 2471 1944 ἐχθὲς
2499 1875 2542 1905 ²¹
2569 1874 2948 1949 διισχυρίζετο,
2972 1878 3256 1950 ἐνάργειαν
3285 1882 3546 1946 ὀπτασίας
3570 1884 3689 1937 ἰκα-

2115 1964 2353 2036 νωτέραν
2385 1961 2543 2029 εἶναι,
2594 1967 2695 2022 οὐκ
2727 1967 2883 2030 εἰδὼς
2923 1970 3006 2023 ὅτι
3051 1973 3084 2042 ἡ
3116 1972 3372 2044 ἐνάργεια
3400 1975 3446 2005 ⁸³
3476 1974 3687 2048 ἀνθρω-

2115 2055 2241 2108 πεία
2273 2052 2408 2110 εἶναι
2441 2056 2680 2123 δύναται,
2710 2060 2744 2130 ή
2769 2058 2826 2112 δέ
2848 2060 3083 2115 ὀπτασία
3118 2061 3368 2135 θεότητος
3392 2060 3530 2119 εἶναι
3560 2068 3689 2138 ὁμο-

2113 2146 2366 2215 λογεῖται.
2387 2141 2408 2156 ”

2186 2235 2275 2292 Vl.
2306 2238 2491 2293 Ταῦτα
2522 2241 2616 2295 καὶ
2648 2241 2719 2297 τὰ
2741 2241 2951 2307 τούτοις
2982 2244 3140 2316 ὅμοια
3159 2287 3174 2310 ,
3202 2246 3409 2317 Πέτρε,
3441 2247 3470 2299 ὁ
3504 2248 3683 2319 Σίμων

2111 2328 2224 2390 τοῖς
2252 2326 2428 2397 ὄχλοις
2471 2329 2576 2396 ἔξω
2607 2329 2782 2393 ἑστὼς
2814 2333 2908 2385 καὶ
2941 2331 2986 2364 ³³
3023 2332 3435 2405 διαλεγόμενος,
3482 2337 3682 2408 ταράσ-

2114 2434 2226 2470 σειν
2271 2436 2361 2489 μοι
2409 2420 2556 2474 δοκεῖ
2597 2423 2725 2486 τοὺς
2770 2422 3039 2488 πλείονας.
3086 2424 3178 2478 Διὸ
3224 2426 3457 2499 ἐξαυτῆς
3502 2428 3635 2496 ἔξιθι
3661 2466 3681 2493 ,

2112 2508 2367 2579 ἀληθείας
2392 2512 2616 2583 δυνάμει
2640 2515 2768 2578 τοὺς
2794 2515 2958 2569 αὐτοῦ
2983 2516 3199 2586 ψευδεῖς
3225 2519 3432 2573 ἐκλύων
3468 2521 3675 2590 λόγους.

2110 2600 2297 2655 Ταῦτα
2316 2602 2409 2656 τοῦ
2434 2604 2705 2674 Ζακχαίου
2729 2608 2972 2673 εἰπόντος
2994 2613 3021 2663 ὁ
3043 2610 3246 2682 Πέτρος
3268 2612 3513 2683 συνήθως
3532 2614 3682 2679 εὐξά-

2115 2709 2273 2762 μενος
2309 2692 2485 2764 ἐξῄει,
2527 2698 2621 2750 καὶ
2654 2698 2734 2760 εἰς
2769 2699 2861 2753 τὸν
2893 2700 2999 2771 πρὸ
3035 2703 3163 2772 μιᾶς
3187 2703 3349 2756 τόπον
3383 2704 3514 2768 στάς
3535 2744 3551 2769 ,
3584 2707 3680 2760 καὶ

2096 2782 2188 2854 ’τῷ
2220 2784 2320 2854 τῆς
2351 2785 2658 2852 θεοσεϐείας
2688 2789 2798 2843 ἔθει
2831 2792 3275 2865 προσαγορεύσας
3311 2797 3437 2859 τοὺς
3466 2796 3676 2867 ὄχλους,

2107 2873 2201 2926 τοῦ
2242 2874 2419 2943 λέγειν
2465 2876 2665 2949 ἤρξατο
2711 2881 2902 2945 οὕτως·
2954 2884 3181 2956 Ἀληθὴς
3209 2884 3283 2939 ὣν
3325 2889 3609 2960 προφήτης
3649 2892 3679 2942 ό

2109 2960 2312 3032 Κύριος
2338 2963 2492 3032 ἡμῶν
2531 2963 2737 3036 Ἰησοῦς
2763 2969 2993 3039 Χριστὸς
3018 2970 3081 3037 ’⁸,
3124 2973 3200 3036 ὡς
3231 2973 3324 3025 ἐπὶ
3362 2976 3555 3047 καιροῦ
3588 2977 3679 3029 καὶ

2096 3054 2237 3124 ’περὶ
2262 3053 2450 3107 τούτου
2480 3056 2878 3132 πληροφορήσω
2901 3103 2914 3127 ,
2944 3063 3070 3135 περί
3094 3064 3201 3117 τῶν
3221 3070 3290 3138 τῇ
3318 3067 3543 3139 ἀληθείᾳ
3566 3068 3678 3121 δια-

2110 3145 2381 3215 φερόντων
2410 3149 2689 3219 συντόμως
2720 3149 2819 3215 τάς
2842 3152 3156 3222 ἀποφάσεις,
3169 3157 3404 3210 ἐποιεῖτο
3422 3197 3437 3222 ,
3472 3158 3559 3212 διά
3585 3160 3678 3213 δύο

2107 3237 2279 3291 ταῦτα
2305 3238 2370 3302 ’⁸,
2402 3240 2483 3292 ὅτι
2508 3241 2645 3313 πρὸς
2669 3242 2941 3309 θεοσεϐεῖς
2973 3248 3206 3302 ἐποιεῖτο
3230 3249 3322 3302 τὸν
3345 3250 3522 3319 λόγον,
3544 3253 3679 3306 εἰδό-

2105 3346 2204 3391 τας
2244 3328 2313 3383 τά
2355 3331 2625 3401 ἀποφάσει
2672 3334 2764 3386 ὑπ’
2804 3334 2969 3388 αὐτοῦ
3009 3338 3351 3410 ἐκφερόμενα
3378 3343 3673 3396 πιστεύειν

2106 3422 2226 3474 οὐδὲ
2251 3422 2358 3494 γὰρ
2380 3420 2446 3494 ἦν
2480 3423 2604 3489 ξένα
2643 3426 2742 3497 τῆς
2766 3428 2944 3481 αὐτῶν
2978 3431 3266 3502 συνηθείας
3290 3435 3359 3488 τὰ
3388 3436 3671 3507 λεγόμενα.

2106 3514 2364 3586 Δεύτερον
2407 3516 2464 3568 δὲ
2503 3518 2583 3569 ὅτι
2632 3518 2972 3589 προθεσμίαν
3024 3521 3161 3591 ἔχων
3192 3526 3424 3597 κηρύξαι
3466 3528 3543 3599 τῷ
3580 3530 3675 3601 τῆς

2106 3604 2432 3669 ἀποδείξεως
2450 3607 2550 3659 οὐκ
2565 3607 2764 3678 ἐχρῆτο
2779 3608 2940 3680 λόγῳ,
2957 3611 3120 3681 338
3135 3612 3221 3666 ἵνα
3235 3616 3309 3684 μὴ
3325 3617 3405 3679 εἰς
3425 3616 3615 3685 λόγους
3628 3619 3674 3651 ⁸⁸

2104 3693 2192 3748 τὸν
2227 3696 2403 3750 πάντα
2427 3697 2528 3767 τῆς
2572 3699 2913 3771 προθεσμίας
2944 3702 3170 3775 δαπανῷ
3216 3707 3262 3738 ’³
3308 3710 3535 3780 χρόνον,
3581 3713 3675 3767 καὶ

2103 3784 2274 3849 οὕτως
2299 3785 2447 3858 αύτῷ
2474 3787 2828 3860 συμὸήσεταῐ,
2862 3794 2942 3855 είς
2963 3793 3155 3864 ὀλίγων
3208 3796 3379 3867 λόγων
3403 3801 3673 3866 ἐπιλύει-εις
3722 3819 3741 3829 ο

2103 3876 2505 3949 ἀσχολουμένῳ,
2532 3880 2639 3933 τῶν
2664 3881 2769 3935 ὑπὸ
2792 3883 2953 3937 πόνου
2976 3885 3155 3957 ψυχῆς
3176 3891 3411 3965 νοεῖσθαι
3442 3893 3673 3966 δυναμέ-

2102 3987 2228 4034 νων,
2256 3973 2382 4033 τοὺς
2411 3970 2638 4043 ἀληθείᾳ
2663 3972 3022 4047 διαφέροντας
3057 3978 3131 4050 μὴ
3158 3981 3248 4033 ἐπὶ
3285 3982 3468 4036 πλεῖον
3490 3987 3671 4054 εἰσφέ-

2106 4079 2216 4134 ρειν
2249 4063 2295 4093 ⁸⁸
2327 4062 2535 4133 λόγους.
2576 4066 2792 4139 Ἐπειδὴ
2821 4069 2951 4141 περὶ
2986 4065 3060 4124 ὦν
3086 4072 3273 4143 ἤθελεν
3311 4075 3669 4144 ἀπεφαίνετο,

2099 4153 2175 4219 ὡς
2207 4154 2321 4226 λαῷ
2343 4161 2481 4211 νοεῖν
2504 4158 2805 4231 δυναμένῳ,
2847 4162 2939 4230 ἀφ’
2979 4155 3052 4216 ὧν
3086 4165 3252 4234 ἐσμεν
3292 4166 3386 4219 καὶ
3419 4168 3595 4238 ἡμεῖς,
3620 4168 3670 4222 οἶ

2100 4247 2258 4301 ὁπότε
2291 4247 2433 4302 κατά
2461 4250 2523 4303 τὸ
2570 4252 2792 4305 σπάνιον
2835 4254 2935 4306 οὐκ
2976 4256 3274 4327 ἐνοήσαμέν
3299 4274 3351 4309 τι
3374 4258 3420 4289 ¹⁹
3448 4260 3553 4313 τῶν
3578 4261 3668 4313 ὑπ’

2100 4340 2263 4394 αὐτοῦ
2294 4341 2585 4413 ῥηθέντων,
2616 4343 2721 4415 ἰδίᾳ
2748 4344 3178 4416 ἐπυνθανόμεθα,
3208 4348 3285 4421 μὴ
3318 4350 3449 4419 ἡμῖν
3481 4367 3533 4403 τι
3561 4350 3671 4404 τῶν

406 4432 587 4502 "mus,
623 4446 867 4491 seOrsum
904 4434 1355 4500 sciscitabantur,
1389 4448 1458 4487 ne
1491 4432 1623 4502 quid
1656 4447 1846 4487 eorum
1876 4446 2000 4502 quae

2111 4432 2192 4485 ὕπ’
2214 4432 2377 4486 αὑτοῦ
2402 4433 2674 4506 ῥηθέντων
2705 4436 2928 4507 ἀνόητον
2957 4437 3001 4469 ³⁰

434 4528 651 4583 dicebat
680 4527 840 4582 nobis
868 4536 1013 4581 esset
1048 4527 1366 4581 obscurum.

404 4626 411 4633 ‘
507 4615 621 4672 Vll.
655 4617 847 4673 Sciens
878 4633 1041 4687 ergo,
1074 4632 1174 4671 nos
1201 4625 1395 4670 cuncta
1421 4610 1582 4669 abeo
1611 4615 1820 4684 prolata
1861 4630 1995 4685 cog—

438 4725 683 4774 noscere,
710 4726 775 4765 ac
792 4724 953 4780 posse
979 4708 1470 4764 demonstrationes
1490 4708 1752 4777 praebere,
1776 4708 1997 4777 quando

438 4803 586 4857 misit
609 4818 711 4857 nos
734 4802 801 4857 ad
830 4802 1113 4871 imperitas
1145 4807 1353 4871 gentes,
1377 4807 1439 4853 ut
1464 4814 1560 4854 eos
1590 4800 1995 4868 baptizaremus

438 4893 494 4948 in
526 4894 901 4948 remissionem
938 4900 1287 4963 peccatorum
1320 4902 1369 4958 ε,
1405 4892 1681 4962 praecepit,
1735 4900 1795 4946 ut
1846 4892 1997 4960 prius

2160 4616 2270 4672 VII.
2303 4617 2472 4684 Εἰδὼς
2503 4614 2595 4674 οὖν
2619 4623 2764 4693 ἡμᾶς
2789 4624 2965 4677 πάντα
2995 4623 3202 4688 εἰδότας
3228 4624 3269 4656 ⁸¹
3296 4624 3366 4678 τά
3389 4626 3482 4679 ὑπ’
3502 4624 3667 4678 αὑτοῦ

2105 4708 2336 4782 ρηθέντα
2368 4712 2461 4763 καὶ
2504 4709 2603 4773 τὰς
2634 4712 2937 4778 ἀποδείξεις
2960 4717 3262 4784 παρασχεῖν
3303 4713 3665 4784 δυναμένους,

2099 4802 2180 4864 είς
2196 4798 2265 4853 τά
2278 4798 2465 4871 ἅμαθῆ
2486 4799 2611 4872 ἔθνη
2632 4802 2971 4856 ἀποστέλλων
2991 4805 3158 4874 ἡμᾶς,
3179 4803 3454 4874 βαπτίζειν
3472 4806 3668 4870 αὐτοὺς

2102 4894 2183 4956 εἰς
2206 4892 2397 4963 ἄφεσιν
2422 4893 2704 4966 ἁμαρτιῶν
2722 4935 2738 4961 ,
2783 4894 3089 4950 ἐνετείλατο
3132 4898 3262 4968 ημῖν
3295 4896 3558 4968 πρότερον
3584 4897 3665 4950 δι-

506 5099 534 5129 ι
567 5087 698 5145 Luc.
732 5105 887 5154 mu,
918 5089 969 5144 6.
1040 5088 1069 5128 ιι
1096 5087 1281 5143 Matth.
1309 5105 1385 5155 x1,
1408 5088 1498 5143 25.
1577 5100 1600 5130 ο
1630 5087 1821 5143 Matth.
1852 5105 2054 5158 xxvul,
2085 5093 2171 5147 i9.

1730 5308 1966 5366 VARIA‘J
2002 5309 2398 5372 LECTIONES.

504 5444 551 5488 ι’
579 5446 628 5500 εί
688 5444 752 5500 0.
833 5445 874 5479 ι’
916 5443 992 5498 Ita
1022 5441 1070 5498 0
1134 5418 1190 5498 et
1228 5459 1297 5499 ex
1345 5420 1578 5514 conject.
1635 5444 1677 5503 C
1714 5486 1729 5511 ,

433 5520 477 5553 ﬂ
520 5518 644 5588 χθές
784 5514 1239 5588 τυιιιρἐἀργει-αν
1273 5516 1420 5588 conj.
1448 5516 1554 5588 CL,
1580 5517 1637 5568 ἐν

1782 5444 1835 5499 in
1894 5447 2003 5514 cuj.
2043 5456 2192 5503 textu
2254 5449 2368 5500 καί.
2436 5444 2653 5500 Excidit
2706 5461 2793 5513 ap.
2839 5445 2900 5500 Cl
2958 5456 3014 5500 ct
3063 5445 3120 5500 S.

1640 5516 1860 5584 έργειαν
1879 5518 1946 5583 C,
1966 5513 2029 5571 0.

434 5533 477 5553 ι·
520 5533 644 5588 χυες
683 5533 759 5571 u.
786 5533 817 5568 ι
832 5533 922 5569 um
956 5533 1239 5585 εναργειαν
1273 5533 1420 5585 conj.
1448 5533 1554 5580 un,
1580 5533 1946 5640 ενῗργειανυ,
1966 5533 2029 5571 υ.
2146 5533 2189 5549 ³·
2220 5533 2479 5589 εναργεια
2509 5533 2574 5569 ex
2611 5533 2841 5584 conject.
2873 5533 2932 5569 ιιι
2962 5556 2977 5580 ,
3013 5533 3219 5589 ενεργει

432 5590 627 5645 melius
666 5584 991 5657 abe_tset.qAS.
1069 5584 1116 5657 ξ*
1138 5584 1368 5653 Χριστός
1410 5586 1534 5640 add.
1564 5602 1625 5657 _c.
1699 5624 1714 5639 .
1808 5586 1854 5619 ³⁸
1886 5584 2019 5641 Post
2065 5586 2235 5640 ταῦτα
2256 5588 2462 5657 excidit
2510 5586 2742 5657 fortasse
2778 5582 3003 5657 7:903on
3035 5587 3219 5657 μέν.8.

432 5659 477 5691 ’τ
505 5658 718 5727 δαπανᾷ
749 5654 814 5727 (ξ.
866 5654 935 5727 ﬂ“
962 5653 1213 5725 ἐκφέρειν
1233 5725 1241 5727 _
1264 5657 1515 5724 proponit
1555 5655 1613 5711 ὃ.
1693 5657 1737 5689 ¹⁹
1764 5673 1818 5709 τι
1842 5657 2033 5727 deesse
2079 5659 2215 5712 vidit
2240 5656 2280 5727 S
2328 5674 2340 5709 :
2363 5656 2474 5727 jam
2521 5656 2762 5727 accessit,
2789 5653 2854 5709 ex
2884 5653 2948 5727 ο,
2980 5653 3171 5710 Postea
3198 5657 3271 5727 μή

3225 5446 3273 5478 ’⁸
3323 5447 3418 5501 καί
3444 5462 3557 5502 om.
3586 5447 3655 5501 0.

2146 5519 2190 5549 “
2220 5518 2479 5589 ἐνάργεια
2509 5528 2574 5569 ex
2611 5516 2841 5584 conject.
2873 5515 2932 5569 Cl
2962 5556 2977 5580 ,
3013 5518 3259 5589 ἐνέργεια
3277 5516 3417 5577 C.0.
3498 5518 3542 5547 ”
3562 5517 3652 5571 καὶ

2146 5586 2235 5640 ita
2261 5588 2462 5642 excidit
2510 5586 2742 5640 fortasse
2778 5582 2994 5655 πρῶτον
3035 5587 3219 5655 news.
3332 5588 3378 5618 ⁸⁸
3406 5586 3560 5655 λόγον
3588 5586 3651 5641 0.

3296 5672 3346 5711 c.
3391 5658 3651 5713 Credner.

430 5728 599 5783 Beitr.
630 5746 670 5791 ι,
693 5723 836 5793 ὶὶθἸς
863 5725 948 5779 ἵνα
972 5723 1198 5794 uterque
1232 5723 1378 5779 hom.
1415 5727 1564 5793 co.l.,
1606 5727 1692 5780 ἵνα
1725 5727 1796 5799 μή
1819 5725 1966 5797 conj.
1998 5727 2058 5783 C.
2137 5729 2182 5760 ³⁸
2222 5726 2298 5797 μὴ
2326 5723 2552 5797 ἀνόητον
2582 5742 2635 5796 p.
2669 5723 2959 5797 ἀνόητονΟ.
3043 5727 3087 5760 ³⁸
3119 5723 3329 5790 εἰδότας
3361 5728 3543 5781 πάντα
3583 5726 3644 5780 C.
