4040 6146
288 336 397 401 $93

1350 339 1805 397 CLEMENTINA.
1858 372 1927 381 —
1968 338 2250 397 IIOMILIA
2299 338 2458 392 XVII.

3433 338 3539 395 394

289 462 385 519 τοῦ
417 461 677 527 ζωοποιδν
716 463 811 516 καὶ
848 461 1109 533 φρόνιμον
1135 459 1296 533 342
1325 460 1638 514 ἐκτείνουσα
1684 458 1865 529 φύσιν.

1976 458 2155 513 vidam
2190 456 2525 526 protendens
2560 454 2801 508 divinam
2848 464 3120 510 naturam.
3150 451 3264 511 Hoc
3288 454 3451 525 igitur
3471 470 3539 511 ex

288 550 463 612 τοῦτο
491 552 584 611 οὖν
614 555 759 623 τὸ’ὲξ
791 554 955 609 αὑτοῦ
986 554 1319 624 πανταχόθεν
1339 555 1563 626 ἄπειρον
1584 554 1630 585 ⁸⁹
1655 553 1867 622 ἀνάγκη

289 648 431 708 εἶναι
482 650 733 723 καρδίαν,
783 649 903 720 ἔχον
943 648 1036 703 τὸν
1071 649 1239 711 ὅντως
1272 648 1413 719 ὑπὲρ
1446 646 1623 700 πάντα
1648 647 1704 699 ὲν
1739 647 1870 716 σχή-

291 760 443 815 ματι,
469 742 549 806 6;,
579 742 713 795 ὅπου
752 740 870 795 πότ’
896 739 963 794 ἂν
993 735 1050 812 ᾖ,
1084 740 1160 803 ὡς
1189 741 1247 792 έν
1276 738 1487 810 ἀπείρῳ
1515 737 1677 809 μέσος
1699 738 1866 801 ἐστὶν,

285 830 380 883 τοῦ
418 829 622 893 παντὸς
667 829 929 901 ὑπάρχων
961 828 1105 901 ὅρος.
1158 829 1275 882 Ἀπ’
1307 828 1471 881 αὐτοῦ
1503 824 1596 882 οὗν
1626 828 1867 899 ἀρχόμε-

285 938 377 976 ναι
418 922 473 975 αῖ
526 921 838 984 ὲκτάσεις⁶⁶
867 920 925 987 ἐξ
966 921 1285 991 ἀπεράντων
1327 920 1508 991 έχουσι
1547 921 1647 993 τὴν
1682 921 1875 991 φύσινί

288 1002 388 1061 Ὠν
429 1008 459 1061 6
508 1007 606 1079 μὲν
639 1008 733 1061 ἀπ’
762 1008 927 1061 αὐτοῦ
965 1007 1147 1063 λαϐὼν
1176 1010 1276 1080 τὴν
1308 1010 1483 1082 ἀρχὴν
1514 1010 1798 1065 διικνεῖται
1820 1012 1866 1045 ⁸⁸

290 1103 372 1165 είς
407 1100 540 1171 ὕψος
569 1100 701 1166 ἀνω,
730 1102 759 1154 6
788 1100 845 1153 δὲ
875 1103 956 1165 είς
981 1100 1142 1173 βάθος
1178 1103 1351 1166 κάτω,
1386 1106 1415 1158 6
1452 1102 1509 1156 δὲ
1542 1105 1634 1159 ἐπὶ
1664 1104 1866 1171 δεξιὰν,

291 1195 320 1247 ὁ
346 1193 403 1247 δὲ
427 1195 520 1247 ἐπὶ
550 1192 731 1257 λαιὰν,
761 1194 789 1247 6
818 1193 876 1246 δὲ
899 1192 1224 1266 ἔμπροσθεν,
1253 1198 1281 1248 6
1306 1196 1362 1250 δὲ
1393 1195 1633 1260 ὄπισθεν,
1668 1198 1748 1260 είς
1774 1196 1870 1259 οὒς

294 1284 454 1347 αὐτὸς
481 1282 806 1337 ἀποϐλέπων
832 1284 909 1347 ῶς
944 1285 1025 1345 εἰς
1061 1268 1293 1356 ἀριθμὸν
1324 1285 1657 1356 πανταχόθεν
1689 1282 1803 1338 ἴσον
1823 1286 1868 1317 ⁸⁸

288 1379 561 1449 χρονικοῖς
591 1376 651 1442 ἒξ
681 1376 1011 1448 διαστήμασι
1041 1378 1281 1430 συντελεῖ
1300 1378 1345 1409 ⁸³
1376 1378 1467 1431 τὸν
1507 1378 1730 1449 κόσμον,
1767 1380 1868 1432 αὐ-

287 1469 378 1532 τδς
408 1469 715 1532 ἀνάπαυσις
745 1467 820 1522 ῶν
859 1470 954 1523 καὶ
990 1470 1080 1523 τὸν
1125 1470 1379 1541 ἐσόμενον
1430 1469 1655 1542 ἄπειρον
1698 1470 1869 1525 αίῶνα

288 1562 473 1615 είκόνα
494 1560 652 1631 ἔχων,
683 1559 825 1630 ἀρχὴ
854 1558 930 1613 ὣν
962 1560 1056 1613 καὶ
1076 1559 1323 1630 τελευτή.
1350 1561 1446 1623 Είς
1473 1560 1634 1614 αὐτὸν
1666 1561 1774 1634 γὰρ
1800 1562 1870 1616 τά

286 1652 345 1719 ἐξ
395 1653 601 1724 ἄπειρα
648 1651 896 1721 τελευτᾷ,
940 1650 1035 1704 καὶ
1076 1651 1171 1704 ἀπ’
1205 1650 1367 1704 αὐτοῦ
1402 1652 1502 1722 τὴν
1534 1652 1612 1716 είς
1643 1652 1869 1725 ἄπειρον

286 1746 512 1799 ἔκτασιν
534 1745 579 1775 ⁸⁸
605 1742 895 1814 λαμϐάνει.

1969 548 2063 603 illo
2095 548 2343 616 undique
2367 544 2642 600 inﬁnitum
2669 545 2981 599 necessario
3003 552 3088 598 est
3111 559 3226 610 cor,
3265 543 3541 614 habetque

1969 638 2025 692 iu
2069 638 2242 708 ﬁgura
2294 652 2419 692 eum
2470 635 2566 705 qui
2608 650 2735 689 vere
2772 643 2968 690 cuncta
3012 645 3264 703 superat,
3297 634 3391 705 qui
3419 634 3542 689 uhi-

1968 744 2187 799 cunque
2212 728 2399 793 fuerit,
2433 728 2583 783 velut
2618 727 2672 781 in
2708 726 2921 781 inﬁnito
2947 726 3160 781 medius
3182 736 3285 788 est.
3321 727 3544 781 univer-

1972 822 2129 892 sique
2152 820 2443 876 terminus.
2471 818 2554 874 Ab
2576 834 2641 874 eo
2662 818 2827 888 igitur
2850 816 3173 887 incipientes
3197 818 3541 874 extensione:

1968 928 2036 966 ex
2070 912 2356 966 immensis
2396 909 2600 964 habent
2643 918 2919 964 naturam.
2956 906 3203 974 Quorum
3249 907 3385 962 alter
3419 908 3545 978 qui-

1968 1002 2116 1065 dem,
2144 1001 2213 1055 ab
2245 1016 2313 1055 eo
2335 1000 2549 1055 initium
2589 998 2887 1069 accipiens,
2918 1004 3169 1068 penetrat
3205 996 3260 1050 in
3300 996 3545 1051 altitudi-

1969 1108 2093 1150 nem
2124 1107 2313 1162 supra,
2341 1092 2477 1146 alter
2507 1106 2638 1145 vero
2664 1091 2719 1145 in
2756 1088 3186 1160 profunditatem
3217 1085 3380 1148 infra,
3408 1087 3546 1141 alter

1969 1186 2039 1241 ad
2081 1186 2366 1250 dextram,
2413 1183 2552 1237 alter
2592 1182 2659 1236 ad
2717 1181 3032 1246 sinistram,
3060 1179 3202 1233 alius
3228 1186 3371 1244 ante,
3406 1179 3545 1236 alius

1968 1288 2136 1343 retro,
2168 1277 2220 1331 in
2257 1292 2397 1346 quos
2424 1276 2541 1345 ipse
2566 1274 2865 1345 respiciens
2888 1283 3147 1343 tanquam
3176 1270 3229 1324 in
3257 1286 3545 1326 numerum

1969 1370 2213 1440 undique
2261 1370 2526 1440 aequalem
2577 1385 2671 1425 sex
2720 1369 2988 1439 temporis
3035 1367 3228 1438 spatiis
3278 1367 3546 1422 mundum

1970 1464 2204 1535 perﬁcit,
2233 1480 2358 1518 cum
2391 1464 2509 1533 ipse
2540 1463 2612 1519 sit
2640 1463 2879 1533 requies,
2907 1461 3270 1534 futurumque
3313 1464 3547 1518 immen-

1969 1572 2090 1611 sum
2120 1555 2379 1611 smculum
2407 1555 2605 1611 haheat
2636 1555 2928 1625 imaginem
2947 1596 2962 1622 ,
2986 1556 3428 1627 principiumque
3475 1553 3547 1611 sit

1968 1664 2034 1702 ac
2064 1648 2210 1703 finis.
2246 1646 2301 1701 In
2342 1662 2465 1702 eum
2506 1646 2775 1716 siquidem
2814 1661 2907 1701 sex
2942 1647 3154 1703 inﬁnita
3185 1648 3464 1712 desinunt,
3492 1655 3559 1701 et-

1969 1742 2038 1795 ab
2064 1755 2131 1793 eo
2150 1738 2419 1793 inﬁnitam
2443 1738 2664 1806 capiunt
2690 1738 3085 1794 extensionem.

358 1839 429 1891 X.
472 1835 642 1889 Τοῦτό
674 1808 823 1889 έστιν
870 1834 1163 1907 ἑϐδομάδος
1196 1836 1510 1906 μυστήριον.
1558 1834 1731 1899 Αὐτὸς
1760 1835 1871 1908 γάρ

2040 1831 2110 1885 Χ.
2140 1829 2255 1885 Hoc
2284 1840 2367 1885 est
2394 1830 2749 1885 hebdomadis
2772 1832 3115 1901 mysterium.
3142 1831 3263 1903 Ipse
3288 1833 3436 1888 enim
3462 1841 3549 1887 est

286 1930 439 1984 ἐστιν
467 1930 499 1999 ἡ
527 1928 635 1981 τῶν
662 1928 799 1981 ὅλων
831 1926 1156 1991 ἀνάπαυσις,
1185 1928 1243 1991 ὃς
1264 1927 1310 1958 ⁸⁸
1334 1931 1448 1991 τοῖς
1480 1929 1537 1981 ὲν
1564 1928 1749 2000 μικρῷ
1784 1946 1873 1999 μι-

290 2020 589 2092 μουμένοις
617 2018 781 2073 αὑτοῦ
824 2018 890 2072 τὸ
925 2018 1069 2089 μέγα
1093 2019 1254 2072 αὐτὸν
1284 2019 1567 2091 χαρίζεται
1612 2020 1694 2083 είς
1739 2018 1873 2073 ἀνά-

287 2130 510 2168 παυσιν.
540 2110 711 2176 Αὐτός
738 2113 854 2165 ἐστι
880 2110 1058 2181 μόνος,
1087 2110 1161 2182 πὴ
1194 2111 1291 2182 μὲν
1314 2111 1682 2181 καταληπτὺς,
1713 2111 1789 2182 τιὴ
1816 2111 1874 2164 δὲ

287 2206 673 2277 ἀκατάληπτος
696 2243 710 2267 ,
761 2203 838 2275 πὴ
886 2203 942 2256 δὲ
995 2202 1300 2273 ἀπέραντος
1322 2203 1387 2266 ⁸⁸,
1427 2203 1528 2266 τὰς
1566 2203 1665 2256 ἀπ’
1707 2202 1873 2255 αὐτοῦ

289 2296 551 2360 ἐκτάσεις
577 2295 714 2366 ἔχων
747 2296 827 2358 είς
853 2293 1097 2366 ἄπειρον.
1124 2291 1310 2355 Οὕτως
1330 2292 1373 2323 ⁸⁷
1399 2290 1507 2363 γάρ
1530 2289 1875 2361 καταληπτός

288 2389 408 2440 ἔστι
460 2386 555 2440 καὶ
587 2385 970 2455 ἀκατάληπτος
992 2423 1008 2447 ,
1056 2384 1223 2452 ἐγγὺς
1252 2382 1345 2435 καὶ⁵
1392 2381 1635 2453 μακρὰν,
1667 2375 1769 2434 ὦδε
1798 2379 1874 2433 ῶν

287 2479 493 2541 κάκεῖ,
546 2476 622 2540 ὡς
667 2474 827 2548 343
888 2475 1047 2545 μόνος
1100 2474 1383 2544 ὑπάρχων.
1419 2472 1529 2526 Καὶ
1574 2470 1665 2525 διὰ
1683 2472 1729 2504 ⁸⁸
1776 2470 1872 2524 τοῦ

290 2568 629 2640 πανταχόθεν
672 2568 902 2639 ἀπείρου
948 2565 1069 2629 νοὸς
1108 2565 1206 2635 τὴν
1256 2565 1543 2636 μετουσίαν
1584 2564 1756 2634 έχων,
1807 2566 1874 2636 ἢν

290 2662 512 2715 πάντων
554 2658 917 2713 ἀναπνέουσαι
951 2657 1008 2710 αἱ
1040 2655 1238 2726 ψυχαὶ,
1272 2655 1334 2709 τὸ
1365 2653 1463 2726 ζῇν
1495 2654 1735 2725 ἔχουσινσ
1772 2652 1892 2736 κᾶν,

290 2750 706 2825 χωρισθῶσιτοῦ
733 2748 1002 2821 σώματος,
1027 2748 1124 2801 καὶ
1146 2748 1191 2780 ⁶⁹
1212 2748 1303 2801 τὸν
1327 2749 1407 2811 είς
1428 2747 1588 2801 αὐτὸν
1612 2746 1874 2819 εὖρεθῶσι

293 2843 459 2897 πόθον
504 2840 747 2912 ἔχουσαι,
774 2842 854 2904 είς
876 2841 966 2893 τὸν
992 2840 1156 2893 αὐτοῦ
1186 2839 1387 2893 κόλπον
1420 2838 1698 2910 φέρονται,
1734 2838 1811 2903 ὡς
1826 2840 1877 2872 ⁷⁸

293 2936 357 3018 ἐν
376 2932 789 3005 χειμῶνιῶρας
819 2934 868 2986 οἱ
901 2932 1064 3003 ἀτμοὶ
1104 2930 1211 2984 τῶν
1248 2930 1390 3001 ὁρῶν
1422 2931 1529 2984 ὑπὸ
1558 2931 1603 2962 ⁷¹
1628 2930 1738 2984 τῶν
1780 2928 1875 2983 τοῦ
1914 2936 1929 2949 “

292 3027 448 3097 ἡλίου
491 3025 724 3078 ἀκτίνων
757 3023 1036 3094 ἑλκόμενοι
1077 3021 1333 3094 φέρονται
1370 3021 1507 3092 πρὸς
1539 3020 1700 3075 αὐτὸν
1742 3020 1876 3095 ἀθά-

292 3135 466 3173 νατοι.
494 3119 625 3172 Οῖαν
650 3112 742 3170 οὖν
769 3116 1000 3187 στοργὴν
1029 3114 1309 3169 συλλαϐεῖν
1330 3114 1624 3186 δυνάμεθα,
1653 3113 1748 3167 έάν
1778 3116 1876 3185 τὴν

293 3209 601 3282 εὐμορφίαν
635 3208 798 3262 αὑτοῦ
841 3208 919 3279 τῷ
952 3206 1029 3278 νῷ
1063 3206 1553 3278 κατοπτεύσωμενε
1586 3206 1795 3269 Ἀλλως
1817 3206 1874 3260 δὲ

292 3301 600 3371 ἀμήχανον.
649 3297 927 3351 ’Δδύνατον
960 3296 1069 3370 γὰρ
1102 3296 1296 3361 κάλλος
1319 3297 1446 3351 ἀνευ
1477 3298 1689 3369 μορφῆς
1713 3294 1873 3359 εἶναι,

292 3392 393 3445 καὶ
434 3391 571 3463 πρὸς
611 3390 703 3445 τδν
743 3389 909 3444 αὐτοῦ
951 3388 1130 3461 ἔρωτα
1173 3388 1507 3443 ἐπισπᾶσθαι
1540 3406 1693 3453 τινα,
1723 3389 1755 3460 ἢ
1780 3389 1876 3444 καὶ⁵

289 3484 472 3538 δοκεῖν
498 3482 628 3537 Θεδν
653 3483 785 3555 ὁρᾷν
818 3478 953 3546 εἶδος
977 3483 1076 3535 οὐκ
1102 3482 1312 3553 ἔχοντα.

364 3577 464 3629 XI.
507 3573 669 3639 Τινὲς
696 3575 754 3628 δὲ
787 3574 887 3644 τῆς
912 3573 1169 3645 ἀληθείας
1195 3572 1463 3645 ἀλλότριοι
1495 3573 1665 3637 ὄντες,
1694 3573 1786 3627 καὶ
1807 3576 1874 3645 τῇ

292 3667 466 3739 κακία
506 3665 948 3737 συμμαχοῦντες,
994 3666 1262 3736 προφάσει
1293 3665 1598 3733 δοξολογίας
1629 3664 1878 3736 ἀσχημά-

292 3782 479 3819 τιστον
514 3763 676 3817 αὐτὸν
712 3762 983 3830 λέγουσιν,
1014 3762 1101 3815 ἵνα
1149 3760 1393 3832 ἄμορφος
1438 3761 1532 3814 καὶ
1577 3761 1813 3826 ἀνείδεος
1831 3762 1878 3793 τ’

294 3856 369 3909 ῶν
408 3853 595 3926 μηδενὶ
627 3853 820 3925 ὁρατὸς
871 3848 927 3924 ᾗ,
956 3852 1105 3913 ὅπως
1139 3852 1211 3923 μὴ
1241 3850 1605 3922 περιπόθητος
1631 3850 1874 3921 γένηται.

284 3944 446 4008 ’Νοῦς
488 3943 597 4015 γὰρ
637 3939 776 4005 εἶδος
819 3942 918 4012 οὐχ
968 3940 1109 4014 ὁρῶν
1142 3941 1277 3994 Θεοῦ
1322 3941 1476 4004 κενός
1513 3943 1660 3994 ἐστιν
1692 3940 1874 3993 αὑτοῦ.

295 4036 425 4099 Πῶς
453 4034 513 4088 δὲ
535 4034 582 4065 ⁷⁸
606 4034 699 4086 καὶ
722 4030 939 4103 εὖχεταί
969 4049 1074 4096 τις,
1106 4031 1206 4084 οὐκ
1230 4030 1368 4101 ἔχων
1397 4030 1533 4102 πρὸς
1553 4032 1673 4084 τίνα
1711 4048 1879 4085 κατα-

302 4126 469 4197 φύγῃ,
512 4124 592 4187 είς
619 4123 739 4175 τίνα
784 4122 969 4193 ἐρείσῃ
990 4121 1066 4184 ’⁸;
1101 4120 1420 4174 ἀντιτυπίαν
1460 4120 1567 4192 γὰρ
1604 4121 1703 4173 οὐκ
1742 4120 1879 4190 ἔχων

297 4220 377 4281 είς
398 4215 557 4271 κενὸν
582 4213 995 4285 ὲκϐαθρεύεται.
1024 4213 1159 4275 Ναὶ,
1188 4213 1370 4282 φησὶν,
1397 4212 1458 4264 06
1490 4213 1595 4283 χρὴ
1623 4212 1755 4265 Θεὸν
1787 4230 1879 4283 φο-

298 4308 532 4369 ϐεῖσθαι,
561 4305 699 4359 ἀλλά
722 4306 958 4375 ἀγαπᾷν.
988 4306 1132 4376 Φημὶ
1158 4302 1333 4372 κάγώ.
1373 4302 1530 4357 Ἀλλὰ
1554 4303 1712 4355 τοῦτο
1740 4321 1881 4375 παρ-

300 4401 407 4467 έξει
451 4399 692 4469 ἑκάστης
737 4398 985 4461 εὐποιίας
1036 4395 1429 4466 εὐσυνειδησία.
1480 4396 1544 4449 Ἦ
1576 4395 1633 4448 δὲ
1668 4395 1881 4448 εὐποιία

1969 1931 2294 1980 cunctorum
2327 1923 2567 1992 requies,
2615 1922 2710 1992 qui
2752 1932 2807 1978 et
2855 1923 3201 1979 imitantibus
3245 1924 3298 1979 in
3347 1924 3547 1994 exiguo

1972 2031 2231 2086 magnum
2265 2014 2386 2084 ejus
2417 2029 2557 2084 opus
2586 2030 2646 2070 se
2677 2014 2732 2069 in
2765 2016 3067 2085 requietem
3103 2016 3289 2069 donat.
3318 2014 3441 2085 Ipse
3461 2023 3549 2069 est

1972 2108 2155 2174 solus,
2190 2107 2357 2162 modo
2390 2107 2613 2176 quidem
2663 2108 3216 2177 comprehensibilis,
3250 2107 3415 2163 modo
3456 2107 3545 2161 in-

1972 2199 2509 2269 comprehensibilis,
2538 2200 2705 2254 modo
2738 2199 2856 2254 sine
2884 2200 3170 2263 limitibus,
3197 2201 3548 2257 extensione:

1972 2307 2104 2347 suas
2134 2292 2341 2346 habens
2376 2291 2429 2345 in
2465 2290 2761 2346 inﬁnitum.
2787 2288 2902 2345 I'loc
2922 2291 3069 2346 enim
3096 2293 3261 2346 modo
3287 2301 3371 2347 est
3396 2306 3549 2346 com-

1974 2382 2362 2452 prehensibilis
2384 2392 2439 2436 et
2461 2382 3053 2452 incomprehensibilis,
3082 2398 3251 2452 prope
3282 2391 3336 2437 et
3368 2383 3547 2452 longe,

1976 2475 2065 2529 hic
2090 2482 2255 2544 atque
2281 2474 2394 2528 illic
2426 2474 2690 2539 existens,
2718 2484 2780 2529 ut
2808 2475 2901 2545 qui
2928 2475 3080 2530 solus
3113 2475 3205 2529 sit.
3244 2474 3310 2529 Et
3342 2490 3439 2546 per
3470 2474 3551 2530 in-
3580 2478 3585 2481 ⁴

1973 2566 2142 2622 ﬁnita:
2194 2567 2557 2635 undecunque
2614 2566 2814 2621 mentis
2865 2566 3378 2636 participationem,
3438 2583 3549 2638 qua

1975 2667 2298 2714 cunctorum
2339 2657 2508 2711 animi
2556 2656 2860 2726 respirant,
2895 2657 3080 2712 vivere
3116 2658 3353 2725 habent;
3400 2667 3457 2713 et
3499 2658 3549 2714 si

1976 2758 2301 2820 separentur
2334 2763 2365 2802 a
2408 2762 2657 2816 corpore,
2687 2749 2933 2818 atquein
2965 2747 3135 2803 Deum
3174 2764 3418 2804 amorem
3451 2750 3549 2805 ha«

1977 2840 2107 2895 bere
2154 2839 2528 2905 inveniantur,
2575 2839 2631 2893 in
2665 2839 2812 2894 illius
2846 2838 3102 2894 feruntur
3136 2841 3319 2896 sinum
3341 2882 3358 2908 ,
3405 2842 3551 2897 sicut

1978 2930 2209 2984 hiberno
2236 2939 2482 3000 tempore
2511 2945 2742 2997 vapores
2769 2929 3037 2984 montium
3063 2971 3079 2996 ,
3123 2947 3154 2985 a
3200 2932 3333 2987 solis
3380 2932 3551 2987 radiis

1978 3024 2162 3089 tracti,
2201 3024 2269 3079 ad
2298 3038 2423 3077 eum
2459 3022 2712 3078 feruntur
2746 3024 3013 3092 perpetui.
3059 3022 3234 3090 Quam
3261 3040 3392 3095 ergo
3417 3026 3551 3079 cha-

1980 3118 2191 3173 ritatem
2237 3117 2527 3186 concipere
2571 3132 2904 3187 possumus,
2958 3118 3001 3171 si
3048 3118 3368 3186 praeclaram
3402 3118 3551 3173 illius

1979 3209 2209 3264 formam
2236 3219 2417 3264 mente
2444 3210 2755 3264 intuemur!
2790 3209 2958 3262 Aliter
2990 3218 3171 3262 autem
3198 3208 3312 3263 ﬁeri
3337 3210 3546 3279 nequit.

1975 3301 2320 3371 Impossibile
2338 3301 2484 3355 enim
2513 3310 2615 3364 est,
2644 3309 2704 3353 ut
2728 3300 2801 3355 sit
2821 3299 3170 3368 pulchritudo
3202 3300 3324 3355 sine
3349 3298 3549 3361 forma.

1978 3402 2148 3463 utque
2173 3393 2410 3462 aliquem
2448 3392 2514 3445 ad
2540 3392 2627 3445 sui
2649 3390 2997 3447 dilectionem
3028 3391 3328 3462 pertrahat,
3354 3400 3450 3446 aut
3492 3402 3553 3447 ut

1978 3488 2104 3559 quis
2137 3496 2316 3558 speret
2354 3485 2520 3542 Deum
2549 3486 2734 3540 videre
2759 3494 3033 3540 carentem
3069 3484 3266 3542 forma.

2049 3578 2143 3634 XI.
2185 3577 2418 3645 Quidam
2442 3593 2571 3631 vero
2591 3577 2750 3631 alieni
2779 3593 2809 3631 a
2836 3578 3063 3631 veritate
3088 3586 3144 3632 et
3166 3577 3387 3633 malitiae
3412 3577 3550 3633 socii

1977 3682 2240 3743 pratextu
2269 3670 2599 3727 laudationis
2638 3669 2807 3724 Deum
2843 3669 3030 3740 ﬁgurae
3060 3678 3335 3739 expertem
3372 3669 3548 3733 aiunt,

1972 3777 2040 3823 'ut
2072 3766 2247 3822 forma
2284 3774 2340 3821 et
2374 3764 2556 3834 specie
2588 3779 2812 3829 carens,
2842 3764 3048 3818 nemini
3082 3762 3430 3833 aspectzmilis
3454 3762 3549 3824 sit.

1972 3876 2049 3914 ne
2069 3867 2359 3928 exoptatus
2397 3857 2511 3911 ﬁat.
2539 3855 2691 3911 Mens
2713 3857 2915 3927 quippe
2941 3871 3047 3910 non
3073 3856 3270 3911 intuita
3299 3854 3392 3910 Dei
3426 3870 3552 3925 spe-

1970 3948 2119 4003 ciem
2148 3962 2317 4002 vacua
2339 3946 2432 4001 illo
2461 3954 2562 4000 est.
2593 3943 2662 3998 Et
2682 3960 2790 4015 qua
2818 3945 3031 3999 ratione
3054 3954 3306 4014 precetur
3331 3944 3550 4015 aliquis,

1982 4054 2087 4092 non
2120 4038 2327 4091 habens
2359 4037 2427 4090 ad
2453 4050 2617 4105 quem
2641 4034 2944 4107 confugiat,
2979 4035 3033 4089 in
3067 4051 3226 4106 quem
3256 4036 3554 4091 innitatur?

1972 4128 2116 4184 Nam
2152 4127 2403 4182 renixum
2437 4142 2546 4181 non
2585 4126 2791 4181 habens
2813 4168 2828 4193 ,
2858 4126 2911 4180 in
2949 4126 3101 4180 inani
3145 4126 3397 4182 funditus
3428 4143 3552 4183 cor-

1974 4220 2113 4275 ruit.
2156 4217 2268 4283 Nae,
2314 4216 2532 4287 inquit,
2572 4232 2682 4271 non
2712 4225 2927 4286 Oportet
2960 4215 3129 4271 Deum
3171 4217 3399 4285 timere,
3455 4218 3551 4273 sed

1982 4326 2190 4365 amare.
2232 4309 2450 4364 Fateor.
2480 4306 2682 4364 Verum
2716 4307 2766 4361 id
2802 4306 3083 4377 pmstabit
3119 4308 3552 4376 uniuscujusque

1985 4402 2112 4458 boni
2145 4402 2330 4472 operis
2361 4402 2505 4456 bona
2532 4399 2891 4455 conscientia.
2919 4398 2989 4453 At
3025 4397 3166 4452 bene
3190 4399 3409 4470 operari
3435 4398 3549 4453 orl-

303 4492 462 4565 3“
494 4494 559 4545 ἐκ
581 4489 677 4543 τοῦ
702 4489 981 4559 φοϐεῖσθαι
1004 4488 1232 4557 γίνεται.
1269 4487 1406 4541 Ἀλλ’
1429 4488 1458 4540 ό
1482 4486 1664 4556 φόϐος,
1690 4487 1875 4557 φησὶν,

1984 4503 2074 4548 tur
2105 4510 2169 4547 ex
2204 4494 2422 4548 timore.
2468 4491 2596 4556 Sed,
2642 4491 2738 4553 ait,
2785 4492 2951 4544 timor
2994 4490 3239 4559 percellit
3284 4490 3547 4543 animam.

302 4587 599 4657 ἐκπλήσσει
619 4583 717 4654 τὴν
737 4581 933 4652 ψυχήν.
975 4579 1111 4633 Ἀλλ’
1130 4577 1239 4648 ἐγώ
1260 4597 1399 4650 φημι
1420 4580 1501 4632 ότι
1522 4580 1621 4632 οὐκ
1640 4579 1879 4649 ἐκπλήσ-

305 4694 405 4743 σει,
438 4678 552 4733 ἀλλ’
587 4674 862 4743 ὲξυπνίζει
894 4674 988 4727 καὶ
1017 4672 1351 4743 ἐπιστρέφει.
1391 4672 1552 4734 Ἴσως
1594 4671 1651 4724 δὲ
1698 4670 1874 4742 ὀρθῶς

1984 4584 2187 4638 Contra
2221 4598 2344 4653 ego,
2371 4581 2487 4637 Non
2529 4581 2793 4652 percellit,
2822 4584 3068 4651 inquam,
3096 4590 3151 4635 at
3182 4580 3553 4651 expergefacit

1986 4689 2051 4729 ac
2083 4671 2373 4728 convertit.
2414 4670 2579 4726 Forte
2604 4686 2734 4725 vero
2768 4680 2915 4725 recte
2942 4671 3218 4726 diceretur
3250 4685 3357 4727 non
3386 4684 3552 4740 opor-

1581 4804 1811 4859 V'ARUE
1851 4802 2250 4861 LECTIONES.

369 4944 417 5025 ’ξ
448 4945 628 5025 Aliam
658 4943 824 5025 huius
856 4944 959 4999 loci
990 4943 1490 5025 interpretationem
1549 4944 1831 5025 proposuit
1858 4941 2132 5025 Ncander,
2161 4943 2377 5025 Giton.“
2419 4953 2576 5025 σείει,
2608 4959 2660 5025 p.
2689 4943 2823 5025 59,6.
2857 4942 3385 5025 Inter-pungtenim
3440 4963 3549 5025 non

304 5024 425 5083 post
452 5014 805 5087 καρδίαν,εθ(1

366 5153 602 5208 ίκνυται’
633 5156 688 5208 in
752 5153 939 5220 textu,
999 5163 1058 5208 ut
1098 5153 1160 5207 C.

824 5025 952 5089 post
976 5009 1225 5089 eivat,'_ut
1247 5013 1474 5083 ἄπειρον
1501 5009 1782 5089 praidicati
1810 5014 1987 5067 locum
2024 5015 2284 5089 obtineat.
2345 5013 2402 5070 S.
2450 5009 2514 5089 In
2559 5015 2710 5089 cod._
2740 5009 3107 5089 Ottoboniano
3121 5009 3550 5089 :interpungitur

375 5094 425 5138 st
455 5082 685 5166 ἀπέιρον
713 5093 766 5139 et
795 5084 1036 5157 καρδίαν.
1113 5084 1159 5115 ⁸⁸
1186 5082 1262 5137 Ita
1299 5082 1486 5152 margo
1518 5082 1598 5136 Ci.
1620 5084 1907 5147 ἐκστάσεις
1927 5091 2157 5206 υιριιὸυθ
2210 5084 2365 5140 Ιιοιιι.
2411 5084 2531 5139 cod.

375 5156 576 5206 ἱκνυται
633 5171 688 5206 ιιι
752 5164 938 5206 textu.
999 5163 1058 5206 ut
1098 5153 1160 5206 C.
1260 5154 1309 5190 ⁶¹
1348 5152 1462 5205 ἴσον
1510 5151 1570 5206 C.
1648 5153 1694 5185 ⁸³
1734 5153 2001 5206 συνετέλει
2102 5194 2115 5206 .
2196 5154 2335 5206 “Ita
2376 5152 2421 5206 Ο
2475 5165 2528 5206 et

304 5185 576 5208 υιυινυτιαι
634 5185 688 5208 ιιι
754 5185 939 5220 tum,
1000 5185 1058 5208 υι
1098 5185 1160 5207 υ.
1265 5185 1283 5190 ν
1349 5185 1461 5205 ww
1510 5185 1570 5207 υ.
1734 5185 2001 5207 υυνςνιιΛςι
2051 5185 2115 5209 υ.
2200 5185 2335 5209 "ua
2377 5185 2420 5208 υ
2475 5185 2528 5209 ει
2572 5185 2585 5208 ι

304 5225 360 5294 ⁸⁸7
384 5226 547 5288 ὼςΟ.
580 5224 787 5279 Deinde
812 5225 875 5277 τό
910 5239 960 5279 c.
995 5222 1067 5285 Ο,
1092 5223 1274 5292 utlegi
1302 5224 1420 5294 vult
1461 5222 1730 5294 Nea_nder,
1772 5222 1958 5279 (ἔρωσι.
2002 5234 2165 5294 syst.,
2192 5239 2248 5293 p.
2282 5224 2414 5289 597;
2437 5241 2491 5277 τι
2528 5224 2590 5279 C.

2611 5084 2652 5117 “
2689 5082 2759 5137 ῐσ.
2807 5085 3085 5158 διῖκνεῖται
3122 5084 3167 5140 0
3236 5082 3308 5158 in:
3350 5082 3547 5158 marg"

2102 5194 2115 5208 .
2196 5154 2335 5209 “Ita
2376 5152 2421 5208 0
2475 5165 2528 5209 et
2569 5154 2625 5208 in
2670 5170 2788 5208 mar
2828 5160 2842 5208 .'
2879 5156 2920 5210 C
2950 5196 2964 5220 ,
3000 5154 3255 5209 ἔκστασιν
3286 5157 3339 5209 iu
3373 5152 3546 5215 textu.

2102 5234 2251 5297 τηρ,
2282 5224 2414 5289 597;
2437 5241 2491 5277 τι
2669 5222 2738 5297 _‘_‘
3058 5225 3546 5297 δὲάκατάληπτος,

306 5293 381 5366 πη
413 5287 800 5367 δξᾼάπέραντος
830 5303 1181 5367 accesserunt
1212 5287 1278 5367 ex
1316 5292 1380 5349 0.
1434 5294 1502 5367 _"
1526 5287 1679 5367 οὗτος
1714 5294 1775 5348 C.
1834 5362 1843 5367 Α
1871 5294 1917 5327 ⁸⁸
1943 5287 2057 5348 διά⁷
2073 5287 2257 5367 addidi
2285 5287 2790 5367 auctoregDavisio.
2822 5287 3037 5367 Retinei
3057 5296 3329 5367 vulgatam
3355 5287 3550 5352 lectio;

308 5362 427 5418 nem
452 5362 723 5431 Neaniler,
778 5365 815 5417 l.
846 5379 923 5427 c.,
956 5379 1007 5434 p.
1052 5364 1178 5450 397',
1210 5365 1337 5417 dum
1357 5365 1447 5450 ‘ad
1488 5364 1587 5435 τὴν
1626 5362 1911 5444 μετουσίαν
1930 5365 2142 5444 supplet
2158 5364 2332 5429 διδούς
2370 5364 2427 5418 S.
2461 5364 2667 5419 Deinde
2689 5365 2880 5433 scripsi
2914 5362 3201 5447 μετουσίαν
3237 5366 3374 5447 έχων
3399 5367 3468 5492 ἓν
3491 5383 3547 5421 c.

308 5431 352 5487 0
380 5474 394 5492 .
415 5426 863 5492 μετουσίαν.ἥν(ὶ
891 5474 907 5492 .
941 5450 1247 5492 μετουσιαν,
1274 5428 1307 5492 ἦ
1340 5435 1396 5491 δ.
1429 5443 1651 5488 auctore
1684 5432 1724 5485 D
1753 5476 1768 5492 ,
1798 5450 1891 5492 qut
1921 5443 2083 5488 etiam
2114 5437 2319 5489 mavult
2344 5434 2559 5492 πάντως
2586 5449 2640 5492 p.
2666 5433 2903 5492 πάντων.
2938 5445 3377 5492 interpuncttone
3430 5446 3547 5492 acta

306 5431 352 5487 0
380 5474 394 5496 ,
415 5426 863 5504 μετουσίαν,ἦνο
891 5426 917 5497 ,γ
941 5426 1247 5504 μετουσίαν,
1340 5435 1396 5491 S.
1429 5426 1651 5505 auctore
1684 5432 1724 5485 D
1753 5476 1771 5505 ,
1798 5433 1891 5502 qui
1921 5426 2083 5505 etiam
2114 5426 2325 5505 mavult
2344 5434 2559 5505 πάντως
2586 5426 3377 5505 p.Ang’miovfinterpunctiline
3406 5426 3551 5492 facta

311 5502 426 5576 non
440 5517 562 5574 post
586 5506 644 5559 αί
669 5505 855 5575 ψυχαί,
880 5502 975 5561 sed
1013 5514 1136 5576 post
1158 5502 1511 5576 ἀναπνέουσιν
1531 5503 1931 5576 (ἀναπνέουσαι
1957 5502 2092 5576 ΟΛ)
2118 5503 2161 5576 )γ.
2238 5506 2284 5537 ⁸³
2326 5506 2421 5558 καὶ
2448 5506 2497 5558 εἰ
2520 5502 2599 5559 Ο(
2624 5503 2671 5576 ’ξ
2692 5502 2736 5557 0
2800 5506 2855 5576 in
2878 5522 3048 5576 marg.
3083 5502 3188 5559 “καί
3230 5521 3357 5573 cum
3390 5508 3549 5575 signo

308 5574 375 5647 ad
420 5572 601 5631 locum
652 5572 779 5647 ante
827 5576 903 5638 ὠς
952 5574 1252 5647 referente.
1280 5572 1392 5643 Ego
1437 5572 1729 5647 maluerim
1752 5573 1850 5647 Ad);
1877 5574 1991 5627 καί.
2028 5574 2067 5628 S
2120 5572 2241 5647 'leg.
2288 5585 2475 5630 censet
2505 5574 2770 5647 χειμῶνος
2800 5574 2939 5647 ὥρᾳ.

3046 5576 3091 5609 ⁷⁸
3122 5576 3231 5629 ἀπό
3266 5564 3341 5632 (ΖΓ
3400 5564 3471 5631 εἴ
3489 5576 3550 5631 S.

314 5642 726 5701 Distiuctionem
758 5644 898 5700 forte
931 5642 1349 5715 praeponendam
1374 5659 1495 5699 esse
1541 5644 1659 5715 v‘oci
1685 5643 1963 5715 ἀθάνατοι
2002 5654 2157 5714 putat
2182 5643 2224 5698 C
2254 5684 2269 5706 ,
2301 5655 2363 5699 ut
2393 5642 2861 5715 per'hyperbaton
2896 5642 3180 5701 referatur
3216 5648 3283 5701 ad
3314 5647 3560 5712 animas;

315 5717 390 5793 vel
429 5718 698 5793 virgulam
738 5712 1055 5793 ponendam
1078 5712 1526 5793 postékgdpeym.
1554 5712 1592 5771 S
1642 5713 1789 5793 illam
1811 5712 2061 5769 vocema
2090 5712 2911 5793 librarioﬂuodamascriptam
2943 5732 3076 5793 esse
3092 5717 3368 5793 opinatur.
3401 5716 3458 5771 In
3481 5717 3526 5793 ρ

314 5785 379 5839 ad
419 5782 569 5842 oraui
601 5782 893 5857 νόθα”περὶ
932 5782 1144 5855 μορφῆς
1180 5782 1314 5873 Θεοῦ
1336 5782 1449 5847 {ad
1489 5786 1771 5854 sequentia
1803 5794 2076 5855 spectans.
2151 5786 2197 5818 τ’
2228 5782 2432 5849 ἀνίδεός
2452 5784 2517 5840 0.

568 5882 838 5942 ΡΑτιιοι..
874 5880 994 5939 Gn.
1028 5877 1109 5940 ll.

2595 5786 2643 5819 ⁷³
2676 5785 2790 5851 πῶς
2817 5786 2872 5839 δέ
2902 5804 3012 5841 om.
3037 5786 3102 5841 0.
3130 5785 3142 5787 ’
3178 5788 3224 5820 ⁷⁵
3255 5788 3453 5857 ὲρείσει
3483 5787 3546 5842 0.

3239 5881 3310 5942 13
