4048 6146
497 298 599 366 395
1342 314 1399 368 S.
1440 311 1825 367 CLEMENTIS
1867 310 1887 363 ι
1924 309 2089 365 ROM.
2131 310 2328 365 PONT.
2371 309 2596 365 OPEBA
2638 307 2862 367 DUBIA.
3638 307 3745 361 596

496 431 608 479 tere
642 424 809 479 Deum
845 424 1041 487 vereri,
1070 424 1173 479 nisi
1206 438 1307 479 nos
1332 425 1583 481 homines
1611 425 1783 480 multa
1817 424 1924 481 alia
1956 440 2050 479 me

2166 423 2381 492 ἐλέγετο
2406 426 2480 497 μὴ
2512 424 2623 478 δεῖν
2648 423 2779 478 Θεὸν
2802 422 3104 492 φοϐεῖσθαι,
3135 423 3182 477 εί
3212 422 3286 494 μὴ
3316 420 3486 475 πολλά
3508 420 3669 493 ἔτερα
3693 421 3744 475 οἱ

495 524 773 572 tueremus
806 535 820 570 :
854 517 978 571 dico
1014 525 1195 571 autem
1230 517 1493 573 similium
1537 516 1789 584 insidias,
1832 518 1899 573 ad
1950 518 2050 572 hau

2163 513 2439 586 ἄνθρωποι
2476 514 2834 587 ἐφοϐούμεθα,
2867 515 3010 583 λέγω
3041 516 3096 569 δὲ
3116 516 3161 545 ⁷⁵
3193 514 3293 577 τάς
3319 517 3382 568 ἐκ
3403 514 3511 567 τῶν
3542 514 3746 585 ὁμοίων

495 610 662 675 feras,
707 617 1018 678 serpentes,
1053 607 1314 674 morbos,
1361 609 1737 675 calamitates,
1787 610 2050 665 daemones

2164 605 2477 671 ἐπιϐουλὰς,
2514 607 2594 660 ἔτι
2618 624 2678 660 τε
2711 606 2894 679 θηρία,
2930 605 3153 677 ἑρπετά,
3189 606 3395 669 νόσους,
3422 605 3590 677 πάθη,
3625 606 3741 661 δαί-ι

493 699 708 770 aliaque
731 700 962 753 inﬁnita.
995 698 1100 764 Qui
1127 713 1259 769 ergo
1301 714 1331 752 a
1369 698 1528 754 nobis
1570 701 1829 769 postulat,
1857 708 1918 754 ut
1950 714 2050 754 non

2169 712 2334 766 μονας
2365 697 2459 750 καὶ
2489 696 2623 750 ἀλλα
2649 697 2837 769 μυρία.
2875 698 2935 749 Ὀ
2964 693 3056 751 οὖν
3089 698 3235 768 ἡμᾶς
3263 697 3430 763 ἀξιῶν
3459 699 3535 768 μὴ
3561 696 3743 765 φοϐεῖ-

492 793 783 847 timeamus
816 790 1012 858 Deum,
1039 807 1139 847 nos
1163 792 1229 847 iis
1264 792 1478 856 liberet,
1510 807 1622 861 quo
1649 808 1824 862 neque
1853 808 1919 847 ea
1944 808 2063 848 me-

494 893 738 940 tuamus.
768 882 923 950 Quod
948 883 994 938 si
1024 898 1132 938 non
1167 892 1361 952 potest,
1384 885 1515 954 quid
1557 884 1801 953 impedit,
1828 900 1941 956 quo
1965 886 2063 941 mi-

495 991 598 1030 nus
624 990 720 1044 per
745 989 913 1028 unum
943 988 1069 1045 erga
1100 974 1366 1044 justitiam
1403 976 1656 1030 timorem
1688 976 1837 1032 mille
1868 979 2065 1049 eripia-

492 1085 619 1123 mur
647 1068 973 1132 terroribus,
1006 1076 1061 1123 et
1100 1085 1197 1138 per
1238 1070 1457 1124 brevem
1499 1086 1624 1142 erga
1680 1070 1849 1126 Deum
1899 1074 2060 1130 ﬁdem

492 1156 808 1210 innumeras
830 1164 884 1210 et
903 1165 1119 1211 nostras
1140 1165 1194 1211 et
1219 1158 1449 1212 aliorum
1482 1161 1860 1230 perpessiones
1886 1172 2063 1221 trans-

493 1243 734 1301 feramus
754 1285 769 1309 ,
798 1246 1132 1317 insuperque
1165 1250 1502 1319 accipiamus
1541 1252 1810 1308 bonorum
1852 1271 2063 1311 merce-

492 1335 646 1402 dem,
678 1344 843 1405 atque
876 1346 1096 1407 propter
1125 1338 1378 1393 timorem
1422 1350 1619 1396 cuncta
1667 1342 2061 1413 conspicientis

493 1423 611 1491 Dei,
638 1424 776 1480 nihil
817 1426 946 1481 mali
974 1436 1216 1499 agentes,
1250 1429 1413 1484 etiam
1449 1430 1502 1484 in
1539 1430 1641 1487 hac
1664 1432 1775 1487 vita
1796 1433 2060 1505 degamus

489 1534 613 1574 cum
644 1519 815 1590 pace?

557 1611 675 1669 XII.
718 1610 812 1669 Sic
840 1623 991 1684 grata
1030 1615 1083 1669 in
1114 1630 1306 1671 verum
1338 1615 1629 1673 Dominum
1661 1623 1896 1678 servitus
1926 1623 2060 1678 reli-

487 1720 629 1776 quos
672 1721 884 1763 omnes.
904 1706 959 1761 in
1001 1707 1251 1763 libertate
1275 1711 1600 1777 constituit.
1634 1711 1690 1767 Si
1723 1729 1854 1785 ergo
1884 1725 2060 1785 potest

484 1796 611 1864 quis
652 1795 858 1866 absque
904 1796 1100 1851 timore
1133 1796 1224 1852 Dei
1271 1813 1378 1850 non
1426 1814 1688 1868 peccare,
1726 1816 1794 1855 ne
1841 1801 2052 1858 timeat.

486 1884 639 1942 Licet
660 1888 805 1943 enim
827 1889 1096 1945 charitate
1122 1905 1245 1958 erga
1273 1906 1424 1957 eum,
1449 1892 1594 1960 quod
1621 1892 1723 1961 ipsi
1748 1892 2055 1963 displiceat,

488 1995 597 2033 non
630 1978 830 2036 facere.
864 1980 1098 2047 Etenim,
1132 1992 1193 2036 ut
1223 1982 1501 2049 timeatur,
1536 1984 1802 2055 scriptum
1839 1995 1949 2053 est,
1978 1995 2054 2054 et,

482 2079 544 2124 ut
575 2070 852 2140 diligatur,
885 2082 1216 2142 praeceptum
1252 2082 1363 2137 est,
1397 2088 1507 2142 quo
1547 2074 1925 2145 unusquisque
1954 2091 2054 2145 pro

482 2162 747 2231 temperie
793 2177 893 2217 sua
931 2164 1275 2219 convenienti
1307 2173 1491 2218 utatur
1532 2165 1797 2221 remedio.
1848 2166 2056 2221 Timete

481 2269 618 2324 ergo
656 2254 831 2316 illum,
868 2256 997 2325 quia
1033 2264 1115 2311 est
1142 2256 1344 2325 justus.
1373 2255 1500 2313 Sive
1531 2256 1697 2327 igitur
1727 2259 1906 2326 veriti,
1940 2260 2055 2315 sive

480 2346 794 2417 diligentes,
822 2363 891 2402 ne
918 2348 1174 2417 peccetis.
1208 2346 1429 2403 Utinam
1474 2358 1656 2405 autem
1710 2352 1908 2408 timens
1953 2354 2055 2407 ali-

480 2436 606 2504 quis
644 2437 849 2493 illicitis
887 2439 1281 2508 cupiditatibus
1330 2439 1665 2509 dominetur,
1716 2444 1895 2497 aliena
1941 2458 2052 2497 non

479 2524 786 2593 desideret,
836 2527 1234 2583 humanitatem
1273 2539 1565 2597 exerceat,
1605 2541 1918 2601 temperans
1949 2532 2049 2597 sit,

476 2617 625 2683 jnste
665 2626 809 2686 agat.
856 2616 1028 2671 Video
1070 2619 1216 2673 enim
1260 2619 1554 2676 nonnullos
1595 2621 1649 2674 in
1697 2623 1892 2676 timore
1931 2624 2053 2693 ejus

481 2703 834 2774 imperfectos
887 2705 1123 2775 plurima
1186 2722 1433 2777 peccare.
1502 2706 1687 2780 Itaque
1744 2722 2053 2770 metuamus

482 2793 680 2861 Deum,
712 2810 813 2849 nec
838 2804 1049 2850 tantum
1074 2797 1200 2865 quia
1220 2796 1405 2866 justus
1434 2807 1536 2853 est.
1566 2797 1701 2853 Nam
1734 2800 1932 2870 injuria
1970 2801 2053 2856 af-

481 2886 752 2942 fectoruin
784 2885 1044 2942 misertus
1072 2887 1329 2957 injuriam
1367 2887 1665 2945 inferentes
1690 2892 1869 2959 punit.
1899 2893 2054 2948 Sicut

479 2980 647 3050 igitur
676 2994 819 3050 aqua
849 2979 1149 3051 exstinguit
1174 2980 1374 3049 ignem,
1398 2980 1472 3035 ita
1512 2991 1566 3036 et
1596 2982 1762 3036 timor
1784 2986 2053 3054 cupidita-

2166 785 2289 840 σθαι
2315 786 2465 850 Θεὸν,
2488 788 2691 842 τούτων
2712 791 2861 859 ἡμᾶς
2883 787 3153 860 ῥυσάσθω,
3177 789 3264 842 ἵνα
3290 788 3424 859 μηδὲ
3449 788 3623 843 ταῦτα
3646 807 3743 857 φο-

2163 876 2406 947 ϐώμεθα.
2436 878 2498 930 Ei
2525 878 2580 931 δὲ
2604 879 2665 932 οὐ
2686 878 2928 942 δύναται,
2950 879 3003 932 τί
3030 880 3157 949 ἡμῖν
3184 878 3443 947 φθονεῖ⁷⁴,
3470 880 3551 932 ἐνὶ
3572 879 3742 950 φόϐῳ,

2161 967 2241 1038 τῷ
2262 968 2396 1040 πρὸς
2415 969 2474 1023 τὸ
2496 968 2721 1033 δίκαιον,
2747 970 2952 1042 μυρίων
2968 970 3348 1040 ἀπαλλαγῆναι
3372 970 3571 1039 φόϐων,
3588 970 3739 1024 xui.”

2166 1057 2397 1132 βραχείᾳ
2417 1064 2485 1132 τῇ
2515 1060 2651 1132 πρὸς
2694 1062 2856 1115 αὑτὸν
2892 1062 3071 1115 πίστει
3101 1061 3267 1133 μυρία
3310 1061 3455 1132 πάθη
3493 1063 3587 1114 καὶ
3617 1063 3742 1116 ἐαυ-

2161 1150 2271 1205 τῶν
2298 1152 2391 1205 καὶ
2417 1152 2590 1207 ἄλλων
2639 1152 2984 1224 μετατιθέναι
3026 1153 3246 1207 δυνατὸν
3284 1152 3572 1222 γενέσθαι,
3603 1154 3744 1226 μετά

2160 1243 2253 1296 τοῦ
2300 1245 2393 1298 καὶ
2438 1245 2672 1316 ἀμοιϐὴν
2723 1245 2941 1315 ἀγαθῶν
2997 1245 3420 1319 προσδέχεσθαι,
3466 1248 3559 1300 καὶ
3591 1246 3743 1318 αἰτία

2163 1335 2326 1403 φόϐου
2350 1335 2443 1389 τοῦ
2466 1336 2644 1389 πάντα
2666 1336 2899 1408 ὁρῶντος
2923 1336 3057 1390 Θεοῦ
3087 1337 3251 1408 μηδὲν
3277 1337 3461 1401 κακῶς
3485 1338 3533 1369 ⁷⁸
3566 1337 3743 1409 πράσ-

2164 1443 2356 1490 σοντας
2386 1429 2481 1481 καὶ
2506 1430 2562 1483 ἐν
2594 1429 2671 1499 τῷ
2703 1429 2929 1500 παρόντι
2956 1430 3012 1482 ἐν
3039 1430 3228 1500 εἰρήνῃ
3259 1428 3541 1483 διατελεῖν.

2232 1608 2350 1660 ΧΠ.
2392 1606 2578 1670 Οὕτως
2600 1610 2632 1678 ἡ
2666 1608 2803 1679 πρὸς
2832 1608 2923 1661 τὸν
2950 1607 3116 1671 ὅντως
3142 1609 3418 1680 Δεσπότην
3443 1608 3742 1681 εὐγνώμων

2159 1696 2374 1750 δουλεία
2410 1697 2537 1760 τοὺς
2575 1697 2861 1761 λοιποὺςη
2893 1699 3101 1763 πάντας
3145 1700 3459 1773 ἐλευθέρους
3499 1701 3737 1773 τίθησιν.

2159 1789 2221 1840 Ei
2253 1789 2353 1859 μὲν
2383 1784 2479 1841 οὖν
2507 1806 2615 1843 τινι
2651 1790 2871 1843 δυνατόν
2899 1793 3033 1856 ἐστι,
3058 1792 3186 1846 ἄνευ
3217 1792 3311 1846 τοῦ
3340 1793 3620 1862 φοϐεῖσθαι
3641 1794 3740 1847 τὸν

2158 1880 2292 1933 Θεὸν
2329 1880 2403 1951 μὴ
2449 1882 2782 1954 ἁμαρτάνειν
2807 1922 2821 1944 ,
2874 1883 2948 1955 μὴ
2994 1883 3264 1965 φοϐείσθω
3287 1884 3354 1938 ⁸ο.
3386 1884 3600 1951 Ἔξεστι
3626 1884 3738 1956 γὰρ

2156 1972 2344 2044 ἀγάπῃ
2365 1974 2429 2044 τῇ
2458 1973 2597 2045 πρὸς
2618 1974 2780 2027 αὐτὸν
2805 1976 2833 2027 ὃ
2855 1976 3003 2046 αὐτῷ
3032 1978 3104 2047 μὴ
3129 1977 3257 2048 δοκῇ
3279 1977 3321 2008 ⁸⁸
3350 1977 3424 2049 μὴ
3452 1977 3734 2049 πράττειν.

2156 2064 2267 2116 Καὶ
2291 2063 2399 2135 γὰρ
2441 2064 2745 2135 φοϐηθῆναι
2775 2067 3104 2138 γέγραπται,
3139 2067 3234 2121 καὶ
3266 2068 3488 2139 ἀγαπᾷν
3517 2070 3735 2140 παρήγ-

2155 2155 2367 2223 γελται·
2400 2156 2486 2209 ἵνα
2533 2156 2670 2226 πρὸς
2712 2157 2810 2227 τὴν
2844 2158 3011 2211 αὑτοῦ
3047 2157 3281 2220 ἕκαστος
3312 2160 3508 2229 κρᾶσιν
3542 2158 3736 2227 ἐπιτη-

2154 2244 2280 2316 δείῳ
2320 2249 2591 2319 χρήσηται
2639 2249 2929 2319 φαρμάκῳ.
2971 2248 3224 2301 Φοϐεἰσθε
3251 2243 3343 2302 οῦν
3374 2248 3535 2302 αὐτὸν
3554 2248 3621 2312 ⁸³,
3652 2249 3737 2301 ὅτι

2153 2334 2360 2399 δίκαιός
2394 2337 2562 2390 ἐστιν.
2612 2337 2736 2389 Εἴτε
2768 2337 2929 2408 345
2961 2333 3054 2391 οὖν
3081 2338 3425 2410 φοϐούμενοι,
3449 2338 3558 2392 εἴτε
3599 2339 3738 2408 ἀγακ

2154 2426 2385 2490 πῶντες,
2415 2427 2489 2498 μὴ
2522 2428 2887 2499 ἁμαρτάνετε.
2919 2430 3134 2483 Γένοιτο
3155 2429 3212 2482 δὲ
3253 2430 3584 2501 φοϐούμενόν
3609 2447 3736 2484 τινα.

2153 2516 2356 2587 ἡδονῶν
2376 2518 2591 2588 ἀνόμων
2610 2523 2832 2591 κρατεῖν
2850 2520 3140 2587 δύνασθαι,
3175 2522 3427 2595 ἀλλότρια
3446 2523 3519 2594 μὴ
3542 2523 3739 2577 ἐπιθυ-

2155 2610 2295 2678 μεῖν,
2332 2609 2739 2681 φιλανθρωπίαν
2785 2613 2995 2675 ἀσκεῖν,
3040 2618 3355 2685 σωφρονεῖν,
3408 2616 3733 2687 δικαιοπρα-

2152 2701 2287 2766 γεῖν.
2338 2699 2478 2771 Ὀρῶ
2509 2701 2619 2772 γάρ
2643 2720 2795 2766 τινας
2821 2703 3032 2767 ἀτελεῖς
3056 2704 3135 2774 τῷ
3169 2706 3305 2778 πρὸς
3329 2707 3491 2759 αὐτὸν
3518 2707 3666 2778 φόϐῳ
3684 2708 3735 2738 ³³

2152 2788 2382 2845 πλεῖστα
2420 2794 2851 2865 ἁμαρτάνοντας.
2877 2794 3207 2866 Φοϐηθῶμεν
3233 2793 3325 2850 οὖν
3349 2798 3437 2850 τὸν
3461 2797 3616 2863 Θεὸν,
3656 2799 3732 2870 μὴ

2155 2877 2314 2949 μόνον
2358 2881 2442 2933 ὅτι
2479 2882 2687 2947 δίκαιός
2721 2878 2905 2938 ἐστιν.
2937 2884 3132 2938 Ἐλεῶν
3172 2886 3279 2959 γὰρ
3309 2890 3436 2952 τοὺς
3469 2888 3735 2960 ἠδικημέ-

2152 2984 2278 3033 νους
2319 2976 2554 3043 τιμωρεῖ
2594 2974 2721 3037 τοὺς
2767 2975 3113 3045 ἠδικηκότας.
3173 2977 3258 3040 Ὡς
3302 2973 3395 3031 οῦν
3444 2978 3587 3049 ὕδωρ
3619 2977 3732 3048 πῦρ

480 3079 587 3125 tem
614 3070 885 3125 malorum
908 3070 1121 3124 evertit.
1148 3068 1250 3135 Qui
1278 3069 1493 3125 timoris
1515 3072 1842 3127 vacuitatem
1868 3075 2049 3142 docet,

2155 3060 2457 3129 σϐέννυσιν,
2492 3063 2664 3129 οὓτως
2707 3065 2802 3118 καλ⁹
2837 3066 2997 3135 φόϐος
3029 3068 3127 3137 τὴν
3173 3068 3282 3122 τῶν
3324 3070 3511 3123 κακῶν
3538 3071 3731 3123 ἐπιθυ-

479 3176 657 3232 neque
702 3161 819 3230 ipse
861 3161 1049 3223 timet;
1092 3160 1186 3230 qui
1225 3175 1357 3216 vero
1387 3176 1497 3216 non
1536 3162 1725 3229 timet,
1759 3180 1934 3235 neque
1956 3165 2051 3236 ju-

475 3253 680 3308 dicium
722 3251 838 3306 fore
872 3252 1086 3317 credit,
1135 3252 1465 3322 cupiditates
1492 3262 1678 3325 auget,
1712 3272 1906 3328 magus
1941 3266 2050 3327 est,

475 3345 617 3401 alios
639 3344 697 3399 in
725 3343 816 3410 iis,
845 3358 968 3415 quae
994 3342 1111 3414 ipse
1134 3341 1285 3408 facit,
1310 3344 1657 3403 criminatur.

545 3518 683 3574 Xlll.
723 3517 818 3577 His
840 3519 1062 3583 auditis,
1092 3519 1282 3575 Simon
1324 3520 1728 3592 inter-rumpens
1772 3522 1890 3579 ait:
1920 3522 2049 3580 Scio

474 3613 543 3667 ad
569 3627 731 3683 quem
763 3612 864 3666 ista
892 3612 1043 3667 dicas
1072 3630 1086 3666 :
1122 3612 1216 3666 sed
1243 3627 1309 3666 ne
1337 3628 1437 3681 ego
1468 3613 1656 3669 eadem
1686 3613 1753 3669 ad
1780 3624 1832 3669 te
1860 3615 2048 3669 redar-

472 3706 747 3777 guendum
780 3704 1009 3773 loquens
1037 3711 1250 3774 tempus
1278 3704 1587 3775 impendam
1623 3705 1676 3759 in
1701 3720 1824 3775 quae
1854 3706 2044 3771 nolim,

473 3798 542 3853 ad
574 3796 733 3852 nobis
762 3796 982 3850 definita
1007 3796 1294 3865 responde.
1324 3794 1601 3853 Gloriatus
1634 3811 1717 3864 es,
1740 3813 1806 3853 ac
1836 3797 2045 3865 dixisti,

473 3897 527 3943 te
552 3888 767 3943 abunde
790 3886 1089 3956 intelligere
1112 3885 1353 3956 Magistri
1381 3888 1457 3942 tui
1489 3904 1596 3956 res,
1622 3889 1882 3959 quoniam
1906 3905 2048 3960 prae-

472 3995 601 4035 sens
646 3978 831 4034 vidisti
877 3993 943 4033 ac
983 3977 1209 4032 audiisti
1248 3993 1372 4032 eum
1405 3980 1700 4044 evidenter,
1743 3995 1843 4037 nec
1884 3995 2045 4052 posse

470 4069 780 4138 quempiam
812 4068 979 4123 alium
1004 4066 1184 4123 simile
1214 4070 1343 4139 quid
1375 4086 1470 4140 per
1502 4080 1778 4140 spectrum
1822 4083 1919 4128 aut
1960 4074 2043 4126 vi-

471 4163 681 4217 sionem
711 4162 1095 4230 habere.Quod
1119 4178 1252 4220 vero
1281 4164 1385 4218 hoc
1417 4162 1616 4217 falsum
1637 4158 1709 4218 Sit
1731 4163 2039 4221 ostendam.

470 4254 578 4321 Qui
628 4255 775 4311 clare
823 4254 976 4309 audit
1005 4255 1268 4324 aliquem,
1309 4269 1417 4309 non
1447 4254 1598 4308 omni
1631 4269 1697 4309 ex
1730 4263 1885 4324 parte
1911 4271 2041 4325 per-

469 4348 732 4402 suadetur
754 4346 821 4401 de
854 4346 1036 4402 dictis.
1067 4345 1241 4401 Habet
1269 4346 1414 4401 enim
1446 4360 1603 4401 mens
1628 4345 1748 4416 ejus
1775 4346 2035 4418 cogitare,

2158 3156 2287 3227 μίαν
2312 3158 2546 3229 ἀναιρεῖ.
2589 3158 2645 3210 '0
2672 3158 2900 3227 ἀφοϐίαν
2941 3144 3205 3214 διδάσκων
3232 3162 3338 3215 οὐδ’
3362 3163 3524 3227 αὐτὸς
3551 3165 3734 3234 φοϐεῖ-

2152 3265 2265 3312 ται,
2290 3250 2318 3302 6
2342 3248 2397 3301 δὲ
2421 3249 2493 3320 μὴ
2520 3248 2849 3319 φοϐούμενος
2872 3249 2994 3302 οὐδὲ
3019 3249 3199 3322 κρίσιν
3218 3250 3433 3305 ἔσεσθαι
3464 3255 3728 3318 πιστεύει,

2149 3338 2250 3402 τὰς
2275 3338 2568 3409 ἐπιθυμίας
2601 3339 2775 3405 αὔξει,
2809 3339 3035 3410 μαγεύει
3060 3378 3076 3406 ,
3112 3340 3301 3405 ἄλλους
3325 3343 3409 3412 ἐφ’
3441 3341 3522 3409 οἷς
3568 3347 3730 3408 αὐτὸς

2150 3430 2386 3502 πράσσει
2414 3430 2709 3484 διαϐάλλει.

2223 3518 2363 3573 ΧΙΠ.
2406 3519 2590 3573 Ταῦτα
2627 3522 2657 3574 6
2694 3521 2873 3592 Σίμων
2900 3522 3110 3576 ἀκούων
3138 3522 3403 3594 ἐπικύψας
3432 3525 3532 3598 ἔφη
3557 3545 3570 3558 ·
3598 3524 3729 3583 Οἶδα

2148 3611 2286 3681 πρὸς
2330 3611 2452 3664 τίνα
2495 3611 2666 3665 ταῦτα
2709 3612 2908 3681 λέγεις,
2936 3613 3051 3667 ἀλλ’
3085 3616 3172 3669 ἵνα
3204 3616 3277 3687 μὴ
3303 3617 3464 3681 αὐτὸς
3489 3618 3559 3671 τὰ
3588 3621 3729 3674 αύτά

2146 3708 2318 3776 λέγων
2360 3709 2496 3780 πρὸς
2532 3708 2593 3761 τὸ
2620 3708 2860 3779 ἐλέγχειν
2896 3727 2954 3763 σε
2985 3709 3203 3763 δαπανῶ
3240 3712 3331 3765 τὸν
3370 3714 3559 3784 χρόνον
3585 3716 3664 3779 είς
3693 3715 3729 3768 ά

2149 3800 2224 3870 μὴ
2245 3798 2401 3862 θέλω,
2426 3800 2563 3870 πρὸς
2586 3799 2655 3853 τά
2673 3800 2954 3871 ὁρισθέντα
2979 3803 3108 3871 ἡμῖν
3130 3802 3417 3872 ἀπόκριναι
3440 3805 3508 3857 ⁸⁸.
3526 3806 3727 3877 Ἑπηγ-

2143 3890 2328 3959 γείλω,
2363 3890 2563 3953 ἱκανῶς
2600 3891 2910 3961 νενοηκέναι
2954 3908 3012 3944 σε
3050 3892 3119 3945 τὰ
3144 3892 3238 3945 τοῦ
3268 3894 3597 3950 Διδασκάλου
3628 3914 3726 3951 σου

2144 3980 2335 4051 λέγων,
2370 3981 2457 4035 διὰ
2488 3982 2548 4034 τὸ
2576 3984 2817 4053 παρόντα
2844 3984 3099 4055 ἐναργείᾳ
3116 3984 3161 4015 ⁸⁸
3195 3987 3327 4055 όρᾷν
3371 3987 3466 4040 καὶ
3505 3988 3726 4044 ἀκούειν

2142 4074 2327 4139 αὑτοῦ,
2358 4075 2451 4128 καὶ
2500 4074 2673 4147 ἑτέρῳ
2719 4076 2826 4127 τινὶ
2866 4076 2939 4146 μὴ
2991 4074 3208 4128 δυνατὸν
3257 4072 3395 4129 εἶναι
3426 4078 3658 4149 ὁράματι
3687 4079 3723 4150 ἦ

2141 4166 2374 4238 ὀπτασίᾳ
2417 4165 2562 4236 ἔχειν
2598 4166 2660 4219 τὸ
2697 4166 3029 4236 ὅμοιον.”υτι
3060 4168 3116 4220 δὲ
3147 4168 3305 4220 τοῦτο
3332 4168 3525 4238 ψεῦδός
3550 4158 3721 4236 ἔστιν,

2138 4258 2315 4324 δείξω.
2335 4259 2390 4313 '0
2423 4258 2667 4332 ἐναργῶς
2695 4258 2907 4312 ἀκούων
2943 4259 3086 4323 τινὸς
3112 4260 3172 4313 ού
3193 4261 3333 4314 πάνυ
3363 4262 3722 4333 πληροφορεί-

2139 4366 2228 4402 ται
2263 4349 2356 4402 ἐπὶ
2380 4352 2493 4412 τοῖς
2522 4349 2852 4419 λεγομένοις.
2865 4350 3015 4419 Ἔχει
3045 4350 3153 4422 γὰρ
3181 4354 3209 4404 6
3234 4352 3358 4416 νοῦς
3388 4352 3549 4405 αὐτοῦ
3578 4352 3724 4421 λογίο

470 4454 601 4493 num
645 4438 735 4494 ille
765 4438 1081 4504 mentiatur,
1127 4447 1312 4509 utpote
1347 4439 1533 4504 homo,
1563 4438 1864 4494 secundum
1889 4441 2035 4510 quod

2151 4441 2356 4507 σασθαι,
2383 4440 2456 4512 μὴ
2498 4441 2605 4512 ἄρα
2644 4440 2917 4511 ψεύδεται,
2947 4442 3229 4514 ἄνθρωπος
3256 4443 3331 4497 ὢν
3364 4445 3426 4498 τὸ
3465 4446 3727 4516 φαινόμε-

467 4538 711 4601 apparet.
743 4528 814 4583 At
838 4528 998 4596 visio,
1030 4529 1194 4585 simul
1215 4546 1279 4586 ac
1303 4530 1551 4601 contigit,
1576 4530 1735 4593 tidem
1761 4529 1892 4586 facit
1917 4546 2036 4587 cer-

469 4621 638 4685 nenti,
670 4621 819 4692 quod
846 4619 1112 4679 Divinitas
1140 4622 1232 4679 sit.
1261 4622 1341 4678 Ad
1371 4624 1475 4679 hoc
1502 4622 1636 4678 mihi
1668 4624 1905 4694 primum
1948 4639 2038 4679 re-

571 4730 585 4765 l
679 4752 693 4767 ο

466 4714 680 4859 Spit}:
722 4802 790 4858 Et
819 4802 1014 4861 Petrus
1043 4804 1118 4859 ait
1148 4822 1162 4859 :
1191 4802 1355 4859 Aliud
1386 4807 1720 4876 proposuisti
1749 4807 1951 4875 dicere,
1981 4818 2035 4867 et

463 4895 612 4952 aliud
642 4896 856 4954 locutus
885 4912 966 4952 es.
998 4897 1339 4966 Pmposuisti
1366 4898 1536 4967 enim,
1560 4900 1707 4970 quod
1739 4902 1911 4971 possit
1934 4902 2036 4956 ali-

464 4989 588 5059 quis
620 4989 850 5046 audiens
880 4990 1003 5060 plus
1029 4988 1328 5061 intelligere
1356 5000 1411 5046 et
1442 4993 1495 5047 in
1527 5008 1708 5047 rerum
1737 4993 1898 5048 fidem
1936 5010 2032 5049 ve-

2140 4550 2248 4586 νον.
2268 4534 2331 4585 Ἠ
2362 4532 2419 4586 δὲ
2444 4533 2678 4593 ὀπτασία
2709 4533 2824 4604 ἅμα
2847 4534 2925 4604 τῷ
2958 4532 3170 4603 ὀφθέντι
3190 4537 3236 4567 ⁸⁸
3270 4537 3449 4591 πίστιν
3487 4540 3720 4611 παρέχει

2136 4624 2217 4695 τῷ
2239 4624 2458 4694 ὁρῶντι,
2491 4625 2572 4679 ὃτι
2594 4624 2805 4698 θειότης
2834 4625 2999 4679 ἐστίν.
3027 4626 3169 4698 Πρὸς
3194 4627 3352 4682 τοῦτό
3381 4647 3469 4702 μοι
3500 4631 3720 4703 πρῶτον

2137 4716 2447 4788 ἀπόκριναι.
2834 4759 2859 4778 .

2206 4809 2371 4882 346
2409 4806 2547 4863 XIV.
2588 4809 2698 4862 Καὶ
2718 4811 2747 4862 6
2775 4809 2979 4881 Πέτρος
3007 4809 3109 4882 ἔφη
3126 4811 3170 4844 ⁸⁷
3192 4830 3204 4841 ·
3228 4813 3323 4875 Εἰς
3344 4812 3473 4867 ἄλλο
3502 4815 3719 4887 προτεί-

2137 4921 2234 4968 νας
2261 4904 2453 4965 είπεῖν,
2487 4903 2567 4964 είς
2611 4901 2799 4972 ἕτερον
2838 4902 3133 4972 ἀπεκρίνου
3150 4902 3217 4957 ⁸⁸.
3259 4903 3579 4975 Προέτεινας
3606 4905 3718 4975 γὰρ

2137 4998 2212 5060 ὼς
2246 4997 2443 5067 μᾶλλον
2484 4994 2737 5047 δύνασθαί
2780 5012 2900 5047 τινα
2914 4995 2959 5027 ⁸⁸
2991 4995 3174 5049 πλεῖον
3216 4998 3355 5049 νοεῖν
3386 4994 3504 5067 [καὶ
3534 4996 3718 5049 πίστιν

1732 5105 1967 5162 ἾΑΒΙΑΞ
2007 5106 2409 5166 LECTIONES.

530 5197 579 5269 1⁸
616 5196 691 5269 δήξ
714 5196 771 5250 S.
797 5194 935 5249 Tum
965 5195 1022 5249 δέ
1046 5212 1099 5269 p.
1126 5213 1186 5269 τε
1215 5197 1275 5251 C.
1354 5197 1401 5231 ⁷⁸
1431 5195 1507 5251 De
1550 5197 1654 5269 hoc
1686 5197 1946 5269 loquendi
1974 5200 2140 5255 modo
2173 5200 2214 5254 ί)
2268 5204 2476 5258 confert
2508 5205 2655 5258 hom.
2690 5221 2844 5269 xvm,
2883 5205 2968 5258 12.
2995 5204 3132 5260 Tum
3172 5206 3221 5258 εί
3246 5205 3292 5258 δ’
3326 5203 3389 5260 0.
3416 5205 3456 5259 S
3502 5205 3711 5259 mavult

459 5268 613 5347 πρὸς.
632 5267 745 5347 τόν,
771 5276 992 5347 ρηοριεις
1025 5267 1208 5347 αύτόν,
1256 5270 1403 5347 (ιυοᾴ
1428 5282 1454 5321 s

1609 5284 1709 5344 llr;
1754 5269 1811 5344 _'"
1839 5267 1940 5344 καί
1960 5269 2184 5338 adjtlnxi
2216 5290 2265 5329 c.
2298 5273 2363 5329 0.
2441 5276 2487 5305 ⁷⁸
2518 5276 2685 5329 κακόν
2720 5275 2778 5330 C.
2834 5267 2904 5315 ’⁷⁸
2924 5279 3037 5339 τοῖς
3062 5277 3268 5338 λοιποῖς
3313 5276 3459 5343 conj.
3494 5276 3535 5330 C
3564 5316 3579 5339 ,
3611 5275 3715 5344 τῆς

459 5276 600 5337 πρὸς
632 5276 745 5330 τον,
771 5276 992 5336 propter
1025 5276 1208 5329 αὐτόν,
1256 5276 1403 5336 quod
1428 5276 1691 5388 segnitur.
1768 5276 1810 5300 '"
1839 5276 1929 5321 καί
1960 5276 2184 5338 adjunxi
2216 5290 2265 5329 c.
2298 5276 2363 5329 0.
2441 5276 2487 5305 ⁷⁸
2518 5276 2685 5329 κακόν
2720 5276 2778 5330 C.
2858 5278 2904 5315 ⁷ο
2924 5279 3037 5339 τοῖς
3062 5277 3268 5338 λοιποῖς
3313 5276 3459 5343 conj.
3494 5276 3535 5330 C
3564 5316 3579 5339 ,
3611 5276 3710 5344 τῆς

459 5336 1078 5433 ὶῖἐὶῗιῆς..ί⁵⁰;.δὲἔζὲὶίὲς)
1106 5337 1481 5433 ξΡξῖἶἮθηέέξι
1618 5336 2226 5433 Ἶῗὲοιὲἶῗὲἷῗιὲθίβ
2390 5344 2443 5433 ’ἶ
2466 5344 2631 5433 ilio.
2661 5362 2710 5399 ο·
2729 5363 2919 5433 ,ηιδιδ-
2983 5347 3043 5433 (Ξί
3065 5387 3093 5433 :
3124 5348 3180 5433 i"
3225 5344 3340 5433 9“)-
3387 5355 3533 5433 “3‘!”
3562 5343 3710 5433 ,(ἓίῒτ

651 5355 655 5392 τ
684 5339 784 5396 (sc.
816 5339 1078 5408 δουλείας)
1107 5339 1451 5392 commendat
1481 5339 1525 5388 Ι)
1553 5378 1568 5402 ,
1618 5339 1711 5390 τοῦ
1754 5339 1941 5391 λοιποῦ
1975 5344 2226 5409 proponit
2254 5346 2311 5399 S.
2390 5344 2435 5376 ’θ
2468 5344 2543 5398 Ita
2571 5344 2615 5400 Ο
2661 5362 2710 5399 c.
2748 5363 2919 5413 marg.
2983 5347 3043 5401 Ci
3077 5387 3093 5408 ,
3127 5348 3180 5400 in
3225 5344 3340 5433 cu).
3387 5339 3533 5399 téxtu
3585 5339 3710 5410 (Ed.

651 5408 724 5530 μθ
760 5405 1067 5488 φοϐεῖσθαι..
1106 5407 1150 5439 δι
1175 5404 1229 5487 l_n
1255 5407 1299 5461 0
1353 5407 1483 5485 αύτό
1507 5422 1614 5461 rec.
1646 5424 1792 5463 man.
1824 5418 2131 5465 correctum
2166 5415 2217 5468 in
2247 5416 2390 5483 vulg.
2426 5412 2570 5468 Idem
2603 5416 2768 5469 δοκεῖ.
2844 5416 2889 5447 υ
2930 5417 3209 5485 φοϐεῖσθαι
3244 5432 3340 5470 ουν
3373 5414 3535 5469 αὑτὸν
3560 5415 3711 5467 ἐστιν

729 5493 824 5530 sus
865 5487 1096 5530 requirit
1121 5492 1216 5529 του
1254 5508 1321 5516 —
1350 5477 1516 5530 (066ου
1546 5475 1602 5530 S.
1680 5478 1727 5509 ⁸⁵
1755 5478 2049 5530 ἀπόκριναι
2111 5485 2258 5530 enni-
2325 5487 2365 5530 εἷ
2395 5525 2408 5530 -
2463 5484 2863 5530 ἀποκρίνασθαι
2915 5497 3142 5530 ιιίρηιιιρ
3167 5487 3323 5530 Hnm-
3359 5486 3480 5530 rod-
3560 5484 3607 5516 ⁸³
3632 5482 3709 5530 Ita

729 5475 824 5554 sus
865 5476 1216 5554 ῐςίιιιὶνίιτοῦ
1254 5508 1322 5554 ἶ
1350 5477 1516 5554 φόϐου
1680 5478 1727 5509 εδ
1755 5478 2049 5554 ἀπόκριναι
2111 5485 2258 5554 conj.
2325 5475 2366 5540 t3
2395 5525 2409 5547 ,

2463 5484 2863 5557 ἀποκρίνασθαι
2915 5482 3142 5557 uterque
3167 5487 3324 5542 Hom.
3359 5486 3481 5540 cod.
3560 5482 3711 5557 “Ita

457 5546 521 5647 gl
551 5587 566 5610 ,
599 5548 848 5669 ἐνεργείᾳ
874 5547 942 5608 C.
966 5544 1030 5601 0.
1108 5548 1155 5579 "
1190 5544 1419 5619 ὀφθῆναι
1450 5550 1509 5602 C.
1544 5548 1794 5620 θεότητος
1822 5564 1874 5618 p.
1907 5544 2124 5632 ’θειότης
2153 5544 2499 5636 commendat
2539 5544 2737 5611 S.'Cfr.
2772 5557 2916 5611 hom.
2952 5544 3098 5638 ινιῖ,
3131 5558 3183 5612 5.
3282 5558 3327 5589 ⁸⁷
3360 5556 3465 5626 ἔφη
3496 5571 3607 5611 om.
3639 5552 3709 5609 0.

541 5616 722 5669 ἀπεκο
745 5635 822 5669 νω
892 5615 955 5669 0.
1033 5616 1079 5648 "
1110 5616 1167 5669 In
1196 5615 1241 5669 Ο
1295 5636 1414 5669 τινα
1443 5618 1550 5669 διά.
1574 5634 1712 5669 unas
1736 5634 1898 5669 voces
1919 5629 2122 5669 exemit
2153 5640 2314 5669 unum
2332 5640 2524 5669 versu:
2546 5626 2739 5669 lamma
2764 5643 2779 5669 ξ
2814 5627 2920 5669 inm
2948 5637 3187 5669 ςρηιιιιιη
3220 5645 3233 5658 -
3266 5630 3397 5669 mn‘
3417 5625 3705 5669 ὀπτασίας-

459 5616 505 5647 ⁸⁸
541 5616 833 5687 ἀπεκρίνω
892 5616 955 5671 0.
1033 5616 1079 5648 "
1110 5616 1167 5670 In
1196 5616 1241 5670 Ο
1295 5616 1414 5672 τινα
1443 5618 1550 5680 διά,
1574 5616 1712 5689 quas
1736 5616 1898 5675 voces
1919 5622 2028 5672 exci

626 5686 747 5741 cod.
778 5688 941 5742 unius
976 5702 1126 5743 vocas
1150 5704 1382 5746 vacuum
1412 5690 1614 5761 praebet
1647 5689 1791 5746 inter
1831 5691 2028 5761 ἐναργε

462 5772 620 5826 ptevt.

745 5615 834 5670 νω
892 5615 955 5671 0.
1033 5616 1079 5648 "
1110 5616 1167 5670 ln
1196 5615 1242 5670 Ο
1295 5615 1414 5672 τινα
1443 5618 1550 5680 διά,
1574 5615 1712 5689 quas
1736 5615 1898 5675 voces
1919 5621 2077 5741 excif

745 5731 747 5737 ,
778 5688 941 5741 unius
976 5702 1126 5741 VOCIS
1150 5704 1382 5741 vacuum
1414 5690 1614 5741 praebet
1647 5689 1791 5741 inter
1831 5691 2028 5741 ἐναογε
2056 5707 2077 5741 ο

2082 5625 2122 5674 it
2153 5627 2314 5679 unius
2332 5640 2524 5697 versus
2546 5626 2740 5697 lacuna
2764 5643 2781 5693 ;
2808 5627 2920 5695 jam
2948 5628 3187 5696 sequitur
3220 5645 3233 5681 :
3266 5630 3397 5697 παρ’
3417 5625 3705 5687 ὀπτασίας.

2056 5707 2123 5753 ας
2163 5703 2214 5750 et
2240 5693 2536 5751 ἐπιϐαλών.
2562 5693 2881 5772 _Utramque
2914 5693 3168 5751 lacunam
3207 5693 3577 5769 eonjectando
3604 5710 3705 5750 es-
