4040 6146
377 313 481 370 397

1438 312 1894 369 CLEMENTINA.
1937 348 2005 357 ——
2042 315 2325 372 lIOMILlA
2366 313 2524 373 XVII.

3511 318 3617 373 593

374 426 770 502 λαμϐάνεσθαι]
813 430 942 501 παρ’
966 427 1231 509 Ἧσίας
1264 427 1547 495 ἀκούοντα,
1578 429 1613 501 ἢ
1651 430 1760 500 γὰρ
1803 428 1948 501 παρά

2053 433 2171 486 nire
2197 446 2292 501 per
2311 430 2600 495 visionem,
2632 444 2795 500 quam
2825 446 2920 501 per
2949 431 3299 499 evidentiam,
3324 447 3617 504 aggressus

372 518 475 589 τῆς
502 518 791 589 ἐναργείας
816 516 1148 591 [ἀκούοντα],
1171 517 1443 572 ἐπιϐαλὼν
1471 519 1529 573 δὲ
1549 520 1762 584 ἔπειθες
1784 522 1950 591 ἡμᾶς,

375 609 458 663 ἇτι
481 609 884 681 ἀσφαλέστερός
923 611 1072 663 ἐστιν
1111 610 1140 662 6
1185 602 1281 664 ὑπ’
1305 611 1573 675 ὀπτασίας
1616 610 1830 665 ἀκούων
1856 612 1950 665 τοῦ

374 701 506 773 παρ’
535 702 704 773 αὐτῆς
724 702 768 734 ⁹⁰
808 701 1093 773 ἐναργείας
1130 701 1436 767 ἀκούοντος.
1478 703 1658 774 Πέρας
1698 703 1827 771 γοῦν
1864 702 1952 757 διά

375 792 534 846 τοῦτο
561 791 696 864 ἐμοῦ
727 793 1053 865 ἱκανώτερον
1072 793 1306 863 ἔφασκες
1326 794 1522 848 εἰδέναι
1541 794 1611 849 τὰ
1630 794 1724 847 τοῦ
1752 793 1948 866 Ἰησοῦ,

373 881 450 947 ὡς
476 883 582 936 ὑπὸ
608 883 871 947 ὀπτασίας
891 883 1055 938 αὐτοῦ
1075 883 1325 955 ἀκηκοὼς
1353 885 1444 937 τὸν
1469 884 1644 953 λόγον.
1665 884 1813 956 Πλὴν
1843 883 1951 953 ἐγὼ

374 976 456 1039 είς
478 975 539 1029 τὸ
565 976 819 1047 ἀπαρχῆς
848 976 1117 1047 προταθὲν
1147 977 1548 1049 ἀποκριναίμην
1568 977 1633 1029 ⁸⁸.
1652 976 1709 1029 'U
1738 977 1950 1048 προφή-

367 1085 491 1141 της,
521 1067 603 1120 ὅτι
636 1069 919 1139 προφήτης
939 1069 1106 1132 ἐστὶν,
1137 1069 1560 1141 πληροφορήσας
1587 1067 1801 1140 πρῶτον
1824 1069 1952 1141 περὶ

369 1161 479 1215 τῶν
505 1161 749 1233 ἐναργῶς
770 1161 862 1215 ὑπ’
887 1159 1049 1213 αὑτοῦ
1075 1161 1401 1232 λεγομένων,
1423 1160 1680 1230 ἀσφαλῶς
1704 1162 1952 1214 πιστεύε-

367 1273 480 1318 ται,
512 1256 605 1309 καὶ
623 1256 668 1286 θ’
692 1252 895 1325 ἀληθὴς
910 1252 986 1307 ὣν
1017 1254 1502 1325 προεπιγνωσθεὶς,
1530 1256 1643 1319 καὶ,
1666 1254 1741 1318 ὡς
1767 1256 1795 1308 6
1826 1271 1951 1324 μανο

367 1346 545 1401 θάνων
576 1345 739 1410 θέλει,
772 1344 1080 1412 ἐξετασθείς
1110 1346 1205 1400 καὶ
1229 1345 1542 1418 ἀνακριθεὶς
1573 1345 1946 1417 ἀποκρίνεται.

376 1437 1809 1518 ‘0EWES‘LELGEQQVMMELESLM‘?’
1827 1438 1948 1491 ἐπι-

368 1510 609 1603 σφαλής
1063 1529 1170 1601 γὰρ
1203 1528 1311 1583 τίνι
1352 1510 1948 1602 πίστῖύῃεῙἘνὸέχεται

365 1621 477 1693 γάρ
504 1619 666 1673 αὐτὸν
703 1619 736 1691 ἢ
766 1618 990 1690 δαίμονα
1020 1617 1186 1672 κακὸν
1218 1613 1376 1683 εἶναι,
1406 1617 1439 1690 ἢ
1481 1616 1696 1690 πνεῦμα
1723 1618 1943 1685 πλάνον,

363 1713 426 1764 ἐν
471 1709 548 1781 τῷ
588 1709 764 1779 λέγειν
809 1709 1233 1781 ὑποκρινόμενον
1270 1704 1408 1762 εἶναι
1437 1707 1465 1762 6
1497 1710 1570 1781 μή
1601 1710 1769 1763 ἐστιν.
1801 1711 1865 1764 Εἰ
1899 1711 1945 1765 δ’

363 1802 474 1874 ἄρα
497 1771 545 1834 ’λ
562 1818 646 1864 τις
662 1771 1336 1874 βουληθείηπυνθάνεσθαι
1363 1798 1425 1854 τὸ
1445 1771 1528 1864 τίς
1549 1771 1613 1855 ἀν
1634 1798 1666 1875 ᾗ
1689 1803 1717 1856 6
1736 1802 1940 1871 φανεὶς,
1974 1771 2018 1827 Β

362 1892 586 1947 δύναται
621 1892 799 1963 λέγειν
829 1892 1009 1964 ἐαυτῷ
1044 1892 1072 1945 ὃ
1105 1892 1371 1964 βούλεται.
1404 1894 1513 1948 Kal
1539 1892 1709 1959 οὕτως
1738 1895 1814 1959 ὡς
1848 1913 1945 1949 πο-

364 1986 527 2058 νηρὸς
571 1985 875 2057 ἀστράψας,
923 1984 1110 2057 μείνας
1153 1984 1277 2037 ὅσον
1326 1980 1487 2049 θέλει,
1530 1983 1939 2049 ἀποσϐέννυται,

364 2076 443 2149 μὴ
476 2076 814 2148 παραμείνας
844 2076 923 2147 τῷ
964 2073 1347 2145 πυνθανομένῳ
1384 2077 1465 2138 είς
1494 2075 1775 2147 ἀνάκρισιν
1819 2077 1942 2130 ὅσον

364 2168 650 2240 ἠθέλησεν.
674 2168 772 2222 Διά
801 2166 858 2221 δὲ
888 2167 1152 2222 ἐνυπνίων
1180 2165 1322 2239 ὁρῶν
1351 2182 1435 2230 τις
1464 2168 1511 2199 ⁸⁸
1532 2167 1653 2221 οὐδὲ
1682 2167 1943 2222 πυνθάνε-

367 2260 489 2314 σθαι
534 2261 756 2314 δύναται
798 2262 928 2333 περὶ
954 2253 1029 2313 ὧν
1060 2259 1329 2331 βούλεται.
1363 2259 1438 2313 Ού
1479 2258 1588 2331 γὰρ
1622 2259 1759 2324 ιδίας
1790 2257 1942 2325 ἐξου-

367 2354 487 2417 σίας
528 2354 675 2407 ἐστὶν
716 2354 744 2405 6
782 2352 1038 2422 λογισμὸς
1080 2351 1175 2405 τοῦ
1218 2350 1782 2423 κοιμωμένου.Ἔνθεν
1812 2350 1940 2420 γοῦν

365 2444 539 2498 πολλὰ
558 2444 716 2516 ΜῚ
740 2444 898 2515 ἡμεῖς
928 2443 1075 2515 ῦπαρ
1106 2441 1498 2514 ἐπιθυμοῦντες
1527 2439 1572 2474 ⁸⁵
1605 2440 1793 2512 μαθεῖν
1823 2443 1939 2494 κατ’

364 2535 502 2608 ϐναρ
521 2535 646 2606 περὶ
672 2533 872 2605 ἐτέρων
892 2532 1290 2604 πυνθανόμεθα,
1319 2533 1352 2603 ἢ
1382 2532 1474 2585 καὶ
1509 2531 1582 2603 μὴ
1613 2530 1944 2602 πυνθανόμε-

366 2646 446 2681 νοι
480 2628 606 2699 περὶ
633 2626 741 2680 τῶν
773 2625 848 2698 μὴ
872 2625 1233 2698 διαφερόντων
1269 2627 1401 2697 ἡμῖν
1427 2624 1717 2695 ἀκούομεν,
1740 2626 1833 2689 καὶ
1859 2625 1941 2679 δι-

366 2720 713 2785 υπνισθέντες
757 2719 1093 2793 ἀθυμοῦμεν,
1123 2721 1203 2774 ὅτι
1233 2720 1363 2790 περὶ
1403 2712 1478 2775 ὦν
1504 2718 1941 2791 ἐπεθυμοῦμενθθ

365 2809 583 2883 μαθεῖν,
613 2809 738 2864 οὔτε
761 2808 1093 2882 ἠκούσαμεν,
1124 2808 1246 2864 οὕτε
1276 2808 1613 2882 ἐξητάσαμεν
1628 2809 1696 2865 ⁸⁷.

432 2898 555 2958 XV.
596 2903 704 2957 Kal
746 2902 775 2956 6
819 2902 999 2974 Σίμων
1028 2902 1129 2973 ἐφη
1153 2916 1168 2934 ⁵
1200 2903 1264 2956 Et
1303 2904 1408 2975 φῂς
1444 2903 1544 2966 τάς
1576 2901 1837 2967 ὀπτασίας
1866 2904 1943 2977 μὴ

364 2993 586 3057 πάντως
604 2991 907 3065 ἀληθεύειν,
938 2993 1054 3046 ἀλλ’
1082 2990 1174 3047 οῦν
1200 3010 1264 3063 γε
1285 2993 1354 3047 τά
1378 2994 1630 3066 ὁράματα
1650 2994 1742 3050 καὶ
1762 2994 1831 3048 τά
1854 2993 1942 3047 ἐν-

2054 532 2233 578 autem
2258 522 2531 578 suadebas
2558 521 2811 577 tutiorem
2859 537 2981 578 esse
3026 539 3171 590 eum,
3201 524 3297 593 qui
3325 524 3379 579 in
3407 525 3619 579 visione

2052 614 2227 679 audit,
2261 614 2374 679 illo,
2399 613 2492 684 qui
2523 612 2675 667 audit
2699 628 2796 682 per
2836 614 3184 668 evidentiam.
3219 614 3461 685 Denique
3493 615 3617 670 ideo

2055 712 2104 759 te
2130 704 2488 774 potentiorem
2530 703 2751 759 dicebas
2782 719 2870 758 res
2897 702 3024 758 Jesu
3051 719 3402 774 cognoscere,
3448 720 3615 775 quam

2051 812 2173 865 ego,
2206 806 2265 851 ut
2309 796 2403 867 qui
2454 796 2628 866 ipsius
2676 796 2842 850 verba
2888 811 2983 865 per
3024 794 3287 850 visionem
3318 796 3611 854 audiisscs.

2054 886 2253 943 Verum
2298 903 2402 959 ego
2445 887 2511 942 ad
2561 887 2638 953 id,
2663 886 2811 957 quod
2859 886 3113 956 primitus
3142 888 3478 956 propositum
3507 893 3615 956 est,

2052 978 2414 1047 respondebo.
2448 976 2739 1047 Pr0pheta,
2794 977 2922 1047 quia
2974 977 3238 1047 propheta
3287 986 3389 1045 est,
3441 980 3616 1048 primo

2051 1068 2431 1123 certitudinem
2454 1068 2591 1123 dans
2620 1067 2687 1121 de
2731 1067 2821 1132 iis,
2849 1082 2969 1135 quae
2999 1067 3144 1121 clare
3174 1067 3328 1132 dicit,
3357 1075 3472 1121 tuto
3497 1083 3611 1122 crc-

2050 1159 2218 1223 ditur,
2247 1160 2608 1229 praacognitus
2639 1174 2803 1212 verus
2832 1174 2975 1225 esse,
3019 1175 3106 1224 ac,
3154 1160 3615 1228 quemadmodum

2051 1250 2382 1319 quidocetur
2409 1252 2578 1319 cupit,
2600 1251 2898 1319 inquisitus
2920 1260 2974 1305 et
3001 1251 3368 1322 interrogatus
3396 1267 3619 1321 respon-

2049 1341 2158 1395 det.
2180 1340 2283 1407 Qui
2314 1357 2439 1395 vero
2466 1341 2661 1395 visioni
2688 1341 2859 1395 credit
2887 1353 2980 1394 aut
3003 1351 3215 1410 spectro
3238 1351 3293 1397 et
3319 1342 3613 1407 insomnio,

2051 1432 2289 1487 incertus
2339 1442 2442 1487 est.
2474 1431 2691 1503 Ignorat
2720 1433 2864 1487 enim
2900 1433 2988 1489 cui
3016 1434 3221 1490 credat.
3266 1431 3403 1489 Nam
3439 1445 3620 1505 potest

2049 1535 2171 1578 esse
2201 1530 2296 1578 aut
2330 1523 2508 1579 malus
2538 1522 2771 1588 daemon,
2804 1530 2901 1577 aut
2930 1523 3156 1592 spiritus
3188 1522 3376 1592 fallax,
3421 1527 3515 1596 qui
3558 1526 3616 1582 in

2046 1615 2232 1670 verbis
2259 1615 2481 1670 simulat
2510 1629 2631 1669 esse
2655 1614 2798 1685 quod
2848 1629 2958 1669 non
3000 1624 3104 1670 est.
3149 1614 3245 1670 Sin
3277 1627 3458 1672 autem
3488 1618 3616 1689 quis

2046 1707 2175 1762 velit
2200 1706 2810 1778 percontari,quisnam
2856 1706 2927 1762 sit
2973 1706 3067 1777 qui
3119 1708 3391 1777 apparuit,
3434 1707 3617 1779 potest

2046 1798 2170 1865 sibi,
2199 1797 2463 1868 quidquid
2494 1797 2608 1851 vult
2636 1796 2836 1851 dicere.
2888 1795 3090 1866 Sicque
3129 1805 3390 1867 tanquam
3414 1800 3613 1864 malus,

2048 1891 2140 1945 ubi
2172 1889 2499 1956 coruscavit,
2537 1888 2847 1957 mansitque
2891 1897 3157 1958 quantum
3185 1888 3376 1955 voluit,
3402 1891 3615 1945 exstin-

2045 1982 2249 2053 guitur,
2282 1997 2381 2037 nec
2411 1989 2690 2050 permanet
2712 1996 2836 2036 cum
2875 1981 3189 2036 sciscitante
3212 1981 3281 2036 ad
3313 1982 3617 2053 interroga-

2044 2075 2274 2139 tionem,
2311 2082 2576 2143 quantum
2606 2073 2693 2128 hic
2732 2073 2867 2128 vult.
2913 2071 3015 2128 Per
3056 2074 3328 2128 insomnia
3361 2090 3491 2129 vero
3520 2074 3618 2146 qui

2044 2169 2210 2233 videt,
2240 2183 2420 2238 neque
2460 2168 2804 2238 percunctari
2854 2175 3053 2237 potest,
3087 2168 3152 2223 de
3194 2168 3397 2238 quibus
3440 2168 3611 2223 lubet.

2043 2259 2229 2333 Neque
2272 2265 2417 2318 enim
2466 2262 2519 2314 in
2570 2261 2788 2330 propria
2824 2268 3091 2329 potestate
3116 2260 3222 2316 sita
3246 2268 3330 2315 est
3359 2262 3616 2330 cogitatio

2043 2354 2385 2410 dormientis.
2411 2351 2542 2407 Inde
2573 2353 2737 2423 igitur
2758 2352 3031 2423 vigilando
3059 2367 3159 2407 nos
3180 2352 3424 2407 discendi
3447 2352 3614 2419 avidi,

2044 2445 2213 2499 multa
2245 2445 2299 2498 in
2336 2443 2546 2500 somnis
2571 2445 2638 2499 de
2663 2444 2788 2498 aliis
2814 2445 3134 2514 quaerimus,
3166 2445 3249 2498 vel
3285 2460 3394 2499 non
3428 2445 3615 2514 requi-

2044 2546 2225 2590 rentes
2255 2536 2509 2591 audimus
2544 2552 2631 2591 res
2654 2536 2723 2590 ad
2754 2552 2855 2591 nos
2884 2553 3227 2607 nequaquam
3261 2537 3614 2607 pertinentes,

2041 2637 2097 2682 et
2123 2644 2153 2683 e
2179 2643 2375 2684 somno
2408 2629 2627 2684 excitati
2671 2628 2941 2695 dolemus,
2973 2645 3073 2685 nos
3120 2631 3187 2685 de
3219 2630 3287 2686 iis
3324 2646 3447 2702 qua:
3475 2630 3617 2687 scire

2044 2721 2341 2778 avebamus
2363 2737 2542 2793 neque
2564 2721 2807 2778 audiisse
2828 2737 3003 2792 neque
3029 2722 3366 2793 explorasse.

2112 2896 2229 2953 XV.
2263 2895 2341 2954 Ac
2379 2896 2567 2953 Simon
2601 2914 2614 2953 :
2647 2896 2705 2953 Si
2747 2897 2898 2955 dicas
2944 2898 3182 2954 visiones
3230 2914 3341 2954 non
3391 2898 3617 2955 omnino

2042 3006 2170 3046 vera
2197 2990 2514 3060 praedicare.
2544 3000 2782 3044 attamen
2823 2990 2939 3046 visa
2989 2999 3044 3045 et
3090 2991 3383 3058 insomnia,
3433 3007 3555 3063 quae
3583 3009 3616 3047 a

366 3087 534 3143 ύπνια
560 3086 880 3159 θεόπεμπτα
906 3086 1034 3142 ὄντα
1058 3085 1119 3140 οὐ
1147 3085 1419 3157 ψεύδεται,
1442 3087 1570 3160 περὶ
1588 3080 1662 3141 ὧν
1682 3086 1747 3141 ἂν
1771 3089 1942 3141 εἰπεῖν

2047 3080 2158 3136 Deo
2185 3082 2496 3148 mittuntur,
2528 3079 2667 3136 falsa
2712 3097 2823 3136 non
2867 3094 2997 3138 sunt
3040 3085 3095 3137 in
3132 3085 3296 3139 rebus
3327 3101 3464 3155 quas
3502 3086 3618 3139 vult

366 3180 517 3254 θέλῃ.
537 3178 646 3233 Kal
668 3178 697 3233 6
722 3177 926 3249 Πέτρος
952 3176 1054 3249 ἔφη
1078 3194 1090 3207 ·
1120 3175 1323 3249 Ὀρθῶς
1352 3177 1506 3249 ἔφης,
1525 3178 1606 3231 ὅτι
1628 3175 1945 3248 θεόπεμπτα

367 3270 501 3324 ὄντα
527 3266 589 3321 οὐ
618 3267 891 3337 ψεύδεται.
914 3268 1136 3339 ’Ἄδηλον
1164 3268 1221 3320 δὲ
1258 3268 1307 3321 εί
1334 3265 1363 3320 6
1396 3266 1516 3320 ἰδὼν
1540 3266 1587 3301 ⁸⁸
1606 3266 1946 3340 θεόπεμπτον

367 3361 611 3435 ἑώρακεν
655 3360 879 3433 ὁνειρον.
910 3361 1018 3413 Kal
1062 3363 1090 3414 6
1134 3359 1350 3431 Σίμων·
1394 3358 1520 3414 Ἐὰν
1625 3362 1653 3415 6
1690 3360 1947 3433 ἑωρακὼς

364 3452 590 3516 δίκαιος,
621 3451 818 3522 ἀληθές
844 3449 1104 3523 ἑώρακεν.
1127 3452 1234 3505 Kal
1258 3451 1287 3505 6
1309 3451 1531 3523 Πέτροςδ
1565 3448 1769 3524 Ὀρθῶς
1789 3452 1944 3522 ἔφης.

363 3538 465 3608 Τίς
478 3545 524 3578 ’³
560 3543 617 3597 δὲ
642 3543 862 3607 δίκαιος,
894 3544 941 3595 εί
982 3542 1252 3612 ὁράματος
1281 3540 1457 3615 χρῄζῃ
1475 3542 1564 3607 ¹⁰⁰,
1600 3543 1686 3595 ἶνα
1738 3542 1881 3614 μάθῃ
1912 3542 1949 3596 ἃ.

359 3635 444 3690 δεῖ
468 3635 682 3707 μαθεῖν,
706 3634 800 3687 καὶ
826 3636 951 3704 ποιῇ
973 3633 1008 3687 ἀ
1024 3634 1105 3686 δεῖ
1126 3637 1296 3686 ποιεῖν
1316 3650 1332 3699 ;
1363 3635 1471 3687 Kal
1491 3634 1519 3687 6
1539 3633 1721 3704 Σίμων
1740 3651 1753 3664 ·
1776 3634 1948 3688 Τοῦτό

363 3746 458 3799 μοι
491 3728 598 3791 δὸς,
631 3727 713 3780 ὃτι
744 3726 903 3797 μόνος
943 3727 971 3780 6
1017 3725 1222 3789 δίκαιος
1251 3727 1432 3798 ὅραμα
1464 3725 1661 3796 ἀληθὲς
1690 3724 1815 3779 ἰδεῖν
1855 3724 1947 3779 δύ-

363 3836 546 3885 ναται,
576 3820 670 3873 καὶ
715 3816 1081 3889 ἀποκρίνομαί
1127 3835 1209 3871 σοι
1253 3818 1333 3882 είς
1367 3817 1517 3871 αὐτό.
1538 3816 1691 3888 Ἐμοὶ⁵
1722 3816 1831 3889 γὰρ
1858 3814 1950 3868 κέ-

364 3928 576 3985 κριται,
608 3911 690 3964 ὅτι
717 3909 916 3982 ἀσεϐὴς
946 3909 1116 3982 ἀληοῆ
1147 3909 1353 3981 ὄνειρον
1382 3909 1481 3979 οὐχ
1507 3910 1628 3982 ὁρᾷ.
1649 3909 1758 3962 Kal
1784 3910 1812 3962 6
1840 3907 1948 3961 Πέ-

362 4014 520 4070 τροςο
557 3996 727 4051 Τοῦτο
765 3997 958 4068 ψεῦδός
1004 3999 1169 4063 ἐστιν,
1194 3998 1288 4051 καὶ
1316 4000 1445 4070 περ)⁸
1470 3999 1657 4052 τούτου
1686 3998 1949 4072 ἀγράφως

365 4091 461 4143 καὶ
488 4088 779 4162 ἐγγράφως
803 4088 1077 4156 ἀποδεῖξαι
1107 4088 1357 4162 δύναμαι,
1376 4077 1632 4143 πεῖσαιδέ
1654 4090 1754 4144 οὐκ
1780 4092 1951 4159 ἐπαγ-

363 4181 650 4253 γέλλομαι.
666 4182 723 4235 'O
752 4181 861 4254 γὰρ
885 4182 1020 4253 πρὸς
1048 4182 1225 4254 ἔρωτα
1257 4182 1534 4255 μοχθηρᾶς
1555 4182 1748 4247 νεύσας
1766 4200 1948 4252 γυναι-

365 4272 462 4338 κὸς
480 4275 563 4337 είς
606 4272 796 4346 ἐτέρας
836 4273 977 4327 κατὰ
1013 4273 1196 4328 πάντα
1236 4273 1408 4345 καλῆς
1451 4275 1618 4346 πρὸςί
1648 4274 1948 4345 συμϐίωσιν

364 4366 599 4437 νόμιμον
630 4365 722 4419 τὸν
749 4364 945 4419 ἐαυτοῦ
985 4367 1047 4419 οὐ
1096 4364 1413 4437 μετατίθησι
1449 4365 1594 4420 νοῦν.
1615 4366 1814 4420 Ἐνίοτε
1856 4368 1948 4421 καὶ

2047 3172 2312 3242 proloqui.
2348 3172 2540 3227 Petrus
2571 3172 2648 3226 ait
2670 3189 2699 3225 at
2723 3170 2885 3228 Recte
2915 3173 3123 3240 dixisti,
3160 3175 3305 3243 quod
3336 3191 3445 3229 non
3477 3174 3613 3229 falsa

2046 3265 2326 3336 proferant
2378 3281 2501 3335 quae
2534 3280 2565 3319 a
2610 3264 2721 3319 Deo
2761 3263 3069 3318 mittuntur.
3104 3262 3308 3319 Verum
3346 3266 3615 3321 incertum

2046 3366 2149 3424 est,
2179 3372 2248 3411 au
2279 3356 2372 3426 qui
2401 3357 2532 3412 vidit
2560 3356 2834 3411 somnium
2857 3372 2888 3410 a
2919 3355 3029 3410 Deo
3052 3356 3281 3411 missum
3315 3372 3617 3427 conspexe-

2046 3451 2136 3506 rit.
2166 3449 2305 3505 Tum
2334 3448 2521 3505 Simon
2552 3467 2565 3503 :
2604 3448 2658 3504 Si
2685 3450 2869 3520 justus
2893 3448 2964 3503 sit
2997 3449 3085 3504 ille
3111 3449 3203 3519 qui
3230 3450 3387 3516 vidit,
3424 3466 3615 3504 verum

2048 3543 2277 3598 intuitus
2294 3552 2396 3597 est.
2436 3542 2502 3597 Et
2529 3542 2722 3597 Petrus
2750 3540 2968 3597 :Probe
2997 3541 3213 3598 locutus
3241 3541 3459 3609 es.Quis
3485 3558 3619 3599 vero

2042 3637 2246 3708 justus,
2300 3636 2348 3692 si
2388 3636 2510 3691 viso
2559 3635 2800 3705 indigeat
2841 3636 2909 3690 ad
2939 3634 3200 3690 discenda
3246 3650 3371 3706 qua:
3403 3636 3618 3693 discere

2047 3736 2279 3799 Oportet,
2295 3736 2351 3783 et
2374 3726 2621 3783 facienda
2648 3742 2771 3798 quae
2792 3726 2907 3781 ﬁeri
2934 3726 3357 3797 debent?Atque
3387 3726 3613 3785 Simon:

2049 3819 2164 3876 Hoc
2195 3820 2330 3876 mihi
2360 3820 2618 3885 concede,
2648 3820 2792 3889 quod
2825 3820 2976 3875 solus
2995 3800 3181 3889 justus
3213 3836 3403 3875 verum
3435 3821 3614 3876 visum

2046 3911 2222 3981 possit
2272 3924 2518 3977 cernere,
2567 3916 2621 3965 et
2662 3910 2729 3963 ad
2772 3909 2906 3964 illud
2958 3910 3053 3964 tibi
3103 3911 3428 3980 respondeo.
3482 3910 3615 3969 Mihi

2045 4004 2191 4059 enim
2221 4002 2557 4072 exploratum
2580 4011 2683 4069 est,
2708 4017 2894 4056 verum
2925 4002 3201 4057 somnium
3222 4004 3291 4057 ab
3319 4004 3485 4074 impio
3503 4020 3615 4061 non

2045 4094 2241 4151 videri.
2272 4091 2411 4149 Tum
2457 4093 2651 4150 Petrus
2679 4113 2690 4148 :
2722 4092 2837 4149 Hoc
2868 4093 3066 4149 falsum
3114 4103 3218 4150 est.
3248 4096 3426 4166 Atque
3455 4112 3520 4151 ea
3550 4097 3618 4151 de

2048 4200 2107 4243 re
2130 4186 2253 4247 sine
2279 4186 2575 4257 Scripturis
2602 4194 2658 4240 et
2697 4201 2794 4255 per
2824 4184 3136 4255 Scripturas
3167 4202 3392 4256 possum
3424 4188 3617 4242 all‘crre

2047 4277 2591 4344 demonstrationem,
2622 4277 2951 4347 persuadere
2978 4287 3160 4333 autem
3190 4294 3300 4332 non
3332 4279 3614 4349 polliceor.

2048 4367 2183 4423 Nam
2229 4368 2325 4438 qui
2365 4368 2420 4421 in
2460 4383 2703 4421 amorem
2733 4382 2912 4436 prava:
2939 4367 3185 4423 mulieris
3208 4371 3525 4438 propendct,
3560 4371 3615 4425 in

364 4457 581 4522 ἑαυτοῖς
631 4457 928 4521 συνειδότες
983 4458 1082 4529 τὴν
1138 4458 1421 4529 κρείττονα
1442 4498 1457 4523 ,
1520 4458 1944 4531 προειλημμένοι

2047 4459 2272 4515 alterius
2295 4458 2537 4527 undique
2559 4457 2829 4527 praeclarae
2851 4457 3196 4512 dilectionem
3225 4459 3293 4513 ad
3312 4459 3615 4529 legitimum

363 4536 533 4620 348
568 4547 823 4617 ἀγαπῶσι
840 4547 939 4619 τὴν
966 4547 1197 4619 χείρονα.
1233 4548 1485 4603 Τοιοῦτόν
1520 4567 1573 4602 τι
1603 4549 1696 4603 καὶ
1738 4551 1801 4603 σὺ
1832 4550 1939 4603 πά-

2047 4550 2357 4606 convictum
2384 4563 2492 4602 non
2519 4546 2776 4602 transfert
2802 4548 3068 4603 animum.
3099 4549 3164 4604 Et
3185 4550 3497 4620 aliquando,
3521 4553 3617 4621 qui

365 4654 511 4708 σχων
539 4639 771 4707 ἀγνοεῖς.
803 4640 912 4692 Kal
929 4640 958 4691 6
978 4639 1157 4709 Σίμων
1188 4640 1321 4711 ἐφη*
1352 4640 1726 4714 Παρελόμενος
1749 4640 1939 4708 ταῦτα,

2047 4649 2174 4696 sunt
2202 4639 2305 4695 sibi
2337 4638 2542 4693 conscii
2572 4639 2968 4708 praestantioris
2993 4638 3227 4707 feminae,
3247 4643 3496 4712 occupati
3519 4645 3617 4697 de~

363 4729 444 4792 είς
476 4729 514 4783 ἃ
544 4728 852 4800 ἐπηγγείλω
884 4729 1028 4799 λέγε.
1048 4730 1200 4802 Ἐμοὶ
1228 4732 1334 4803 γάρ
1356 4731 1611 4785 ἀδύνατον
1634 4728 1770 4785 εἶναι
1796 4734 1944 4787 δοκεῖ

2048 4732 2302 4786 teriorem
2337 4729 2589 4801 diligunt.
2617 4728 2749 4785 Tale
2780 4731 2909 4800 quid
2961 4740 3018 4785 tu
3065 4748 3285 4802 quoque
3329 4734 3531 4803 pateris
3553 4750 3619 4790 ac

364 4821 585 4886 ἀσεϐεῖς
603 4821 926 4894 ἀνθρώπους
939 4822 1045 4877 ὑπὸ
1062 4822 1197 4877 Θεοῦ
1218 4816 1262 4892 ᾧ
1276 4824 1473 4895 δήποτε
1487 4824 1943 4897 ὁνειροπολεῖσθαι

2050 4824 2291 4895 ignoras.
2321 4822 2470 4876 Dixit
2503 4821 2692 4876 Simon
2729 4839 2741 4875 :
2778 4820 2874 4877 His
2921 4823 3174 4890 sublatis,
3224 4825 3446 4894 loquere
3496 4842 3619 4896 quae

362 4913 578 4985 τρόπῳ.
2049 4915 2371 4987 promisisti.
2389 4912 2521 4967 Mihi
2553 4929 2788 4983 namque
2815 4915 3027 4970 videtur
3050 4915 3406 4985 impossibile,
3433 4927 3492 4972 ut
3517 4919 3620 4972 int-

2048 5007 2122 5079 pii
2154 5007 2405 5061 homines
2433 5021 2464 5060 a
2494 5004 2606 5060 Deo
2634 5006 2848 5061 somnia
2882 5007 2993 5061 ullo
3026 5010 3190 5063 modo
3216 5019 3460 5065 cernant.

2032 5090 2064 5131 ⁸³
2117 5096 2259 5152 XVI.
2301 5098 2368 5151 Et
2396 5096 2588 5152 Petrus
2618 5115 2633 5152 :
2667 5096 2791 5163 Mei,
2829 5097 3025 5168 inquit,
3057 5115 3178 5155 sum
3211 5117 3441 5167 memor,
3472 5102 3619 5173 quod

2050 5187 2399 5260 promiserim
2426 5186 2733 5255 ostendere,
2765 5194 2818 5243 et
2856 5202 2921 5242 ea
2954 5188 3023 5245 de
3051 5206 3109 5246 re
3135 5193 3345 5263 absque
3373 5192 3615 5263 Scriptuo

438 5090 581 5145 XVI.
624 5090 735 5144 Kal
769 5092 799 5145 6
829 5089 1033 5162 Πέτρος
1080 5090 1205 5162 ἔφη’
1250 5091 1547 5165 Μέμνημαι
1578 5092 1837 5164 ἐμαυτοῦ,
1870 5093 1947 5158 ὡς

365 5183 785 5257 ἐπηγγειλάμην
827 5183 1016 5249 δεῖξαι,
1070 5182 1161 5238 καὶ
1205 5184 1465 5257 ἀγράφως
1510 5186 1603 5239 καί⁸
1655 5185 1947 5258 ἐγγράφως

1649 5347 1884 5404 VARIE
1922 5346 2328 5405 LECTIONES.

429 5464 478 5544 Ϊξ
516 5461 647 5544 me:
694 5461 860 5544 αι’ξοῦ
897 5463 1004 5544 εῆς
1045 5463 1110 5521 Ο.
1186 5467 1753 5544 ,υ-ἀποκρενομαιβο.
1852 5470 1899 5502 ⁸⁸
1924 5470 2018 5544 καί
2069 5470 2274 5544 inserui
2304 5487 2356 5527 c.
2386 5470 2452 5544 Ο.
2558 5471 2603 5544 ’4⁸
2629 5470 2929 5544 ἢ-ἀρα-Ο,
2965 5472 3031 5544 εῖῇ
3067 5471 3174 5544 ἀρα
3216 5469 3281 5544 D.
3437 5476 3561 5544 ante
3587 5469 3619 5523 6

370 5526 669 5618 addacCO.
723 5533 791 5618 ﬂ“
821 5526 1055 5618 ὁρῶῇες
1075 5553 1141 5618 ιι).
1178 5537 1320 5618 ὁρῶν
1356 5526 1570 5618 τιέρδ
1605 5540 1681 5618 ,⁸⁸
1708 5541 1757 5593 οἱ
1782 5539 2291 5618 παρεπιθυμοῦντες
2398 5526 2544 5618 ῦπαρ
2573 5526 3057 5618 ἐπὶθυμοῦντεςβίξ.
3105 5526 3196 5618 1"
3238 5526 3618 5618 ἐπεθυμοῦμεν

368 5602 523 5711 agt
552 5603 762 5711 conpl?
790 5644 806 5671 ,
834 5602 1284 5677 ἕπιθυμρῦμενᾘ.
1398 5609 1443 5641 ⁸⁷
1459 5610 1801 5711 ἐζητησαμεν
1825 5602 1971 5680 cnnj.
2001 5602 2440 5692 Sc'hliema'nnus,
2479 5602 2671 5692 Clem"
2695 5602 2753 5681 p:
2784 5614 2906 5676 191,
2939 5602 3061 5667 569.
3106 5612 3164 5666 S.
3276 5613 3321 5643 "
3346 5602 3499 5664 εξῧών
3518 5602 3592 5665 Ὀ

504 5690 569 5711 I-n
598 5692 626 5711 Ir
652 5693 677 5711 ρ
806 5678 997 5711 nrmhnl
1042 5677 1291 5711 Ion-annm
1393 5679 1459 5711 ίοο
1494 5689 1595 5711 unJ.
1637 5700 1679 5711 ρ.
1712 5680 1756 5711 Π
1808 5682 1943 5711 Tum
1981 5683 2103 5711 -.ι-3
2133 5698 2192 5711 Av
2220 5692 2422 5711 Λιιιιιιιηί
2487 5684 2544 5711 Ιί
2579 5685 2751 5711 -..ι-τ..
2783 5692 3008 5711 ..ιΑ-τ-..Α
3052 5685 3174 5711 ιιι-ιη-
3233 5684 3329 5711 ΑΛ..
3458 5681 3472 5710 Ι
3498 5679 3592 5711 Νη-

370 5675 415 5758 ?
454 5673 569 5758 Pro
598 5673 753 5758 τιςρ
775 5673 1017 5758 ,βτξειιθιξ
1042 5673 1332 5758 Ιθςὶιιηᾳω..
1393 5679 1459 5711 ¹⁰⁰
1981 5683 2106 5758 ποιῇ
2131 5673 2447 5758 exctmjrct}
2487 5683 2545 5758 Ci
2579 5673 2751 5758 ποιεῖν
2776 5673 3197 5758 uterquehom.
3231 5684 3351 5758 eqd.
3402 5754 3414 5758 _
3458 5681 3472 5710 ¹
3494 5679 3615 5735 Non

372 5743 573 5815 legitur
610 5745 743 5817 πρός
773 5743 827 5801 in
860 5744 1115 5804 Turriani
1141 5748 1371 5818 epistola
1409 5743 1751 5820 prolitiiinari
1784 5754 1851 5811 ad
1882 5743 2131 5824 Hosiutii,
2165 5754 2254 5809 ubi
2288 5743 2469 5809 locum
2494 5754 2644 5810 citat.
2672 5754 2732 5810 Ω.
2758 5743 2935 5827 ,ῡεεεί
2969 5756 3134 5812 etiam
3168 5756 3223 5811 in
3270 5753 3454 5811 Ottob.
