4048 6146
430 277 522 332 ιοι

1476 271 1931 328 CLEMENTINA.
1971 301 2039 312 —-
2073 268 2356 326 llOMlLlA
2392 267 2549 323 XVII.

3560 263 3667 318 ιοιι

492 393 656 466 350
690 391 880 449 XVIII.
915 392 1101 458 οὕτως
1143 391 1252 464 γάρ
1294 390 1462 462 κάμοὶ
1503 391 1611 445 ἀπὸ
1652 390 1746 444 τοῦ
1785 388 1997 460 Πατρδς

2167 385 2355 440 XVIII.
2399 385 2492 440 Sic
2536 385 2682 440 enim
2733 394 2787 440 et
2821 385 2953 440 mihi
2999 399 3027 438 a
3077 383 3238 439 Patre
3281 381 3552 438 revelatus
3582 391 3666 434 est

421 485 783 557 ἀπεκαλύφθη
811 487 842 540 ό
870 485 1016 549 Υίός.
1059 485 1150 538 Διὸ
1170 481 1288 539 οἶδα
1327 484 1413 548 τίς
1452 484 1682 555 δύναμις
1718 479 1994 536 ἀποκαλύ-

420 576 600 646 ψεως,
643 575 737 644 ἀφ’
759 574 952 630 ἑαυτοῦ
993 573 1198 646 μαθὼν.
1228 575 1380 645 Ἅμα
1411 572 1520 646 γὰρ
1551 573 1630 645 τῷ
1662 573 1754 628 τὸν
1793 571 1998 644 Κύριον

423 661 674 724 εἰπεϊν¹¹,
697 662 834 716 Τίνα
850 659 1036 715 αὐτὸν
1051 661 1362 732 λέγουσιη
1373 664 1467 716 καὶ
1481 662 1670 725 ἄλλους
1692 661 1818 717 ἄλλο
1840 679 1894 715 τι
1912 660 1999 714 λέ-

424 770 622 822 γοντας
645 752 806 806 αὐτὸν
825 753 1122 822 ἀκηκοότος
1143 753 1299 825 ἐμοῦ,
1323 755 1416 808 ἐπὶ
1433 755 1532 825 τῆς
1557 754 1785 826 καρδίας
1806 752 1992 825 ἀνέϐη·

424 846 528 899 οὐκ
562 843 678 899 οἶδα
706 840 800 898 οὖν
849 844 967 908 πῶς
991 840 1141 899 εἷπον
1160 863 1174 877 ·
1210 845 1293 900 Σὺ
1317 847 1374 900 ετ
1399 849 1432 901 ὁ
1471 845 1604 912 Υἱὸς
1649 845 1755 900 τοῦ
1787 843 2001 910 ζῶντος

428 936 597 990 Θωῦ.
643 934 746 988 Τδν
795 935 854 990 δὲ
907 935 1292 1010 μακαρίσαντά
1333 954 1401 1008 με
1447 937 1684 1008 μηνῦσαί
1734 955 1862 1010 μοι,
1909 936 2002 990 τὸν

426 1025 851 1095 ἀποκαλύψαντα
877 1027 1096 1098 Πατέρα
1123 1023 1292 1093 εἶναι,
1329 1028 1431 1099 ἐμὲ
1479 1029 1536 1084 δὲ
1563 1029 1751 1085 έκτοτε
1786 1031 1999 1104 μαθεῖν,

425 1118 510 1170 δτι
528 1118 589 1172 τὸ
611 1118 939 1183 ἀδιδάκτως,
966 1120 1093 1175 ἀνευ
1126 1120 1390 1184 ὀπτασίας
1419 1123 1514 1176 καὶ
1547 1121 1769 1194 ὀνείρων
1813 1122 2003 1195 μαθεῖν

425 1210 767 1281 ἀποκάλυψις
805 1212 970 1265 ἐστιν.
1009 1212 1119 1265 Καὶ
1160 1211 1375 1284 ἀληθῶς
1402 1212 1576 1276 οὕτως
1605 1213 1742 1284 ἔχει.
1783 1215 1870 1268 Ἐν
1895 1214 2004 1290 γὰρ

426 1305 492 1374 τῇ
519 1305 576 1356 ἐν
600 1306 736 1375 ἡμῖν
775 1305 841 1357 ἐκ
871 1303 1006 1358 Θεοῦ
1031 1305 1247 1379 τεθείσῃ
1284 1307 1673 1378 σπερματικῶς
1696 1307 1938 1382 [καρδίᾳ]
1961 1310 2005 1342 ιε

429 1395 578 1450 πᾶσα
603 1395 810 1448 ἔνεστιν
843 1396 876 1466 ἡ
909 1396 1157 1469 ἀλήθεια,
1196 1395 1331 1450 Θεοῦ
1358 1396 1414 1450 δὲ
1445 1399 1588 1470 χειρὶ
1624 1398 1883 1452 σκέπεται
1912 1399 2007 1452 καὶ

427 1484 893 1548 ἀποκαλύπτεται,
913 1486 1008 1540 τοῦ
1033 1485 1380 1557 ἐνεργοῦντος
1401 1486 1446 1518 ίδ
1471 1486 1533 1539 τὺ
1560 1487 1680 1540 κατ’
1707 1487 1862 1554 ἀξίαν
1880 1487 2008 1542 ἐκά-

430 1595 560 1633 στου
586 1579 804 1643 είδότος.
834 1578 907 1631 Τὸ
927 1577 984 1632 δὲ
1010 1577 1210 1644 ἔξωθεν
1230 1577 1296 1630 δι’
1323 1576 1601 1631 ὀπτασιῶν
1629 1579 1722 1631 καὶ
1743 1577 2007 1633 ἐνυπνίων

428 1669 730 1741 δηλωθῆναι
748 1687 823 1733 τι,
844 1669 927 1722 ὅτι
946 1669 1046 1722 οὐκ
1065 1668 1210 1722 ἐστιν
1230 1666 1643 1738 ἀποκαλύψεως,
1660 1667 1794 1722 ἀλλά
1814 1668 2004 1742 ὀργῆς,

2100 477 2291 534 Filius.
2317 477 2500 545 Quare
2533 478 2682 544 novi,
2709 493 2832 548 quae
2865 477 2940 533 sit
2981 475 3328 532 revelationis
3362 474 3468 540 vis,
3514 489 3543 528 a
3579 488 3670 526 me

2099 567 2218 638 ipso
2250 568 2498 623 edoctus.
2526 565 2661 621 Nam
2695 566 2858 622 simul
2893 583 2958 621 ac
2984 567 3248 622 Dominus
3291 560 3668 633 interrogavit,

2097 675 2258 730 quem
2292 675 2417 714 eum
2445 659 2722 726 dicerent,
2768 667 2823 712 et
2865 673 2968 728 ego
2995 658 3136 713 alios
3174 657 3323 713 aliud
3373 655 3504 725 quid
3547 667 3676 709 csse

2099 765 2223 805 eum
2260 749 2653 820 respondentes
2683 748 2904 816 audivi,
2948 749 3002 803 in
3044 764 3141 804 cor
3169 763 3348 804 meum
3385 744 3674 809 ascendit,

2101 858 2200 898 nec
2233 858 2364 898 vero
2398 842 2550 908 scio,
2576 858 2685 913 qua
2727 841 2939 896 ratione
2971 841 3203 896 dixerim
3233 859 3248 896 :
3300 839 3378 894 Tu
3408 855 3462 893 es
3493 834 3541 891 F
3545 837 3670 890 ilius

2100 933 2200 989 Dei
2239 935 2340 990 rivi
2367 947 2417 988 ι.
2449 933 2541 990 Ille
2577 944 2758 990 autem
2801 933 3021 988 beatum
3058 947 3145 986 me
3176 930 3479 1002 praedicans
3523 925 3671 981 indi-

2101 1028 2245 1081 cavit
2301 1028 2465 1096 milii,
2510 1044 2636 1084 eum
2661 1067 2678 1094 ,
2719 1028 2814 1099 qui
2860 1025 3228 1085 revelaverat,
3263 1021 3479 1076 Patrem
3511 1031 3670 1082 esse,

2105 1130 2269 1191 atque
2299 1136 2369 1176 ex
2411 1135 2478 1176 eo
2513 1131 2761 1191 tempore
2817 1119 3027 1185 didici,
3074 1115 3463 1173 revelationem
3511 1122 3675 1176 esse,

2103 1214 2325 1284 quando
2367 1215 2574 1284 absque
2628 1221 2960 1284 praeceptore
3000 1219 3055 1266 et
3101 1209 3312 1264 visione
3337 1222 3405 1261 ac
3442 1200 3674 1259 somniis

2103 1308 2406 1364 erudimur.
2443 1309 2522 1363 Ac
2553 1322 2682 1362 vere
2729 1306 2804 1360 ita
2855 1304 3036 1359 habet.
3083 1300 3365 1372 Siquidem
3398 1297 3452 1351 in
3486 1295 3673 1358 corde.

2105 1399 2253 1470 quod
2295 1400 2346 1453 iu
2377 1399 2536 1454 nobis
2567 1398 2755 1470 posuit
2777 1396 2941 1460 Deus,
2967 1393 3220 1448 universa
3247 1393 3419 1446 instar
3450 1385 3676 1444 seminis

2105 1491 2250 1547 inest
2281 1492 2482 1548 veritas
2507 1531 2523 1556 ,
2581 1491 2780 1562 tegitur
2829 1504 2960 1544 vero
2991 1503 3055 1543 ac
3081 1485 3353 1542 revelatur
3385 1495 3549 1537 manu
3584 1476 3677 1532 Dei

2104 1586 2384 1654 operantis
2435 1601 2501 1640 ac
2570 1585 2910 1656 singulorum
2964 1582 3218 1636 meritum
3271 1572 3674 1647 cognoscentis.

2107 1674 2462 1732 Extrinsecus
2485 1684 2670 1731 autem
2699 1690 2794 1747 per
2827 1673 3066 1730 visiones
3095 1680 3150 1727 et
3176 1669 3447 1726 insomnia
3472 1665 3677 1736 aliquid

431 1762 698 1831 φαίνεται.
716 1761 895 1832 Πέρας
917 1760 1048 1830 γοῦν
1071 1761 1378 1833 γέγραπται
1409 1763 1465 1815 ἐν
1487 1761 1567 1833 τῷ
1593 1761 1740 1834 νόμῳ
1759 1762 1840 1816 ὅτι
1859 1763 2009 1834 ὀργι-

2112 1769 2377 1827 declarari
2401 1809 2416 1834 ,
2451 1776 2675 1838 apparet
2708 1782 2815 1821 non
2849 1780 2970 1821 esse
3001 1761 3384 1824 revelationis,
3414 1759 3506 1815 scd
3559 1759 3674 1813 ira.

435 1853 580 1917 σθεὶς
606 1854 635 1905 ὁ
664 1853 796 1916 Θεὸς
828 1851 1037 1924 Ἀαρὼν
1063 1853 1158 1906 καὶ
1182 1853 1414 1926 Μαριάμ
1437 1853 1539 1926 ἔφη
1557 1871 1571 1884 ο
1608 1854 1748 1908 Ἐὰν
1773 1853 2012 1923 ἀναστῇ

433 1941 742 2012 προφήτης
779 1942 849 2008 ἐξ
889 1941 1082 2012 ὑμῶν,
1111 1943 1185 1996 δι’
1227 1943 1535 2014 ὁραμάτων
1573 1945 1671 1998 καί
1713 1945 2013 2000 ἐνυπνίων

432 2034 594 2101 αὐτῷ
635 2035 1113 2106 γνωρισθήσομαι
1135 2075 1152 2100 ,
1195 2037 1309 2104 οὐχ
1349 2037 1538 2103 οὕτως
1571 2036 1641 2091 δὲ
1670 2037 1753 2105 ὡς
1784 2037 2013 2106 Μωῦσῇ

434 2125 515 2192 τῷ
565 2124 880 2194 θεράποντι
919 2144 1069 2195 μου,
1114 2125 1204 2180 ὅτι
1253 2126 1324 2181 ὲν
1381 2126 1528 2181 εῖδει
1581 2125 1681 2181 καὶ
1744 2127 1817 2182 οὐ
1867 2126 1942 2181 δι’
1969 2127 2013 2160 ¹⁸

432 2216 735 2271 ἐνυπνίων
759 2215 1014 2282 λαλήσω
1059 2216 1209 2285 πρὸς
1236 2216 1444 2282 αὐτὸν,
1475 2218 1556 2285 ὡς
1583 2218 1729 2285 εἴτις
1753 2218 2015 2285 λαλήσει

441 2307 591 2376 πρὸς
615 2309 726 2362 τὸν
760 2308 977 2363 ἑαυτοῦ
1009 2311 1210 2379 φίλον.
1243 2309 1405 2382 Ὁρᾷς
1445 2309 1567 2380 uti);
1597 2309 1667 2364 τά
1709 2309 1810 2382 τῆς
1845 2311 2015 2383 ὀργῆς

441 2397 510 2452 δι’
538 2399 828 2470 ὁραμάτων
870 2399 966 2453 καὶ
999 2400 1292 2464 ἐνυπνίων,
1320 2399 1389 2454 τὰ
1416 2400 1473 2454 δὲ
1507 2399 1664 2471 351
1695 2401 1832 2472 πρὸς
1863 2401 2015 2472 φίλον

439 2490 614 2561 στόμα
629 2489 772 2544 κατὰ
807 2491 1001 2561 στόμα,
1041 2492 1098 2545 ἐν
1148 2490 1300 2554 εῖδει,
1329 2492 1424 2545 καὶ
1459 2491 1521 2545 οὐ
1562 2491 1630 2545 δι’
1677 2493 2015 2564 αἰνιγμάτων

440 2583 535 2636 καὶ
563 2582 855 2654 ὁραμάτων
883 2582 977 2635 καί⁵
1003 2581 1268 2636 ἐνυπνίων
1291 2582 1358 2646 ⁸⁸,
1384 2582 1462 2645 ὡς
1496 2582 1634 2654 πρὸς
1660 2583 1870 2654 ἐχθρόν.

512 2672 654 2728 XIX.
692 2674 755 2727 Ei
774 2673 815 2704 "
847 2673 945 2744 μὲν
967 2669 1058 2727 οὖν
1084 2674 1179 2727 καὶ
1213 2675 1296 2727 σοὶ
1321 2675 1350 2727 ὁ
1381 2673 1586 2746 Ἰησοῦς
1613 2673 1770 2745 ἡμῶν
1794 2673 1862 2728 δι’
1883 2674 2015 2746 ὁρά-

443 2783 613 2837 ματος
639 2766 824 2836 ὸφθεὶς
846 2763 1092 2836 ἐγνώσθη
1125 2767 1217 2820 καὶ
1236 2765 1530 2838 ὡμίλησεν,
1553 2767 1629 2830 ὡς
1657 2767 2016 2839 ἀντικειμένῳ

437 2855 812 2929 ὀργιζόμενος,
862 2856 944 2910 διὸ
984 2856 1052 2909 δι’
1089 2855 1381 2928 ὁραμάτων
1416 2857 1511 2910 καὶ⁵
1549 2857 1876 2928 ἐνυπνίωνῆ
1920 2859 2016 2911 καὶ

438 2948 510 3002 δι’
545 2947 938 3017 ἀποκαλύψεων
970 2947 1166 3014 ἔξωθεν
1190 2948 1364 3014 οὐσιῖιν
1385 2947 1662 3020 ἐλάλησεν.
1688 2947 1757 3001 Ei
1771 2949 1818 2983 ⁸⁸
1848 2965 1931 3012 τις
1958 2948 2014 3002 δὲ

441 3039 510 3094 δι’
534 3039 801 3094 ὀπτασίαν
847 3037 985 3111 πρὸς
1015 3030 1364 3093 διδασκαλίαν
1397 3037 1718 3110 πφισθῆναι
1756 3037 2012 3104 “vacat;

444 3133 555 3186 Καὶ
581 3133 630 3184 εί
666 3131 764 3202 μὲν
791 3100 1224 3204 ἐρείςονΔυνατόν
1269 3132 1449 3195 ἐστιν,
1473 3100 1570 3184 ’διὰ
1597 3100 1649 3184 τί
1687 3131 1794 3203 ὅλῳ
1830 3100 2012 3184 ιξνιαυ-ζ
2041 3100 2085 3160 C

444 3223 524 3296 τῷ
551 3224 593 3256 ¹⁹
617 3224 729 3296 (55)
759 3223 1086 3296 ἐγρηγορόσι
1124 3222 1454 3295 παραμένων
1490 3221 1763 3295 ὡμίλησεν
1805 3223 1834 3277 ὁ
1861 3223 2014 3277 Διδά-

448 3325 675 3391 σκαλος;
712 3324 829 3388 πῶς
856 3324 913 3378 δέ
942 3341 1024 3377 σοι
1061 3324 1156 3377 καὶ
1185 3322 1546 3395 πιστεύσομεν
1588 3323 1748 3388 αὐτὸ,
1786 3307 1890 3377 κᾶν
1937 3323 2018 3377 ὅτι

445 3415 600 3488 ὤφθη
634 3431 746 3480 σοις
779 3414 906 3478 Πῶς
931 3413 989 3468 δέ
1026 3431 1108 3468 σοι
1151 3414 1246 3468 καὶ
1285 3411 1462 3485 ὤφθη,
1491 3413 1652 3467 ὁπότε
1673 3415 1718 3446 ὀ
1758 3413 1922 3467 αὑτοῦ
1951 3412 2020 3467 τά

445 3507 664 3561 ἐναντία
708 3509 781 3578 τῇ
819 3505 1139 3577 διδασκαλίᾳ
1181 3507 1436 3577 φρονεῖς;
1477 3503 1541 3556 Εί
1579 3503 1635 3556 δὲ
1678 3503 1770 3557 ὑπ’
1812 3503 2020 3558 ἐκείνου

450 3601 581 3672 μιᾶς
599 3599 747 3671 ὧρας
768 3597 955 3668 ὀφθεὶς
982 3599 1077 3652 καὶ
1106 3596 1465 3669 μαθητευθεὶς
1493 3597 1787 3662 ἀπόστολος
1809 3597 2019 3666 ἐγένου,

445 3689 549 3754 τάς
591 3689 798 3743 ἐκείνου
843 3689 1024 3758 φωνὰς
1070 3688 1331 3760 κήρυσσε,
1355 3687 1426 3742 τά
1467 3687 1677 3742 ἐκείνου
1715 3689 1981 3761 ἐρμήνευε
2004 3728 2019 3752 ,

449 3781 576 3844 τοὺς
605 3779 811 3834 ἐκείνου
835 3779 1161 3843 ἀποστόλους
1181 3778 1353 3848 φίλει,
1379 3778 1502 3849 ἐμοὶ
1527 3778 1606 3850 τῷ
1647 3777 2023 3850 συγγενομένῳ

449 3871 600 3943 αὺτῷ
624 3873 698 3944 μὴ
729 3871 922 3944 μάχου.
956 3871 1100 3943 Πρὸς
1136 3871 1245 3944 γάρ
1277 3871 1502 3943 στερεὰν
1543 3872 1746 3944 πέτραν
1773 3871 1902 3926 ὄντα
1932 3888 2020 3943 με,

454 3965 700 4036 θεμέλιον
732 3964 1078 4037 Ἐκκλησίας,
1118 3964 1358 4028 ἐναντίος
1389 3963 1726 4035 ἀνθέστηκάς
1753 3964 1923 4035 pot“.
1959 3951 2024 4017 Εί

458 4057 533 4128 μὴ
567 4055 935 4128 ἀντικείμενος
966 4051 1051 4128 ᾖς,
1073 4055 1173 4108 οὐκ
1198 4055 1264 4109 ἄν
1293 4053 1686 4126 μεδιαὸάλλων
1714 4053 1776 4107 τὸ
1800 4053 1868 4107 δι’
1889 4052 2022 4125 ἐμοῦ

454 4147 715 4216 κήρυγμα
742 4143 1030 4215 ἐλοιδόρεις
1048 4144 1116 4201 “.
1147 4143 1254 4207 ἵνα,
1276 4141 1305 4195 δ
1333 4140 1484 4213 παρά
1512 4141 1607 4195 τοῦ
1634 4142 1838 4214 Κυρίου
1864 4142 2025 4206 αὐτὸς

457 4235 646 4308 παρὼν
678 4236 910 4308 ἀκήκοα,
938 4237 1111 4306 λέγων
1139 4235 1214 4306 μὴ
1248 4234 1612 4306 πιστεύωμαι,
1640 4234 1796 4307 δῆλον
1831 4235 1913 4290 ὃτι
1949 4236 2026 4301 ὡς

458 4326 593 4397 ἐμοῦ
635 4325 1110 4395 καταγνωσθέντος
1147 4324 1244 4379 καὶ
1275 4323 1408 4396 ἐμοῦ
1427 4325 1474 4356 ³³
1503 4324 1930 4396 εὐδοκιμοῦντος.
1954 4329 2026 4381 Ἦ

2115 1857 2356 1928 Denique
2389 1858 2443 1911 in
2477 1858 2593 1926 lege
2621 1855 2882 1925 scriptum
2914 1862 3017 1920 est,
3049 1852 3216 1907 Deum
3245 1853 3444 1906 iratum
3474 1847 3680 1903 Aaroui

2111 1958 2166 2006 et
2197 1950 2379 2005 Maria!
2412 1949 2616 2006 dixisse
2643 1967 2658 2003 :
2696 1949 2756 2004 Si
2798 1947 3086 2002 surrexerit
3117 1952 3371 2018 propheta
3398 1958 3462 1998 ea:
3505 1941 3676 2012 vobis,

2111 2058 2203 2112 per
2229 2043 2452 2096 visiones
2488 2057 2551 2094 ac
2578 2040 2840 2094 insomnia
2866 2040 2914 2094 ei
2935 2038 3219 2109 apparebo,
3243 2053 3348 2091 non
3376 2045 3552 2089 autem
3577 2035 3677 2098 sic,

2113 2131 2552 2204 quemadmodum
2579 2129 2753 2202 Moysi
2793 2129 2997 2188 famulo
3029 2144 3163 2196 meo,
3188 2126 3438 2199 quoniam
3464 2125 3519 2178 in
3560 2139 3678 2192 spe-

2114 2225 2214 2292 cie,
2237 2241 2339 2278 non
2366 2235 2543 2280 autem
2581 2239 2674 2293 per
2703 2222 2967 2276 insomnia
2992 2220 3184 2291 loquar
3228 2218 3298 2273 ad
3339 2217 3475 2271 hunc
3497 2257 3511 2282 ,
3541 2217 3677 2268 velut

2114 2317 2161 2372 si
2204 2315 2321 2387 quis
2362 2315 2612 2386 loquatur
2653 2313 2722 2367 ad
2763 2313 2992 2367 amicum
3041 2327 3196 2366 suum
3244 2309 3294 2365 δ.
3320 2308 3516 2364 Cernis
3566 2321 3681 2376 quo

2117 2409 2300 2472 modo,
2333 2423 2454 2477 quae
2485 2421 2548 2460 ex
2584 2406 2687 2472 ira,
2719 2420 2815 2475 per
2859 2409 2976 2458 visa
3010 2403 3120 2458 sint
3145 2409 3200 2458 et
3229 2399 3523 2462 insomnia,
3556 2413 3679 2467 qua:

2115 2515 2244 2555 vero
2269 2498 2336 2554 ad
2382 2496 2640 2558 amicmn,
2672 2510 2736 2550 os
2766 2494 2834 2549 ad
2868 2509 2953 2560 os,
2991 2493 3044 2548 in
3080 2493 3295 2562 specie,
3331 2499 3386 2544 et
3435 2504 3541 2544 non
3588 2503 3684 2558 per

2115 2589 2404 2659 aenigmata
2434 2587 2550 2640 visa
2581 2593 2636 2639 et
2666 2583 2962 2649 insomnia,
2997 2583 3140 2637 sicut
3171 2581 3239 2636 ad
3266 2579 3572 2634 inimicum.

2183 2676 2326 2733 XIX.
2367 2677 2554 2747 Itaque
2606 2675 2650 2730 si
2691 2675 2790 2731 tibi
2822 2676 2987 2728 etiam
3034 2671 3194 2728 Iesus
3233 2683 3420 2726 noster
3463 2670 3516 2724 in
3565 2667 3688 2723 viso

2115 2778 2443 2841 conspectus
2467 2769 2719 2840 apparuit
2744 2783 2808 2824 ac
2835 2767 3050 2822 locutus
3073 2775 3176 2831 est,
3206 2775 3463 2834 tanquam
3492 2763 3687 2818 adver-

2115 2862 2262 2918 sario
2296 2863 2489 2926 iratus,
2525 2860 2646 2914 ideo
2681 2874 2777 2929 per
2805 2859 2918 2913 visa
2946 2866 3002 2912 et
3035 2857 3328 2923 insomnia,
3354 2856 3435 2911 vel
3465 2870 3690 2926 quoque

2116 2969 2211 3023 per
2264 2952 2602 3008 extrinsecas
2659 2950 3019 3032 revelationes
3063 2949 3346 3006 disseruit.
3413 2949 3497 3002 An
3555 2962 3689 3002 vero

2116 3053 2296 3114 potest
2328 3044 2530 3115 aliquis
2561 3059 2657 3114 per
2688 3043 2956 3098 visionem
2997 3041 3206 3097 institui
3234 3043 3302 3096 ad
3333 3041 3638 3096 doctrinam
3664 3038 3690 3092 ἲ

2119 3135 2272 3203 Quod
2305 3135 2352 3190 si
2412 3135 2562 3190 dicas
2587 3149 2769 3203 posse,
2817 3149 2988 3202 quare
3019 3148 3115 3204 per
3153 3147 3358 3187 annum
3413 3132 3685 3202 integrum

2119 3244 2242 3285 cum
2275 3226 2624 3296 vigilantibus
2668 3240 2993 3296 permanens
3043 3225 3346 3280 collocutus
3385 3233 3468 3279 est
3503 3222 3686 3278 Domi-

2120 3321 2267 3376 nus?
2305 3318 2370 3372 Et
2394 3334 2503 3388 quo
2535 3325 2696 3386 pacto
2727 3316 2823 3370 tibi
2856 3315 2958 3372 hoc
2987 3316 3165 3385 ipsum
3194 3316 3502 3380 credamus,
3537 3315 3686 3384 quod

2122 3412 2217 3467 tibi
2279 3409 2630 3482 apparuerit?
2680 3407 2748 3464 Et
2796 3423 2908 3478 quo
2962 3408 3122 3463 modo
3189 3407 3285 3462 tibi
3329 3407 3683 3478 apparuerit,

2120 3521 2245 3562 cum
2288 3503 2561 3560 contraria
2629 3501 2774 3557 illius
2805 3500 3067 3556 doetriuze
3112 3499 3353 3556 sentias?
3396 3498 3492 3554 Sin
3534 3516 3684 3563 vero,

2121 3598 2188 3652 ah
2210 3597 2301 3651 illo
2326 3611 2421 3666 per
2448 3610 2610 3649 unam
2635 3593 2826 3648 horam
2850 3591 3102 3647 visitatus
3123 3607 3188 3646 ac
3214 3592 3439 3647 edoctus
3460 3632 3474 3655 ,
3509 3589 3684 3649 factus

2121 3705 2180 3744 es
2223 3687 2546 3758 apostolus,
2603 3701 2766 3740 voces
2817 3684 2964 3740 illius
3027 3684 3257 3755 praedica
3289 3723 3305 3748 ,
3357 3683 3504 3738 illius
3549 3685 3686 3739 scita

2123 3784 2508 3850 interpretare,
2547 3780 2693 3836 illius
2724 3779 3001 3849 apostolos
3044 3792 3200 3843 ama,
3234 3777 3365 3832 mihi
3421 3778 3516 3848 qui
3557 3793 3682 3832 cum

2122 3891 2188 3930 eo
2223 3883 2470 3930 versatus
2509 3888 2629 3928 sum
2665 3887 2730 3926 ne
2782 3871 2979 3927 bellum
3027 3870 3256 3926 iudicas.
3310 3866 3446 3924 Nam
3493 3878 3684 3924 contra

2123 3980 2244 4029 me,
2299 3964 2510 4019 ﬁrmam
2550 3973 2753 4033 petram
2813 3971 2866 4017 et
2920 3960 3175 4017 Ecclesiae
3231 3961 3685 4028 fundamentum,

2124 4057 2471 4114 adversarius
2524 4055 2768 4112 rcstiusti
2843 4066 2891 4110 ε.
2943 4053 3058 4110 Nisi
3114 4070 3266 4112 esses
3314 4055 3685 4125 adversarius,

2124 4148 2370 4222 profecto
2389 4148 2455 4203 de
2471 4163 2557 4202 me
2579 4147 2890 4213 detrahens,
2907 4147 3346 4216 praedicationem
3369 4164 3544 4204 meam
3562 4165 3689 4220 pro-

2125 4241 2239 4298 bris
2282 4254 2392 4296 non
2419 4238 2784 4304 insectareris,
2819 4247 2898 4305 ut,
2929 4238 3021 4308 qui
3056 4239 3178 4294 dico
3201 4253 3322 4308 quae
3353 4239 3468 4310 ipse
3497 4250 3686 4299 astans

2104 4349 2158 4404 ,a
2183 4333 2417 4389 Domino
2444 4330 2650 4398 audivi,
2685 4345 2795 4386 non
2833 4329 3060 4398 credar,
3085 4332 3245 4402 quasi
3291 4332 3501 4389 scilicet
3547 4349 3686 4390 con-

457 4420 508 4472 εἰ
539 4420 980 4492 κατεγνωσμένον
1000 4436 1068 4492 με
1089 4419 1287 4488 λέγεις,
1303 4418 1438 4473 Θεοῦ
1464 4419 1558 4472 τοῦ
1580 4418 2013 4490 ἀποκαλύψαντός

2128 4424 2531 4483 demnationem
2559 4437 2792 4490 merear,
2806 4423 3057 4494 quamvis
3078 4423 3290 4479 laudari
3312 4423 3559 4481 debeam.
3579 4426 3689 4510 Aut

532 4542 560 4571 ι
597 4527 787 4585 Matth.
822 4545 935 4593 xvi.
960 4531 1047 4587 I6.

532 4600 562 4642 δ
600 4598 763 4655 Num.
792 4613 892 4668 xu,
915 4602 982 4667 6;
1009 4597 1183 4656 Exod.
1215 4615 1411 4668 χχχιιι,
1438 4600 1526 4655 II.

2195 4551 2220 4580 ο
2260 4539 2448 4597 Matth.
2483 4553 2595 4604 xvi,
2631 4536 2720 4593 I8.

1726 4711 1958 4768 VARUE
1996 4711 2394 4770 LECTIONES.

535 4808 582 4890 ξ’
604 4808 718 4890 ἐστί
747 4808 808 4862 0.
885 4807 932 4840 “
957 4805 1092 4864 Post
1131 4807 1378 4890 uesta-qn
1401 4807 1838 4890 Scbliemannus,
1863 4809 2069 4890 Cie_n_t.,
2109 4827 2164 4881 p.
2198 4809 2322 4873 I90.
2355 4809 2484 4890 569,
2509 4808 2685 4890 .addit
2701 4807 2952 4890 “nap6tqi,
3012 4804 3331 4890 conjectura
3384 4811 3682 4890 secundum

453 4877 866 4951 Schvveglerum
896 4893 1086 4951 parum
1114 4875 1416 4947 probabili,
1439 4880 1840 4951 elegantissima
1869 4875 2088 4948 quidem
2110 4875 2178 4940 cx
2212 4896 2332 4935 mea
2375 4878 2655 4951 opinione.
2700 4875 2872 4951 Etiam
2902 4875 3123 4951 parvula
3168 4877 3359 4951 lacuna
3380 4917 3398 4942 .
3431 4896 3596 4951 quam
3629 4883 3684 4939 in

464 4964 571 5004 ms.
599 4948 776 5003 Ottob.
831 4947 1000 5003 habes
1030 4956 1153 5022 post
1185 4949 1568 5022 σπερματικῶς
1599 4950 1788 5022 deesse
1828 4947 2071 5022 “aliquid
2098 4951 2238 5022 satis
2277 4947 2492 5022 probat.
2563 4949 2873 5022 "Gotelerii
2903 4947 3294 5022 _’_iutcrprctatio
3342 4947 3467 5022 n_on'
3508 4961 3686 5022 potest

463 5027 720 5090 constare
743 5033 867 5072 cum
900 5015 1046 5073 textu
1090 5015 1447 5084 Graecofuisi
1474 5028 1596 5087 post
1629 5015 1978 5089 ἐνεργοῦντος
2009 5020 2241 5075 addatur
2269 5015 2531 5090 particula
2559 5020 2672 5074 καί.
2698 5021 2781 5090 Διί
2802 5015 2954 5090 nihil,
2975 5019 3315 5090 mutandum.
3360 5017 3441 5074 Tu
3493 5015 3640 5077 verte
3667 5041 3682 5078 :

466 5085 577 5160 Qui
601 5097 848 5160 operatur
875 5097 1102 5160 tantum,
1121 5099 1377 5160 quantum
1398 5085 1623 5160 meretur
1651 5085 2000 5160 unusquisque
2025 5092 2214 5160 sciens.
2234 5085 2321 5160 S'._
2369 5092 2412 5124 “
2429 5090 2518 5144 διά
2539 5090 2609 5160 C.
2670 5089 2880 5160 ξένω).
2903 5087 3042 5142 τάδέ
3062 5088 3280 5160 ⁸ξτρὺς-
3295 5091 3388 5143 καὶ
3421 5092 3686 5148 ἐνυπνίων

464 5154 1020 5232 desiderantur-inp.
1101 5154 1145 5232 f7
1163 5159 1211 5210 εί
1252 5156 1319 5232 Si
1343 5159 1385 5212 0
1413 5196 1427 5219 ,
1517 5157 1557 5211 (Ξ
1587 5159 1704 5232 ,_de
1724 5154 2068 5232 quofa'llitur
2097 5158 2155 5232 S.
2236 5155 2328 5232 ‘fﬁ
2363 5161 2553 5232 scribit
2593 5154 3344 5232 Sclilieina_m_rus__Qlem._,_p.
3374 5160 3514 5232 I32.
3557 5163 3683 5220 569.

465 5229 614 5282 Idem
641 5227 751 5297 legi
781 5227 896 5297 v_u_lt
922 5227 1186 5290 ὀπτασίας
1213 5243 1268 5296 p.
1295 5225 1571 5297 ὀπτασίαν.
1598 5227 1655 5282 S.

465 5297 598 5352 L'itt.
629 5295 773 5366 Zta.,
809 5295 904 5350 Nr.
935 5299 1024 5362 80,
1089 5335 1104 5350 .
1145 5295 1278 5359 659;
1313 5297 1476 5363 Baur,
1502 5295 1713 5353 Kanon.
1749 5315 1954 5370 evang.,
2025 5341 2038 5355 .

469 5385 561 5426 μοι
581 5371 643 5422 0.
701 5369 841 5422 “Ita
869 5369 911 5420 0
962 5383 1012 5423 c.
1041 5312 1085 5421 ἕ
1106 5407 1123 5426 .
1159 5367 1431 5426 ἐλοιδόρης
1467 5367 1530 5421 C.
1605 5367 1793 5426 "Leti.
1837 5371 1930 5426 μή.
1959 5315 2060 5426 CPot

468 5385 561 5492 μοι
581 5371 643 5422 0.
701 5370 746 5400 ¹²
763 5369 841 5422 Ita
869 5369 911 5420 0
962 5383 1012 5423 c.
1041 5367 1081 5421 S
1106 5407 1123 5430 ,
1159 5367 1431 5439 ἐλοιδόρῃς
1467 5367 1530 5421 C.
1605 5369 1649 5400 "
1668 5367 1793 5438 Leg.
1836 5367 1930 5442 μή.

495 5440 617 5492 dem
644 5436 1088 5492 κατεγνωσμένον
1113 5446 1170 5492 et
1193 5447 1351 5492 antea
1385 5437 1856 5492 καταγνωσθέντος
1884 5457 1930 5492 c.

1737 5225 1778 5265 "
1792 5227 1908 5285 Cir.
1937 5229 2201 5298 Neander,
2241 5225 2428 5284 Kirclt.
2462 5229 2672 5296 Gesch,
2701 5245 2742 5293 ι,
2763 5229 2817 5293 2,
2843 5228 2980 5295 6‘25;
3015 5225 3332 5298 Hilgenfeld,
3379 5229 3528 5287 Hall.
3553 5233 3684 5298 allg.

2076 5251 2201 5298 mer,
2241 5251 2428 5284 nrrcu.
2462 5251 2672 5296 υεκση..
2702 5251 2742 5293 1,
2764 5251 2817 5293 z,
2843 5251 2980 5295 020;
3015 5251 3332 5298 nugemciu,
3379 5251 3528 5287 nau.
3553 5251 3627 5286 au
3665 5273 3684 5292 .

2076 5300 2270 5375 565μὸ.
2302 5299 2656 5375 ⁸θῄὁῖιφθησαψ
2694 5299 2823 5352 πότε
2864 5301 2926 5352 Ο.
3002 5299 3045 5375 1‘
3059 5299 3313 5375 ἐναντίως
3355 5251 3687 5375 pssimi;

2061 5371 2212 5425 elerii
2241 5372 2418 5426 versio
2441 5365 2592 5426 stare
2623 5385 2731 5426 nou
2761 5377 2968 5439 potest.
3003 5365 3061 5422 S.
3097 5366 3340 5439 sequens
3377 5372 3426 5424 εί
3463 5365 3579 5428 om:
3621 5365 3684 5431 οἱ

495 5440 617 5494 iletn
644 5436 1088 5508 κατεγνωσμένον
1113 5446 1170 5492 et
1193 5436 1351 5494 antea
1372 5436 1856 5507 ’καταγνωσθέντος
1884 5436 1932 5494 c.
1973 5439 2012 5494 S
2039 5480 2055 5507 ,
2086 5440 2540 5513 καταγνωσμένον
2553 5449 2607 5496 et
2630 5436 3095 5509 κατεγνωσθέντος
3116 5436 3177 5494 C.

1761 5551 2125 5615 VARIORUM
2153 5557 2380 5614 NOTAE.

545 5641 658 5710 (55)
700 5642 860 5713 ὀλφ
885 5641 1153 5709 ἐνιαυτῷ.
1193 5643 1359 5711 Quasi
1391 5643 1640 5702 Christus
1682 5664 1848 5702 unum
1879 5648 2022 5703 dun-

475 5720 626 5768 taxat
645 5727 848 5768 annum
880 5713 1271 5784 praedicaverit,
1296 5725 1348 5772 et
1384 5733 1506 5772 cum
1549 5719 1805 5788 apostolis
1833 5719 2018 5775 convi-

2130 5651 2308 5714 xerit,
2347 5653 2499 5721 juxta
2522 5649 2840 5707 sententiam
2884 5649 3064 5705 minus
3091 5663 3271 5704 veram
3307 5651 3596 5708 multorum
3621 5671 3688 5713 ex

2127 5722 2385 5791 antiquis,
2411 5724 2785 5778 haereticorum
2812 5723 3008 5792 pariter
3030 5734 3078 5776 et
3091 5721 3516 5780 Catholicoruut.
3551 5725 3684 5780 Cor.
