4040 6146
389 310 496 366 405

388 513 520 568 lavit
549 529 799 581 accusas,
825 525 879 571 et
913 517 966 571 in
997 532 1122 572 eum
1162 517 1256 586 qui
1291 531 1379 570 me
1427 527 1647 586 propter
1671 515 1960 570 revelatio-

389 621 513 660 nem
560 607 779 661 beatum
807 609 1121 678 praadicavit
1166 608 1464 664 inveheris.
1499 608 1604 663 Sed
1639 608 1685 662 si
1735 610 1958 678 quidem

387 711 515 750 vere
543 697 700 765 cupis
749 697 1129 753 adminiculari
1164 700 1422 766 veritati,
1461 702 1694 768 primum
1734 715 1765 753 a
1801 700 1959 756 nobis

387 785 559 853 disce,
594 803 715 857 qua:
746 803 846 842 nos
874 789 943 843 ab
976 803 1044 843 eo
1076 789 1391 857 didicimus,
1416 798 1472 845 et
1505 789 1683 847 factus
1717 789 1961 846 veritatis

387 879 691 948 discipulus
717 879 816 934 ﬁas
850 888 1036 935 noster
1066 881 1306 952 adjutor.

457 969 578 1025 XX.
621 969 716 1025 His
767 972 969 1026 auditis
997 971 1185 1026 Simon
1230 973 1407 1028 dixit:
1458 972 1616 1029 Absit
1649 981 1708 1029 ut
1739 989 1841 1044 ego
1873 974 1959 1030 vel

384 1061 534 1118 illius
567 1062 649 1118 vel
680 1072 808 1119 tuus
841 1063 944 1118 sim
979 1063 1304 1134 discipulus.
1334 1063 1520 1136 Neque
1553 1066 1698 1120 enim
1737 1065 1955 1136 ignoro,

385 1171 508 1226 qua:
551 1169 885 1224 cognoscere
920 1165 1135 1226 Oportet
1167 1175 1180 1211 :
1221 1173 1284 1212 ea
1321 1172 1452 1212 vero
1489 1167 1746 1228 tanquam
1793 1157 1960 1212 disci-

387 1256 545 1302 turus
594 1247 1022 1318 interrogabam,
1074 1255 1132 1302 ut
1190 1262 1542 1318 agnoscerem
1572 1287 1588 1312 ,
1645 1263 1715 1302 au
1766 1263 1959 1319 posses

387 1337 679 1393 ostendere
723 1338 990 1394 visionem
1037 1339 1310 1393 evidentia
1341 1353 1464 1393 esse
1516 1337 1954 1393 ineﬂicaciorem.

386 1427 457 1482 At
489 1437 546 1482 tu
586 1428 1044 1498 quemadmodum
1072 1427 1298 1482 voluisti
1339 1424 1557 1483 locutus
1588 1443 1648 1483 es
1670 1469 1684 1493 ,
1719 1442 1822 1481 nec
1865 1426 1960 1480 de-

389 1516 731 1571 monstrasti.
764 1515 830 1575 Et
855 1532 1023 1583 nunc,
1051 1517 1280 1573 veniens
1311 1532 1434 1572 cras
1455 1517 1522 1572 ad
1550 1531 1858 1571 sermonem
1891 1516 1960 1570 de

391 1605 523 1674 Deo,
557 1623 718 1678 quem
743 1607 1059 1664 Creatorem
1092 1607 1361 1675 alﬁrmas,
1392 1608 1637 1678 probabo
1669 1607 1820 1661 illum
1848 1622 1956 1661 non

385 1713 509 1755 esse
556 1715 874 1770 supremum
921 1716 987 1756 ac
1035 1701 1241 1756 bonum
1270 1741 1286 1770 ,
1337 1709 1493 1756 tuum
1535 1715 1754 1771 quoque
1796 1697 1961 1770 Magi-

1203 310 1262 366 S.
1300 309 1735 369 CLEMENTISI
1777 311 1940 366 ROM.
1979 309 2179 364 PONT.
2221 307 2449 363 OPERA
2485 309 2711 366 DUBIA.

388 424 434 477 si
471 438 558 479 me
592 422 938 490 reum—dicis,
973 425 1143 481 Deum
1171 426 1264 495 qui
1301 425 1434 480 mihi
1482 423 1760 480 Christum
1795 437 1954 478 reve~

2065 437 2152 489 μοι
2181 419 2270 472 τὸν
2295 420 2530 490 Χριστὸν
2561 421 2903 492 κατηγορεῖς,
2933 418 3026 472 καὶ
3052 416 3145 470 τοῦ
3175 417 3267 470 ἐπὶ
3299 416 3643 485 ἀποκαλύψει
3757 485 3760 488 ,

3539 303 3638 357 404

2066 511 2471 582 μακαρίσαντός
2501 510 2661 582 352
2695 528 2759 582 με
2807 511 3136 582 κατατέρεις
3153 510 3218 563 ’⁸.
3277 507 3416 561 Ἀλλ’
3460 509 3645 562 ὲπεί²⁵

2063 618 2170 674 περ
2222 602 2438 674 ἀληθῶς
2492 605 2558 673 τῇ
2609 602 2836 673 ἀληθείᾳ
2875 603 3202 674 συνεργῆσαι
3243 600 3458 666 θέλεις,
3507 600 3645 673 μάθε

2060 691 2277 763 πρῶτον
2309 693 2438 764 παρ’
2466 693 2643 764 ἡμῶν,
2676 693 2710 748 ἀ
2751 696 2910 765 ἡμεῖς
2940 693 3070 766 παρ’
3097 693 3305 747 ἐκείνου
3344 693 3643 766 ἐμάθομεν,

2061 787 2156 838 καὶ
2188 785 2437 860 μαθητὴς
2467 786 2725 859 ἀληθείας
2751 784 2989 855 γεγονὼς
3017 786 3175 856 γενοῦ
3203 788 3334 860 ἡμῖν
3363 787 3643 859 συνεργός.

2129 961 2249 1016 XX.
2293 960 2479 1015 Ταῦτα
2512 964 2540 1016 6
2589 961 2770 1034 Σίμων
2795 961 3037 1024 ἀκούσας
3061 960 3187 1034 έφη-
3226 960 3417 1032 Ἀπείη
3460 978 3550 1032 μοι
3583 959 3646 1015 τὸ

2059 1054 2170 1108 εἴτε
2189 1055 2233 1086 ²⁶
2257 1055 2486 1118 ἐκείνου,
2519 1053 2629 1108 εἴτε
2661 1071 2753 1108 σου
2782 1055 3034 1123 γενέσθαι
3063 1053 3332 1126 μαθητήν.
3374 1054 3508 1107 Οὑδέ
3536 1052 3645 1126 γάρ

2059 1148 2238 1218 ἀγνοῶ
2265 1147 2300 1202 ἀ
2327 1148 2408 1201 δεῖ
2434 1145 2741 1217 γινώσκειν·
2773 1146 2808 1201 ἀ
2841 1147 2896 1200 δέ
2918 1147 2994 1211 ὡς
3025 1145 3308 1218 μανθάνων
3339 1147 3641 1219 ἐπυθόμην,

2059 1241 2147 1297 ἵνα
2178 1240 2271 1294 ῐδω
2291 1241 2335 1272 ⁵⁷
2380 1242 2426 1292 εί
2452 1239 2674 1294 δύνασαι
2715 1241 2979 1304 ὀπτασίας
3012 1238 3296 1312 ἐνέργειαν
3324 1237 3641 1310 ἐναργεστέ-

2063 1347 2161 1396 ραν
2183 1330 2229 1361 ’⁸
2259 1329 2450 1395 δεῖξαι.
2475 1329 2546 1382 Σὺ
2576 1329 2632 1383 δέ
2663 1329 2739 1393 ὼς
2761 1329 3048 1401 ἠθέλησας,
3081 1324 3259 1392 εἶπας,
3285 1329 3386 1381 οὐκ
3412 1326 3640 1392 ἔδειξας.

2061 1422 2170 1475 Kal
2202 1419 2297 1474 νῦν
2331 1419 2519 1493 αῦριόν
2550 1438 2632 1475 σοι
2663 1423 2743 1485 είς
2767 1421 2857 1473 τδν
2895 1422 3025 1492 περὶ
3047 1419 3203 1484 Θεοῦ,
3229 1413 3290 1474 οὗ
3329 1416 3643 1490 διισχυρίζῃ

2058 1510 2392 1582 δημιουργοῦ
2417 1551 2431 1574 ,
2481 1509 2648 1564 ἐλθὼν
2697 1511 2790 1564 καὶ
2823 1510 3126 1582 διαλεχθεὶς
3167 1508 3324 1575 δείξω
3361 1509 3436 1579 μὴ
3479 1507 3643 1562 αὑτὸν

2059 1596 2199 1656 εῖναι
2223 1601 2496 1655 ἀνώτατον
2519 1603 2614 1655 καὶ
2633 1603 2682 1634 ¹⁹
2709 1601 2931 1672 ἀγαθὸν,
2955 1602 3157 1655 καὶτὸν
3186 1601 3278 1654 σὺν
3298 1600 3354 1653 δέ
3374 1599 3642 1653 Διδάσκα-

2059 1689 2151 1744 λον
2201 1690 2271 1743 τά
2321 1691 2463 1744 αὐτά
2510 1708 2602 1763 μοι
2661 1691 2976 1763 εἰρηκέναι,
3021 1691 3079 1743 σὲ
3107 1691 3164 1743 δὲ
3214 1691 3289 1762 μὴ
3329 1688 3644 1761 νενοηκέναι

386 1802 562 1847 strum
588 1793 780 1847 eadem
809 1809 1020 1848 mecum
1050 1793 1276 1861 dixisse,
1300 1802 1350 1848 te
1376 1803 1558 1847 autem
1587 1807 1815 1863 arguam
1846 1807 1955 1846 non

2065 1783 2283 1852 ἐλέγξω.
2303 1783 2410 1836 Kal
2435 1781 2607 1836 ταῦτα
2638 1782 2807 1837 είπὼν
2835 1783 3002 1855 ἐξῄει,
3043 1785 3124 1847 είς
3168 1781 3203 1837 ἀ
3248 1783 3556 1854 προέτεινεν
3579 1781 3643 1834 οὗ

387 1884 739 1941 intellexisse.
779 1885 958 1955 Atque
1010 1897 1134 1956 post
1173 1886 1288 1940 haec
1330 1885 1476 1940 dicta
1533 1883 1708 1950 exiit,
1767 1883 1958 1939 nolens

388 1973 597 2032 audire
619 1975 688 2032 ad
724 1991 788 2033 ea
823 1992 945 2048 quae
979 1985 1361 2048 proposuerat.

916 2161 1203 2218 HOMILIA
1243 2160 1430 2217 XVIII.

457 2253 498 2308 Ι.
540 2253 696 2309 Mane
741 2263 954 2322 autem,
1007 2271 1132 2309 eum
1181 2253 1375 2308 Petrus
1424 2252 1490 2308 ad
1535 2252 1959 2322 disputationem

387 2347 764 2416 processisset,
790 2345 979 2402 Simon
1003 2348 1305 2417 anticipans
1328 2347 1501 2402 dixit.:
1532 2344 1654 2400 Heri
1678 2346 1963 2401 discedens

387 2435 614 2506 promisi
651 2437 772 2504 tibi,
809 2453 896 2493 me
937 2438 1097 2493 hodie
1130 2439 1431 2492 rediturum
1460 2479 1474 2501 ,
1505 2437 1960 2507 disceptaturum,

387 2543 452 2583 ac
480 2537 854 2595 ostensurum,
888 2529 1032 2599 quod
1069 2529 1258 2584 mundi
1302 2527 1486 2598 opifex
1519 2543 1627 2582 non
1664 2529 1737 2583 sit
1772 2543 1964 2598 supre-

386 2634 512 2674 Inus
545 2617 710 2687 Deus,
735 2620 829 2675 sed
862 2620 950 2672 hic
979 2619 1121 2673 alius
1151 2619 1243 2682 sit,
1280 2628 1465 2688 utpote
1500 2619 1650 2672 solus
1684 2619 1881 2686 bonus,
1908 2628 1964 2673 et

388 2713 496 2765 huc
544 2725 720 2781 usque
770 2711 1108 2779 incognitus.
1162 2709 1361 2764 Statim
1427 2725 1600 2779 ergo,
1649 2710 1961 2764 Creatorem

387 2801 639 2857 eumdem
664 2811 718 2855 et
743 2801 1105 2872 legislatorem
1134 2817 1255 2856 esse
1275 2801 1434 2866 dicis,
1461 2817 1561 2856 nee
1587 2802 1687 2855 ne?
1716 2799 1773 2854 Si
1799 2800 1963 2870 igitur

386 2893 666 2964 legislator
696 2901 797 2956 cst,
825 2891 1009 2959 justus
1049 2900 1155 2959 est,
1182 2893 1228 2948 si
1265 2892 1472 2961 justus,
1497 2907 1607 2946 non
1655 2899 1740 2946 est
1762 2891 1961 2958 bonus,

387 2986 567 3040 bonus
602 2985 648 3040 si
676 2999 786 3039 non
818 2994 922 3051 est,
950 2985 1116 3039 alium
1152 2984 1466 3054 praedicavit
1503 2984 1662 3042 Jesus
1687 2984 1958 3040 dicendo:

392 3075 446 3130 Ν
449 3093 476 3130 e
499 3093 578 3131 me
603 3076 751 3131 dicas
778 3077 991 3131 bonum.
1015 3076 1157 3130 Nam
1186 3077 1348 3131 bonus
1373 3095 1508 3132 unus
1529 3087 1627 3143 est,
1656 3077 1840 3146 Pater,
1870 3077 1960 3148 qui

2062 1873 2293 1945 θελήσας
2321 1872 2571 1928 ἀκοῦσαι.

2656 2148 2914 2204 ὉΜΙΛΙΛ
2951 2151 3058 2205 Iﬂ'.

2134 2240 2175 2297 I.
2219 2242 2457 2316 Ὄρθρου
2486 2242 2563 2308 δέ,
2598 2242 2954 2314 προελθόντος
2977 2241 3070 2296 τοῦ
3099 2241 3304 2314 Πέτρου
3335 2241 3415 2305 είς
3437 2242 3498 2295 τὸ
3523 2241 3643 2296 δια-

2063 2336 2340 2409 λεχθῆναι,
2363 2338 2391 2389 6
2421 2336 2601 2407 Σίμων
2630 2335 2914 2409 προλαϐὼν
2935 2336 3058 2408 ἔφη·
3095 2334 3284 2406 Ἐχθὲς
3303 2335 3349 2366 ³⁸
3369 2335 3646 2389 ἀπαλλασ-

2066 2427 2290 2498 σόμενος
2331 2431 2410 2491 είς
2440 2429 2539 2500 τὴν
2573 2430 2810 2500 σήμερον
2849 2428 3167 2500 ὑπεσχόμην
3209 2445 3290 2481 σοι
3335 2425 3645 2481 ἐπανελθὼν

2064 2519 2158 2572 καὶ
2201 2517 2511 2591 συζητῆσας
2551 2518 2724 2585 δεῖξαι
2748 2558 2763 2583 ,
2805 2520 2887 2573 ὅτι
2927 2519 3028 2572 οὐκ
3059 2519 3205 2572 ἐστιν
3237 2519 3266 2571 6
3312 2518 3404 2572 τὸν
3443 2518 3648 2591 κόσμον

2063 2613 2472 2685 δημιουργήσας
2685 2611 2960 2677 ἀνώτατος
2978 2614 3018 2644 ³¹
3045 2611 3196 2678 Θεὸς,
3222 2612 3337 2666 ἀλλ’
3358 2613 3562 2684 ἕτερος,
3588 2613 3648 2678 ὃς

2064 2704 2159 2757 καὶ
2187 2702 2344 2773 μόνος
2368 2701 2571 2769 ἀγαθὸς
2601 2699 2676 2754 ὣν
2703 2702 2798 2755 καὶ
2835 2703 2999 2773 μέχρι
3038 2702 3133 2755 τοῦ
3175 2702 3332 2774 δεῦρο
3371 2703 3650 2771 ἄγνωστός

2064 2800 2232 2852 ἐστιν.
2264 2797 2474 2850 Αὐτίκα
2505 2795 2637 2864 γοῦν
2669 2795 2760 2856 τὸν
2785 2795 3126 2867 Δημιουργδν
3155 2797 3316 2850 αὑτὸν
3348 2799 3441 2850 καὶ
3482 2815 3648 2868 νομοο

2065 2890 2224 2963 θέτην
2247 2890 2350 2961 φῂς
2370 2884 2530 2952 εἶναι,
2552 2888 2585 2961 ἧ
2616 2886 2678 2940 οὗ
2703 2887 2748 2919 ³³
2771 2904 2785 2953 ;
2810 2889 2872 2940 El
2904 2888 3002 2959 μέν
3033 2884 3125 2942 οὖν
3151 2888 3445 2963 νομοθέτης
3471 2892 3648 2955 ἐστὶν,

2063 2981 2269 3044 δίκαιος
2299 2980 2578 3051 τυγχάνει,
2605 2979 2812 3043 δίκαιος
2837 2979 2894 3032 δὲ
2923 2978 2997 3032 ὣν
3022 2980 3226 3048 ἀγαθὸς
3258 2982 3358 3034 οὐκ
3387 2981 3551 3036 ἐστιν.
3581 2984 3648 3036 El

2063 3075 2119 3128 ἃ
2137 3074 2237 3127 οὐκ
2254 3072 2421 3138 ἐστιν,
2440 3072 2626 3144 ἕτερον
2649 3074 2946 3143 ἐκήρυσσεν
2963 3073 2992 3124 6
3017 3072 3221 3142 Ἰησοῦς
3238 3072 3315 3143 τῷ
3332 3073 3528 3143 λέγειν·
3548 3075 3644 3144 Μή

389 3169 445 3222 ί).
493 3168 636 3224 catis
677 3168 881 3223 habita.
913 3181 961 3225 ι.
1009 3168 1181 3223 Porro
1236 3183 1345 3224 non
1388 3180 1471 3226 est
1515 3185 1847 3236 consonum,
1903 3177 1961 3224 ut

2065 3183 2136 3236 με
2164 3166 2304 3234 λέγε
2325 3141 2569 3234 ἀγαθόκ.
2595 3165 2655 3218 '0
2808 3163 3028 3234 ἀγαθὸς
3053 3141 3139 3230 εἷς
3163 3141 3355 3228 ἐστίν,
3442 3141 3651 3237 Πατὴρ

391 3259 669 3331 legislator
683 3259 868 3330 justus
901 3261 972 3316 sit
1003 3276 1067 3316 ac
1100 3261 1298 3316 bonus.
1327 3261 1416 3315 Ait
1444 3261 1638 3317 Petrus
1666 3282 1678 3316 :
1720 3261 1963 3316 Primum

390 3349 481 3405 dic
512 3350 694 3414 nobis,
726 3349 779 3404 in
814 3351 1013 3420 quibus
1050 3351 1363 3407 actionibus
1402 3351 1610 3406 bonum
1643 3360 1802 3422 putes
1843 3367 1966 3406 esse

391 3441 621 3503 bonum.
648 3452 702 3497 et
728 3442 783 3496 in
807 3444 1009 3513 quibus
1036 3443 1250 3514 justum
1271 3459 1393 3499 esse
1418 3444 1653 3514 justum,
1681 3453 1741 3497 ut
1775 3443 1855 3499 sic
1897 3444 1967 3498 ad

391 3547 622 3601 scopum
649 3545 812 3586 verba
863 3533 1226 3590 destinemus.
1275 3533 1342 3589 Et
1385 3532 1620 3590 Simon:
1679 3533 1760 3589 Tu
1813 3534 1968 3605 prius

389 3621 578 3696 enare,
603 3621 732 3693 quid
761 3623 1046 3680 arbitreris
1075 3624 1300 3693 bonum,
1329 3625 1461 3695 quid
1485 3625 1721 3694 justum.

463 3805 528 3860 ll.
562 3805 701 3861 Tum
726 3805 921 3862 Petrus
952 3824 966 3862 :
991 3805 1069 3861 Ne
1097 3807 1500 3863 contentiosius
1521 3807 1813 3878 disputans
1833 3817 1970 3863 tem-

391 3915 525 3969 pora
555 3900 850 3965 insumam,
889 3900 1019 3954 dum
1055 3899 1203 3970 juste
1231 3900 1448 3969 pmtulo
1477 3911 1536 3956 ut
1569 3901 1704 3958 meis
1739 3917 1967 3972 respon-

391 3993 526 4046 deas
551 3991 1043 4060 propositionibus,
1084 3991 1547 4062 quemadmodum
1578 3993 1677 4048 tibi
1727 3994 1962 4059 videtur,

393 4081 513 4150 ipse
538 4081 605 4134 ad
643 4081 977 4151 interrogata
1019 4082 1406 4152 responsiones
1441 4082 1686 4139 aﬂeram.
1734 4082 1846 4154 Ego
1878 4084 1967 4141 aio

394 4172 601 4226 bonum
652 4186 776 4226 esse
824 4187 973 4237 eum,
1018 4175 1112 4243 qui
1155 4172 1387 4244 largitor
1426 4183 1530 4240 est,
1563 4173 1706 4228 sicut
1742 4174 1898 4229 video
1933 4191 1964 4230 a

395 4265 654 4320 Creatore
705 4264 843 4332 ﬁeri,
865 4266 962 4335 qui
1013 4265 1216 4336 praebet
1267 4265 1439 4321 solem
1485 4265 1646 4321 bonis
1689 4274 1744 4320 et
1780 4266 1961 4333 malis,

2064 3258 2133 3313 ἐν
2150 3257 2274 3323 τοῖς
2293 3256 2587 3324 οὐρανοῖς.
2608 3257 2683 3309 Οὐ
2706 3259 2986 3327 συμφωνεῖ
3003 3256 3058 3308 δέ
3077 3256 3154 3328 τῷ
3175 3257 3439 3331 νομοθέτῃ
3454 3258 3648 3328 δικαίῳ

2063 3350 2178 3404 δντι
2221 3349 2316 3403 καὶ
2363 3347 2574 3420 ἀγαθῷ.
2607 3347 2718 3402 Kal
2765 3349 2793 3400 6
2821 3348 3026 3420 Πέτρος
3075 3347 3201 3421 ἐφη·
3249 3347 3472 3420 Πρῶτον
3511 3352 3645 3421 ἡμῖν

2063 3441 2186 3496 είπέ
2208 3481 2223 3506 ,
2265 3443 2359 3496 ἐπὶ
2393 3440 2578 3506 ποίαις
2618 3439 2852 3512 πράξεσι
2895 3440 3041 3494 δοκεῖ
3081 3457 3164 3493 σοι
3191 3443 3219 3495 6
3247 3441 3448 3510 ἀγαθὸς
3481 3437 3643 3506 εἶναι,

2065 3532 2159 3585 ἐπὶ
2183 3531 2362 3595 ποίαις
2381 3531 2438 3586 δέ
2470 3532 2564 3585 καὶ
2589 3533 2618 3585 6
2641 3529 2848 3594 δίκαιος
2869 3530 2939 3596 ³³,
2969 3532 3057 3584 ἴνα
3077 3531 3250 3595 οὕτως
3274 3531 3418 3586 κατὰ
3442 3532 3645 3586 σκοποῦ

2063 3623 2191 3685 τοὺς
2230 3622 2421 3690 λόγους
2465 3622 2791 3692 πέμπωμεν.
2847 3622 2957 3675 Kal
2989 3623 3017 3674 6
3054 3620 3265 3692 Σίμων·
3312 3622 3383 3676 Σὺ
3431 3622 3648 3694 πρῶτον

2066 3714 2210 3780 εἰπὲ,
2238 3713 2293 3766 τί
2327 3731 2409 3768 σοι
2441 3712 2670 3766 δοκεῖτὸ
2695 3713 2919 3781 ἀγαθὸν,
2947 3713 2980 3784 ἢ
3008 3714 3103 3766 καὶ
3127 3713 3189 3766 τδ
3216 3713 3442 3768 δίκαιον.

2137 3805 2201 3859 Il.
2229 3806 2339 3859 Kal
2369 3807 2397 3858 6
2438 3804 2644 3876 Πέτρος
2663 3820 2679 3834 ⁸
2717 3805 2835 3858 Ἵνα
2865 3803 2937 3876 μὴ
2959 3803 3375 3878 ἐριστικώτερον
3402 3805 3646 3875 διαλεγό-

2070 3915 2230 3970 μενος
2252 3897 2478 3950 δαπανῶ
2513 3899 2639 3960 τοὺς
2685 3897 2929 3968 χρόνους,
2973 3897 3222 3950 ἀπαιτῶν
3267 3897 3494 3962 δικαίως
3536 3899 3650 3952 τῶν

2066 3989 2216 4060 ἐμῶν
2260 3987 2574 4062 προτάσεών
2609 3988 2653 4020 ³⁵
2681 4007 2740 4042 σε
2777 3988 2873 4052 τὰς
2912 3989 3231 4062 ἀποκρίσεις
3261 3992 3548 4058 ποιεῖσθαι,
3571 3992 3649 4056 ὣς

2068 4097 2149 4134 σοι
2174 4080 2320 4134 δοκεῖ
2345 4081 2505 4144 αὐτὸς
2536 4073 2610 4134 ὧν
2653 4081 2930 4152 ἐπυθόμην
2964 4083 3258 4154 ποιήσομαι
3297 4083 3396 4148 τὰς
3417 4086 3650 4158 ἀποκρί-

2069 4191 2201 4238 σεις.
2239 4173 2380 4244 Ἐγώ
2408 4193 2546 4246 φημι
2569 4175 2770 4244 ἀγαθὸν
2795 4170 2930 4228 εἶναι
2957 4175 3047 4228 τὸν
3073 4177 3648 4250 παρεκτικδν[ἐκεῖνον

2065 4266 2124 4320 ἐν
2155 4265 2456 4339 τοιούτοις],
2501 4267 2546 4298 ³³
2589 4263 2699 4320 οἷον
2725 4267 2800 4330 ὠς
2839 4267 2998 4339 αὐτὸν
3033 4268 3143 4339 ὁρῶ
3191 4267 3444 4322 ποιοῦντα
3476 4271 3520 4301 ³⁸
3552 4270 3647 4325 τὸν

394 4364 560 4426 atque
597 4356 825 4410 imbrem
856 4356 1022 4427 justis
1048 4372 1112 4412 ac
1153 4357 1358 4428 iniquis
1386 4357 1522 4411 h.Et
1572 4357 1762 4412 Simon
1785 4357 1961 4413 dixit:

2065 4338 2750 4430 δημιουργὸν,ίπαρέχοντα
2773 4360 2863 4412 τδν
2904 4338 3053 4430 ’ήλίον
3072 4338 3310 4429 ἀγαθοῖς
3325 4362 3391 4392 ⁸⁸⁸
3425 4362 3522 4415 καὶ
3553 4361 3648 4416 τὸν

397 4448 511 4504 Hoc
533 4447 938 4519 iniquissimum
987 4461 1092 4517 est,
1137 4452 1325 4506 eadem
1355 4450 1520 4520 justis
1540 4458 1704 4522 atque
1742 4450 1961 4520 iniustis

2069 4450 2226 4504 ὑετὸν
2255 4451 2486 4514 δικαίοις
2524 4451 2618 4504 καὶ
2656 4451 2880 4514 ἀδίκοις.
2921 4452 3032 4506 Kal
3053 4454 3082 4505 6
3103 4451 3284 4523 Σίμων
3315 4452 3447 4523 ἔφη’
3477 4452 3646 4508 Τοῦτο

397 4540 659 4610 praebere.
685 4541 762 4597 Ac
794 4541 988 4596 Petrus
1017 4561 1030 4596 :
1058 4540 1140 4595 Tu
1173 4557 1304 4612 ergo
1341 4542 1597 4611 deinceps
1631 4542 1790 4597 nobis
1818 4543 1963 4598 edis-

399 4647 555 4696 sere,
607 4647 720 4702 quo
756 4632 920 4688 modo
962 4648 1128 4702 agens
1179 4633 1354 4689 bonus
1397 4641 1561 4688 esset.
1611 4632 1798 4688 Simon
1841 4633 1963 4688 :Tc

398 4732 613 4794 oportet
639 4724 838 4780 dicere.
860 4722 1052 4779 Petrus
1077 4739 1090 4775 :
1119 4723 1232 4795 Ego
1255 4725 1454 4780 dicam.
1479 4723 1537 4780 Si
1563 4741 1756 4796 nempe
1775 4728 1962 4783 eadem

398 4819 647 4887 praebens
669 4817 828 4871 bouis
852 4831 918 4871 ac
950 4816 1115 4886 justis
1158 4825 1215 4872 et
1255 4825 1516 4886 praeterea
1560 4818 1720 4874 malis
1761 4835 1826 4874 ac
1855 4821 1964 4876 ini-

399 4910 547 4982 quis,
574 4908 874 4964 secundum
913 4917 964 4961 te
997 4907 1302 4978 necjustus
1335 4917 1437 4975 est,
1467 4917 1524 4962 tu
1553 4923 1700 4976 eum,
1735 4912 1780 4967 si
1807 4913 1967 4968 bonis

471 5036 498 5063 ι
536 5021 725 5076 Matth.
756 5037 870 5087 xix,
899 5020 983 5076 Π.
1061 5020 1090 5060 ι’
1117 5018 1307 5076 Matth.
1343 5037 1396 5086 v,
1432 5021 1522 5076 45.

2068 4541 2417 4606 ἀδικώτατον,
2437 4543 2517 4596 ὅτι
2552 4541 2622 4596 τά
2646 4543 2785 4597 αὑτά
2811 4543 3038 4608 δικαίοις
3053 4546 3147 4598 καὶ
3165 4544 3372 4610 ἀδίκοις
3395 4545 3642 4616 παρέχει.

2070 4635 2180 4687 Kal
2209 4633 2239 4685 6
2263 4634 2484 4706 Πέτροςο
2503 4636 2574 4690 Σὺ
2597 4631 2688 4689 οὖν
2706 4637 2834 4707 ἡμῖν
2854 4636 2946 4690 τοῦ
2967 4636 3154 4691 λοιποῦ
3175 4637 3320 4707 λέγε,
3340 4638 3457 4702 πῶς
3473 4639 3646 4692 ποιῶν

2067 4726 2270 4796 ἀγαθὸς
2315 4726 2382 4781 ἀν
2414 4721 2502 4798 ἦν.
2535 4728 2645 4780 Kal
2683 4730 2712 4782 6
2747 4729 2961 4800 Σίμων⁹
2998 4730 3067 4782 Σὲ
3111 4729 3192 4782 δεῖ
3228 4729 3426 4800 λέγειν.
3465 4730 3576 4783 Kal
3614 4733 3645 4784 6

2071 4820 2275 4890 Πέτρος
2292 4836 2309 4851 ο
2337 4818 2500 4892 354
2534 4818 2674 4888 Ἐγὼ
2695 4820 2850 4884 λέξω.
2888 4821 2945 4875 Ὀ
2966 4822 3009 4853 δ’
3031 4822 3128 4892 μὲν
3147 4821 3214 4875 τά
3229 4822 3368 4876 αὐτά
3388 4823 3646 4896 παρέχων

2071 4909 2296 4979 ἀγαθοῖς
2341 4910 2436 4963 καὶ
2480 4909 2726 4975 δικαίοις,
2761 4911 2842 4966 ἔτι
2886 4912 2931 4943 ³³
2967 4929 3026 4965 τε
3066 4915 3255 4976 κακοῖς
3280 4913 3373 4966 καὶ
3403 4913 3642 4978 ἀδίκοις,

1683 5116 1916 5172 νΑιιιιιΕ
1958 5118 2353 5174 LECTIONES.

470 5209 518 5242 “
547 5207 1078 5284 μεθ-καταφρονεῖς.
1114 5206 1598 5284 Quod_Coteleriu_s
1631 5210 1708 5284 _iAn_
1726 5213 1975 5284 versigne
2004 5213 2152 5267 dedit
2179 5253 2194 5276 ,
2238 5214 2289 5268 id
2321 5229 2352 5268 e
2382 5214 2582 5270 Graecis
2621 5214 2798 5270 verbis
2832 5230 2938 5269 non
2988 5214 3237 5270 elIicitur.
3272 5216 3331 5270 S.
3361 5215 3642 5284 καταφέρῃ

399 5279 465 5336 0.
543 5281 588 5314 ³⁵
605 5275 784 5357 ξίίιιίη]
817 5275 874 5357 si:
891 5275 954 5332 Β.
1031 5281 1198 5349 ²⁶μοι,
1237 5280 1345 5357 εῖτ-ε
1393 5278 1455 5333 C.
1534 5281 1578 5312 "
1596 5280 1721 5357 είδῶ
1757 5281 1995 5357 C._Tum
2027 5275 2320 5357 6ma§tav_
2337 5286 2614 5357 ἐνεργείας
2656 5287 2710 5357 04
2767 5285 2820 5337 in
2875 5286 3146 5357 textuLl'a.
3180 5288 3446 5350 ὀπτασίας
3489 5275 3640 5357 ἐνέρῖ

399 5367 554 5428 γειαν
580 5351 652 5428 εῄ.
685 5365 832 5428 man.
861 5350 1114 5428 _in_marg.
1136 5351 1334 5428 ,_qu0d_
1356 5361 1606 5418 praestat;
1652 5353 1910 5428 ρπτασίεν
1966 5354 2246 5428 ἐνεργείας
2280 5352 2322 5406 C
2351 5393 2366 5418 ,
2395 5350 2664 5428 _6'1r;:aa_£av
2697 5353 2978 5428 ἐναργείας
3138 5357 3227 5428 _“
3248 5350 3643 5428 ἀνεργεστέραν

401 5419 555 5496 gon].
584 5419 754 5496 Cotel.
782 5419 1017 5496 Debebat
1047 5421 1789 5496 εᾳτὶρετοᾹάνενεργεστέραν.
1843 5422 1954 5496 Ego
1984 5419 2168 5478 malim
2211 5424 2472 5496 ὀπτασίας
2500 5419 2804 5496 ἐνάργειαν’
2835 5419 2892 5478 S.
2938 5423 3071 5496 Dein
3110 5422 3263 5489 εἶπες
3299 5419 3361 5495 μ’
3383 5419 3555 5496 έῐπαςξ

401 5490 555 5565 flata!
590 5491 792 5565 inserui
821 5505 870 5544 c.
911 5492 1006 5565 Οὐ
1051 5489 1096 5521 ³⁸
1119 5490 1352 5565 χθές,
1409 5491 1456 5565 7"
1476 5489 1738 5565 ἀνωτάτω
1769 5496 1829 5546 Ο.
1864 5489 2110 5562 Sequens
2155 5501 2244 5546 καί
2305 5494 2356 5548 in
2411 5489 2608 5548 eodem
2637 5489 2807 5548 deest.
2888 5494 3008 5548 ³²οὓ
3040 5495 3103 5549 S.
3135 5501 3176 5550 υ
3205 5537 3220 5561 ,
3252 5489 3350 5565 οὗχ
3380 5495 3442 5549 C.
3499 5494 3618 5565 Α³³Ο

402 5561 488 5614 bis
517 5561 640 5614 exh.
670 5560 892 5622 δίκαιος.

971 5559 1016 5591 ³⁸
1040 5559 1212 5631 προ...
1238 5560 1361 5635 (sic)
1388 5564 1428 5613 0
1454 5572 1542 5635 λιιι
1570 5563 1690 5635 ead.
1721 5580 1867 5617 man.
1898 5559 2146 5635 lacunam
2176 5565 2228 5635 in
2255 5580 2428 5635 marg.
2456 5565 2526 5618 ita
2558 5566 2773 5633 explere
2803 5567 3027 5620 tentavit
3047 5587 3061 5622 :
3080 5559 3227 5633 ἴσως
3250 5559 3640 5635 προσιεμένων,

403 5632 548 5709 quod
579 5647 724 5684 man.
757 5630 1026 5709 recentior
1059 5630 1292 5709 correxit
1319 5631 1372 5684 in
1385 5631 1596 5709 μᾶλλον
1617 5631 1678 5684 δὲ
1698 5633 2113 5709 τ-προτάσεων.
2193 5630 2642 5709 ³⁸-νι)ι›ξίὲκεῖνον
2660 5637 2718 5687 ἐν
2746 5635 3059 5708 τοιούτοις],
3103 5630 3328 5709 θεοὶ-ἱρέί
3380 5630 3455 5709 ex
3503 5649 3641 5688 eon-

399 5701 607 5776 lectura
634 5716 922 5776 pro-vacuo
945 5702 1120 5776 Ottoh.
1201 5701 1244 5732 ³⁸
1261 5701 1443 5754 ποιοῦν
1471 5702 1536 5756 τά
1563 5706 1620 5756 0.
1701 5704 1768 5734 ³⁶⁹
1793 5701 2151 5776 [θε.ἀγαθοῖς
2175 5704 2264 5757 καὶ
2289 5701 2562 5776 πονηροῖς,
2589 5707 2658 5759 ila
2678 5706 2802 5776 legit
2827 5701 3090 5776 interpres
3111 5708 3262 5761 bene.
3281 5705 3376 5759 En.
3398 5705 3637 5759 Parnm.

406 5771 450 5803 ⁸⁷
482 5773 528 5824 εξ
558 5771 618 5827 C.
698 5771 740 5802 ⁸¹⁸
757 5771 807 5823 εἴ
831 5771 872 5824 ,5
921 5787 967 5825 c.
995 5770 1074 5824 CI.
