4040 6146
404 235 510 292 405

1457 231 1918 290 CLEMENTINA.
1972 264 2036 273 --
2073 231 2360 288 HOMILIA
2400 231 2578 292 XVIII.

3515 200 3641 290 tos

403 347 541 402 κατά
592 347 652 402 σέ
677 345 798 402 οὐδὲ
842 345 1045 411 δίκαιός
1095 333 1263 413 ἐστιν,
1306 345 1401 399 καὶ
1446 346 1494 398 εί
1533 343 1755 414 ἀγαθοῖς
1795 341 1976 410 ἀγαθά

2081 341 2226 396 bona
2259 341 2540 409 tribueret,
2569 343 2832 414 malisque
2855 347 3018 412 mala,
3049 324 3256 418 justum
3284 347 3477 406 merito
3502 363 3644 420 pra:-

401 440 679 511 παρεῖχεν,
715 440 904 500 κακοῖς
929 454 989 490 τε
1017 436 1180 500 κακὰ,
1211 435 1414 490 δίκαιον
1447 434 1514 489 ἂν
1549 435 1710 489 αὐτὸν
1744 432 1979 502 εὐλόγως

399 530 602 598 ἔλεγες.
643 528 780 599 Ποία
819 525 912 582 οὖν
946 528 1025 582 ἔτι
1069 527 1265 599 πράξει
1300 525 1577 599 χρώμενος
1610 524 1677 580 ἂν
1698 520 1788 597 ἦν,
1817 525 1867 577 εἰ
1903 524 1977 595 μὴ

397 620 573 694 ταύτῃ
597 621 795 693 χρῆται
817 619 941 690 ὁδῷ,
959 621 1149 682 κακοῖς
1175 619 1271 689 μὲν
1294 617 1544 689 παρέχων
1559 616 1628 670 τὰ
1649 615 1976 688 πρόσκαιρα,

400 713 495 768 ἐὰν
527 713 636 786 ἀρα
682 711 1139 781 μεταϐάλλωνται,
1165 709 1391 778 ἀγαθοῖς
1425 709 1482 762 δὲ
1521 706 1734 771 αἰώνια,
1778 705 1873 759 ἐάν
1913 723 1978 774 γε

399 800 770 871 ἐμμείνωσιν;
816 799 928 856 Καὶ
960 798 1134 862 οὕτως
1169 798 1249 870 τῷ
1287 798 1333 831 ³⁸
1377 797 1478 870 μὲν
1513 797 1647 851 πᾶσι
1694 795 1976 868 παρέχειν,

396 890 674 963 διαφόροις
713 891 770 944 δὲ
828 890 1148 962 χαρίζεσθαι
1201 890 1263 943 τὸ
1304 889 1510 944 δίκαιον
1555 886 1720 942 αὑτοῦ
1776 887 1978 956 ἀγαθόν

397 985 567 1047 ἐστιν,
589 983 685 1037 καὶ⁸
722 981 1069 1055 μακρόθυμον
1089 982 1262 1054 ταύτῃ
1295 981 1512 1053 μᾶλλον,
1549 981 1598 1034 εί
1637 980 1978 1051 ἁμαρτωλοῖς

402 1074 500 1150 μὲν
525 1073 839 1145 μετανοοῦσι
879 1073 1158 1144 χαρίζεται
1204 1071 1273 1126 τά
1317 1074 1708 1144 ἁμαρτήματα,
1740 1067 1800 1126 εὖ
1832 1071 1976 1144 πρά-

398 1168 520 1234 ξασι
544 1167 600 1220 δὲ
627 1167 722 1220 καὶ
762 1165 906 1239 ζωὴν
943 1164 1159 1219 αἰώνιον
1193 1165 1518 1238 ὑπογράφει.
1561 1164 1788 1237 Κρίνων
1813 1163 1872 1217 δέ
1897 1164 1978 1226 εἰς

395 1260 568 1325 τέλος,
610 1261 706 1313 καὶ⁹
745 1259 806 1313 τὸ
845 1259 965 1313 κατ’
997 1259 1152 1326 ἀξίαν
1195 1258 1484 1329 ἀπονέμων
1517 1257 1732 1327 ἑκάστῳ
1771 1255 1978 1318 δίκαιός

396 1353 559 1406 ἐστιν.
596 1352 659 1412 Et
684 1351 782 1422 μὲν
811 1347 905 1404 οὖν
932 1349 1108 1403 ταῦτα
1138 1348 1314 1422 ὀρθῶς
1353 1346 1525 1410 οὕτως
1547 1347 1682 1417 ἔχει,
1712 1344 1977 1418 ὁμολόγη-

399 1458 490 1496 σον
508 1458 525 1474 ⁶
554 1440 680 1494 είδέ
701 1441 762 1494 οὐ
785 1441 931 1494 δοκεῖ
956 1457 1036 1494 σοι
1065 1439 1242 1512 ὀρθῶς
1280 1438 1441 1509 ἔχειν,
1475 1435 1742 1506 διέλεγξον
1767 1437 1832 1492 ⁸ο.

467 1532 553 1588 III.
579 1533 690 1586 Καὶ
716 1536 745 1587 6
763 1533 944 1604 Σίμων
968 1533 1071 1604 ἔφη
1093 1551 1106 1564 ·
1135 1530 1313 1598 Ἀπαξ
1338 1530 1472 1603 ἔφην
1492 1548 1505 1561 ο
1530 1531 1638 1593 πᾶς
1658 1529 1972 1602 νομοθέτης,

395 1627 478 1690 είς
498 1626 561 1680 τὸ
587 1627 792 1680 δίκαιον
821 1625 1062 1697 ἀφορῶν,
1090 1624 1298 1688 δίκαιός
1325 1625 1492 1677 ἐστιν.
1534 1623 1645 1684 Καὶ
1679 1624 1708 1676 6
1736 1621 1939 1693 Πέτρος
1957 1638 1970 1650 ·

2077 432 2314 489 dicares.
2342 433 2500 500 Quali
2527 449 2659 506 ergo
2685 435 2862 492 adhuc
2884 438 3096 495 actione
3120 439 3378 496 utendum
3401 441 3454 496 ei
3475 449 3642 508 esset,

2079 522 2127 579 si
2161 538 2270 579 non
2301 533 2544 580 uteretur
2566 525 2670 582 hac
2695 527 2804 593 via,
2841 528 2999 584 malis
3027 530 3244 600 quidem
3271 532 3408 589 dans
3435 543 3646 602 tempo-

2080 617 2239 682 ralia,
2266 619 2312 672 si
2339 616 2480 673 forte
2506 627 2913 687 convertantur,
2952 620 3110 678 bonis
3133 638 3262 678 vero
3288 624 3641 695 sempiterna,

2079 710 2243 766 modo
2287 719 2654 781 perseverent.
2692 710 2893 781 Sicque
2923 713 3199 784 largiendo
3235 716 3473 784 cunctis,
3504 732 3642 787 pra:b

2077 801 2438 857 stantioribus
2471 813 2656 857 autem
2691 803 2922 873 gratiam
2955 802 3226 872 faciendo,
3256 805 3469 875 justitia
3522 807 3642 876 ejus

2076 893 2222 948 bona
2251 907 2354 961 est,
2380 903 2434 948 et
2455 909 2522 948 eo
2549 895 2724 967 magis
2764 896 3130 967 magnanima,
3177 898 3224 951 si
3268 896 3643 966 peccatoribus

2077 985 2299 1052 quidem
2349 985 2726 1057 paenitentiam
2772 987 3060 1058 agentibus
3102 997 3322 1058 peccata
3350 989 3642 1052 condonat,

2075 1079 2218 1134 bene
2251 1078 2603 1147 operantibus
2641 1087 2824 1133 autem
2869 1077 3032 1133 etiam
3074 1077 3238 1132 vitam
3268 1088 3524 1132 aeternam
3551 1079 3644 1134 de-

2076 1166 2214 1223 ﬁnit.
2242 1165 2506 1224 Judicans
2531 1183 2662 1224 vero
2690 1168 2745 1224 in
2779 1169 2909 1237 line,
2953 1177 3009 1224 et
3052 1184 3152 1240 pro
3197 1170 3390 1224 merito
3417 1169 3645 1240 singulis

2075 1261 2406 1328 retribuens,
2453 1261 2638 1332 justus
2679 1263 2887 1319 existit.
2935 1267 3019 1318 An
3047 1264 3233 1334 itaque
3257 1263 3373 1318 haec
3418 1273 3562 1319 recte
3587 1280 3645 1319 sc

2074 1367 2141 1408 eo
2161 1353 2324 1408 modo
2346 1353 2602 1422 habeant,
2632 1354 2921 1425 promere;
2956 1355 3041 1410 sin
3082 1354 3266 1411 minus
3295 1355 3390 1410 tibi
3420 1356 3495 1410 ita
3524 1369 3648 1412 esse

2074 1442 2309 1507 videtur,
2334 1442 2534 1499 refuta.

2145 1533 2235 1589 ιιι.
2272 1533 2573 1606 Respondit
2599 1534 2790 1593 Simon
2826 1554 2840 1592 :
2874 1537 3055 1594 Semel
3077 1538 3234 1593 dixi:
3267 1539 3449 1596 omnis
3483 1541 3647 1613 legis—

2075 1624 2237 1691 lator,
2256 1627 2322 1681 ad
2345 1626 2618 1696 justitiam
2646 1629 2970 1698 respiciens,
2997 1631 3180 1700 justus
3199 1640 3303 1688 est.
3328 1633 3394 1688 Et
3414 1633 3644 1689 Petrus:

399 1718 463 1771 EI
482 1717 686 1788 ἀγαθοῦ
708 1719 825 1771 ἐστὶ
845 1693 920 1789 μὴ
935 1693 1111 1770 θεῖναι
1138 1716 1320 1786 νόμον,
1351 1713 1558 1767 δικαίου
1585 1713 1642 1767 δὲ
1675 1712 1736 1767 τὸ
1765 1712 1972 1775 θέσθαι,

2079 1715 2138 1772 Si
2168 1717 2294 1772 boni
2319 1729 2422 1783 est,
2459 1734 2568 1774 non
2593 1718 2738 1775 ferre
2768 1720 2963 1792 legem,
2991 1723 3128 1792 justi
3171 1740 3325 1790 vero,
3358 1724 3520 1791 ferre,
3573 1727 3650 1781 ita

399 1811 496 1866 καὶ
543 1809 716 1873 οὕτως
760 1811 789 1863 6
814 1807 1154 1880 Δημιουργὺς
1207 1805 1409 1874 ἀγαθός
1458 1806 1573 1859 ἐστι
1620 1805 1714 1858 καὶ
1748 1803 1971 1868 δίκαιος·

397 1903 598 1974 ἀγαθὸς
629 1904 726 1975 μὲν
750 1945 764 1968 ,
803 1903 886 1957 ὅτι
916 1901 1023 1956 ἀπὸ
1062 1901 1168 1954 τῶν
1195 1900 1400 1972 χρόνων
1424 1896 1595 1970 Ἀδὰμ
1626 1895 1784 1968 μέχρι
1809 1897 1976 1950 Monii-

400 2000 538 2063 σέως
559 1997 603 2030 ⁸⁸
645 1996 938 2068 ἐγγράφως
967 1993 1028 2048 οὐ
1068 1992 1316 2063 φαίνεται
1350 1989 1609 2053 τεθεικὼς
1647 1990 1739 2043 τὸν
1777 1988 1973 2058 νόμονο

396 2089 507 2142 ἀπὸ
545 2087 602 2142 δὲ
631 2087 911 2149 Μωῢσέως
941 2086 1022 2148 είς
1053 2083 1179 2146 τοὺς
1203 2080 1362 2152 δεῦρο
1393 2080 1636 2152 χρόνους,
1663 2079 1740 2142 ὡς
1776 2077 1976 2150 γέγρα-

396 2195 552 2244 πται,
582 2177 678 2232 καὶ
701 2175 908 2238 δίκαιός
931 2175 1098 2228 ἐστιν.
1128 2172 1239 2225 Καὶ
1265 2172 1294 2223 6
1327 2171 1538 2241 Σίμων·
1586 2168 1718 2222 Ἀπὸ
1744 2168 1852 2222 τῶν
1881 2168 1974 2221 τοῦ

393 2269 718 2324 διδασκάλου
752 2284 845 2321 σου
878 2266 1072 2338 φωνῶν
1097 2265 1268 2331 δεῖξον
1291 2265 1357 2329 δ’,
1388 2259 1581 2316 ὄτιτοῦ
1611 2261 1774 2314 αὐτοῦ
1807 2261 1972 2324 ἐστὶν,

395 2361 599 2430 ἀγαθὸν
628 2356 766 2414 εἶναι
789 2359 883 2413 καὶ⁵
911 2358 1114 2412 δίκαιον
1139 2357 1204 2408 ι³.
1253 2354 1408 2425 Ἐμοὶ
1435 2353 1542 2425 γὰρ
1569 2351 1829 2407 ἀδύνατον
1851 2352 1976 2420 φαίρ-

395 2470 569 2517 νεται,
622 2451 712 2506 τὸν
757 2449 1049 2522 νομοθέτην
1101 2446 1304 2517 ἀγαθὸν
1353 2445 1481 2499 ὄντα
1531 2444 1622 2498 τὸν
1677 2443 1836 2498 αὑτὸν
1882 2445 1977 2497 καὶ

393 2547 600 2601 δίκαιον
624 2545 671 2578 ’⁵⁸
701 2539 1048 2615 355νεῐναι.
1092 2542 1203 2596 Καὶ
1231 2543 1260 2594 ὀ
1290 2539 1492 2611 Πέτρος
1510 2555 1524 2569 ·
1554 2539 1674 2591 ’Ότι
1697 2537 1758 2589 τὸ
1774 2535 1976 2605 ἀγαθὸν

395 2639 528 2692 αὐτὸ
552 2637 876 2692 καὶαδίκαιόν
898 2637 1066 2700 ἐστιν,
1099 2634 1419 2688 ἐπάκουσον.
1451 2630 1622 2694 Αὐτὸς
1651 2633 1680 2684 6
1709 2629 1975 2682 Διδάσκα-

394 2729 487 2793 λος
509 2732 542 2801 ἡ
553 2730 670 2802 μῶν
705 2729 785 2801 τῷ
820 2727 1025 2782 εἰπόντι
1072 2725 1379 2797 Φαρισαίῳ·
1429 2724 1488 2778 Τί
1532 2720 1792 2788 ποιήσας
1823 2719 1977 2788 ζωὴν

393 2820 638 2878 αιώγιον
663 2819 1137 2891 κληρονομήσω;
1165 2817 1381 2890 πρῶτον
1421 2815 1524 2888 ἔφη
1545 2832 1560 2848 ο
1609 2813 1705 2881 Μή
1728 2831 1806 2884 με
1835 2814 1975 2881 ,λέγε

393 2915 650 2986 ἀγαθόν·
693 2917 727 2969 ό
772 2915 884 2984 γὰρ
921 2912 1141 2984 ἀγαθὸς
1173 2911 1258 2977 εἷς
1287 2909 1483 2973 ἐστὶν,
1531 2911 1564 2962 ό
1599 2907 1801 2975 Πατὴρ
1843 2910 1876 2960 d
1906 2906 1976 2958 ἐν

2076 1810 2239 1866 etiam
2287 1810 2516 1867 Creator
2548 1812 2726 1869 bonus
2754 1823 2840 1869 est
2858 1814 3144 1884 acjustus.
3187 1814 3372 1872 Bonus
3401 1816 3646 1888 quidem,

2076 1901 2334 1971 quoniam
2386 1917 2420 1957 a
2459 1903 2797 1973 temporibus
2850 1904 3048 1964 Adami
3105 1921 3279 1978 usque
3325 1908 3393 1962 ad
3436 1907 3646 1967 Mosem

2076 1992 2340 2064 scriptam
2371 1993 2544 2064 legem
2581 1995 2774 2050 tulisse
2815 2011 2925 2050 non
2959 1997 3229 2065 cernitur,
3260 1997 3448 2068 justus
3491 2014 3645 2066 vero,

2076 2083 2337 2154 quoniam
2363 2099 2394 2139 a
2422 2083 2573 2140 Mose
2599 2100 2773 2156 usque
2798 2085 2866 2140 ad
2895 2086 3038 2143 hanc
3083 2096 3295 2143 aetatem
3319 2089 3466 2154 tulit,
3505 2090 3650 2148 sicut

2077 2175 2282 2246 scripta
2304 2184 2408 2232 est.
2441 2174 2580 2231 Tum
2623 2175 2810 2232 Simon
2847 2195 2861 2232 :
2894 2177 2975 2233 Ex
3009 2180 3082 2232 tui
3115 2181 3463 2250 praeceptoris
3495 2183 3646 2237 voci-

2076 2267 2180 2322 bus
2212 2269 2458 2335 ostende,
2482 2267 2724 2339 ejusdem
2764 2285 2908 2336 esse,
2941 2270 3144 2326 bonum
3169 2286 3289 2326 esse
3321 2287 3386 2328 ac
3406 2271 3644 2343 justum.

2076 2355 2207 2412 Mihi
2234 2358 2434 2430 quippe
2459 2359 2670 2415 videtur
2704 2360 3064 2432 impossibile,
3109 2371 3169 2416 ut
3195 2362 3492 2433 legislator,
3553 2366 3648 2435 qui

2077 2447 2255 2504 bonus
2279 2449 2372 2515 sit,
2419 2449 2562 2504 idem
2608 2450 2792 2521 justus
2841 2451 3063 2505 existat.
3107 2449 3177 2506 Et
3219 2449 3457 2508 Petrus:
3491 2451 3646 2519 Quod

2078 2539 2279 2595 bonum
2330 2541 2510 2610 ipsum
2561 2556 2779 2611 quoque
2826 2540 3036 2612 justum
3085 2543 3193 2609 sit,
3245 2543 3372 2597 audi
3409 2564 3420 2598 :
3451 2543 3650 2599 Doctor

2077 2639 2264 2687 noster
2316 2632 2585 2702 quaerenti
2633 2631 2908 2689 Pharisaao
2960 2649 2974 2686 :
3035 2632 3176 2700 Quid
3231 2634 3433 2704 faciens
3483 2635 3648 2689 vitam

2075 2732 2328 2778 «utentum
2365 2725 2636 2796 possidebo
2661 2726 2723 2780 αἳ
2775 2725 3012 2795 primum
3058 2726 3338 2796 respondit
3382 2745 3398 2782 :
3435 2725 3516 2782 Ne
3567 2743 3648 2782 me

2075 2816 2224 2870 dicas
2254 2815 2468 2872 bonum.
2500 2813 2645 2871 Nam
2676 2817 2842 2871 bonus
2873 2833 3008 2872 unus
3037 2826 3137 2882 est,
3165 2815 3333 2872 Pater
3357 2818 3448 2890 qui
3482 2828 3556 2872 est
3589 2818 3646 2872 in

2076 2908 2257 2974 caelis;
2281 2916 2337 2963 et
2363 2908 2545 2964 statim
2575 2908 2760 2964 intulit
2790 2909 2905 2964 haec
2927 2909 3094 2964 verba
3123 2926 3138 2963 :
3170 2907 3232 2964 Si
3258 2919 3436 2963 autem
3467 2908 3646 2965 volue-

394 3005 522 3072 τοῖς
547 3004 824 3073 οὐρανοῖς
843 3020 858 3036 ο
889 3004 1049 3067 εὐθὺς
1077 3002 1124 3034 ⁵⁵
1152 3002 1356 3067 ἐπάξας
1377 3000 1561 3069 λέγει·
1589 3001 1660 3053 El
1699 2998 1768 3051 δὲ
1800 2995 1975 3064 θελή-

2079 2995 2152 3050 ris
2182 2996 2241 3051 in
2285 2996 2449 3051 vitam
2481 2996 2718 3068 ingredi,
2761 3013 2910 3052 serva
2956 2998 3210 3052 mandata
3235 2999 3286 3054 ιι.
3316 2998 3413 3054 lllo
3459 3009 3640 3056 autem

397 3111 528 3163 σεις
584 3098 673 3163 εἰς
726 3095 773 3128 ⁸⁸
830 3093 945 3164 τὴν
986 3093 1140 3163 ζωὴν
1181 3091 1498 3155 εἰσελθεῖν,
1550 3090 1818 3160 τήρησον
1870 3089 1976 3158 τὰς

397 3186 670 3255 ἐντολάς.
717 3186 826 3262 Τοῦ
873 3187 930 3240 δὲ
969 3186 1244 3250 εἰπόντος·
1297 3187 1515 3253 Ποίας;
1551 3186 1645 3238 ἐπὶ
1673 3184 1771 3247 τὰς
1794 3184 1838 3217 δ’
1874 3182 1969 3236 τοῦ

397 3280 564 3352 νόμου
607 3279 987 3352 παρέπεμψεν.
1031 3279 1146 3333 Οὐκ
1189 3277 1254 3333 ἂν
1292 3279 1350 3332 δὲ
1395 3277 1580 3351 ’έτερόν
1621 3294 1742 3330 τινα
1775 3273 1976 3345 ἀγαθὸν

401 3363 680 3445 σημαίνων
715 3373 808 3425 ἐπὶ¹
842 3371 941 3435 τὰς
970 3371 1066 3424 τοῦ
1088 3371 1133 3404 ⁸⁸
1155 3371 1362 3425 δικαίου
1393 3370 1707 3439 ἀνέπεμπεν
1731 3367 1970 3432 ἐντολάς.

404 3463 524 3517 ὀτι
553 3462 611 3516 δὲ
641 3463 703 3516 τὸ
732 3462 936 3516 δίκαιον
974 3461 1100 3515 ἄλλο
1137 3463 1302 3524 ἐστὶν,
1328 3461 1422 3514 καὶ
1453 3459 1514 3513 τὸ
1541 3458 1742 3528 ἀγαοὺν
1769 3458 1974 3529 ἓτερον,

403 3559 498 3612 καὶ
518 3557 678 3620 αὐτὸς
697 3554 965 3627 ὁμολογῶ,
987 3555 1101 3608 ἀλλ’
1133 3555 1215 3607 ὅτι
1245 3551 1340 3606 τοῦ
1367 3551 1530 3605 αὑτοῦ
1550 3551 1666 3604 ἐστὶ
1685 3549 1746 3603 τὺ
1777 3548 1976 3619 ἀγαθὸν

402 3646 540 3703 εἶναι
569 3647 888 3714 καὶ-δίκαιον
915 3646 984 3711 ⁸⁸,
1010 3647 1236 3715 ἀγνοεῖς.
1284 3643 1508 3713 Ἀγαθὸς
1537 3643 1644 3714 γάρ
1675 3642 1789 3695 ἐστι
1814 3657 1976 3713 μετα-

401 3743 583 3799 νοοῦσι
635 3743 733 3816 μὲν
776 3742 825 3774 ⁸⁵
877 3741 972 3795 νῦν
1025 3737 1392 3811 μακροθυμῶν
1447 3737 1540 3791 καὶ
1589 3733 1976 3805 ὑποδεχόμενος

403 3837 621 3902 αὐτοὺς,
667 3835 872 3897 δίκαιος
915 3833 972 3886 δέ
1018 3833 1186 3895 ἐστιν,
1225 3831 1350 3884 ὅταν
1402 3828 1448 3861 ⁸⁸
1497 3827 1696 3900 κρίνων
1748 3825 1818 3879 τὰ
1855 3826 1974 3879 κατ’

401 3927 558 3996 ἀξίαν
590 3925 804 3998 ἑκάστῳ
831 3924 1100 3996 ἀπονέμῃ.

473 4017 564 4074 IV.
590 4019 701 4072 Καὶ
729 4020 758 4072 6
795 4017 979 4089 Σίμων
1025 4015 1161 4086 ἔφη·
1205 4013 1331 4076 Πῶς
1370 4007 1463 4066 οὖν
1495 4010 1837 4082 ἐγνωσμένου
1880 4008 1975 4062 τοῦ

394 4107 756 4180 Δημιουργοῦ,
781 4105 876 4160 τοῦ
913 4106 1007 4160 καὶ
1039 4105 1132 4158 τὸν
1169 4102 1339 4174 Ἀδὰμ
1382 4101 1701 4165 πλάσαντος,
1741 4100 1836 4153 καὶ
1866 4099 1977 4161 τοῖς

401 4199 545 4254 κατά
587 4199 749 4270 νόμον
789 4197 1017 4259 δικαίοις
1061 4194 1424 4265 ἐγνωσμένου,
1471 4192 1693 4264 προσέτι
1736 4191 1795 4245 δέ
1831 4191 1878 4222 ⁸²
1901 4190 1978 4243 6t-

357 4331 362 4336 .
403 4291 580 4354 καίοις
602 4290 699 4344 καὶ
737 4289 942 4352 ἀδίκοις
983 4288 1076 4341 καὶ
1099 4287 1211 4358 ὃλῳ-
1238 4285 1318 4357 τῷ
1353 4284 1561 4356 κόσμῳ,
1594 4286 1624 4337 6
1651 4282 1978 4346 Διδάσκαλός

2075 3090 2256 3144 aiente
2284 3107 2299 3145 :
2334 3089 2506 3158 Quae?
2531 3091 2598 3145 ad
2625 3090 2758 3160 legis
2785 3091 3042 3147 mandata
3067 3092 3296 3148 remisit.
3342 3089 3460 3144 Non
3500 3099 3648 3146 certe

2075 3183 2243 3240 alium
2264 3182 2555 3253 quemdam
2586 3182 2786 3238 bonum
2817 3183 3134 3256 signiﬁcans
3183 3186 3251 3241 ad
3297 3186 3432 3256 justi
3476 3184 3645 3240 remi—

2076 3275 2239 3330 sisset
2259 3287 2384 3328 eum
2432 3281 2723 3344 praecepta.
2776 3273 2938 3328 Aliud
2980 3289 3110 3330 vero
3156 3290 3275 3331 esse
3315 3277 3560 3346 justum,
3590 3287 3644 3331 et

2075 3365 2222 3421 aliud
2269 3364 2474 3420 bonum
2501 3404 2518 3432 ,
2549 3364 2736 3434 ,etiam
2781 3365 2897 3434 ipse
2932 3365 3214 3421 confiteor.
3280 3366 3384 3421 Sed
3423 3369 3642 3437 ignoras

2077 3457 2144 3512 ad
2165 3455 2415 3513 eumdem
2438 3456 2728 3526 pertinere,
2759 3455 2964 3510 bonum
2990 3471 3113 3511 esse
3136 3472 3199 3512 ac
3216 3456 3444 3527 justum.
3464 3458 3647 3513 Bonus

2075 3548 2226 3603 enim
2253 3557 2358 3616 est,
2391 3547 2522 3604 dum
2560 3547 2948 3618 paenitentibus
2989 3563 3135 3604 nunc
3177 3550 3518 3621 aaquauimus
3561 3561 3646 3606 est

2075 3655 2377 3711 eorumque
2425 3648 2726 3710 susceptor,
2770 3638 2954 3710 justus
3002 3651 3185 3696 autem
3238 3650 3341 3706 est,
3391 3642 3640 3712 quando-

2075 3731 2295 3802 quidem
2315 3729 2573 3802 judicans
2595 3745 2694 3802 pro
2720 3729 2916 3789 merito
2945 3731 3188 3804 singulis
3209 3733 3496 3789 retribuet.

2145 4000 2236 4058 IV.
2269 3999 2337 4057 Et
2363 3999 2554 4056 Simon
2581 4016 2597 4052 :
2630 3999 2755 4067 Quo
2780 3999 2944 4054 modo
2989 4012 3143 4070 ergo,
3169 3997 3370 4069 inquit,
3391 4012 3518 4054 cum
3547 4013 3644 4054 co-

2077 4102 2372 4166 gnoscatur
2395 4092 2642 4156 Creator,
2681 4091 2774 4161 qui
2819 4101 2873 4146 ει
2893 4087 3164 4145 Adamum
3202 4089 3480 4156 formavit,
3528 4099 3582 4146 et
3612 4105 3642 4144 a

2070 4185 2237 4256 justis
2264 4183 2367 4240 sub
2413 4184 2530 4254 lege
2568 4181 2876 4236 viventibus
2929 4181 3148 4250 agnitus
3173 4189 3278 4248 est,
3311 4182 3454 4238 sicut
3477 4182 3641 4238 etiam

2077 4293 2108 4332 a
2136 4276 2304 4347 justis
2323 4284 2380 4330 et
2407 4290 2437 4328 a
2465 4283 2581 4328 toto
2631 4271 2858 4336 mundo,
2901 4269 3162 4342 Magister
3204 4281 3352 4338 tuus,
3383 4271 3487 4343 qui
3523 4281 3647 4340 post

403 4401 500 4438 σου
547 4381 686 4454 μετά
723 4382 929 4445 πάντας
974 4357 1213 4444 ἐκείνους
1253 4377 1525 4450 ἐληλυθὼς
1550 4378 1720 4448 λέγει’
1769 4375 1976 4443 Οὐδεὶς

2078 4381 2176 4423 eos
2204 4379 2398 4421 omnes
2425 4363 2592 4427 venit,
2621 4361 2696 4415 ait
2723 4375 2738 4414 :
2765 4357 2932 4413 Nemo
2962 4361 3104 4414 norit
3144 4358 3382 4419 Patrem.
3411 4361 3518 4413 nisi
3547 4358 3645 4412 Fir-

399 4477 555 4546 ἐγνω
598 4474 704 4528 τὸν
751 4471 980 4542 Πατέρα
1036 4475 1090 4526 εί
1121 4470 1214 4542 μὴ
1246 4474 1279 4526 ό
1332 4471 1497 4537 Υἱὸς,
1537 4469 1618 4548 ὡς
1674 4467 1819 4524 οὐδὲ
1872 4469 1976 4523 τὸν

410 4565 551 4620 Υἱόν
576 4583 667 4632 τις
694 4564 873 4631 οἶδεν,
895 4566 947 4618 εί
968 4561 1056 4634 μὴ
1089 4566 1122 4617 ὁ
1160 4561 1382 4629 Πατὴρ,
1411 4559 1510 4614 καὶ
1539 4561 1628 4626 οἷς
1653 4559 1731 4614 ἂν
1751 4560 1980 4626 βούλῃ-

402 4675 498 4713 ται
533 4661 568 4713 ὁ
619 4657 750 4723 Υἱὸς
790 4655 1213 4724 ἀποκαλύψαιξ
1240 4652 1426 4706 Ταῦτα
1456 4652 1514 4706 δὲ
1547 4652 1648 4706 οὐκ
1677 4651 1744 4706 ἂν
1771 4651 1976 4719 ἔλεγεν,

403 4753 454 4806 εἰ
477 4750 550 4823 μὴ
568 4747 786 4821 Πατέρα
797 4745 915 4801 τινὰ
930 4748 987 4799 ἐν
1002 4745 1333 4817 ἀπορρήτοις
1347 4743 1475 4799 ὄντα
1501 4742 1817 4814 ἀνήγγειλεν
1834 4741 1976 4799 ’θ’-⁵⁸,

402 4843 464 4898 ὃν
494 4843 586 4897 καὶ
613 4841 833 4912 ὕψιστον
854 4841 884 4894 6
905 4837 1066 4910 νόμος
1087 4837 1270 4906 λέγει,
1295 4835 1390 4906 ἀφ’
1406 4829 1469 4889 οὗ
1495 4834 1616 4889 οὔτε
1645 4835 1821 4906 ἀγαθὴ
1848 4833 1970 4887 οὔτε

477 4968 505 4998 ι
537 4953 670 5010 Luc.
707 4969 858 5020 xvm,
893 4950 981 5008 l8.

477 5026 507 5068 δ
531 5025 722 5082 Matth.
761 5039 875 5093 nx,
905 5024 993 5079 17.

2079 4460 2222 4524 lius,
2259 4458 2396 4512 sicut
2437 4473 2528 4509 nec
2577 4453 2778 4507 Filium
2828 4453 2945 4523 quis
2985 4451 3160 4518 novit,
3189 4453 3291 4506 nisi
3343 4450 3542 4515 Pater,
3594 4460 3642 4504 et

2078 4551 2265 4622 quibus
2319 4547 2540 4604 uoluerit
2597 4545 2774 4600 Filius
2817 4543 3046 4598 revelare
3091 4555 3137 4597 ο.
3185 4540 3291 4597 Ista
3330 4551 3509 4596 autem
3532 4556 3642 4595 non

2079 4642 2337 4709 dixisset,
2367 4641 2413 4696 si
2447 4653 2554 4695 non
2604 4635 2986 4692 annuntiasset
3027 4633 3314 4704 quemdam
3347 4632 3560 4688 Patrem
3586 4633 3641 4688 in

2080 4731 2299 4790 arcanis
2321 4731 2868 4798 existentem',tquem
2897 4734 2954 4781 et
2980 4724 3308 4781 altissimum
3347 4723 3434 4780 lex
3461 4725 3643 4794 appel-

2077 4831 2172 4897 lat,
2203 4843 2234 4883 a
2259 4839 2370 4898 quo
2393 4839 2569 4894 neque
2593 4823 2737 4878 bona
2777 4835 2952 4892 neque
2985 4819 3128 4875 mala
3161 4817 3355 4874 audita.
3375 4825 3460 4874 est
3482 4830 3586 4871 vos
3610 4815 3637 4855 ⁸

2147 4955 2172 4983 α
2199 4939 2394 4997 Matth.
2422 4953 2500 5001 XI,
2538 4936 2630 4990 27.

2145 5014 2175 5054 ιι
2204 5009 2409 5070 ΤΙιι-ειι.
2435 5023 2518 5071 ιιι,
2544 5006 2634 5061 '58.

1675 5113 1905 5168 νΑιιιΑῑ
1940 5107 2368 5194 ιΕεΤιοΝΕεη
2547 5198 2576 5204 η
2665 5197 2686 5204 _
2809 5195 2821 5204 _
2953 5192 3050 5204 θ’
3185 5190 3221 5204 Α
3485 5192 3506 5204 _

479 5219 522 5251 ³¹
541 5217 602 5300 τό
619 5221 705 5300 Ο..
757 5218 803 5249 ⁸⁸
831 5216 949 5318 ἔχη,
973 5215 1308 5300 όμολόγησον
1334 5213 1395 5267 C.
1426 5202 1563 5299 Vb‘l).
1595 5212 1645 5264 εί
1671 5210 1727 5264 δὲ
1751 5211 1812 5293 at}
1834 5211 1976 5265 δοκεῖ

507 5289 598 5340 Sic
623 5288 834 5340 deinde.
935 5286 1124 5340 ὀείεω
1151 5287 1213 5338 0.
1289 5284 1336 5316 "
1369 5284 1447 5336 Ita
1474 5282 1537 5336 LI
1574 5321 1590 5340 .
1634 5280 1822 5340 ἀγαθῳ
1847 5276 1976 5334 εἶναι

2075 5205 2286 5278 ιόρθῶς
2313 5187 2748 5290 έχΊεινςδιέλεγξον
2790 5192 3052 5260 (Isset-ipsi
3087 5206 3153 5244 ex
3181 5190 3243 5244 0.
3318 5190 3359 5220 “
3380 5187 3639 5250 Μωῦεέος

2075 5280 2104 5332 Li.
2126 5275 2319 5340 δικαίῳ
2349 5271 2504 5330 (ηο.
2579 5269 2627 5340 δέ
2644 5268 2750 5340 καὶ,
2771 5265 2973 5340 δίκαιον
3007 5259 3099 5314 καί
3136 5275 3186 5329 p.
3218 5258 3538 5340 καῖδίκαιον
3573 5262 3634 5338 ᾳ.

406 5290 472 5342 0.
507 5289 598 5344 Sic
623 5288 834 5342 deinde.

1151 5258 1276 5338 δέ--
1289 5258 1455 5336 ἱ’³νίιιι
2119 5258 2319 5352 δικαίῖρ
2407 5303 2422 5352 ε
2441 5271 2504 5324 0.
2771 5258 2987 5352 δίκαιον
3007 5259 3099 5352 καί
3124 5275 3186 5352 Β.

409 5328 839 5426 assuetis;
861 5328 1123 5420 εδθξξεῖ
1244 5354 1331 5426 εις,
1353 5328 1560 5426 εἱὰῖι
1574 5328 1816 5426 ὀῗΤῖἶῷ
1837 5328 1976 5426 es;

2075 5328 2342 5419 ’τήρησον
2372 5328 2532 5395 idem.
2609 5337 2763 5388 δτὲπὶ
2793 5335 2890 5396 τάς
2913 5335 2954 5386 0
2990 5341 3075 5412 ,ει
3120 5328 3186 5410 ex
3208 5329 3440 5398 conject.
3467 5328 3509 5383 C
3540 5369 3555 5392 ,
3579 5328 3636 5414 in

2121 5417 2163 5426 ..ι
2245 5415 2269 5426 ο
2351 5413 2382 5426 ιι
2457 5412 2466 5422 η
2569 5410 2605 5426 Δὶ
2689 5407 2732 5426 ια
2749 5407 2819 5426 ἰ.-
2851 5405 2908 5426 l‘l
2983 5398 3166 5426 ..-ι-Ω...
3188 5394 3315 5426 ρῗιιρ..
3338 5398 3426 5426 ,ιαλ
3452 5398 3636 5426 ἓ.υ-η..

409 5429 569 5495 cuius
595 5419 744 5484 textu
777 5419 1021 5489 ἐπιστάς.
1044 5425 1180 5479 Tum
1207 5425 1281 5495 id.
1307 5422 1548 5495 ἔπεμψεν
1576 5437 1630 5495 p.
1663 5419 1988 5495 παρέπεμψε

407 5490 558 5558 (ἒξυ.
635 5499 682 5530 ⁸⁸
702 5497 800 5567 μέν
825 5497 1030 5567 inserui
1054 5511 1110 5567 _c.
1145 5496 1203 5567 Ο.
1232 5491 1369 5567 _Tum
1403 5490 1796 5567 ἀποδεχόμενος
1823 5490 1884 5544 C.
1964 5496 1984 5527 υ

410 5561 713 5625 οιυὶιῆεεειί
734 5584 820 5635 ap.
851 5565 913 5620 Cl
960 5575 1013 5620 et
1047 5565 1101 5619 S.
1134 5565 1248 5606 "-"‘
1274 5561 1599 5632 ἀνήγγελλεν
1623 5563 1684 5617 υ.

1992 5437 2041 5470 ν.
2119 5437 2164 5449 “'
2178 5437 2275 5468 του
2297 5437 2469 5478 ειυμςυι
2491 5437 2538 5464 υ.
2567 5437 2626 5461 υ.
2717 5437 2724 5438 ί
2751 5437 2824 5458 ua
2851 5437 2911 5458 υι
2941 5443 2954 5462 ,
2979 5437 3167 5468 νειμ-νγ
3187 5437 3320 5451 υινυιι-
3339 5437 3432 5452 σιν..
3451 5437 3634 5468 ...ηυντ

1991 5491 2004 5518 ¹
2024 5487 2100 5541 ὅτ’
2130 5487 2195 5539 ἀν
2227 5485 2290 5539 C.
2319 5482 2458 5537 Tum
2485 5478 2744 5546 ἀπονέμει
2773 5479 2834 5528 0.
2911 5476 2954 5508 ⁸²
2972 5470 3028 5525 δέ
3048 5469 3213 5526 textui
3240 5469 3445 5524 reddidi
3509 5483 3634 5523 cum

2119 5394 2275 5468 λδ
2491 5426 2538 5464 c.
2567 5410 2626 5461 0.
2689 5407 2732 5438 ⁵³
2749 5407 2824 5458 Ita
2850 5394 2922 5478 Cl
2941 5443 2954 5478 ,
2976 5398 3168 5478 ἀγαθῷ
3187 5394 3328 5478 sitiat:
3338 5397 3637 5478 καιδικαίῳ
