4048 6146
381 265 486 324 ιω

1429 264 1890 322 (ΣΙΕΜΕΝΤΙΝΑ.
1918 262 1990 304 '-
2027 264 2312 320 IIOMILIA
2349 265 2533 321 XVIII.

3519 268 3625 324 ιιο

445 388 535 443 Vl.
577 388 688 441 Kal.
717 387 746 440 ὁ
778 386 981 456 Πέτρος
1006 384 1108 454 ἔφη
1130 401 1143 414 ο
1172 385 1234 437 Et
1266 383 1423 437 τοῦτο
1446 383 1619 448 οὕτως
1644 383 1755 454 ἔχει
1789 384 1855 446 ⁶¹,
1878 382 1943 436 τὰ

2127 380 2210 437 γι.
2254 381 2317 436 Et
2339 381 2535 438 Petrus
2564 384 2642 438 ait
2670 402 2681 437 :
2717 383 2773 438 Si
2803 385 2907 439 hoc
2943 382 3015 437 ita
3049 382 3233 448 habet,
3262 379 3501 437 maxime
3525 384 3598 437 im

375 481 609 555 μέγιστα
639 479 878 542 ἀσεϐεῖς.
910 480 972 531 Εἰ
1004 478 1112 548 γὰρ
1144 476 1274 529 Υῑοῦ
1302 478 1436 541 ἐστὶ,
1470 477 1564 529 τοῦ
1590 476 1813 548 οὐρανὸν
1854 476 1950 531 καὶ

371 574 476 642 τῖεν
502 572 980 643 διακοσμήσαντος,
1014 568 1076 622 τὸ
1105 561 1150 635 ᾧ
1183 566 1429 639 βούλεται
1460 566 1862 621 ἀποκαλύπτειν
1903 565 1950 596 ⁸³

370 672 462 718 τον
496 666 553 718 ὲν
596 663 923 734 ἀπορρήτοις
969 659 1135 714 αὐτοῦ
1186 659 1425 731 Πατέρα,
1473 659 1536 712 σὺ
1590 658 1839 729 μέγιστα,
1873 657 1949 721 ὡς

374 754 758 828 ἒφην,ἀσε6ετς
785 750 1179 806 ἀποκαλύπτων
1202 749 1284 815 οἷς
1314 753 1523 814 ἐκεῖνος
1551 750 1652 804 οὐκ
1681 750 1952 804 ἀπεκάλυ-

371 847 493 917 ψεν.
528 849 636 902 Kal
660 848 688 899 6
711 845 918 916 Σίμων·
958 843 1118 897 Ἀλλά
1158 843 1318 907 αὐτός
1353 859 1419 913 με
1462 841 1709 912 βούλεται
1741 842 1951 895 ἀποκα-

371 937 611 991 λύπτειν.
632 935 999 1006 ΚαὶὸΠέτρος
1022 949 1037 964 ο
1062 932 1136 986 Οὐ
1157 934 1296 994 νοεῖς
1327 930 1362 985 ἀ
1377 932 1541 1000 λέγω,
1565 931 1765 1001 Σίμων.
1782 928 1948 1000 Πλὴν

370 1031 537 1101 358
560 1028 796 1092 ἀκούσας
822 1026 998 1090 σύνες.
1033 1024 1124 1095 Τῷ
1148 1025 1193 1056 ⁸⁸
1219 1026 1419 1077 εἰπεῖν’
1468 1024 1567 1089 Οἷς
1605 1023 1682 1077 ἂν
1715 1023 1948 1089 βούλη-

372 1139 464 1176 ται
488 1122 531 1153 ⁸⁸
567 1125 601 1179 ὁ
645 1120 776 1186 Υἱὸς
804 1118 1198 1185 ἀποκαλύψει,
1223 1116 1285 1168 οὐ
1333 1113 1650 1184 διδασκαλίᾳ
1684 1112 1808 1166 τινὰ
1846 1129 1951 1165 τοι-

370 1214 526 1267 οὖτον
561 1213 749 1283 μαθεῖν
773 1210 940 1278 λέγει,
996 1208 1131 1262 ἀλλὰ
1170 1206 1508 1277 ἀποκαλύψει
1562 1205 1739 1277 μόνον.
1789 1204 1949 1256 Ἀπο-

371 1303 599 1371 κάλυψίς
660 1304 774 1355 ἐστι
829 1300 891 1352 τὸ
948 1301 1004 1352 ὲν
1073 1299 1275 1361 πάσαις
1336 1296 1588 1368 καρδίαις
1648 1294 1959 1367 ἀνθρώπων

368 1396 694 1467 ἀπορρήτως
760 1392 1010 1462 κείμενον
1071 1389 1483 1459 κεκαλυμμένον
1509 1426 1524 1452 ,
1574 1386 1702 1441 ἄνευ
1766 1385 1951 1455 φωνῆς

367 1488 433 1556 τῇ
469 1484 635 1538 αὐτοῦ
671 1483 830 1555 βουλῇ
857 1482 903 1514 ⁸⁸
942 1480 1476 1549 ἀποκαλυπτόμενον.
1524 1480 1633 1533 Kal.
1664 1477 1838 1541 οὕτως
1862 1478 1949 1546 γί-

368 1595 516 1631 νεται
543 1576 763 1646 γνῶναι,
790 1576 851 1628 οὐ
876 1573 1210 1643 διδαχθέντα,
1235 1570 1370 1625 ἀλλά
1417 1570 1663 1625 συνέντα.
1692 1570 1781 1640 Τῷ
1817 1569 1948 1641 μέν·

367 1686 450 1722 τοι
496 1666 724 1721 συνιέντι
768 1666 811 1697 ⁸⁷
854 1665 954 1719 οὐκ
1000 1664 1225 1728 ἔξεστιν,
1259 1662 1403 1733 ἄλλῳ
1446 1661 1603 1716 τοῦτο
1646 1661 1947 1728 ἀποδεῖξαι,

2050 475 2174 543 pius
2201 490 2283 530 es.
2316 473 2451 529 Nam
2485 476 2530 531 si
2560 474 2627 529 ad
2661 474 2858 529 Filium
2881 517 2896 540 ,
2924 473 3046 528 mali
3102 483 3157 529 et
3209 483 3367 529 terra!
3415 475 3621 531 conslia;

2052 577 2309 630 tutorem,
2348 574 2556 635 spectat
2607 564 2868 629 revelare,
2904 565 2989 619 eu.’
3027 566 3163 627 vult,
3198 565 3371 635 ipsius
3401 562 3618 619 Patrem

2051 659 2104 712 in
2139 658 2473 713 absconditis
2521 658 2783 725 positum,
2816 669 2895 724 tu,
2932 656 3074 712 sicut
3116 658 3249 724 dixi,
3295 660 3531 713 maxime
3559 675 3619 713 es

2052 751 2273 818 impius,
2303 750 2396 818 qui
2431 750 2637 804 revelas
2667 749 2865 819 quibus
2895 748 2983 802 ille
3032 764 3376 818 neytaquam
3409 751 3618 805 revela-

2050 842 2145 895 vit.
2179 841 2259 895 Ae
2310 841 2496 895 Simon
2535 857 2549 894 :
2594 839 2696 895 Sed
2740 840 2829 894 ille
2870 839 2987 893 vult
3029 847 3091 892 ut
3137 842 3390 894 revelem.
3441 842 3618 911 Atque

2049 930 2295 986 Petrus:
2334 929 2453 984 Non
2500 931 2774 1002 intelligis,
2832 932 3042 1001 Simon,
3093 949 3216 1003 qua:
3255 933 3363 986 aio.
3421 930 3615 985 Verum

2051 1026 2200 1088 audi,
2229 1033 2285 1079 et
2310 1025 2565 1096 intellige.
2598 1025 2828 1091 Quando
2866 1026 2995 1081 dicit
3022 1044 3035 1081 :
3070 1025 3270 1091 Quibus
3304 1024 3413 1079 vult
3444 1024 3633 1097 Filius1

2052 1115 2319 1180 reuelabit,
2350 1132 2416 1171 eo
2451 1117 2745 1188 signiﬁcat,
2775 1117 2923 1171 illum
2960 1118 3233 1172 hominem
3268 1132 3375 1171 non
3409 1117 3618 1171 discere

2051 1221 2147 1275 per
2174 1206 2501 1272 doctrinam,
2549 1208 2642 1262 sed
2696 1224 2793 1277 per
2842 1210 3015 1264 solam
3067 1208 3470 1264 revelatiouem.
3522 1206 3637 1281 Est‘

2051 1304 2231 1350 autem
2264 1297 2557 1363 revelatio,
2589 1313 2737 1363 cum,
2768 1299 2911 1368 quod
2948 1300 2999 1352 iu
3031 1298 3286 1353 omnibus
3333 1296 3615 1351 hominum

2050 1389 2309 1444 cordibus
2339 1404 2537 1443 arcane
2562 1389 2796 1443 velatum
2832 1390 3065 1458 positum
3115 1399 3220 1454 est,
3251 1390 3457 1458 absque
3484 1402 3631 1461 voce.

2050 1498 2148 1552 per
2183 1482 2326 1537 illius
2360 1483 2689 1537 voluntatem
2721 1486 3010 1538 revelatur.
3044 1482 3243 1553 Sicque
3287 1497 3615 1553 cognoscere

2052 1568 2251 1623 accidit
2279 1584 2387 1624 non
2419 1570 2675 1624 discendo
2721 1572 2813 1625 sed
2862 1572 3228 1643 intelligendo.
3262 1571 3426 1640 Atqui
3455 1571 3631 1637 iutel-g

2054 1661 2239 1732 ligeuti
2282 1676 2391 1715 non
2424 1662 2570 1728 licet,
2598 1662 2753 1717 alteri
2800 1663 2904 1718 hoc
2937 1664 3242 1730 ostendere,
3276 1663 3618 1733 quandoqui-

368 1761 489 1813 ἐπεὶ
518 1760 638 1832 μηδ’
672 1758 833 1821 αὐτὸς
870 1725 1141 1827 ὲδιδάέθη,
1168 1725 1292 1807 ούτε
1327 1725 1674 1823 ἀποκαλύψαι
1700 1725 1943 1815 δύναται,

2052 1754 2172 1808 dem
2202 1769 2303 1809 nec
2331 1754 2445 1823 ipse
2473 1757 2698 1811 edoctus
2727 1764 2832 1823 est,
2874 1773 3059 1811 verum
3100 1757 3261 1811 etiam
3296 1772 3401 1809 uou
3442 1762 3618 1824 potest

368 1851 492 1903 ἐπεὶ
521 1851 594 1921 μὴ
630 1849 791 1912 αὑτός
825 1850 973 1900 ἐστιν
1004 1849 1033 1899 6
1067 1846 1215 1909 Υἱὸς,
1239 1846 1396 1909 ἐκτὸς
1427 1846 1475 1899 εί
1520 1846 1595 1917 μὴ
1635 1846 1828 1900 ἑαυτὸν
1855 1846 1944 1900 λέ-

368 1961 455 2013 γει
480 1942 614 1997 εἶναι
634 1944 725 1997 τὸν
756 1942 902 1998 Υἱόν.
937 1943 1009 1996 Σὺ
1031 1941 1088 1995 δὲ
1119 1941 1219 1994 οὐκ
1244 1937 1295 1993 εἷ
1315 1942 1343 1994 6
1368 1938 1538 2003 ἑστὼς
1570 1939 1716 2004 Υἱός.
1746 1942 1808 1994 El
1835 1939 1945 2013 γὰρ

369 2036 498 2100 Υἱὸς
526 2031 613 2108 ἧς,
645 2036 860 2098 πάντως
883 2034 947 2088 ἂν
990 2033 1125 2105 ᾔδης
1150 2033 1196 2064 ⁸³
1232 2031 1334 2102 τῆς
1372 2031 1629 2102 τοιαύτης
1668 2032 1945 2087 ἀποκαλύ-

366 2126 514 2197 ψεως
537 2128 664 2189 τοὺς
687 2125 886 2189 ἀξίους.
915 2125 987 2178 Σὺ
1017 2124 1074 2178 δὲ
1105 2123 1205 2177 οὐκ
1236 2119 1401 2187 οἶδας.
1428 2124 1492 2176 Εἰ
1523 2123 1632 2195 γὰρ
1656 2123 1943 2193 ἠπίστασο,

367 2221 436 2274 τὰ
464 2218 574 2273 τῶν
606 2217 977 2289 ἐπισταμένων
1009 2215 1075 2269 ἂν
1101 2214 1303 2278 ἐποίεις
1326 2215 1390 2269 ⁸⁸.

441 2310 551 2365 VII.
604 2311 714 2364 Kal
759 2311 787 2362 6
838 2308 1019 2378 Σίμων
1067 2305 1171 2375 ἔφη
1203 2322 1219 2338 α
1265 2304 1576 2377 Ὀμολογῶ,
1623 2308 1688 2360 ού
1738 2308 1945 2379 συνῆκα

369 2400 486 2463 πῶς
509 2399 687 2468 λέγεις
706 2436 720 2461 ,
737 2396 811 2450 τὰ
836 2394 953 2449 τῶν
967 2393 1379 2463 ἐπισταμένων
1408 2394 1485 2447 ἂν
1509 2394 1732 2461 ἐποίεις
1744 2396 1791 2428 ⁷⁰
1834 2396 1946 2451 Kal.

367 2496 396 2547 6
414 2493 634 2564 Πέτρος·
663 2492 725 2544 El
743 2489 805 2542 οὐ
838 2488 1075 2559 συνῆκας
1092 2526 1108 2550 ,
1141 2486 1262 2539 οὐδὲ
1283 2486 1375 2538 τὸν
1399 2486 1629 2540 ἑκάστου
1653 2486 1778 2541 νοῦν
1810 2488 1946 2543 εἰδέ-

367 2604 456 2639 ναι
477 2584 626 2659 δύνῃ,
654 2585 747 2638 κα¹ι
775 2585 824 2636 εί
855 2584 1067 2651 ἀγνοεῖς
1090 2581 1157 2645 ⁷¹,
1188 2580 1307 2633 οὐδὲ
1331 2581 1458 2643 τοὺς
1484 2578 1669 2644 ἀξίους
1687 2580 1789 2651 τῆς
1810 2582 1944 2635 ἀπο-

366 2676 650 2746 καλύψεως
681 2673 990 2737 ἐπίστασαι,
1030 2672 1130 2725 οὐκ
1174 2667 1226 2724 εἴ
1256 2671 1411 2733 Υίόςο
1448 2673 1477 2725 6
1518 2671 1576 2724 δὲ
1618 2670 1745 2735 Υἱὸς
1781 2668 1939 2727 οἶδεν·

364 2769 464 2831 διὸ,
500 2764 580 2832 οἷς
613 2767 881 2838 βούλεται,
909 2765 983 2829 ὼς
1005 2764 1176 2828 ἀξίοις
1201 2758 1371 2827 οὖσιν,
1413 2762 1808 2817 ἀποκαλύπτει.
1833 2764 1943 2818 Kal.

363 2862 393 2913 6
413 2859 594 2929 Σίμων
620 2857 723 2927 ἔφη
743 2875 755 2887 ·
786 2857 877 2928 Μὴ
918 2853 1132 2918 ἀπα-τῶ,
1159 2851 1276 2907 οῖδα
1308 2854 1433 2916 τοὺς
1463 2852 1667 2920 ἀξίους,
1695 2854 1790 2907 καὶ
1818 2854 1943 2918 Υἱὸς

364 2951 463 3002 οὐκ
495 2949 636 3019 εἰμί.
662 2946 831 3001 Τοῦτο
864 2946 1062 3015 μέντοι,
1087 2944 1140 2998 τί
1178 2944 1294 2998 ποτ’
1338 2942 1503 3005 ἐστιν,
1530 2942 1621 3009 οἷς
1653 2944 1942 3009 ,βούλεται

2046 1847 2310 1912 revelare,
2340 1848 2469 1917 quia
2500 1847 2616 1917 ipse
2651 1863 2759 1903 non
2787 1859 2870 1903 est
2901 1849 3090 1916 Filius,
3122 1849 3227 1903 nisi
3274 1849 3320 1903 si
3370 1862 3431 1902 se
3473 1846 3625 1923 dicat

2042 1954 2164 1994 esse
2209 1937 2426 1993 Filium.
2462 1938 2542 1993 Tu
2583 1949 2763 1995 autem
2803 1956 2911 1993 non
2957 1956 3016 1995 es
3062 1950 3214 1995 stans
3248 1936 3437 1993 Filius.
3478 1934 3614 1990 Nam

2043 2033 2088 2089 si
2116 2032 2289 2089 Filius
2308 2049 2478 2099 esses,
2504 2035 2728 2088 omnino
2757 2050 3116 2104 cognosceres
3162 2035 3266 2088 hac
3301 2033 3495 2103 dignos
3525 2048 3616 2087 re-

2042 2125 2332 2180 velatione.
2357 2124 2439 2178 Tu
2472 2141 2600 2179 vero
2637 2125 2876 2196 ignoras.
2914 2125 2971 2181 Si
3006 2127 3151 2182 enim
3192 2126 3362 2182 scires
3410 2123 3616 2179 faceres

2041 2232 2166 2289 qua
2207 2216 2415 2271 faciunt
2460 2219 2554 2287 qui
2580 2218 2780 2273 sciunt.

2113 2307 2227 2366 VII.
2269 2310 2415 2365 Dixit
2464 2309 2654 2365 Simon
2706 2326 2721 2365 :
2781 2309 2998 2372 Fateor,
3046 2326 3155 2365 non
3203 2309 3448 2379 intelligo
3503 2323 3625 2378 quo.

2046 2402 2208 2456 modo
2223 2401 2393 2466 dicas,
2408 2402 2605 2470 faceres
2629 2416 2746 2471 quae
2768 2401 2971 2471 faciunt
2989 2403 3078 2471 qui
3100 2403 3294 2455 sciunt.
3308 2399 3373 2453 Et
3389 2400 3577 2454 Petrus
3596 2419 3610 2454 :

2045 2491 2101 2546 Si
2134 2508 2240 2547 non
2271 2492 2602 2557 intellexisti,
2631 2493 2794 2548 etiam
2825 2508 2934 2547 non
2982 2502 3134 2562 potes
3184 2490 3621 2561 uniuscujusque,

2043 2584 2448 2640 seire-mentem
2479 2602 2494 2638 :
2528 2584 2647 2639 etsi
2673 2584 2914 2653 ignoras,
2938 2584 3103 2639 etiam
3133 2598 3240 2638 nou
3267 2581 3613 2637 revelatiouis

2040 2680 2236 2750 dignos
2257 2679 2577 2750 cognoscis;
2604 2692 2670 2734 ac
2690 2679 2735 2733 si
2760 2693 2869 2732 non
2894 2675 3172 2744 cognocis,
3196 2691 3304 2729 nou
3329 2690 3389 2730 es
3418 2673 3609 2727 Filius.

2042 2769 2213 2825 Filius
2235 2780 2414 2825 autem
2441 2769 2630 2824 novit:
2658 2784 2827 2839 quare
2850 2768 3049 2837 quibus
3076 2766 3213 2830 vult,
3233 2775 3489 2835 tanquam
3516 2765 3611 2833 qui

2041 2861 2188 2932 digni
2222 2861 2352 2927 sint,
2392 2862 2616 2917 revelat.
2651 2858 2718 2914 Et
2767 2857 2956 2914 Simon
2985 2859 3161 2914 dixit:
3192 2858 3265 2911 Ne
3299 2856 3610 2925 decipiaris,

2042 2955 2167 3010 novi
2203 2954 2419 3025 dignos,
2444 2968 2544 3007 nec
2588 2951 2757 3006 Filius
2788 2967 2932 3006 sum.
2974 2949 3145 3005 Porro
3187 2949 3318 3020 quid
3366 2949 3470 3003 hoc
3518 2950 3611 3017 sit,

365 3039 793 3118 ἀποκαλύπτει,
826 3038 887 3091 οὐ
926 3036 1132 3107 συνῆκα
1163 3035 1239 3098 ὠς
1279 3034 1456 3103 λέγεις
1478 3051 1492 3065 ο
1527 3034 1589 3087 τὸ
1620 3034 1677 3088 δὲ
1709 3036 1782 3106 μὴ
1818 3053 1940 3090 συν-

2043 3044 2230 3117 quibus
2283 3044 2393 3098 uult
2443 3042 2657 3104 revelat,
2706 3058 2815 3096 non
2864 3041 3103 3096 intellexi
3154 3040 3608 3110 quemadmodum

368 3126 507 3187 ιέναι
553 3134 650 3204 οὐχ
692 3132 770 3197 ὡς
815 3132 889 3203 μὴ
931 3130 1085 3194 είδὼς
1130 3127 1304 3195 εἷπον,
1336 3130 1451 3184 ἀλλ’
1491 3130 1568 3194 ὡς
1592 3130 1747 3194 εἰδὼς
1775 3131 1942 3202 359

364 3226 446 3279 ὅτι
496 3226 546 3279 οἱ
607 3223 953 3296 παρεστῶτες
987 3222 1049 3275 ού
1112 3222 1378 3291 συνῆκαν,
1441 3221 1530 3273 ἵνα
1583 3221 1715 3274 αὐτὸ
1778 3222 1943 3291 σαφέ-

366 3333 555 3388 στερον
628 3318 788 3386 εἴπῃς
816 3356 831 3379 ,
908 3316 1056 3377 ὅπως
1115 3314 1377 3383 νοήσωσιν
1455 3306 1531 3365 ὧν
1591 3312 1776 3366 ἕνεκεν
1848 3312 1943 3369 καὶ

365 3406 467 3477 τὴν
494 3402 716 3474 ζήτησιν
750 3401 1066 3473 ποιούμεθα.
1116 3401 1225 3454 Kal.
1274 3403 1303 3454 6
1351 3401 1593 3472 Πέτροςο
1650 3401 1791 3470 Ἐγὼ
1848 3418 1943 3456 σα-

364 3497 625 3567 φέστερον
651 3494 781 3549 αὐτὸ
809 3496 982 3548 εἰπεῖν
1023 3494 1085 3547 οὐ
1116 3493 1369 3564 δύναμαι,
1406 3494 1471 3547 σὺ
1511 3495 1674 3559 αὐτὸς
1700 3495 1777 3558 ὡς
1819 3496 1943 3564 νοή-

364 3604 465 3652 σας
492 3589 697 3660 φράσον
745 3587 853 3640 Καὶ
879 3589 907 3639 ὁ
930 3585 1143 3655 Σίμων’
1191 3582 1332 3652 Ἐγὼ
1361 3582 1431 3637 τὰ
1456 3582 1525 3637 σά
1557 3585 1657 3637 οὐκ
1697 3583 1940 3654 ἀνάγκην

363 3681 470 3752 ἔχω
500 3680 695 3748 λέγειν.
725 3679 833 3731 Kal.
875 3678 904 3730 6
956 3676 1192 3746 Πέτροςο
1239 3675 1406 3746 Φαίνῃ
1458 3691 1590 3745 μοι,
1625 3673 1827 3742 Σίμων,
1865 3673 1940 3745 μὴ

364 3772 567 3835 συνιεὶς
606 3771 755 3833 αὐτὸ,
800 3770 892 3823 καὶ
938 3768 1217 3838 ὁμολογεῖν
1258 3767 1331 3837 μὴ
1381 3765 1580 3830 θέλων,
1626 3766 1712 3820 ἵνα
1762 3766 1835 3837 μὴ
1879 3767 1938 3819 ὲν

362 3863 554 3935 ἀγνοίᾳ
582 3861 855 3933 φωραθεὶς
883 3861 928 3892 ⁷⁸
962 3857 1222 3929 ἐλεγχθῇς
1248 3858 1320 3929 μὴ
1342 3855 1416 3910 ὣν
1443 3857 1506 3909 σὺ
1531 3859 1561 3911 6
1596 3855 1766 3921 ἑστὼς
1790 3856 1935 3921 Υἱός.

361 3955 534 4009 Τοῦτο
564 3954 672 4026 γάρ
702 3954 941 4024 αἱνίσσῃ,
987 3950 1089 4004 κᾶν
1124 3949 1307 4019 σαφῶς
1347 3949 1477 4003 αὐτὸ
1508 3951 1682 4004 εἰπεῖν
1736 3949 1808 4020 μὴ
1852 3948 1939 4003 θέ-

360 4046 460 4120 λῃς
482 4064 496 4078 ο
530 4045 671 4099 ὥστε
714 4043 825 4113 ἐγὼ
861 4044 959 4113 μὲν
997 4041 1096 4105 τάς
1131 4042 1229 4105 σὰς
1267 4040 1460 4112 βουλὰς
1502 4041 1561 4107 ἐξ
1602 4034 1676 4096 ὧν
1722 4042 1937 4114 αἰνίσσῃ

362 4137 675 4206 ἐπίσταμαι,
710 4136 987 4206 προφήτου
1018 4131 1249 4204 ἀληθοῦς
1292 4132 1537 4203 μαθητὴς
1580 4131 1676 4195 ὢν,
1702 4133 1764 4187 οὐ
1804 4150 1938 4203 προ-

362 4226 557 4296 φήτης.
584 4226 655 4277 Σὺ
686 4224 743 4276 δὲ
764 4225 860 4277 καὶ
885 4224 954 4276 τά
978 4223 1164 4292 σαφῶς
1187 4222 1454 4293 λεγόμενα
1482 4222 1555 4293 μὴ
1584 4222 1780 4277 συνιὼν
1806 4223 1935 4277 Υἱὸν

362 4315 553 4369 ἑαυτὸν
576 4317 752 4368 εἰπεῖν
771 4313 963 4378 θέλεις,
990 4312 1255 4367 ἀνθιστῶν
1278 4312 1325 4343 ⁷⁸
1352 4314 1502 4382 ἡμῖν.
1532 4311 1642 4365 Kal.
1665 4314 1694 4365 6
1718 4311 1899 4381 Σίμων
1916 4327 1931 4342 ·

2042 3137 2238 3192 dicas:
2281 3150 2389 3189 non
2434 3134 2733 3203 intelligere
2774 3144 2955 3188 autem
3001 3133 3137 3195 dixi,
3183 3148 3290 3187 non
3349 3141 3610 3202 tanquam

2043 3228 2159 3297 ipse
2187 3227 2458 3293 nesciens,
2487 3227 2582 3282 sed
2611 3226 2761 3280 velut
2801 3225 2982 3281 sciens
3022 3223 3168 3294 quod
3214 3232 3454 3278 astantes
3501 3239 3608 3277 non

2043 3296 2429 3380 intellexerint,
2478 3323 2537 3368 ut
2586 3314 2721 3387 illud
2769 3314 2973 3369 clarius
3025 3312 3249 3378 efferas,
3280 3326 3390 3382 quo
3435 3296 3611 3381 perci-h

2042 3406 2213 3476 piant,
2246 3404 2448 3474 quibus
2473 3402 2541 3457 de
2569 3402 2751 3457 causis
2781 3418 2880 3457 uos
2921 3399 3352 3456 controversiam
3405 3398 3608 3452 hahea-

2041 3511 2184 3549 mus.
2210 3493 2274 3549 Ει
2296 3492 2489 3549 Petrus
2515 3511 2529 3548 :
2559 3491 2673 3563 Ego
2707 3492 2909 3546 clarius
2935 3490 3037 3545 hoc
3069 3503 3281 3559 nequeo
3300 3489 3500 3553 dicere,
3524 3498 3604 3554 tu,

2040 3594 2100 3641 ut
2123 3585 2362 3656 quiillud
2388 3584 2716 3654 perceperis,
2733 3581 2916 3637 eﬂ‘are.
2941 3583 3007 3637 Et
3031 3579 3219 3635 Simon
3245 3578 3493 3651 :Egotua
3521 3580 3606 3634 di-

2039 3694 2163 3737 cere
2192 3694 2415 3734 necesse
2458 3693 2568 3732 non
2599 3676 2791 3731 habeo.
2824 3673 3018 3730 Petrus
3044 3692 3058 3729 :
3094 3672 3306 3729 Videris
3332 3674 3487 3739 mihi,
3518 3672 3605 3727 Si-

2038 3787 2191 3836 mon,
2224 3771 2357 3825 illud
2384 3786 2492 3824 non
2521 3768 2836 3836 intelligere,
2869 3782 2969 3822 nec
2999 3766 3133 3820 velle
3158 3767 3423 3831 conﬁteri,
3451 3781 3517 3819 ne
3547 3765 3602 3819 in

2039 3863 2342 3936 ignorantia
2386 3859 2811 3930 deprehendaris
2864 3868 2918 3914 et
2985 3857 3235 3928 arguaris
3290 3857 3434 3927 quod
3491 3871 3599 3909 nou

2036 3967 2191 4015 stans
2236 3956 2313 4011 sis
2355 3952 2545 4008 Filius.
2577 3950 2632 4006 Id
2682 3953 2826 4005 enim
2870 3950 3101 4006 obscure
3149 3949 3444 4019 signiﬁcas,
3474 3965 3599 4003 cum

2036 4060 2216 4105 tamen
2261 4055 2449 4117 aperte
2487 4045 2667 4100 dicere
2703 4045 2887 4099 nolis:
2917 4043 3060 4098 sicut
3101 4058 3202 4114 ego
3244 4043 3462 4112 quidem
3504 4051 3600 4097 tua

2037 4138 2265 4194 consilia
2302 4152 2369 4190 ex
2401 4136 2468 4190 iis
2493 4150 2615 4204 qua:
2646 4134 2831 4189 innuis
2856 4148 3149 4203 cognosco,
3182 4133 3274 4201 qui
3323 4148 3443 4187 sum
3483 4130 3598 4185 veri

2034 4230 2311 4301 prophetat
2335 4226 2661 4296 discipulus,
2692 4241 2798 4279 non
2841 4225 3125 4293 propheta.
3158 4222 3238 4278 Tu
3290 4239 3419 4279 vero
3453 4222 3598 4277 clare

2034 4324 2177 4380 diota
2206 4337 2315 4376 non
2345 4321 2652 4391 intelligens
2681 4328 2733 4373 te
2764 4316 2961 4371 Filium
2991 4316 3171 4372 dicere
3197 4316 3301 4381 vis,
3335 4316 3597 4371 resistens

374 4407 516 4480 Ἀρῶ
559 4423 649 4459 σου
679 4408 857 4459 πᾶσαν
889 4405 1158 4477 πρόφασιν
1184 4424 1197 4434 ·
1235 4402 1511 4474 ὁμολογῶ,
1548 4402 1678 4457 αὐτὸ
1708 4403 1769 4456 ού
1802 4420 1927 4456 συν-

2043 4416 2212 4472 nubis.
2241 4413 2307 4468 Et
2332 4413 2519 4467 Simon
2548 4429 2562 4466 :
2589 4409 2798 4465 Tollam
2822 4424 3039 4462 omnem
3065 4418 3215 4463 tuum
3235 4417 3553 4478 praetextum
3578 4424 3593 4461 :

359 4497 474 4567 ῆκα
496 4538 511 4560 ,
542 4497 594 4549 τί
636 4495 754 4550 ποτ’
781 4495 945 4557 ἐστιν,
971 4493 1070 4549 καὶ
1100 4494 1189 4559 οἷς
1213 4492 1291 4549 ἂν
1313 4494 1611 4561 ,βούληται
1633 4493 1681 4524 ’⁸
1712 4495 1746 4547 ό
1798 4493 1930 4561 Υἱὸς

359 4589 787 4643 ἀποκαλύπτει.
819 4587 959 4655 Λέγε
980 4585 1159 4639 τοίνυν
1180 4584 1311 4638 αὐτὸ
1337 4584 1677 4656 σαφέστερον.

435 4698 564 4753 VIII.
606 4701 715 4753 Kal.
763 4699 794 4752 6
825 4697 1066 4769 Πέτρος·
1123 4695 1335 4767 Ἐπειδὴ
1384 4695 1487 4749 κᾶν
1526 4696 1761 4767 σχήματι
1795 4694 1926 4748 αὐτὸ

361 4790 716 4863 ὡμολόγησας
757 4790 832 4861 μὴ
878 4787 1133 4851 συνιέναι,
1175 4786 1311 4858 πρὸς
1358 4786 1387 4839 ὃ
1422 4786 1759 4856 πυνθάνομαί
1806 4802 1923 4849 σου,

2032 4505 2226 4569 fateor,
2275 4505 2380 4559 hoc
2404 4516 2510 4557 non
2554 4500 2790 4555 intellexi
2825 4498 3085 4568 quidnam
3121 4507 3297 4562 esset,
3321 4508 3370 4551 et
3404 4495 3593 4567 quibus

2030 4600 2140 4657 vult
2169 4596 2216 4650 F
2218 4597 2342 4652 ilius
2376 4594 2587 4649 revelat.
2619 4591 2715 4647 Dic
2744 4606 2873 4662 ergo
2903 4591 3030 4646 illud
3058 4591 3382 4645 evidentius.

2104 4688 2238 4745 VIII.
2284 4686 2423 4741 Tum
2469 4684 2664 4739 Petrus
2706 4699 2721 4736 :
2767 4681 3241 4752 Quandoquidem,
3292 4680 3393 4735 etsi
3447 4678 3589 4742 ﬁcte,

2030 4783 2135 4838 hoc
2163 4781 2344 4835 fassus
2376 4792 2439 4833 es
2466 4790 2573 4830 non
2602 4773 2922 4844 intelligere,
2952 4773 3019 4826 ad
3054 4771 3106 4826 id
3153 4770 3297 4853 quod
3343 4779 3395 4826 te
3425 4770 3592 4825 inter-

1625 4899 1860 4956 VARIAE
1898 4891 2300 4955 LECTIONES.

468 4995 625 5067 σξὲκῃ
650 4996 713 5051 C.
750 4993 1175 5067 d'fExplanavit
1209 4995 1357 5067 hunc
1395 4994 1595 5067 locum_
1611 5005 1801 5067 contra
1838 4992 2288 5067 Schliemannum
2310 4982 2575 5067 ABauriuls.
2610 4980 2806 5067 Anual.
2839 4975 3021 5067 ilicet:
3037 4973 3583 5067 Τροίῃ-,2.

360 5066 487 5130 55%.
508 5042 625 5138 Si"
643 5042 780 5138 ’Ξῖεῷ
810 5042 1196 5138 δῖ’τῖ
1212 5042 1373 5138 ’ῖέῖῐει
1396 5042 1602 5138 ὂρῖἷεῗέ
1616 5042 2563 5138 Τβξῦἔεῖαἶξροἶξᾭτῆς-τβουλῗιεο
2590 5091 2611 5138 ι
2635 5053 2754 5138 te“;
2768 5047 3062 5138 ῖῗῗῖἕαῖὶ
3081 5042 3586 5138 δοιὲδθξῖτέᾃὲγε

360 5119 631 5207 ξτσύνέντι
652 5136 720 5207 νϐ.
752 5119 843 5207 ’-⁸⁸
857 5119 1089 5207 ᾔδειςίο.
1123 5136 1199 5189 Ad
1226 5136 1375 5207 verb.
1404 5130 1549 5207 οἶδας
1575 5119 1725 5207 notat
1754 5133 1795 5207 ξ
1851 5150 1880 5207 :_
1900 5131 2042 5207 Nihil
2075 5119 2415 5207 mutandum.
2444 5119 2560 5203 (Πι-ἶ
2590 5120 2759 5207 [τοῦ.ι
2771 5119 3067 5207 gurgitng

3074 5156 3086 5168 .
3115 5114 3241 5168 256.
3311 5116 3356 5150 ⁸⁸
3380 5113 3584 5177 ἐποίεις

361 5182 726 5290 seeae;
753 5204 794 5290 (ξ
824 5245 839 5269 ν
1121 5182 1374 5290 cini-"lii.
1411 5182 1731 5290 @3911:
1828 5182 2054 5290 .‘ée‘s‘:
2078 5182 2123 5253 υ
2153 5191 2707 5290 seiugata-.3;
2739 5182 3336 5290 Ζ,Ῐηὲ..ῗέξῗίνξι³⁴ἓ.¹ῖ.ίῖἓί;ε
3360 5182 3585 5290 fitilla:

356 5263 416 5398 ﬁ.
450 5263 573 5329 539.
601 5263 739 5328 Τιῖιιι
772 5263 995 5343 ἀγνοεῖς¹
1016 5263 1143 5340 δ’,ὐ
1172 5316 1186 5337 ,
1210 5263 1411 5361 ἀγνοῇς
1436 5272 1498 5328 C.

411 5361 573 5398 cuna.
600 5346 721 5398 ead.
747 5362 892 5398 man.
924 5346 977 5398 in
1005 5362 1175 5398 mam.
1204 5345 1330 5398 lam:
1354 5312 1498 5398 έτεοε

450 5311 573 5329 υυυ.
772 5311 983 5343 suum,
1017 5311 1075 5340 υ,
1102 5311 1141 5329 υ
1172 5316 1186 5337 ,
1210 5311 1270 5343 ...ι
1293 5311 1408 5336 τω,
1437 5311 1498 5328 υ.
1640 5311 1713 5324 ....
1747 5311 1784 5324 υ
1910 5311 1946 5323 υ
1979 5311 1995 5332 ,
2023 5311 2068 5340 γ,

411 5361 573 5413 cuna,
600 5346 721 5401 ead.
747 5362 892 5399 man.
924 5346 977 5399 in
1005 5362 1175 5417 marg.
1204 5345 1330 5408 lam;
1354 5312 1557 5415 ἕτερος.
1633 5341 1965 5404 ⁷³ἀνθεστώς
2008 5341 2068 5395 C.

1574 5276 1620 5305 τε
1640 5254 1790 5324 Itali
1830 5254 1877 5325 is.
1905 5254 1949 5323 ι)
1979 5254 2277 5340 ,”ᾡωραθῇς
2300 5254 2503 5340 IlI-Pro
2539 5254 2707 5340 ἓστιὶξς
2736 5259 2932 5340 legitur
2954 5256 3010 5340 λιι
3042 5257 3086 5340 ρ
3130 5257 3330 5340 tenenti!
3362 5254 3585 5340 parlvula

2160 5322 2411 5405 ιιιίῖἄρω
2452 5333 2518 5385 Ο.
2596 5322 2913 5425 “ﬁculna:
2954 5324 3017 5389 S,
3048 5328 3090 5379 0
3131 5364 3147 5387 ,
3182 5322 3427 5395 βούλεται
3448 5322 3512 5377 C.

1653 5457 2013 5515 νΑιιιοιιυΜ
2060 5453 2285 5510 NOTAE.

358 5558 487 5614 Vult
527 5560 717 5615 Simon
767 5556 957 5627 Magus
1003 5554 1170 5609 Deum
1202 5563 1539 5627 _ereatorem_
1566 5566 1685 5606 esse
1726 5550 1908 5627 hlium
2018 5543 2368 5627 Turrianonin
2404 5535 2878 5609 Explanatiom'bus
2908 5535 2978 5589 ad
3005 5529 3414 5590 Constitutiones
3441 5546 3585 5600 apo-

357 5630 640 5710 ignotidei
669 5614 1014 5710 sui,_p§trem
1040 5640 1169 5710 vero
1195 5620 1759 5710 Jcsu_Chr‘isti‘nor§tri.
1801 5618 1913 5701 lloc
2017 5616 2251 5672 stoliéas.
2279 5614 2415 5667 Cor.

358 5690 566 5766 monui,
597 5702 722 5771 quia
752 5690 907 5755 aliter
933 5704 1210 5766 acceptum
1237 5711 1265 5748 ιι
1294 5694 1409 5748 viro
1435 5692 1593 5747 docto
1623 5690 1912 5745 Fraucisco
