4048 6146
455 257 553 314 ιιι

1302 256 1360 312 8.
1399 255 1841 312 CLEMENTISI
1880 255 2044 314 ROM.
2087 253 2286 310 PONT.
2325 253 2552 308 OPERA
2589 252 2814 310 DUBIA.

3588 252 3694 310 412

453 385 606 440 τόκα,
630 368 762 423 mihi
813 368 1098 440 responde,
1130 384 1195 424 ac
1232 369 1430 425 disces.
1455 367 1554 424 Dic
1585 369 1718 424 mihi
1759 387 1772 424 :
1809 369 1890 423 ais
1935 366 2017 422 Fi-

2125 366 2413 437 ἀπόκριναί
2449 383 2559 437 μοι,
2587 365 2680 420 καὶ
2708 365 2950 437 μαθήσῃ.
2976 364 3114 436 Λέγε
3143 381 3252 437 μοι’
3298 365 3404 438 φῂς
3440 364 3526 420 τὸν
3567 368 3694 424 Υίδν

452 461 610 526 lium,
665 460 977 530 quicunque
1015 461 1105 526 sit,
1155 459 1366 529 justum
1413 475 1558 525 esse,
1593 460 1679 513 vel
1716 461 1858 514 non?
1887 459 2023 514 Res-

453 553 643 620 pondit
673 550 862 606 Simon
900 571 913 606 :
947 550 1344 606 Justissimum.
1378 550 1446 606 Et
1491 550 1686 607 Petrus
1713 569 1730 609 :
1756 551 1892 606 Cum
1924 567 2024 607 au-

453 653 559 698 tem
585 643 772 712 justus
804 644 894 710 sit,
922 658 1022 697 cur
1044 657 1151 696 non
1179 643 1432 701 omnibus
1455 643 1677 711 revelat,
1707 643 1800 698 sed
1823 644 2021 714 quibus

452 733 603 786 vult?
644 733 722 788 Ac
764 733 995 786 Simon:
1041 731 1309 798 Quoniam
1359 733 1453 803 qui
1492 734 1674 800 justus
1713 743 1816 800 est,
1855 735 2022 805 justis

453 824 694 878 revelare
722 823 856 876 vult.
901 821 1095 877 Petrus
1121 837 1138 878 :
1167 821 1355 878 Nonne
1384 824 1550 894 igitur
1596 839 1816 880 necesse
1844 835 1929 881 est
1955 827 2023 881 ab

450 931 518 970 eo
547 919 804 987 cognosci
831 923 1067 971 mentem
1100 917 1462 989 singulorum,
1494 929 1554 972 ut
1582 919 1781 974 revelet
1809 919 2023 989 dignis?

452 1003 642 1060 Simon
675 1020 691 1059 :
723 1004 961 1060 Omnino
987 1007 1357 1062 necessarium
1387 1016 1470 1063 est
1517 1009 1591 1063 ita
1629 1009 1846 1065 habere.
1880 1008 2019 1064 Tum

448 1094 682 1151 Petrus:
711 1095 898 1166 Itaque
948 1097 1036 1152 ille
1085 1099 1237 1155 solus
1267 1098 1461 1153 merito
1493 1099 1735 1154 revelare
1764 1100 2020 1156 definitus

446 1200 552 1254 est,
581 1189 672 1258 qui
701 1191 853 1244 solus
885 1189 1318 1260 uniuscujusque
1343 1201 1579 1246 mentem
1612 1193 1784 1258 novit,
1819 1201 1874 1247 et
1908 1207 2016 1247 non

450 1288 530 1344 tu,
563 1279 656 1349 qui
687 1296 754 1335 ne
799 1296 861 1336 ea
907 1280 1126 1352 quidem
1172 1297 1294 1352 qua:
1323 1297 1354 1337 a
1397 1283 1554 1339 nobis
1582 1283 1840 1339 dicuntur
1866 1293 2019 1354 potes

397 1405 402 1409 ι
447 1369 768 1442 intelligere.

515 1461 609 1519 IX.
651 1463 706 1519 ld
737 1463 956 1521 Petrum
986 1465 1254 1523 dicentem
1285 1469 1518 1539 populus
1549 1469 1804 1527 laudibus
1830 1487 2021 1541 prose-

446 1563 608 1611 cutus
657 1566 761 1612 est.
799 1558 868 1612 At
918 1558 1130 1624 Simon,
1171 1559 1224 1613 in
1267 1561 1420 1630 lapsu
1463 1561 1857 1630 deprehensus,
1907 1579 2017 1633 pra:

446 1648 654 1716 pudore
685 1649 924 1715 erubuit,
950 1658 1114 1720 atque
1142 1650 1335 1707 fricata
1363 1651 1540 1708 fronte
1574 1653 1713 1709 dixit
1740 1673 1753 1709 :
1780 1654 1899 1709 Jam
1929 1671 2015 1710 me

446 1753 666 1807 magum
721 1737 872 1792 aiunt
925 1754 956 1794 a
1000 1739 1159 1796 Petro
1197 1756 1306 1796 non
1340 1750 1550 1796 tantum
1581 1743 1809 1810 victum,
1839 1744 1932 1798 sed
1961 1754 2016 1800 et

443 1829 749 1884 rationibus
778 1845 1053 1899 pressum.
1080 1829 1199 1886 Non
1236 1842 1416 1888 autem
1465 1835 1593 1889 licet
1622 1834 1746 1904 quis
1793 1836 2016 1891 ratioci-

443 1922 761 1978 nationibus
807 1933 1124 1992 prematur,
1167 1925 1425 1994 abreptus
1473 1927 1755 1981 veritatem
1803 1927 1856 1981 in
1896 1928 2015 1997 ipso

445 2014 644 2068 victam
696 2013 880 2068 liabet.
930 2013 1116 2084 Neque
1163 2016 1308 2069 enim
1354 2015 1640 2071 intirmitas
1677 2017 2016 2074 defendentis

447 2107 650 2161 veritas
679 2115 763 2162 est
791 2108 1119 2176 superantis.
1151 2108 1402 2164 Attamen
1431 2109 1520 2163 aio
1553 2110 1670 2176 tibi,
1699 2125 1785 2166 me
1825 2126 2016 2168 omnes

447 2205 692 2251 astantes
715 2196 1048 2266 judicavisse
1085 2199 1300 2269 dignos,
1333 2200 1427 2269 qui
1459 2200 1512 2253 in
1544 2202 1760 2256 arcanis
1799 2201 2014 2257 Patrem

441 2297 853 2358 cognoscerent.
889 2288 1068 2356 Quare
1097 2305 1219 2345 cum
1251 2292 1424 2360 palam
1457 2292 1588 2362 ipsis
1612 2294 1815 2358 revelo,
1843 2304 1897 2350 tu
1921 2311 2016 2364 per

442 2381 701 2436 invidiam
730 2379 862 2435 mihi
912 2381 1033 2436 illos
1067 2381 1330 2437 beneficio
1372 2381 1583 2438 allicere
1612 2385 1848 2455 cupienti
1889 2402 2017 2442 suc-

441 2487 654 2526 censes.

512 2563 581 2618 Χ.
607 2563 753 2618 Dixit
782 2563 976 2620 Petrus
1011 2582 1025 2618 :
1057 2563 1349 2631 Quoniam,
1382 2574 1443 2620 ut
1489 2568 1738 2636 praesenti
1768 2569 2017 2624 multitu-

441 2655 556 2710 dini
584 2663 802 2725 gratum
839 2656 1069 2723 faceres,
1105 2657 1176 2711 ita
1215 2658 1432 2713 locutus
1458 2674 1540 2723 es,
1569 2675 1669 2730 ego
1696 2659 1872 2715 dicam
1899 2658 2012 2716 "non

443 2755 614 2816 grate,
648 2747 740 2802 sed
769 2761 914 2802 vere.
960 2745 1056 2801 Dic
1105 2747 1264 2815 mihi,
1308 2764 1420 2818 quo
1448 2751 1611 2805 modo
1652 2753 1847 2823 dignos
1891 2770 2014 2812 esse

442 2838 731 2908 cognoscis
779 2845 1022 2893 astantes
1057 2839 1379 2906 universos,
1425 2843 1866 2913 quandoquidem
1917 2848 2012 2902 tibi

443 2927 704 2982 iudicanti
733 2942 802 2982 ne
832 2943 975 2983 unus
1002 2927 1221 2997 quidem
1253 2931 1480 3000 praebuit
1503 2937 1834 2991 assensum?
1874 2936 2008 2992 Nam

441 3018 588 3087 quod
623 3034 708 3074 me
736 3028 928 3075 contra
955 3027 1007 3074 te
1033 3019 1395 3090 laudaverint,
1427 3039 1533 3079 non
1559 3033 1642 3080 est
1669 3030 2014 3086 consentien-
2039 3061 2082 3122 ο

441 3111 578 3165 tium
610 3111 729 3180 tibi,
769 3112 862 3168 sed
910 3113 1068 3180 mihi,
1107 3109 1198 3169 cui
1225 3123 1279 3171 et
1313 3114 1526 3172 laudem
1576 3127 1832 3188 tanquam
1877 3121 2012 3177 bene

441 3203 624 3260 locuto
653 3205 983 3262 tribuerunt.
1013 3205 1211 3263 Verum
1237 3207 1364 3277 quia
1397 3207 1561 3275 Deus,
1593 3220 1780 3280 utpote
1806 3212 2010 3282 justus,

441 3295 785 3368 singulorum
835 3309 1073 3354 mentem
1118 3299 1404 3368 dijudicat,
1437 3301 1581 3370 quod
1614 3311 1669 3356 tu
1706 3302 1891 3360 dixisti
1917 3321 2014 3360 ve-

442 3405 563 3442 rum
591 3406 732 3457 esse,
770 3390 822 3445 id
852 3391 1032 3446 noluit
1062 3407 1159 3462 per
1190 3393 1466 3448 sinistram
1497 3394 1704 3450 dextris
1731 3395 1873 3463 dari,
1902 3413 2011 3467 qua

441 3481 674 3548 ratione,
703 3481 796 3552 qui
829 3483 1033 3552 aliquid
1063 3499 1094 3538 a
1129 3483 1249 3539 fure
1273 3485 1491 3555 accipit,
1524 3495 1578 3539 et
1604 3485 1720 3556 ipse
1750 3503 1878 3544 reus
1906 3499 2008 3545 est.

440 3569 627 3646 Itaque
652 3587 772 3626 eam
799 3573 871 3627 ob
895 3588 1117 3629 causam
1151 3577 1296 3644 quod
1322 3591 1351 3630 a
1381 3585 1434 3632 te
1461 3577 1806 3645 alierebatur,
1837 3582 2014 3638 noluit

438 3678 536 3717 eos
572 3665 840 3734 accipere,
875 3667 965 3719 sed
1012 3681 1108 3735 per
1149 3667 1370 3733 Filium,
1411 3669 1504 3739 qui
1558 3670 1623 3724 ad
1661 3673 2008 3729 revelandum

439 3756 774 3824 pra-stitutus
802 3768 904 3811 est.
938 3756 1039 3812 Cui
1070 3759 1218 3812 enim
1247 3761 1500 3816 convenit
1540 3760 1755 3817 Patrem
1799 3768 2011 3822 revela-

440 3862 522 3912 re,
553 3855 912 3917 praeterquam
947 3849 1048 3902 soli
1079 3848 1242 3916 Filio,
1287 3851 1415 3920 quia
1463 3852 1510 3908 is
1556 3852 1649 3907 tali
1687 3855 2013 3913 revelatione

438 3935 666 4005 dignum
693 3939 1003 4010 cognoscit?
1033 3938 1124 3994 Sic
1153 3956 1260 3996 non
1291 3951 1375 3998 est
1416 3943 1522 3999 hoc
1551 3945 1750 4001 docere
1789 3957 1883 4002 aut
1907 3948 2015 4002 do-

439 4027 579 4090 ceri,
613 4029 708 4083 sed
741 4029 1000 4084 ineﬂ'abili
1025 4045 1188 4085 manu
1220 4033 1270 4086 ei
1300 4033 1554 4101 revelari,
1581 4035 1676 4105 qui
1713 4035 1846 4092 illud
1869 4037 2012 4092 scire

2122 457 2328 512 δίκαιον
2359 456 2519 520 εἶναι,
2553 459 2699 522 ὅστις
2737 460 2854 511 ποτ’
2889 457 3052 523 ἐστιν,
3163 457 3260 523 ob;
3302 459 3410 512 Kal
3446 459 3474 512 6
3512 459 3694 530 Σίμων

2122 551 2257 620 ἔφη·
2291 546 2656 602 Δικαιότατον.
2691 549 2800 602 Kal.
2822 551 2851 602 6
2881 549 3110 621 Πέτρος·
3151 549 3370 612 Δίκαιος
3409 549 3467 602 δὲ
3497 548 3570 602 ῶν
3606 549 3696 604 διά

2121 641 2175 695 τί
2209 641 2282 712 μή
2310 643 2476 694 πᾶσιν
2519 640 2912 705 ἀποκαλύπτει,
2947 640 3061 694 ἀλλ’
3098 637 3179 703 οἷς
3205 640 3486 711 βούλεται;
3521 641 3628 695 Kal
3660 644 3692 694 6

2086 733 2334 804 .Σίμων⁶
2372 733 2492 787 Ὅτι
2543 731 2749 796 δίκαιος
2795 731 2871 786 ῶν
2920 734 3031 796 τοῖς
3070 732 3240 798 ἀξίοις
3289 732 3690 788 ἀποκαλύπτειν

2123 824 2388 895 βούλεται.
2445 824 2555 878 Kal.
2582 825 2611 877 6
2646 824 2884 895 Πέτρος·
2937 822 3143 877 Οὐκοῦν
3165 823 3212 855 ⁷⁸
3258 823 3476 893 ἀνάγκη
3531 824 3694 878 αὑτὸν

2121 916 2316 970 ειδέναι
2361 916 2454 969 τὸν
2503 916 2732 969 ἑκάστου
2770 914 2932 978 νοῦν,
2982 915 3068 967 ἵνα
3093 914 3263 981 ἀξίοις
3294 914 3688 986 ἀποκαλύπτῃς

2120 1008 2229 1061 Kal.
2260 1009 2288 1060 6
2330 1007 2540 1078 Σίμων·
2599 993 2836 1077 Ἀνάγκη
2871 1007 3018 1060 πᾶσα
3034 1007 3078 1039 ⁷⁸
3120 1005 3290 1070 οὕτως
3326 1006 3487 1077 ἔχειν.
3529 1007 3703 1078 360

2119 1099 2229 1153 Καὶ
2247 1102 2274 1153 6
2299 1098 2502 1170 Πέτρος
2524 1115 2537 1129 ·
2566 1097 2772 1153 οὐκοῦν
2795 1097 2956 1161 αὐτὸς
2989 1097 3146 1168 μόνος
3171 1097 3402 1167 εὐλόγως
3424 1099 3468 1130 ⁷⁷
3493 1097 3692 1151 ἀποκα·

2119 1193 2339 1246 λύπτειν
2365 1191 2593 1264 ὡρίσθη,
2626 1192 2784 1262 μόνος
2804 1191 2896 1245 τὸν
2922 1190 3152 1245 ἑκάστου
3170 1191 3293 1245 νοῦν
3318 1189 3492 1255 εἰδὼς,
3513 1192 3608 1244 καὶ
3627 1193 3697 1245 οὑ,

2120 1289 2185 1342 σὺ
2209 1289 2238 1341 6
2259 1287 2397 1358 μηδὲ
2417 1286 2488 1341 τά
2518 1287 2606 1357 ὑφ’
2629 1286 2786 1358 ἡμῶν
2809 1286 3076 1357 λεγόμενα
3105 1286 3400 1358 δυνάμενος
3433 1269 3696 1340 συνίέναι..

2189 1463 2278 1519 ΙΧ.
2313 1465 2486 1518 Τοῦτο
2539 1465 2635 1520 τοῦ
2687 1464 2896 1537 Πέτρου
2943 1462 3207 1528 είπόντος,
3255 1464 3364 1518 ἀπὸ
3431 1465 3529 1534 μὲν
3583 1462 3699 1516 τῶν

2116 1557 2287 1628 ὄχλων
2314 1556 2538 1620 ἔπαινος
2569 1556 2803 1626 ἐγένετο.
2844 1557 2901 1610 Ὁ
2927 1555 2983 1608 δὲ
3021 1555 3202 1626 Σίμων
3245 1557 3568 1628 κατάφωρος
3599 1571 3693 1623 γε-

2115 1647 2306 1719 γονὼς,
2335 1648 2599 1713 αἰδεσθεὶς
2624 1649 2943 1722 ἠρυθρίασε,
2969 1650 3065 1705 καὶ
3111 1649 3174 1702 τὸ
3208 1648 3460 1719 μέτωπον
3498 1648 3696 1719 τρίψας

2046 1710 2088 1764 Β
2116 1710 2218 1814 ἐφη
2239 1710 2441 1794 (Ἀλλ’
2471 1710 2780 1812 saepire;
2803 1710 3052 1811 λέγουσιν
3079 1741 3183 1794 ὑπὸ
3208 1710 3427 1811 ’Πέτρου
3458 1710 3700 1808 Maps;

2111 1853 2202 1889 vov
2223 1834 2291 1898 "',
2320 1832 2454 1887 ἀλλά
2475 1835 2568 1888 καὶ
2603 1831 3064 1904 συλλογιζόμενον.
3089 1833 3202 1885 Οὐκ
3225 1833 3383 1896 εἴτις
3417 1832 3473 1885 δὲ
3501 1831 3690 1885 συλλο-

2112 1927 2346 1998 γισθείη,
2383 1925 2781 1999 συναρπασθεὶς
2821 1926 2921 1997 τὴν
2944 1927 3014 1978 -ὲν
3065 1924 3213 1995 αὐτῷ
3252 1923 3506 1995 ἀλήθειαν
3551 1939 3692 1975 νενι-

2113 2017 2357 2090 κημένην
2381 2017 2512 2089 ἔχει.
2556 2017 2632 2070 Οὐ
2675 2015 2783 2087 γὰρ
2823 2017 2857 2086 ἡ
2903 2015 3155 2068 ἀσθένεια
3207 2014 3301 2068 τοῦ
3357 2011 3695 2076 ἐκδικοῦντος

2113 2109 2340 2181 ἀλήθειά
2383 2111 2501 2162 ἐστι
2530 2109 2624 2162 τοῦ
2668 2107 2968 2178 νικωμένου
2996 2106 3060 2162 ⁷⁸.
3107 2108 3252 2179 Πλὴν
3284 2106 3424 2178 φημί
3474 2123 3576 2169 σοι,
3610 2105 3703 2159 ὅτι.

2112 2201 2224 2272 ἐγὼ
2252 2203 2380 2264 τοὺς
2410 2199 2770 2272 παρεστῶτας
2802 2198 3010 2260 πάντας
3054 2198 3237 2263 ἀξίους
3269 2198 3459 2271 ἔκρινα
3490 2195 3698 2266 γνῶναι

2111 2293 2203 2347 τὸν
2239 2295 2296 2348 ὲν
2321 2294 2650 2366 ἀπορρήτοις
2695 2293 2933 2366 Πατέρα.
2971 2293 3061 2346 Διδ
3097 2289 3332 2362 δημοσίᾳ
3366 2305 3468 2360 μου
3509 2287 3688 2350 αὐτοῖς

2112 2385 2603 2451 ἀποκαλύπτοντος,
2627 2388 2692 2442 σὺ
2718 2385 2879 2449 αὐτὸς
2901 2387 2946 2418 ⁸ο
2969 2385 3057 2438 διὰ
3082 2384 3272 2455 φθόνον
3293 2381 3414 2454 ἐμοὶ
3434 2379 3513 2452 τῷ
3543 2380 3695 2450 εὐερ-

2113 2479 2294 2546 γετεῖν
2324 2477 2521 2541 αὐτοὺς
2547 2476 2753 2530 θέλοντι
2785 2475 3149 2546 χαλεπαίνεις.

2185 2566 2254 2621 Χ.
2295 2569 2404 2621 Kal
2433 2570 2463 2622 6
2510 2568 2715 2639 Πέτρος
2761 2567 2864 2639 ἔφη
2889 2585 2902 2598 ο
2941 2566 3156 2638 Ἐπειδὴ
3200 2564 3540 2638 ἀρεσκόντως
3577 2564 3694 2626 τοῖς

2114 2657 2381 2730 παροῦσιν
2411 2655 2587 2729 ὄχλοις
2621 2659 2794 2723 οὕτως
2837 2659 2992 2730 ἔφης,
3028 2656 3136 2727 ἐγὼ
3161 2657 3272 2730 ἐρῶ
3302 2659 3402 2710 οὐκ
3431 2653 3692 2727 ἀρεσκόν-

2113 2764 2241 2812 τως,
2267 2747 2379 2801 ἀλλ’
2405 2749 2450 2781 ⁸⁸
2482 2748 2717 2820 ἀληθῶς.
2741 2749 2879 2818 Λέγε
2907 2767 3015 2821 μοι,
3044 2747 3162 2812 πῶς
3191 2747 3374 2815 ἀξίους
3404 2747 3688 2800 ἐπίστασαι

2111 2838 2240 2902 τοὺς
2262 2839 2619 2910 παρεστῶτας
2644 2841 2872 2904 πάντας,
2895 2841 3028 2894 ὅπου
3057 2857 3138 2894 σοι
3159 2838 3466 2908 ὲκφαίνοντι
3485 2837 3590 2889 οὐδ’
3610 2832 3689 2900 εἷς

2116 2929 2402 2997 συνέθετος
2456 2931 2518 2984 τὸ
2567 2931 2677 3004 γὰρ
2730 2934 2852 3004 ἐμοὶ
2900 2931 3224 3003 ποιήσασθαι
3268 2929 3410 2984 κατά
3461 2927 3554 2980 σοῦ
3599 2927 3689 2982 τὸν

2115 3020 2333 3075 ἔπαινον
2358 3021 2458 3075 οὐκ
2501 3021 2618 3077 ἐστι
2660 3023 3145 3094 συγκαταθεμένων
3188 3021 3298 3084 σοι,
3324 3020 3439 3075 ἀλλ’
3469 3020 3514 3052 ⁸¹
3545 3020 3686 3091 ἐμοὶ,

2114 3105 2161 3182 ᾧ
2197 3115 2293 3168 καὶ
2340 3115 2433 3169 τὸν
2475 3115 2693 3170 ἔπαινον
2739 3116 2817 3180 ὡς
2861 3116 3037 3188 ὀρθῶς
3078 3114 3320 3186 εἰρηκότι
3366 3114 3684 3188 ἀπένειμαν.

2126 3180 2264 3262 Ἃλλ⁹
2305 3208 2492 3281 ἐπειδὴ
2536 3212 2566 3263 6
2601 3209 2733 3272 Θεὸς
2769 3180 2973 3272 δίκαιος
3011 3207 3086 3262 ὣν
3127 3180 3379 3280 βραϐεύει
3429 3205 3523 3259 τὸν
3557 3180 3686 3258 έκά-

2113 3317 2241 3354 στου
2273 3300 2418 3365 νοῦν,
2445 3301 2476 3354 6
2520 3301 2626 3372 φῂς
2666 3300 2864 3371 ἀληθὲς
2897 3296 3054 3364 εἶναι,
3093 3299 3249 3370 361
3285 3299 3384 3352 οὐκ
3419 3296 3486 3350 ἂν
3531 3297 3686 3350 ἐϐου-

2112 3390 2250 3462 λήθη
2277 3391 2365 3446 διὰ
2388 3391 2491 3462 τῆς
2529 3391 2824 3464 ἀριστερᾶς
2853 3392 2964 3454 τοῖς
2994 3389 3186 3455 δεξιοῖς
3204 3386 3362 3442 τοῦτο
3382 3385 3622 3456 δοθῆναι,
3643 3374 3690 3452 ᾧ

2112 3482 2299 3554 λόγῳό
2332 3481 2484 3554 παρὰ
2507 3481 2738 3536 κλέπτου
2765 3498 2819 3534 τι
2856 3479 3034 3533 λαϐὼν
3074 3481 3168 3533 καὶ
3204 3478 3362 3542 αὐτὸς
3392 3476 3688 3539 ὑπεύθυνός

2112 3563 2273 3627 ἐστιν.
2316 3575 2480 3626 Ὥστε
2501 3571 2690 3624 τούτου
2717 3571 2900 3624 ἕνεκεν
2933 3570 2994 3622 τὸ
3025 3571 3129 3623 ὑπὸ
3155 3568 3248 3622 σοῦ
3276 3568 3570 3640 φερόμενον
3590 3570 3688 3622 οὐκ

2111 3664 2373 3736 ἠθέλησεν
2413 3662 2610 3726 αὐτοὺς
2645 3661 2847 3723 λαϐεῖν,
2880 3658 3017 3713 ἀλλά
3053 3657 3142 3710 διά
3164 3656 3257 3710 τοῦ
3284 3659 3363 3719 είς
3385 3656 3446 3708 τὸ
3482 3657 3690 3710 ἀποκα-

2111 3756 2335 3810 λύπτειν
2359 3755 2405 3788 ⁸⁸
2436 3752 2742 3826 ὡρισμένου
2785 3750 2937 3804 Υίοῦ.
2984 3750 3102 3804 Τίνι
3143 3748 3251 3820 γὰρ
3288 3747 3506 3817 εὔλογόν
3543 3749 3688 3803 ἐστιν

2110 3846 2520 3904 ἀποκαλύπτειν
2547 3845 2641 3899 τδν
2663 3843 2902 3915 Πατέρα,
2936 3841 2970 3914 ἢ
3001 3841 3115 3913 Υίῷ
3150 3841 3314 3913 μόνῳ,
3337 3839 3424 3893 διά
3462 3839 3522 3894 τὸ
3552 3839 3689 3894 εἰδέο

2109 3954 2198 3992 ναι
2240 3937 2338 4009 τῆς
2386 3934 2642 4006 τοιαύτης
2685 3931 3076 4001 ἀποκαλύψεως
3129 3930 3220 3984 τὸν
3284 3929 3461 3995 ἀξιον;
3505 3929 3690 3992 Οὕτως

2109 4031 2213 4085 οὐκ
2245 4029 2360 4083 ἐστι
2391 4027 2550 4082 τοῦτο
2580 4026 2786 4091 διδάξαι
2816 4025 2850 4096 ἢ
2893 4023 3225 4095 διδαχθῆναι,
3282 4022 3394 4077 ἀλλ’
3429 4022 3690 4094 ἀφράστῳ

2110 4124 2257 4196 χειρὶ
2305 4118 2752 4190 ἀποκαλυφθῆναι
2784 4116 2863 4187 τῷ
2905 4115 3063 4169 τοῦτο
3090 4115 3286 4169 εἰδέναι
3310 4113 3463 4186 ἀξίῳ.

2184 4215 2276 4269 XI.
2305 4214 2415 4267 Kal.
2437 4215 2466 4266 6
2492 4211 2674 4283 Σίμων
2700 4209 2834 4279 ίφψ
2861 4207 3002 4261 Πολὺ
3037 4205 3402 4278 συμϐάλλεται
3445 4203 3582 4277 πρὸς
3607 4203 3689 4258 νί-

437 4116 636 4187 dignus
664 4120 756 4176 sit.

509 4208 600 4265 Xl.
635 4209 702 4266 Et
735 4211 965 4268 Simon:
1015 4212 1266 4283 Multum,
1298 4213 1510 4286 inquit,
1542 4217 1801 4273 conducit
1834 4219 1903 4275 ad
1928 4218 2011 4274 vi-

439 4303 666 4356 ctoriam
690 4302 760 4368 ei,
798 4305 890 4373 qui
942 4305 1138 4360 bellum
1192 4307 1350 4378 gerit,
1407 4309 1642 4378 propriis
1691 4309 1769 4364 uti
1815 4311 2006 4367 armis.

2113 4324 2219 4378 κην
2237 4305 2316 4377 τῷ
2341 4301 2663 4374 πολεμοῦντι
2685 4301 2746 4353 τὸ
2775 4298 2923 4362 ίδίοις
2940 4297 3244 4370 χρήσασθαι
3265 4296 3469 4361 ὅπλοις.
3503 4297 3567 4350 '0
3581 4296 3690 4378 γάρ

437 4394 596 4461 Quod
622 4396 767 4450 enim
800 4396 926 4465 quis
951 4405 1118 4462 amat,
1156 4400 1320 4454 etiam
1348 4399 1560 4456 sincere
1589 4411 1769 4471 potest
1817 4401 2009 4458 defen-

2116 4398 2260 4469 φιλεῖ
2290 4414 2395 4461 τις,
2418 4395 2514 4448 καὶ
2556 4393 2794 4464 γνησίως
2831 4391 3065 4443 ἐκδικεῖν
3088 4387 3327 4450 δύναται,
3371 4385 3608 4484 γνησῳς
3631 4385 3685 4484 δὲ

437 4488 604 4541 dere:
632 4487 844 4543 sincere
866 4499 1048 4544 autem
1076 4489 1361 4545 defensum
1410 4507 1516 4546 non
1562 4493 1841 4564 vulgarem
1896 4494 2008 4549 vim

2113 4488 2497 4559 ὲκδικούμενον
2539 4485 2601 4537 οὐ
2643 4483 2744 4554 τὴν
2795 4480 3061 4550 τυχοῦσαν
3098 4479 3250 4549 ἰσχὺν
3273 4476 3405 4548 ἔχει.
3453 4474 3544 4528 Διδ
3591 4474 3686 4527 τοῦ

438 4580 622 4635 habet.
656 4580 784 4635 ideo
836 4581 1093 4650 deinceps
1137 4582 1284 4651 quod
1316 4598 1442 4638 vere
1487 4585 1666 4640 sentio
1715 4601 2002 4656 exponam.

2113 4580 2301 4634 λοιποῦ
2325 4581 2460 4649 ὅπερ
2484 4576 2652 4640 ὅντως
2674 4572 2854 4647 φρονῶ
2877 4571 3196 4642 ἐκθήσομαι.
3225 4568 3369 4639 Φημί
3393 4584 3514 4670 τινα
3537 4566 3691 4670 δύνα-

434 4672 540 4728 Αἰο
569 4674 860 4744 quamdam
908 4677 961 4728 in
1019 4675 1235 4730 arcanis
1277 4675 1532 4730 virtutem
1579 4692 1741 4745 esse,
1793 4679 2008 4734 cunctis

2121 4692 2210 4745 μιν
2236 4673 2294 4724 ὲν
2318 4669 2647 4742 ἀπορρήτοις
2671 4663 2808 4720 εἶναι
2829 4663 3105 4734 ἄγνωστον
3137 4663 3291 4725 πᾶσι,
3318 4661 3413 4716 καὶ
3438 4659 3587 4729 αὺτῷ
3611 4659 3688 4729 τῷ

437 4766 703 4837 ignotam,
732 4767 832 4836 ipsi
860 4783 1080 4839 quoque
1134 4769 1321 4823 mundi
1367 4770 1571 4839 Opilici,
1625 4771 1767 4827 sicut
1809 4781 1862 4827 et
1895 4773 2012 4842 ipse

2117 4761 2455 4837 δημιουργῷ,
2489 4761 2566 4825 ὡς
2593 4759 2687 4814 καὶ
2707 4758 2868 4822 αὐτὸς
2888 4759 2916 4811 6
2945 4753 3152 4826 Ἰησοῦς
3185 4751 3549 4856 εἴρηκεν,“ούκ
3573 4750 3694 4856 lim-

432 4858 594 4916 Jesus
615 4861 773 4928 dixit,
793 4862 1044 4917 nesciens
1067 4862 1197 4932 quid
1217 4862 1547 4932 loqueretur.
1564 4861 1838 4918 Interdum
1863 4866 2007 4920 enim

2119 4857 2383 4926 στάμενος
2407 4853 2436 4905 6
2466 4849 2782 4921 ἐφθέγξατο.
2828 4848 2923 4901 Ἐκ
2947 4843 3272 4907 πολυλαλιᾶς
3303 4843 3351 4876 ⁸⁸
3382 4842 3492 4914 γὰρ
3518 4842 3688 4895 ἐνίοτε

435 4968 501 5006 ex
533 4950 882 5021 multiloquio
929 4951 1128 5022 aliquis
1184 4966 1410 5022 scopum
1469 4953 1717 5010 veritatis
1764 4954 2003 5026 attingit,

2115 4947 2363 5016 εύστοχεῖ
2381 4960 2465 5007 τις
2489 4942 2623 5015 πρὸς
2646 4940 2708 4993 τὸ
2739 4938 2956 5026 ἀληθὲς,
2983 4936 3086 4989 οὐκ
3107 4934 3263 4998 εἰδὼς
3283 4934 3311 4987 6
3336 4933 3504 5026 λέγει.
3533 4932 3687 4999 Λέγω

436 5041 697 5112 ignorans
729 5039 863 5110 quid
893 5040 1062 5096 dicat.
1084 5039 1330 5112 Intelligo
1360 5051 1541 5097 autem
1559 5051 1615 5097 et
1637 5044 1704 5098 de
1726 5044 1839 5111 illo,
1859 5024 2004 5114 quod

2112 5041 2170 5094 δὲ
2194 5037 2435 5108 καὶπερὶ
2457 5035 2669 5099 τούτου,
2691 5025 2751 5086 οῦ
2775 5031 2995 5101 εἴρηκεν
3009 5045 3023 5059 ·
3049 5026 3258 5095 Οὐδείς
3275 5026 3429 5095 ἔγνω
3449 5024 3555 5078 τὸν
3571 5026 3689 5114 ﬂa-

433 5131 843 5204 pronuntiavit:
878 5132 1049 5187 Nemo
1084 5133 1227 5186 novit
1252 5132 1492 5190 Patrem.
1542 5133 1610 5190 Et
1657 5113 1888 5190 Petrusi
1927 5134 2007 5190 Ne

2112 5131 2272 5200 τέρα.
2311 5130 2424 5183 Kal.
2462 5129 2492 5181 6
2537 5127 2768 5196 Πέτροςο
2795 5123 2868 5177 Σὺ
2893 5119 2962 5174 τά
2985 5117 3196 5174 ἐκείνου
3240 5116 3438 5171 εἰδέναι
3492 5113 3692 5187 μηκέτι

1699 5272 1930 5328 νΑΡιιλΕ
1969 5268 2372 5327 LECTIONES.

501 5378 548 5412 ἠ
563 5371 663 5427 οὐκ
685 5366 778 5426 οὗν
797 5371 859 5426 C.
936 5369 1127 5426 "Post
1153 5371 1299 5423 πᾶσα
1315 5370 1378 5424 ‘in
1403 5373 1444 5424 0
1488 5377 1806 5447 repetuntur
1842 5369 1965 5447 vbb.
1994 5367 2154 5447 αύτδν
2179 5365 2387 5447 είδέναι·
2406 5361 2497 5447 τρν
2524 5351 3510 5447 ἐκάκουανρῦν,ἵναὶεξιὶεξριυηὲα⁸.

426 5415 781 5512 λόγωζὸοέὲὶ
888 5443 948 5495 0.
997 5415 1370 5511 ’τίν’ίκώμενος
1395 5441 1455 5494 0.
1490 5415 1692 5494 DJinde
1716 5440 1816 5492 οὐκ
1846 5440 2005 5500 εἴτις
2033 5441 2076 5490 0
2131 5451 2183 5490 c.
2213 5436 2253 5487 ι)
2282 5474 2296 5499 ,
2334 5434 2455 5503 οὐχὶ
2484 5431 2567 5492 τίς
2734 5428 2780 5460 ⁷⁸
2800 5425 2950 5480 F011.
2999 5421 3291 5515 νικηφόρου
3329 5417 3388 5471 8.
3464 5416 3510 5447 ⁸⁸
3526 5415 3686 5516 αὑτός

633 5511 672 5537 n
773 5513 952 5537 _:._-~.--
984 5510 1033 5537 ιλ
1103 5513 1154 5537 ι..
1203 5521 1349 5537 ........
1382 5521 1433 5537 ...
1469 5514 1510 5537 τι
1575 5509 1777 5537 ῐιηιωιη
1833 5507 2180 5537 ..-πρ-...μην
2227 5508 2268 5537 n
2320 5513 2368 5537 nl
2419 5518 2482 5537 ..τ
2516 5506 2748 5537 a-nntnt-l,
2802 5494 2844 5537 Ω
2877 5535 2888 5537 -
2932 5509 3020 5537 om
3095 5501 3275 5537 [mltis
3323 5484 3681 5537 ναλετοαίνιιν.

433 5487 604 5579 2.3.3}?
629 5487 952 5582 Εῗέιῦὲοξέ
984 5510 1058 5582 id.
1083 5487 1815 5582 £51311."Jt'd."iiéii.dé"
1833 5487 2180 5582 iugatas;
2213 5487 2296 5582 ,θ’
2320 5513 2373 5558 et
2402 5487 2485 5582 "ex
2509 5487 2752 5582 gbnjeqt-
2802 5494 2844 5582 β
2875 5487 3299 5582 είιςυιμξξξξιξξ,
3309 5487 3681 5582 λαλξξαξξξξξ

436 5557 674 5638 angi-0.6“
770 5557 1156 5635 Ἶῗᾶἷλᾶὀῗ
1206 5557 1607 5637 δῖῖίῖοἶῖιῶιήξ
1623 5557 1774 5635 ποκᾶ
1800 5557 1962 5641 ν’δξίξ
1977 5557 2388 5636 ἀποκαλύπτειν
2419 5572 2470 5626 in
2504 5574 2545 5625 Ο
2598 5557 2834 5640 spatium
2876 5557 3099 5636 apparet
3128 5557 3385 5617 vacuum.
3421 5559 3497 5612 ita
3523 5557 3682 5628 pauit

435 5662 575 5723 post.
655 5655 699 5685 8‘
718 5653 1034 5721 πολυλογίας
1062 5656 1120 5706 0.
