4048 6146
367 249 471 304 M5

1387 243 1847 314 CLEMENTINA.
1879 273 1949 284 —-
1986 241 2270 299 HOMILIA
2311 242 2497 299 XVIII.

3486 243 3592 298 6M
3631 263 3636 268 '

365 362 722 434 ὶπαγγέλλου.
757 365 867 418 Kal
906 364 936 417 6
980 363 1160 436 Σίμων
1209 364 1369 418 ⁸⁵⁶Τὰ
1397 363 1606 418 ἐκείνου
1643 363 1743 416 οὐκ
1769 363 1921 430 ἐπαγ·

2045 363 2279 431 amplius
2312 360 2640 434 proﬁtearis,
2665 368 2718 415 te
2744 360 2891 416 illius
2917 355 3224 413 doctrinam
3255 367 3606 424 cognoscere.

363 453 624 525 γέλλομαι
657 453 951 520 πιστεύειν,
987 456 1067 516 εἰς
1096 454 1154 507 δὲ
1201 453 1271 508 τά
1309 453 1690 524 ὲπιτευχθέντα
1715 452 1762 484 ⁸⁸
1786 451 1932 523 αὐτῷ

361 545 680 616 διαλέγομαι
707 562 807 598 σοι.
838 547 945 599 Kal
975 548 1003 600 6
1025 547 1261 618 Πέτρος·
1279 549 1398 601 Ἵνα
1422 549 1494 618 μή
1515 565 1595 601 σοι
1617 546 1692 600 δῶ
1718 545 1930 616 πρόφα-

362 658 446 694 σιν
469 642 550 704 είς
581 639 778 712 φυγὴν,
801 637 1018 710 ζητήσω
1045 655 1126 692 σοι
1159 639 1236 703 ὡς
1258 638 1450 703 θέλεις.
1481 641 1626 712 Πλὴν
1663 633 1933 714 μαρτύρο-

363 748 462 802 μαι
483 732 692 791 πάντας
738 730 818 783 ὅτι
849 729 970 782 οὐδὲ
993 729 1051 782 ὃν
1073 727 1167 781 νῦν
1190 728 1325 798 ἔφης
1357 728 1513 796 λόγον
1547 729 1609 782 οὐ
1634 729 1926 793 πιστεύεις.

360 818 492 878 οἶδα
525 822 569 854 ⁸⁷
597 821 705 893 γὰρ
735 821 771 875 ἃ
803 822 1036 892 φρονεῖς.
1085 820 1195 872 Kal
1224 812 1384 890 362
1417 819 1503 873 ἴνα
1547 820 1619 891 μή
1663 837 1729 890 με
1770 819 1926 892 δόξῃς

357 913 668 984 ψεύδεσθαι,
729 909 1009 983 ἀνοίξομαί
1037 928 1118 964 σοι
1135 909 1204 963 τὰ
1229 909 1318 975 σὰ,
1346 911 1432 965 ἱνα
1461 910 1607 982 εἰδῇς
1625 911 1672 943 ⁸⁸
1698 911 1777 964 ὅτι
1796 893 1947 984 πρὸς¹

359 1005 537 1059 εἰδότα
564 1003 811 1078 διαλέγῃ.

421 1180 543 1235 ΧΠ.
592 1181 802 1251 Ἡμεῖς,
827 1173 873 1233 ὧ
906 1179 1108 1251 Σίμων,
1145 1178 1209 1233 ὲκ
1233 1179 1332 1251 τῆς
1359 1179 1600 1251 μεγάλης
1624 1179 1924 1249 δυνάμεως,

355 1275 436 1328 ἔτι
457 1291 517 1328 τε
545 1274 638 1326 καὶ
655 1274 753 1344 τῆς
775 1271 969 1344 κυρίας
993 1272 1309 1343 λεγομένης,
1333 1272 1396 1324 ού
1427 1270 1656 1342 λέγομεν
1675 1271 1767 1324 δύο
1789 1273 1926 1326 ἀπε-

357 1366 578 1420 στάλθαι
607 1365 888 1433 ἀγγέλους,
917 1363 1008 1417 τὸν
1031 1363 1130 1434 μὲν
1157 1365 1248 1416 ἐπὶ
1271 1362 1350 1434 τῷ
1375 1361 1556 1418 κτίσαι
1582 1364 1807 1434 κόσμον,
1833 1365 1926 1419 τὸν

353 1457 410 1510 δὲ
439 1457 530 1511 ἐπὶ
550 1456 626 1528 τῷ
655 1455 839 1509 θέσθαι
861 1455 952 1508 τὸν
976 1455 1168 1525 νόμονξ
1195 1455 1302 1508 οὐδ’
1328 1456 1409 1509 ὅτι
1431 1455 1608 1510 αὐτῶν
1631 1456 1677 1487 ⁸⁸
1697 1456 1926 1522 ἕκαστος

354 1548 542 1613 ἐλθὼν,
569 1548 652 1626 ἐφ’
679 1541 759 1612 οἷς
781 1547 1056 1618 ἐποίησεν,
1084 1547 1161 1610 ὡς
1206 1547 1366 1611 αὐτὸς
1402 1545 1477 1601 ὣν
1513 1548 1794 1620 αὐθέντης,
1827 1549 1925 1602 αύ-

351 1641 442 1695 16v
464 1641 743 1712 ἧγγειλενο
789 1639 894 1693 οὐδ’
926 1641 954 1692 6
979 1637 1147 1703 ἑστὼς
1178 1639 1224 1674 ⁸⁸
1251 1640 1579 1711 στησάμενος
1611 1641 1919 1712 ἀντικείμε-

352 1748 462 1797 νος.
500 1733 674 1796 Μάθε,
714 1731 830 1795 πῶς
870 1732 1139 1794 ἀπιστεῖς,
1165 1731 1258 1784 καὶ
1280 1733 1380 1803 τὴν
1407 1733 1661 1787 ὑπόθεσιν
1696 1733 1920 1805 ταύτην.

358 1827 463 1880 Ἦν
490 1827 596 1897 φῂς
613 1825 838 1897 δύναμιν
863 1827 919 1878 ὲν
940 1827 1266 1898 ἀπορρήτοις
1291 1820 1449 1890 εἶναι,
1483 1825 1702 1894 ἀγνοίας
1740 1825 1921 1896 γέμει.

351 1915 464 1990 Τὴν
491 1917 598 1990 γὰρ
624 1918 1014 1989 ἀγνωμοσύνην
1039 1917 1149 1970 τῶν
1192 1917 1285 1971 ὑπ’
1309 1916 1480 1986 αὐτῆς
1506 1916 1924 1970 ἀποσταλέντων

350 2009 600 2079 ἀγγέλων
630 2011 690 2063 ού
717 2010 1138 2081 προεγίνωσκεν.
1175 2011 1283 2063 Kal
1305 2010 1333 2062 6
1358 2009 1560 2079 Σίμων,
1586 2009 1680 2064 τοῦ
1715 2009 1922 2080 Πέτρου

349 2101 526 2155 ταῦτα
550 2101 816 2170 λέγοντος,
858 2101 1106 2172 μεγάλως
1126 2100 1398 2171 ὀργισθεὶς
1421 2101 1652 2170 ὲπέκοψε
1677 2099 1921 2169 λέγοντα,

350 2191 550 2244 είπών·
583 2193 648 2244 Τί
683 2191 957 2262 φλυαρεῖς,
991 2192 1230 2262 τολμηρὲ
1267 2193 1362 2245 καὶ
1401 2192 1618 2246 πάντων
1655 2189 1925 2263 προπετέ-

351 2297 537 2346 στατε,
591 2282 679 2334 ἐπ’
724 2281 897 2352 ὄχλων
943 2281 1152 2353 εὐμαθῆ
1178 2282 1221 2314 ⁸³
1251 2281 1522 2351 ὲκφαίνων
1567 2281 1809 2352 ἀτεχνῶς
1853 2279 1924 2334 τὰ

348 2376 674 2447 ἀπόρῤητας
724 2376 833 2428 Kal
860 2376 888 2428 6
913 2375 1145 2445 Πέτροςο
1174 2374 1239 2426 Τί
1265 2373 1476 2444 φθονεῖς
1522 2373 1922 2446 εὐεργετεῖσθαι

347 2467 479 2529 τοὺς
529 2466 800 2537 παρόντας
834 2465 1135 2537 ἀκροατάςς
1184 2465 1298 2519 Kal
1341 2465 1597 2536 όΣίμων·
1643 2466 1852 2520 Οὐκοῦν
1877 2466 1922 2497 ⁸³

347 2555 631 2626 ὁμολογεῖς
667 2556 766 2626 τὴν
801 2555 1054 2625 τοιαύτην
1076 2555 1367 2625 ἐπίγνωσιν
1388 2557 1705 2629 εὐεργεσίαν
1745 2553 1920 2625 εἶναι;

346 2652 460 2704 Kal
503 2652 532 2703 6
559 2650 790 2722 Πέτρος·
852 2649 1146 2720 Ὀμολογῶ.
1200 2650 1272 2704 Τὸ
1305 2650 1416 2723 γὰρ
1459 2650 1653 2722 ψεῦδος
1679 2653 1922 2721 γνωσθὲν

345 2741 644 2812 εὐεργετεῖ,
678 2740 900 2808 ἀγνοίας
921 2741 1068 2813 αἰτίᾳ
1101 2740 1175 2812 μὴ
1195 2745 1512 2812 περιπσείν
1544 2742 1711 2814 αὐτῷ.
1759 2745 1872 2797 Kal
1891 2746 1922 2798 6

345 2831 556 2900 Σίμων·
592 2831 754 2904 363
785 2832 954 2906 Φαίνῃ
991 2848 1080 2902 μοι
1133 2831 1207 2904 μὴ
1242 2832 1536 2904 δύναμενος
1577 2835 1751 2888 εἰπεῖν
1776 2837 1856 2900 είς
1882 2835 1919 2892 ἃ

348 2922 636 2995 προέτεινά
659 2931 762 2978 σοι.
799 2923 1038 2995 Λέγωδὴ
1076 2924 1124 2957 ⁸³
1155 2924 1237 2977 ὅτι
1262 2923 1358 2978 καὶ
1381 2927 1410 2978 6
1455 2925 1784 2993 Διδάσκαλός
1826 2945 1918 2984 σου

345 3013 405 3065 ὲν
431 3013 760 3084 ἀπορρήτοις
787 3013 907 3067 τινὰ
938 3013 1087 3082 λέγει
1110 3008 1247 3068 εἶναι
1276 3013 1514 3086 Πατέρα.

416 3101 560 3157 XIII.
589 3104 747 3157 Καὶό
788 3103 991 3174 Πέτρος
1017 3102 1119 3175 ἔφη
1137 3119 1152 3134 υ
1197 3103 1622 3176 Ἀποκρινοῦμαι
1658 3108 1748 3170 είς
1772 3107 1802 3160 ὃ
1827 3107 1916 3162 θέ-

343 3191 459 3257 λεις
499 3193 628 3264 περὶ
671 3192 795 3247 τοῦ·
844 3192 1052 3260 Οὐδεὶς
1082 3194 1234 3262 ἔγνω
1280 3195 1653 3263 τὸνΠατέρα,
1678 3199 1733 3251 εὶ
1767 3197 1853 3267 μὴ
1883 3201 1918 3253 ό

353 3281 506 3348 Υἱὸς,
541 3281 682 3335 οὐδὲ
710 3282 814 3335 τὸν
851 3282 987 3335 Υὶόν
1009 3299 1100 3348 τις
1116 3281 1364 3349 οῖδεν,εί
1382 3282 1468 3351 μὴ
1502 3286 1535 3337 ὁ
1566 3283 1790 3353 Πατὴρ,
1820 3285 1919 3340 καὶ

344 3376 436 3443 οἷς
462 3376 538 3431 ἂν
565 3377 862 3445 βούληται
893 3379 926 3431 ό
982 3376 1115 3442 Υἱὸς
1151 3377 1540 3446 ἀποκαλύψω
1583 3377 1650 3432 ’⁵.
1695 3379 1917 3451 Πρῶτον

348 3469 448 3540 μὲν
470 3467 754 3540 θαυμάξω,
780 3468 917 3533 πῶς,
942 3467 1038 3521 τοῦ
1071 3466 1231 3536 λόγου
1254 3467 1444 3522 τούτου
1477 3468 1674 3542 μυρίας
1699 3470 1744 3502 ⁵⁸
1770 3470 1918 3541 ἕχον-

341 3574 436 3621 τος
450 3557 694 3628 ὲκδοχάς,
713 3558 776 3611 σὺ
794 3557 856 3610 16
869 3556 1328 3630 ἐπικινδυνότερον
1346 3556 1572 3624 ἐξελέξω
1585 3558 1768 3631 μέρος,
1783 3561 1918 3632 πρὸς

343 3650 615 3718 ἀγνωσίαν
643 3650 739 3703 τοῦ
760 3649 1102 3722 Δημιουργοῦ
1128 3651 1223 3704 xal
1251 3649 1360 3704 τῶν
1383 3651 1474 3705 ὑπ’
1508 3650 1674 3704 αὑτοῦ
1700 3653 1917 3706 πάντων

344 3741 523 3809 φήσας
547 3740 798 3813 εἰρῆσθαι
835 3740 929 3793 τὸν
959 3739 1134 3809 λόγον.
1179 3740 1400 3812 Πρῶτον
1425 3743 1522 3812 μὲν
1555 3742 1663 3814 γάρ
1695 3743 1916 3798 δύναται

345 3832 376 3884 6
397 3830 554 3896 λόγος
577 3831 826 3904 εἰρῆσθαι
846 3831 982 3904 πρὸς
1000 3832 1206 3895 πάντας
1238 3831 1538 3898 Ἰουδαίους,
1557 3834 1682 3898 τοὺς
1705 3835 1916 3908 πατέρα

345 3921 662 3992 νομίζοντας
684 3917 821 3974 εἶναι
849 3921 1084 3993 Χριστοῦ
1118 3921 1211 3974 τὸν
1234 3921 1281 3952 ’⁵
1303 3921 1487 3986 Δαϐὶδ,
1529 3925 1624 3976 καὶ
1668 3925 1828 3978 αὑτὸν
1859 3925 1915 3980 δὲ

343 4008 437 4064 τὸν
461 4011 694 4083 Χριστὸν
715 4011 828 4066 υἱὸν
841 4011 992 4075 δντα,
1015 4011 1108 4064 καὶ
1125 4010 1252 4064 Υἱὸν
1273 4008 1408 4064 Θεοῦ
1432 4012 1507 4084 μὴ
1537 4015 1910 4082 ὲγνωκέναι⁹⁷.

341 4104 436 4158 Διὸ
457 4105 552 4158 καὶ
573 4102 788 4168 οἰκείως
812 4103 1056 4175 εἴρηταιο
1089 4102 1298 4170 Οὐδεὶς
1329 4104 1481 4173 ἔγνω
1508 4105 1616 4158 τὸν
1656 4107 1912 4176 Πατέρα,

342 4198 466 4251 ἐπεὶ
501 4197 621 4251 ἀντὶ
659 4197 753 4250 τοῦ
785 4196 920 4250 Θεοῦ
957 4197 1052 4249 16v
1081 4195 1243 4250 Aa6l6
1277 4197 1479 4262 πάντες
1511 4195 1717 4266 ἔλεγον,
1763 4199 1826 4253 16
1854 4200 1912 4253 δὲ

343 4288 619 4356 ὲπάξαντα
641 4291 836 4353 εἰπεῖν,
883 4289 964 4355 ὡς
992 4287 1135 4342 οὐδὲ
1160 4287 1267 4341 τὸν
1300 4289 1438 4342 Υίόν
1463 4305 1553 4354 τις
1571 4289 1754 4356 οἶδεν,
1789 4290 1912 4344 ἐπεὶ

2032 453 2097 510 Et
2132 455 2357 512 Simon:
2391 453 2521 525 Ejus
2570 453 2875 508 doctrinam
2908 464 3016 504 non
3065 448 3322 518 proﬁteor
3365 459 3454 498 me
3484 459 3608 498 cre-

2031 547 2178 612 dere,
2208 552 2263 600 at
2298 545 2365 600 de
2394 545 2484 610 iis,
2523 544 2577 598 in
2630 557 2752 613 quae
2777 556 2910 596 casu
2953 539 3165 604 incidit,
3202 535 3447 590 edissero
3481 533 3603 589 tibi.

2031 636 2168 692 Tum
2199 636 2434 692 Petrus:
2478 633 2558 690 Ne
2598 635 2723 690 dem
2785 633 2882 687 tibi
2936 637 3256 701 prmtextum
3286 625 3350 680 ad
3397 624 3605 695 fugam,

2029 729 2388 798 quaestionem
2417 738 2595 783 tecum
2627 725 2838 780 habebo
2871 724 3008 778 sicut
3052 722 3157 776 vis.
3214 717 3605 774 Verumtamen

2029 833 2221 873 omnes
2243 825 2438 884 testor,
2463 819 2609 887 quod
2644 832 2819 887 neque
2837 816 3013 879 illum,
3038 827 3200 882 quem
3227 826 3374 864 nunc
3392 809 3602 875 dixisti,

2029 921 2336 963 sermonem
2369 908 2583 963 credas.
2617 907 2753 962 Novi
2801 919 3037 974 namque
3060 912 3209 957 tuam
3256 900 3599 955 sententiam.

2030 1000 2098 1056 Et
2127 1017 2195 1057 ne
2229 1017 2315 1056 me
2343 1000 2624 1057 arbitreris
2670 999 2865 1054 falsum
2901 997 3080 1052 dicere
3101 1035 3118 1062 ,
3157 993 3478 1062 signiﬁcabo
3507 993 3606 1049 tibi

2029 1102 2142 1159 tua,
2169 1103 2228 1149 ut
2259 1097 2400 1150 scias
2432 1103 2484 1148 te
2515 1109 2639 1149 cum
2661 1093 2867 1147 sciente
2888 1091 3210 1159 disceptare.

2097 1184 2210 1239 XII.
2249 1184 2382 1250 Nos,
2408 1202 2441 1239 ο
2467 1183 2678 1250 Simon,
2708 1200 2774 1238 ex
2801 1197 2998 1254 magna
3022 1182 3244 1243 virtute.
3275 1196 3398 1251 qua:
3421 1188 3476 1235 et
3504 1179 3608 1234 do-

2025 1275 2172 1330 mina
2195 1285 2424 1331 vocatur
2443 1318 2458 1344 ,
2489 1290 2598 1330 non
2638 1273 2875 1329 dicimus
2902 1273 3100 1328 missos
3130 1271 3298 1327 fuisse
3321 1272 3462 1326 duos
3504 1285 3606 1324 an-

2026 1367 2196 1437 gelos,
2231 1382 2400 1421 unum
2433 1366 2654 1437 quidem
2692 1365 2759 1419 ad
2785 1365 3085 1420 creandum
3114 1363 3402 1430 mundum,
3433 1362 3602 1416 alium

2023 1472 2154 1514 vero
2177 1458 2244 1512 ad
2279 1457 2562 1514 ferendam
2617 1459 2818 1528 legem,
2846 1471 3022 1526 neque
3062 1446 3207 1526 qubd
3244 1466 3471 1525 uterque
3507 1469 3600 1509 ve-

2025 1552 2182 1607 niens
2201 1566 2416 1617 eorum,
2461 1565 2585 1622 qua:
2629 1549 2794 1616 fecit,
2850 1563 2910 1604 se.
2955 1563 3268 1617 supremum
3321 1557 3600 1601 auctorem

2024 1643 2422 1714 praedicaverit,
2455 1657 2634 1713 neque
2661 1642 2808 1713 quod
2835 1651 2991 1697 stans
3021 1641 3094 1695 sit
3129 1649 3374 1696 staturus
3413 1649 3472 1694 ut
3500 1639 3602 1693 ad-

2025 1733 2320 1788 versarius.
2349 1732 2491 1788 Audi
2528 1747 2638 1803 quo
2666 1732 2831 1786 modo
2860 1732 2964 1787 hac
2984 1731 3146 1786 etiam
3179 1731 3232 1784 in
3257 1746 3317 1785 re
3349 1730 3602 1784 incredu-

2023 1823 2110 1879 lus
2140 1825 2238 1879 sis.
2265 1821 2475 1889 Virtus,
2499 1838 2664 1891 quam
2688 1823 2741 1875 in
2764 1823 2983 1878 arcanis
3008 1822 3091 1876 ais
3111 1836 3253 1886 esse,
3280 1821 3602 1890 ignorantia:

2023 1917 2182 1988 plena
2204 1925 2307 1972 est.
2332 1914 2470 1970 Nam
2498 1915 2772 1984 ingratum
2799 1915 3041 1969 animum
3068 1915 3134 1967 ab
3154 1914 3270 1982 ipsa
3301 1913 3598 1968 missorum

2023 2008 2338 2078 angelorum
2368 2023 2476 2062 non
2505 2007 2799 2078 prteseivit.
2834 2008 2915 2062 Ac
2945 2006 3155 2070 Simon,
3183 2006 3342 2060 Petro
3372 2006 3487 2061 haec
3516 2006 3601 2060 di—

2021 2108 2199 2163 cente,
2231 2100 2580 2153 vehementer
2605 2099 2778 2154 iratus
2813 2099 3123 2168 loquentem
3169 2097 3462 2167 interrupit
3507 2099 3599 2152 di~

2023 2192 2242 2260 xitque:
2277 2189 2416 2257 Quid
2454 2191 2716 2256 blateras,
2748 2191 3038 2245 temerarie
3072 2190 3430 2259 omniumque
3459 2205 3591 2259 pro-

2023 2283 2352 2348 tervissime,
2389 2293 2443 2336 et
2464 2297 2648 2337 coram
2675 2282 2874 2351 populo
2899 2281 3064 2337 docili
3110 2291 3312 2335 temere
3337 2279 3598 2350 patefacis

2021 2373 2264 2427 arcana?
2301 2371 2368 2426 Et
2396 2371 2626 2426 Petrus:
2661 2370 2775 2425 Cur
2804 2371 3014 2426 invides
3053 2371 3360 2426 astantibus
3383 2371 3600 2425 audito-

2021 2464 2175 2518 ribus
2204 2465 2311 2519 hoc
2337 2463 2698 2519 beneﬁcium?
2747 2461 2974 2517 Simon:
3011 2461 3130 2516 Non
3165 2463 3330 2533 igitur
3371 2462 3600 2516 conﬁte-

2021 2559 2118 2622 ris,
2143 2556 2458 2626 hujusmodi
2475 2555 2810 2626 agnitionem
2839 2554 3159 2608 beneﬁcium
3181 2557 3342 2610 esse?
3365 2553 3596 2623 Petrus;

2020 2649 2238 2704 Fateor.
2292 2646 2431 2702 Nam
2489 2646 2837 2702 mendacium
2892 2645 3171 2716 cognitum
3218 2662 3284 2701 eo
3332 2645 3598 2701 beneﬁcio

2019 2740 2204 2803 allicit,
2235 2748 2295 2800 ut
2322 2739 2377 2793 in
2407 2738 2540 2793 illud
2588 2753 2684 2808 per
2731 2737 3097 2807 ignorantiam
3130 2753 3237 2793 non
3264 2737 3594 2794 incidamus.

2021 2832 2245 2888 Simon:
2298 2831 2511 2888 Videris
2538 2831 2674 2886 mihi
2708 2845 2815 2886 non
2861 2846 3022 2901 posse
3051 2830 3382 2900 respondere
3429 2831 3496 2885 ad
3530 2846 3595 2886 ea

2018 2939 2143 2995 qua:
2170 2921 2266 2978 tibi
2290 2923 2572 2994 proposui.
2617 2922 2720 2978 Aio
2753 2924 2981 2988 autem,
3031 2921 3177 2991 quod
3227 2931 3282 2976 et
3336 2920 3595 2993 Magister

1944 3033 1986 3090 ε
2019 3025 2147 3072 tuus
2168 3015 2458 3086 quemdam
2490 3013 2622 3069 dicit
2653 3028 2775 3068 esse
2803 3013 2855 3067 in
2891 3013 3107 3068 arcanis
3139 3010 3377 3066 Patrem.

2094 3107 2236 3162 XIII.
2266 3106 2334 3160 Et
2363 3105 2558 3160 Petrus
2579 3105 2750 3160 dixit:
2777 3103 3136 3174 Respondebo
3163 3103 3230 3156 ad
3250 3102 3301 3156 id
3325 3101 3469 3172 quod
3487 3101 3592 3169 vis,

2018 3199 2086 3254 de
2116 3198 2243 3254 illo:
2277 3196 2447 3252 Nemo
2477 3195 2618 3248 novit
2647 3192 2886 3258 Patrem,
2914 3193 3017 3245 nisi
3052 3189 3247 3253 Filius,
3296 3208 3458 3262 neque
3491 3190 3593 3246 Fi-

2016 3291 2150 3345 lium
2184 3290 2302 3359 quis
2327 3289 2489 3354 novit,
2527 3287 2632 3341 nisi
2656 3285 2839 3347 Pater,
2868 3293 2918 3338 et
2948 3283 3136 3354 quibus
3160 3282 3377 3337 voluerit
3412 3281 3592 3337 Filius

2017 3381 2266 3436 revelare.
2309 3377 2498 3450 Primo
2546 3376 2763 3448 quidem
2797 3374 2968 3429 miror
2993 3415 3010 3441 ,
3042 3388 3150 3442 qua
3202 3374 3435 3439 ratione,
3465 3389 3592 3428 cum

2018 3473 2124 3528 hoc
2148 3471 2353 3527 dictum
2383 3468 2700 3523 innumeros
2729 3466 2928 3520 habeat
2960 3480 3156 3520 sensus
3175 3503 3192 3526 ,
3229 3472 3282 3518 tu
3319 3465 3593 3534 periculo-

2016 3563 2218 3619 siorem
2279 3560 2510 3631 elegeris
2556 3567 2789 3630 partem,
2831 3557 2986 3612 aiens
3033 3556 3302 3626 prolatum
3337 3555 3507 3611 fuisse
3534 3556 3587 3610 in

2017 3653 2380 3728 ignorantiam
2427 3650 2706 3708 Creatoris
2756 3649 3113 3720 omniumque
3139 3648 3243 3703 sub
3285 3665 3350 3704 eo
3384 3648 3590 3718 posito-

2016 3762 2161 3802 rum.
2195 3745 2487 3800 Enimvero
2519 3743 2757 3813 pritnum
2783 3750 2960 3812 potest
2983 3740 3353 3798 testimonium
3377 3740 3585 3794 dictum

2013 3850 2142 3892 esse
2179 3835 2233 3889 in
2261 3849 2455 3890 omnes
2478 3831 2719 3900 Iudaeos,
2763 3833 2858 3903 qui
2913 3842 3119 3903 patrem
3176 3832 3382 3887 Christi
3430 3835 3589 3902 puta-4

2013 3929 2147 3985 bant
2199 3927 2457 3995 Davidem
2490 3941 2610 3982 esse
2633 3967 2649 3992 ,
2678 3937 2844 3997 atque
2877 3926 3158 3981 Christum
3211 3925 3331 3994 ejus
3387 3927 3585 3992 ﬁlium,

2013 4021 2216 4090 quique
2262 4017 2459 4072 Filium
2504 4017 2600 4072 Dei
2638 4032 2746 4072 non
2789 4025 3176 4086 cognoverant.
3224 4015 3407 4083 Quare
3457 4025 3585 4086 apte

2012 4111 2218 4166 dictum
2245 4116 2365 4164 est:
2394 4105 2565 4160 Nemo
2589 4108 2730 4162 novit
2758 4106 3000 4171 Patrem,
3029 4109 3156 4176 quia
3182 4123 3279 4176 pro
3313 4107 3426 4163 Deo
3465 4123 3586 4162 om-

2013 4217 2111 4256 nes
2141 4199 2395 4254 Davidem
2423 4197 2676 4253 aiebant:
2707 4207 2761 4252 et
2803 4198 2949 4268 quod
2978 4198 3276 4268 subjungit,
3305 4199 3444 4252 sicut
3477 4216 3572 4254 nec

2015 4291 2063 4345 F
2067 4292 2220 4345 ilium
2240 4291 2356 4361 quis
2376 4289 2541 4356 novit,
2569 4289 2773 4343 dictum
2798 4296 2902 4351 est,
2931 4287 3060 4358 quia
3081 4305 3208 4342 eum
3233 4287 3430 4343 Filium
3459 4305 3582 4344 esse

341 4383 507 4437 αὐτὸν
531 4382 661 4436 Υίδν
685 4382 813 4435 ὅντα
832 4380 933 4434 οὐκ
957 4379 1177 4451 ᾔδεισαν
1200 4379 1267 4443 ⁸⁸,
1297 4379 1468 4433 καὶτὸ
1491 4381 1685 4444 εἰπεῖν,
1714 4382 1804 4449 οἷς
1832 4383 1910 4437 ἂν

2021 4383 2382 4448 nesciverunt,
2412 4389 2467 4434 et
2498 4379 2645 4450 quod
2667 4379 2775 4433 ait:
2803 4378 3006 4444 Quibus
3044 4380 3268 4434 voluerit
3294 4379 3470 4434 Filius
3497 4396 3582 4432 re-

339 4473 636 4540 ,ϐούληται
657 4472 692 4524 ό
726 4469 856 4536 Υἱὸς
872 4470 1279 4538 ἀποκαλύψαι,
1302 4469 1478 4541 ὀρθῶς
1493 4469 1724 4542 εἴρηται·
1753 4475 1783 4526 6
1800 4473 1909 4546 γὰρ

2021 4474 2360 4541 velare,recte
2376 4472 2556 4538 habet,
2577 4471 2672 4540 qui
2693 4470 2836 4526 enim
2856 4471 2924 4526 ab
2948 4471 3104 4526 initio
3117 4479 3201 4526 est
3223 4469 3413 4536 Filius,
3429 4470 3580 4524 solus

341 4566 439 4619 ἀπ’
470 4565 643 4637 ἀρχῆς
663 4561 738 4616 ὢν
783 4561 913 4624 Υίδς
964 4560 1123 4632 μόνος
1149 4559 1377 4634 ὡρίσθη,
1412 4560 1499 4615 ἵνα
1536 4556 1618 4626 οἷς
1661 4561 1911 4633 βούλεται

2021 4561 2319 4616 destinatus
2343 4569 2446 4622 est,
2475 4568 2535 4614 ut
2559 4559 2760 4629 quibus
2786 4561 2936 4630 cupit
2981 4559 3200 4614 revelet.
3238 4559 3304 4614 Et
3336 4560 3416 4615 sic
3468 4574 3577 4614 non

340 4654 686 4729 ἀποκαλύψῃ.
712 4654 822 4708 Kal
852 4651 1026 4717 οὓτως
1044 4650 1266 4704 δύναται
1314 4650 1487 4723 ’Δδάμ
1527 4655 1556 4706 6
1585 4654 1910 4724 πρωτόπλα..

2021 4658 2193 4721 potest
2213 4649 2476 4713 Adamus,
2519 4649 2730 4717 primus
2757 4658 2975 4702 creatus
3021 4649 3206 4712 homo,
3239 4649 3390 4703 illum
3423 4649 3579 4718 igno-

341 4762 466 4810 στος
496 4744 657 4799 αὑτὸν
684 4743 761 4816 μὴ
783 4744 1017 4812 ἀγνοεῖν,
1047 4740 1169 4795 οὐδὲ
1197 4739 1367 4812 Ἑνὼχ
1387 4743 1417 4796 6
1433 4742 1804 4816 εὐαρεπήσας
1829 4747 1906 4820 μὴ

2021 4757 2186 4810 rasse,
2211 4755 2389 4812 neque
2419 4737 2629 4807 Enoch,
2656 4739 2750 4810 qui
2778 4739 3298 4811 plaeuit,nesciisse,
3316 4756 3416 4797 nec
3440 4738 3574 4808 Noe,

1600 4875 1837 4937 VARIA‘J
1876 4881 2277 4940 LECTIONES.

410 4971 458 5052 οξ
471 4969 613 5052 Vbb.
645 4969 738 5027 καὶ
761 4971 790 5024 6
814 4970 998 5052 Σίμων
1026 4985 1139 5052 om.
1172 4969 1235 5025 0.
1311 4969 1821 5052 ⁶⁶⁴έπιτετευχθέντα
1849 4975 1890 5030 C
1919 5017 1936 5044 ,
1973 4979 2397 5052 έπιτετευγμένα
2425 4979 2519 5052 S._
2576 4971 2778 5052 ⁸⁷οἶδεν
2793 4978 2856 5031 0.
2881 5047 2894 5052 _
2933 4977 3109 5048 δεῖδης
3165 4975 3228 5030 0.
3249 5046 3262 5052 _
3319 4973 3369 5052 ξ’
3395 4973 3576 5052 αὐτῷν

337 5041 535 5124 scripsi
589 5057 657 5096 ex
706 5040 936 5124 conject.
967 5083 1026 5124 ,η
1043 5049 1104 5096 ιιι
1151 5040 1432 5124 sequentia
1481 5040 1872 5124 starepossint
1902 5040 1955 5124 ,'_
1979 5049 2168 5124 ἑαυτόν
2220 5040 2288 5112 C'.
2356 5053 2435 5124 0._
2478 5048 2617 5124 Tum
2678 5048 2803 5124 add.
2865 5047 2941 5111 ὡς
3015 5040 3142 5124 ante
3203 5044 3461 5124 a‘61_o'5_c.
3503 5049 3570 5124 ρ,

337 5108 651 5192 pactionem
680 5108 962 5192 utriusque
985 5108 1409 5192 Hom.
1440 5108 2213 5192 αύθέντης-αὐτόνὸυΐιιιειιιε
2234 5108 2465 5176 mutavit
2497 5121 2551 5174 in
2574 5118 2650 5182 ὡς
2673 5108 2936 5192 αύθέντην
2971 5117 3155 5192 αὐτός.
3185 5187 3195 5192 _
3231 5117 3278 5149 “
3297 5113 3436 5169 Vbb.
3462 5116 3570 5169 οὐδ’

333 5183 366 5234 6
401 5181 592 5261 ἑστώς,
620 5199 675 5235 κ.
711 5199 762 5236 τ.
789 5180 838 5234 λ.
881 5182 1090 5261 absque
1110 5180 1462 5261 distinctione
1493 5182 1546 5234 in
1578 5180 1683 5236 ms.
1709 5184 1767 5237 Id
1789 5196 1875 5261 est
1903 5203 1916 5240 :
1956 5189 2136 5261 Neque
2165 5201 2338 5257 stans,
2367 5191 2526 5244 alteri
2555 5180 2824 5258 oppositus
2849 5180 3282 5261 eiadeersariua,
3331 5194 3571 5261 staturus

335 5261 437 5304 est.
468 5251 641 5334 Quem
669 5267 888 5334 sensum
916 5252 1155 5334 u’t‘pqtui
1180 5251 1492 5334 expiseatus
1515 5255 1982 5334 sum,_.partime}
2007 5251 2271 5334 orationis
2307 5251 2470 5334 serie,
2503 5251 2721 5334 partium
2735 5258 2965 5334 e§__a|_iis
2997 5259 3194 5334 horum
3226 5257 3569 5334 apocrypha-

338 5336 469 5402 r'um_
487 5323 643 5402 locis,
670 5323 815 5376 hom.
851 5320 1028 5402 "$22.
1054 5321 1158 5402 εις
1192 5335 1276 5400 ll}.
1304 5320 1554 5402 2;_xvttt,
1576 5320 1627 5376 1.
1649 5321 1796 5393 Epit.
1818 5339 1870 5402 ο,
1896 5328 1986 5384 ‘25.
2009 5329 2259 5402 Recogita,
2279 5348 2336 5394 ιι,
2369 5331 2399 5383 7
2421 5349 2436 5396 ;
2456 5320 2550 5402 ἰιῖ,
2570 5329 2658 5402 47.
2682 5326 3169 5402 C._Mihi_qui_d_em,
3197 5320 3321 5382 coll.
3341 5320 3570 5402 praeses:

339 5391 434 5466 tim
456 5392 576 5466 loco
601 5391 836 5466 hom.‘u,
871 5391 1174 5466 22,_n_ostra
1203 5391 1284 5466 sic
1311 5392 1562 5466 videntur
1585 5391 1706 5466 esse
1736 5397 2068 5466 restituenda
2097 5416 2111 5454 :
2144 5391 2255 5454 ὄύδ⁴
2278 5391 2358 5454 ὅτι
2389 5391 2494 5463 (vel
2535 5391 2697 5454 etiam
2744 5399 2826 5452 ὅτι
2859 5397 2922 5450 σύ
2945 5391 3080 5453 ὀοΙΙ.
3134 5391 3283 5452 hom.
3318 5391 3474 5466 amt,
3513 5394 3565 5466 7)

336 5461 565 5544 9,ἐστὼς
599 5461 1177 5544 ῖῖησὸιεεξοςηάεὶλεαῖι
1209 5459 1298 5544 μὴ,
1313 5461 1627 5544 κξξσόμξνρςς
1655 5459 2237 5544 ςηνειιῖεεσούμενοςλδ.
2269 5459 2450 5544 Codex
2476 5473 2584 5544 Ott.
2626 5468 2913 5544 eo_nﬁrmat
2943 5468 3226 5544 lectionem
3256 5464 3358 5544 ιιΔ
3409 5459 3567 5544 exiti-'-

335 5527 527 5612 l’ritan-i:
585 5527 897 5612 _"
917 5530 979 5587 C.
1052 5527 1220 5612 ’ζούιι
1238 5529 1341 5612 οῦν.
1360 5530 1420 5591 C.
1471 5527 1735 5612 1i’5'ﬁ§_.
1760 5530 1816 5585 δέ
1845 5538 1910 5603 C,
1936 5527 1997 5593 ό.
2052 5527 2476 5612 ,οῖ’ἀποκαλύψαι
2504 5543 2546 5593 0
2599 5555 2648 5612 ε.
2680 5537 2723 5612 I_)
2753 5577 2768 5612 ,
2795 5536 3212 5612 ἀποκαλύψει
3288 5538 3334 5570 ⁸⁸
3351 5534 3566 5612 μυρία-ις

337 5601 444 5686 ρλη
473 5601 698 5686 ξ⁶τ622
713 5598 794 5686 ζει
815 5603 868 5657 in
903 5617 1074 5686 ξυιυς·
1095 5598 1292 5686 (lima
1329 5600 1824 5686 ί¹¹.Ρεῗδ¹,Ξ¹’,,’⁷ῙιθΒ.
1859 5598 2178 5679 ἐγνωκότας.
2211 5613 2353 5666 Idem
2378 5598 2657 5682 proposuit
2683 5598 3403 5676 Schliemanntis,Clemqb.
3429 5598 3558 5673 '200,

340 5670 445 5725 5159
473 5669 529 5727 S.
608 5670 873 5745 "ﬁ6qaav
904 5676 945 5728 0
976 5712 989 5737 ,
1023 5669 1117 5742 Qui
1153 5677 1266 5726 tum
1297 5671 1480 5728 scribit
1515 5669 1779 5741 βούλεται.
