4048 6146
433 280 540 338 ιιδ

1248 280 1305 334 S.
1351 275 1740 333 CLEMENTIS
1773 275 1793 328 l
1832 274 1995 331 ROII.
2038 271 2235 328 PONT.
2277 270 2504 326 OPERA
2544 268 2769 330 DUBIA.

3586 267 3692 325 H6

433 398 638 468 justus,
675 409 784 449 non
815 391 1128 462 agnovisse,
1181 404 1283 446 nec
1334 389 1718 453 Abrahamus,
1777 389 2013 454 amicus,
2043 441 2047 450 ,

2130 385 2336 447 ειδέναι,
2385 384 2507 438 οὔτε
2555 385 2679 438 Νῶε
2719 388 2748 440 ὁ
2788 385 2996 450 δίκαιος
3043 384 3116 457 μὴ
3171 385 3523 450 ἐπίστασθαι,
3569 385 3696 441 οὗτε

440 502 549 541 non
580 485 932 546 intellexisse,
962 496 1062 536 nec
1090 481 1314 534 Isaacus
1337 495 1444 533 non
1471 480 1801 550 percepisse.
1838 493 2016 548 neque

438 574 698 640 Jacohus,
723 572 818 644 qui
849 572 1088 626 luctatus
1111 577 1218 634 est,
1246 584 1353 623 non
1381 568 1686 624 credidisse
1713 608 1730 634 ,
1776 569 2016 639 denique

442 681 550 720 non
586 673 768 734 potest
798 661 935 726 ﬂeri,
973 660 1105 730 qttin
1138 653 1350 714 eunetis
1378 659 1433 714 in
1459 657 1662 729 populo
1699 657 1882 732 dignis
1927 659 2017 714 ille

442 755 604 810 fuerit
637 755 930 808 revelatus.
994 774 1000 779 ·

510 845 651 899 XIV.
684 846 780 899 Sin
816 861 965 902 vero.
1005 845 1149 900 sicut
1192 843 1296 910 ais,
1326 843 1471 898 Deus
1518 858 1665 898 nunc
1693 842 2017 898 revelandus

440 947 526 992 est
551 937 786 1002 cunctis,
826 944 887 990 ut
915 950 1304 1006 cognoscatur,
1342 951 1438 1004 per
1461 933 1672 999 Jesum,
1716 951 1826 1004 quo
1857 935 2018 989 modo

443 1045 552 1083 non
581 1029 987 1096 iniquissimum
1015 1028 1173 1093 dicis,
1225 1027 1350 1082 illos
1377 1027 1597 1097 quidem
1645 1042 1756 1082 non
1809 1043 2016 1096 cogno-

444 1119 610 1192 visse,
637 1119 729 1187 qui
763 1118 950 1172 mundi
988 1117 1214 1172 fuerunt
1242 1127 1450 1187 septem
1477 1117 1778 1183 columina,
1813 1119 2018 1186 quique

441 1209 751 1279 justissima
776 1208 885 1263 Deo
915 1209 1122 1278 accepti
1151 1224 1272 1264 esse
1289 1218 1609 1278 potuerunt,
1638 1218 1692 1263 et
1718 1224 1848 1264 vero
1874 1224 2018 1262 nunc

447 1308 527 1354 tot
579 1301 773 1370 impios
824 1316 890 1354 cx
921 1301 1176 1371 gentibus
1205 1303 1431 1354 omnino
1485 1315 1820 1371 cognoscere
1853 1299 1876 1352 ἲ
1914 1299 2016 1365 Illi,

447 1391 661 1445 cunctis
690 1391 1006 1446 hominibus
1031 1391 1462 1460 praestantiores,
1517 1391 1668 1462 digni
1706 1391 1874 1446 habiti
1909 1407 2018 1446 non

449 1493 578 1540 sunt
601 1484 694 1554 qui
727 1484 1160 1554 cognoscerent?
1193 1483 1260 1537 Et
1288 1498 1400 1554 quo
1424 1483 1586 1538 tnodo
1613 1483 1665 1536 id
1688 1483 1892 1538 bonum
1914 1491 2018 1549 est,

448 1577 595 1645 quod
630 1590 738 1630 non
775 1583 860 1629 est
881 1574 1129 1643 justum?
1157 1574 1261 1629 nisi
1287 1574 1332 1628 si
1365 1589 1490 1628 eum
1521 1574 1723 1628 bonum
1750 1574 2023 1643 appellare

449 1666 710 1730 volueris,
745 1680 854 1718 non
876 1665 967 1734 qui
997 1664 1145 1733 juste
1174 1674 1464 1735 operantes
1493 1664 1776 1720 beneﬁciis
1831 1665 2017 1730 allicit,

2133 476 2384 547 Ἀϐραὰμ
2413 477 2442 527 ὁ
2467 475 2617 545 φίλος
2639 477 2714 547 μὴ
2742 477 3000 540 συνιέναι,
3033 477 3135 531 οὐκ
3179 477 3366 530 Ἰσαὰκ
3395 477 3469 549 μὴ
3507 494 3696 550 νενοη-

2119 568 2295 635 κέναι,
2326 569 2426 621 ούκ
2463 567 2656 622 Ἰακὼὸ
2684 571 2713 622 ὁ
2743 568 3012 632 παλαίσας
3033 569 3108 640 μὴ
3131 569 3553 623 πεπιστευκέναι
3601 571 3698 623 καὶ

2121 659 2284 710 πᾶσιν
2318 660 2432 722 τοῖς
2456 659 2512 712 ἐν
2532 657 2611 730 τῷ
2630 657 2746 728 λαῷ
2767 658 2937 724 ἀξίοις
2963 659 3038 732 μὴ
3069 660 3536 730 ἀποκεκαλύφθαι.

2189 827 2355 900 364
2372 826 2516 883 XIV.
2531 829 2594 881 Εἰ
2609 829 2684 892 δέ,
2699 829 2775 894 ὡς
2787 830 2912 902 φῂς,
2930 828 3082 884 ἔσται
3093 830 3180 885 διὰ
3193 830 3254 884 τὸ
3267 831 3462 886 εἰδέναι
3489 831 3576 885 διὰ
3596 831 3695 886 τοῦ

2131 919 2305 991 Ἰησοῦ
2331 919 2424 974 νῦν
2451 921 2614 973 πᾶσιν
2641 920 3138 985 ἀποκαλύπτεσθαι,
3166 921 3284 985 πῶς
3305 923 3406 976 οὑκ
3433 922 3698 977 ἀδικώτα-

2117 1028 2207 1065 τον
2231 1009 2438 1079 λέγεις,
2483 1009 2724 1074 ἐκείνους
2756 1012 2852 1081 μὲν
2877 1012 2922 1043 ⁹⁹
2957 1011 3030 1082 μὴ
3053 1012 3368 1080 ἐγνωκέναι,
3404 1013 3544 1067 ἑπτὰ
3568 1013 3697 1067 στύ-

2118 1102 2246 1166 λους
2270 1099 2618 1173 ὑπάρξαντας
2637 1101 2847 1174 κόσμῳ,
2872 1103 2967 1157 καὶ
2989 1102 3311 1174 δικαιοτάτῳ
3350 1103 3468 1175 Θεῷ
3499 1105 3694 1175 εὐαρεά

2122 1196 2318 1266 στῆσαι
2345 1194 2694 1265 δυναμένους,
2741 1195 2835 1248 καὶ
2869 1194 3153 1259 τοσούτους
3192 1195 3249 1249 δὲ
3297 1195 3391 1250 νῦν
3434 1197 3544 1250 ἀπὸ
3584 1197 3695 1252 τῶν

2120 1284 2289 1338 ἐθνῶν
2311 1284 2526 1348 ἀσεϐεῖς
2545 1283 2704 1346 ὄντας
2736 1284 2878 1338 κατά
2901 1285 3077 1339 πάντα
3106 1285 3343 1354 γνῶναι;
3386 1281 3532 1340 οὗτοι
3561 1305 3699 1342 παν-

2120 1377 2211 1441 τὸς
2237 1377 2547 1449 κρείττονες
2573 1377 2640 1408 ¹⁰⁶
2665 1377 2950 1445 γνῶναιού
2978 1377 3394 1450 κατηξιώθησαν
3419 1396 3432 1445 ;
3463 1379 3558 1434 καὶ
3581 1379 3702 1444 πῶς

2122 1469 2240 1522 ἐστὶ
2267 1468 2426 1522 τοῦτο
2458 1467 2681 1536 ἀγαθὸν,
2709 1467 2737 1521 ὃ
2765 1467 2837 1540 μὴ
2872 1468 3082 1523 δίκαιον
3127 1472 3312 1536 ἐστιν;
3353 1472 3510 1535 ἐκτὸς
3551 1471 3702 1542 εἰμὴ

2122 1559 2324 1628 ἀγαθὸν
2357 1558 2517 1632 θέλῃς
2537 1560 2553 1589 ¹
2577 1559 2756 1628 λέγειν
2801 1559 2861 1612 οὐ
2891 1558 2980 1612 τὸν
3029 1560 3420 1632 εὐεργετοῦντα
3450 1563 3578 1625 τοὺς
3622 1561 3704 1614 δι-

2124 1653 2660 1722 καιοπραγήσαντας,
2681 1649 2817 1703 ἀλλά
2832 1650 2925 1703 τὸν
2946 1649 3246 1718 ἀγαπῶντα
3269 1652 3396 1714 τοὺς
3415 1651 3634 1716 ἀδίκους
3657 1655 3698 1715 ².

449 1757 545 1811 sed
574 1757 670 1826 qui
705 1765 854 1810 amat
885 1755 1126 1826 iniquos,
1149 1756 1400 1825 quamvis
1434 1771 1542 1810 non
1585 1756 1836 1822 credant,
1863 1755 2022 1820 adeo,

2130 1742 2226 1796 κᾶν
2257 1741 2332 1812 μὴ
2363 1740 2710 1807 πιστεύωσιν,
2747 1735 2829 1804 οἷς
2859 1740 2955 1794 καὶ
2995 1739 3063 1793 τά
3103 1741 3390 1813 ἀπόρρητα
3431 1742 3704 1796 ἀποκαλύ-

453 1857 513 1902 ιιι
537 1848 604 1901 iis
618 1856 672 1902 et
693 1847 1013 1903 abscondita
1044 1848 1265 1912 revelat,
1294 1862 1417 1916 quae
1456 1847 1623 1916 justis
1666 1847 1909 1901 noluerit
1935 1863 2025 1902 re-

451 1938 653 1992 velare.
674 1935 809 1991 Nam
849 1937 1162 2006 hujusmodi
1211 1952 1302 1992 res
1346 1952 1447 1992 nec
1488 1937 1654 2004 bono,
1724 1952 1827 1991 nec
1874 1937 2027 2006 justo

452 2030 735 2098 competit,
771 2027 862 2083 sed
888 2027 1100 2097 piorum
1149 2027 1318 2082 osori.
1376 2026 1516 2080 Num
1571 2036 1650 2092 tu,
1700 2025 1916 2093 Simon,
1964 2041 2026 2083 es

454 2120 639 2186 Stans,
671 2119 762 2190 qui
797 2120 898 2175 ista
921 2120 1001 2174 sic
1031 2120 1274 2175 nondum
1297 2120 1444 2174 dicta
1475 2118 1721 2189 proferre
1749 2119 1960 2174 audes?

528 2316 641 2372 XV.
674 2317 740 2372 Et
784 2317 974 2372 Simon
1022 2332 1187 2388 super
1237 2333 1302 2373 eo
1357 2317 1674 2389 indignatus
1696 2317 1802 2372 ait:
1848 2317 2028 2375 Tuum

455 2407 773 2480 Magistrum
824 2409 1194 2478 reprehende,
1247 2409 1554 2463 dicentem:
1609 2407 1878 2478 Conﬁteor
1909 2411 2027 2474 tibi,

456 2501 678 2554 Domine
703 2501 819 2554 caeli
841 2513 890 2554 et
921 2511 1096 2564 term,
1124 2501 1250 2570 quia
1274 2515 1392 2569 qua:
1411 2509 1562 2553 erant
1587 2501 1794 2555 occulta
1823 2503 2032 2570 sapien-

457 2591 619 2658 tibus,
673 2591 914 2646 revelasti
959 2609 1022 2646 ea
1075 2591 1309 2661 parvulis
1361 2591 1760 2646 lactentibnsl.
1811 2594 1890 2647 Ac
1929 2592 2032 2648 Pe-

462 2691 611 2736 trus:
641 2680 733 2736 Sic
751 2683 993 2752 quidem,
1028 2681 1226 2751 inquit,
1245 2697 1353 2736 non
1373 2682 1580 2751 prolata
1603 2691 1732 2736 sunt
1757 2697 1820 2737 ea
1843 2684 2028 2750 verba;

460 2775 639 2830 dicam
676 2782 856 2829 tamen
882 2774 1056 2845 prius,
1093 2774 1255 2844 quasi
1279 2775 1353 2828 ita
1384 2774 1659 2844 prolatum
1695 2775 1788 2842 sit,
1838 2785 1899 2830 ut
1932 2776 2029 2830 tibi

461 2867 638 2920 visum
667 2864 791 2921 fuit.
823 2864 1088 2920 Dominus
1111 2874 1319 2930 noster,
1351 2867 1564 2920 tametsi
1591 2867 1849 2922 dixisset:
1902 2867 2033 2932 Qui:

457 2966 611 3013 erant
635 2956 841 3011 occulta
858 2955 1208 3026 sapientibus,
1225 2973 1288 3012 ea
1311 2959 1545 3028 parvulis
1567 2959 1812 3015 reuelabit
1848 2957 2029 3024 Pater,

2129 1851 2305 1894 πτειν,
2333 1833 2369 1886 ἆ
2398 1833 2626 1895 δικαίοις
2651 1831 2998 1902 ἀποκαλύψαι
3020 1833 3120 1887 ούκ
3146 1832 3432 1906 ἠθέλησεν.
3500 1833 3572 1887 Τδ
3596 1833 3706 1906 γὰρ

2129 1924 2368 1978 τοιοῦτον
2392 1922 2515 1977 οὔτε
2549 1923 2759 1994 ἀγαθῷ,
2785 1921 2908 1976 οὔτε
2930 1922 3121 1993 δικαίῳ
3146 1924 3446 1994 προσήκει,
3474 1923 3608 1977 ἀλλά

2128 2011 2374 2075 εύσεὸεἰς
2409 2011 2754 2082 μεμισηκύτι.
2789 2012 2880 2083 Μή
2912 2029 2964 2064 τι
2996 2012 3059 2065 σὺ
3088 2007 3156 2077 εἴ,
3188 2011 3387 2083 Σίμων,
3418 2014 3446 2064 ὁ
3481 2011 3703 2076 Ἑστὼς,

2127 2106 2156 2157 ὁ
2187 2103 2360 2156 ταῦτα
2382 2101 2552 2167 οὕτως
2575 2104 2649 2175 μή
2692 2119 2822 2158 ποτε
2859 2102 3091 2176 ρηθέντα
3125 2105 3298 2158 εἰπεῖν
3337 2103 3706 2176 ἁποθρασυνό-

2133 2212 2294 2266 μενος
2312 2212 2328 2260 ;

2160 2362 2163 2363 ν
2199 2331 2316 2388 XV.
2346 2334 2456 2387 Καὶ
2499 2335 2527 2386 ὁ
2575 2332 2757 2404 Σίμων
2804 2332 2898 2386 ἐπὶ
2936 2331 3111 2404 τοῦτῳ
3149 2334 3536 2406 ἀγανακτήσας
3573 2335 3708 2407 ἔφη·

2130 2425 2236 2477 Τὸν
2264 2423 2353 2476 σδν
2390 2422 2716 2477 Διδάσκαλον
2757 2421 2915 2476 αίτιῶ
2959 2422 3183 2477 είπόντα
3207 2424 3256 2454 ³·
3296 2418 3720 2493 Ἑξομολογοῦ-’

2122 2515 2234 2585 [uti
2258 2529 2376 2580 σοι,
2403 2515 2579 2582 Κύριε
2607 2512 2714 2567 τοῦ
2739 2513 2996 2582 οὐρανοῦ
3031 2513 3130 2566 καὶ
3157 2513 3268 2589 τῆς
3284 2514 3417 2584 γῆς,
3447 2514 3536 2570 ὅτι
3562 2514 3712 2583 ἅπερ

2129 2607 2211 2676 ἦν
2238 2607 2470 2675 κρυπτὰ
2514 2604 2748 2673 σοφοῖς,
2805 2603 3203 2675 ἀπεκάλυψας
3259 2607 3411 2660 αὐτὰ
3468 2608 3706 2674 νηπίοις

2131 2694 2506 2765 θηλάζουσιν.
2542 2698 2652 2751 Καὶ
2688 2697 2718 2749 ὁ
2739 2696 2972 2768 Πέτρος·
3010 2695 3166 2750 Οὕτω
3199 2697 3316 2768 μὲν,
3345 2697 3470 2768 ἔφη,
3497 2698 3528 2750 ὁ
3557 2697 3712 2766 λόγος

2129 2786 2233 2839 οὐκ
2271 2785 2495 2856 ἐλέχθηο
2542 2784 2654 2857 ἐρῶ
2697 2785 2754 2838 δὲ
2785 2786 3037 2857 πρῶτον,
3083 2785 3160 2849 ὡς
3207 2784 3379 2850 οὕτως
3429 2787 3713 2859 εἰρημένον

2131 2875 2319 2947 ῶσπερ
2342 2893 2423 2929 σοι
2446 2875 2642 2942 ἔδοξεν.
2676 2875 2733 2929 Ὁ
2755 2875 2961 2948 Κύριος
2980 2875 3157 2948 ἡμῶν,
3179 2875 3337 2947 εἴπερ
3358 2875 3454 2929 καὶ
3472 2877 3708 2947 εἰρήκει·

2135 2967 2202 3021 Ἀ
2236 2982 2370 3020 τινα
2398 2966 2480 3036 ἦν
2508 2967 2738 3034 κρυπτὰ
2764 2966 2998 3035 σοφοῖς,
3027 2967 3214 3020 ταῦτα
3234 2967 3472 3034 νηπίοις
3497 2966 3717 3021 ἀπεκά-

462 3063 638 3117 neque
695 3047 774 3102 sic
813 3047 982 3102 alium
1014 3047 1184 3102 Deum
1232 3060 1286 3104 et
1331 3049 1548 3106 Patrem
1585 3061 1784 3122 praeter
1840 3057 2031 3110 mundi

2134 3063 2336 3128 λυψεν
2364 3061 2396 3114 ό
2428 3058 2650 3128 Πατὴρ,
2689 3058 2796 3112 οὐδ’
2822 3058 2996 3122 οὕτως
3027 3060 3183 3113 ἀλλον
3208 3060 3339 3114 Θεὸν
3373 3061 3467 3114 καὶ
3495 3060 3715 3131 Πατέρα

459 3139 780 3195 Creatorem
836 3140 1163 3196 credebatur
1211 3143 1540 3213 signiﬁcare.
1591 3144 1830 3202 Possunt
1882 3147 2027 3203 enim

464 3231 638 3301 ipsius
657 3231 937 3287 Creatoris
982 3248 1180 3288 arcana
1213 3250 1355 3302 esse,
1391 3250 1513 3306 qua:
1544 3236 1814 3308 signiﬁcat
1839 3280 1855 3307 ,
1904 3255 2029 3294 cum

461 3321 627 3376 etiam
658 3323 826 3376 Isaias
865 3322 1042 3377 dicat:
1071 3324 1318 3392 Aperiunt
1362 3340 1420 3377 os
1445 3340 1618 3378 meum
1643 3327 1696 3378 in
1737 3326 2030 3396 parabolis,

465 3421 513 3468 ει
567 3415 816 3468 eructabo
870 3415 1180 3469 abscondita
1227 3433 1261 3468 a
1315 3416 1694 3471 constitutione
1739 3419 1923 3472 mundi
1952 3418 1981 3458 δ
2011 3456 2027 3473 .

465 3505 789 3576 Prophetam
819 3507 982 3578 igitur
1009 3507 1308 3571 conﬁteris,
1349 3507 1442 3578 qui
1467 3509 1681 3564 occulta
1717 3525 1824 3564 non
1874 3509 2030 3579 igno-

466 3598 778 3669 rabat,qu:e
798 3598 959 3655 Jesus
987 3615 1016 3654 a
1047 3600 1388 3670 sapientibus
1414 3600 1732 3657 abscondita
1750 3617 1871 3657 esse
1891 3601 2037 3656 aint-

465 3698 600 3755 mat,
625 3691 861 3745 revelata
885 3706 1014 3746 vero
1036 3691 1313 3760 parvulis?
1343 3691 1463 3758 Quo
1485 3701 1644 3762 pacto
1661 3701 1840 3746 autem
1871 3691 2039 3746 Crea-

467 3788 556 3835 tor
589 3781 878 3852 ignoravit,
906 3798 1029 3837 cum
1057 3781 1317 3851 propheta
1338 3783 1511 3851 ipsius
1537 3783 1707 3837 Isaias
1743 3797 1852 3836 non
1882 3781 2039 3852 igno-

469 3872 708 3926 raverit?
736 3871 910 3926 Porro
935 3871 1098 3927 Jesus
1123 3882 1309 3928 noster
1334 3889 1522 3928 revera
1554 3890 1660 3927 non
1691 3873 1864 3928 dixit:
1907 3871 2039 3936 Quae

465 3962 971 4028 erantabscondita,
1005 3965 1122 4025 sed.
1158 3975 1218 4018 ut
1246 3963 1483 4026 videtur,
1530 3963 1780 4033 asperius
1826 3963 2040 4018 locutus

467 4064 574 4117 est,
602 4055 738 4108 dixit
761 4055 941 4109 enim:
969 4055 1310 4116 Abscondisti
1355 4057 1465 4110 lucc
1517 4073 1550 4108 a
1593 4055 1941 4125 sapientibus,
1989 4062 2040 4108 et

471 4143 714 4198 revelasti
761 4161 824 4198 ea
876 4146 1111 4214 parvulis
1157 4147 1472 4201 lactentibus
1511 4158 1557 4199 ε.
1589 4146 1772 4200 Dicit:
1823 4145 2043 4199 abscon-

467 4235 621 4301 disti,
657 4237 816 4306 quasi
847 4237 1143 4307 aliquando
1177 4254 1238 4293 ea
1265 4238 1482 4308 cognita
1510 4236 1716 4290 fuerint
1741 4236 1870 4290 illis.
1900 4233 2037 4289 Nam

471 4325 617 4393 apud
642 4340 738 4382 eos
768 4327 1006 4396 reposita
1033 4336 1151 4382 erat
1203 4327 1372 4384 clavis
1409 4327 1562 4398 regni
1600 4324 1890 4393 caelorum,
1941 4327 2045 4380 hoc

472 4429 578 4482 est,
611 4435 940 4475 arcanorum
972 4421 1187 4476 notitia.

546 4546 571 4574 ι
604 4532 794 4589 Matth.
825 4551 901 4599 xt,
923 4534 1015 4590 25.

545 4605 574 4644 b
603 4603 749 4660 Psal.
777 4620 984 4672 Lxxvn,
1005 4604 1073 4671 2;
1107 4601 1298 4660 Matth.
1330 4617 1454 4673 xttt,
1486 4604 1576 4660 55.

2133 3150 2418 3220 σημαίνειν
2440 3148 2716 3222 ἐνομίζετο
2765 3151 2918 3223 παρά
2945 3150 3036 3204 τὸν
3085 3151 3346 3205 κτίσαντα
3371 3151 3462 3204 τὸν
3489 3150 3712 3220 κόσμον.

2145 3237 2446 3308 Ἐνδέχεται
2478 3239 2586 3312 γάρ
2605 3239 2769 3293 αὑτοῦ
2792 3236 2931 3294 εἶναι
2952 3240 3046 3293 τοῦ
3059 3240 3391 3313 δημιουργοῦ
3410 3240 3483 3294 τά
3498 3239 3723 3311 κρυπτά

2132 3329 2408 3399 ἃέλεγεν,
2444 3331 2524 3404 τῷ
2571 3332 2665 3385 καὶ
2716 3331 2809 3385 τὸν
2865 3331 3025 3403 365
3069 3333 3295 3386 Ἡσαΐαν
3344 3332 3455 3403 (59)
3512 3334 3714 3385 εἰπεῖν’

2145 3423 2380 3488 Ἀνοίξω
2396 3422 2418 3456 ⁸
2432 3423 2496 3477 τὸ
2510 3424 2701 3494 στόμα
2711 3441 2830 3494 μου
2857 3425 2878 3456 ⁵
2889 3425 2958 3477 ἐν
2977 3425 3359 3494 παραϐολαῖς,
3385 3424 3482 3478 καί
3495 3423 3721 3491 ἐξερεύ-

2135 3513 2309 3584 εομαι
2333 3517 2706 3584 κεκρυμμένα
2724 3514 2841 3570 ἀπὸ
2860 3514 3196 3583 καταϐολῆς
3211 3517 3460 3585 κόσμου.
3483 3515 3586 3568 Τὸν
3596 3510 3719 3567 οῦν⁶

2135 3607 2417 3677 προφήτην
2436 3607 2732 3677 ὁμολογεῖς,
2761 3606 2821 3670 ὃς
2853 3606 2922 3659 τὰ
2975 3606 3333 3678 κεκρυμμένα
3363 3607 3463 3660 οὐκ
3512 3607 3714 3676 ἠγνόει,

2137 3699 2173 3754 ἆ
2199 3715 2320 3752 τινα
2362 3701 2390 3751 ό
2443 3697 2655 3768 Ἰησοῦς
2689 3698 2797 3751 ἀπὸ
2843 3697 3022 3768 σοφῶν
3062 3696 3478 3768 ἀποκεκρύφθαι
3503 3699 3524 3728 ⁷
3549 3696 3714 3767 λέγει,

2137 3789 2352 3861 νηπίοις
2401 3787 2459 3840 δὲ
2505 3786 2991 3857 ἀποκεκαλύφθαι;
3036 3786 3161 3850 Πῶς
3214 3787 3271 3840 δὲ
3312 3789 3341 3840 ὁ
3382 3783 3720 3858 Δημιουργδς

2138 3880 2343 3949 ἠγνόει,
2384 3877 2478 3931 τοῦ
2541 3879 2817 3951 προφήτου
2864 3879 3029 3932 αὐτοῦ
3088 3877 3163 3950 μὴ
3213 3877 3533 3946 ἀγνοοῦντος
3576 3875 3671 3930 τοῦ
3695 3877 3719 3908 ⁸

2153 3970 2374 4025 Ἡσαΐου
2399 3986 2414 4035 ;
2461 3970 2519 4023 '0
2538 3969 2594 4022 δὲ
2626 3968 2832 4040 Ἰησοῦς
2861 3969 3019 4040 ἡμῶν
3047 3968 3128 4040 τῷ
3156 3969 3268 4023 δντι
3299 3970 3400 4023 οὐκ
3428 3965 3581 4022 εἶπεν
3599 3985 3612 3999 ·
3646 3969 3714 4021 'A

2141 4075 2276 4114 τινα
2304 4058 2383 4127 ἦν
2399 4059 2648 4126 κρυπτὰ,
2671 4057 2804 4112 ἀλλά
2821 4059 2879 4110 τὸ
2901 4057 3091 4111 δοκοῦν
3113 4057 3447 4130 τραχύτερον
3470 4057 3711 4128 εἴρηκεν,

2143 4146 2264 4206 εἷπε
2285 4151 2392 4222 γάρ
2407 4151 2427 4181 '
2443 4167 2457 4181 ·
2490 4149 2738 4204 Ἀπεκὰιι
2746 4153 2903 4218 υψας
2917 4150 3067 4202 αὐτὰ
3084 4151 3322 4217 νηπίοις
3338 4147 3715 4216 θηλάζουσιν.

2146 4242 2220 4296 Τὸ
2246 4243 2303 4296 δὲ
2329 4243 2522 4305 εἰπεῖν,
2543 4240 2918 4308 ἀπέκρυψας,
2949 4239 3025 4303 ὥς
3058 4257 3189 4293 ποτε
3233 4239 3589 4310 ἐγνωσμένων
3615 4237 3713 4291 αὐ-

2145 4334 2278 4394 τοῖς.
2311 4333 2446 4402 Παρ’
2470 4331 2650 4391 αὐτοῖς
2668 4329 2776 4400 γὰρ
2795 4331 2826 4399 ή
2860 4329 3007 4393 κλεὶς
3025 4330 3123 4400 τῆς
3141 4329 3412 4400 βασιλείας
3430 4328 3538 4381 τῶν
3561 4327 3724 4397 ούρα-

2073 4425 2117 4482 Ι)
2144 4425 2250 4479 νῶν
2270 4423 2547 4486 ἀπέκειτο,
2572 4421 2849 4474 τουτέστιν
2877 4420 3130 4492 ήγνῶσις
3157 4420 3266 4474 τῶν
3305 4421 3650 4493 ἀπορρήτων.

2227 4547 2252 4576 ο
2293 4535 2484 4591 Matth.
2514 4534 2719 4600 “.25;
2755 4532 2888 4589 Luc.
2924 4550 2978 4601 x,
3001 4533 3094 4588 21.

1748 4717 1982 4776 VARUE
2013 4717 2410 4774 LECTIONES.

546 4815 591 4848 θ’
615 4809 714 4884 μέν
747 4811 948 4884 excidit
982 4827 1075 4884 ap.
1106 4811 1169 4867 Cl
1227 4810 1348 4882 (ed.
1383 4811 1540 4884 1698,
1577 4811 1748 4879 I724)
1779 4821 1833 4884 et
1873 4812 1930 4884 ξ.
2009 4812 2406 4884 ξοΑολκρείττονος
2502 4848 2516 4872 ,
2544 4807 2850 4884 κρείττονες
2882 4806 2955 4861 id.
2983 4806 3037 4860 in
3063 4823 3235 4884 marg.
3269 4806 3667 4884 κρειττόνως-0
3705 4813 3723 4871 ς

473 4874 626 4954 οῦτοι
647 4881 844 4954 πάντες
872 4874 1259 4954 τάίκρείττονα,
1290 4899 1344 4935 κ.
1376 4882 1508 4954 τ.-λ.
1531 4874 1826 4954 proposuit
1867 4883 1927 4954 ξ.
2004 4874 2216 4954 ἐθέλεις
2251 4884 2314 4954 Ο.
2391 4874 2724 4954 ξνριιᾙτοὺς
2752 4877 2971 4954 ἀδίκους
3010 4874 3457 4954 εξςῖιίεειιιιὶβῳ.
3496 4875 3554 4954 8Σ
3583 4874 3721 4954 Tum

474 4952 554 5013 ὡς
582 4967 615 5020 p
659 4947 739 5016 οἷς
767 4951 913 5020 conj.
942 4945 1012 5007 D.
1083 4953 1376 5016 'Crcdner,
1413 4945 1607 5017 Beitr.,
1639 4945 1678 5017 ἱ,
1714 4953 1839 5006 515.
1884 4952 1945 5009 S.
2021 4952 2134 5007 ‘De
2172 4947 2306 5005 Isaia
2357 4949 2460 5004 cl'r.
2487 4947 2750 5013 Credner,
2781 4947 2947 5020 Βεὶιιεζ
2979 4963 3018 5013 ι,
3045 4947 3172 5004 503.
3203 4947 3265 5020 S_
3311 4947 3506 5020 εἰπεῖν’
3530 4945 3726 5020 ἀνοίξω

479 5011 1005 5098 (abdigog‘pqdirc
1085 5039 1166 5098 ex_
1195 5011 1424 5098 conject.
1446 5011 1723 5098 ,_éwosiv°
1771 5023 1966 5098 ἀνοίξω
2002 5025 2063 5098 Q.
2139 5025 2164 5098 ξ
2203 5036 2302 5092 μου
2339 5035 2464 5098 (ιιῐι.Δ
2499 5020 2573 5098 0.,
2602 5011 2745 5098 Idem
2791 5011 3102 5098 ἐρεύξομαιΖ
3169 5021 3190 5052 ⁸
3202 5015 3324 5098 νῦν.
3339 5031 3392 5084 p.
3421 5016 3515 5068 τὸν
3541 5011 3633 5097 οὖν
3660 5014 3722 5070 C.

477 5085 962 5160 θάποκαλύφθαιὈ
993 5132 1006 5156 ,
1026 5093 1168 5163 quod
1200 5093 1271 5145 al.
1295 5085 1453 5145 inan.
1475 5092 1528 5144 in
1552 5107 1721 5158 marg.
1757 5085 1990 5146 muta—vit
2024 5093 2077 5146 itt
2128 5085 2526 5161 ἀποκεκρίφθαι
2544 5088 2700 5212 (gsic),
2732 5085 3035 5159 κεκρύφθαι
3063 5087 3125 5141 C.
3201 5085 3328 5139 ’τοῦ
3356 5087 3630 5156 assumpsi
3655 5100 3724 5140 ex

479 5166 541 5212 0.
573 5160 708 5212 Tum
742 5163 896 5212 ἆτινα
919 5159 988 5212 ἦν
1007 5163 1066 5212 C-
1101 5164 1154 5212 in
1184 5178 1358 5212 mare.
1389 5162 1544 5212 ἅτινα
1577 5162 1678 5212 οὐκ
1704 5157 1772 5212 ἦν
1801 5163 1855 5212 in
1888 5171 2059 5212 textu.
2093 5164 2236 5212 uuod
2273 5163 2434 5212 etiam
2464 5161 2518 5212 in
2639 5174 2759 5212 esse
2783 5158 3013 5212 videtur.
3089 5162 3110 5192 ⁹
3130 5157 3293 5212 Recte
3317 5165 3473 5210 nolat
3497 5155 3539 5211 C
3571 5197 3587 5212 .
3626 5154 3724 5210 ad-

479 5166 541 5234 t).
573 5160 708 5234 Tum
742 5157 896 5214 ἅτινα
919 5159 988 5234 ἦν
1007 5157 1068 5233 ς,
1101 5164 1358 5234 ἰηᾉιιιξινκ.
1387 5162 1544 5234 ἀτινα
1573 5157 1855 5234 οὑκηῆνγίη
1888 5171 2059 5234 textu,
2093 5164 2236 5234 quod
2256 5157 2518 5234 etiamin

2639 5174 2759 5212 esse
2783 5154 3013 5212 videtur.
3089 5162 3110 5192 ⁹
3130 5157 3293 5212 Recte
3317 5165 3473 5210 notat
3497 5154 3587 5222 Ci,
3626 5154 3728 5210 ad-

479 5231 655 5286 denda
696 5247 818 5286 esse
844 5234 897 5286 h.
930 5226 968 5287 l'.
1000 5226 1123 5287 vob.
1156 5226 1477 5303 ἀπέκρυψας
1500 5231 1671 5286 ταῦτα
1703 5226 1812 5285 ἀπὸ
1841 5232 2017 5302 σοφῶν
2048 5226 2161 5296 καί,
2185 5233 2309 5286 coll.
2349 5231 2532 5286 verbis
2559 5228 2910 5299 sequentibus
2941 5230 3090 5283 hom.
3117 5243 3239 5294 vttt,
3262 5226 3314 5281 6.

1789 5365 2155 5425 VARIORUM
2191 5362 2423 5419 NOTAE.

553 5460 668 5530 (59)
704 5461 813 5516 Τὸν
849 5458 1120 5518 Ἡσαΐαν.
1152 5459 1330 5518 Locus
1361 5461 1556 5516 merito
1581 5457 1894 5530 notandus;
1916 5459 2046 5528 quia

479 5528 770 5589 conﬁrmat
826 5534 970 5603 quod
1019 5549 1083 5587 ex
1138 5531 1467 5602 Hieronymo
1538 5530 1607 5585 ad
1662 5528 1898 5603 Mattltaai
1951 5545 2044 5584 ca.

482 5614 580 5674 put
604 5618 727 5668 xm,
759 5612 813 5658 et
845 5598 913 5674 ad
938 5601 1209 5656 Psaimum
1235 5598 1441 5674 min,
1455 5611 1730 5674 _atque_ex
1760 5598 2047 5674 Attonytno

481 5667 548 5728 ad
574 5673 821 5727 eumdem
855 5672 1154 5734 Psalntutn,
1184 5673 1350 5725 relato
1374 5672 1426 5724 in
1453 5667 1803 5740 Expositione
1827 5667 2044 5740 (ἶτῴεο-

484 5760 606 5801 ιιιιιι
629 5741 848 5797 Patrum
882 5744 934 5797 in
974 5741 1240 5810 Psaltuos,
1277 5739 1560 5809 discimus,
1601 5749 1809 5796 veteres
1837 5739 2048 5795 codices

2151 5472 2260 5512 non
2300 5470 2525 5526 paucos,
2569 5452 2804 5526 Matthxi
2839 5454 3093 5526 xnt,35,
3118 5453 3316 5526 insigni
3355 5453 3553 5526 mendo
3589 5450 3730 5526 seri-

2173 5523 2316 5581 itum'
2350 5526 2625 5594 habuisse,
2676 5524 2860 5580 Graece
2895 5523 2985 5578 διά
3035 5523 3254 5578 Ἡσαΐου
3293 5523 3388 5578 τοῦ
3429 5523 3726 5594 προφήτου,

2199 5599 2344 5650 atine
2395 5610 2487 5662 per
2531 5587 2737 5647 Isaiam
2782 5595 3109 5663 prophetam,
3155 5610 3253 5663 pro
3294 5595 3384 5648 διά
3439 5587 3607 5661 ’Ᾱσάφ
3632 5587 3728 5663 τοῦ

2157 5661 2457 5738 προφήτου,
2484 5681 2574 5738 per
2599 5661 3132 5738 Asaph‘prophetam,
3158 5661 3247 5719 vel
3269 5679 3379 5738 Apro
3409 5663 3496 5717 διὰ
3523 5661 3730 5738 προφή-

2154 5734 2269 5801 του,
2297 5734 2388 5803 per
2422 5735 2747 5806 prop/ictam,
2774 5749 2883 5805 quo
2915 5735 3074 5790 modo
3102 5751 3244 5791 nunc
3269 5734 3521 5799 legimus.
3551 5734 3687 5787 Cor.
