4048 6146
488 302 597 374 419

1290 306 1348 360 S.
1387 298 1820 360 CLEMENTISI
1861 296 2025 352 ROM.
2067 295 2266 353 PUNT.
2308 293 2535 350 OPERA
2574 292 2802 350 DL'BIA.

3636 292 3744 348 ‘20

486 427 592 485 Alii
620 440 746 480 vero
768 432 976 479 contra.
995 419 1131 476 Nam
1156 418 1562 489 Scripturarum
1584 416 1845 471 adversus
1889 414 2057 468 Deum

2169 410 2435 465 ἐναντίων.
2471 411 2582 474 Τὰς
2620 410 2728 495 γὰρ
2755 409 2895 466 κατά
2927 411 3021 467 τοῦ
3053 412 3187 467 Θεοῦ
3229 411 3336 466 τῶν
3364 409 3597 481 Γραφῶν
3631 429 3751 480 φωο

487 535 650 575 voces
673 518 889 589 iniquas
910 526 964 571 et
1001 515 1167 568 falsas
1190 514 1292 567 rati
1326 526 1482 565 veras
1505 524 1647 574 esse,
1678 521 1859 561 veram
1892 500 2062 575 ipsius

487 609 825 665 divinitatem
877 622 941 661 ac
990 606 1245 658 virtutem
1300 600 1631 656 nescierunt.
1699 597 2064 668 Quapropter,

486 700 647 771 quasi
676 701 791 771 ipse
828 699 1058 767 ignoret,
1085 704 1140 750 et
1184 693 1425 749 caedibus
1472 691 1723 762 gaudeat,
1753 697 1808 745 et
1857 688 2067 742 sacriti-

488 797 698 853 ciorum
726 793 886 848 donis
920 804 1119 861 pravos
1137 788 1397 852 dimittat,
1431 793 1690 855 pra‘terea
1737 790 1793 836 et
1832 780 2067 850 decipiat

487 896 541 941 et
562 884 877 948 mentiatur,
902 889 1208 949 cunctaque
1236 877 1420 946 iniqua
1444 874 1625 940 faciat,
1654 874 1779 943 ipsi,
1812 884 1871 927 ut
1896 872 2064 927 Deum

488 978 706 1039 imitati,
729 975 1001 1047 peccando
1028 973 1113 1044 pie
1136 987 1294 1042 agere
1324 969 1693 1025 crediderunt.
1746 965 1927 1032 Quare
1964 965 2065 1019 im-

487 1067 777 1124 mutabiles
816 1066 882 1120 ad
922 1064 1116 1119 melius
1156 1062 1507 1125 exstiterunt,
1553 1066 1606 1112 et
1649 1056 1908 1111 admoniti
1957 1071 2064 1109 non

486 1157 736 1214 conversi
778 1164 926 1211 sunt.
981 1151 1123 1206 Nihil
1174 1151 1321 1205 enim
1362 1148 1716 1212 verebantur,
1767 1146 1926 1217 quasi
1974 1160 2068 1215 per

486 1246 603 1300 haec
630 1258 794 1314 opera
821 1242 932 1297 Deo
960 1248 1145 1296 essent
1172 1238 1402 1295 similes.

557 1422 678 1477 XX.
701 1422 971 1477 Caeterum
997 1419 1063 1474 ad
1088 1434 1202 1485 eos,
1230 1415 1322 1486 qui
1348 1415 1514 1469 Deum
1546 1414 1705 1468 talem
1727 1418 1935 1482 putant,
1956 1425 2073 1465 me-

489 1516 598 1571 rito
627 1516 751 1585 quis
774 1523 985 1568 asserat
1008 1512 1211 1569 dictum
1239 1509 1446 1563 fuisse:
1474 1506 1640 1560 Nemo
1666 1505 1807 1559 novit
1830 1505 2068 1569 Patrem,

490 1610 595 1663 nisi
616 1607 813 1670 Filius,
841 1608 979 1661 sicut
1003 1620 1094 1658 nec
1138 1602 1341 1656 Filium
1362 1601 1476 1671 quis
1505 1600 1667 1662 novit,
1702 1598 1804 1651 nisi
1834 1596 1997 1650 Pater
2019 1608 2068 1650 ιι.

2161 504 2280 568 νὰς,
2309 504 2526 569 ἀδίκους
2570 503 2735 569 οὔσας
2771 507 2865 559 καὶ
2906 506 3137 577 ψευδεῖς,
3170 505 3390 577 ἀληθεῖς
3425 503 3748 575 ὑπολαμδά-

2162 610 2363 659 νοντες,
2403 595 2507 667 τὴν
2552 594 2720 659 ὅντως
2748 595 2914 649 αὐτοῦ
2945 596 3197 667 θειότητα
3244 597 3336 649 καὶ
3374 594 3601 666 δύναμιν
3644 596 3748 648 οὐκ

2164 685 2398 757 ᾔδεισαν.
2456 685 2653 757 Διόπερ
2711 686 2787 751 ὡς
2840 686 3156 756 ἀγνοοῦντος
3207 686 3372 740 αὑτοῦ
3418 687 3516 740 καὶ
3566 687 3747 755 φόνοις

2164 775 2440 846 χαίροντος
2464 774 2559 828 καὶ
2587 774 2785 829 θυσιῶν
2803 775 2995 848 δώροις
3024 777 3151 839 τοὺς
3184 778 3451 848 πονηροὺς
3474 776 3745 846 ἀφιέντος,

2166 866 2246 919 ἔτι
2297 865 2354 919 δέ
2399 866 2493 920 καὶ
2546 865 2859 929 ἀπατῶντος
2897 866 2993 919 καὶ
3036 866 3362 937 ψευδομένου
3426 866 3517 919 καὶ
3568 866 3747 920 πάντα

2165 960 2324 1015 ἄδικα
2366 958 2664 1022 ποιοῦντος,
2687 960 2838 1013 αὐτοὶ
2868 958 2942 1022 ὼς
2978 960 3137 1030 ὃμοια
3170 959 3303 1013 Θεοῦ
3330 960 3373 992 ¹⁸
3400 960 3742 1031 ποιήσαντες,

2166 1049 2585 1122 ἁμαρτάνοντες,
2636 1048 2970 1121 ἰσχυρίζοντο
3002 1050 3263 1105 εὐσεϐεῖν.
3302 1050 3392 1104 Διὸ
3419 1052 3463 1083 ¹⁹
3484 1053 3575 1105 καὶ
3608 1053 3745 1122 ἀμε-

2165 1141 2377 1194 τάθετοι
2409 1142 2487 1204 είς
2514 1141 2575 1194 τὸ
2606 1144 2851 1213 κρεῖττον
2873 1137 3032 1211 ἦσαν,
3074 1142 3167 1194 καὶ
3197 1140 3601 1212 νουθετούμενοι
3644 1141 3746 1193 οὐκ

2167 1232 2578 1305 ἐπεστρέφοντο.
2623 1234 2698 1285 Οὐ
2746 1231 2853 1304 γὰρ
2898 1231 3208 1301 ἐφοϐοῦντο,
3254 1232 3331 1297 ὡς
3371 1232 3450 1304 τῷ
3496 1232 3615 1302 Θεῷ
3657 1232 3747 1286 διὰ

2166 1325 2277 1378 τῶν
2299 1326 2554 1379 τοιούτων
2582 1324 2833 1397 πράξεων
2864 1324 3288 1396 ἐξομοιούμενοι.

2237 1416 2357 1471 XX.
2409 1417 2553 1489 Πρὸς
2595 1416 2653 1470 δέ
2710 1418 2837 1480 τοὺς
2875 1416 3113 1469 τοιοῦτον
3154 1416 3313 1469 αὐτὸν
3346 1417 3392 1449 ¹⁰
3429 1415 3749 1488 νομίζοντας

2169 1505 2308 1564 εἶναι
2361 1509 2597 1578 εὐλόγως
2661 1509 2726 1563 ἀν
2778 1526 2863 1572 τις
2912 1509 3060 1577 λέγοι
3107 1509 3151 1540 ’ί
3200 1509 3480 1581 εἰρῆσθαι·
3541 1508 3749 1574 Οὐδεὶς

2169 1603 2320 1672 ἔγνω
2351 1601 2457 1654 τὸν
2479 1599 2730 1668 Πατέρα,
2753 1602 2804 1653 εὶ
2831 1599 2917 1669 μὴ
2945 1604 2977 1654 ό
3015 1600 3165 1666 Υἱὸς,
3196 1600 3277 1667 ὡς
3302 1597 3447 1655 οὐδὲ
3472 1600 3578 1654 τὸν
3611 1602 3751 1654 Υίόν

491 1700 559 1754 Et
582 1700 727 1770 jure.
772 1698 905 1753 Nam
946 1697 993 1753 si
1032 1694 1435 1766 cognovissent,
1472 1707 1752 1762 nunquam
1794 1691 1948 1746 libris
1989 1706 2069 1744 re-

2170 1710 2260 1759 τις
2280 1692 2459 1756 οἶδεν,
2493 1695 2544 1746 εί
2569 1691 2652 1761 μὴ
2682 1695 2714 1746 ό
2735 1691 2955 1760 Πατήρ.
2986 1691 3097 1744 Καὶ
3122 1691 3363 1755 εἰκότως.
3395 1693 3459 1744 Εἰ
3482 1691 3588 1761 γὰρ
3618 1691 3749 1761 ὴπί-

490 1763 618 1847 vera
681 1791 749 1845 ad
806 1763 1161 1845 tentationein
1213 1785 1432 1853 scriptis
1487 1791 1674 1838 contra
1716 1780 1907 1835 Deum.
1952 1795 2069 1835 cre-

2172 1801 2382 1849 σταντο,
2409 1784 2507 1837 οὐκ
2541 1785 2605 1838 ἂν
2637 1786 2757 1847 ταῖς
2782 1783 2948 1846 ὅντως
2980 1783 3116 1854 πρὸς
3147 1782 3447 1854 πειρασμὸν
3479 1781 3620 1836 κατά
3650 1780 3746 1834 τοῦ

490 1885 680 1939 dentes
715 1888 1049 1952 peccassent.
1085 1878 1189 1933 Sed
1230 1888 1282 1932 et
1327 1878 1434 1931 alio
1475 1873 1711 1945 quodam
1744 1872 1798 1926 in
1830 1873 1949 1926 loco
1972 1871 2067 1937 ait,

490 1977 683 2031 volens
716 1973 957 2043 apertius
978 1971 1058 2026 eis
1087 1971 1372 2025 ostendere
1404 1981 1627 2022 causam
1659 1981 1757 2019 cur
1782 1970 2028 2018 errarent
2053 1978 2067 2014 :

493 2064 622 2120 Ideo
650 2065 861 2130 erratis,
907 2064 1186 2117 nescientes
1236 2076 1357 2114 vera
1395 2057 1819 2129 Scripturarum,
1858 2064 2071 2125 propter

490 2156 630 2227 quod
660 2156 916 2225 ignoratis
963 2164 1011 2208 et
1042 2154 1289 2207 virtutem
1326 2150 1422 2205 Dei
1455 2151 1504 2205 ιι.
1536 2149 1802 2217 Quocirca
1851 2156 2066 2227 oportet

494 2257 556 2303 ut
575 2248 950 2312 omnishomo,
972 2247 1063 2316 qui
1089 2245 1272 2300 salvus
1294 2258 1415 2298 esse
1437 2243 1729 2307 desiderat,
1752 2240 1846 2294 fiat
1867 2252 2074 2309 (quem-

492 2340 787 2396 admodum
815 2338 953 2393 dixit
982 2336 1257 2407 Magister)
1280 2336 1447 2407 judex
1478 2336 1741 2389 librorum
1790 2333 1857 2387 ad
1894 2341 2071 2386 tenta-

495 2432 698 2488 tionem
735 2430 1084 2501 scriptorum.
1119 2428 1195 2484 Ita
1235 2429 1380 2483 enim
1433 2428 1648 2482 locutus
1700 2434 1784 2480 est
1826 2443 1841 2480 :
1889 2424 2072 2478 Estote

493 2527 666 2597 probi,
712 2526 1003 2594 trapezita.
1049 2521 1199 2593 Opus
1242 2532 1422 2575 autem
1475 2528 1560 2575 est
1603 2518 1901 2590 trapezitis,
1942 2517 2071 2588 quia

495 2618 684 2688 probis
707 2617 1012 2671 adulterina
1040 2616 1297 2686 permista
1319 2620 1466 2669 sunt.

458 2832 461 2833 ν
565 2793 711 2850 XXI.
738 2792 831 2847 llis
862 2808 892 2846 a
920 2790 1084 2845 Petro
1106 2787 1293 2856 dictis,
1326 2785 1512 2842 Simon
1538 2802 1597 2842 se
1617 2786 1928 2857 perculsum
1958 2801 2072 2841 ser—

498 2902 659 2946 mone
709 2885 775 2939 de
824 2883 1123 2949 Scripturis
1170 2881 1468 2947 simulans,
1506 2890 1765 2951 tanquam
1808 2881 2071 2936 attonitus

497 2979 672 3033 dixit:
725 2977 884 3032 Absit
927 2993 957 3031 a
998 2991 1084 3030 me
1122 2984 1177 3031 et
1215 2974 1284 3029 ab
1311 2975 1499 3029 amicis
1542 2974 1696 3039 meis,
1729 2979 1850 3027 tuos
1883 2974 2073 3029 audire

499 3083 801 3123 sermones.
832 3065 1159 3137 thuaudiu
1185 3062 1402 3135 quidem
1444 3063 1751 3119 nesciebam
1790 3072 1841 3118 te
1864 3063 1966 3119 ista
2004 3065 2072 3119 de

501 3160 796 3231 Scripturis
823 3159 1045 3222 sentire,
1078 3157 1411 3214 sustinebam
1443 3164 1497 3211 et
1521 3157 1892 3226 colloquebar,
1924 3174 2071 3213 nunc

499 3262 681 3309 autem
704 3250 959 3307 abscedo.
989 3248 1313 3319 Oportuerat
1334 3263 1466 3303 sane
1490 3248 1754 3319 principio
1774 3265 1861 3303 me
1886 3264 2069 3304 reces-

506 3345 662 3407 sisse,
715 3343 974 3414 quoniam
1037 3339 1218 3396 audivi
1270 3348 1326 3393 te
1373 3339 1638 3394 dicentem
1673 3357 1687 3394 :
1728 3339 1839 3411 Ego
1882 3349 2071 3394 contra

501 3435 690 3491 mundi
713 3434 1061 3489 Conditorem
1093 3432 1226 3487 nihil
1252 3430 1474 3487 cuilibet
1502 3430 1741 3501 loquenti
1768 3430 1951 3496 credo,
1975 3447 2074 3487 nec

500 3528 726 3597 angelis,
764 3541 862 3581 nec
901 3524 1199 3594 prophetis,
1240 3539 1348 3578 non
1383 3521 1701 3591 Scripturis,
1745 3537 1850 3577 non
1892 3538 2073 3577 sacer-

499 3617 742 3681 dotibus,
778 3632 884 3670 non
926 3614 1261 3681 doctoribus,
1310 3629 1419 3669 non
1461 3613 1558 3667 ulli
1604 3612 1780 3676 alteri,
1823 3612 2073 3683 quamvis

501 3711 657 3780 signa
689 3707 817 3779 quis
846 3707 970 3762 edat
1008 3715 1061 3761 et
1102 3706 1383 3775 prodigia,
1430 3706 1681 3776 quamvis
1722 3706 1777 3759 in
1826 3720 1950 3760 aere
1990 3705 2073 3760 in-

502 3800 730 3869 signiter
756 3798 978 3868 fulgeat,
1004 3797 1086 3851 vel
1110 3812 1205 3867 per
1235 3798 1349 3854 visa
1397 3806 1493 3853 aut
1526 3813 1621 3868 per
1666 3797 1935 3852 insomnia
1982 3812 2072 3853 re-

500 3892 659 3944 velet.
691 3888 825 3954 Quis
854 3903 983 3959 ergo
1016 3896 1066 3942 te
1092 3897 1268 3957 potest
1300 3903 1331 3942 a
1372 3888 1641 3943 sententia
1671 3888 1955 3954 deducere,
1977 3903 2073 3943 seu

503 3980 641 4033 bene
672 3994 768 4033 seu
795 3978 959 4044 male,
978 3986 1036 4031 ut
1058 3978 1203 4032 aliud
1221 3978 1353 4047 quid
1379 3978 1583 4032 sentias
1607 3986 1800 4047 praeter
1816 3992 1939 4048 qua:
1957 3977 2074 4033 visa

505 4079 630 4126 sunt
664 4070 782 4135 tibi,
814 4069 908 4142 qui
939 4069 1076 4125 adeo
1110 4070 1269 4125 enixe
1302 4085 1367 4126 ac
1411 4071 1635 4125 immote
1672 4070 1728 4123 in
1758 4079 1852 4125 tuo
1868 4069 2074 4141 judicio

504 4177 809 4234 permancs.

571 4273 737 4327 XXII.
783 4271 849 4327 Et
887 4271 1081 4328 Petrus
1110 4273 1176 4327 ad
1208 4271 1487 4328 Simonem
1509 4272 1628 4328 haec
1657 4272 1975 4344 loquentem
2008 4288 2073 4330 ac

507 4384 858 4438 egressurum
890 4368 1005 4423 ait:
1034 4368 1230 4424 Adhuc
1259 4368 1385 4423 audi
1410 4384 1441 4424 a
1471 4383 1559 4423 me
1578 4368 1705 4435 hoc,
1733 4375 1790 4423 et
1809 4367 1943 4423 vade
1963 4383 2074 4437 quo

2168 1875 2303 1930 Θεοῦ
2330 1875 2651 1946 γραφείσαις
2686 1873 2889 1945 βίϐλοις
2921 1873 3264 1937 πιστεύοντες
3301 1874 3466 1945 368
3496 1875 3745 1945 ἡμάρτα-

2166 1983 2275 2021 νον.
2320 1965 2480 2019 Ἀλλά
2511 1965 2606 2020 καὶ
2630 1965 2834 2035 ἀλλαχῆ
2867 1980 2971 2016 που
3011 1964 3176 2034 λέγει,
3219 1964 3384 2017 θέλων
3417 1965 3747 2035 σαφέστερον

2168 2058 2349 2122 αὐτοῖς
2378 2058 2476 2130 τὴν
2510 2056 2687 2111 αίτίαν
2722 2056 2820 2127 τῆς
2867 2055 3074 2127 πλάνης
3105 2055 3280 2110 αὐτῶν
3313 2056 3606 2122 ὑποδεῖξαι·
3642 2055 3747 2109 Διὰ

2166 2151 2343 2206 τοῦτο
2385 2148 2698 2205 πλανᾶσθε
2746 2152 2814 2214 ⁸⁸,
2844 2147 2931 2219 μὴ
2993 2148 3217 2216 ειδότες
3262 2148 3336 2202 τὰ
3383 2145 3579 2216 ἀληθῆ
3628 2143 3750 2200 τῶν

2168 2243 2444 2314 Γραφῶν,
2473 2242 2545 2297 οὗ
2572 2242 2773 2296 εἵνεκα
2799 2243 3065 2314 ἀγνοεῖτε
3096 2242 3192 2297 καὶ
3224 2240 3337 2310 τὴν
3358 2242 3611 2309 δύναμιν
3639 2237 3746 2292 τοῦ

2171 2336 2337 2389 Θεοῦ.
2372 2332 2463 2388 Διὸ
2497 2333 2577 2387 δεῖ
2616 2333 2792 2387 πάντα
2822 2334 3102 2405 ἄνθρωπον
3137 2333 3375 2405 σωθῆναι
3407 2331 3620 2386 θέλοντα
3652 2347 3748 2398 γε-

2167 2425 2372 2491 νέσθαι,
2396 2426 2471 2489 ὠς
2495 2426 2525 2480 ό
2548 2426 2875 2491 Διδάσκαλος
2907 2422 3079 2491 εἶπεν,
3113 2427 3303 2498 κριτὴν
3328 2425 3435 2479 τῶν
3455 2424 3591 2497 πρὸς
3622 2441 3746 2475 πει-

2170 2520 2377 2593 ρασμὸν
2405 2519 2716 2590 γραφεισῶν
2744 2502 2958 2590 βίϐλων.
3001 2519 3187 2583 Οῦτως
3226 2518 3334 2589 γὰρ
3361 2514 3514 2571 εἶπεν
3532 2535 3546 2547 ·
3575 2519 3745 2571 Γίνε-

2168 2614 2280 2666 σθε
2306 2607 2635 2677 τραπεζῖται
2675 2609 2922 2679 δόκιμοι.
2955 2608 3303 2682 Τραπεζιτῶν
3346 2609 3403 2662 δέ
3440 2608 3616 2680 χρεία,
3660 2609 3743 2663 ὅτι

2168 2702 2280 2763 τοῖς
2309 2698 2549 2770 δοκίμοις
2580 2699 2675 2753 καὶ
2701 2697 2770 2751 τά
2803 2698 3036 2772 κίδδηλα
3065 2700 3498 2771 ἀναμεμιγμένα.

2241 2790 2380 2845 XXI.
2414 2790 2594 2844 Ταῦτα
2629 2791 2723 2845 τοῦ
2750 2790 2956 2862 Πέτρου
2989 2790 3249 2856 εἰπόντος,
3271 2792 3299 2843 ὁ
3318 2791 3500 2862 Σίμων
3520 2792 3615 2845 ἐπὶ
3634 2792 3744 2853 τοῖς

2172 2883 2383 2957 ῥηθεῖσι
2412 2882 2663 2955 περὶτῶν
2690 2882 2920 2955 Γραφῶν
2947 2882 3453 2954 προσποιησάμενος
3475 2881 3745 2952 ἐκπεπλῆ-

2171 2974 2315 3046 χθαι,
2351 2974 2427 3039 ὡς
2458 2973 2710 3046 πτοηθεὶς
2750 2973 2795 3004 ³³
2827 2972 2967 3044 ἔφη’
3013 2970 3196 3044 Ἀπείη
3242 2990 3330 3044 μοι
3372 2973 3465 3026 καὶ
3497 2977 3611 3036 τοῖς
3646 2974 3743 3043 ἐμὲ

2175 3066 2436 3136 φιλοῦσιν,
2470 3065 2578 3118 τῶν
2617 3064 2725 3118 σῶν
2768 3064 3055 3118 ἐπακούειν
3087 3064 3277 3133 λόγων.
3309 3065 3417 3118 Καὶ
3465 3067 3623 3137 μέχρι
3651 3067 3745 3135 μὲν

2170 3159 2258 3212 ὅτε
2283 3158 2382 3210 οὑκ
2413 3157 2557 3229 ᾔδειν
2588 3174 2647 3210 σε
2678 3156 2850 3209 ταῦτα
2879 3156 3007 3228 περὶ
3032 3156 3138 3210 τῶν
3164 3156 3394 3228 Γραφῶν
3427 3157 3744 3227 φρονοῦντα,

2169 3248 2463 3320 ἠνειχόμην
2489 3249 2583 3302 καὶ
2613 3246 2950 3318 διελεγόμην,
2984 3244 3078 3300 νῦν
3101 3247 3147 3279 ’δ
3165 3247 3221 3300 δὲ
3246 3246 3564 3318 ἀφίσταμαι.
3601 3249 3744 3301 Ἔδει

2174 3337 2355 3407 μέντοι
2394 3337 2493 3408 τὴν
2544 3337 2716 3409 ἀρχὴν
2757 3337 3108 3409 ὑποχωρῆσαί
3153 3353 3239 3409 με,
3283 3338 3364 3391 ὃτι
3401 3337 3611 3408 ἤκουσά
3652 3356 3742 3391 σου

2170 3427 2415 3497 λέγοντος
2433 3445 2448 3459 ·
2486 3428 2624 3497 Ἐγὼ
2647 3427 2786 3481 κατὰ
2805 3427 2899 3481 τοῦ
2928 3428 3209 3492 κτίσαντος
3241 3428 3331 3482 τὸν
3372 3431 3573 3501 κόσμον
3597 3432 3745 3485 οὐδὲν

2169 3519 2343 3573 οὐδενὶ
2371 3518 2609 3573 πιστεύω
2631 3519 2864 3589 λέγοντι,
2900 3517 3022 3572 οὔτε
3066 3521 3333 3589 ἀγγέλοις,
3374 3521 3495 3574 οὔτε
3536 3524 3745 3593 προφή-

2170 3627 2309 3675 ταις,
2341 3610 2401 3664 of)
2429 3611 2688 3683 Γραφαῖς,
2718 3610 2815 3680 οὐχ
2858 3611 3112 3680 ἱερεῦσιν,
3146 3614 3207 3666 ού
3244 3614 3601 3681 διδασκάλοις,
3646 3618 3745 3669 οὐκ

2172 3703 2316 3773 ἄλλῳ
2358 3704 2552 3769 οὐδενὶ,
2585 3704 2690 3758 κᾶν
2737 3706 2940 3776 σημεῖά
2976 3724 3061 3770 τις
3106 3707 3198 3760 καὶ
3235 3708 3434 3780 τέρατα
3466 3714 3613 3782 ποιῇ,
3644 3710 3745 3764 κᾶν

2172 3795 2231 3847 ἐν
2277 3793 2396 3867 ἀέρι
2437 3796 2711 3865 ἐπιφανῶς
2751 3798 3056 3873 ἀστράπτῃ,
3102 3799 3134 3870 ἢ
3185 3799 3251 3852 δι’
3288 3802 3578 3872 ὁραμάτων
3619 3804 3745 3874 ῆδι*

2172 3884 2436 3939 ἐνυπνίων
2466 3884 2841 3961 ἀποκαλύπτῃ.
2890 3889 2986 3952 Τίς
3018 3886 3111 3943 οῦν
3147 3906 3207 3942 σε
3244 3894 3565 3961 μεταπεῖσαι
3592 3892 3745 3947 δύνα-

2172 3994 2263 4030 ται
2290 3976 2357 4041 ’⁸,
2390 3977 2499 4030 είτε
2533 3977 2712 4042 καλῶς
2760 3978 2870 4032 εἴτε
2913 3980 3097 4044 κακῶς
3132 3981 3198 4046 ’⁸,
3226 3981 3410 4055 ἕτερόν
3441 4002 3493 4038 τι
3532 3990 3742 4057 φρονεῖν

2176 4068 2327 4140 παρά
2352 4067 2422 4121 τὰ
2445 4068 2671 4137 δόξαντά
2703 4088 2805 4135 σοι,
2846 4073 3078 4144 ἰσχυρῶς
3098 4073 3239 4127 οὕτω
3269 4076 3311 4107 ’⁷
3347 4077 3441 4129 καὶ
3477 4077 3744 4151 ἀκινήτως

2174 4158 2241 4227 τῇ
2267 4154 2493 4209 σεαυτοῦ
2525 4157 2722 4226 γνώσει
2751 4159 3151 4233 ἐνδιαμένοντα.

2244 4268 2409 4340 369
2442 4268 2609 4326 XXII.
2650 4271 2758 4325 Καὶ
2784 4273 2813 4325 ὁ
2838 4273 3044 4346 Πέτρος
3068 4274 3240 4330 ταῦτα
3271 4278 3475 4333 εἰπόντι
3527 4278 3604 4352 τῷ
3650 4280 3741 4334 Σί-

2177 4382 2337 4437 μωνι,
2361 4363 2629 4419 ἐκϐαίνειν
2660 4365 2926 4438 μέλλοντι,
2957 4366 3061 4439 ἔφη
3082 4383 3096 4397 ⁸
3125 4370 3244 4422 Ἔτι
3269 4370 3424 4423 τοῦτὸ
3454 4389 3554 4443 μου
3579 4373 3742 4426 ἀνου-

506 4462 683 4531 cupis.
726 4460 952 4517 Simone
996 4476 1128 4518 vero
1181 4474 1447 4516 converso
1491 4475 1558 4516 ac
1605 4469 1941 4528 remanente,
1966 4459 2069 4516 Pe-

2178 4474 2290 4521 σον,
2317 4456 2413 4510 καὶ
2461 4456 2693 4530 πορεύου
2728 4458 2863 4511 ὅπου
2888 4458 3079 4523 θέλεις.
3123 4460 3228 4513 Τοῦ
3270 4461 3326 4514 δὲ
3361 4462 3602 4533 Σίμωνος
3623 4464 3746 4517 ἐπι-

506 4563 626 4610 trus
664 4551 869 4620 :Novi,
896 4553 1092 4623 inquit,
1116 4568 1227 4624 quo
1270 4552 1434 4608 modo
1485 4561 1617 4608 tunc
1665 4551 1897 4608 audiens
1947 4568 2065 4622 per-

504 4648 695 4702 culsus
737 4646 837 4713 sis,
886 4645 1017 4716 quia
1073 4645 1237 4700 dixi:
1279 4644 1606 4714 Quicunque
1654 4652 1843 4699 contra
1900 4642 2068 4699 Deum

506 4736 693 4791 mundi
722 4745 1023 4792 creatorem
1048 4735 1332 4806 quodlibet
1360 4734 1577 4790 locutus
1609 4733 1793 4801 fuerit,
1817 4749 1923 4788 non
1951 4750 2073 4791 cre-

2172 4547 2502 4619 πραφέντος
2552 4550 2645 4602 καὶ
2689 4550 3087 4623 ἐπιμείναντος,
3127 4551 3155 4603 ό
3194 4553 3400 4624 Πέτρος
3450 4554 3582 4626 ἔφη·
3615 4552 3745 4609 Οἶδα

2172 4639 2293 4703 πῶς
2322 4640 2443 4693 τότε
2474 4641 2687 4695 ἀκούων
2737 4643 3109 4715 κατεπλάγης,
3157 4646 3301 4698 an”
3341 4644 3522 4700 εἷπον·
3559 4649 3746 4712 Ὅστις

2168 4733 2288 4784 ποτ’
2322 4730 2388 4785 ἂν
2474 4732 2616 4786 κατὰ
2636 4733 2730 4787 τοῦ
2752 4733 2842 4787 τὸν
2871 4736 3073 4807 κόσμον
3107 4738 3389 4802 κτίσαντος
3412 4738 3547 4792 Θεοῦ
3572 4738 3745 4808 λέγων

506 4825 599 4880 do.
646 4822 803 4881 Nunc
848 4826 974 4880 audi
1024 4826 1248 4894 insuper
1298 4824 1477 4893 majus
1507 4823 1710 4894 aliquid
1736 4822 1833 4879 :Si
1884 4840 2069 4880 revera

2170 4823 2371 4889 ὁτιοῦν,
2406 4826 2468 4879 οὐ
2502 4826 2763 4883 πιστεύω.
2799 4827 2871 4881 Τὸ
2892 4830 2937 4859 ³⁸
2964 4828 3021 4882 δὲ
3072 4830 3165 4882 ἐπὶ
3205 4830 3393 4884 τούτου
3434 4833 3617 4904 μεῖζον
3650 4832 3746 4888 νῦν

506 4917 601 4986 qui
657 4917 923 4971 mundum
971 4916 1176 4972 creavit
1230 4914 1376 4971 Deus
1431 4930 1497 4970 eo
1546 4916 1732 4970 animo
1766 4924 1931 4981 esset,
1961 4931 2069 4986 quo

2172 4917 2422 4973 ἄκουσον.
2462 4918 2587 4973 Ἐὰν
2612 4918 2691 4991 τῷ
2709 4921 2823 4973 δντι
2854 4920 2883 4973 ό
2911 4920 3003 4974 τὸν
3036 4921 3240 4993 κόσμον
3265 4922 3456 4987 κτίσας
3487 4925 3618 4987 Θεὸς
3645 4925 3746 4995 τὴν

512 5007 813 5078 Scriptura:
841 5007 1122 5075 denotant,
1150 5006 1282 5076 quin
1304 5006 1463 5069 adeo,
1496 5005 1544 5062 si
1574 5005 2074 5076 incomparabiliter

575 5151 604 5181 ι
635 5138 825 5196 Matth.
868 5157 948 5209 ιι,
976 5140 1068 5197 27.
1142 5140 1171 5182 δ
1194 5138 1362 5195 Marc.
1394 5156 1496 5208 xu,
1520 5138 1610 5196 24.

2178 5010 2401 5083 γνώμην
2444 5012 2684 5078 τοιοῦτος
2706 5014 2752 5046 ³⁸
2777 5012 2853 5068 ὣν
2897 5014 3161 5087 τυγχάνῃ,
3194 5018 3375 5070 ὁποῖον
3424 5018 3482 5070 aI
3529 5018 3746 5089 Γραφαὶ

1656 5306 1669 5311 ,ν
1762 5249 1995 5307 VARUE
2035 5249 2433 5314 LECTIONES.

578 5366 621 5437 ξε
637 5362 756 5435 Θεῷ
787 5363 889 5431 ιεςί
920 5364 1035 5418 vult
1061 5362 1125 5417 ι).
1205 5365 1247 5397 ¹⁹
1286 5360 1353 5437 δι’
1438 5363 1497 5421 C.
1526 5363 1665 5437 Tum
1693 5332 2017 5437 ἀμετάθετοι
2042 5367 2084 5420 0
2113 5435 2120 5437 _
2153 5376 2208 5421 et
2236 5382 2303 5422 ex
2331 5365 2563 5436 conject.
2591 5363 2675 5437 βπ
2710 5366 3043 5437 ἀμετάθετον
3091 5368 3231 5425 idem
3276 5371 3330 5426 in
3370 5380 3539 5426 textu.
3613 5372 3720 5427 "0

505 5436 631 5489 exh.
669 5434 736 5504 με
758 5443 1086 5504 expunctum
1120 5444 1241 5504 post
1261 5434 1443 5489 αὐτόν.

1545 5434 1754 5506 ²¹λέγοι
1781 5437 1823 5506 Q
1888 5452 1949 5490 c.-
1987 5434 2026 5489 S
2054 5476 2069 5499 ,
2112 5435 2285 5506 λέγων
2321 5437 2403 5492 C-

2487 5438 2531 5468 ²²
2553 5433 2851 5489 πλανᾶσθαι
2885 5443 2947 5491 υ.
2986 5437 3124 5492 Τυηι
3163 5442 3371 5494 εἵνεκεν
3400 5440 3441 5498 C
3496 5443 3643 5496 hom.
3678 5460 3742 5504 ιι.

507 5505 606 5580 iii;
640 5521 721 5580 in,
753 5505 841 5580 59.
920 5504 1349 5580 "itetgiieic_9._
1391 5505 1437 5538 ’δ
1452 5504 1533 5580 τά
1562 5504 1657 5580 νῦν
1681 5521 1732 5580 p.
1766 5505 1859 5580 νῦν
1888 5509 1950 5580 0.
1998 5509 2071 5580 ,³⁵
2092 5504 2349 5580 μεταπεις
2371 5509 2509 5576 (seq.
2552 5504 2923 5580 Iacuna)_a:at
2970 5525 3021 5578 p.
3079 5515 3399 5580 μεταπεῖσαι
3429 5512 3648 5566 δύναται
3678 5514 3741 5566 0.

507 5575 552 5606 "
570 5546 731 5637 λαλδξ
754 5575 861 5627 εἴτε
893 5574 1058 5638 κακός

1235 5574 2128 5665 "39".w29-.$"'21_'_'99etesia
2159 5574 2386 5665 lecirez
2404 5574 2581 5665 alii
2609 5590 2669 5665 Ρ·
2688 5577 2824 5665 σκαι.
2844 5574 3206 5665 “admisti
3237 5586 3299 5662 9o
3316 5653 3350 5665 ,.
3378 5584 3520 5665 ’⁸9η
3546 5581 3591 5665 _.S
3618 5622 3633 5647 ν
3661 5584 3744 5639 δτι

508 5643 544 5719 ἀ
570 5648 611 5697 0
636 5714 647 5719 _
671 5653 725 5699 et
748 5645 810 5719 in
838 5643 1113 5719 _testu_C,
1143 5644 1238 5719 qui
1273 5646 1418 5719 conj.
1446 5638 1535 5719 δτι
1573 5645 1656 5719 ἄν.
1694 5645 1933 5701 Subinde
1974 5638 2123 5719 εἶπεν
2152 5653 2217 5719 κο.
2250 5638 2393 5700 Idem
2416 5645 2509 5719 _&v
2602 5638 2650 5699 ὁ.
2677 5644 2724 5719 Δ8
2754 5686 2768 5708 ,
2797 5646 2862 5719 ἂν
2895 5646 2943 5702 εί
2972 5638 3031 5711 C.
3094 5638 3265 5706 ἠιῖοῦ
3312 5653 3374 5707 (ἶ.
3430 5638 3741 5710 Lectiouem

506 5712 854 5769 Omboniani
913 5714 1058 5785 conj.
1096 5712 1259 5770 etiam
1296 5716 1353 5770 S.
1380 5712 1394 5718 ⁷
1444 5716 1487 5748 ³ο
1503 5715 1740 5770 τοιοῦτον
1762 5720 1803 5772 0
1833 5757 1847 5782 ,
1877 5718 2116 5788 τυγχάνῃ
2149 5718 2289 5774 idem
2330 5732 2379 5771 c.
2412 5715 2450 5771 S
2478 5757 2492 5782 ,
2523 5712 2777 5787 τυγχάνει
2802 5718 2865 5774 C.
