4040 6146
357 335 457 390 BI

1402 320 1862 379 CLEMENTINA.
1896 351 1966 361 —
2007 315 2288 372 IIOMILIA
2319 313 2458 369 XIX.

3499 312 3607 370 422

360 449 773 520 καταλέγουσιν,
804 446 901 502 καὶ
924 449 972 500 εί
993 443 1168 508 ἄλλως
1201 459 1318 507 πως
1341 438 1744 513 ἀπαραϐλήτως
1769 437 1935 499 κακός

2054 442 2185 489 asset
2229 431 2429 500 malus,
2463 440 2522 486 ut
2562 445 2664 486 nec
2715 427 3014 500 Scriptum
3063 430 3247 485 dicere
3294 429 3604 498 valuerunt,

360 543 533 606 ἐστιν,
561 540 639 604 ὼς
667 537 791 593 οὔτε
814 539 874 593 ai
916 536 1132 609 Γραφαὶ
1161 535 1334 588 εἰπεῖν
1359 532 1606 602 ἴσχυσαν,
1634 527 1757 582 οὔτε
1780 527 1938 590 ἄλλος

357 653 447 700 τις
470 633 574 690 κᾶν
600 631 853 701 ἐννοῆσαι
873 628 1098 692 δυνατός
1129 630 1299 689 ἐστιν,
1325 624 1525 696 ὁμοίως
1546 620 1656 691 ἐγὼ
1677 620 1778 674 οὐκ
1801 619 1944 672 ἀπο-

362 730 632 800 στήσομαι
681 723 778 778 τοῦ
795 724 838 755 ³⁸
885 721 1046 776 αὑτὸν
1099 720 1258 792 μόνον
1305 716 1504 780 σέϐειν,
1533 715 1628 769 καὶ
1671 712 1734 766 τὸ
1773 710 1937 766 αὐτοῦ

363 820 612 893 βούλημα
640 819 832 872 ποιεῖν.
862 814 1076 869 Εἰδέναι
1109 813 1212 882 γάρ
1247 828 1306 864 σε
1330 808 1466 863 θέλω
1497 806 1594 860 καὶ
1626 802 1938 866 πεπεῖσθαι,

361 915 444 968 ὅτι
477 914 507 966 6
533 914 612 975 είς
633 910 726 964 τὸν
772 907 936 962 αὑτοῦ
983 907 1216 978 ποιητὴν
1244 903 1344 957 οὐκ
1372 901 1510 972 ἔχων
1549 897 1802 970 στοργὴν,
1829 895 1940 949 οὐδ’

361 1009 443 1070 είς
470 1005 657 1076 ἕτερον
686 1001 829 1072 ἔχειν
858 1000 989 1054 ποτὲ
1016 998 1257 1053 δύναται.
1283 997 1346 1049 El
1364 994 1426 1048 δὲ
1451 993 1564 1064 ἔχει
1586 991 1630 1022 ³¹
1653 989 1791 1062 πρὸς
1815 988 1936 1040 ἓτε-

368 1117 479 1171 ρον,
517 1096 670 1169 παρὰ
701 1095 862 1167 φύσιν
895 1095 1054 1166 ἔχων,
1097 1094 1163 1146 ὲκ
1201 1086 1438 1159 πονηροῦ
1466 1085 1559 1138 τὸν
1605 1083 1715 1136 τῶν
1741 1080 1941 1136 ἀδίκων

366 1191 543 1263 ἔρωτα
588 1189 726 1260 ἔχων
757 1188 960 1258 ἀγνοεῖ,
991 1187 1067 1249 ὼς
1102 1183 1223 1256 μηδ’
1247 1183 1453 1234 ἐκεῖνον
1501 1175 1733 1248 βεϐαίως
1775 1173 1945 1244 φυλά-

368 1281 455 1348 ξαι
478 1281 790 1353 δυνάμενος.
826 1280 936 1333 Kal
964 1280 1012 1332 εί
1037 1278 1146 1350 ἄρα
1191 1275 1307 1328 ἐστί
1354 1289 1440 1336 τις
1478 1271 1663 1341 ἕτερος
1689 1267 1830 1340 ὑπὲρ
1851 1266 1944 1320 τὸν

359 1372 714 1445 Δημιουργὸν,
743 1359 1060 1437 ἀποδέξεταί
1083 1369 1128 1400 ³³
1159 1385 1226 1439 με
1266 1366 1344 1429 ὡς
1378 1361 1583 1432 ἀγαθὸς
1606 1359 1777 1431 ταύτῃ
1809 1359 1946 1429 μᾶλ-

365 1465 476 1529 λον,
507 1466 591 1519 ὅτι
618 1464 709 1518 τὸν
743 1462 874 1534 ὲμδν
894 1461 1094 1531 ἀγαπῶ
1127 1459 1358 1531 πατέρα,
1395 1457 1455 1510 σὲ
1479 1455 1537 1510 δὲ
1567 1454 1667 1508 οὐκ
1684 1451 1943 1517 ἀποδέξε-

365 1576 458 1612 ται
489 1555 672 1620 εἰδὼς,
709 1557 790 1609 ὅτι
825 1555 917 1608 τὸν
961 1553 1122 1624 φύσει
1167 1569 1260 1606 σου
1296 1549 1548 1620 ποιητὴν,
1575 1546 1636 1600 ού
1662 1545 1772 1616 γὰρ
1799 1543 1944 1612 λέγω

366 1649 582 1720 πατέρα
596 1648 661 1711 ³⁸,
691 1647 978 1709 κατέλιπες
996 1647 1082 1699 ἐπ’
1108 1643 1280 1697 ὲλπίδι
1310 1638 1534 1713 μείζονι,
1559 1638 1620 1692 οὐ
1654 1635 1945 1710 φροντίσας

366 1740 463 1793 τοῦ
488 1739 728 1808 εὐλόγου.
747 1737 934 1801 Οὕτως
953 1740 1002 1792 εί
1023 1737 1118 1790 καὶ
1136 1733 1299 1789 αὑτοῦ
1319 1731 1603 1804 κρείττονα
1623 1730 1682 1783 εύ
1691 1729 1858 1800 ρήσῃς
1878 1727 1945 1790 ³⁵,

2039 540 2214 595 neque
2241 525 2382 580 alius
2400 523 2525 595 quis
2549 523 2634 578 vel
2663 523 2904 593 cogitare
2930 532 3128 592 potest,
3159 524 3274 594 pari
3301 540 3406 595 ego
3443 524 3609 579 modo

2039 631 2149 671 non
2184 613 2507 672 desisterem
2533 629 2658 670 eum
2683 613 2864 668 solum
2895 612 3098 679 colere,
3131 615 3386 686 illiusque
3416 615 3612 670 volun-

2039 714 2206 762 tatem
2245 721 2488 762 servare.
2545 703 2700 762 Scire
2738 704 2886 759 enim
2932 714 2985 760 te
3032 705 3156 759 volo
3181 722 3246 761 ac
3284 722 3606 776 persuasum

2040 797 2264 864 habere,
2289 812 2414 853 eum
2445 797 2540 870 qui
2565 798 2620 854 in
2645 806 2928 854 auctorem
2959 813 3119 853 suum
3151 797 3470 854 charitatem
3499 815 3610 854 non

2042 887 2225 954 habet,
2277 903 2456 959 neque
2505 888 2558 943 in
2609 889 2782 944 alium
2847 903 3010 959 posse
3058 897 3302 958 un’quam
3380 891 3607 947 habere.

2042 979 2198 1046 Quod
2231 981 2277 1035 si
2309 996 2438 1051 erga
2469 981 2638 1036 alium
2668 981 2942 1046 habuerit,
2979 989 3170 1036 contra
3222 991 3471 1037 naturam
3516 983 3616 1038 ha-

2044 1069 2199 1136 bens,
2224 1070 2438 1142 ignorat
2464 1086 2524 1125 se
2555 1086 2587 1125 a
2617 1072 2764 1126 malo
2787 1071 2987 1127 habere
3011 1085 3255 1125 amorem
3284 1073 3378 1142 qui
3399 1072 3616 1143 iniquo-

2045 1178 2167 1217 rum
2198 1171 2301 1226 est,
2332 1162 2427 1218 sed
2467 1177 2568 1219 nec
2614 1164 2816 1233 poterit
2853 1164 3006 1218 illum
3067 1163 3296 1218 ﬁrmiter
3318 1164 3614 1220 custodire.

2044 1251 2220 1318 Atque
2249 1252 2296 1306 si
2323 1261 2408 1307 est
2437 1252 2638 1321 aliquis
2667 1253 2810 1308 alius
2841 1267 3007 1322 super
3039 1250 3380 1320 Creatorem,
3407 1253 3616 1322 ample-

2046 1350 2224 1398 ctetur
2266 1358 2374 1408 me,
2401 1352 2460 1398 ut
2492 1343 2692 1410 bonus,
2738 1359 2805 1399 eo
2839 1345 3014 1415 magis
3050 1346 3180 1416 quia
3230 1360 3410 1399 meum
3446 1345 3616 1416 diligo

2045 1443 2276 1506 patrem,
2302 1444 2353 1490 te
2375 1450 2507 1490 vero
2541 1451 2649 1490 non
2682 1436 2926 1506 recipiet,
2956 1437 3050 1507 qui
3085 1437 3240 1503 sciat,
3265 1425 3411 1507 (ιιιοὰ
3459 1447 3621 1492 natu—

2021 1525 2217 1580 -ralem
2245 1533 2399 1579 tuum
2428 1533 2729 1592 auctorem,
2759 1540 2869 1580 non
2916 1526 3064 1580 enim
3096 1527 3221 1581 dico
3253 1536 3485 1598 patrem.
3515 1528 3615 1582 de-

2048 1615 2364 1687 reliqueris,
2391 1631 2488 1686 per
2515 1632 2668 1686 spem
2707 1616 2972 1687 majorem
3023 1633 3135 1672 non
3179 1619 3449 1674 sollicitus
3479 1620 3620 1690 aequi

2047 1715 2105 1763 et
2133 1707 2296 1779 juris.
2324 1706 2403 1763 Ita
2433 1708 2482 1763 si
2503 1722 2570 1763 eo
2597 1708 2866 1778 potiorem
2892 1708 3164 1776 invenias,
3192 1710 3372 1766 scitse
3400 1726 3622 1781 quoque

372 1829 513 1887 οἶδεν
539 1797 704 1903 θάο
727 1831 807 1883 ὅτι
837 1797 932 1883 καί
951 1828 1111 1883 αὑτὸν
1137 1797 1480 1894 καταλείίςῐωις
1514 1821 1666 1885 ποτὲ,
1687 1797 1781 1873 καὶ
1801 1797 1950 1890 -μᾶλ-

2054 1815 2083 1854 a
2114 1807 2168 1854 te
2197 1798 2582 1866 deserendum,
2607 1813 2672 1854 eo
2701 1797 2919 1855 facilius
2946 1801 3092 1870 quod
3130 1811 3257 1857 tuus
3280 1817 3388 1856 non
3421 1802 3493 1857 sit
3517 1818 3618 1872 pa-

371 1925 461 1980 λον
497 1926 576 1978 ὅτι
609 1925 682 1996 μὴ
709 1922 902 1993 γέγονέ
937 1939 1030 1976 σου
1067 1921 1269 1992 πατὴρ,
1311 1918 1473 1971 ὁπότε
1511 1915 1606 1969 καὶ
1649 1913 1740 1968 τὸν
1781 1913 1951 1976 ὅντως

374 2034 468 2071 σου
497 2016 708 2086 πατέρα
731 2015 1039 2078 κατέλιπες.

442 2111 633 2164 XXIII.
669 2108 804 2162 Ἀλλ’
827 2108 995 2179 ἐρεῖςο
1023 2102 1174 2159 Οἶδεν
1199 2102 1392 2158 ὅτιούκ
1424 2100 1569 2154 ἔστιν
1600 2099 1786 2169 ἕτερος
1809 2095 1950 2168 ὑπὲρ

375 2202 558 2264 αὐτὸν,
592 2202 686 2255 καὶ
709 2200 797 2254 διὰ
823 2197 983 2253 τοῦτο
1023 2195 1450 2265 καταλειφθῆναι
1475 2193 1536 2246 οὐ
1559 2190 1801 2244 δύναται.
1838 2187 1952 2241 Χά-

381 2312 465 2367 ρις
491 2290 584 2348 οὖν
623 2292 703 2363 τῷ
738 2293 812 2364 μὴ
841 2288 1006 2345 εἶναι·
1031 2289 1100 2343 τὰ
1124 2289 1181 2342 δὲ
1206 2287 1308 2357 τῆς
1338 2284 1563 2357 γνώμης
1597 2279 1738 2337 οἶδεν
1759 2281 1952 2352 ἕτοιμα

376 2386 517 2460 πρὸς
557 2383 971 2456 ἀγνωμοσύνην.
1003 2383 1066 2435 El
1100 2381 1163 2435 δὲ
1210 2378 1367 2442 εἰδὼς
1396 2375 1692 2448 ἀγνώμονα
1719 2384 1778 2428 σε
1814 2374 1952 2428 ἀπο-

374 2478 612 2549 δέχεται,
661 2475 760 2548 ὲμὲ
805 2476 863 2531 δὲ
889 2472 1206 2545 εὐγνώμονα
1256 2470 1616 2541 ἐπιστάμενος
1641 2469 1702 2521 ού
1735 2467 1955 2538 προσίε-

379 2588 470 2625 τα,
515 2568 798 2639 ἀλόγιστός
824 2570 940 2622 ἐστι
968 2567 1109 2621 κατὰ
1155 2565 1247 2618 τὸν
1281 2564 1372 2618 σὺν
1405 2562 1581 2632 λόγον,
1625 2559 1703 2632 τῷ
1750 2559 1955 2630 εὐλόγῳ

385 2666 459 2736 μὴ
485 2662 844 2736 κεχρημένος.
876 2659 1033 2714 Οὕτω
1059 2657 1344 2730 πονηρίας,
1371 2650 1417 2709 ὦ
1449 2656 1651 2727 Σίμων,
1686 2652 1956 2725 ὑπουργὸς

379 2757 456 2811 ὣν
485 2757 715 2825 ἀγνοεῖς.
751 2753 863 2807 Kal
896 2753 924 2805 6
953 2753 1132 2823 Σίμων
1176 2749 1537 2820 ἀπεκρίνατο·
1563 2746 1733 2801 Πόθεν
1773 2740 1868 2798 οὖν
1894 2743 1956 2797 τδ

377 2847 614 2919 πονηρὸν
641 2846 902 2915 πέφυκεν,
934 2843 1051 2897 εἰπὲ
1073 2846 1226 2914 ἡμῖν.
1248 2842 1357 2895 Kal
1383 2842 1411 2893 6
1440 2841 1671 2914 Πέτροςο
1717 2839 1937 2911 Ἐπειδὴ

382 2941 642 3011 σήμερον,
671 2937 796 3009 ἔφη,
833 2935 1104 2990 ἐκϐαίνειν
1129 2934 1391 3004 ἔφθασας,
1419 2935 1514 2989 καὶ
1545 2934 1682 3006 ἔφης
1716 2934 1810 2988 τοῦ
1851 2933 1958 2989 λοι-

381 3029 486 3084 ποῦ
528 3031 605 3095 ὼς
656 3028 975 3101 βλασφήμου
1028 3026 1100 3098 μὴ
1141 3026 1357 3081 ἀκούειν
1408 3026 1566 3098 ἐμοῦ,
1600 3027 1806 3096 αὔριον,
1840 3028 1957 3096 εῐγε

383 3122 542 3194 θέλῃς
559 3122 604 3153 ³⁸
637 3120 848 3193 μαθεῖν,
871 3118 1077 3173 ἐλθόντι
1099 3119 1450 3191 ὑφηγήσομαι
1474 3119 1540 3182 ³⁷,
1561 3119 1655 3173 καὶ
1676 3119 1752 3183 ὡς
1777 3117 1952 3182 θέλεις
1984 3154 2026 3210 C

383 3213 737 3284 ὲξετασθῆναί
768 3229 836 3284 με
865 3213 1206 3283 συγχωρήσω
1238 3212 1365 3266 ἄνευ
1415 3212 1758 3282 φιλονεικίας.
1793 3213 1904 3267 Kal
1929 3213 1958 3266 6

385 3307 568 3378 Σίμων
584 3306 689 3377 ἐφη
703 3322 718 3335 ·
737 3305 823 3368 Ὠς
846 3305 911 3359 ἄν
936 3320 1025 3374 μοι
1044 3302 1169 3374 δόξῃ
1192 3305 1422 3376 ποιήσω.
1443 3305 1550 3357 Kal
1561 3302 1703 3357 τοῦτ’
1728 3304 1773 3336 ⁸⁸
1791 3303 1960 3358 εἰπὼν

385 3397 676 3471 ἐπορεύθη.
709 3395 830 3449 Τῶν
855 3395 912 3448 δὲ
948 3395 1388 3449 πνεισελθὸντων
1419 3394 1569 3466 αὐτῷ
1624 3395 1798 3458 οὐδεὶς
1833 3412 1959 3449 συν-

387 3489 626 3561 εξῆλθεν,
652 3489 786 3543 ἀλλὰ
805 3491 919 3551 τοῖς
947 3488 1075 3541 ποσὶ
1108 3487 1508 3559 προσπεσόντες
1524 3488 1732 3559 Πέτρου
1753 3486 1959 3557 ἠξίουν,

388 3583 482 3635 ἐπὶ
504 3581 584 3654 τῷ
604 3582 648 3614 ³⁸
679 3580 1059 3653 συνηρπάσθαι
1076 3580 1155 3652 τῷ
1185 3581 1388 3652 Σίμωνι
1411 3578 1739 3651 συγγνώμης
1761 3579 1963 3651 τυγχα-

385 3691 518 3739 νειν,
551 3675 644 3728 καὶ
692 3673 1052 3743 ἀποδεχθῐψαι
1108 3672 1519 3744 μετανοοῦντας.
1558 3672 1615 3726 '0
1654 3671 1961 3764 δὲιΠέτρος

387 3767 747 3840 προσιέμενος
764 3765 809 3798 ⁸ο
843 3764 1040 3829 αὐτούς
1088 3783 1148 3819 τε
1197 3767 1324 3830 τοὺς
1374 3761 1841 3838 μεταμελομένους
1869 3761 1963 3818 καὶ

387 3859 516 3922 τοὺς
543 3859 733 3922 ἄλλους
761 3857 969 3930 ὄχλους,
1002 3857 1239 3930 ἐπέθηκε
1261 3857 1362 3920 τὰς
1383 3861 1570 3929 χεῖρας
1582 3857 1624 3888 ⁸¹
1649 3855 1960 3927 εὐχόμενος,

389 3952 485 4007 καὶ
515 3951 740 4023 ίώμενος
762 3948 940 4002 αὐτῶν
967 3950 1096 4013 τοὺς
1115 3949 1443 4020 πάσχοντας,
1467 3949 1562 4003 καὶ
1579 3947 1752 4010 οὕτως
1771 3947 1817 3980 ι’
1828 3946 1964 4000 ἀπο-

388 4043 530 4097 λύων
567 4041 943 4114 παρήγγελλεν
964 4041 1166 4104 αὐτοῖς,
1192 4041 1319 4112 περὶ
1341 4041 1432 4094 τὸν
1455 4040 1648 4112 ὄρθρον
1692 4037 1959 4110 ταχύνειν.

389 4136 503 4189 Kal
551 4134 694 4187 τοῦτ’
721 4133 766 4166 ’⁵³
815 4133 972 4205 371
1027 4132 1194 4186 εἰπὼν
1239 4134 1334 4186 καὶ
1369 4131 1623 4186 εἰσελθὼν
1674 4130 1813 4203 μετά
1852 4131 1964 4185 τῶν

393 4230 640 4301 συνήθων
671 4229 741 4281 τὰ
773 4227 998 4282 εἰωθότα
1042 4227 1179 4298 πρὸς
1220 4227 1319 4297 τὴν
1362 4225 1684 4294 ἐπείγουσαν
1732 4223 1965 4295 ἡσυχίαν

391 4324 672 4394 ἐποίησεν,
697 4321 1109 4390 καταλαϐούσης
1132 4319 1387 4390 ἑσπέρας.

967 4566 1227 4620 ὈΜΙΛΙΑ
1265 4565 1363 4619 18'.
1579 4611 1587 4616 .

465 4665 508 4719 Ι.
548 4661 662 4732 Τῆς
685 4660 743 4714 δὲ
768 4659 931 4732 ἄλλης
955 4659 1166 4732 ἡμέρας
1189 4657 1235 4689 ⁸⁸
1256 4657 1350 4729 ὀρθ
1361 4656 1622 4729 ριαίτερον
1642 4652 1914 4727 προελθὼν
1935 4654 1965 4708 6

395 4757 623 4827 Πέτρος,
641 4755 734 4808 καὶ
765 4752 886 4807 ἰδὼν
915 4753 1010 4806 τὸν
1037 4751 1254 4821 Σίμωνα
1279 4751 1375 4803 σὺν
1408 4748 1586 4811 ἄλλοις
1609 4748 1820 4810 πολλοῖς
1839 4746 1966 4800 ἀνα-

400 4848 627 4918 μένοντα
648 4845 827 4906 αὑτὸν,
847 4841 1289 4916 προσαγορεύσας
1313 4840 1374 4893 τὸ
1398 4841 1600 4912 πλῆθος
1623 4839 1822 4912 ἤρξατο
1850 4838 1966 4892 δια-

394 4936 824 5006 λέγεσθαι.“Αμα
840 4935 896 4988 δὲ
910 4933 990 5004 τῷ
1004 4931 1269 5005 ἄρξασθαι
1299 4931 1327 4983 6
1352 4929 1533 5001 Σίμων
1560 4929 1797 5000 ἐκκόψας
1825 4927 1961 5000 ἔφη·

398 5030 483 5083 Τὰ
507 5029 692 5102 μακρά
718 5047 811 5082 σου
830 5027 1000 5081 ταῦτα
1014 5025 1212 5097 παρεὶς
1237 5023 1492 5095 προοίμια
1506 5023 1586 5086 είς
1604 5023 1664 5074 τὺ
1681 5021 1970 5094 προκείμε-

398 5139 490 5176 νον
521 5120 903 5192 πυνθανομένῳ
936 5136 1026 5191 μοι
1070 5117 1360 5191 ἀπόκριναι
1383 5114 1450 5168 ⁵⁸.
1496 5113 1715 5186 Ἐπειδὴ
1761 5112 1964 5168 συννοῶ

1987 4493 2041 4555 D

2053 1900 2152 1957 ter,
2183 1890 2627 1960 quandoquidem
2655 1900 2711 1946 et
2745 1907 2932 1947 verum
2977 1901 3131 1947 tuum
3172 1903 3382 1963 patrem
3417 1895 3619 1951 dereli-

2121 2072 2311 2129 XXIII.
2348 2072 2453 2129 Sed
2497 2071 2880 2129 dices:Novit
2927 2091 3038 2130 non
3085 2091 3210 2132 esse
3259 2076 3426 2132 alium
3457 2091 3625 2146 supra

2051 2181 2130 2233 se,
2164 2165 2398 2236 ideoque
2445 2180 2504 2221 se
2542 2180 2650 2219 non
2675 2179 2836 2235 posse
2864 2164 3067 2222 deseri.
3103 2166 3347 2222 Gratiam
3373 2184 3502 2239 ergo
3526 2169 3625 2222 de-

2052 2258 2143 2313 bet
2170 2274 2280 2312 non
2310 2257 2613 2313 existentia:
2632 2258 2858 2313 alterius
2891 2277 2905 2313 :
2936 2267 3083 2314 certe
3112 2259 3265 2314 novit
3290 2268 3343 2315 te
3371 2260 3619 2314 animum

2053 2365 2241 2421 gerere
2273 2359 2524 2421 paratum
2567 2349 2634 2404 ad
2680 2350 2986 2421 perﬁdiam.
3035 2350 3131 2406 Sin
3179 2367 3308 2407 vero
3331 2367 3536 2422 gnarus
3564 2363 3620 2406 te

2050 2457 2174 2497 esse
2199 2442 2493 2510 ingratum,
2540 2441 2732 2511 recipit
2776 2450 2980 2509 tamen,
3029 2458 3117 2497 me
3173 2451 3357 2498 autem
3408 2453 3623 2514 gratum

2053 2548 2416 2605 cognoscens,
2447 2549 2557 2588 non
2593 2533 2854 2597 admittit,
2901 2533 3294 2590 irrationabilis
3321 2543 3405 2590 est
3425 2550 3627 2590 secun-

2053 2624 2182 2680 dum
2219 2634 2366 2680 tuam
2400 2626 2694 2691 rationem,
2721 2625 2815 2695 qui
2843 2634 2991 2679 recta
3042 2625 3252 2680 ratione
3281 2639 3390 2680 non
3417 2633 3622 2680 utatur.

2057 2715 2149 2770 Sic
2173 2731 2282 2770 non
2301 2717 2559 2783 advertis,
2585 2715 2800 2782 Simon,
2828 2725 2880 2770 te
2903 2732 3026 2771 esse
3046 2717 3266 2770 malitia:
3290 2716 3624 2771 ministrum.

2054 2807 2124 2863 Et
2148 2808 2337 2864 Simon
2381 2810 2699 2879 respondit:
2729 2808 2885 2864 Unde
2934 2824 3066 2880 ergo
3093 2809 3297 2863 malum
3327 2818 3506 2864 ortum
3533 2810 3628 2876 sit,

2055 2902 2217 2957 nobis
2259 2900 2445 2956 eﬂ'are.
2502 2899 2569 2956 Et
2625 2900 2824 2957 Petrus
2855 2919 2868 2956 :
2899 2899 3376 2970 Quandoquidem,
3427 2901 3627 2972 inquit,

2058 2992 2222 3047 hodie
2245 2993 2399 3062 prior
2425 2993 2610 3063 egredi
2639 2993 2882 3057 voluisti,
2910 3002 2966 3048 et
2989 2993 3174 3047 dixisti
3201 2992 3347 3062 quod
3368 2991 3629 3060 deinceps

2060 3100 2147 3140 me
2175 3085 2637 3156 utblasphemum
2672 3101 2782 3140 non
2815 3086 2894 3141 sis
2926 3085 3240 3150 auditurus,
3271 3101 3415 3152 cras,
3449 3084 3629 3154 siqui-

2057 3178 2181 3232 dem
2206 3177 2445 3232 volueris
2472 3177 2706 3240 discere,
2734 3177 2970 3232 venienti
3014 3177 3305 3242 enarrabo,
3343 3177 3632 3245 sinamque

2061 3276 2122 3323 ut
2149 3282 2236 3322 me
2278 3283 2378 3337 pro
2423 3268 2580 3322 libitu
2631 3269 2962 3338 interroges,
3000 3267 3210 3336 absque
3259 3266 3628 3321 contentione.

2062 3359 2252 3414 Simon
2278 3359 2354 3414 ait
2379 3377 2392 3413 :
2419 3358 2638 3414 Faciam
2668 3362 2811 3415 sicut
2841 3359 2976 3413 mihi
3003 3359 3296 3414 videbitur.
3325 3357 3392 3412 Et
3419 3359 3522 3412 hoc
3547 3357 3633 3412 di-

2059 3467 2191 3508 cens
2236 3451 2516 3523 profectus
2552 3460 2657 3506 est.
2689 3450 2863 3506 Porro
2891 3466 3105 3517 eorum,
3138 3450 3230 3520 qui
3264 3465 3389 3505 cum
3439 3463 3508 3504 eo
3538 3449 3625 3502 in-

2060 3547 2234 3617 gressi
2266 3545 2501 3611 fuerant,
2545 3560 2706 3600 neruo
2753 3560 2860 3598 una
2896 3559 3149 3614 egressus
3177 3551 3262 3598 est
3293 3561 3308 3597 :
3343 3543 3436 3597 sed
3486 3542 3633 3598 Petri

2061 3639 2291 3709 pedibus
2342 3638 2651 3693 accidentes
2701 3636 3002 3708 rogabant,
3044 3644 3132 3698 ut,
3179 3635 3308 3705 quia
3344 3649 3376 3689 a
3409 3634 3634 3689 Simone

2062 3731 2271 3802 abrepti
2315 3730 2554 3796 fuerant,
2585 3729 2801 3785 veniam
2849 3735 3340 3799 consequerentur,
3368 3743 3432 3780 ac
3457 3726 3638 3803 paeni-

2065 3829 2238 3876 tentes
2267 3821 2664 3891 reciperentur.
2699 3818 2891 3874 Petrus
2918 3834 3069 3886 vero,
3099 3827 3153 3874 et
3187 3819 3288 3875 hos
3312 3819 3631 3889 paenitentia

2061 3913 2256 3968 ductos
2277 3919 2334 3966 et
2354 3911 2622 3983 reliquam
2649 3912 2832 3982 populi
2858 3911 3262 3966 multitudinem
3306 3913 3624 3978 admittens,

2062 4020 2261 4060 manus
2310 4003 2594 4075 imposuit,
2646 4014 2903 4075 precatus
2944 4013 3028 4061 est
3077 4012 3133 4060 et
3185 4005 3398 4060 sanavit
3440 4021 3633 4060 eorum

2063 4111 2260 4166 aegros,
2318 4097 2510 4168 sicque
2557 4097 2838 4152 dimittens
2883 4097 3225 4152 denuntiavit
3287 4097 3396 4154 illis
3455 4107 3516 4152 ut
3563 4099 3634 4152 ad

2065 4205 2226 4245 mane
2259 4189 2604 4246 festinarent.
2629 4189 2752 4257 Quo
2780 4191 2925 4246 dicto
2968 4206 3091 4245 cum
3139 4190 3504 4247 familiaribus
3549 4191 3636 4246 in-

2064 4297 2290 4353 gressus
2333 4289 2439 4348 est,
2481 4291 2537 4336 et
2585 4282 2746 4338 solita
2775 4283 2842 4338 ad
2876 4283 3170 4340 instantem
3207 4285 3445 4356 quietem
3485 4284 3632 4352 fecit,

2065 4385 2292 4442 vespera
2318 4369 2658 4428 adveniente.

2616 4557 2900 4615 HOMILIA
2929 4557 3072 4614 XIX.

2140 4649 2185 4705 I.
2228 4648 2489 4719 Sequenti
2513 4664 2644 4706 vero
2668 4650 2758 4706 die
2794 4650 3066 4705 maturius
3089 4650 3394 4720 procedens
3419 4649 3636 4719 Petrus,

2070 4755 2136 4796 ac
2161 4742 2354 4796 videns
2379 4739 2659 4796 Simonem
2689 4757 2813 4797 cum
2855 4742 2978 4797 aliis
3013 4741 3262 4812 pluribus
3312 4742 3490 4812 ipsum
3535 4758 3636 4797 ex-

2071 4842 2339 4904 spectare,
2366 4841 2653 4904 postquam
2693 4835 2985 4890 salutasset
3016 4835 3300 4905 populum,
3333 4833 3500 4903 coepit
3524 4835 3639 4890 dis-

2071 4939 2275 4980 serere.
2301 4924 2476 4980 Simul
2500 4940 2626 4980 vero
2653 4941 2719 4981 ac
2741 4925 2984 4995 incmpit,
3002 4925 3189 4980 Simon
3215 4926 3638 4995 interrumpens,

2074 5017 2151 5070 ait
2183 5033 2196 5070 :
2229 5014 2462 5071 Omissis
2490 5016 2576 5073 his
2609 5017 2718 5073 tuis
2747 5017 2928 5088 longis
2974 5015 3390 5087 praefationibus
3417 5017 3482 5072 ad
3508 5032 3640 5088 pro-

2077 5109 2321 5180 positum
2368 5108 2724 5182 interroganti
2767 5110 2900 5164 mihi
2931 5109 3218 5180 responde.
3240 5108 3515 5177 Quoniam
3553 5108 3639 5165 in-
3680 5174 3684 5179 η

1664 5247 1905 5305 VARUE
1943 5247 2347 5307 LECTIONES.

506 5386 548 5419 ⁸¹
564 5389 660 5440 τοῦ
682 5389 725 5440 Ο
752 5427 768 5452 ,
791 5397 852 5441 ut
873 5387 976 5457 legi
1006 5386 1178 5441 voluit
1220 5384 1260 5439 S
1287 5425 1302 5449 ,
1339 5384 1430 5437 τόν
1458 5382 1520 5444 C.
1587 5382 1672 5436 ³²έ
1711 5399 1744 5469 η
1774 5381 1836 5437 C.
1914 5381 2052 5436 "Ita
2078 5385 2120 5458 0
2177 5398 2226 5437 c.
2263 5383 2323 5440 S:
2353 5383 2444 5439 hic
2466 5392 2516 5438 et
2553 5383 2715 5453 paulo
2739 5391 2881 5454 post,
2909 5381 3102 5448 ἀποδέξ
3141 5399 3227 5437 ται
3260 5382 3302 5437 C
3355 5379 3640 5462 utroblvis.

506 5469 590 5505 ost
606 5458 818 5505 πατέρα
843 5457 977 5505 th.
1012 5457 1070 5505 σὲ
1093 5457 1149 5505 δὲ
1183 5457 1284 5505 οὐκ
1305 5454 1616 5505 ἀποδέξεται
1636 5401 1790 5505 είέως
1804 5453 1886 5505 ὅτι
1903 5451 1993 5504 τὸν
2011 5451 2169 5505 φύσει
2194 5469 2288 5505 σου
2315 5450 2564 5505 ποιητὴν.
2599 5454 2660 5505 οὐ
2688 5454 2796 5505 γὰο
2822 5455 2965 5505 λέγω
3003 5399 3212 5505 παττέοα
3237 5460 3555 5505 repetuntur
3583 5467 3640 5505 ιιι

399 5455 590 5529 ξδΡρςι
606 5458 818 5529 πατέρα
843 5454 977 5512 γωδ.
1012 5457 1070 5529 σὲ
1093 5457 1149 5510 δὲ
1183 5457 1284 5508 οὐκ
1305 5454 1684 5529 ἀποδέξεταιεί

398 5528 462 5580 0.
495 5527 633 5610 Tum
671 5525 812 5610 idim
839 5525 1536 5610 cppownimnp..:ppo§iaai.

1615 5525 1660 5560 ³³
1675 5524 1928 5594 εὑρήσεις
1954 5519 2346 5594 ο.”(;ῖι-.ἒι.οι›.,
2373 5519 2598 5592 Ρὶινῂιιη
2625 5538 2680 5593 p.

1733 5450 1790 5515 ὓς
1804 5453 1886 5506 ὅτι
1903 5451 1993 5504 τὸν
2011 5451 2169 5522 φύσει
2194 5469 2288 5505 σου
2315 5450 2566 5525 ποιητὴν,
2599 5454 2660 5506 οὐ
2688 5450 2759 5522 γᾶ
2822 5455 2965 5524 λέγω
3003 5450 3212 5524 πατέρα
3237 5460 3555 5522 repetuntur
3583 5451 3641 5506 in

1733 5525 1928 5578 κυήσεις
1954 5523 2015 5575 0.
2048 5521 2162 5576 Cfr.
2188 5519 2346 5578 Lob..
2373 5523 2598 5578 Ριινωι..
2625 5538 2680 5578 ο.
2717 5473 2814 5578 Ἱεῖι
2855 5525 2912 5578 S.
2989 5524 3034 5555 ³⁸
3050 5523 3224 5578 θέλεις
3256 5525 3316 5577 0.
3395 5521 3613 5578 ⁸⁷διηγή
3639 5552 3641 5555 ι

2855 5521 2912 5580 S.
2989 5524 3034 5555 ³⁸
3050 5521 3224 5587 θέλεις
3256 5521 3316 5577 0.
3395 5521 3438 5562 ⁸⁷
3456 5521 3613 5644 διᾝή
3639 5552 3642 5555 λ

2860 5597 2934 5647 έτ.
2957 5595 3309 5647 προσιέμενος
3328 5594 3390 5647 0.
3467 5592 3512 5623 ⁶¹
3581 5597 3642 5647 rd

399 5543 462 5580 υ.
504 5543 632 5580 tum
671 5543 812 5582 Idem
839 5543 1108 5607 φροντισω
1147 5543 1194 5596 p.
1227 5543 1536 5649 φὲοντισας.
1615 5543 1660 5560 ··
1675 5543 1928 5608 ευρησεις
1954 5543 2015 5575 υ.
2048 5543 2162 5576 ur.
2188 5543 2346 5586 1.00.,
2373 5543 2598 5592 rnryu.,
2626 5543 2680 5593 p.
2725 5543 2814 5578 ιιι
2855 5543 2912 5580 δ.
2989 5543 3034 5555 ’ν
3050 5543 3224 5587 οεΑεις
3256 5543 3316 5577 υ.
3395 5543 3436 5562 -ι
3456 5543 3512 5574 οι·

399 5613 566 5667 «opai
591 5596 650 5653 C.
731 5597 946 5667 ³ἔτουτο
1104 5597 1146 5628 ³⁸
1161 5598 1241 5667 τῷ
1311 5594 1385 5667 ,Ο
1413 5635 1437 5667 ,Α
1460 5595 1522 5648 τό
1540 5594 1606 5667 C.
1634 5664 1644 5667 _
1678 5593 1722 5667 δέ
1745 5609 1773 5646 ο
1795 5601 1946 5667 _(seq._
1978 5590 2201 5667 |a_cutta_)_
2228 5594 2561 5667 προσέμενος
2585 5609 2639 5662 p.
2668 5594 2778 5667 666
2809 5597 2934 5667 Πέτ.
2953 5595 3309 5667 προσιέμενος
3328 5594 3390 5647 0.
3420 5592 3512 5667 ﬂ“

399 5666 499 5738 νὰς
528 5669 612 5738 χεῖ

649 5684 716 5730 ας
746 5666 942 5737 Iacun_a
973 5666 1026 5737 in
1051 5668 1112 5719 0.
1184 5661 1341 5737 1⁵³καὶ
1374 5664 1556 5737 οὕτως
1596 5664 1679 5737 bis
1707 5663 1912 5737 legitur
1935 5664 2095 5737 in_0.
2134 5662 2203 5737 φη
2228 5661 2386 5737 τοῦτο
2406 5661 2644 5737 Ετ-Τυιη
2671 5665 2771 5737 τὴν
2808 5661 3015 5737 συνῄθη
3045 5661 3274 5737 ριότῶν
3307 5662 3550 5735 συνήθων
3581 5699 3635 5716 ...

399 5684 499 5730 ἀς
528 5684 716 5789 χειέας
748 5684 942 5721 lacuna
973 5684 1026 5720 III
1051 5684 1112 5719 υ.
1188 5684 1232 5697 ’⁵
1247 5684 1341 5719 και
1383 5684 1556 5728 ουτως
1596 5684 1679 5720 DIS
1707 5684 1904 5733 tegitur
1935 5684 1988 5716 III
2018 5684 2095 5730 U.‘
2143 5684 2203 5698 “'
2228 5684 2386 5715 τουτο
2412 5684 2475 5718 υ.
2515 5684 2644 5717 IIII“
2671 5684 2771 5735 την
2808 5684 2950 5737 συνηι

399 5735 602 5808 ’δημετ
638 5753 736 5810 ρας
780 5737 844 5788 Ο.
891 5734 1132 5792 Subinde
1171 5735 1542 5808 ὀρθριαίτερον
1587 5736 1727 5791 idem
1781 5749 1831 5787 c.
1878 5731 1916 5788 S
1945 5774 1960 5800 ,
1988 5731 2302 5804 όρθρίτερον
2328 5731 2390 5787 C.
2459 5734 2505 5765 "
2532 5734 2858 5806 ἁποκρίθητι
2887 5734 2950 5790 Ο.
