4048 6146
455 299 564 355 m

1233 303 1291 358 S.
1331 299 1716 358 CLEMENTIS
1749 302 1774 356 1
1812 303 1976 360 ROM.
2019 303 2218 359 PONT.
2261 303 2488 358 OPERA
2528 303 2759 363 DUBIA.

3595 313 3696 367 424

453 414 639 486 telligo
669 415 848 484 (sicut
904 429 972 470 ex
1031 415 1099 472 iis
1143 430 1266 486 qua:
1303 419 1372 472 ab
1421 420 1579 474 initio
1629 421 1808 476 audivi
1853 422 2027 478 habeo

2131 437 2212 486 σε,
2239 420 2316 485 ὡς
2342 422 2434 491 ἀφ’
2452 415 2534 477 ὧν
2564 423 2660 476 ἀπ’
2688 417 2863 494 ἀρχῆς
2889 421 3220 492 ἐπακηκοὼς
3262 421 3586 494 ἐπίσταμαι,
3615 427 3696 479 ὅτι

454 507 822 578 compertum)
850 507 996 578 quod
1039 509 1176 564 nihil
1207 510 1352 564 aliud
1401 513 1499 566 tibi
1539 515 1880 583 propositum
1930 518 2021 586 sit,

455 613 621 669 quam
665 599 816 654 omni
863 600 1116 655 machina
1160 603 1467 669 ostendere,
1521 605 1835 663 Creatorem
1890 623 2012 667 esse

456 707 626 746 unum
660 693 992 763 inculpatum
1017 693 1208 761 Deum,
1242 705 1504 768 tantoque
1526 699 1720 771 ﬂagres
1750 703 2024 762 desiderio

453 786 780 840 sententiam
829 785 1213 851 conﬁrmandi,
1247 797 1308 842 ut
1348 799 1402 844 et
1431 793 1680 860 quadam
1713 792 2024 866 Scriptura-

453 889 578 928 rum
631 875 891 944 capitula,
947 891 1072 946 qua:
1115 887 1302 946 aperte
1365 879 1517 935 illum
1565 893 1847 952 accusant,
1885 886 2023 944 falsa

453 966 638 1021 dicere
687 966 912 1028 audeas.
939 983 1001 1022 ea
1031 968 1099 1023 de
1121 983 1289 1025 causa
1323 970 1535 1026 institui
1568 974 1734 1031 hodie
1765 977 2020 1046 probare,

433 1056 793 1126 impossibile
829 1072 952 1112 esse
998 1067 1057 1113 ut
1087 1061 1334 1115 omnium
1377 1064 1632 1121 conditor
1661 1068 1733 1123 sit
1779 1068 2024 1140 inculpa-

453 1155 564 1201 tus.
587 1145 966 1201 Probationem
994 1163 1124 1203 vero
1155 1148 1416 1204 inchoare
1439 1166 1660 1220 possum
1685 1154 1823 1223 jam,
1852 1157 2025 1226 siqui-

455 1239 578 1294 dem
617 1239 685 1294 ad
713 1239 789 1301 id,
812 1239 959 1309 quod
997 1240 1321 1297 sciscitabar
1347 1259 1376 1298 a
1408 1253 1480 1310 te,
1508 1246 1641 1300 mihi
1667 1248 2020 1319 respondeas.

526 1331 591 1388 ll.
627 1332 724 1387 Ais
745 1332 982 1403 aliquem
1023 1334 1245 1392 malitia:
1271 1337 1575 1408 principem
1601 1354 1746 1404 esse.
1777 1357 1879 1398 nec
1917 1343 2019 1398 ne?

453 1422 589 1479 Nam
622 1427 666 1480 si
697 1426 902 1482 dixeris
959 1443 1065 1482 non
1109 1444 1251 1496 esse,
1298 1444 1364 1484 ex
1407 1431 1616 1497 multis,
1646 1432 1822 1504 iisque
1852 1449 1883 1489 a
1911 1434 2026 1490 Ma-

454 1515 628 1586 gistro
681 1526 776 1572 tuo
826 1520 1074 1589 prolatis,
1111 1521 1286 1576 habeo
1327 1523 1617 1579 ostendere
1665 1525 1811 1595 quod
1839 1526 1932 1581 sit.
1964 1525 2022 1582 Si

453 1622 584 1663 vero
611 1624 772 1680 aequo
819 1611 1004 1666 animo
1047 1613 1336 1670 confessus
1386 1613 1557 1670 fueris
1615 1631 1738 1672 esse
1790 1618 2020 1686 malum,

454 1711 853 1772 consequenter
895 1718 1204 1760 sermonem
1264 1705 1480 1762 faciam.
1509 1706 1576 1760 Et
1605 1707 1803 1764 Petrus
1835 1728 1849 1764 :
1879 1709 2021 1766 Fieri

2127 512 2298 585 μηθὲν
2323 514 2509 585 ἕτερον
2541 531 2622 568 σοι
2650 515 2955 586 πρόκειται,
2997 515 3029 586 ἢ
3058 516 3208 586 πάσῃ
3244 518 3459 587 μηχανῇ
3489 516 3578 569 τὸν
3597 521 3701 588 Δη-

2126 607 2384 678 μιουργὸν
2409 607 2572 662 αὐτὸν
2585 606 2754 672 δεῖξαι
2779 607 2936 678 μόνον
2957 609 3250 678 ἄμεμπτον
3265 605 3404 660 εἷναι
3429 608 3584 673 Θεὸν,
3606 611 3700 664 καὶ

2122 698 2374 751 τοσοῦτον
2439 699 2812 771 προαιρέσεως
2833 699 2881 730 ⁸⁸
2908 699 3075 753 πόθον
3117 699 3312 770 ἔχοντα
3363 700 3699 774 διισχυρίζε-

2125 790 2270 854 σθαι,
2295 791 2372 855 ὼς
2390 793 2485 846 καὶ
2512 793 2661 856 ἐνίας
2681 792 2790 846 τῶν
2814 793 3048 864 Γραφῶν
3067 792 3374 866 περικοπὰς
3399 795 3588 864 σαφῶς
3615 812 3705 848 κα-

2121 883 2452 952 ταλεγούσας
2483 882 2650 938 αὐτοῦ
2682 885 2887 957 τολμᾷν
2919 886 3136 956 ψευδεῖς
3173 886 3380 956 λέγειν·
3411 884 3472 943 οὗ
3494 891 3704 944 εἵνεκεν

2123 977 2442 1049 προῄρημαι
2487 977 2726 1049 σήμερον
2777 977 3077 1042 ἀποδεῖξαι,
3131 979 3213 1032 ὅτι
3261 980 3520 1034 ἀδύνατόν
3555 983 3706 1035 ἐστιν

2123 1069 2286 1122 αὑτὸν
2313 1069 2532 1123 πάντων
2558 1069 2888 1142 δημιουργὸν
2913 1071 3042 1123 ὄντα
3071 1071 3358 1142 ἄμεμπτον
3398 1069 3554 1126 εἶναι.
3590 1073 3706 1144 Τῆς

2123 1161 2181 1214 δὲ
2226 1160 2551 1226 ἀποδείξεως
2586 1163 2688 1233 ἤδη
2732 1161 2997 1234 ἄρξασθαι
3019 1163 3275 1234 δύναμαι,
3301 1165 3395 1217 ὲάν
3421 1182 3485 1234 γε
3513 1165 3651 1236 πρὸς
3673 1163 3707 1220 δ

2124 1254 2464 1326 πυνθάνομαι
2493 1272 2607 1319 σου,
2635 1255 2902 1327 ἀποκρίνῃ
2935 1273 3044 1330 μοι.

2195 1347 2260 1399 ll.
2302 1345 2411 1416 Φῄς
2457 1362 2578 1400 τινα
2624 1347 2824 1409 κακίας
2875 1346 3124 1418 ἡγεμόνα
3171 1343 3333 1412 εἶναι,
3375 1348 3410 1420 ἢ
3446 1348 3541 1415 οὓς
3576 1349 3708 1405 Ἐὰν

2122 1436 2232 1509 γὰρ
2255 1437 2298 1470 ⁸⁷
2326 1439 2487 1509 εἴπῃς
2514 1437 2589 1509 μὴ
2619 1434 2778 1501 εἶναι,
2802 1439 2964 1509 372
2990 1442 3054 1494 ὲκ
3078 1427 3287 1494 πολλῶν
3331 1445 3424 1496 καὶ
3469 1445 3580 1499 τῶν
3607 1443 3706 1499 τοῦ

2123 1531 2452 1585 Διδασκάλου
2484 1547 2576 1584 σου
2603 1531 2876 1599 ἀποδεῖξαι
2901 1532 3028 1604 ἔχω,
3052 1534 3134 1587 ὅτι
3157 1534 3303 1587 ἐστιν
3319 1553 3332 1565 ·
3354 1536 3480 1589 εἰδὲ
3500 1538 3707 1606 εὐγνω-

2127 1622 2304 1693 μονῶν
2341 1622 2680 1695 ὁμολογήσῃς
2703 1624 2749 1656 ’⁵⁸
2783 1621 2922 1677 εἶναι
2967 1625 3059 1679 τὸν
3112 1627 3369 1697 πονηρὸν,
3421 1629 3708 1699 ἑπομένως

2124 1714 2339 1784 ποιήσω
2362 1713 2454 1768 τὸν
2481 1713 2656 1784 λόγον.
2686 1717 2796 1769 Kal
2825 1717 2854 1768 ὁ
2879 1717 3082 1788 Πέτρος
3099 1735 3112 1747 ο
3159 1718 3440 1772 Ἀδύνατόν
3467 1720 3582 1772 ἐστι
3615 1737 3708 1790 μοι

454 1793 663 1861 nequit,
699 1802 762 1847 ut
786 1809 970 1849 vocem
1017 1794 1258 1866 Magistri
1302 1797 1405 1851 mei
1439 1798 1723 1870 denegem,
1755 1816 1924 1870 quare
1948 1802 2024 1857 fa-

2125 1808 2308 1878 φωνὴν
2330 1807 2424 1860 τοῦ
2451 1807 2586 1878 ἐμοῦ
2606 1807 2946 1879 ἀρνήσασθαι
2966 1809 3324 1874 Διδασκάλου,
3351 1810 3432 1864 διὸ
3454 1813 3549 1865 καὶ
3571 1813 3706 1883 ὁμο-

454 1891 574 1938 tcor
603 1884 806 1942 malum
829 1901 971 1952 esse,
1008 1888 1137 1956 quia
1169 1903 1310 1957 secpe
1331 1889 1481 1943 illum
1514 1891 1751 1947 existere
1793 1900 2021 1949 testatus

452 1985 539 2032 est
573 1977 666 2047 qui
717 1987 914 2033 cuncta
966 1993 1094 2034 vere
1143 1979 1456 2049 praedicavit
1490 1981 1766 2053 Magister.
1824 1982 2021 2040 Statim

457 2067 644 2136 itaque
687 2071 1003 2134 conﬁtetur,
1028 2084 1125 2139 per
1153 2071 1514 2143 quadraginta
1541 2073 1658 2129 dies
1691 2075 2021 2130 collocutum

455 2157 752 2213 tentavisse
799 2159 978 2228 ipsum
1006 2171 1055 2214 ι.
1089 2158 1154 2214 Et
1196 2161 1323 2216 alibi
1366 2163 1493 2216 novi
1535 2177 1658 2217 eum
1692 2164 1935 2220 dixisse:
1964 2163 2026 2220 Si

455 2247 690 2302 Satanas
725 2247 986 2304 Satanam
1029 2251 1232 2321 ejiciat,
1285 2253 1540 2308 adversus
1583 2271 1639 2308 se
1674 2255 1878 2309 divisus
1907 2267 2022 2318 est;

448 2353 554 2406 quo
583 2337 736 2391 modo
763 2354 886 2408 ergo
933 2340 1141 2393 steterit
1187 2355 1405 2411 regnum
1432 2340 1504 2394 δί’
1537 2339 1602 2396 Et
1635 2343 1784 2412 quod
1829 2343 2026 2399 viderit

454 2424 716 2483 Satanam
757 2429 901 2484 sicut
952 2429 1134 2502 fulgur
1182 2431 1466 2488 cadentem
1494 2433 1561 2487 de
1589 2435 1748 2500 crelo,
1781 2435 2026 2491 declara-

428 2519 533 2573 -vit
564 2531 612 2574 ο.
643 2519 820 2590 Atque
875 2519 1003 2574 alibi
1051 2519 1166 2575 ait:
1201 2520 1306 2586 Qui
1336 2537 1454 2576 vero
1514 2524 1717 2577 malum
1741 2541 1913 2580 semen
1943 2542 2025 2580 se-

432 2611 645 2676 .minat,
687 2621 764 2664 est
804 2610 1050 2664 diabolus
1075 2610 1126 2664 ἀ.
1155 2609 1222 2664 Et
1269 2611 1511 2666 iterum:
1562 2611 1746 2668 Nolite
1770 2615 1901 2669 dare
1930 2632 2022 2670 oc-

433 2701 717 2754 casionem
747 2700 910 2754 malo.
929 2699 1072 2766 Quin
1093 2699 1258 2754 etiam
1288 2701 1582 2756 consilium
1607 2701 1756 2757 dedit
1783 2703 1869 2759 his
1899 2719 2021 2760 ver-

453 2792 568 2854 bis:
600 2789 950 2856 Sitvestrum,
980 2790 1096 2857 Est,
1129 2801 1229 2857 est,
1261 2809 1324 2845 ac
1353 2791 1498 2856 Non,
1523 2810 1659 2858 non;
1686 2796 1825 2865 quod
1846 2804 2022 2849 autem

452 2880 534 2934 his
567 2879 923 2935 abundantius
973 2891 1072 2947 est,
1116 2897 1150 2934 a
1193 2881 1338 2936 malo
1386 2893 1462 2936 est
1493 2895 1538 2938 ο.
1573 2883 1676 2940 Sed
1713 2895 1764 2940 et
1814 2887 1867 2940 iu
1899 2901 2023 2941 ora-

453 2972 601 3027 tione
631 2987 795 3042 quam
829 2972 1073 3040 tradidit,
1097 2975 1304 3031 dictum
1356 2976 1623 3032 habemus
1656 2995 1670 3032 :
1704 2976 1894 3032 Libera
1926 2995 2021 3034 nos

451 3078 486 3116 a
533 3061 674 3116 male
713 3061 756 3116 ί.
789 3061 856 3117 Et
897 3063 1006 3118 alio
1035 3068 1272 3135 quodam
1305 3067 1359 3120 in
1410 3067 1532 3121 loco
1574 3065 1914 3123 denuntiavit
1933 3069 2021 3123 di-

451 3169 576 3211 cere
623 3155 848 3225 impiis:
879 3157 1148 3213 Discedite
1183 3160 1238 3214 in
1272 3160 1511 3215 tenebras
1560 3161 1866 3228 exteriores,
1888 3178 2021 3232 quas
2049 3160 2092 3218 C

449 3247 662 3311 paravit
710 3246 873 3302 Pater
902 3248 1129 3304 diabolo
1169 3260 1220 3304 et
1259 3252 1460 3321 angelis
1505 3251 1619 3321 ejus
1651 3252 1699 3306 ⁸.
1729 3253 1920 3306 Αειιθ
1968 3251 2022 3305 in

425 3337 674 3410 longum
733 3342 1029 3410 producam
1074 3343 1402 3410 orationem,
1440 3345 1640 3414 sapius
1694 3344 1810 3399 scio
1854 3342 2024 3416 Magi-

450 3442 626 3489 strum
657 3449 838 3489 meum
865 3437 1119 3492 docuisse
1145 3451 1267 3492 esse
1285 3437 1584 3492 diabolum.
1617 3435 1889 3503 Quocirca
1923 3452 2026 3509 ego

450 3539 670 3594 quoque
725 3524 900 3580 fateor
949 3527 1102 3582 illum
1149 3527 1403 3583 existere.
1428 3526 1504 3583 De
1535 3535 1771 3591 caetero,
1808 3527 1855 3582 si
1891 3527 2024 3596 quid

451 3616 622 3674 habes
680 3629 1081 3689 consequenter
1127 3619 1444 3686 dicendum,
1506 3620 1648 3678 sicut
1697 3619 2022 3691 promisisti,

421 3745 428 3753 -
449 3709 732 3779 eloquere.

523 3883 610 3940 Ill.
635 3884 702 3940 Et
731 3884 919 3941 Simon
950 3903 964 3940 :
993 3884 1264 3952 Quoniam
1296 3886 1462 3958 igitur
1497 3903 1653 3960 atquo
1676 3889 1861 3945 animo
1887 3892 2024 3946 con-

451 3976 632 4034 fessus
655 3994 714 4033 es
745 3979 950 4034 malum
990 3979 1245 4046 existere,
1273 3995 1341 4035 ex
1379 3980 1695 4053 Scripturis,
1722 3985 1812 4040 dic
1845 3987 2022 4053 nobis,

451 4084 563 4139 quo
589 4069 752 4123 modo
775 4069 950 4125 factus
972 4070 1066 4137 sit,
1084 4071 1131 4126 si
1162 4070 1338 4127 factus
1355 4081 1460 4137 est,
1478 4083 1577 4128 eta
1605 4089 1738 4144 quo,
1763 4085 2020 4145 etquare.

427 4161 531 4215 .Ac
551 4159 746 4216 Petrus
777 4180 791 4216 :
831 4161 1055 4232 ignosce
1085 4164 1240 4228 mihi,
1269 4163 1481 4230 Simon,
1504 4183 1612 4222 non
1637 4168 1811 4223 audeo
1845 4170 2025 4224 dicere

429 4253 598 4324 .quod
629 4252 891 4323 scriptum
918 4269 1026 4309 non
1057 4265 1160 4311 est.
1189 4253 1282 4311 Vel
1317 4256 1362 4312 si
1389 4265 1444 4311 tu
1473 4259 1736 4328 scriptum
1764 4261 2020 4326 allirmas,

451 4345 698 4401 ostende.
726 4343 822 4399 Sin
863 4361 1014 4413 vero,
1047 4356 1318 4417 quatenus
1354 4363 1464 4405 non
1513 4349 1730 4419 legitur,
1771 4353 1935 4407 etiam
1966 4362 2021 4408 tu

2123 1898 2266 1968 λογῶ
2289 1895 2426 1952 εἶναι
2446 1899 2538 1952 τὸν
2569 1899 2826 1972 πονηρὸν,
2859 1901 2940 1953 ὅτι
2966 1901 3226 1965 πολλάκις
3248 1903 3412 1956 αὑτὸν
3439 1903 3708 1976 ὑπάρχειν

2121 1991 2152 2042 ὁ
2185 1993 2363 2046 πάντα
2392 1991 2696 2062 ἀληθεύσας
2728 1993 2916 2064 εἴρηκε
2952 1993 3304 2058 Διδάσκαλος.
3334 1996 3542 2048 Αὐτίκα
3575 1995 3708 2064 γοῦν

2122 2084 2376 2156 ὁμολογεῖ
2405 2085 2498 2138 ἐπὶ
2529 2085 2940 2157 τεσσαράκοντα
2976 2087 3082 2157 ὴμέ
3093 2103 3191 2159 ρας
3229 2087 3578 2158 διαλεχθέντα
3605 2107 3709 2142 πε-

2125 2177 2445 2249 πειρακέναι
2473 2177 2652 2231 αὐτόν.
2677 2178 2787 2230 Kal
2809 2178 2942 2250 ἄλλῃ
2962 2195 3064 2231 που
3089 2175 3203 2248 οἶδα
3225 2179 3390 2232 αὐτὸν
3415 2181 3676 2252 εἰρηκότα
3691 2200 3706 2213 ·

2123 2271 2195 2322 Et
2224 2271 2257 2322 ὀ
2286 2267 2559 2336 Σατανᾶς
2587 2269 2696 2322 τὸν
2725 2268 3001 2325 Σατανᾶν
3033 2269 3315 2325 ἐκϐάλλει
3335 2272 3403 2335 δ’,
3433 2272 3526 2341 ἐφ’
3566 2273 3676 2327 ἐαυ
3701 2305 3710 2310 ς

2103 2362 2231 2415 ’τὸν
2268 2362 2574 2432 ἐμερίσθη,
2610 2361 2737 2427 πῶς
2783 2360 2896 2414 οὖν
2937 2362 3124 2416 αὐτοῦ
3169 2353 3433 2430 vniam“
3461 2365 3500 2431 ή
3524 2364 3710 2428 ,ϐασις

2121 2453 2292 2516 λεία;
2345 2453 2456 2506 Kal
2514 2453 2596 2506 ὅτι
2635 2451 2849 2524 ἑώρακε
2883 2453 2977 2505 τὸν
3008 2453 3244 2524 πονηρὸν
3291 2455 3368 2518 ὼς
3419 2456 3711 2530 ἀστραπὴν

2124 2544 2360 2598 πεσόντα
2393 2547 2458 2598 ὲκ
2480 2545 2575 2599 τοῦ
2627 2545 2856 2617 οὐρανοῦ
2886 2545 3151 2616 ἐδήλωσεν
3211 2547 3321 2600 Kal
3359 2547 3541 2602 ἄλλοθι
3570 2550 3708 2622 ἔφη’

2135 2635 2197 2690 '0
2219 2635 2288 2688 δὲ
2311 2636 2376 2690 τὸ
2407 2638 2597 2691 κακὸν
2623 2639 2859 2706 σπέρμα
2881 2639 3136 2707 σπείρας
3160 2638 3335 2692 ἐστὶν
3361 2643 3394 2694 ό
3409 2640 3706 2708 διάϐολος.

2101 2727 2234 2780 «Καὶ
2282 2727 2464 2781 nam
2507 2727 2603 2794 Μή
2655 2727 2792 2782 δότε
2837 2728 2950 2799 (61)
2999 2731 3304 2800 πρόφασιν
3337 2732 3417 2798 τῷ
3444 2733 3708 2803 πονηρῷ.

2135 2819 2292 2875 Ἀλλὰ
2311 2822 2406 2874 καὶ
2421 2821 2802 2892 συμϐουλεύων
2824 2823 3047 2894 εἴρηκεν
3062 2839 3076 2855 ·
3099 2825 3296 2878 Ἔστω
3318 2825 3484 2896 ὑμῶν
3506 2829 3569 2883 τὸ
3585 2829 3710 2894 ναι,

2098 2913 2240 2978 -ναὶ,
2271 2913 2369 2968 καὶ
2390 2913 2454 2966 τὸ
2486 2915 2580 2978 οῦ,
2603 2915 2674 2968 οὔ
2691 2931 2706 2945 ο
2733 2914 2799 2968 τὸ
2828 2914 2897 2968 δὲ
2925 2916 3228 2984 περισσὸν
3257 2919 3485 2972 τούτων
3501 2921 3572 2974 ἐκ
3600 2921 3714 2977 τοῦ

2103 3004 2387 3073 ’πονηροῦ
2401 3005 2593 3060 ἐστίν.
2612 3005 2770 3060 Ἀλλὰ
2787 3007 2882 3061 καὶ
2899 3009 2958 3061 ὲν
3034 3009 3348 3078 παρέδωκεν
3365 3010 3496 3083 εὐχῇ
3515 3011 3715 3084 ἔχομεν

2121 3099 2410 3170 εἰρημένον
2425 3115 2439 3130 ο
2471 3099 2678 3155 Ῥῦσαι
2699 3098 2857 3170 ἡμᾶς
2879 3101 2996 3155 ἀπὸ
3017 3101 3124 3155 τοῦ
3141 3103 3428 3170 πονηροῦ.
3448 3105 3556 3157 Kal
3575 3104 3713 3180 ἄλλῃ

2125 3209 2229 3245 που
2262 3194 2434 3246 εἰπεῖν
2465 3194 2733 3264 ὑπέσχετο
2753 3197 2866 3258 τοῖς
2896 3195 3183 3249 ἀσεῦοὖσιν
3201 3197 3246 3228 ⁵³
3264 3214 3278 3226 ·
3315 3197 3600 3268 Ὑπάγετε
3623 3203 3715 3269 εις

2124 3285 2189 3340 τὸ
2219 3287 2442 3352 σκότος
2467 3287 2534 3339 τὸ
2563 3287 2877 3355 ἐξώτερον,
2911 3287 2943 3341 ὃ
2972 3289 3301 3358 ἡτοίμασεν
3331 3294 3364 3344 ὀ
3393 3291 3597 3359 Πατὴρ
3630 3294 3716 3359 τῷ

2100 3379 2380 3444 διαϐόλῳ
2419 3379 2520 3434 καὶ
2556 3380 2682 3446 τοῖς
2711 3380 2989 3450 ἀγγέλοις
3030 3383 3238 3436 αὐτοῦ.
3271 3385 3380 3436 Kal
3409 3385 3495 3437 ἵνα
3526 3385 3599 3455 μὴ
3632 3388 3715 3452 εἰς

2123 3473 2258 3529 πολὺ
2290 3474 2514 3546 μηκύνω
2556 3475 2647 3527 τὸν
2688 3473 2864 3542 λόγον,
2896 3473 3156 3538 πολλάκις
3180 3472 3298 3529 οἶδα
3324 3477 3416 3530 τὸν
3441 3478 3715 3532 Διδάσκαυ

2122 3566 2212 3620 λόν
2242 3583 2344 3638 μου
2373 3568 2592 3621 εἰπόντα
2619 3565 2756 3622 εἶναι
2782 3568 2944 3638 373
2971 3570 3064 3622 τὸν
3094 3571 3350 3642 πονηρόν.
3368 3573 3460 3626 Διδ
3477 3573 3525 3606 ⁸⁸
3552 3574 3713 3643 κάγὼ

2125 3658 2378 3732 σύμφημι
2423 3660 2583 3714 αὑτὸν
2636 3661 2918 3733 ὑπάρχειν.
2947 3665 3147 3717 Λοιπὸν
3180 3667 3232 3719 εἴ
3252 3683 3304 3718 τι
3335 3666 3480 3736 ἔχεις
3505 3668 3713 3738 ἑπομέ-

2122 3767 2229 3815 νως
2259 3752 2456 3822 λέγειν,
2489 3755 2566 3818 ὼς
2593 3754 2853 3826 ὑπέσχου,
2892 3754 3016 3824 λέγε
3042 3756 3107 3810 ⁵³.

2192 3906 2279 3962 Ill.
2306 3909 2416 3962 Kal
2440 3909 2486 3940 ⁸⁸
2516 3911 2544 3963 ὁ
2569 3909 2766 3980 Σίμων’
2811 3910 2964 3964 Ἐπεὶ
3002 3906 3094 3966 οὖν
3119 3913 3535 3986 εὐγνωμονῆσας
3558 3917 3709 3989 ὡμοο

2105 3998 2359 4070 ,λόγησας
2402 3995 2540 4053 εἶναι
2581 4000 2673 4055 τὸν
2725 4003 2981 4073 πονηρὸν,
3028 4005 3137 4058 ἀπὸ
3190 4007 3439 4078 Γραφῶν,
3493 4010 3623 4080 ἡμῖν
3659 4011 3710 4043 ⁸⁸

2121 4091 2246 4159 λέγε
2285 4091 2346 4144 τὸ
2371 4092 2488 4156 πῶς
2516 4092 2756 4161 γέγονεν,
2795 4095 2952 4166 εἴπερ
2984 4096 3227 4165 γέγονεν,
3263 4100 3356 4153 καὶ
3394 4100 3501 4154 ὑπὸ
3538 4102 3706 4167 τινος,

2121 4185 2217 4237 καὶ
2247 4183 2336 4237 διὰ
2356 4185 2421 4236 τί.
2455 4186 2563 4238 Kal
2593 4186 2621 4237 ὁ
2661 4186 2882 4257 Πέτρος·
2923 4187 3202 4257 Σύγγνωθί
3237 4209 3346 4262 μοι,
3388 4194 3588 4264 Σίμων,
3630 4195 3708 4268 μὴ

2119 4275 2388 4346 τολμῶντι
2433 4277 2607 4331 εἰπεῖν
2639 4276 2683 4342 ὃ,
2719 4278 2792 4349 μὴ
2820 4279 3145 4351 γέγραπται.
3182 4283 3244 4335 Εἰ
3276 4283 3342 4336 σὺ
3376 4285 3482 4356 φῂς
3504 4286 3701 4358 γεγρά-

2123 4367 2475 4437 φθαι,δεῖξον.
2504 4368 2567 4420 Εἰ
2589 4367 2666 4432 δὲ,
2698 4368 2840 4422 καθὰ
2869 4371 2941 4441 μὴ
2962 4371 3289 4443 γέγραπται,
3311 4375 3431 4428 οὐδὲ
3458 4378 3522 4430 σὺ
3537 4377 3706 4442 δεῖξαι

453 4437 508 4492 id
544 4452 654 4492 nou
699 4448 854 4506 potes
882 4438 1193 4506 ostendere,
1235 4454 1335 4494 cur
1361 4439 1430 4494 de
1464 4442 1627 4498 rebus
1663 4459 1770 4498 non
1805 4444 2032 4518 scriptis

2123 4457 2274 4530 δύνῃ,
2310 4458 2398 4512 διὰ
2426 4459 2480 4512 τι
2525 4460 2654 4530 περὶ
2686 4459 2794 4513 τῶν
2829 4437 2906 4534 μη
2930 4437 3706 4540 ⁷γραέρέντωνἀίιτιοςῖιαινόμενοι

451 4528 838 4600 pronuntiandi
862 4528 1112 4591 subimus
1135 4530 1471 4601 periculum?
1505 4531 1561 4588 Si
1591 4536 1737 4591 enim
1769 4553 1878 4593 non
1901 4554 2022 4594 cre—

2129 4517 2542 4620 κινέυνεύομενς
2571 4517 2634 4603 ἐξ
2662 4550 2708 4581 ⁸⁸
2737 4517 2848 4624 ml
2878 4517 2940 4606 ob
2959 4517 3424 4628 inertia-redactae;

528 4655 557 4684 ι
580 4642 746 4699 Marc.
777 4661 816 4710 ι,
846 4645 932 4699 15.

428 4760 432 4764 .
531 4713 561 4755 ι)
585 4714 776 4769 Matth.
817 4732 912 4776 xu.
945 4715 1037 4772 26.

533 4794 557 4823 ε
584 4783 713 4839 Luc.
752 4801 806 4852 x,
837 4786 920 4840 18.

531 4854 562 4892 ιι
586 4853 773 4909 Matth.
804 4873 923 4923 xm,
957 4857 1046 4913 59.

2203 4670 2228 4698 ε
2254 4656 2444 4714 Matth.
2463 4675 2516 4724 ν,
2543 4659 2642 4727 57;
2667 4659 2785 4717 Jac.
2813 4677 2868 4728 v,
2896 4663 2984 4718 12.

2205 4728 2227 4768 τ
2261 4729 2451 4784 Matth.
2478 4745 2553 4794 vr,
2592 4731 2680 4787 15.

2204 4800 2230 4839 8
2267 4798 2458 4855 Matth.
2489 4816 2620 4869 xxv,
2643 4800 2734 4857 50.

1738 4935 1970 4994 VARUE
2011 4941 2409 5000 LECTIONES.

427 5036 485 5118 μ
524 5017 1288 5118 ῘῙΖῖξὶοσιὶξρῗίνέξωῖὟιέ’¹’·
1317 5027 1936 5118 .1‘8935ﬂ‘i:‘->.73¢Y
1962 5036 2072 5106 γάρ
2111 5053 2216 5091 ιιοη
2246 5038 2500 5108 leguntur
2527 5041 2678 5118 in_0-_
2713 5042 3134 5118 ⁸⁸ὀμολργήσεις
3169 5052 3231 5102 υ.
3307 5047 3681 5104 “exsensa

453 5105 506 5190 ξι.
524 5088 673 5190 textu
705 5088 905 5190 12‘
923 5091 1157 5190 theam.”
1177 5093 1287 5190 (λῳ
1314 5088 1687 5190 σφιστῆκεὶιυλ
1715 5088 1894 5190 '“nlta
1918 5088 2680 5190 locuin
2708 5129 2758 5168 c.

453 5161 671 5247 bere?
702 5161 905 5247 dicere)
947 5165 1085 5247 idem
1113 5161 1383 5247 signiﬁcat
1545 5170 1735 5223 εἰπεῖν.
1776 5168 1955 5226 Utitur
1996 5185 2192 5247 autem
2225 5161 3538 5247 rohniu‘eliiﬁbd'silis"idéiiii££"ile2i35'5f

457 5232 680 5312 [evetita
695 5227 840 5312 εἴτε
862 5231 980 5312 ,δὶτέ

455 5305 513 5355 o.
595 5300 641 5335 ιι
683 5302 716 5373 ἡ
753 5302 876 5372 (sic)
907 5304 967 5354 o.
1019 5300 1197 5357 -υικαί
1241 5306 1304 5364 c.
1381 5309 1478 5380 ιοη
1517 5308 1577 5364 c.

985 5239 1283 5331 “If-1733075
1319 5238 1571 5331 ἀσεϐέσιν
1605 5250 1912 5294 ιιιοιιεῑιοιιηι
1937 5254 2038 5300 est.
2111 5245 2279 5304 "Pro
2308 5249 2387 5302 διό
2418 5250 2615 5308 lacuna
2649 5253 2705 5307 in
2738 5238 2800 5308 Ο.
2871 5238 3196 5329 ebibit}:
3228 5238 3706 5331 iic'iiiim'ﬁr'ébét

1755 5402 2120 5466 VARIORUM
2159 5410 2394 5468 NOTAE.

531 5509 640 5592 _(6|)
671 5508 1090 5592 __'I‘estilnonium
1136 5513 1320 5592 forsan
1374 5516 1666 5592 Ehionitici
1723 5523 2012 5592 evangelii,

431 5579 615 5663 aliine
653 5581 798 5663 dicto
825 5585 1127 5663 apostolico
1163 5602 1176 5638 :
1189 5587 1359 5663 μήτε
1394 5589 1565 5663 δίδοτε
1606 5589 1772 5663 τόπον
1798 5579 2019 5663 τῷυδιαξ

459 5649 617 5721 σόλῳ,
660 5649 874 5716 Εριιος.⁷
909 5667 982 5717 tv,
1042 5653 1132 5708 27.
1187 5649 1450 5724 Equidem
1490 5649 1798 5723 observavi.
1829 5649 1927 5716 nec
1965 5665 2017 5717 iu

463 5724 800 5784 Clementinis
851 5738 951 5778 nec
1003 5724 1058 5777 in
1101 5727 1578 5806 Recognitionibus,
1620 5747 1740 5802 qua:
1789 5748 2018 5803 apocry-

2125 5525 2240 5648 ΒΜ
2275 5542 2416 5598 saepe
2440 5529 2682 5586 diximus
2728 5531 2797 5586 ab
2839 5532 3111 5593 Ebiouazis
3165 5537 3338 5596 fuisse
3388 5550 3699 5614 depravata.

2170 5598 2354 5648 aulum
2397 5601 2702 5648 anostnlum
2733 5603 2957 5648 citatum
2997 5609 3226 5648 invnniri
3307 5611 3348 5648 Ω
3427 5613 3502 5648 ιι..
3555 5614 3699 5648 διο...

2170 5598 2354 5669 aulum
2397 5601 2702 5667 apostolum
2733 5603 2958 5659 citatum
2996 5609 3252 5667 inveniri.
3307 5611 3372 5666 (Ξ.
3425 5598 3502 5668 6ο
3533 5598 3702 5669 addicto

2125 5666 2544 5751 illo-vidc,‘qu:e
2582 5685 2687 5751 nos
2717 5676 3072 5751 exposuimus
3115 5666 3446 5751 Naclmpost.
3476 5666 3696 5740 Ζεᾶᾱιι.

2127 5689 2220 5720 ιιιυ
2260 5689 2544 5738 numqua:
2582 5689 2687 5726 nos
2717 5689 2782 5727 ex
2824 5689 3072 5733 osmmus
3115 5689 3236 5735 Nae.

2127 5752 2190 5802 ιι,
2222 5737 2346 5792 591.
2383 5739 2440 5794 ὃ.
2480 5738 2552 5810 μὴ
2581 5739 2656 5795 δῶ
2679 5759 2735 5796 τε
2861 5742 3122 5804 ῡιιεδεει..
3234 5759 3236 5761 ’
