4040 6146
344 5473 355 5481 -
459 5436 636 5496 video.
676 5436 985 5494 Proximum
1026 5443 1116 5492 καῖ
1156 5455 1267 5492 οιιι.
1300 5436 1365 5492 0.

445 234 552 292 ιετ

1305 232 1359 285 S.
1401 228 1788 285 CLEMENTIS
1826 228 1846 283 l
1900 231 2062 289 ROM.
2106 231 2301 287 PONT.
2344 233 2572 288 OPERA
2611 233 2838 292 DUBIA.

3586 232 3690 288 423

448 344 699 415 potuerit,
728 343 806 397 sic
834 355 1052 410 quoque
1081 340 1252 394 bonus
1277 347 1379 404 est,
1405 339 1534 407 quia
1560 337 1676 390 vult
1705 352 1804 390 nec
1833 319 2006 407 potest
2035 393 2037 398 ,

2120 355 2273 404 ναιτο,
2313 340 2405 391 καὶ
2438 339 2608 402 οὕτως
2641 340 2842 411 ἁγαθός
2868 341 3032 408 ἐστιν,
3067 343 3148 395 ὅτι
3181 309 3320 396 θέλει
3357 343 3475 414 μὶν,
3511 342 3572 398 οὑ
3602 343 3694 397 δὸ-

449 446 664 502 tamen;
695 445 749 490 et
789 436 843 488 in
874 450 984 504 quo
1019 440 1284 502 potestate
1318 438 1486 495 caret,
1519 429 1762 482 omnium
1793 437 1878 484 est
1914 444 2014 499 po-

451 527 808 590 tentissimus,
856 525 1114 594 quoniam
1159 504 1523 590 alteri'posse
1575 535 1682 575 non
1733 521 2011 590 competit.

450 618 609 684 Quod
635 617 680 672 si
711 617 849 671 alius
874 614 998 684 quis
1038 598 1348 681 potentiam.
1377 611 1556 676 habet,
1587 621 1640 665 et
1681 621 1788 666 non
1823 626 2011 666 emen-

450 712 561 774 dat,
588 708 641 762 in
665 723 730 762 eo
764 706 906 776 quod
932 703 1168 773 potentia
1199 701 1456 771 praeditus
1491 717 1600 755 non
1631 703 1873 772 corrigit,
1897 718 2015 758 ma-

450 802 537 856 lus
565 814 684 854 esse
733 796 1066 864 intelligitur,
1106 808 1215 847 non
1254 807 1510 847 coercens
1539 806 1686 858 eum,
1718 793 1874 862 quasi
1896 792 2016 862 ejus

450 891 703 961 operibus
736 886 1053 941 delectetur.
1087 883 1182 938 Sin
1222 895 1402 939 autem
1435 900 1534 938 nec
1559 884 1646 938 ille
1672 892 1868 952 potest,
1894 899 2014 940 me-

449 983 550 1037 lior
574 989 674 1045 est,
707 979 821 1049 qui,
850 993 973 1033 cum
1005 991 1067 1031 ea
1107 986 1374 1045 potestate
1403 977 1696 1030 destitutus
1714 975 1805 1040 sit,
1835 984 2013 1030 tamen

446 1089 544 1143 pro
569 1072 777 1125 viribus
806 1084 907 1124 nos
938 1067 1215 1122 beneﬁciis
1253 1066 1471 1121 afﬁcere
1498 1081 1608 1120 non
1631 1066 1870 1137 negligit.

521 1162 606 1216 Vl.
635 1161 699 1215 Et
721 1161 909 1215 Simon
947 1177 960 1212 :
988 1157 1220 1224 Quando
1256 1157 1322 1212 de
1351 1157 1579 1227 singulis
1603 1171 1725 1226 quae
1751 1155 2013 1226 prOposui

446 1257 659 1309 locutus
697 1251 903 1317 fueris,
943 1251 1040 1304 tibi
1086 1250 1310 1304 malitiae
1354 1259 1631 1303 auctorem
1684 1248 2012 1314 declarabo;

445 1359 559 1401 tum
591 1351 645 1400 et
667 1345 734 1399 ad
763 1360 883 1413 qua:
903 1341 1088 1397 dixisti
1121 1340 1461 1410 respondebo
1491 1341 1608 1406 tibi,
1636 1357 1909 1411 quemque
1934 1342 2017 1396 ais

447 1439 614 1514 Deum
661 1437 1020 1505 inculpatum,
1053 1432 1227 1501 culpa:
1273 1430 1558 1500 subiacere
1603 1432 1907 1487 ostendam.
1939 1433 2017 1486 Ac

444 1530 639 1585 Petrus
676 1546 691 1584 :
742 1527 1013 1594 Quoniam
1050 1541 1116 1579 ex
1169 1524 1260 1590 iis,
1302 1538 1424 1593 qua:
1458 1524 1526 1577 ab
1575 1524 1730 1578 initio
1751 1524 2014 1594 loqueris,

446 1621 821 1680 animadverto
851 1627 904 1674 te
933 1617 1068 1671 nihil
1098 1616 1244 1670 aliud
1281 1615 1486 1680 conari,
1521 1629 1684 1684 quam
1712 1615 1786 1668 uti
1825 1613 2016 1682 Deum,

2113 445 2266 481 ναται
2303 429 2380 482 δέ·
2417 430 2508 482 καὶ
2541 432 2597 481 ἐν
2627 423 2671 497 ᾧ
2709 431 2960 485 ἀδυνατεῖ
2990 432 3208 487 πάντων
3244 435 3359 488 ἐστὶ
3396 433 3695 490 δυνατώτα-

2109 539 2220 586 τος,
2269 522 2350 574 ὅτι
2383 520 2459 592 μὴ
2510 522 2681 593 ἑτέρῳ
2725 523 2788 576 τὸ
2831 525 3052 580 δυνατὸν
3103 527 3505 582 καταλείπεται.
3539 528 3602 581 Et
3629 527 3693 592 δι

2112 613 2227 666 ἐστί
2268 629 2354 675 τις
2400 612 2586 683 ἕτερος
2626 614 2867 681 δυνατὸς,
2914 617 3008 670 καὶ
3052 617 3125 689 μὴ
3151 619 3432 690 κατορθῶν
3464 621 3532 685 ’³,
3557 622 3617 673 ὲν
3645 612 3695 690 ᾧ

2111 702 2528 795 δυνατὸς-ὣνῗμὴ
2568 705 2837 795 κατορθοῖ,
2866 707 3100 779 πονηρὸς
3123 707 3196 762 ὢν
3221 709 3587 782 ὡμολόγηται,
3615 712 3694 784 μὴ

2112 793 2515 864 παύων-αὑτὸν,
2549 793 2624 857 ὡς
2654 800 2765 859 τοῖς
2793 797 2882 850 ὑπ’
2905 797 3067 850 αὑτοῦ
3095 799 3391 869 γινομένοις
3415 801 3690 872 ἡδόμενος.

2113 888 2176 940 Et
2223 889 2280 942 δὲ
2317 889 2426 942 οὐδ’
2480 888 2639 952 αὑτὸς
2686 889 2926 952 δύναται,
2974 891 3234 962 κρείττων
3271 895 3315 924 ⁷⁵
3355 895 3383 946 6
3429 893 3565 964 πρὸς
3615 892 3698 966 τῷ

2113 981 2392 1035 ἀδυνατεῖν
2434 979 2572 1034 κατὰ
2615 980 2678 1034 τὸ
2719 981 2942 1035 δυνατὸν
2986 983 3290 1056 εὐεργετεῖν
3340 973 3486 1056 ἡμᾶς
3509 985 3558 1016 ⁷⁵
3593 983 3702 1039 οὐκ

2113 1072 2305 1126 ὀκνῶν.
3389 1107 3396 1113 ι

2185 1159 2270 1215 Vl.
2300 1163 2410 1214 Kal
2453 1163 2481 1215 6
2518 1161 2720 1232 Σίμων·
2763 1163 2929 1217 Ὅταν
2953 1163 3000 1195 ⁷⁸
3025 1164 3104 1228 είς
3149 1165 3377 1218 ἕκαστον
3423 1159 3499 1220 ὧν
3531 1163 3706 1238 προέ-

2113 1269 2264 1306 τεινα
2314 1253 2616 1325 διαλεχθῇς,
2653 1256 2735 1308 σοὶ
2785 1256 2884 1326 τῆς
2936 1255 3134 1320 κακίας
3162 1256 3252 1330 τὸν
3298 1257 3468 1311 αἴτιον
3512 1258 3700 1324 δείξω.

2115 1345 2248 1398 Τότε
2280 1351 2325 1382 ⁷⁷
2350 1362 2430 1398 σοι
2465 1346 2558 1399 καὶ
2583 1346 2718 1418 πρὸς
2742 1345 2778 1400 ἃ
2810 1346 3037 1418 εἴρηκας
3062 1349 3482 1420 ἀποκρινοῦμαι,
3517 1351 3610 1403 καὶ
3636 1349 3704 1403 ὃν

2115 1438 2221 1509 φῂς
2253 1437 2385 1490 Θεὸν
2407 1437 2713 1508 ἄμεμπτον,
2737 1439 2844 1492 ὑπὸ
2871 1439 3075 1510 μέμψιν
3102 1437 3239 1494 εἶναι
3262 1441 3548 1509 ἀποδείξω.
3584 1443 3706 1497 Kal

2114 1531 2144 1582 6
2176 1530 2398 1600 Πέτροςο
2443 1529 2660 1600 Ἐπειδὴ
2700 1531 2794 1599 ἀφ’
2838 1523 2914 1585 ὧν
2946 1531 3041 1583 ἀπ’
3083 1533 3257 1602 ἀρχῆς
3303 1532 3512 1605 φθέγγῃ
3566 1550 3702 1588 συν-

2115 1620 2221 1672 νοῶ
2248 1637 2308 1674 σε
2349 1621 2514 1692 μηδὲν
2548 1620 2733 1694 ἓτερον
2765 1620 3149 1688 σπουδάζοντα,
3175 1623 3207 1695 ἤ
3237 1624 3312 1686 ὡς
3342 1625 3538 1686 κακίας
3561 1627 3710 1696 ήγεο

447 1716 733 1785 tanquam'
776 1712 996 1767 malitiae
1074 1709 1414 1780 principem,
1486 1709 1659 1777 culpae
1722 1707 2020 1777 subjicias,

2125 1711 2260 1780 μόνα
2282 1711 2373 1766 τὸν
2396 1712 2528 1765 Θεὸν
2552 1712 2870 1766 ὑποϐάλλειν
2897 1713 3120 1785 μέμψει,
3148 1715 3468 1787 προῄρημαι
3493 1717 3705 1782 πάσαις

447 1808 610 1866 statui
638 1822 732 1877 per
750 1820 942 1859 omnes
956 1818 1094 1874 quas
1107 1801 1345 1856 volueris
1365 1801 1481 1854 vias
1500 1809 1550 1854 te
1566 1799 1881 1853 comitando
1904 1814 2016 1853 ma-

447 1896 916 1963 nifestare,Deum
947 1903 1098 1949 extra
1133 1908 1351 1948 omnem
1371 1893 1585 1963 culpam
1612 1888 2017 1950 esse.DixitSi-

448 2007 575 2045 mon
603 2009 616 2044 :
660 1989 765 2044 ista
797 1985 1033 2058 profers,
1062 1984 1206 2040 velut
1253 1999 1446 2038 amans
1481 1983 1647 2038 Deum
1681 1997 1840 2052 quem
1871 1980 2016 2034 arbita

447 2082 631 2148 traris,
659 2081 752 2135 sed
782 2094 944 2134 verax
977 2093 1084 2132 non
1117 2091 1196 2131 es.
1224 2073 1292 2128 Et
1335 2073 1527 2129 Petrus
1561 2093 1574 2128 :
1608 2072 1689 2127 Tu
1716 2086 1847 2126 vero
1885 2083 2006 2140 pro-

448 2174 580 2241 fers,
633 2173 775 2228 sicut
823 2171 1036 2236 maliis,
1084 2169 1211 2223 odio
1262 2182 1600 2238 prosequens
1640 2165 1810 2220 Deum
1853 2177 2016 2232 quem

448 2271 688 2340 ignoras,
731 2268 1077 2337 blasphemas
1101 2263 1379 2318 dimittens
1412 2276 1593 2316 voces.
1629 2259 1860 2313 Simon:
1907 2254 2019 2309 Me-

448 2376 569 2415 mor
595 2368 734 2424 esto,
760 2357 907 2428 quod
938 2371 1023 2411 me
1066 2353 1288 2408 malitiae
1319 2350 1546 2422 principi
1589 2344 2014 2418 comparaveris.

447 2451 681 2507 Petrus:
729 2450 946 2513 Fateor,
989 2446 1157 2501 falsus
1203 2460 1348 2507 sum,
1395 2455 1720 2511 comparans
1752 2447 1803 2493 te
1852 2438 2015 2491 malo.

446 2544 685 2599 Coactus
707 2542 852 2597 enim
899 2539 1001 2606 fui,
1045 2538 1302 2607 quoniam
1349 2549 1456 2588 non
1495 2531 1674 2586 inveni
1701 2529 1796 2585 tibi
1836 2542 2008 2598 aequa-

452 2639 577 2702 lem,
609 2645 704 2690 aut
727 2635 964 2704 pejorem
997 2646 1162 2700 quam
1187 2639 1264 2682 tu.
1296 2626 1426 2680 Eam
1449 2626 1520 2679 ob
1546 2639 1768 2678 causam
1797 2630 1850 2674 te
1873 2621 2018 2674 malo

449 2722 761 2792 comparavi
792 2741 805 2775 :
840 2735 961 2773 nam
997 2719 1160 2772 etiam
1193 2716 1412 2770 malitiae
1443 2713 1685 2782 principe
1724 2711 1896 2764 multo
1927 2725 2022 2779 pe-

445 2817 536 2886 jor
558 2830 638 2868 es.
662 2812 797 2865 Nam
827 2812 1026 2864 malum
1053 2823 1212 2862 nemo
1234 2805 1519 2860 ostendere
1545 2811 1718 2872 potest
1745 2800 1852 2854 Deo
1875 2801 2024 2853 oblo-

449 2906 576 2976 qui;
607 2913 658 2959 te
685 2917 814 2956 vero
843 2899 1175 2954 conﬁdenter
1212 2895 1496 2952 detrahere
1519 2893 1720 2957 cuncti,
1752 2901 2020 2960 quotquot

452 2999 743 3064 adsumus;
767 2994 1040 3048 videmus.
1077 2993 1152 3046 Ac
1195 2988 1427 3043 Simon:
1461 2985 1562 3052 Qui
1597 2983 1874 3064 veritatem
1920 3000 2019 3039 an-

451 3091 640 3160 quirit,
683 3088 820 3144 nulli
873 3086 983 3140 uilo
1036 3083 1200 3139 modo
1249 3081 1409 3137 debet
1465 3078 1757 3152 gratificari
1812 3077 2016 3148 aliquid

453 3193 648 3257 praeter
672 3182 722 3237 id
756 3180 901 3252 quod
929 3187 1030 3233 est.
1065 3174 1281 3244 Alioqui
1324 3189 1422 3230 cur
1446 3181 1500 3226 et
1527 3171 1792 3242 principio
1825 3169 2020 3239 anqui-

453 3278 556 3332 rit?
586 3273 726 3341 Quid
761 3286 912 3336 vero,
939 3282 1122 3322 nonne
1160 3279 1262 3336 ego
1284 3277 1502 3334 quoque
1535 3275 1780 3329 possum,
1813 3258 2020 3312 omisso

453 3383 638 3423 rerum
655 3361 898 3436 diligenti
917 3360 1186 3424 examine,
1213 3357 1267 3412 in
1287 3355 1474 3410 laudes
1490 3353 1607 3418 Dei,
1627 3367 1788 3423 quem
1805 3351 2016 3421 ignoro,

452 3473 616 3513 omne
645 3471 824 3511 meum
858 3463 1069 3523 tempus
1098 3446 1452 3520 impendere?

524 3550 636 3606 VII.
667 3549 806 3604 Tum
845 3547 1073 3602 Petrus:
1110 3540 1228 3595 Non
1278 3540 1414 3595 adeo
1457 3538 1650 3592 beatus
1679 3550 1760 3600 es,
1797 3540 1860 3586 ut
1893 3545 2018 3585 eum

453 3644 707 3700 laudibus
734 3656 799 3696 ac
822 3638 1038 3711 hymnis
1064 3634 1280 3697 eﬂ'eras,
1315 3631 1410 3688 sed
1439 3645 1538 3684 nec
1573 3629 1676 3682 hoc
1703 3627 1907 3681 bonum
1940 3620 2021 3676 ia-

451 3753 576 3793 cere
601 3746 772 3806 potes.
796 3731 929 3786 Nam
953 3745 1018 3785 eo
1043 3729 1238 3798 plenus
1258 3739 1429 3779 esses.
1459 3721 1550 3776 Sic
1571 3719 1738 3783 enim,
1761 3716 1852 3787 qui
1877 3728 2022 3768 men-

455 3831 546 3884 tiri
575 3813 765 3891 nescit,
789 3833 975 3878 noster
1002 3822 1193 3875 doctor
1213 3816 1524 3888 praedicavit
1547 3833 1562 3869 :
1590 3811 1672 3866 Ea:
1693 3807 2023 3865 abundantia

455 3919 630 3972 cordis
675 3934 732 3970 os
773 3913 1020 3984 loquitur;
1055 3922 1105 3965 ι.
1167 3908 1316 3964 Unde
1362 3916 1419 3960 tu
1449 3947 1466 3972 ,
1529 3903 1813 3959 abundans
1879 3899 2020 3952 mala

454 4007 732 4061 voluntate
747 4010 964 4072 pr0pter
983 3993 1624 4069 ignorantiam,detrahis
1638 3994 1703 4047 de
1733 3991 1849 4047 solo
1878 3990 2022 4064 bono

457 4098 589 4164 Deo,
618 4094 848 4150 necdum
883 4108 980 4162 pro
1008 4089 1199 4145 merito
1229 4102 1417 4142 eorum
1455 4101 1578 4155 qua:
1605 4083 1843 4138 ell‘utiisti
1871 4090 2022 4152 pate-

459 4189 556 4244 ris.
603 4185 659 4242 Si
695 4185 964 4256 judicium
1008 4181 1124 4236 fore
1168 4196 1276 4236 non
1329 4174 1526 4242 credis,
1561 4174 1699 4229 forte
1742 4181 1796 4227 et
1845 4185 2023 4242 neque

457 4279 625 4332 Deum
646 4285 807 4346 putas
827 4273 1109 4329 exsistere.
1131 4268 1302 4333 Unde,
1330 4275 1533 4321 tantam
1554 4262 1673 4332 ejus
1699 4277 1807 4315 non
1831 4274 2023 4330 capes-

2115 1797 2204 1865 αἷς
2225 1802 2391 1874 376
2415 1802 2592 1874 βούλει
2623 1804 2669 1845 ⁷⁸
2691 1804 2829 1867 ὁδοῖς
2860 1806 3154 1861 συνοδεύων
3173 1807 3342 1874 δεῖξαι
3373 1809 3464 1871 τὸν
3485 1808 3532 1846 τ’
3565 1811 3702 1864 Θεὸν

2115 1893 2296 1964 πάσης
2369 1893 2629 1964 μέμψεως
2681 1894 2838 1959 ἐκτὸς
2879 1895 3024 1949 ὄντα.
3074 1897 3183 1950 Kal
3240 1899 3269 1950 6
3326 1898 3509 1969 Σίμων
3569 1901 3696 1973 ἔφη·

2115 1984 2299 2040 Ταῦτα
2329 1985 2404 2049 ὡς
2427 1985 2655 2054 ἀγαπῶν
2682 1985 2812 2040 Θεὸν
2837 1987 2896 2040 ὃν
2927 1987 3214 2060 νενόμικας
3235 1990 3428 2058 λέγεις,
3457 1991 3573 2044 ἀλλ’
3599 1994 3701 2047 οὑκ

2115 2074 2418 2147 ἀληθεύεις.
2441 2076 2550 2132 Kal
2572 2079 2600 2128 6
2629 2075 2856 2146 Πέτροςο
2879 2077 2950 2130 Σὺ
2977 2077 3035 2129 δὲ
3060 2077 3135 2138 ὡς
3161 2079 3330 2142 κακὸς
3347 2080 3519 2150 μισῶν
3541 2081 3699 2146 Θεὸν,

2115 2167 2175 2221 ὃν
2203 2167 2494 2255 ἠγνόησας,
2531 2168 2880 2239 βλασφήμως
2913 2169 3080 2241 ἀφίης
3107 2170 3152 2202 ⁸ο
3181 2171 3381 2239 φωνάς.
3418 2172 3528 2225 Kal
3561 2176 3590 2227 6
3613 2174 3703 2226 Σί-

2121 2276 2254 2330 μων·
2291 2260 2609 2332 Μνημόνευε
2633 2261 2715 2314 ὅτι
2747 2278 2813 2331 με
2843 2261 3039 2325 κακίας
3071 2263 3295 2334 ἡγεμόνι
3332 2266 3698 2336 παρείκασας.

2117 2351 2228 2403 Kal
2251 2353 2280 2404 6
2312 2350 2538 2424 Πέτρος·
2582 2350 2877 2422 Ὀμολογῶ,
2920 2351 3234 2425 ἐψευσάμην
3267 2355 3607 2426 παρεικάσας
3636 2371 3699 2411 σε

2117 2439 2196 2513 τῷ
2227 2441 2466 2514 πονηρῷ,
2515 2441 2863 2512 ἠναγκάσθην
2899 2442 3006 2514 γὰρ
3048 2445 3141 2498 ἐπὶ
3173 2444 3251 2515 τῷ
3280 2445 3354 2518 μὴ
3396 2447 3574 2520 εὑρεῖν
3607 2448 3702 2501 τόν

2121 2550 2204 2588 σοι
2233 2533 2276 2565 ⁸⁸
2309 2533 2420 2585 ἴσον
2445 2532 2478 2605 ἢ
2507 2533 2602 2586 καὶ
2644 2533 2884 2604 χείρονα.
2929 2533 3129 2588 Τούτου
3169 2536 3330 2591 ἓνεκα
3365 2538 3444 2608 τῷ
3475 2539 3704 2612 ’πονηρῷ

2121 2641 2180 2677 σε
2207 2623 2536 2695 παρείκασα.
2562 2624 2635 2676 Σὺ
2676 2622 2786 2694 γὰρ
2807 2623 2852 2654 ⁸²
2884 2626 2976 2677 καὶ
3010 2625 3106 2679 τοῦ
3145 2626 3243 2697 τῆς
3274 2630 3470 2694 κακίας
3496 2631 3708 2702 ἡγεμό-

2119 2733 2207 2778 νος
2240 2715 2420 2786 πολλῷ
2456 2715 2814 2786 πονηρότερος
2851 2715 3152 2786 τυγχάνεις.
3186 2719 3289 2773 Τὸν
3325 2719 3432 2792 γὰρ
3463 2721 3709 2793 πονηρὸν

2117 2806 2292 2872 οὐδεὶς
2323 2806 2649 2859 κατειπόντα
2673 2806 2806 2860 Θεοῦ
2847 2806 3019 2873 δεῖξαι
3047 2807 3287 2874 δύναται,
3324 2810 3384 2862 σὲ
3405 2810 3462 2884 δε
3496 2811 3711 2884 τολμη-

2121 2895 2232 2968 ρῶς
2278 2895 2645 2964 καταλέγοντα
2693 2897 2744 2949 oi
2794 2896 2994 2960 πάντες
3052 2899 3315 2969 παρόντες
3355 2882 3706 2972 ἱστοροῦμεν.

2121 2992 2230 3043 Καὶ
2279 2991 2308 3043 6
2357 2989 2559 3061 Σίμων’
2607 2990 2664 3044 '0
2711 2989 2966 3062 ἀλήθειαν
3010 2990 3057 3024 ⁸³
3109 2990 3286 3063 ζητῶν
3330 2993 3486 3046 οὐδὲν
3526 2995 3714 3051 οὑδενὶ

2119 3081 2319 3152 ὀφείλει
2368 3080 2519 3151 παρά
2566 3079 2628 3133 τὸ
2666 3079 2726 3134 ὸν
2778 3078 3112 3150 χαρίζεσθαι.
3173 3081 3326 3136 Ἐπεὶ
3370 3083 3424 3136 τί
3475 3085 3576 3138 καὶ
3607 3087 3718 3160 τὴν

2118 3173 2290 3248 ἀρχὴν
2317 3172 2495 3244 Caesi;
2524 3172 2587 3224 Τί
2611 3171 2668 3224 δὲ
2703 3173 2796 3226 καὶ
2820 3169 2930 3241 ἐγὼ
2954 3173 3014 3226 οὑ
3044 3172 3296 3245 δύναμαι,
3325 3161 3525 3247 παρεὶς
3551 3179 3722 3250 ἀκριψ

2118 3264 2247 3326 βοῦν
2287 3263 2355 3316 τὰ
2397 3263 2719 3335 πράγματα,
2763 3263 2842 3326 είς
2883 3260 3154 3334 ἐγκώμιον
3181 3259 3242 3320 οὑ
3281 3267 3368 3339 μὴ.
3402 3266 3719 3341 ἐπίσταμαι

2117 3353 2252 3409 θεοῦ
2283 3353 2375 3408 τὸν
2399 3353 2577 3409 πάντα
2603 3370 2706 3425 μου
2730 3352 2974 3425 δαπανᾷν
2998 3354 3224 3427 χρόνον;

2191 3526 2303 3582 VII.
2335 3526 2448 3580 Kal
2476 3528 2504 3580 6
2536 3526 2757 3598 Πέτρος’
2793 3525 2930 3580 Οὔτε
2977 3527 3228 3582 τοσοῦτον
3253 3529 3300 3562 ⁸⁸
3330 3525 3385 3584 ei
3429 3535 3718 3608 μακάριος

2120 3620 2281 3674 αὑτὸν
2307 3621 2515 3690 ὑμνεῖν,
2550 3617 2672 3672 οὑτε
2704 3619 2812 3690 μὴν
2843 3618 2903 3670 τὸ
2941 3619 3141 3686 ἀγαθὸν
3173 3621 3330 3674 τοῦτο
3359 3624 3592 3694 ποιῆσαι
3620 3627 3716 3681 δύ-

2120 3729 2297 3766 νασαι.
2336 3709 2512 3764 Αὑτοῦ
2550 3708 2660 3779 γὰρ
2699 3709 2914 3780 πλήρης
2943 3709 3008 3762 ἂν
3037 3706 3122 3782 ἦς.
3157 3711 3311 3764 Οῦτω
3336 3713 3447 3784 γὰρ
3472 3718 3502 3769 ὁ
3538 3718 3714 3789 ἀψευ-

2120 3804 2214 3875 δὴς
2244 3801 2398 3873 ήμῶν
2423 3796 2542 3853 εἷπε
2569 3798 2900 3862 διδάσκαλοςο
2942 3799 3043 3854 Ἐκ
3059 3805 3541 3874 περισσεύματος
3567 3827 3714 3879 παρ-

2120 3896 2252 3961 δίας
2309 3895 2504 3962 στόμα
2547 3892 2743 3946 λαλεῖ.
2814 3891 2976 3946 Ὅθεν
3034 3893 3098 3946 σὺ
3143 3895 3188 3926 ⁸⁸
3241 3901 3714 3972 πρισσευόμενος

2121 3985 2432 4058 προαιρέσει
2457 3986 2624 4054 κακῇ,
2639 3983 2860 4052 ἀγνοίας
2879 3984 3048 4054 αἰτίᾳ,
3069 3986 3389 4057 καταλέγεις
3410 3990 3585 4064 3⁷7
3612 3994 3712 4048 τοῦ

2125 4081 2285 4151 μόνου
2338 4077 2541 4149 ἀγαθοῦ
2593 4075 2750 4140 Θεοῦ,
2812 4078 2907 4130 καὶ
2975 4079 3140 4149 μήπω
3163 4077 3212 4112 ⁸⁸
3240 4083 3358 4136 κατ’
3397 4085 3564 4150 ἀξίαν
3605 4089 3716 4143 πά-

2123 4188 2264 4242 σχων
2288 4164 2361 4225 ὧν
2393 4171 2694 4242 ἐτόλμησας
2728 4168 2924 4237 λέγειν.
2960 4171 3022 4222 Ei
3057 4172 3236 4244 κρίσιν
3275 4173 3379 4228 οἴει
3402 4177 3449 4209 ⁸⁷
3483 4179 3563 4251 μὴ
3588 4180 3717 4234 εσε-

2122 4266 2265 4329 σθαι,
2287 4265 2428 4336 τάχα
2455 4265 2514 4319 δὲ
2541 4265 2678 4336 μηδὲ
2713 4265 2758 4296 ⁸⁸
2781 4261 2920 4319 εἶναι
2949 4263 3080 4318 Θεὸν
3117 4265 3375 4338 νομίζεις.
3416 4271 3587 4326 ’Ὀθεν
3611 4274 3716 4346 τῆς

457 4371 584 4426 se'ns
615 4366 952 4439 patientiam,
991 4372 1044 4418 te
1091 4360 1265 4430 magis
1301 4373 1366 4413 ac
1407 4356 1583 4426 magis
1614 4354 1681 4410 ad
1711 4351 2017 4408 vecordiam

2122 4357 2386 4430 τοσαύτης
2416 4359 2580 4412 αὑτοῦ
2617 4358 2993 4430 μακροθυμίας
3027 4359 3126 4412 οὑκ
3171 4361 3718 4438 ἀντιλαμϐανόμενος

455 4461 722 4519 extendis.
753 4457 818 4512 Et
846 4455 1036 4511 Simon
1065 4470 1080 4507 :
1116 4451 1195 4506 Ne
1222 4464 1406 4520 speres
1429 4447 1575 4518 quod
1606 4461 1692 4501 me
1719 4445 1914 4500 timore
1933 4443 2021 4498 di-

459 4562 706 4609 maturus
747 4550 845 4614 sis,
878 4563 945 4602 ne
973 4561 1004 4600 a
1051 4554 1102 4599 te
1135 4557 1375 4614 quaeram
1416 4538 1790 4609 exemplorum
1822 4535 2026 4590 verita-

459 4655 590 4702 tem.
621 4643 734 4712 Ego
759 4641 905 4697 enim
937 4638 1071 4693 adeo
1100 4634 1341 4692 veritatis
1369 4647 1492 4691 sum
1515 4637 1796 4703 appetens,
1823 4637 1884 4684 ut
1904 4627 2024 4699 ejus

525 4793 554 4822 II
583 4777 776 4833 Matth.
809 4790 908 4842 xu,
945 4771 1035 4829 54.

2125 4451 2217 4502 ἐπὶ
2248 4450 2426 4503 πλεῖον
2456 4450 2590 4522 πρὸς
2622 4452 2877 4506 ἀπόνοιαν
2917 4442 3078 4508 αὑτὸν
3107 4453 3382 4518 ὲκτείνεις.
3430 4458 3544 4511 Kal
3564 4461 3594 4512 6
3623 4460 3716 4513 Σί-

2127 4558 2262 4614 μων’
2293 4543 2384 4614 Μὴ
2410 4541 2592 4607 ἔλπιζε
2625 4543 2772 4615 φόϐῳ
2800 4545 3140 4617 δυσωπήσειν
3175 4562 3263 4616 με,
3297 4547 3375 4619 μὴ
3410 4549 3600 4622 ζητεῖν
3629 4569 3716 4606 σοι

2121 4632 2231 4687 τῶν
2255 4633 2704 4707 παραδειγμάτων
2742 4634 2812 4690 τά
2847 4635 3042 4708 ἀληθῆ.
3101 4635 3241 4706 Ἐγὼ
3286 4637 3400 4711 γὰρ
3452 4641 3719 4697 τοσοῦτον

1746 4945 1979 5004 VARle
2018 4940 2419 5000 LECTIONES.

528 5094 575 5125 "
603 5091 681 5146 Ita
705 5089 767 5162 ,0
814 5106 864 5146 c.
900 5091 969 5162 (Ζ,
989 5086 1800 5162 wagepboﬁvﬂutraque‘Cieriei_
1816 5081 2213 5162 editio.__h}rr'at
2236 5079 2396 5162 S‘de
2417 5077 2488 5162 ιϐ.

2588 5079 2637 5151 7⁸
2659 5078 2927 5151 κρείττων
2951 5076 2996 5131 0
3047 5087 3101 5132 et
3121 5093 3322 5151 margo
3351 5079 3395 5136 C
3426 5124 3444 5148 ,
3469 5083 3717 5151 κρείττω

459 5172 660 5217 textus.
701 5161 838 5230 Tum
867 5157 930 5214 1’5
954 5147 1202 5230 '0.
1277 5159 1324 5191 ⁷⁸
1354 5147 1513 5230 ήμᾶςῄ
1527 5157 1829 5230 εὐεργετεῖν
1862 5155 1953 5230 (3.Δ
1998 5154 2043 5187 ’⁸
2070 5153 2146 5206 ὅτ’
2183 5153 2250 5230 ἄν
2282 5152 2343 5205 C.
2375 5148 2518 5230 Idem
2571 5147 2854 5230 διαλεχθῇς
2899 5163 2965 5230 εξ
3010 5147 3612 5230 (ξυιιὶιιριζβδιαλεχθείς
3653 5155 3709 5207 in

461 5242 646 5296 textu,
691 5241 751 5285 ut
783 5228 846 5285 0.
922 5221 968 5262 τί
1013 5221 1096 5283 ita
1127 5227 1171 5282 0
1217 5239 1270 5283 et
1295 5221 1635 5296 ex'conjeetC
1659 5221 1700 5279 Ε
1730 5267 1745 5292 ,
1774 5223 2154 5296 κὶιιῌοιιίειεκιιι
2178 5221 2328 5274 πότε.

2407 5219 2453 5250 ’⁸
2483 5218 2659 5288 βουλεί
2687 5215 2819 5288 dedi
2839 5234 2892 5288 (εὶ
3019 5235 3069 5286 p.
3099 5215 3243 5287 vulg.
3274 5215 3710 5276 forrnfsoimca

463 5285 664 5384 $662.13;
711 5301 760 5384 ’ξ
797 5301 888 5354 τόν
923 5300 1146 5384 adjunxi
1168 5315 1218 5384 c.
1253 5298 1344 5384 0.‘
1395 5297 1444 5384 ’ξ
1485 5285 1643 5384 ἀφεῖς
1671 5285 1906 5384 ϐ’ξφῇς
1933 5285 2063 5384 isie)
2095 5293 2170 5346 id.
2194 5309 2259 5384 ei:
2281 5285 2558 5384 conject...
2583 5288 2742 5384 ἀφείς
2864 5285 3125 5384 Reingeps
3153 5285 3388 5359 ἡγεμόνι
3441 5289 3487 5346 0
3538 5301 3608 5373 et.
3640 5307 3712 5346 ex
3767 5329 3775 5337 ι

458 5365 689 5441 conject.
721 5369 762 5425 (Σ
801 5412 816 5436 ,
853 5372 943 5439 qui
979 5365 1033 5424 i'n
1075 5379 1221 5424 textu
1261 5368 1388 5441 egh.
1421 5365 1680 5441 ήγεμόνᾳ.
1722 5365 1798 5441 ‘f'

1925 5356 2160 5418 ctionem
2209 5356 2562 5415 Ottoboniani
2593 5373 2675 5409 σοι
2713 5357 2846 5426 (σόν
2869 5356 2931 5426 C)

588 5425 642 5521 9.
676 5425 985 5521 Proximum
1026 5443 1116 5521 καῖ
1156 5455 1281 5519 οιιι.⁹
1300 5436 1365 5492 0.
1516 5425 1660 5507 [ἐπεὶ
1684 5433 1816 5521 ﬂag
1841 5433 2126 5521 ρίησὺιγάρ
2149 5431 2223 5521 Ὀ.
2301 5427 2624 5521 "synagoga:
2655 5425 2778 5521 (sic)
2806 5425 2869 5478 0.
2941 5425 2997 5521 ἐι
3018 5426 3186 5521 Iltan
3210 5425 3270 5510 δε
3301 5425 3355 5482 8⁷
3393 5425 3464 5521 ξεῖ
3472 5445 3706 5521 1⁵11³1³8..

457 5494 708 5574 τοσοῦτος
736 5512 788 5563 in
825 5520 994 5578 textu.
1032 5509 1089 5562 ιιι
1114 5509 1358 5578 margine
1393 5494 1677 5578 utriusque
1695 5494 2062 5578 edil.'Clerici
2093 5494 2108 5556 Ξ
2147 5494 2469 5578 [ητοσοῦτοέ
2503 5495 2658 5578 Unde
2703 5496 2887 5576 lapsus
2911 5494 3294 5578 “Schgeigieri.

459 5580 652 5648 lacuna
679 5568 732 5634 in
761 5579 825 5634 0.
856 5577 917 5648 in
945 5580 1137 5632 eodem
1165 5568 1256 5648 pr:
1280 5593 1426 5648 man.
1456 5568 1749 5648 scripserat
1770 5573 2118 5648 προαιρέσινΖ
2181 5570 2228 5601 ⁸⁸
2243 5568 2361 5648 Pro

2989 5356 3046 5429 S_.
3079 5356 3326 5429 quoque
3342 5360 3711 5429 proposuisse

3393 5498 3443 5531 ⁸⁵
3471 5498 3582 5553 Pro
3639 5500 3709 5555 σύ

2593 5562 2786 5643 lacuna
2821 5566 2877 5643 in
2907 5562 2972 5618 0.
3033 5567 3092 5643 _‘"
3111 5562 3162 5643 j
3205 5565 3444 5639 [κρί]σιν
3493 5569 3586 5643 oin
3617 5570 3664 5625 Β
3687 5609 3712 5640 ,

460 5633 494 5718 ἦ
526 5633 578 5701 κ.
615 5633 804 5722 οἴης.
854 5647 1087 5717 Uterque
1125 5633 1246 5717 post
1268 5647 1486 5700 ἔσεσθαι
1517 5633 1668 5716 ponit
1715 5633 1996 5714 punctum.
2075 5641 2119 5672 ⁸⁸
2162 5639 2317 5710 map
2337 5633 2530 5707 καί]’(]
2559 5676 2574 5701 ,
2615 5635 2751 5706 μηδὲ
2774 5633 2838 5688 σύ
2867 5636 3076 5691 mavult
3109 5633 3165 5691 S'.
