4048 6146
446 381 553 438 ιὸὅ

1282 382 1341 438 S.
1379 379 1770 440 CLEMENTIS
1808 380 1827 434 l
1867 379 2028 436 ROM.
2071 375 2270 435 PONT.
2313 377 2542 434 OPERA
2569 375 2797 434 DUBIA.

3571 373 3675 428 456

446 499 694 567 inimica;
712 499 856 571 quod
884 495 1025 558 enim
1040 518 1257 576 semper
1271 505 1506 572 exsistit,
1523 506 2007 576 etiamperpessio-

2106 488 2300 557 ἐστινἸ
2332 483 2398 555 ’τὸ
2441 501 2549 572 γὰρ
2581 498 2726 554 άεὶδθ
2760 499 2820 553 ὃν
2850 498 2942 552 καὶ
2987 495 3194 559 ἀπαθές
3249 496 3428 558 ἐστιν,
3469 494 3680 559 ἀπαθὲς

445 591 534 646 nis
560 606 753 661 expers
773 601 878 660 est,
929 607 1122 664 expers
1156 605 1335 651 autem
1370 595 1738 667 perpessionis
1786 595 2004 648 beatum

445 685 550 744 est,
577 677 794 733 beatum
819 695 950 734 vero
973 683 1248 738 exsistens
1266 684 1671 738 inimicitiarum
1689 698 1860 752 capax
1885 697 2008 736 esse

444 770 654 839 nequit,
675 785 798 824 cum
817 781 1038 841 propter
1055 783 1317 829 aeternam
1333 775 1665 830 creationem
1692 789 1801 828 non
1819 789 2008 828 verea-

447 867 537 913 tur
561 875 835 930 quoquam
862 862 1087 930 privari.
1142 863 1262 930 Quo
1287 865 1447 920 modo
1475 873 1653 918 autem
1687 879 1795 918 non
1827 863 2008 934 potius

451 949 630 1018 diligit
665 959 966 1005 creatorem
1022 955 1280 1019 materia,
1315 969 1439 1009 cum
1469 954 1683 1010 fructus
1710 968 2009 1024 procreatis

447 1052 726 1111 appareat,
755 1052 816 1097 ut
865 1045 1179 1101 nutriantur
1229 1046 1413 1102 omnia
1456 1048 1526 1102 ab
1572 1049 1692 1117 ipso
1729 1046 1946 1101 condita
1984 1043 2009 1097 ?

445 1132 635 1188 Nonne
661 1135 846 1204 potius
876 1151 1000 1191 eum
1047 1146 1108 1192 ut
1145 1138 1248 1192 sibi
1292 1141 1629 1208 superiorem
1667 1139 1841 1204 timet,
1873 1152 2014 1208 quo-

445 1224 608 1279 modo
661 1234 715 1280 et
770 1233 925 1282 terrae
981 1229 1218 1283 motibus
1279 1238 1514 1286 tremens
1563 1230 1891 1294 conﬁtetur,
1954 1236 2010 1283 et

445 1317 776 1386 perturbatis
829 1319 987 1375 undis
1060 1319 1286 1375 Domino
1342 1322 1614 1392 naviganti
1675 1333 1703 1364 α
1762 1323 2008 1392 marique

447 1408 794 1463 serenitatem
844 1409 1129 1480 imperanti
1184 1411 1326 1465 haud
1381 1421 1703 1468 cunctanter
1750 1413 2010 1470 obediens

447 1497 721 1566 acquievit
751 1499 819 1553 ιτ
867 1498 1058 1556 Nonne
1086 1503 1252 1556 etiam
1292 1503 1570 1560 daemones
1619 1505 1784 1560 simul
1835 1505 2008 1560 territi

448 1603 512 1644 ac
549 1588 913 1643 venerabundi
960 1591 1162 1660 egressi
1207 1602 1366 1658 sunt,
1407 1593 1498 1648 alii
1537 1609 1666 1651 vero
1699 1610 1912 1660 eorum,
1950 1603 2010 1651 ut

449 1681 503 1734 in
535 1695 728 1750 porcos
756 1679 960 1736 intrare
980 1682 1082 1736 sibi
1111 1682 1317 1750 liceret,
1342 1686 1494 1754 prius
1517 1687 1807 1755 petendum
1853 1692 2010 1756 put‘a—

421 1773 598 1838 'bant,
637 1773 836 1843 quippe
867 1773 960 1844 qui
993 1774 1200 1844 absque
1221 1776 1368 1831 illius
1400 1792 1672 1835 consensu
1707 1793 1776 1834 ne
1796 1779 1850 1833 in
1883 1794 2008 1834 sues

421 1864 662 1933 quidem
695 1865 1024 1936 ingrediendi
1055 1865 1317 1921 haberent
1336 1877 1652 1938 potestatem
1683 1883 1703 1910 ο
1729 1871 1753 1925 ?

514 1952 632 2010 XV.
669 1954 734 2011 Et
786 1954 1012 2011 Simon:
1046 1955 1190 2022 Quid
1243 1973 1396 2026 vero,
1455 1961 1502 2014 si
1547 1960 1730 2016 anima
1783 1961 2001 2031 quidem

444 2047 651 2116 privata
677 2046 914 2102 indolem
961 2048 1156 2103 habeat
1185 2050 1328 2104 mala
1353 2065 1418 2105 ac
1453 2051 1598 2106 bona
1644 2051 1954 2122 ingignendi
1982 2053 2007 2106 ’ἰ

447 2137 744 2209 Respondit
773 2139 1003 2194 Petrus:
1042 2139 1154 2196 Hac
1202 2142 1415 2197 ratione
1473 2158 1650 2213 neque
1707 2144 1851 2198 bona
1895 2153 1998 2212 est,

447 2246 622 2301 neque
668 2233 842 2298 mala,
881 2233 1008 2300 quia
1045 2233 1243 2288 animae
1273 2249 1337 2289 ac
1393 2249 1593 2291 sensus
1638 2250 1837 2305 expers
1893 2236 2008 2305 agit

446 2322 564 2377 sine
589 2324 840 2379 consilio.
897 2324 1076 2392 Quare
1103 2327 1296 2401 ethoc
1326 2323 1553 2397 intelligi
1609 2336 1810 2398 potest,
1866 2343 2006 2397 quo-

447 2415 609 2470 modo
663 2418 862 2472 animae
922 2434 1120 2489 expers
1176 2427 1426 2488 procreet
1495 2419 1683 2492 anima
1741 2429 2004 2489 tanquam

445 2508 689 2576 praedita,
726 2517 780 2562 et
810 2509 1060 2579 quamvis
1103 2524 1268 2564 sensu
1315 2524 1509 2564 carens
1544 2525 1772 2579 corpora
1830 2509 2004 2564 artiﬁ-

447 2599 594 2653 ciosa
632 2615 755 2653 cum
791 2599 1113 2653 animalium
1149 2611 1263 2654 tum
1324 2600 1630 2669 plantarum
1661 2600 1874 2670 operari
1923 2600 2007 2654 vi-

447 2689 658 2743 deatur.
706 2689 844 2744 Tum
875 2689 1064 2744 Simon
1096 2689 1278 2756 :Quid
1327 2705 1480 2757 vero,
1513 2691 1558 2746 si
1590 2690 1734 2746 Deus
1763 2690 2004 2745 animam

445 2781 495 2832 ei
524 2779 796 2845 indiderit,
827 2795 1007 2834 nonne
1037 2796 1162 2836 reus
1202 2781 1263 2836 lit
1311 2781 1429 2851 ipse
1451 2783 1693 2847 illorum,
1743 2797 1864 2852 qua:
1899 2782 2005 2838 sibi

445 2871 619 2940 gignit
645 2871 912 2925 malorum
940 2872 963 2925 *ἶ
996 2871 1061 2927 Ει
1093 2872 1289 2929 Petrus
1324 2891 1340 2928 :
1370 2872 1430 2928 Si
1455 2872 1599 2929 Deus
1627 2889 1748 2929 eam
1789 2874 2005 2934 anima-

445 2961 526 3014 vit
560 2960 860 3016 secundum
904 2978 1060 3026 suam
1095 2964 1454 3032 voluntatem,
1482 2965 1606 3035 ejus
1627 2954 1854 3036 spiritus
1881 2982 2004 3021 eam

447 3062 722 3121 operatur,
751 3068 928 3123 neque
951 3053 1064 3109 Deo
1092 3055 1312 3110 inimica
1336 3057 1482 3112 ultro
1510 3057 1779 3114 exsistere
1806 3067 2003 3128 potest,

449 3157 626 3213 neque
674 3158 829 3213 aequa
869 3145 1073 3215 pollere
1140 3147 1424 3216 potentia;
1471 3158 1566 3204 aut
1622 3149 1739 3205 ﬁeri
1791 3150 2001 3219 nequit,

2112 594 2169 647 δὲ
2215 593 2275 647 ὂν
2301 591 2570 664 μακάριόν
2599 593 2766 653 ἐστιν,
2801 589 3070 660 μακάριον
3095 588 3151 640 δέ
3175 586 3234 640 ὂν
3280 586 3478 657 ἔχθρας
3503 584 3678 638 δεκτι-

2105 686 2200 740 κὸν
2235 683 2487 753 γενέσθαι
2517 682 2578 735 ού
2605 680 2849 741 δύναται,
2877 679 3030 749 ἀϊδίῳ
3072 677 3247 730 κτίσει
3277 676 3321 708 ⁸⁸
3351 676 3677 747 στερηθῆναι

2103 788 2247 836 τινος
2292 772 2366 843 μὴ
2415 770 2796 841 πεφοϐημένη.
2847 769 2969 831 Πῶς
3008 769 3064 821 δὲ
3095 769 3229 839 οὐχὶ]
3262 767 3460 838 μᾶλλον
3488 767 3679 836 ἀγαπᾷ

2102 865 2194 918 τὸν
2219 863 2548 935 δημιουργὸν
2579 864 2612 933 ἡ
2643 861 2762 932 ὕλη,
2791 860 2951 914 ὁπότε
2997 859 3106 930 (64)
3139 861 3385 931 φαίνεται
3434 858 3678 929 καρποὺς

2103 951 2378 1022 ἐκφύουσα
2415 951 2492 1013 εἰς
2525 947 2727 1022 τροφὴν
2755 947 2968 1000 πάντων
2996 946 3104 998 τῶν
3136 945 3226 998 ὑπ’
3251 943 3420 997 αὐτοῦ
3451 959 3679 1011 γεγενη-

2111 1043 2287 1116 μένων
2315 1058 2330 1106 ;
2373 1040 2501 1104 Πῶς
2527 1040 2570 1092 δ’
2592 1039 2691 1109 οὑχ
2717 1038 2792 1101 ὡς
2819 1037 3100 1108 κρείττονα
3129 1036 3454 1106 πεφόϐηται,
3481 1034 3556 1097 ὡς
3584 1034 3680 1087 καὶ

2103 1135 2195 1189 διὰ
2223 1135 2334 1188 τῶν
2373 1131 2612 1203 σεισμῶν
2644 1117 2923 1202 τρέμουσα
2942 1129 3210 1199 ὁμολογεῖ,
3235 1128 3329 1180 καὶ
3347 1126 3426 1189 ὶῖυς
3462 1125 3673 1196 μεγάλα

2104 1208 2486 1296 κυματουμένη
2501 1221 2579 1292 τῷ
2600 1220 2914 1289 Διδασκάλῳ
2934 1219 3147 1272 πλέοντι
3166 1219 3260 1272 καὶ
3293 1218 3530 1289 γαλήνην
3559 1219 3680 1270 ἐπι-

2102 1313 2325 1378 τάξαντι
2348 1313 2579 1382 τάχιστα
2599 1309 2879 1365 πεισθεῖσα
2926 1308 3238 1380 ἡσύχασεν;
3295 1309 3360 1360 Τί
3391 1308 3448 1360 δέ
3496 1308 3590 1361 καὶ
3625 1308 3678 1360 οἱ

2104 1406 2356 1476 δαίμονες
2402 1403 2473 1456 ού
2516 1401 2655 1474 μετὰ
2689 1401 2782 1455 τοῦ
2826 1400 3104 1470 φοϐεῖσθαι
3135 1401 3229 1453 καὶ
3275 1400 3544 1470 προτιμᾷν
3587 1397 3676 1461 ἐξ·

2105 1495 2339 1557 έδαινον,
2353 1493 2504 1547 ἄλλοι
2524 1493 2580 1546 δὲ
2611 1494 2691 1554 εἰς
2719 1491 2934 1563 χοίρους
2954 1491 3211 1544 εἰσελθεῖν
3227 1489 3390 1561 384
3414 1490 3677 1560 πρότερον

2105 1585 2552 1656 παρακαλοῦντες
2611 1585 2818 1656 ⁴Ιιιξίουν,
2875 1584 2952 1648 ὡς
2991 1583 3124 1657 μηδὲ
3177 1581 3272 1636 τοῦ
3333 1583 3414 1646 είς
3462 1581 3676 1651 χοίρους

2105 1679 2364 1734 εἰσελθεῖν
2406 1679 2536 1734 ἄνευ
2588 1679 2688 1751 τῆς
2751 1676 2916 1751 αὐτοῦ
2975 1676 3372 1748 συγχωρήσεως
3429 1673 3676 1741 ἐξουσίαν

2107 1770 2322 1842 ἔχοντες
2341 1787 2358 1837 ;

2175 1961 2294 2020 XV.
2317 1964 2435 2028 Καὶ
2465 1966 2494 2018 6
2522 1963 2704 2036 Σίμων
2721 1981 2738 1996 ο
2767 1964 2834 2018 Τί
2855 1963 2913 2017 δέ
2940 1963 2989 2016 εἰ
3015 1962 3220 2034 ἄψυχος
3233 1955 3368 2016 οὖσα
3385 1960 3547 2032 φύσιν
3563 1960 3675 2031 ἔχει

2104 2056 2338 2128 ἐμφύειν
2370 2055 2439 2109 τὰ
2459 2055 2605 2108 κακὰ
2631 2055 2723 2108 καὶ⁸
2751 2053 2822 2108 τὰ
2851 2054 3067 2124 άγαθά;
3099 2054 3211 2106 Καὶ
3231 2055 3260 2106 6
3289 2053 3495 2123 Πέτρος
3515 2069 3528 2081 ·
3559 2054 3675 2105 Κα-

2102 2147 2171 2202 τὰ
2211 2147 2303 2200 τὸν
2326 2145 2484 2216 λόγον
2506 2147 2695 2202 τοῦτον
2723 2145 2847 2199 οὔτε
2875 2145 3050 2221 ἀγαθή
3111 2145 3284 2207 ἐστιν,
3337 2142 3461 2196 οὔτε
3505 2143 3672 2212 κακὴ,

2103 2238 2184 2291 ὅτι
2216 2239 2289 2309 μὴ
2327 2238 2641 2312 προαιρέσει
2669 2237 2892 2309 πράττει
2921 2235 3126 2306 ἄψυχος
3145 2230 3278 2288 οὖσα
3298 2236 3393 2288 καὶ
3420 2232 3676 2304 ἀναίσθη-

2102 2346 2214 2393 τος.
2258 2330 2348 2382 Διὸ
2373 2331 2465 2382 καὶ
2491 2328 2722 2382 ἐνταῦθα
2747 2327 2928 2381 διῖδεῖν
2952 2326 3120 2392 ἔστιν,
3151 2327 3268 2389 πῶς
3308 2325 3514 2395 ἄψυχος
3539 2320 3676 2377 οὖσα

2104 2420 2346 2491 ἔμψυχος
2362 2421 2406 2451 ⁵⁸
2433 2420 2742 2492 προϐάλλει,
2773 2421 2868 2473 καὶ
2918 2417 3242 2489 ἀναίσθητος
3267 2412 3406 2470 οὖσα
3453 2413 3678 2485 τεχνικὰ

2108 2513 2384 2584 σχήματα,
2405 2512 2474 2565 τά
2506 2529 2566 2564 τε
2601 2510 2754 2577 ζώων
2781 2511 2874 2563 καὶ
2903 2509 3082 2579 φυτῶν
3111 2506 3519 2580 δημιουργοῦσα
3549 2505 3676 2574 φαί-

2103 2619 2278 2656 νεται.
2337 2603 2449 2655 Καὶ
2478 2603 2506 2655 6
2559 2603 2742 2672 Σίμων
2765 2619 2779 2631 ·
2811 2602 2878 2656 Τί
2907 2601 2965 2653 δὲ
2988 2601 3036 2652 εί
3065 2601 3094 2654 6
3124 2600 3258 2664 Θεὸς
3279 2599 3442 2663 αύτδς
3484 2597 3676 2668 ἐνεψύ-

2104 2711 2278 2765 χωσεν
2310 2693 2500 2765 αὐτὴν,
2544 2695 2644 2746 οὐκ
2673 2693 2834 2757 αὐτὸς
2857 2692 3029 2755 αἴτιός
3063 2693 3210 2744 ἐστιν
3229 2684 3304 2745 ὧν
3332 2691 3469 2760 αὑτὴ
3499 2691 3673 2743 τίκτει

2104 2772 2291 2840 κακῶν
2317 2802 2331 2850 ;
2364 2785 2520 2875 Καὶ.νό
2552 2785 2756 2854 Πέτρος
2778 2801 2792 2815 ·
2821 2785 2886 2838 Et
2921 2785 2951 2838 6
2989 2782 3123 2847 Θεὸς
3160 2782 3329 2853 αὐτὴν
3369 2781 3676 2851 ἐνεψύχωσε

2104 2874 2247 2929 κατὰ
2275 2876 2374 2946 τὴν
2407 2871 2571 2928 αὑτοῦ
2609 2874 2881 2946 βούλησιν,
2924 2874 2987 2927 τὸ
3037 2872 3202 2927 αὑτοῦ
3249 2872 3468 2942 πνεῦμα
3509 2871 3676 2943 αὐτὴν

2105 2965 2417 3037 ἐργάζεται,
2445 2965 2540 3019 καὶ
2560 2965 2742 3018 οὐκέτι
2768 2964 2847 3035 τῷ
2882 2964 3002 3035 Θεῷ
3045 2963 3236 3034 ἐχθρόν
3262 2963 3315 3015 τί
3336 2956 3481 3015 ἐστιν
3510 2963 3542 3033 ἢ
3571 2963 3678 3014 ἰσο-

2104 3055 2370 3127 δύναμονσ
2421 3056 2455 3127 ἢ
2487 3056 2766 3120 ἀδύνατον,
2801 3057 2881 3108 ὅτι
2914 3057 3022 3109 πᾶν
3041 3054 3102 3107 τὸ
3142 3053 3427 3123 γινόμενον
3460 3053 3552 3105 ὑπ’
3579 3052 3677 3105 αύ-

2102 3151 2218 3215 τοῦ,
2245 3151 2320 3214 ὡς
2347 3150 2516 3213 θέλει,
2535 3150 2763 3218 γίνεται.
2800 3148 2937 3200 Ἀλλ’
2963 3149 3106 3219 ἐρεῖς
3127 3162 3142 3178 ·
3174 3144 3346 3208 Αὐτὸς
3359 3144 3458 3215 τῆς
3477 3141 3675 3206 κακίας

448 3242 512 3289 ut
530 3235 897 3305 quodcunque
919 3251 1014 3306 per
1039 3251 1162 3291 eum
1195 3238 1308 3304 llat,
1333 3239 1632 3294 secundum
1664 3240 1786 3309 ejus
1813 3241 2004 3312 gigna-

2105 3243 2296 3308 αἴτιος,
2324 3235 2480 3314 εἴπερ
2506 3242 2669 3305 αύτὺς
2713 3240 2780 3294 δι’
2837 3240 3008 3310 αὐτῆς
3057 3237 3344 3309 ἐργάζεται
3397 3235 3468 3288 τὰ
3508 3233 3673 3288 κακά.

447 3343 539 3389 tur
567 3334 924 3394 voluntatem.
977 3332 1048 3388 At
1067 3333 1259 3390 dices:
1299 3338 1421 3406 Ipse
1469 3345 1554 3391 est
1605 3344 1798 3391 auctor
1855 3338 2006 3403 mali,

447 3426 492 3480 si
507 3441 600 3495 per
622 3441 741 3480 eam
757 3436 1009 3497 operetur
1039 3429 1203 3483 mala.
1227 3429 1522 3499 Astqualia
1550 3429 1807 3499 intelligis
1825 3430 1962 3483 mala
1985 3430 2011 3485 ἲ

449 3512 682 3585 Reptilia
696 3532 900 3572 veneno
919 3516 1138 3580 infecta,
1152 3527 1206 3573 et
1221 3519 1432 3588 plantas
1449 3518 1800 3585 letiferas,vel
1812 3521 2010 3576 daemo-

453 3623 575 3670 nes,
605 3608 694 3664 vel
713 3609 873 3662 etiam
900 3609 1028 3676 alia,
1055 3623 1177 3678 qua:
1205 3609 1516 3665 hominibus
1544 3626 1739 3666 nocere
1761 3611 2011 3681 queant?

448 3701 582 3768 Qua:
602 3703 819 3772 quidem
849 3703 1116 3774 ejusmodi
1141 3701 1280 3756 mala
1309 3718 1416 3758 non
1435 3710 1638 3768 essent,
1654 3702 1699 3757 si
1719 3702 1882 3756 homo
1899 3717 2008 3757 non

447 3795 804 3863 peccavisset,
823 3796 966 3849 unde
985 3809 1131 3848 mors
1159 3795 1490 3863 supervenit.
1522 3795 1657 3850 Nam
1693 3797 1817 3850 cum
1844 3796 2010 3850 homo

448 3887 658 3955 peccati
705 3902 899 3956 expers
929 3887 1244 3953 exsistebat,
1275 3902 1543 3942 venenum
1595 3887 1866 3956 reptilium
1899 3901 2007 3941 non

448 3980 791 4049 operabatur,
817 3993 994 4049 neque
1031 3979 1345 4036 nocivarum
1376 3979 1684 4050 plantarum
1717 3968 1882 4043 vires,
1912 3993 2010 4033 ne-

448 4089 559 4143 que
588 4073 864 4128 daemones
887 4073 1118 4142 injurias
1160 4071 1492 4138 inferebant,
1518 4085 1697 4141 neque
1717 4070 1865 4125 aliud
1893 4085 2010 4124 ma-

433 4157 546 4212 lum
595 4173 785 4218 natura
835 4165 884 4218 ei
930 4166 1150 4220 insitum
1191 4173 1336 4231 erat;
1380 4173 1755 4220 verumtamen
1789 4165 2013 4222 immor-

435 4253 679 4320 talitatis,
714 4267 771 4312 ut
811 4259 944 4326 dixi,
976 4259 1046 4314 ob
1085 4269 1365 4329 peccatum
1402 4259 1614 4330 jactura
1647 4256 1810 4326 facta,
1847 4268 2008 4329 aptus

449 4341 516 4394 ad
553 4343 802 4410 quamvis
835 4341 1197 4395 calamitatem
1235 4341 1600 4412 recipiendam
1628 4339 1875 4394 redditus
1905 4349 2008 4394 est.

451 4434 509 4488 Si
551 4442 732 4488 autem
779 4433 926 4488 dices
956 4452 970 4488 :
1034 4432 1145 4487 Cur
1175 4434 1338 4504 igitur
1370 4433 1605 4487 humana
1635 4440 1826 4486 natura
1855 4432 2009 4486 initio

2109 3334 2244 3388 Ποῖα
2271 3334 2378 3405 ἄρα
2415 3336 2557 3404 ἐρεῖς
2581 3331 2651 3386 τὰ
2673 3330 2821 3384 κακά
2845 3345 2862 3395 ;
2908 3327 3144 3400 Ἐρπετά
3192 3325 3370 3380 ίοόόλα
3397 3325 3444 3357 ⁸³
3469 3325 3565 3379 καὶ
3585 3323 3674 3394 βο-

2106 3423 2275 3486 τάνας
2295 3421 2642 3492 θανασίμους,
2673 3420 2706 3491 ἢ
2737 3418 3013 3489 δαίμονας,
3043 3416 3077 3489 ἢ
3110 3416 3205 3470 καὶ
3245 3415 3379 3469 ἄλλα
3403 3413 3529 3468 τινὰ
3565 3411 3676 3466 τῶν

2108 3511 2411 3583 ἀνθρώποις
2450 3511 2626 3582 ὀχλεῖν
2651 3509 2960 3581 δυναμένων
2983 3520 3001 3574 ;
3034 3509 3211 3579 Ἀπερ
3234 3507 3306 3560 τά
3333 3505 3452 3578 [νῦν
3479 3504 3671 3576 χαῙλε-

2109 3603 2188 3660 πὰ
2205 3604 2251 3637 ⁸⁸
2268 3606 2369 3658 οὐκ
2403 3603 2469 3657 ἄν
2506 3599 2594 3675 ἦν,
2630 3605 2679 3656 εί
2717 3601 2789 3672 μὴ
2842 3600 3150 3672 ἡμαρτήκει
3201 3601 3229 3652 6
3264 3598 3570 3669 ἄνθρωπος,
3615 3589 3674 3649 οὗ

2108 3694 2308 3748 εἵνεκεν
2331 3693 2556 3755 θάνατος
2579 3688 2961 3761 παρεισῆλθεν⁸
2991 3689 3369 3758 άναμαρτήτου
3391 3689 3436 3721 ⁵³
3457 3687 3564 3758 γὰρ
3586 3686 3673 3738 δν-

2105 3782 2312 3846 τοςτοῦ
2340 3781 2624 3853 ἀνθρώπου
2654 3781 2752 3851 ούχ
2804 3779 3049 3850 ἑρπετῶν
3081 3779 3110 3830 6
3149 3778 3224 3840 ίὺς
3272 3775 3573 3846 εἰργάζετο,
3612 3775 3670 3826 οὐ

2105 3875 2216 3928 τῶν
2247 3874 2430 3927 κακῶν
2473 3872 2710 3943 βοτανῶν
2738 3873 2792 3924 αἱ
2823 3871 3114 3941 ἐνέργειαι,
3151 3870 3212 3921 ού
3229 3869 3496 3938 δαιμόνων
3515 3867 3673 3937 ὀχλή-

2109 3983 2224 4028 σεις
2277 3965 2532 4034 ἐγίνοντο,
2587 3963 2705 4016 ούδέ
2730 3962 2893 4032 385
2919 3961 3046 4015 ἄλλο
3066 3979 3118 4014 τι
3146 3959 3316 4022 πάθος
3339 3958 3487 4028 αὐτῷ
3509 3974 3676 4028 προσ-

2107 4059 2244 4109 εῖναι
2269 4053 2428 4123 φύσιν
2459 4054 2631 4123 εἶχεν·
2653 4053 2719 4107 δι’
2749 4053 3021 4123 ἁμαρτίαν
3048 4050 3104 4103 δὲ
3129 4049 3380 4104 ἐκπεσὼν
3405 4049 3497 4102 τοῦ
3538 4047 3670 4101 ἀθά-

2107 4163 2263 4209 νατος
2281 4141 2440 4209 εἶναι,
2465 4144 2540 4208 ὡς
2564 4143 2721 4216 ἔφην,
2747 4144 2946 4206 παντὸς
2968 4142 3171 4204 πάθους
3197 4141 3386 4209 γέγονε
3405 4141 3670 4204 δεκτικὸς.

2107 4237 2172 4290 Et
2195 4235 2252 4289 δὲ
2279 4237 2423 4307 ἐρεῖς
2447 4252 2461 4264 ·
2495 4235 2592 4288 Διὰ
2624 4234 2676 4286 τί
2701 4230 2793 4288 οὖν
2817 4235 2937 4287 κατ’
2961 4232 3134 4304 ἀρχὰς
3160 4233 3374 4301 ἐγένετο
3403 4234 3436 4302 ἡ
3464 4230 3672 4301 ἀνθρω-

2109 4327 2236 4380 πεία
2282 4327 2441 4397 φύσις
2465 4325 2694 4380 θανάτου
2721 4325 2978 4396 δεκτική;
3018 4325 3164 4395 Φημί
3195 4341 3277 4377 σοι
3305 4340 3321 4354 ο
3377 4323 3478 4377 Διὰ
3500 4323 3560 4376 τὸ
3583 4323 3675 4377 αύ-

2107 4417 2399 4483 τεξούσιον.
2429 4418 2491 4470 Ei
2529 4415 2758 4488 γὰρζούκ
2807 4411 2948 4486 ἦμεν
3001 4414 3230 4469 θανάτου
3279 4415 3536 4477 δεκτικοὶ,
3579 4414 3673 4490 ἐπὶ

449 4526 643 4580 mortis
668 4540 838 4595 capax
869 4533 953 4580 est
990 4524 1241 4578 reddita?
1273 4524 1369 4578 tibi
1412 4524 1715 4592 respondeo
1745 4538 1758 4575 :
1790 4521 2007 4592 Propter

2113 4508 2440 4580 αύτεξουσίῳ
2488 4509 2840 4578 ἁμαρτήματι
2891 4505 3248 4577 τιμωρεῖσθαι
3296 4506 3372 4570 ὡς
3417 4505 3674 4558 ἀθάνατοι

448 4617 682 4672 liberum
723 4617 897 4686 ipsius
944 4614 1253 4670 arbitrium.
1311 4614 1368 4669 Si
1399 4615 1543 4669 enim
1599 4630 1710 4669 non
1760 4630 2005 4669 essemus

2112 4603 2211 4654 οὐκ
2245 4599 2564 4671 ἐδυνάμεθα.
2601 4599 2712 4651 Καὶ
2743 4597 2914 4662 οὕτως
2938 4597 3025 4652 διὰ
3047 4599 3108 4651 τὸ
3143 4597 3350 4661 ἀπαθὲς
3384 4597 3563 4650 πλεῖόν
3595 4613 3674 4660 τι,

448 4709 614 4764 morti
640 4708 986 4775 obnoxii,ob
1032 4715 1393 4778 spontaneum
1441 4716 1722 4778 peccatum
1769 4723 1868 4763 nos
1900 4707 2002 4762 im-

457 4841 462 4848 “
523 4856 550 4883 ι
581 4841 772 4897 Matth.
795 4885 808 4908 ,
837 4857 1006 4904 xxvu,
1037 4842 1135 4908 52;
1155 4857 1271 4907 vin,
1302 4843 1392 4896 25.

518 4932 548 4973 ι)
578 4931 768 4987 Matth.
806 4947 924 4999 vm,
946 4931 1046 4999 26;
1076 4929 1208 4987 Luc.
1242 4948 1362 4997 vnn,
1394 4933 1491 4990 ει.

2113 4693 2214 4746 κᾶν
2243 4695 2308 4764 τῇ
2340 4691 2654 4764 προαιρέσει
2695 4689 2836 4763 ἦμεν
2889 4691 3124 4756 κακοὶ⁸⁶,
3155 4691 3191 4762 ἠ
3222 4691 3316 4745 καὶ
3359 4689 3672 4759 δικαιοσύνη

2187 4840 2210 4866 ο
2243 4827 2432 4883 Matth.
2461 4844 2558 4882 vm
2601 4828 2691 4883 51.

1704 5025 1931 5082 VARUE
1963 5024 2356 5079 LECTIONES.

516 5119 561 5152 ⁸ο
583 5120 690 5173 αἰεί
725 5120 834 5190 C._
864 5120 905 5152 ’⁸⁸
937 5119 1090 5190 ἀϊδίῳ
1120 5118 1308 5188 κτήσει
1350 5119 1495 5190 conj.
1530 5121 1570 5175 C
1598 5159 1614 5185 ,

1701 5121 1961 5202 ἀῖδιότητι
1985 5119 2325 5202 proposuit
2353 5159 2367 5182 ,
2391 5119 2772 5202 6t’!&'i6t_6133a
2800 5121 3006 5202 mavult
3039 5119 3096 5175 S-
3173 5122 3218 5152 ”
3262 5119 3402 5202 Post.
3434 5121 3672 5202 ξμψυχος

445 5185 489 5241 0
550 5190 746 5258 repetit
777 5185 908 5244 οὖσα
931 5185 1284 5261 ιηιιηίιιςῑιιίῃἶ
1326 5189 1404 5261 _“
1433 5185 1479 5243 Ο
1537 5200 1805 5246 commate
1827 5185 2114 5261 distinguit
2139 5201 2260 5261 post
2287 5185 2572 5261 spxsca'et
2600 5185 2796 5242 ἰοὸὀλα.
2873 5189 2921 5222 ’⁵⁸
2961 5189 3234 5261 Lacunam
3283 5185 3490 5246 codicis
3519 5185 3669 5246 exci—

445 5255 814 5334 piunt—litterae
837 5255 1164 5334 Iertév:(sic).
1240 5255 1285 5290 ”
1318 5257 1430 5334 Pro
1455 5261 1835 5334 άναμαρτήτου
1871 5255 2062 5334 lacuna
2117 5255 2169 5334 in
2197 5260 2287 5334 Q,
2319 5255 2422 5334 sed
2452 5260 2696 5334 adorant
2745 5275 2893 5334 man.
2937 5276 3045 5314 rer.
3093 5259 3221 5323 ἴσως
3269 5261 3668 5334 ἀναμαρτήτου.

443 5330 488 5360 ⁵⁸
528 5329 604 5385 Ita
633 5347 778 5385 man.
811 5339 932 5385 rec.
953 5330 1021 5384 ad
1052 5341 1205 5383 oram
1233 5329 1455 5398 codicis,
1485 5332 1536 5386 in
1565 5329 1688 5402 cuj-
1716 5329 1865 5385 textu
1900 5333 2088 5386 κακόν.
2129 5330 2369 5386 Subinde
2393 5330 2427 5402 ἢ
2451 5330 2542 5383 καί
2572 5345 2627 5400 p.
2661 5331 2696 5401 ἡ
2718 5329 2812 5387 καί
2842 5330 3007 5386 idem.

1739 5469 2096 5528 VARIORUM
2125 5469 2354 5525 ΝΟΤᾸΕ.

519 5560 631 5633 (ﬁt)
662 5559 954 5631 Hucusque
979 5577 1084 5616 ms.
1116 5561 1392 5633 Cotelerii.
1418 5563 1487 5616 At
1519 5561 1622 5617 tria
1645 5562 1756 5631 jam
1784 5572 2003 5633 peracta

447 5640 571 5684 sunt
603 5631 792 5699 lustra,
817 5647 880 5684 ex
913 5647 1022 5699 quo
1049 5633 1100 5684 in
1121 5634 1243 5686 cod.
1283 5631 1650 5686 Ottoboniano
1680 5631 1858 5687 inveni
1881 5634 2008 5687 reli-

446 5715 612 5767 quam
641 5696 1086 5771 Clementinorum
1118 5713 1325 5771 partem
1351 5701 1499 5769 (inde
1529 5718 1556 5755 a
1583 5704 1708 5757 vhb.
1731 5706 1875 5758 hom.
1896 5719 2006 5767 xm,

450 5771 538 5832 14,
590 5769 835 5842 φαίνεται
877 5769 1134 5842 καρποὺς
1172 5771 1443 5844 ἐκφύουσα
1490 5774 1569 5837 εἰς
1623 5774 1825 5847 τροφὴν
1865 5773 2002 5828 πάν-

2109 5581 2218 5628 των
2267 5576 2450 5634 usque
2499 5560 2565 5615 ad
2611 5561 2764 5634 hom.
2808 5561 2991 5634 χιι,ὶό
3035 5561 3297 5633 ὁρμήσειν
3343 5561 3669 5634 Ἀντιόχειαν

2113 5632 2399 5700 ἔσπευσεν)
2439 5631 2700 5702 hactenus
2744 5631 3116 5700 incognitam,
3161 5631 3325 5701 quam
3373 5631 3671 5702 nunc'pri-

2118 5720 2267 5776 nutum
2291 5702 2556 5776 evulgavi.
2575 5701 2846 5776 _Lacun_as
2866 5717 2986 5776 qua?
3017 5713 3332 5776 occurrunt,
3359 5701 3672 5776 conjecta»-

2113 5771 2181 5827 do
2231 5771 2436 5841 explevi
2466 5773 2727 5844 uncisque
2777 5771 2992 5832 inclusi.
3032 5771 3286 5828 Daessxt.
