2020 3073
169 160 220 193 4:7

703 168 934 197 CLEMENTINA.
943 186 977 191 —
996 170 1136 199 HOMILIA
1155 169 1226 198 XIX.

1754 173 1804 200 I58

169 222 319 260 έξησθένει,
333 226 388 252 τῶν
400 226 487 258 κακὰς
510 227 626 263 ἐχόντων
635 229 810 265 προαιρέσεις
826 230 960 263 ἀπαθείας

1014 232 1141 259 mortales
1160 232 1251 266 puniri
1278 240 1331 259 non
1352 239 1507 267 possemus.
1541 231 1574 259 Et
1588 231 1642 259 hoc
1665 231 1758 264 modo,
1780 231 1804 259 si

170 271 244 307 αἰτίᾳ
258 272 449 308 τιμωρηθῆναι
462 273 499 309 μὴ
517 273 683 309 δυναμένων.

1020 286 1052 306 ex
1082 278 1198 306 consilio
1228 278 1291 305 mali
1305 286 1449 310 essemus,
1474 279 1556 305 etiam
1581 278 1688 313 justitia
1712 278 1746 305 ob
1762 277 1804 304 in-

170 318 320 345 dolentiam
349 318 437 354 magis
467 319 698 355 imminueretnr,
725 329 788 349 cum
813 322 861 356 qui
888 322 958 350 mala
979 322 1090 351 foveant
1122 324 1237 352 consilia
1270 325 1455 352 immunitatis
1469 332 1553 352 causa
1567 324 1656 359 pinnis
1666 323 1804 352 allicinm

170 368 295 400 possent.

204 408 276 436 XVI.
297 410 376 437 Kal6
388 410 478 446 Σίμων
493 411 561 447 πρὸς
577 412 663 439 ταῦτα
678 412 729 449 ἔφη
740 421 747 428 ·
761 413 830 449 Περὶ
845 413 965 449 πονηροῦ

169 464 196 483 τι
212 456 252 483 ἔτι
268 456 322 492 ἔχω
337 457 431 493 ἕτερον
446 457 544 491 λέγειν.
555 458 590 484 Ἦ
612 459 653 485 ὅτι
672 458 701 492 ἐξ
717 459 767 485 οὐκ
781 459 865 485 ὅντων
884 458 966 486 αὑτὸν

172 502 297 538 ἐποίησεν
311 504 325 529 6
341 503 417 535 Θεὸς,
430 504 477 530 καὶ
493 504 564 531 κατὰ
577 505 656 531 τοῦτο
671 505 778 541 κακὸςῤ
792 505 918 541 ποιήσας,
935 505 965 537 ὃς

171 547 201 574 τὸ
218 547 255 583 μὴ
268 547 298 575 ὃν
310 548 438 584 ἐποίησεν
456 547 534 582 εἶναι,
550 550 597 576 καὶ
610 549 697 576 ταῦτα
718 550 865 585 δυνάμενος
884 550 964 577 αὑτὸν

172 594 273 628 ἀγαθὸν
289 594 402 629 ποιῆσαι
417 595 456 631 τῷ
467 596 514 623 τὸν
528 596 668 631 γινόμενον
683 596 765 632 μηδὲν
781 596 849 632 πρὸς
865 596 964 628 κακίας

172 640 331 676 προαίρεσιν
349 640 416 667 ἰδίαν
431 641 579 677 κεκτῆσθαι
594 641 684 676 φύσιν.
696 641 750 668 Kal
765 642 780 668 6
793 642 910 677 Πέτρος·
927 641 964 668 Τὸ

172 686 200 719 ἐξ
214 686 266 713 οὐκ
276 686 360 713 ὄντων
375 687 456 714 αὐτὸν
466 687 577 722 ποιῆσαι
587 688 747 724 προαίρεσιν
757 687 862 722 ἔχοντα,
872 687 964 723 ὅμοιόν

171 732 245 758 ἐστιν
256 727 279 765 ᾧ
290 731 496 767 προειρήκαμεν
510 720 591 768 λογῳ,
666 720 735 768 «Eph;
750 720 788 759 τὸ
797 720 901 769 χαίρειν
915 733 965 759 αὺ-

171 777 216 805 τὸν
228 778 324 809 κακοῖς
336 777 386 813 τὴν
399 779 497 814 κρᾶσιν
511 779 629 814 ποιήσας
645 778 725 810 αὐτὸς
739 778 823 810 αἴτιος
841 778 964 813 φαίνεται

160 822 218 849 τοῦ
232 823 389 858 γενομένου.
400 822 472 855 Μιᾶς
481 821 527 850 οὖν
542 823 624 858 οὔσης
637 824 686 859 τῆς
698 823 859 859 ἀμφοτέρων
873 823 967 850 ἐπιλύ-
982 816 1002 843 Β

173 876 251 901 σεως,
271 868 303 895 τὸ
316 868 373 905 γδιά
394 869 431 898 τί,
441 869 547 905 χαίρειν
571 869 651 896 αὑτὸν
679 870 723 895 ὲπ⁴
741 869 850 905 ὀλέθρου
872 869 965 896 κακῶν

170 915 299 951 ἐποίησεν
314 904 427 951 ὓστερον
442 915 568 951 ἐροῦμεν.
585 916 639 942 Kal
649 917 663 942 6
673 915 763 951 Σίμων
773 924 779 930 ·
792 904 824 943 El
838 915 966 948 αὐτεξου-

172 962 246 993 σίους
263 961 375 997 εποίησε
393 962 440 989 καί
453 963 517 994 τοὺς
536 962 678 997 ἀγγέλους,
691 963 705 989 6
719 962 748 988 δὲ
765 962 882 998 πονηρὸς
895 961 965 988 ἀπέ-

171 1017 220 1044 στη
235 1008 282 1035 τοῦ
296 1006 541 1040 δίκαιοςεῖναι,καὶ
554 1008 598 1035 διὰ
606 1009 711 1043 τίὰρχῇ
721 1007 880 1043 τετίμηται;
890 1008 967 1034 Ὀτι-

172 1055 269 1090 μήσας,
277 1054 310 1081 δι’
317 1051 347 1081 οὗ
355 1054 376 1070 ⁸⁷
383 1054 540 1090 τετίμηκεν,
557 1054 595 1086 ὡς
604 1055 699 1085 κακοῖς
712 1053 815 1090 χαίρων
829 1053 963 1088 φαίνεται.

170 1101 224 1127 Kal
234 1101 249 1127 6
260 1101 364 1136 Πέτρος
373 1101 420 1127 Ἐἰ
431 1100 587 1127 ἀποστάντα
598 1100 678 1127 αὑτὸν
692 1101 706 1126 6
718 1100 785 1132 Θεὸς
800 1100 894 1135 ἄρχειν
908 1100 964 1126 τῶν

169 1146 268 1182 ὁμοίων
283 1147 434 1183 κατέστησε
449 1147 532 1182 386
543 1146 628 1182 νόμῳ,
642 1145 691 1181 τὴν
705 1146 840 1181 τιμωρίαν
853 1145 964 1180 ἐπάγειν

169 1194 225 1224 τοῖς
240 1192 427 1227 ἁμαρτάνουσι
446 1192 578 1224 κελεύσας
595 1191 679 1227 αὐτῷ,
694 1192 745 1219 οὐκ
766 1191 857 1223 ἄδικός
878 1192 962 1219 ἐστιν.

170 1237 201 1265 Et
214 1238 243 1264 δὲ
258 1238 299 1264 ὃτι
315 1238 362 1264 καὶ
376 1236 531 1264 ἀποστάντα
545 1237 702 1272 τετίμηκεν,
717 1236 748 1263 τὸ
762 1237 916 1272 χρήσιμονό
925 1245 965 1262 τι-

172 1285 261 1320 μήσας
277 1283 412 1320 προεῖδεν,
430 1283 470 1310 ὅτι
487 1283 533 1310 καὶ
552 1284 568 1318 ἡ
587 1282 655 1319 τιμὴ
672 1282 849 1319 πρόσκαιρος,
861 1282 909 1309 καὶ
922 1282 964 1308 ὃτι

169 1331 273 1358 δίκαιον
286 1330 350 1362 τοὺς
360 1330 462 1361 κακοὺς
473 1329 526 1356 ὑπὸ
535 1328 621 1355 κακοῦ
636 1328 766 1365 ἄρχεσθαι
783 1329 830 1355 καὶ
839 1328 964 1364 ἁμαρτὰς

169 1385 264 1409 νοντας
278 1376 324 1402 ὑπ’
336 1375 419 1402 αὑτοῦ
437 1375 627 1411 τιμωρεῖσθαι.

203 1473 286 1500 XVII.
309 1473 364 1500 Kal
371 1473 385 1499 ὁ
395 1472 485 1508 Σίμων
495 1481 501 1487 ·
511 1472 585 1508 Μήτι
595 1472 639 1499 ἀεὶ
645 1472 684 1499 ὢν
692 1472 740 1499 καὶ
750 1471 836 1504 οὕτως
843 1472 963 1508 ἀναιρεῖ-

168 1519 254 1547 ταιτά
261 1520 311 1555 τῆς
320 1519 478 1555 μοναρχίας,
486 1518 672 1554 συναρχούσης
678 1518 725 1545 καὶ
732 1518 828 1554 ἐτέρας
835 1518 885 1554 τῆς
893 1518 963 1545 κατά

169 1565 218 1600 τὴν
226 1564 292 1599 ὓλην
300 1564 441 1599 δυνάμεως
449 1572 456 1596 ;
465 1563 520 1590 Καὶ
526 1564 648 1599 ὁΠέτρος
656 1572 662 1579 ·
672 1564 703 1589 Et
712 1562 835 1599 διάφοροί
844 1564 897 1589 είσι
904 1564 963 1595 ταῖς

169 1611 284 1642 οὐσίαις,
291 1609 415 1645 διάφοροί
421 1610 474 1636 εἰσι
480 1610 527 1636 καὶ
532 1611 591 1641 ταῖς
597 1609 753 1644 δυνάμεσιν,
761 1609 964 1645 καὶὸκρείττων

170 1658 248 1693 ἄρχει
255 1656 305 1683 τοῦ
312 1657 467 1692 ἥττονος.Εί
475 1656 503 1683 δὲ
510 1656 560 1692 τῆς
566 1656 650 1690 αὐτῆς
658 1655 726 1683 εἰσὶν
734 1656 837 1687 οὐσίας,
843 1656 903 1682 τότε
914 1656 964 1682 lao-

169 1704 282 1739 δύναμοι
290 1703 481 1738 τυγχάνουσιν,
488 1703 535 1729 καὶ
541 1703 640 1738 ὁμοίως
646 1702 766 1738 ἀγαθοὶῆ
773 1702 862 1729 κακοί.
867 1703 929 1729 ’Ότι
935 1701 964 1728 δὲ

169 1750 220 1776 οὐκ
230 1750 297 1776 εἰσὶν
309 1747 473 1784 ίσοδύναμοι,
480 1749 568 1784 οΰτῆς
577 1749 662 1784 αὐτῆς
669 1748 762 1779 οὐσίας
770 1747 793 1764 ⁸⁸
805 1747 945 1782 φαίνονται
956 1756 963 1762 ·

169 1795 225 1821 ὑπὸ
237 1794 291 1830 γὰρ
300 1793 348 1821 τοῦ
360 1793 532 1829 Δημιουργοῦ
545 1795 561 1829 ὴ
577 1793 626 1829 ὕλη
643 1794 684 1825 είς
697 1789 753 1819 οἷον
766 1792 882 1828 ἠθέλησε
899 1792 964 1819 κόσ-

170 1850 223 1877 μου
239 1840 339 1876 ἠνέχθη
354 1840 456 1875 σχῆμα.
473 1839 527 1865 Kal
546 1840 610 1875 μήτι
621 1847 655 1873 γε
670 1838 744 1865 ἐστιν
759 1839 856 1870 εἰπεῖν,
868 1838 908 1864 ὃτι
920 1837 964 1864 ἀεὶ

1053 409 1123 438 XVI.
1142 410 1182 438 Ad
1198 411 1256 439 haec
1271 410 1365 438 Simon
1382 420 1389 438 :
1407 410 1444 438 De
1457 410 1530 437 malo
1547 410 1619 437 aliud
1634 410 1698 445 quid
1712 410 1803 443 dicere

1019 457 1115 484 habeo.
1131 456 1264 484 Nimirum
1282 456 1305 484 si
1320 456 1393 484 Deus
1414 464 1477 483 eum
1499 463 1533 483 ex
1555 455 1642 483 nihilo
1659 455 1733 488 fecit,
1751 455 1803 483 hac

1017 508 1128 536 quoque
1142 501 1250 529 ratione
1263 506 1370 529 creator
1390 505 1432 528 est
1447 501 1545 533 malus,
1565 504 1657 535 utpote
1676 500 1723 535 qui
1746 508 1802 527 non

1017 548 1180 575 exlslentem
1198 548 1333 582 ejusmodi
1350 547 1456 581 fecerit,
1475 546 1601 582 quamvis
1621 546 1726 580 liceret,
1739 554 1802 573 eum

1018 593 1108 622 facere
1123 594 1237 627 bonum,
1252 593 1276 621 si
1294 594 1415 629 genitum
1439 592 1476 620 ita
1498 596 1627 625 creasset,
1645 596 1674 619 ut
1696 590 1802 626 propria
1860 611 1862 613 .

1017 645 1115 667 natura
1138 640 1349 675 propensitatem
1377 639 1410 666 ad
1435 639 1536 666 malum
1563 646 1617 665 non
1642 638 1802 673 possideret.

1017 685 1085 713 Tum
1109 685 1206 713 Petrus
1221 695 1228 713 :
1243 685 1321 719 Quod
1347 684 1442 712 fecerit
1461 693 1495 712 ex
1521 684 1605 711 nihilo
1620 682 1804 718 propensilate

1016 731 1159 767 prmditnm
1183 740 1238 759 non
1254 731 1343 759 dillert
1356 732 1391 759 ab
1406 731 1469 763 illo,
1484 730 1556 766 quod
1573 737 1655 765 supra
1671 729 1803 761 diximus.

1017 786 1079 806 eum
1094 778 1157 814 quia
1173 779 1252 806 malis
1265 778 1394 814 gauderet
1417 777 1545 805 mistione
1566 776 1718 811 composita
1738 783 1804 802 can-

1016 831 1075 852 sam
1091 832 1151 851 esse
1166 823 1251 851 videri
1273 831 1381 854 eorum.
1406 831 1467 858 quae
1481 822 1654 858 proveniunt.
1673 821 1741 848 Cum
1755 828 1803 849 ea-

1016 870 1078 898 dem
1099 863 1143 898 sit‘
1156 871 1299 905 utriusque
1319 869 1431 902 solutio,
1456 869 1570 904 posthac
1594 868 1803 904 explicabimus,

1016 923 1066 943 cur
1079 915 1116 943 ita
1132 916 1289 943 ordinatum
1302 916 1348 947 sit,
1361 920 1391 942 ut
1402 915 1537 942 malorum
1554 915 1673 950 pernicie
1687 916 1805 950 gaudere

1016 961 1152 989 videatur.
1167 961 1201 989 Et
1217 961 1311 989 Simon
1325 971 1331 989 :
1345 961 1372 989 Si
1389 966 1415 989 et
1429 961 1541 996 angelos
1556 962 1649 989 liberae
1661 961 1804 996 potestatis

1015 1006 1089 1039 fecit,
1108 1007 1197 1034 malus
1225 1011 1316 1034 autem
1330 1006 1423 1041 justus
1445 1013 1505 1034 esse
1524 1006 1638 1039 destitit,
1652 1014 1701 1033 cur
1717 1006 1803 1040 impe-

1014 1053 1266 1080 riohonorabatur?
1278 1051 1413 1079 Nimirum
1424 1052 1447 1079 is
1458 1052 1504 1088 qui
1516 1051 1672 1084 honoravit,
1680 1052 1802 1086 obqucm

997 1100 1170 1137 honoravit,
1199 1100 1280 1127 malis
1302 1100 1422 1135 gaudere
1439 1099 1556 1127 videtur.
1589 1099 1658 1126 Tum
1684 1099 1802 1127 Petrus:

1015 1146 1044 1174 Si
1066 1150 1128 1182 post
1154 1146 1333 1178 defectionem
1361 1146 1453 1179 Deus,
1491 1150 1522 1173 ut
1550 1145 1686 1173 similibus
1708 1153 1804 1181 regna-

1015 1196 1068 1226 ret,
1082 1192 1141 1228 lege
1155 1193 1299 1221 constituit
1312 1192 1337 1220 ei
1352 1192 1524 1227 praecipiens,
1542 1197 1572 1219 ut
1593 1199 1688 1227 pinnas
1707 1199 1804 1226 pecca-

1013 1238 1120 1266 toribus
1144 1237 1288 1273 infligeret,
1303 1246 1357 1266 non
1386 1238 1447 1267 ideo
1472 1238 1592 1273 injustus
1622 1242 1673 1266 est.
1687 1237 1765 1271 Quod
1778 1238 1803 1265 si

1012 1284 1095 1311 etiam
1112 1288 1173 1319 post
1184 1283 1363 1311 defectionem
1387 1291 1450 1311 eum
1474 1283 1632 1317 honoravit,
1649 1284 1716 1311 utile
1739 1283 1804 1311 inde

1015 1334 1211 1365 proventuram
1228 1330 1363 1364 praevidit,
1380 1331 1428 1365 qui
1446 1331 1609 1364 honoravit;
1628 1338 1690 1357 nam
1712 1334 1739 1357 et
1754 1330 1803 1357 ho-

1014 1383 1064 1403 nor
1079 1376 1237 1411 temporalis
1251 1380 1303 1409 est,
1315 1380 1343 1404 et
1357 1376 1463 1411 justum
1477 1377 1564 1405 malos
1575 1384 1591 1404 a
1604 1377 1677 1404 malo
1690 1377 1746 1412 regi
1761 1382 1804 1404 at-

1013 1429 1067 1457 que
1082 1426 1240 1456 peccatores
1252 1421 1288 1448 ab
1301 1429 1334 1449 eo
1348 1422 1449 1457 puniri.

1050 1466 1137 1515 XVII.»
1153 1467 1223 1515 Tum
1241 1466 1335 1495 Simon
1351 1477 1358 1495 :
1421 1468 1604 1504 sempiternus
1620 1476 1675 1496 non
1684 1469 1800 1502 fnit,an.

1015 1520 1068 1540 non
1084 1520 1117 1540 eo
1130 1513 1191 1548 ipso
1212 1516 1240 1539 et
1262 1513 1429 1540 monarchia:
1451 1518 1480 1541 et
1501 1514 1613 1548 reliquae.
1641 1522 1675 1541 ex
1689 1516 1802 1541 materia

1013 1558 1198 1594 provenientis
1207 1559 1335 1593 potentia.
1343 1559 1511 1586 consortium
1520 1559 1638 1587 deletur?
1648 1559 1681 1585 Et
1689 1559 1800 1587 Petrus:

1014 1604 1043 1632 Si
1059 1604 1222 1632 substantiis
1232 1604 1370 1637 dill‘erunt,
1380 1604 1508 1631 dill'erunt
1519 1605 1601 1632 etiam
1612 1604 1801 1637 facultatibus,

1013 1654 1041 1677 et
1054 1650 1191 1685 potentior
1205 1650 1321 1684 imperat
1340 1650 1475 1677 inferiori.
1492 1649 1541 1677 Sin
1562 1654 1653 1677 autem
1677 1650 1800 1685 ejusdem

1014 1696 1069 1723 sint
1080 1695 1250 1728 substantiae,
1264 1696 1357 1722 eadem
1371 1695 1490 1729 potentia
1503 1695 1760 1730 praaditiexsistunt,
1775 1700 1803 1722 et

1013 1740 1123 1776 quidem
1148 1740 1231 1769 simili
1254 1741 1335 1768 modo
1360 1741 1402 1768 vel
1426 1740 1490 1768 boni
1512 1745 1576 1768 sunt
1594 1740 1635 1767 vel
1657 1741 1731 1767 mali.
1748 1740 1803 1767 Sed

1013 1794 1076 1815 cum
1097 1786 1156 1822 pari
1181 1787 1301 1822 potentia
1324 1794 1378 1813 non
1402 1791 1523 1819 utantur,
1545 1786 1667 1821 ejusdem
1692 1794 1802 1821 quoque

1014 1833 1176 1860 substantia:
1197 1840 1253 1860 non
1277 1839 1338 1860 esse
1361 1832 1509 1865 videntur;
1537 1832 1665 1860 materies
1688 1833 1760 1860 enim
1785 1841 1801 1860 a

168 1886 204 1924 ἦν
217 1887 307 1918 οὐσία,
320 1883 390 1913 οὖσα
399 1885 451 1921 ὕλη
459 1885 480 1901 δ’
491 1885 529 1917 ὡς
543 1884 611 1911 Θεοῦ
631 1886 754 1920 ταμεῖον.
766 1884 803 1912 Οὐ
819 1884 874 1920 γὰρ
890 1883 963 1911 ἐστιν

1014 1880 1137 1907 ‘Ireatore
1162 1879 1285 1914 impensa
1310 1878 1371 1911 fuit,
1387 1878 1414 1905 in
1439 1878 1547 1913 qualem
1567 1878 1661 1905 mundi
1685 1878 1800 1905 formam

169 1935 268 1965 εἰπεῖν,
285 1933 358 1960 ὂτι⁸⁰
374 1929 408 1968 ἦν
424 1930 570 1968 [ταμεῖον],
588 1931 633 1957 ὅτε
649 1931 782 1966 ἀκτήμων
799 1928 833 1965 ἦν
852 1931 866 1957 6
881 1930 962 1961 Θεὸς,

169 1980 238 2007 ἀλλὰ
251 1980 294 2006 ἀεὶ
307 1976 341 2015 ἧν
357 1978 437 2014 μόνος
460 1978 552 2013 ἄρχων
573 1976 668 2012 αὐτῆς.
688 1976 734 2004 Διὸ
749 1977 796 2004 καὶ
815 1976 899 2008 ἀίδιος
914 1975 963 2011 μό-

170 2025 239 2062 Ινος]
249 2025 282 2056 ⁵⁸,
297 2025 344 2051 καὶ
354 2024 400 2050 ἐπὶ
408 2023 496 2059 ταύτῃ
508 2025 543 2059 τῇ
564 2022 690 2056 ὑποθέσει
703 2021 793 2053 καλῶς
808 2021 841 2048 ἂν
859 2020 964 2055 λέγοιτο

168 2072 246 2102 bino;
258 2071 306 2097 καὶ
315 2069 363 2097 τοῦ
378 2070 506 2105 ἄρχοντος
522 2070 568 2096 καὶ
581 2068 627 2095 τοῦ
643 2066 765 2104 [ἀϊδίου.]
779 2067 833 2093 Καὶ
845 2067 859 2092 6
873 2066 963 2101 Σίμων

170 2118 223 2153 ἔφη
233 2126 241 2133 ·
257 2117 290 2144 Τί
304 2114 350 2144 οὖν
364 2116 458 2143 ἑαυτὸν
471 2115 597 2151 ἐποίησεν
617 2115 631 2141 6
651 2113 787 2149 πονηρός;
806 2113 861 2139 Καὶ
876 2112 963 2144 οὕτως

1014 1925 1059 1953 ille
1074 1924 1169 1952 voluit.
1180 1924 1274 1959 Neque
1286 1924 1414 1952 contendi
1429 1929 1528 1960 potest,
1542 1932 1650 1959 semper
1664 1924 1802 1952 exstitisse

1013 1970 1207 2003 subslantiam,
1227 1970 1328 2005 quippe
1349 1978 1421 2006 quae,
1439 1975 1469 1998 ut
1492 1971 1631 2002 materies,
1653 1969 1736 1998 fuerit
1753 1970 1800 1998 Dei

1014 2017 1081 2044 cella
1104 2016 1226 2051 penaria.
1250 2015 1311 2043 Non
1331 2017 1403 2043 enim
1427 2017 1490 2044 licet
1507 2017 1609 2050 dicere,
1630 2024 1689 2044 eam
1716 2016 1802 2044 fuisse

1014 2063 1109 2090 cellam
1124 2062 1275 2097 penariam,
1295 2070 1357 2090 cum
1382 2062 1463 2097 inops
1483 2067 1556 2090 esset
1578 2061 1667 2095 Deus;
1690 2067 1716 2090 at
1738 2070 1802 2090 vero

1014 2117 1122 2144 semper
1149 2109 1171 2136 is
1194 2108 1300 2136 exstitit
1322 2108 1398 2136 solus
1421 2108 1495 2136 illius
1509 2108 1648 2136 dominus.
1663 2108 1750 2142 Quam
1766 2109 1801 2136 oh

169 2163 272 2197 ἀγαθὸς
284 2162 299 2188 6
312 2161 388 2193 Θεὸς,
409 2161 460 2192 ὅτι,
475 2159 647 2192 εἰδὼς,αὐτὸν
666 2158 713 2184 ἐπὶ
727 2157 805 2192 κακῷ
823 2156 960 2192 ἐσόμενον,

1014 2163 1071 2182 rem
1096 2159 1123 2182 et
1147 2158 1266 2182 alemus
1289 2153 1374 2186 solus,
1391 2153 1507 2188 ideoque
1533 2154 1602 2181 bene
1620 2162 1652 2181 ea
1665 2155 1802 2181 diceretur

169 2209 310 2244 γινόμενον
325 2207 406 2234 αὑτὸν
419 2207 469 2233 οὐκ
476 2205 589 2237 ἀνεῖλεν,
600 2205 643 2232 ὅτε
658 2204 695 2235 ὡς
708 2203 805 2239 ἀτελὴς
815 2202 960 2238 ἀναιρεθῆ-

169 2264 215 2283 ναι
226 2255 338 2287 δυνατὸς
345 2254 395 2291 ἦν;
405 2255 437 2282 Εἰ
448 2255 502 2290 γὰρ
514 2253 641 2288 ἐξαίφνης
653 2251 756 2287 συμϐέῦ
762 2259 808 2287 ηκε
820 2251 867 2277 καὶ
875 2249 962 2277 ταῦτα

169 2302 283 2334 τέλειος,
320 2302 367 2328 καὶ
381 2301 425 2328 διὰ
437 2300 524 2328 ταῦτα
549 2299 650 2330 τέλειος
662 2298 743 2333 387
758 2297 804 2323 καὶ
817 2296 861 2323 διὰ
874 2295 962 2323 ταῦτα

171 2348 359 2384 προσπολεμεῖ
372 2348 411 2383 τῷ
426 2345 596 2383 δημιουργῷ,
609 2345 647 2377 ὡς
661 2344 789 2379 ἐξαίφνης
804 2342 962 2378 ίσοδύναμος

171 2393 250 2428 αὐτῷ
260 2392 390 2428 γεγονώς.

1014 2209 1075 2229 esse
1087 2208 1151 2228 vere
1161 2200 1319 2228 exsistentis
1325 2204 1351 2227 et
1362 2200 1465 2228 domini
1472 2205 1553 2235 atque
1559 2208 1615 2227 sem
1618 2199 1799 2235 piterni.Tum

1016 2247 1111 2274 Simon
1128 2256 1136 2275 :
1153 2247 1235 2281 Quid,
1255 2247 1354 2282 inquit,
1379 2247 1403 2274 si
1426 2247 1572 2281 semetipse
1594 2246 1726 2274 creaverit
1742 2255 1801 2274 ma-

1014 2293 1077 2321 lus?
1090 2293 1131 2320 An
1144 2293 1216 2321 Deus
1231 2298 1258 2320 et
1270 2293 1322 2320 hoc
1336 2293 1418 2320 modo
1432 2293 1521 2320 bonus
1535 2296 1634 2326 est,ut,
1641 2292 1692 2320 etsi
1706 2293 1801 2328 cogni-

1015 2344 1073 2367 tum
1089 2340 1216 2372 habebat,
1229 2344 1401 2367 versaturum
1425 2346 1488 2366 eum
1504 2339 1531 2366 in
1547 2339 1630 2372 malo,
1647 2346 1701 2366 non
1724 2339 1799 2366 dele-

1016 2385 1097 2418 verit,
1112 2385 1158 2420 qui
1173 2393 1226 2412 non
1244 2385 1386 2412 absolutus
1403 2384 1538 2420 exstingui
1554 2384 1678 2419 poterat?
1694 2383 1798 2411 Etenim

171 2441 195 2468 si
209 2441 300 2475 subito
315 2440 396 2468 simul
411 2447 473 2468 cum
485 2447 519 2466 eo
531 2438 620 2465 factus
636 2437 728 2469 fuerit,
742 2441 769 2464 et
789 2436 816 2464 id
828 2434 937 2471 quidem
958 2433 1050 2461 ﬁnitus
1078 2438 1165 2467 eoque
1181 2431 1327 2467 perfectus,
1352 2431 1387 2458 ob
1407 2431 1494 2465 ipsam
1520 2438 1633 2458 causam
1654 2431 1801 2461 bellaretur

173 2492 267 2515 contra
287 2490 449 2519 creatorem,
464 2485 509 2513 cui
523 2483 655 2511 nimirum
669 2483 704 2510 ab
723 2482 801 2509 initio
815 2489 865 2517 par
880 2485 961 2509 natus
979 2484 1038 2508 erat
1052 2479 1183 2514 potentia.

209 2553 303 2581 XVIII.
322 2553 378 2581 Kal
396 2554 411 2580 6
432 2553 550 2590 Πέτρος·
569 2552 698 2580 Ἀδύνατα
712 2552 799 2587 λέγεις
811 2560 818 2567 ’
841 2552 888 2578 καὶ
907 2551 961 2586 γὰρ

172 2602 232 2627 κατ’
240 2600 330 2635 ὀλίγον
337 2600 476 2635 γινόμενον
484 2600 565 2627 αὐτὸν
574 2599 611 2631 ὠς
620 2598 716 2635 ἐχθρὸν
724 2598 769 2625 ὑπ’
777 2597 860 2624 αὑτοῦ
872 2606 962 2634 προαι-

174 2646 247 2682 ρέσει
257 2645 361 2673 ἀνελεῖν
372 2645 494 2680 ἠδύνατο.
505 2646 561 2673 Καὶ
573 2643 767 2681 προγινώσκων
778 2643 899 2678 γίνεσθαι
913 2645 961 2671 αὐ-

172 2689 218 2716 τὸν
231 2690 262 2717 οὐ
280 2689 372 2723 καλὸν,
386 2690 417 2716 οὺ
425 2689 448 2706 ”
463 2688 621 2725 συνεχώρει,
636 2690 660 2716 εί
675 2689 712 2724 μὴ
727 2689 796 2724 πρὸς
809 2689 882 2724 αὐτῷ
894 2690 962 2724 χρή-

1050 2550 1144 2578 XVIII.
1166 2549 1279 2584 Excepit
1292 2549 1388 2577 Petrus
1403 2559 1410 2577 :
1428 2549 1511 2583 Dicis,
1526 2557 1586 2585 qua‘
1598 2551 1655 2578 fieri
1671 2559 1801 2586 nonpos-

1014 2602 1096 2631 sunt;
1112 2605 1199 2632 neque
1215 2597 1287 2624 enim
1302 2603 1363 2624 eum
1379 2596 1461 2630 paulo
1477 2601 1540 2624 ante
1553 2596 1675 2632 genitum
1697 2603 1726 2625 ut
1745 2598 1799 2626 ini—

1016 2643 1118 2671 micum
1134 2651 1150 2670 e
1163 2643 1279 2670 consilio
1295 2642 1353 2677 ipse
1367 2641 1541 2676 exstinguere
1563 2642 1661 2676 potuit.
1683 2645 1723 2670 Ae
1737 2651 1800 2670 cum

1016 2688 1185 2723 praevideret,
1201 2696 1263 2716 eum
1279 2696 1332 2716 non
1348 2688 1450 2715 bonum
1473 2686 1606 2721 futurum,
1624 2696 1676 2716 non
1691 2689 1743 2717 sibi
1756 2697 1800 2718 as-

810 2781 878 2809 VAR
885 2782 927 2809 ΙίΕ
946 2781 1147 2810 LECTlONES.

208 2840 231 2855 ³⁷
252 2839 316 2873 Leg.
341 2840 455 2870 fortasse
465 2841 498 2868 δι’
515 2842 553 2868 ὅν.
591 2840 613 2856 ⁸³
630 2840 698 2868 Vbb.
716 2841 746 2868 οὺ
758 2841 807 2876 τῆς
823 2829 910 2875 αὑτῆέ
924 2839 1017 2873 οὐσίας
1034 2841 1123 2868 addidi
1140 2842 1172 2868 de
1184 2842 1351 2876 conjectura.

177 2881 230 2902 non
247 2877 324 2904 estin
336 2877 398 2904 cod.
438 2877 458 2894 "
473 2886 507 2912 μο
519 2876 588 2913 (sine
601 2878 724 2913 accentu)
739 2884 795 2913 seq.
812 2877 909 2904 lacuna
924 2876 955 2905 0.

1400 2843 1420 2861 ⁵⁵
1433 2840 1501 2870 οὖσα
1518 2843 1566 2879 οὐχ
1583 2843 1633 2879 ὕλη
1649 2842 1679 2871 Ο.
1720 2843 1741 2859 ⁵⁸
1759 2844 1799 2871 ὅτι

994 2877 1017 2893 ⁵⁵
1036 2877 1066 2903 οὐ
1085 2876 1196 2912 adjunxi
1212 2885 1243 2904 cx
1260 2877 1426 2912 conjectura.
