2020 3073
217 178 269 208 459

638 181 667 209 S.
688 180 883 209 CLEMENTIS
900 182 907 208 Ι
923 181 1004 208 ROM.
1027 180 1125 209 PONT.
1145 179 1258 208 OPERA
1274 171 1386 209 DllBlA.

1781 180 1833 209 ιω

218 240 359 271 sociasset.
371 239 424 267 nisi
436 230 619 275 cognowsset,
632 241 668 268 ita
680 249 742 268 enm
754 241 805 269 sibi
823 242 878 268 tleri
893 241 996 268 utilem.

1050 248 1128 275 σιμον
1147 241 1287 276 γινόμενον
1304 240 1447 276 ἠπίστατο.
1461 239 1516 267 Καὶ
1529 240 1629 272 τέλειος
1649 239 1776 275 ἐξαίφνης
1787 240 1833 274 αφ’

217 285 311 320 Neque
326 286 415 313 subito
427 293 474 321 per
485 287 659 321 semetipsum
673 288 810 322 perfectus
824 287 938 315 evadere
951 294 998 322 po-

219 331 280 358 tuit.
293 330 359 358 Nam
380 331 403 359 is
424 332 471 367 qui
486 332 606 359 nondum
622 337 689 365 erat,
705 333 822 360 formare
837 340 866 360 se
877 333 934 367 ipse
943 339 997 359 non

217 377 317 411 potuit,
330 384 418 411 neque
433 377 569 412 perfectus
586 378 741 405 facultatem
757 378 839 405 habet
856 385 889 404 ex
910 377 997 404 nihilo

218 419 337 456 oriundi,
349 430 437 457 neque
450 431 512 450 eum
528 427 617 450 ortum
631 431 708 458 aqua
722 424 840 458 potentia
857 424 997 458 praeditum

217 472 291 495 recte
312 468 411 503 aliquis
435 468 545 497 dixerit.
571 469 719 504 Respondit
742 469 836 497 Simon
854 480 860 497 :
877 471 918 496 An
943 477 998 496 non

217 512 286 541 forte
300 514 408 542 illorum
426 520 479 548 est,
492 523 553 550 quae
577 515 609 542 ad
631 515 711 542 ﬁnem
734 515 851 550 aliquem
867 516 999 542 creaban—

217 559 282 588 tur?
294 560 351 589 Hoc
365 561 446 589 modo
461 562 608 597 malignum
630 570 683 589 non
698 566 740 590 cst
752 562 852 589 malum
869 571 996 597 perenne,

217 610 248 633 ut
262 613 332 641 aqua
345 606 454 641 quidem
467 607 533 640 igni,
543 606 613 634 bona
622 612 711 634 autem
724 615 775 635 suo
785 612 905 642 tempore
920 612 998 635 terra:

218 652 335 683 sitienti:
352 653 490 687 quomodo
502 657 529 680 et
544 652 645 680 ferrum
659 654 760 680 bonum
778 654 804 680 in
819 654 997 688 agricultura.

218 695 318 724 malum
335 701 426 723 autem
442 696 474 723 ad
488 705 580 724 necent
605 698 811 732 perpeti-audam
830 707 836 724 :
852 699 932 725 etiam
949 700 996 726 dc-

218 741 347 768 sidcrium
363 742 396 769 ad
412 742 586 770 matrimonia
606 743 722 770 ineunda
739 743 810 770 haud
824 751 947 778 pravum,
964 744 997 770 ad

219 787 382 814 adulterium
410 792 501 815 autem
527 788 656 821 noxium;
680 793 708 816 ut
729 793 756 816 et
775 789 897 816 occidere
912 788 997 821 nefas,

218 833 343 867 quamvis
357 833 500 868 pulchrum
516 842 548 861 ex
561 834 708 862 occidentis
722 834 851 867 consilio;
868 840 893 861 et
909 836 998 861 arari-

218 879 254 906 tia
270 879 381 912 malum,
404 879 529 914 quamvis
550 880 628 907 dulce
652 888 746 912 avaro,
767 884 804 913 et,
829 889 998 916 qumcunque

218 929 282 952 sunt
300 925 468 959 huiusmodi,
484 926 579 953 eodem
595 934 625 954 se
641 926 722 953 modo
740 926 848 954 habent.
874 926 926 954 Sed
948 926 1000 954 hac

218 970 324 997 ratione
349 978 437 1006 neque
465 972 566 999 malum
590 976 631 999 est
653 972 765 1004 malum.
786 981 872 1008 neque
898 973 998 1000 bonum

218 1015 351 1050 contingit
365 1024 426 1043 esse
444 1016 557 1047 bonum.
575 1024 636 1044 cum
652 1016 765 1044 alterum
782 1022 908 1051 operetur
931 1017 998 1045 alte-

217 1068 290 1088 rum.
307 1060 359 1094 Qui
370 1067 459 1089 autem
473 1062 510 1094 id,
525 1061 598 1097 quod
615 1062 686 1090 male
701 1062 758 1090 tieri
772 1063 887 1096 videtur,
905 1068 1000 1090 aucto-

218 1113 274 1134 rem
291 1107 418 1139 delectat,
434 1108 459 1135 ei
475 1116 537 1135 vero
551 1108 660 1137 dolores
672 1114 756 1143 creat,
770 1109 817 1144 qui
833 1110 954 1144 patitur?
968 1109 1001 1136 Et

218 1151 241 1179 si
252 1151 314 1186 quis
326 1152 362 1179 ob
376 1153 490 1180 nimillm
505 1153 547 1181 sui
561 1161 682 1180 amorem
697 1158 829 1188 quantum
844 1152 901 1179 tlcri
914 1156 1001 1187 potest

217 1206 277 1225 sese
300 1198 440 1226 obiectans
468 1199 537 1226 male
555 1198 644 1226 facere
659 1202 793 1234 putatur,
815 1198 859 1225 cui
879 1206 932 1225 non
956 1206 1000 1225 res

216 1251 278 1272 esse
288 1244 396 1272 videtur
409 1245 550 1279 injusta,si
565 1245 600 1272 ob
615 1245 690 1272 illum
705 1252 825 1272 amorem
839 1244 999 1278 perjustum

215 1290 335 1326 judicent
351 1291 462 1325 gravius
476 1291 612 1325 patiatur?

252 1334 324 1363 XIX.
344 1335 376 1363 Et
385 1336 483 1363 Petrus
496 1345 503 1363 :
518 1336 570 1371 Ipsi
587 1336 700 1363 viriliter
710 1343 759 1363 nos
772 1336 906 1370 castigare
919 1335 1001 1362 debe-

217 1388 290 1413 mus,
305 1381 416 1415 quando
431 1381 514 1408 libido
533 1382 566 1408 ad
583 1381 696 1408 alterius
719 1388 816 1408 noxam
834 1381 890 1407 vult
905 1380 1000 1414 impel-

218 1426 283 1458 lere,
299 1426 416 1453 scientes
428 1426 527 1460 quippe
540 1426 640 1452 malum
653 1426 743 1453 delere
757 1433 837 1460 posse
850 1426 998 1460 improbos,

219 1476 248 1498 ut
261 1471 306 1506 qui
319 1471 353 1498 ab
364 1471 441 1498 initio
453 1479 547 1498 eorum
563 1471 698 1505 acceperit
719 1475 890 1505 potestatem.
908 1470 1001 1505 Neque

218 1518 271 1544 hoc
283 1516 384 1544 malum
402 1517 436 1545 iis
454 1518 501 1552 qui
519 1517 590 1544 mala
604 1521 811 1551 perpetrarunt;
835 1520 878 1543 ast
892 1524 999 1551 ptenam

1048 285 1144 312 ἑαυτοῦ
1158 285 1283 319 γενέσθαι
1295 286 1344 321 οὐχ
1356 283 1411 317 οἷός
1423 294 1452 312 τε
1468 283 1513 321 ῆν.
1527 285 1637 312 Ἑαυτὸν
1652 285 1734 322 γὰρ-ὀ
1754 286 1834 321 μήπω

1047 331 1086 357 ὢν
1098 331 1225 358 πλάττειν
1235 331 1284 358 οὐκ
1297 331 1415 363 ἐδύνατο,
1431 332 1478 358 καὶ
1491 331 1593 363 τέλειος
1609 330 1670 358 οὔτε
1687 330 1716 364 ἐξ
1728 331 1777 358 οὐκ
1791 331 1834 358 ὃν-

1047 384 1101 403 των
1113 376 1275 410 γενέσθαι-τι
1293 377 1386 403 οὐσίαν
1397 376 1468 411 ἔχειν
1478 376 1501 392 ⁵³
1515 376 1635 408 δύναται,
1649 377 1695 403 καὶ
1708 376 1836 411 γεννητὸν

1048 422 1204 458 ὑπάρχοντα
1213 422 1251 457 τῷ
1266 422 1308 449 ἀεὶ
1322 422 1489 458 ἰσοδυναμεῖν
1499 422 1549 449 οὒκ
1558 422 1645 458 ὀρθῶς
1657 422 1690 449 ἂν
1701 422 1773 449 εἴποι
1781 431 1833 453 τις.

1047 467 1103 494 Kal.
1112 467 1126 493 ὁ
1136 467 1227 502 Σίμων
1236 475 1243 482 ·
1255 467 1328 503 Μήτι
1342 465 1388 493 οὖν
1400 467 1454 493 τῶν
1468 467 1536 503 πρός
1544 467 1569 493 τί
1580 468 1670 499 hct-rw;
1681 467 1736 493 Kal
1749 465 1848 498 οὕτως

1048 513 1165 549 ¹ιιονηρδν
1180 513 1260 539 οὺκ⁸⁸
1274 512 1330 539 ἐστι
1343 513 1430 539 κακὸν
1447 513 1525 548 μένον
1539 512 1576 544 ὡς
1592 512 1662 548 ὕδωρ
1676 513 1752 549 πυρὶ,
1769 512 1837 546 άγα-

1048 558 1094 585 θδν
1104 558 1132 585 δὲ
1143 559 1176 594 τῇ
1191 558 1326 594 εὐκαίρως
1336 558 1439 595 διψώσῃ
1450 559 1486 593 γῇ
1498 566 1505 573 ·
1517 558 1610 594 ὥσπερ
1623 566 1654 592 γε
1670 558 1717 584 καὶ
1730 558 1849 593 σίδηρος

1048 604 1089 635 εἰς
1102 603 1150 639 μὲν
1168 604 1303 639 γεωργίαν
1321 603 1413 635 καλὸς,
1429 605 1468 635 εἰς
1481 603 1510 629 δὲ
1526 603 1621 638 φόνους
1635 603 1718 635 κακός
1729 612 1735 618 ·
1753 603 1800 630 καὶ
1819 603 1837 638 ἠ

1048 649 1179 684 ἐπιθυμία
1191 649 1218 675 δὲ
1233 650 1273 680 είς
1288 648 1336 684 μὲν
1351 649 1458 684 γάμους
1469 649 1498 675 οὐ
1513 649 1597 685 κακὴ,
1614 650 1654 681 είς
1665 650 1694 676 δὲ
1714 649 1840 684 μοιχείαν

1048 694 1152 730 χαλεπή
1162 703 1168 710 ’
1181 694 1219 726 ὡς
1237 695 1283 721 καὶ
1298 695 1329 721 τὸ
1339 694 1465 729 φονεῦσαι
1486 694 1580 726 κακὸν,
1600 694 1667 721 ἀλλὰ
1684 694 1724 730 τῷ
1741 695 1840 729 (paveti-

1049 747 1126 766 σαντι
1137 739 1206 776 πρὸς
1217 740 1232 766 b
1245 739 1417 775 βεϐούλευται
1431 739 1523 771 καλέιν,
1537 740 1582 766 κα.)⁸
1597 740 1613 775 ἡ
1630 739 1770 773 πλεονεξία
1785 749 1850 766 καί

1049 785 1106 817 κδν,
1115 784 1181 812 άλλὰ
1193 785 1232 820 τῷ
1241 784 1445 811 πλεονεκτοῦντι
1456 785 1504 820 ἡδύ
1514 794 1521 800 ·
1533 785 1581 811 καὶ
1591 786 1640 812 ὃσα
1649 785 1763 812 τοιαῦτα
1773 793 1839 820 τυγ-

1049 831 1125 865 χάνει
1138 830 1233 858 τοῦτον
1245 831 1366 866 περιέχει
1378 830 1423 857 τὸν
1434 831 1543 866 τρόπον.
1560 830 1652 866 Τούτῳ
1665 831 1693 857 δὲ
1710 832 1748 867 τῷ
1767 831 1840 866 λόγῳ

1049 875 1110 902 οὔτε
1130 875 1161 902 τδ
1182 876 1266 903 κακον
1285 876 1369 902 κακόν
1391 876 1475 907 ἐστιν,
1489 876 1550 902 οὗτε
1568 876 1600 903 τὸ
1619 876 1719 910 ἀγαθὸν
1738 876 1839 910 ἀγαθὸν

1049 922 1196 957 τυγχάνει*
1211 922 1340 957 ἑκάτερον
1356 921 1410 957 γὰρ
1430 921 1462 948 τὺ
1479 921 1572 957 ἕτερον
1593 922 1746 958 ἐργάζεται.
1764 922 1840 956 Μήτι

1049 976 1081 1002 γε
1091 968 1123 988 ⁸³ι
1136 967 1167 994 τὺ
1188 967 1283 994 δοκοῦν
1306 967 1399 999 κακῶς
1420 967 1541 1002 γίνεσθαι
1564 967 1703 1003 εὐφραίνει
1728 968 1777 1003 μὲν
1794 968 1841 994 τὸν

1049 1013 1186 1045 ποιοῦντα,
1207 1014 1315 1046 κολάζει
1339 1013 1368 1040 δὲ
1391 1013 1437 1040 τὸν
1459 1013 1610 1048 πάσχοντα;
1633 1015 1687 1041 Καὶ
1707 1016 1731 1041 εί
1748 1015 1841 1042 ἄδικον

1049 1064 1122 1090 δοκεῖ
1142 1063 1172 1090 rb
1194 1063 1288 1090 ἑαυτὸν
1311 1064 1491 1100 ἀγαπήσαντα
1512 1062 1665 1098 εὐφραίνειν
1679 1062 1716 1093 ὡς
1728 1060 1841 1088 δυνατόν

1050 1109 1122 1137 ἐστιν
1134 1130 1141 1142 ,
1156 1110 1202 1136 καὶ
1214 1110 1257 1137 διὰ
1269 1111 1348 1137 τοῦτο
1360 1110 1466 1145 χαλεπὰ
1480 1109 1563 1145 388
1577 1108 1718 1135 πείσεσθαι
1736 1107 1789 1134 ὑπὸ
1799 1107 1839 1133 δι-

1050 1155 1128 1182 καίου
1150 1154 1275 1183 δικαστοῦ
1295 1155 1359 1192 περὶ
1380 1155 1427 1183 τοῦ
1449 1155 1543 1183 ἑαυτὸν
1555 1154 1743 1190 ᾑγαπυκέναι,
1751 1153 1806 1180 τίνι
1815 1153 1840 1169 ⁸³

1049 1199 1100 1226 οὐκ
1117 1200 1208 1227 άδικον
1227 1200 1352 1235 φαίνεται
1363 1208 1371 1233 ;

1055 1341 1064 1346 “
1084 1338 1156 1366 XIX.
1176 1339 1231 1366 Kal
1242 1339 1257 1365 ὁ
1268 1338 1371 1374 Πέτρος
1380 1346 1388 1354 ’
1406 1338 1516 1366 Ἑαυτὸν
1532 1337 1584 1373 χρὴ
1594 1336 1718 1369 κολάζειν
1731 1336 1792 1362 τάιε
1804 1335 1840 1370 τῇ

1050 1385 1207 1421 ἐγκρατείᾳ,
1226 1385 1289 1411 ὅταν
1305 1386 1321 1419 ἡ
1339 1384 1469 1419 ἐπιθυμία
1487 1383 1556 1418 πρὸς
1570 1383 1663 1418 ἑτέρον
1679 1381 1780 1417 βλάϐην
1794 1381 1851 1415 ὸρ-’

1051 1431 1136 1466 μῆσαι
1151 1429 1226 1467 θέλῃ,
1239 1429 1326 1456 εἰδότα
1347 1429 1418 1455 ὂτι⁵⁷
1435 1429 1449 1455 ὁ
1462 1427 1576 1463 πονηρὸς
1592 1427 1655 1458 τοὺς
1673 1427 1721 1462 μὲν
1739 1425 1842 1457 κακοὺς

1049 1475 1154 1503 ἀνελεῖν
1171 1475 1293 1507 δύναται,
1307 1474 1354 1501 ἀπ’
1367 1474 1454 1509 ἀρχῆς
1476 1473 1524 1509 τὴν
1543 1473 1605 1500 κατ’
1616 1473 1704 1499 αὐτῶν
1722 1470 1842 1507 εἰληφὼς

1050 1520 1183 1553 ἐξουσίαν.
1197 1521 1252 1547 Καὶ
1265 1519 1341 1546 οὔπω
1354 1519 1432 1546 τοῦτο
1442 1518 1526 1545 κακὸν
1538 1519 1594 1550 τοῖς
1607 1517 1680 1544 κακά
1692 1516 1852 1553 πράξασινρ

218 1564 325 1592 animas
336 1572 431 1591 eorum
443 1568 506 1598 post
520 1564 731 1599 peremptionem
740 1567 941 1598 exspectantem
952 1571 999 1598 pro

1053 1565 1121 1593 ἀλλὰ
1134 1566 1165 1592 τδ
1182 1565 1251 1601 μετά
1268 1565 1319 1601 τὴν
1336 1565 1473 1599 ἀναίρεσιν
1491 1564 1541 1595 τὰς
1552 1563 1640 1598 ψυχὰς
1653 1562 1743 1589 αὐτῶν
1758 1562 1842 1589 κολα-

220 1612 290 1639 male
316 1611 515 1646 pnedispositis
539 1612 613 1639 omni
639 1620 701 1639 cum
719 1612 782 1646 jure
805 1611 904 1647 aliquis
927 1611 1000 1639 dicat

218 1658 327 1686 duram.
342 1658 442 1693 Quare,
457 1663 485 1686 ut
499 1658 566 1691 dixi,
579 1658 696 1686 evitetur
705 1662 812 1693 oportet
824 1659 876 1685 alia
889 1658 997 1693 injusti-

219 1704 255 1731 tia
282 1712 329 1739 pro
356 1704 430 1732 brevi
455 1704 604 1740 voluptate,
625 1712 659 1731 ne
687 1704 722 1731 ob
747 1711 859 1739 parvam
878 1704 998 1731 laetitiam

218 1754 317 1777 :eterna
339 1750 431 1777 luatur
455 1758 545 1785 paena.
566 1749 634 1776 Tum
658 1748 826 1776 SimonzAn
853 1748 921 1777 forte
943 1757 998 1777 non

218 1795 336 1825 exsistit.
346 1795 416 1829 quod
433 1799 529 1822 natura
542 1794 642 1821 malum
657 1799 698 1821 est
709 1797 756 1821 aut
768 1793 934 1826 bonum.sed
942 1800 1001 1820 mo-

218 1842 254 1869 do
267 1842 355 1869 ditIert
369 1846 396 1868 ct
411 1841 507 1869 more?
523 1840 561 1868 Ita
575 1841 645 1875 apud
657 1840 754 1868 Persas
767 1848 827 1868 mos
843 1846 886 1867 cst
902 1840 999 1867 matri~

220 1887 341 1914 monium
354 1886 464 1913 incumli
479 1894 540 1914 cum
555 1886 701 1919 matribus,
714 1886 866 1918 sororibus,
881 1886 999 1918 ﬁliabus,

220 1933 288 1960 alias
312 1938 401 1959 autem
421 1932 519 1959 ducere
544 1932 723 1959 smvissimum
749 1932 908 1966 appellatur.
924 1931 1001 1959 Unde

220 1977 354 2004 malorum
379 1985 432 2003 non
449 1976 623 2003 deiinitorum
642 1977 688 2003 Dei
705 1976 839 2011 judicium
863 1984 916 2003 non
941 1984 1001 2004 esse

220 2026 309 2056 potest
322 2028 371 2056 pro
382 2022 520 2049 omnibus.
533 2021 565 2048 Et
576 2021 672 2049 Petrus
684 2022 770 2049 dixit:
783 2021 838 2048 Hoc
852 2022 1001 2050 subsistere

220 2067 315 2102 nequit
330 2076 337 2094 :
352 2075 413 2095 nam
431 2067 558 2094 omnibus
573 2067 758 2094 exsecrandus
781 2067 888 2094 videtur
911 2068 1001 2095 coitus

219 2121 281 2141 cum
298 2113 439 2144 matribus,
454 2113 475 2139 si
487 2113 569 2140 etiam
583 2112 737 2147 Pcrszc,qui
753 2113 924 2147 partiuncula
938 2116 1002 2141 sunt

220 2159 326 2194 generis
340 2158 641 2193 humani,iuiquilatem
657 2158 732 2186 exosi
746 2166 840 2185 eorum
851 2158 936 2185 moris
947 2165 1000 2184 non

220 2205 338 2238 capiant.
349 2203 387 2230 lla
395 2208 421 2231 et
431 2203 550 2230 Britanni
562 2204 649 2237 palam
659 2211 751 2230 coram
765 2203 892 2230 omnibus
902 2208 1002 2229 coeunt

1050 1611 1166 1647 ζομένας
1176 1611 1323 1646 διαμένειν,
1337 1610 1415 1637 τοῦτο
1426 1610 1509 1641 ὅντως
1520 1607 1592 1636 εἶναι
1602 1608 1720 1644 χαλεπὸν
1729 1608 1842 1640 δικαίως

1049 1657 1103 1683 τῶν
1115 1657 1209 1688 κακῶς
1222 1656 1459 1693 προδιωρισμένων
1474 1654 1561 1690 ὀρθῶς
1578 1655 1651 1690 ἔχειν
1668 1655 1740 1682 εῖτωι
1753 1663 1796 1686 τις
1805 1655 1839 1680 ⁵⁸.

1050 1700 1088 1730 Οὖ
1099 1703 1202 1730 εἵνεκεν
1214 1701 1405 1737 παραιτεῖσθαι
1422 1700 1485 1736 χρὴ,
1500 1700 1539 1732 ὡς
1551 1700 1630 1736 ἔφην,
1646 1699 1775 1736 βραχείας
1790 1699 1839 1734 χά-

1053 1758 1094 1785 ριν
1111 1749 1208 1785 ἡδονῆς
1219 1748 1297 1776 άλλον
1306 1748 1398 1776 ἄδικον
1412 1747 1481 1783 πρὸς
1490 1747 1521 1774 τὸ
1533 1747 1570 1783 μὴ
1584 1747 1664 1774 αὐτὸν
1675 1756 1737 1774 τινα
1748 1746 1841 1781 ὀλίγης

1051 1796 1130 1832 χάριν
1143 1795 1239 1831 ἡδονῆς
1248 1794 1324 1830 ἀϊδίῳ
1335 1793 1491 1829 περιϐαλεῖν
1504 1793 1622 1820 κολάσει.
1636 1793 1691 1820 Kal.
1703 1794 1718 1820 ὁ
1732 1794 1822 1828 Σίμων
1832 1800 1838 1806 ·

1051 1842 1123 1877 Μήτι
1136 1839 1182 1868 οὖν
1196 1841 1246 1867 οὐκ
1260 1840 1317 1866 ἐστι
1335 1841 1369 1875 τῇ
1391 1838 1472 1874 φύσει
1485 1839 1601 1875 πονηρὸν
1614 1839 1630 1874 ἢ
1646 1839 1760 1873 ἀγαθὸν,
1775 1838 1842 1865 ἀλλὰ

1050 1889 1125 1923 νόμῳ
1135 1888 1256 1923 διαφέρει
1266 1887 1313 1913 καὶ
1322 1886 1378 1914 ἔθει
1390 1895 1397 1919 ;
1413 1885 1514 1922 [Οὕτω]
1521 1886 1545 1902 ⁵⁸
1558 1886 1633 1922 παρὰ
1641 1886 1764 1922 Πέρσαις
1776 1886 1840 1912 ἴδιον

1051 1934 1081 1960 τὸ
1103 1935 1200 1968 γαμεῖν
1226 1932 1353 1968 μητέρας,
1372 1931 1497 1966 ἀδελφάς,
1517 1931 1684 1967 θυγατέρας,
1707 1932 1790 1962 ἄλλας
1811 1930 1840 1955 δὲ

1051 1979 1145 2013 ὥσπερ
1166 1976 1365 2013 χαλεπώτ[ατον
1386 1976 1655 2012 ἀ]γορεύεται.”Οθεν
1677 1978 1734 2005 τῶν
1749 1976 1840 2003 κακῶν

1054 2024 1091 2060 μὴ
1105 2023 1265 2060 ὡρισμένων
1282 2025 1348 2050 πᾶσι
1369 2023 1418 2059 τὴν
1439 2025 1470 2050 ὲκ
1485 2023 1552 2050 Θεοῦ
1575 2024 1665 2059 κρίσιν
1688 2022 1839 2060 προσδοκᾷ-ν

1051 2069 1102 2096 οὐκ
1118 2068 1202 2095 ἔστιν.
1219 2068 1273 2095 Καὶ
1287 2069 1301 2095 ὁ
1315 2069 1416 2104 Πέτρος
1434 2068 1501 2104 ἔφη·
1521 2069 1558 2095 Οὐ
1572 2068 1682 2096 δύναται
1695 2069 1774 2096 τοῦτο
1794 2075 1839 2093 συ-

1053 2115 1164 2151 στῆναι·
1175 2115 1242 2141 πᾶσι
1253 2114 1308 2150 γὰρ
1321 2115 1453 2149 φαίνεται,
1466 2115 1506 2141 am
1517 2114 1548 2141 τὸ
1564 2114 1683 2150 μητράσι
1696 2112 1839 2150 μίγνυσθαι

1054 2161 1184 2196 μυσαρὸν,
1199 2160 1250 2187 κᾶν
1262 2160 1374 2196 Πέρσαι,
1388 2160 1479 2196 μόριον
1493 2160 1659 2196 ὑπάρχοντες
1668 2161 1717 2188 τοῦ
1729 2158 1837 2188 παντὸς,

1052 2206 1105 2233 ὑπὸ
1129 2206 1215 2233 κακοῦ
1240 2206 1316 2237 ἔθους
1340 2206 1390 2241 τῆς
1415 2207 1539 2241 μυσαρᾶς
1557 2206 1647 2233 αὐτῶν
1665 2205 1792 2242 πράξεως
1808 2202 1839 2228 τὸ

220 2249 279 2276 sine
294 2249 412 2284 pudore;
427 2249 471 2275 alii
486 2249 605 2275 humana
612 2256 693 2276 carne
700 2252 847 2275 vescuntur
854 2249 913 2276 sine
919 2248 981 2276 fasti

1051 2252 1149 2287 άνομον
1169 2251 1206 2287 μὴ
1217 2251 1466 2286 άντιλαμϐάνωνται
1473 2252 1505 2278 ⁸⁸.
1515 2252 1558 2284 Ὠς
1568 2253 1616 2279 καὶ
1632 2250 1779 2288 Βρεττανοὶ
1789 2249 1838 2282 ἑμ-

220 2294 281 2327 dio;
295 2294 341 2321 alii
359 2302 390 2321 ea
409 2301 470 2328 qua:
490 2301 571 2321 canes
588 2298 614 2321 et
634 2294 686 2321 alia
702 2294 816 2321 nefanda
833 2299 998 2329 perpetrant.

221 2340 279 2368 Hoc
296 2341 376 2367 modo
393 2348 446 2367 non
458 2340 633 2374 judicaudum
654 2344 695 2367 est
708 2340 741 2367 de
755 2347 836 2367 sensu
849 2340 998 2367 secundum

221 2392 345 2414 naturam
355 2394 490 2422 perverso.
502 2386 569 2413 Nam
581 2391 608 2413 et
622 2386 707 2413 occidi
722 2385 822 2413 malum
834 2390 886 2418 est,
895 2385 1000 2413 etiamsi

221 2442 274 2461 non
292 2441 388 2461 omnes
403 2434 439 2461 ita
452 2433 559 2465 dicant,
573 2439 635 2459 cum
654 2440 734 2459 nemo
750 2432 807 2466 ipse
827 2432 877 2459 sibi
892 2432 1002 2459 dolores

222 2488 316 2515 parere
330 2480 403 2512 velit,
421 2487 470 2507 nec
486 2486 564 2514 pmna
582 2478 618 2504 ob
631 2477 731 2504 furtum
748 2477 799 2505 sibi
814 2470 915 2505 in'tlicta
931 2477 1002 2505 ullus

220 2527 378 2553 delectetur.
397 2525 425 2552 Si
443 2525 505 2560 quis
523 2532 587 2559 ergo
600 2525 753 2551 nullatenus
764 2524 888 2551 concedit
904 2532 1000 2559 pecca-

222 2577 278 2599 tum
292 2571 434 2603 exsistere,
448 2571 604 2598 uecessario
616 2575 644 2597 et
654 2570 761 2597 tertium
776 2570 906 2605 judicium
919 2569 955 2596 ob
967 2577 998 2597 ea

222 2622 293 2645 recte
313 2617 523 2652 exspectandum
539 2621 590 2644 cst.
605 2616 671 2650 Qua:
687 2624 749 2644 cum
765 2615 860 2643 Petrus
876 2616 999 2649 dixissetI

1052 2297 1143 2332 φανῶς
1153 2298 1203 2324 ἐπὶ
1221 2297 1328 2324 πάντων
1348 2297 1528 2329 κοινωνοῦσιν,
1545 2298 1591 2325 καὶ
1609 2299 1659 2325 οὐκ
1683 2295 1817 2325 αίδοῦντσιι
1828 2301 1847 2311 ’λ

1053 2345 1100 2371 καὶ
1118 2343 1191 2371 ἄλλοι
1211 2343 1316 2379 σάρκας
1338 2343 1488 2379 ἀνθρώπων
1503 2344 1648 2376 ἐσθίουσιν,
1666 2344 1714 2372 καὶ
1736 2342 1767 2368 οὐ
1789 2349 1846 2375 tua”

1055 2388 1194 2415 σάττονται
1204 2396 1211 2402 ·
1331 2388 1377 2414 καὶ
1399 2388 1485 2422 ἕτεροι
1501 2387 1535 2414 τὰ
1549 2387 1637 2414 κυνῶν
1649 2387 1698 2414 καὶ
1709 2384 1776 2413 ἄλλα
1786 2381 1844 2416 ἆῤ·;

1053 2436 1121 2470 ρητα
1135 2434 1302 2469 πράσσουσιν
1311 2434 1343 2460 ⁸⁸.
1354 2433 1448 2464 οὕτως
1459 2433 1489 2460 οὗ
1503 2432 1555 2468 χρὴ
1564 2432 1688 2468 αἰσθήσει
1700 2431 1753 2458 ὑπὸ
1760 2429 1835 2470 ἔθους

1050 2479 1097 2507 τοῦ
1119 2479 1190 2506 κατὰ
1212 2479 1292 2514 φύσιν
1314 2479 1480 2515 ὲκτριιπείσῃ
1502 2478 1552 2510 τὰς
1572 2479 1677 2514 κρίσεις
1693 2474 1832 2504 ποιεῖσθαι-

1051 2526 1107 2552 Kal.
1127 2525 1180 2561 γὰρ
1194 2525 1224 2552 τὸ
1237 2525 1395 2561 φονευθῆναι
1414 2525 1497 2551 κακόν
1518 2525 1600 2556 ἐστιν,
1615 2525 1667 2552 κᾶν
1681 2523 1718 2559 μὴ
1737 2520 1834 2548 πάντες

1052 2571 1175 2606 λέγωσιν,
1190 2573 1231 2599 ὅτι
1247 2572 1339 2608 μηδεὶς
1352 2571 1513 2598 αὐτοπαθεϊν
1526 2570 1609 2603 θέλει,
1626 2572 1672 2598 καὶ⁸
1691 2567 1773 2600 κλὸπῇ
1786 2563 1840 2601 δύ’,

1051 2618 1106 2650 δεὶς
1122 2618 1168 2644 ἐπὶ
1180 2619 1213 2654 τῇ
1229 2617 1325 2645 ἑαυτοῦ
1344 2617 1452 2644 κολάσει
1465 2617 1568 2652 ἥδεται.
1586 2617 1645 2644 Κᾶν
1659 2614 1703 2643 οὖν
1717 2612 1774 2641 ἑνδς
1788 2608 1831 2635 οὗ·

853 2687 969 2716 νΑιιιιΕ
983 2687 1182 2716 LECTIONES.

258 2744 282 2760 "
300 2743 357 2779 ἔχει
371 2742 404 2770 0.
442 2743 465 2759 ⁵⁵
483 2743 534 2770 οὐκ
548 2743 659 2778 adiunxi
670 2752 702 2771 ex
717 2744 882 2777 conjectura.
921 2745 943 2759 "
964 2744 1000 2772 Ita
1018 2745 1069 2778 leg.
1080 2749 1157 2772 notat
1169 2743 1191 2771 Ο
1219 2744 1246 2771 in
1260 2744 1392 2779 margine,
1406 2744 1525 2779 μήτοιγε
1537 2744 1563 2771 in
1579 2750 1662 2773 textu.
1701 2737 1781 2779 {frgi
1795 2735 1826 2779 ο,

221 2780 243 2795 ⁸⁷
258 2780 298 2805 ὅτι
314 2772 428 2813 ascripsi
439 2786 471 2806 ex
485 2772 652 2813 conjeciura.
667 2772 806 2815 ".Etxaiin;
821 2779 865 2806 τὸν
882 2780 975 2811 κακῶς
991 2772 1222 2815 προδιωρισμένον
1239 2779 1301 2813 (sic)
1318 2772 1626 2815 ἔρθῷςήέχεινέὶπόντος
1641 2780 1670 2805 0.
1701 2775 1723 2814 ’ξ
1742 2772 1827 2815 δείρςέ

222 2814 356 2850 lacunam,
373 2812 454 2847 quam
470 2812 574 2850 explevi
595 2822 653 2850 ver,
678 2814 770 2850 [001m]
787 2815 862 2849 signa
883 2816 893 2824 “
906 2812 1046 2849 apparent.
1070 2812 1195 2842 Fortasse
1218 2812 1358 2850 legendum
1377 2813 1417 2850 ιηι
1433 2812 1519 2850 nonne,
1542 2820 1569 2842 et
1593 2816 1695 2850 siguﬂm
1714 2812 1826 2850 "ﬁeri":

221 2841 356 2885 galuli‘in:
373 2841 425 2875 line
443 2841 827 2885 enuritialinnls‘pimcud'unlt
863 2850 884 2866 εο
904 2841 1143 2886 ἀντιλαμϐάνονται
1169 2850 1197 2876 Ο,
1239 2841 1258 2865 ‘Ii
1277 2849 1322 2875 καὶ
1338 2841 1424 2885 ἓτέρᾏι
1454 2849 1540 2876 κυνῶν
1562 2841 1703 2877 iaculum“
1724 2841 1835 2882 MM“,

221 2892 387 2920 πράσσουσιν
400 2887 428 2911 υ.
