2024 3073
200 131 270 164 413'

616 141 645 168 S.
672 141 865 170 CLEMENTIS
882 142 892 170 Ι
912 143 994 179 RQM.
1020 142 1119 171 PONT.
1139 144 1252 172 OPERA
1271 145 1384 175 DUBIA.

1770 146 1821 174 tu
1843 138 1848 142 ⁴

202 194 285 231 impie
298 203 353 223 non
370 198 437 232 agit,
452 198 498 225 sed
515 198 541 225 in
557 199 721 226 adulterium
738 205 918 235 prordmpens
934 202 985 228 im-

1040 203 1087 230 ἐάν
1103 211 1145 234 τις
1155 205 1188 239 τῇ
1201 204 1333 240 ἐπιθυμίᾳ
1346 205 1444 241 χρῆται
1455 206 1523 242 πρὸς
1535 206 1649 242 νόμιμον
1660 206 1758 242 γάμον,
1771 209 1821 235 οὐκ

202 241 329 275 pietatem
353 244 515 274 committit.
542 243 658 278 ideoque
674 245 862 280 castigabitur,
887 251 918 273 ut
938 247 984 282 qui

202 287 272 314 male
286 295 353 314 usus
368 289 404 314 sit
424 296 467 319 eo.
483 288 555 322 quod
571 289 640 316 bene
655 289 736 317 fuerit
750 291 918 320 ordinatum.
943 292 986 319 Si-

203 331 259 358 mili
273 332 354 359 modo
369 333 450 360 etiam
466 334 614 360 iracundiae
638 343 769 362 concessa
785 344 800 363 a
817 335 872 364 Deo
890 342 929 364 est
946 337 986 365 vis

202 384 252 404 nos
273 378 460 412 aggrediendi.
485 383 514 405 ut
532 387 561 405 ca
577 379 727 407 excitemur
750 382 782 408 ad
811 386 984 416 peccatorum

203 421 343 450 ultionem.
366 423 559 451 Verumtamen
585 425 729 453 immodice
754 427 802 461 qui
834 435 866 454 ea
888 428 985 462 utitur,

203 467 303 502 injuste
318 469 384 503 agit,
406 474 478 496 recte
492 477 524 497 ea
540 476 620 498 utens
641 471 746 506 justum
763 473 876 508 peragit.
890 473 925 500 At
944 474 986 501 Iu-

201 514 257 541 ctui
274 521 383 548 quoque
403 515 518 549 subjecti
534 523 640 547 sumus.
655 524 711 551 quo
727 517 830 546 doloris
844 527 904 547 esse
923 528 986 555 pos-

200 559 289 586 simus
315 560 462 595 participes
487 561 578 588 obitus
604 563 984 598 propiuquorum,mulieris,

200 605 242 632 vel
257 605 415 639 liberorum,
433 607 475 634 vel
490 606 617 640 fratrum,
628 609 667 635 vel
680 611 845 643 genitorum,
856 611 900 639 vel
916 612 986 639 ami—

200 658 294 677 corum
310 652 469 680 aliorumve.
493 653 749 682 Commiseratiouis
764 656 837 683 enim
859 663 986 692 expertes

202 696 321 724 hominis
336 703 461 725 naturam
475 700 657 727 exuissemus.
671 699 759 728 Simul
774 703 878 737 reliqua
893 704 985 731 omnia

201 748 263 777 apta
280 751 341 771 esse
358 745 538 780 reperientur,
551 746 574 774 si
589 747 798 775 considerantur
813 749 894 776 modo
908 757 924 777 a
943 758 986 778 me

202 787 332 817 indicato.

236 833 319 861 XXII.
337 833 406 862 Tum
423 835 518 863 Simon
532 845 539 864 :
552 836 608 864 Cur
627 842 720 865 autem
735 841 762 866 et
779 838 903 867 homines
918 847 986 874 pra:-

201 884 307 908 mature
328 882 496 916 moriuntur,
514 887 542 910 et
556 884 645 911 morbi
661 884 790 919 periodiei
807 886 929 917 veniunt,
945 886 987 913 in-
1002 874 1023 901 Β

200 934 283 961 super
304 932 331 955 et
347 928 495 961 daemones,
518 929 632 957 insania:
652 934 680 957 et
703 930 873 959 calamitates
891 932 986 959 multi-

200 971 302 1000 formes
314 975 575 1009 magnacastigandi
583 974 710 1006 facultate
717 976 836 1010 przeditae
853 976 987 1005 exsistere

200 1017 333 1052 pergunt?
356 1018 468 1054 Excepit
494 1019 614 1048 Petrus:
629 1020 698 1053 Quia
723 1022 850 1049 homines
874 1023 987 1049 omnino

201 1062 305 1090 libidini
328 1072 385 1092 sua:
408 1065 578 1101 indulgentes
603 1066 807 1095 inconsiderate
827 1074 945 1102 coeunt,
960 1073 987 1097 et

200 1109 237 1135 ita
260 1110 411 1138 seminibus
437 1111 527 1138 alieno
547 1117 670 1147 tempore
694 1113 800 1148 sparsis
825 1122 859 1142 ex
882 1120 987 1142 natura:

200 1155 290 1183 indole
311 1156 524 1185 innumerabilia
547 1163 726 1193 procreantur
744 1160 827 1187 mala.
849 1160 987 1189 Debebant

200 1202 291 1235 potius
313 1207 450 1237 reputare,
467 1204 507 1230 uti
527 1208 633 1239 tempus
646 1204 788 1233 deﬁnitum
806 1207 841 1234 sit
856 1207 890 1234 ad
909 1208 987 1241 plan-

199 1248 309 1274 tandum
330 1252 357 1275 et
376 1249 565 1276 seminandum
579 1255 673 1284 aptum
689 1270 696 1282 ,
719 1251 755 1278 ita
774 1256 802 1279 et
822 1248 986 1281 constitutos

201 1293 285 1319 fuisse
303 1293 360 1320 dies
381 1294 414 1320 ad
433 1295 533 1321 coitum
558 1295 683 1323 idoneos.
705 1295 774 1323 Hinc
795 1302 869 1324 certe
885 1298 985 1333 aliquis

199 1337 303 1374 Moysis
317 1339 425 1366 traditis
441 1340 544 1373 peritus
567 1341 698 1375 populum
715 1341 749 1369 ob
764 1347 876 1376 peccata
901 1351 983 1371 accu-

199 1392 280 1417 sans,
301 1385 505 1412 noviluniorum
528 1386 679 1413 secundum
701 1387 793 1414 lunam
810 1393 837 1415 et
858 1389 987 1417 sabbato-

200 1438 261 1457 rum
282 1430 353 1457 ﬂlios
369 1431 532 1465 appellabat.
553 1432 588 1459 At
611 1440 675 1459 vero
694 1433 720 1459 in
743 1434 876 1469 principio
893 1436 986 1464 mundi

201 1476 325 1504 homines
347 1481 374 1503 et
413 1477 525 1513 longaevi
561 1483 640 1505 erant
666 1479 810 1514 morbique
838 1481 985 1510 immunes.

1036 248 1139 281 ἀσεϐεῖ,
1161 250 1230 287 προς
1248 250 1368 284 μοιχείαν
1384 251 1412 277 δὲ
1424 251 1516 286 ὁρμῶν
1529 252 1550 267 θ’
1567 252 1701 284 δυσσεϐεῖ,
1715 253 1762 279 καὶ
1779 253 1822 280 διὰ

1035 293 1114 319 τοῦτο
1125 296 1296 330 τιμωρεῖται,
1312 295 1352 321 ὅτι
1374 296 1413 331 τῷ
1423 296 1446 311 “¹⁶
1463 296 1554 327 καλῶς
1570 296 1674 324 τεθέντι
1688 299 1823 335 ἐχρήσατο

1035 339 1137 370 κακῶς.
1147 340 1207 366 Ἔτι
1214 349 1244 366 τε
1253 341 1375 376 όμοίωςή
1384 341 1452 377 όργὴ
1461 342 1488 368 ὲν
1498 342 1561 377 ἡμῖν
1572 342 1735 374 ἐξάπτεσθαι
1743 343 1821 378 φύσιν

1036 383 1106 418 ἔχειν
1122 384 1213 419 εἴληφε
1227 385 1301 419 παρὰ
1314 384 1391 418 Θεοῦ,
1406 385 1448 412 ἵνα
1464 385 1531 421 πρὸς
1542 385 1647 421 ἄμυναν
1662 386 1822 422 ἁμαρτημά-

1034 436 1088 455 των
1101 430 1145 455 ὑπ¹
1160 430 1245 464 αὐτῆς
1257 430 1407 465 ἐλκώμεβα.
1422 431 1493 467 Πλὴν
1505 424 1616 467 ἀμέτρῳ
1628 432 1696 467 αὐτῇ
1708 441 1750 463 τις
1759 441 1823 468 χρη-

1037 475 1154 509 σάμενος
1177 475 1276 508 ἀδικεῖ,
1300 477 1359 502 κατ’
1376 476 1453 508 ἀξίαν
1469 477 1497 503 δὲ
1516 476 1654 512 χρώμενος
1673 477 1704 504 τὸ
1720 477 1822 504 δίκαιον

1036 519 1149 547 ἐπιτελεῖ.
1170 520 1249 547 Ἀλλά
1262 522 1309 548 καὶ
1321 521 1408 557 λύπης
1421 522 1503 557 ἐσμὲν
1514 522 1641 557 δεκτικοὶ,
1657 523 1700 550 ῐνα
1713 524 1743 550 τὸ
1757 532 1823 560 συμ-

1037 565 1188 601 παθητικδν
1201 566 1306 602 ἔχωμεν
1318 567 1364 593 ὲπι
1375 575 1405 594 τε
1418 567 1525 603 θανάτῳ
1535 567 1653 601 οἰκείων,
1665 569 1792 602 γυναικὸς
1804 568 1821 604 ἠ

1036 611 1138 638 τέκνων
1151 611 1167 646 ἢ
1182 611 1302 646 ἀδελφῶν
1314 611 1330 647 ἢ
1349 612 1451 645 γονέων
1468 611 1485 648 ἣ
1498 613 1582 647 φίλων
1595 612 1612 648 ἢ
1628 613 1714 640 ἀλλων
1730 614 1820 640 τινῶν.

1042 656 1182 693 Ἐπείπερ,
1196 659 1220 684 εἰ
1237 658 1267 684 τὸ
1279 657 1448 693 συμπάσχειν
1472 659 1522 685 οὐκ
1545 659 1663 694 εἴχομεν,
1677 659 1822 695 ἀπάνθρω-

1036 711 1082 729 ποι
1106 703 1140 729 ἇν
1154 701 1230 738 εἶμεν
1242 703 1275 730 ⁷¹.
1294 703 1383 739 Ὀμῶς
1401 705 1448 730 καὶ
1468 703 1502 731 τὰ
1526 704 1592 731 ἀλλα
1614 704 1702 732 πάντα
1715 705 1822 736 οἰκείως

1035 749 1211 785 εὑρεθήσεται
1233 750 1338 785 ἔχοντα,
1365 750 1411 777 ἐάν
1436 758 1469 785 γε
1492 750 1525 777 δι’
1549 751 1563 778 ὃ
1586 750 1678 786 ἔλεγον
1690 752 1714 767 ⁷³
1736 750 1822 787 ὲ[πι]-

1037 795 1128 831 νοηθῇ.

1073 851 1155 879 XXII.
1172 853 1227 880 Καὶ
1239 853 1253 880 ό
1265 853 1372 889 Σίμων’
1386 854 1435 881 Διά
1449 854 1520 885 τίδὲ
1532 853 1580 881 καὶ
1596 854 1679 889 ἀωροι
1696 853 1823 880 τελευτῶ-

1039 906 1090 931 σιν,
1103 899 1151 925 καὶ
1169 898 1319 934 περιοδικιιλ¹
1340 900 1410 927 νόσοι
1430 899 1559 934 γίνονται,
1579 900 1619 926 ἔτι
1638 899 1690 935 μὴν
1707 900 1755 926 καὶ
1771 899 1823 926 δαίο

1039 952 1118 979 μονες
1137 945 1184 971 καί
1198 935 1290 979 μανίαι
1312 945 1358 972 καὶ
1378 946 1451 981 πάθη
1466 945 1621 972 παντοδαπά
1637 945 1761 977 κολάζειν
1779 954 1823 981 με-

1037 989 1126 1023 γάλως
1137 988 1272 1024 δυνάμενα
1284 990 1416 1026 ὑπάρχεις
1430 991 1484 1017 Καὶ
1499 992 1513 1018 ό
1529 990 1633 1026 Πέτρος
1642 999 1649 1005 ·
1669 991 1730 1017 ’Ὁτι
1743 991 1768 1016 οἱ
1781 991 1823 1017 ἀν-

1037 1034 1140 1070 θρωττοι
1158 1035 1193 1061 τὰ
1213 1035 1301 1062 πάντα
1312 1036 1401 1063 αὐτῶν
1415 1038 1448 1072 τῇ
1469 1036 1549 1072 ἡδονῇ
1567 1036 1741 1071 χαριζόμενοι
1756 1036 1823 1062 ἀπα-

1037 1080 1198 1115 ρατηρήτως
1209 1081 1381 1108 κοινωνοῦσιν
1394 1081 1441 1108 καὶ
1457 1081 1542 1113 οὕτως
1554 1082 1570 1117 ὴ
1589 1081 1643 1108 τῶν
1658 1082 1822 1117 σπερμάτων

1037 1124 1171 1161 καταϐολὴ
1186 1125 1306 1162 ἀκαίρως
1319 1126 1471 1153 ὲπιδοθεῖσα
1488 1127 1610 1161 φυσικῶς
1626 1127 1660 1153 τά
1677 1127 1762 1162 μυρία
1778 1127 1822 1153 ὲκ-

1037 1170 1099 1205 φύει
1111 1171 1194 1198 κακά.
1213 1172 1311 1208 Ἐχρῆν
1323 1172 1351 1198 δὲ
1363 1173 1461 1204 αὐτοὺς
1475 1172 1644 1207 λογίζεσθαι,
1659 1173 1710 1204 ὅτι,
1724 1172 1763 1204 ὡς
1774 1173 1821 1199 τοῦ

1037 1216 1167 1250 φυτεῦσαι
1190 1217 1238 1244 καὶ
1262 1220 1372 1253 σπεῖραι
1393 1218 1489 1254 καιρὸς
1519 1218 1669 1254 ἐπιτήδειος
1693 1219 1820 1255 ὥρισται,

1037 1261 1109 1289 οὕτω
1121 1263 1168 1289 καὶ
1178 1264 1224 1290 τοῦ
1237 1265 1400 1300 κοινωνῆσαι
1412 1265 1605 1300 ὲπιτηρήσιμοι
1624 1266 1726 1301 ἡμέραι
1744 1275 1822 1301 προσ-

1037 1307 1196 1343 ῳκείωνται.
1222 1308 1303 1344 392
1324 1310 1420 1336 Ἔνθεν
1442 1310 1506 1344 γοῦν
1520 1319 1562 1342 τις
1576 1311 1608 1337 ἐκ
1621 1311 1672 1344 τῆς
1685 1311 1822 1342 Μωῡσέως

1037 1355 1210 1390 παραδόσεως
1240 1356 1420 1392 μεμαθηκὼς,
1444 1358 1604 1394 αἰτιώμενος
1626 1359 1672 1385 τὸν
1693 1359 1757 1385 λαὸν
1776 1359 1822 1385 ἐπὶ

1037 1401 1183 1437 ἁμαρτίας,
1197 1402 1272 1434 υἱοὺς
1278 1403 1427 1438 νεομηνιῶν
1436 1403 1490 1430 τῶν
1500 1404 1570 1432 κατά
1578 1405 1691 1440 σελήνην
1704 1405 1751 1431 καὶ
1762 1405 1821 1431 σαϐ-

1037 1445 1126 1473 ϐάτων
1144 1446 1285 1474 ἀπεκάλει.
1315 1447 1396 1474 Ἀλλά
1411 1448 1458 1475 καὶ
1478 1449 1538 1476 κατ’
1551 1448 1638 1484 ἀρχὰς
1653 1449 1700 1475 τοῦ
1719 1449 1820 1484 κόσμου

1036 1492 1061 1518 οι
1073 1492 1212 1528 ἄνθρωποι
1225 1492 1364 1525 πολυετεῖς
1378 1502 1408 1520 τε
1421 1491 1490 1529 ἦσαν
1503 1493 1550 1521 καὶ
1568 1494 1668 1521 ἄνοσοι.
1688 1494 1783 1521 Ὁπότε
1794 1494 1822 1521 δὲ

200 1521 253 1549 Sed
268 1530 319 1549 usu
337 1522 503 1558 negligenter
517 1523 658 1556 derelicto,
673 1524 720 1551 lilii
734 1524 846 1552 illorum
860 1526 982 1554 vicissim

1035 1521 1219 1574 ἀμελήσαντες
1231 1539 1281 1575 τὴν
1293 1521 1482 1576 παρατήρησιν
1495 1540 1636 1573 ἀπέλιπον,
1648 1540 1739 1567 ἔκτοτε
1752 1541 1822 1568 κατά

200 1568 235 1595 ob
249 1568 440 1604 ignorantiam,
459 1573 488 1596 ut
503 1576 557 1596 non
581 1570 669 1603 licuit,
684 1571 834 1599 miscentes
847 1580 888 1606 se,
903 1572 985 1600 innu-

201 1615 378 1642 merabilibus
390 1615 593 1644 calamitatibus
605 1616 708 1645 liberos
724 1625 790 1645 suos
809 1618 985 1647 reddiderunt

200 1662 345 1689 obnoxios.
362 1662 452 1696 Quare
473 1667 501 1690 et
516 1664 646 1699 magister
671 1670 763 1692 noster
782 1666 816 1693 de
833 1666 889 1699 illo,
907 1668 954 1702 qui
969 1675 985 1696 a

200 1708 339 1736 nativitate
353 1717 441 1736 caecus
453 1715 512 1737 erat
527 1715 554 1738 et
575 1718 623 1746 per
642 1718 704 1738 eum
720 1712 798 1745 vidit,
815 1712 985 1748 interrogan-

200 1755 284 1788 tibus,
298 1755 397 1782 ‘utrum
416 1756 459 1783 hic
485 1757 639 1791 peccaverit
654 1765 688 1784 an
710 1759 847 1793 genitores
869 1760 939 1794 ejus,
955 1765 985 1788 ut

199 1808 288 1828 cazcus
304 1807 473 1834 nascuretur,
497 1803 658 1837 respondit:
675 1802 768 1839 Neque
783 1804 828 1832 hic
846 1805 873 1832 in
892 1806 984 1840 aliquo

199 1847 331 1881 peccavit.
345 1855 433 1882 neque
447 1847 506 1882 ejus
522 1848 670 1883 genitorcs,
686 1850 732 1877 sed
753 1850 825 1877 ut.in
843 1858 877 1878 eo
898 1851 984 1878 mani-

199 1891 345 1920 festarctur
369 1892 416 1921 Dei
442 1898 578 1928 potestas,
601 1902 663 1929 quin
685 1894 845 1929 ignorantiae
874 1901 983 1932 peccata

199 1944 279 1965 sanat
300 1944 324 1965 ι.
347 1939 386 1966 Ac
403 1938 525 1973 profecto
548 1939 710 1974 ignorantia;
736 1949 818 1969 causa
849 1942 983 1977 ejusmodi

201 1990 244 2009 res
253 1983 389 2014 eveniunt,
402 1983 475 2018 quod
500 1984 629 2011 videlicet
646 1986 785 2020 ignoretur
798 1987 907 2022 quando
922 1994 985 2014 cou-

198 2028 260 2062 juge
279 2028 316 2055 uti
339 2033 471 2063 oporteat,
491 2034 518 2056 et
538 2037 572 2056 au
590 2030 672 2058 libera
689 2031 724 2058 sit
739 2039 753 2058 a
770 2036 908 2059 menstrua
923 2033 984 2068 pol-

201 2074 313 2101 lutione.
327 2073 386 2101 Jam
401 2082 466 2102 vero
479 2075 662 2109 calamitates,
682 2084 798 2110 quarum
813 2081 892 2104 antea
909 2086 985 2105 men-

200 2120 300 2147 tionem
313 2119 411 2151 iecisti.
424 2128 457 2148 ex
469 2120 622 2156 ignorantia
634 2122 806 2157 proveniunt,
820 2130 874 2149 non
886 2131 901 2150 e
913 2124 984 2150 malo

200 2170 319 2201 peracto.
334 2166 460 2194 Concede
476 2167 588 2202 insuper
602 2176 659 2194 non
673 2172 829 2202 peccantem
843 2173 871 2196 et
891 2170 982 2205 accipe

200 2220 254 2239 non
268 2212 425 2247 patientem,
439 2217 520 2247 atque
533 2214 614 2239 etiam
630 2214 698 2241 alios
711 2215 831 2248 patiendi
846 2215 982 2245 immunes

199 2258 233 2284 ad
267 2255 294 2282 ei
325 2258 497 2285 serviendum
512 2262 591 2293 aptos
604 2259 738 2287 invenies.
758 2260 881 2297 Exempli
897 2264 982 2297 gratia

199 2303 304 2339 Moyses
321 2309 430 2339 propter
447 2305 574 2339 pietatem
597 2306 681 2333 totius
699 2307 761 2333 vita).
786 2312 892 2342 tempus
914 2316 982 2336 con-

198 2349 347 2375 summavit
362 2348 427 2375 mali
440 2356 548 2383 expers,
560 2354 587 2376 et
602 2349 746 2385 [Egyptios
758 2351 794 2378 ob
808 2356 918 2387 peccata
933 2361 982 2388 pa-

197 2393 295 2421 tientes
310 2395 435 2428 precibus
450 2396 566 2422 sanavit.
700 2390 704 2401 ¹

231 2438 325 2466 XXIII.
348 2439 417 2467 Tum
439 2440 533 2468 Simon
550 2449 557 2468 :
578 2440 640 2469 Ilaec
660 2442 770 2476 quidem
797 2443 832 2471 ita
852 2452 913 2472 sese
931 2445 982 2473 ha-

197 2485 289 2512 beant.
297 2485 350 2513 Sed
361 2485 532 2521 imequalitas
548 2487 619 2514 inter
635 2488 759 2516 homines
774 2497 865 2517 nonne
878 2491 925 2518 tibi
942 2493 982 2519 vi-

197 2531 276 2557 detur
283 2529 475 2565 injustissima?
481 2532 555 2558 Alter
562 2532 634 2558 enim
648 2533 794 2567 mendicat,
800 2534 870 2562 alter
879 2535 982 2564 divitiis

196 2576 335 2609 abundat,
365 2577 434 2604 alter
459 2582 590 2612 aegrotat,
621 2578 689 2605 alter
718 2579 803 2607 nimia
829 2580 983 2609 valetudine

196 2621 308 2653 fruitur,
319 2626 345 2649 et
356 2629 416 2656 qua:
426 2621 582 2657 hujusmodi
596 2624 803 2652 innumerabilia
816 2626 843 2652 in
861 2625 980 2653 humana

233 2693 246 2708 ι
265 2687 344 2716 Joan.
357 2697 396 2722 ix,
409 2689 439 2722 2,
454 2689 482 2717 5.

1035 1583 1158 1620 διαδοχὴν
1172 1585 1226 1612 υἱοὶ
1237 1585 1347 1619 ἀγνοίας
1358 1585 1431 1621 αἰτία
1442 1585 1503 1621 [ὡς]
1516 1586 1552 1621 μὴ
1566 1586 1620 1613 δεῖν
1632 1586 1822 1617 κοινωνοῦντες

1035 1630 1088 1657 ὑπὸ
1106 1630 1189 1666 μυρία
1202 1631 1274 1667 πάθη
1288 1631 1323 1657 τά
1334 1631 1438 1658 ἑαυτῶν
1455 1631 1559 1658 τιθέασι
1573 1632 1665 1658 τέκνα.
1680 1632 1760 1659 Ὅθεν
1775 1631 1821 1658 καὶ¹

1035 1675 1222 1712 [Διδάσκ]αλος
1244 1675 1323 1711 ἡμῶν
1336 1676 1460 1712 περὶτοῦ
1473 1677 1505 1703 ὲκ
1525 1677 1637 1712 γενετῆς
1660 1676 1749 1712 πηροῦ
1774 1677 1820 1703 καὶ

1035 1721 1234 1756 ἀναϐλέψαντος
1258 1721 1323 1757 παρ’
1344 1721 1426 1748 αὑτοῦ
1453 1721 1599 1757 ὲξετά[ζων
1623 1722 1820 1758 έρωτήσασιν],

1035 1768 1094 1794 et"
1114 1765 1190 1799 οὗτος
1209 1768 1332 1803 ἥμαρτεν
1355 1767 1371 1802 ἤ
1392 1768 1416 1793 οἱ
1434 1769 1522 1801 γονεῖς
1541 1767 1635 1800 αὑτοῦ,
1657 1767 1700 1794 ἶνα
1722 1767 1822 1801 τυφλὸς

1035 1813 1167 1849 γεννηθῇ,
1187 1813 1368 1848 ἀπεκρίνατο·
1387 1812 1448 1839 οὔτε
1464 1809 1540 1845 οὗτός
1562 1822 1589 1840 τι
1605 1813 1738 1848 ἥμαρτεν,
1759 1812 1820 1838 οὔτε

1035 1860 1060 1886 οἱ
1073 1861 1161 1894 γονεῖς
1167 1858 1258 1891 αὑτοῦ,
1268 1858 1324 1886 ἀλλ’
1336 1859 1379 1886 ἵνα
1390 1858 1423 1885 δι’
1436 1859 1517 1886 αὑτοῦ
1529 1859 1669 1894 φανερωθῇ
1683 1858 1820 1893 ήδύναμις

1034 1905 1081 1933 τοῦ
1096 1905 1163 1933 Θεοῦ
1177 1906 1228 1941 τῆς
1250 1906 1359 1941 ἀγνοίας
1378 1906 1479 1941 ἰωμένη
1493 1905 1528 1932 τὰ
1551 1906 1744 1941 ἁμαρτήματα.
1767 1904 1820 1931 Καὶ

1034 1951 1141 1987 ἀληθῶς
1156 1951 1265 1986 ἀγνοίας
1284 1952 1359 1987 αἰτίᾳ
1374 1952 1408 1978 τά
1427 1951 1539 1979 τοιαῦτα
1557 1951 1671 1986 γίνεται,
1698 1951 1758 1986 ἤτοι
1781 1950 1820 1985 τῷ

1036 1998 1073 2034 μὴ
1089 1998 1187 2025 εἰδέναι
1201 1998 1266 2025 πότε
1280 1989 1320 2025 δεῖ
1334 1998 1471 2024 κοινωνεῖν
1484 1999 1518 2033 τῇ
1537 1999 1655 2033 γαμετῇ,
1673 1998 1698 2023 εἰ
1713 1996 1818 2032 καθαρά

1034 2045 1064 2078 ἐξ
1079 2046 1195 2082 ἀφέδρου
1220 2045 1358 2081 τυγχάνει.
1383 2045 1455 2080 Πλὴν
1469 2044 1487 2072 ἃ
1503 2045 1670 2081 προείρηκας
1691 2045 1764 2082 πάθη
1788 2046 1818 2079 ἐξ

1034 2092 1145 2126 ἀγνοίας
1167 2091 1252 2124 ἐστὶν,
1270 2092 1301 2117 οὐ
1319 2091 1411 2126 μέντοι
1433 2091 1466 2117 ὲκ
1486 2091 1603 2126 πονηροῦ
1626 2092 1816 2127 εἰργασμένου.

1036 2138 1152 2174 Προσέτι
1169 2138 1197 2164 δὲ
1210 2137 1254 2170 δὺς
1268 2137 1314 2163 τὸν
1330 2138 1366 2172 μὴ
1381 2136 1569 2173 ἁμαρτάνοντα
1587 2137 1633 2163 καὶ
1645 2137 1709 2163 λάϐε
1723 2138 1769 2164 τὸν
1781 2138 1817 2173 μὴ

1036 2184 1184 2219 πάσχοντα,
1199 2185 1246 2211 καὶ
1261 2182 1329 2218 πρὸς
1341 2182 1374 2209 τδ
1391 2183 1428 2219 μὴ
1441 2183 1555 2218 πάσχειν
1565 2183 1612 2209 κα¹ι
1627 2183 1721 2215 ἄλλους
1739 2184 1818 2210 αὑτὸν

1035 2229 1201 2265 θεραπεῦσαι
1230 2228 1396 2263 δυναμένους
1422 2228 1548 2264 εὑρήσεις
1565 2228 1599 2254 ⁷⁵.
1623 2228 1726 2255 Αὐτίκα
1753 2228 1818 2262 γοῦν

1036 2276 1155 2310 Μωῦσῆς
1169 2275 1212 2302 διὰ
1226 2274 1366 2302 εὐσέϐειαν
1384 2274 1493 2310 ἀπαθὴς
1514 2274 1560 2301 τὸν
1578 2275 1666 2301 πάντα
1680 2275 1731 2309 τῆς
1745 2274 1818 2309 ζωῆς

1033 2322 1164 2348 διετέλεσε
1180 2321 1285 2357 χρόνον,
1300 2321 1346 2348 καὶ
1369 2321 1433 2352 τοὺς
1455 2319 1620 2355 Αἰγυπτίους
1632 2320 1665 2347 δι’
1682 2320 1818 2356 ἁμαρτιας

1034 2367 1188 2403 πάσχοντας
1202 2367 1294 2402 εὐχαῖς
1309 2368 1376 2393 tito.

1066 2444 1160 2472 XXIII.
1174 2445 1228 2471 Καὶ
1239 2445 1253 2471 ὁ
1268 2445 1367 2480 Σίμων·
1379 2446 1468 2472 Ἔστω
1482 2445 1531 2480 μὲν
1542 2445 1626 2472 ταῦτα
1637 2445 1723 2477 οὕτως
1735 2445 1815 2480 ἔχειν.

1031 2491 1068 2517 Ob
1085 2490 1157 2517 δοκεῖ
1180 2498 1220 2517 σοι
1242 2490 1395 2525 ἀδικωτάτη
1409 2491 1425 2526 ἡ
1442 2491 1470 2516 ὲν
1482 2490 1634 2526 ἀνθρώποις
1657 2490 1815 2526 ἀνωμαλία;

1033 2538 1082 2569 *ος
1104 2537 1153 2573 μὲν
1176 2537 1230 2572 γὰρ
1247 2537 1368 2568 πένεται,
1394 2537 1424 2568 ὃς
1438 2537 1466 2563 δὲ
1486 2537 1607 2570 πλουτεῖ,
1620 2537 1699 2572 393
1712 2537 1759 2563 καὶ
1786 2536 1816 2568 ὃς

1034 2583 1084 2616 μὲν
1097 2584 1180 2613 νοσεῖ.
1207 2584 1255 2610 καὶ
1279 2582 1320 2618 [ὃς
1334 2582 1374 2618 δὲ]
1400 2583 1527 2617 ὑγιαίνει,
1542 2583 1590 2609 καὶ¹
1613 2583 1688 2618 ὁμῶς
1703 2581 1816 2609 τοιαῦτά

1031 2637 1092 2656 τινα
1117 2629 1202 2666 μυρία
1217 2629 1246 2656 ὲν
1261 2629 1301 2665 τῷ
1321 2629 1483 2666 ἀνθρωπίνῳ
1506 2624 1565 2665 βίῳ.
1588 2629 1643 2656 Καὶ
1666 2630 1681 2656 ό
1695 2628 1813 2665 Πέτροςσ

832 2751 950 2779 VARI/ﬁ
965 2750 1164 2779 LECTIONES.

232 2792 254 2832 ξ’
269 2793 346 2833 όρμῶ
362 2795 391 2833 0:
430 2794 452 2809 ⁷⁰
466 2794 496 2833 τό
579 2795 602 2810 ⁷¹
620 2795 655 2833 ἀν
666 2794 692 2822 εἷ
708 2798 907 2833 (sulinotatum)
923 2796 998 2833 εἶμεν
1015 2800 1045 2826 0.

232 2793 254 2832 ξ’
269 2793 346 2845 όρμῶ
430 2794 452 2809 ⁷⁰
466 2794 496 2820 τό
511 2796 541 2821 0.
579 2795 602 2810 ⁷¹
623 2795 655 2822 ἂν
666 2794 692 2822 εἷ
708 2798 907 2841 (sulmotatum)
923 2796 973 2841 eius

198 2827 258 2856 dem
284 2828 422 2864 εγενντιθη.
470 2829 494 2845 ⁷⁸
510 2829 591 2865 εὓρης
617 2830 637 2857 0
651 2850 659 2864 ,
682 2840 728 2866 qui
743 2832 805 2860 dem
821 2833 863 2860 οιὸ
877 2842 902 2869 p.
921 2834 973 2860 οιά.

1099 2799 1121 2817 τ’
1139 2797 1217 2833 λέγον
1235 2797 1296 2835 (sic)
1309 2797 1341 2826 0.
1379 2798 1402 2816 ⁷³
1422 2808 1451 2827 εν
1465 2800 1566 2836 absque
1581 2800 1676 2836 spiritu
1698 2799 1721 2829 ο
1735 2820 1743 2832 ,
1767 2799 1811 2836 qui
