2020 3073
192 172 250 200 833

705 169 935 198 CLEMENTINA.
947 184 982 190 —-
994 168 1136 196 HOMILIA
1154 168 1225 196 XIX.

1765 171 1828 206 uo,

191 223 229 257 οὐ
254 230 381 265 συνορᾷς,
394 226 416 255 ὣ
434 229 532 265 Σίμων,
549 231 590 257 ὅτι
609 230 689 257 πάλιν
714 230 793 262 ἐκτὸς
813 230 861 257 τοῦ
878 237 962 256 σκοπο

1013 246 1016 257 ι
1032 228 1086 255 vita
1108 229 1282 264 reperiuntur
1297 228 1361 256 alia.
1377 227 1409 255 Et
1424 227 1521 256 Petrus
1535 237 1542 256 ς
1558 227 1652 256 Nonne
1672 227 1757 260 vides,
1775 230 1816 256 Si-

190 276 252 308 τοὺς
280 275 376 310 λόγους
411 276 550 311 πέμπεις;
575 276 643 312 Περὶ
678 275 796 311 πονηροῦ
820 275 875 311 γὰρ
900 274 978 310 ἡμῶν

189 321 398 358 διαλεγομένων,
415 322 446 349 σὺ
472 323 609 359 ἐκτροπὴν
632 323 749 358 ποιήσας
772 322 836 358 περὶ
855 321 911 348 τῶν
933 320 977 347 δο-

189 360 308 397 κούντων
325 369 510 404 ἀτοπημάτων
520 369 566 396 τὸν
583 369 661 404 λόγον
677 368 824 404 εῐσηγήσω.
841 367 915 402 Πλὴν
930 367 978 393 καὶ

188 416 228 447 εις
248 414 315 442 αὐτὸ
337 414 402 450 ἐρῶ.
421 414 450 441 Ὀ
465 414 565 451 κόσμος
579 415 692 450 ὀργηνόν
705 415 764 441 ἐστι
784 413 914 448 τεχνικῶς
929 421 976 446 γε-

187 461 266 495 γονδς
276 461 310 493 ⁷⁵,
327 461 371 487 ἵνα
386 460 425 496 τῷ
449 461 571 497 ἐσομένῳ
596 461 690 497 ἇῤῥενι
706 460 823 491 αἱωνίως
842 459 859 494 ἡ
882 458 977 494 θήλεια

187 507 265 542 τίκτῃ
279 506 400 538 δικαίους
415 506 541 538 αἰωνίους
554 506 640 538 υἱούς.
664 506 720 532 Οὐκ
743 504 868 531 ἐδύναντο
887 503 915 529 δὲ
930 503 975 530 εὑ-

189 552 299 585 σε6εῖς⁷⁸
308 552 426 587 ἐνταῦθα
437 551 658 587 ἀποτελεσθῆναι,
672 553 695 578 εἰ
708 552 744 587 μὴ
758 549 827 585 ἦσαν
840 550 864 575 οἱ
879 550 976 581 ἐνδεετς

186 597 226 630 οἷς
245 599 482 634 ὲπικουρήσουσιν.
504 598 619 633 Ὁμοίως
641 606 670 624 τε
694 598 741 624 καὶ
758 596 802 623 διὰ
825 596 903 622 τοῦτο
922 595 975 621 εἰσὶ

187 645 231 671 καὶ
243 644 394 675 νοσοῦντες,
407 640 444 671 ὧν
457 644 661 679 προνοήσουσιν.
673 643 728 669 Καὶ
742 641 777 668 τὰ
798 641 861 676 ἐξῆς
881 640 974 667 τοῦτον

186 691 309 726 περιέχει
323 690 369 717 τὸν
390 690 479 724 λόγον.
496 691 549 716 Καὶ
563 691 576 716 ὀ
587 689 690 724 Σίμων·
717 687 819 715 Οὐκοῦν
841 687 974 722 ἡτύχηται

183 737 240 767 τοῖς
254 736 406 768 ταπεινοῖς;
422 735 493 771 Πρὸς
508 735 562 770 γὰρ
574 735 604 761 τὸ
621 733 834 769 ἀποτελεσθῆναι
854 733 974 765 δικαίους

184 781 261 807 αὐτοὶ
283 780 491 815 κακουχοῖωται.
516 781 571 807 Καὶ
592 781 606 807 ὀ
623 780 740 816 Πέτρος·
755 780 786 807 Εἰ
806 778 840 815 ἦν
866 778 974 811 αἰώνιος

181 825 346 858 ταπείνωσις
372 826 477 858 αὐτῶν,
502 826 599 861 ἀτυχία
625 826 658 852 ἂν
682 823 716 861 ἦν
743 825 868 861 μεγίστη.
893 825 974 852 Ἀλλὰ

184 873 251 909 πρὸς
262 874 301 909 τῷ
314 873 406 910 κλήρῳ
418 875 451 901 τὰ
465 874 657 910 ταπεινώματα
670 875 715 901 καὶ
729 874 861 909 ὑψώματα
873 873 973 909 ἀνθρώ-

182 928 244 951 ποις
261 920 383 954 γίνεται.
403 918 437 955 ⁷ῼ
456 921 477 946 δ’
491 921 522 947 ἂν
537 921 574 956 μὴ
598 921 702 957 ἀρέσκῃ
716 923 729 948 ὁ
742 920 852 957 κλῆρος,
869 921 970 946 ἔνεστιν

181 965 321 1002 ἐκκλήτως
341 966 512 1002 χρησάμενον
537 967 583 993 καὶ
605 967 727 1002 νομίμως
747 967 970 1001 διαδικασάμενον

179 1011 226 1037 τὸν
238 1012 282 1038 ὑπ’
297 1011 380 1039 αὑτοῦ
395 1012 545 1044 ὑπαλλάξαι
561 1012 627 1048 βίον.
645 1014 699 1039 Καὶ
712 1014 725 1039 ὀ
741 1013 847 1047 Σίμων·
867 1012 914 1044 Τίς
925 1009 970 1039 οὖ-

179 1065 226 1089 τος
239 1058 254 1083 ὁ
274 1057 384 1093 κλῆρος,
401 1059 447 1084 καὶ
472 1058 617 1093 ἓκκλητοςς
639 1059 693 1084 Καὶ
715 1060 728 1085 ὀ
751 1059 867 1093 Πέτρος·
884 1057 969 1084 Τοῦτο

151 1123 154 1126 .
180 1102 273 1138 ἐτέρου
294 1103 373 1137 λόγου
396 1104 525 1140 ἐξήγησις
543 1106 625 1131 ἐστιν.
647 1105 720 1139 Πλὴν
737 1105 784 1131 ἐὰν
809 1103 967 1139 ἐπιτρέψῃς,

178 1147 320 1190 δεῖξαίγὲ
330 1148 478 1185 δυνάμεθα,
498 1149 556 1181 πῶς
570 1149 763 1185 ἀναγεννηθεὶς
781 1149 828 1176 καὶ
848 1149 898 1185 τὴν
920 1150 967 1183 γέ-

177 1155 421 1276 νσσιάξας
441 1196 488 1222 καὶ
502 1195 625 1232 νομίμως
644 1195 745 1231 βιώσας
757 1195 867 1222 αἰωνίου
885 1195 966 1232 τεύξῃ

177 1248 252 1276 cum
260 1241 312 1262 ,‘.'.‘..
326 1242 332 1251 ‘

210 1340 303 1369 XXIV.
325 1343 381 1369 Kal.
398 1343 412 1370 ὁ
433 1343 525 1378 Σίμων
549 1343 635 1370 ταῦτα
660 1342 781 1375 ἀκούσας
802 1342 870 1378 ἔφη·
891 1343 964 1378 Μήτι

171 1387 296 1422 νομίσῃς,
323 1386 361 1419 ὡς
385 1387 478 1423 ἐπειδὴ
507 1388 547 1419 εἰς
570 1387 686 1414 ἕκαστον
710 1387 859 1421 κεφάλαιον
875 1386 964 1421 ζητῶν

175 1431 229 1469 [σε]
239 1433 414 1469 συνετιθέμην
426 1433 463 1465 ὡς
471 1433 524 1470 πλη
529 1433 724 1469 ροφορούμενος
736 1432 778 1467 ἐφ’
785 1432 867 1468 394
872 1432 963 1467 ἕτερον

176 1478 322 1514 ἐρχόμενον
368 1480 538 1514 κεφάλαιονς
563 1480 620 1506 ἀλλ’
657 1479 768 1514 ἀγνοίας
808 1486 849 1504 σοι
882 1477 913 1504 τδ
939 1477 961 1493 ⁷⁷

173 1525 313 1553 πείθεσθαι
337 1527 478 1561 παρεῖχον,
496 1526 539 1553 ἵνα
558 1526 603 1553 ἐπ’
619 1525 683 1553 ἄλλο
705 1525 784 1562 ἔλθῃς
805 1523 960 1559 κεφάλαιον,

172 1572 246 1604 ὅπως
272 1573 364 1608 πάσης
384 1573 496 1607 ἀγνοίας
516 1581 562 1600 σου
592 1572 684 1608 μαθὼν
708 1571 744 1607 μὴ
768 1569 963 1606 στοχαζόμενος

173 1618 369 1653 καταγινώσκω
387 1627 444 1646 σου.
480 1618 559 1645 Ἀλλὰ
585 1617 895 1654 πεπληροφορημέ[νων]
915 1617 962 1644 νῢν

172 1664 222 1699 ήδη
236 1663 261 1684 ⁷⁸
283 1663 366 1699 τριῶν
392 1663 504 1699 ἡμερῶν
529 1672 574 1699 μοι
599 1662 784 1698 συγχώρησον,
809 1663 855 1689 καὶ
878 1662 962 1690 ἐλθὼν

170 1709 248 1741 δείξω
266 1718 296 1735 σε
311 1709 395 1744 μηδὲν
418 1708 516 1735 εἰδότα.
538 1708 630 1735 Ταῦτα
641 1708 688 1735 τοῦ
706 1708 825 1743 Σίμωνος
838 1708 961 1740 εἰπόντος

170 1755 218 1781 καὶ
239 1754 338 1787 ἐξιέναι
366 1754 508 1790 μέλλοντος
525 1754 540 1781 ὀ
562 1753 628 1789 ἐμὸς
650 1753 701 1788 ἔφη
723 1754 829 1789 πατήρ·
854 1754 961 1790 Βραχέα

170 1809 233 1836 μου,
251 1801 351 1836 Σίμων,
381 1801 546 1833 ἐπακούσας,
571 1800 608 1832 ὥς
632 1809 672 1827 σοι
700 1801 775 1835 φίλον
800 1801 882 1833 ἐστὶν,
909 1810 959 1828 πο·-

169 1846 260 1883 ρεύου.
283 1847 443 1882 Μέμνημαι,
462 1846 499 1878 ὼς
515 1846 567 1882 τὴν
584 1847 672 1883 ἀρχὴν
685 1846 738 1883 πρὸ
749 1847 799 1883 τῆς
811 1847 958 1883 ζητήσεως,

167 1891 206 1924 ὡς
231 1892 315 1927 μήπω
337 1892 435 1928 πεῖράν
458 1901 509 1927 μου
522 1891 622 1924 λαϐὼν,
635 1892 786 1928 προλήψεις
811 1902 862 1929 μου
879 1893 960 1920 κατέ-

167 1946 260 1972 φερες.
290 1937 344 1964 Καὶ
355 1937 403 1964 νῦν
413 1937 442 1964 δὲ
461 1937 617 1973 ἐπαλλήλως
628 1937 747 1969 ἀκούσας
758 1938 808 1973 τῆς
821 1938 960 1974 ζητήσεως

167 1984 215 2010 καὶ
227 1983 329 2019 Πέτρον
341 1984 364 2001 ⁷⁸
377 1985 406 2010 ἐν
423 1984 546 2019 ὑπεροχῇ
574 1984 656 2018 γνοὺς
677 1985 726 2011 καὶ
747 1984 821 2019 αὐτῷ
837 1983 869 2010 τὺ
892 1984 960 2019 ἀλη-

167 2030 257 2057 θεύειν
274 2030 322 2057 νῦν
344 2030 415 2063 δοὺς,
435 2030 461 2057 τί
486 2040 527 2057 σοι
551 2031 679 2066 φαίνομαι
696 2031 784 2067 ὀρθῶς
800 2031 902 2067 κρίνειν
918 2032 958 2058 εί-

165 2075 229 2108 δὼς,
244 2076 260 2112 ἢ
278 2075 308 2102 οὗ
323 2084 331 2109 ;
348 2077 380 2103 ΕΙ
404 2076 453 2111 μὲν
474 2076 528 2111 γὰρ
550 2076 638 2111 ὀρθῶς
666 2076 796 2111 κρίναντα
813 2085 846 2112 με
863 2076 956 2112 φαίης,

166 2122 205 2157 μὴ
232 2120 327 2157 συνθῇ,
356 2122 400 2149 ἴνα
430 2122 467 2157 μὴ
494 2122 576 2158 φαίνῃ
595 2122 618 2139 ⁸⁸
644 2122 957 2157 προειλημμένος,ὀκαὶ

167 2168 237 2204 μετὰ
258 2168 402 2203 ὁμολογίαν
424 2168 511 2203 ἦττων
524 2168 546 2184 ⁸¹
573 2168 716 2195 συνθέσθαι
742 2168 779 2204 μὴ
803 2168 897 2195 θέλων.
924 2169 956 2195 Et

163 2215 187 2241 δ’
202 2215 257 2250 ἄρα
270 2215 307 2250 μὴ
322 2214 409 2250 ὀρθῶς
421 2214 467 2240 τὸν
480 2214 582 2250 Πέτρον
597 2215 624 2241 ἐν
648 2215 767 2249 ὑπεροχῇ
795 2214 845 2249 τῆς
873 2213 955 2250 ζητή-
971 2235 992 2262 D

164 2270 234 2292 σεως
261 2261 460 2296 ἀπεφαινόμην,
475 2261 507 2287 σὺ
523 2261 596 2296 ἡμᾶς
614 2262 717 2293 πεῖσον,
732 2260 791 2292 πῶς
803 2261 853 2287 οὐκ
864 2261 953 2296 ὀρθῶς

162 2306 320 2342 ἐκρίναμεν,
332 2306 349 2342 ἤ
361 2306 408 2333 τοῦ
419 2305 509 2341 ζητεῖν
526 2306 601 2341 αὑτῷ
613 2306 659 2333 ἐπὶ
673 2306 781 2334 πάντων
796 2307 832 2342 μὴ
845 2307 951 2344 παύσῃ,

162 2354 223 2380 ἐπεὶ
238 2353 314 2392 ἔσται
328 2363 370 2381 σοι
386 2353 515 2380 ἑκάστοτε
534 2353 684 2389 ἡττωμένῳ
696 2354 744 2380 καὶ
756 2363 820 2381 συντ
826 2355 950 2390 ιθεμένῳ.

161 2398 198 2423 Ἥ
210 2397 280 2424 δὲτὸ
291 2397 421 2424 αἰδεῖσθαι
433 2397 505 2433 ἔχεις
519 2397 573 2424 ἀπὸ
599 2398 706 2425 πάντων
731 2399 785 2425 τῶν
809 2399 952 2435 ἀκροατῶν

140 2459 144 2461 ~
160 2443 221 2470 ἀντὶ
239 2443 369 2479 μεγίστης
380 2443 516 2479 τιμωρίας
531 2444 795 2480 καταγινωσκομένῳ
809 2445 857 2471 καὶ
869 2445 952 2481 ἀσχη-

162 2489 288 2524 μονοῦντι
304 2489 357 2516 ὑπὸ
371 2489 548 2525 συνειδήσεως
560 2489 583 2505 ⁸⁸
596 2489 645 2525 τὴν
666 2490 778 2517 σεαυτοῦ
793 2490 886 2525 ἀλγεῖν
899 2492 952 2526 ψυ-

160 2535 228 2569 χήν⁴
246 2534 276 2560 τδ
290 2533 345 2570 γὰρ
364 2535 520 2570 νενικῆσθαι
543 2535 616 2570 ἔργῳ
632 2534 749 2571 εἴδομεν,
763 2536 807 2563 τὸν
821 2536 848 2563 δὲ
866 2538 953 2572 ἐπαγ-

160 2580 321 2615 γελλόμενον
343 2589 390 2607 σου
402 2580 480 2615 λόγον
491 2580 657 2615 ἠκούσαμεν.
673 2581 763 2616 Πέρας
775 2582 840 2615 γοῦν
852 2583 902 2609 οὐκ
914 2582 952 2610 οἶ-

161 2634 220 2661 μαι,
249 2626 278 2652 σὲ
295 2627 342 2653 ἐπὶ
353 2626 402 2662 τὴν
416 2626 529 2662 ζήτησιν
549 2626 629 2661 395
643 2627 728 2653 ἐλθεῖν
737 2647 744 2659 ,
760 2627 798 2659 ὡς
811 2628 948 2664 ὑπέσχου,

159 2670 227 2697 ἀλλὰ
244 2671 311 2707 πρὸς
325 2671 365 2707 τῷ
380 2672 467 2698 δοκεῖν
485 2671 523 2707 μὴ
535 2671 673 2698 αἰτιᾶσθαι
684 2672 707 2688 ⁸³
730 2672 810 2706 ἐξιὼν
833 2673 949 2700 ἐπανελς

159 2715 215 2742 θεῖν
231 2717 386 2752 ὑπέσχησαι
397 2717 429 2743 ⁸⁵.

1030 283 1110 307 mon,
1135 280 1161 302 te
1182 275 1280 303 iterum
1298 279 1374 302 extra
1397 275 1567 309 propositum
1592 282 1733 303 sermones
1755 276 1816 302 mit-

1028 321 1102 349 tere?
1125 320 1209 349 Nobis
1232 321 1306 348 enim
1323 320 1358 348 de
1379 320 1453 347 malo
1476 320 1705 355 colloquentibus,
1724 320 1814 355 digre-

1027 367 1106 394 diens
1120 366 1344 401 disceptationem
1360 366 1394 392 de
1410 366 1443 392 iis
1457 370 1484 392 tu
1506 366 1666 399 introducis,
1686 374 1747 401 quae
1762 366 1812 393 sibi

1028 411 1217 439 contradicere
1232 412 1367 439 videntur.
1381 410 1565 438 Nihilominus
1574 412 1620 438 tibi
1633 412 1810 446 respondebo.

1029 457 1147 485 Mundus
1163 463 1205 486 est
1219 466 1289 493 opus
1304 459 1451 485 artiﬁciose
1472 458 1583 490 factum,
1598 463 1627 485 ut
1648 459 1768 486 masculo
1785 459 1811 486 in

1025 509 1158 532 aeternum
1169 504 1262 532 futuro
1271 504 1369 532 femina
1380 505 1559 540 parintjuslus
1567 513 1597 531 ac
1606 509 1722 532 aeternos
1730 506 1811 533 lilios.

1025 550 1061 577 At
1074 551 1111 585 pii
1126 550 1171 578 hic
1182 550 1214 577 ad
1226 550 1421 585 perfectionem
1442 551 1534 577 venire
1551 558 1602 577 non
1622 552 1746 585 possent",
1758 551 1811 577 nisi

1025 603 1158 631 pauperes
1169 596 1351 629 exsisterent,
1363 596 1464 631 quibus
1481 596 1623 623 auxilium.
1638 596 1751 624 ferrent.
1769 595 1812 623 Si-

1025 641 1082 668 mili
1099 642 1179 669 modo
1189 646 1216 669 et
1228 646 1390 677 aegrotantes
1402 642 1512 675 adsunt,
1525 642 1625 677 quibus
1640 642 1811 676 provideant.

1024 687 1059 715 Et
1079 695 1113 715 eo
1130 692 1255 723 spectant
1270 688 1386 722 reliqua.
1409 687 1479 714 Tum
1498 687 1592 714 Simon
1613 696 1620 715 :
1641 687 1711 721 Quid
1734 696 1810 723 ergo,

1024 742 1158 769 pauperes
1175 742 1266 761 nonne
1280 734 1404 761 infelices
1425 734 1506 761 sunt?
1520 733 1589 761 Male
1612 734 1741 762 nimirum
1763 743 1811 769 pa-
1854 772 1859 775 γ

1024 781 1140 812 tiuntur,
1156 785 1186 807 ut
1199 780 1266 815 justi
1287 780 1321 808 ad
1347 779 1542 815 perfectionem
1566 781 1686 808 veniant.
1706 779 1738 808 Et
1759 780 1811 808 Pe-

1023 830 1082 854 trus
1101 835 1109 853 :
1127 825 1156 853 Si
1177 833 1272 853 eorum
1301 826 1443 854 humilitas
1463 830 1537 854 esset
1556 832 1668 859 mter-na,
1692 826 1811 854 infortu-

1023 872 1098 899 nium
1114 872 1362 900 esscrmaximum.
1378 871 1430 899 Sed
1445 872 1647 899 liumiliationes
1666 876 1693 899 et
1706 872 1810 899 exalta-

1023 918 1111 945 tiones
1138 917 1294 945 hominibus
1317 922 1391 945 sorte
1416 917 1613 945 attribuuntur.
1639 918 1689 945 Cui
1715 923 1806 946 autem

1020 971 1082 991 sors
1101 971 1155 991 non
1171 963 1268 998 placet.
1286 963 1325 990 illi
1345 963 1408 991 licet
1423 963 1518 997 vitam,
1540 972 1593 998 qua
1609 964 1693 992 electa
1711 965 1806 996 utitur,

1019 1013 1093 1037 recte
1105 1009 1281 1043 dijudicatam
1295 1017 1343 1044 per
1354 1009 1531 1044 semetipsum
1544 1015 1724 1038 commutare.
1736 1010 1805 1037 Tum
1816 1001 1821 1006 ’

1020 1055 1114 1082 Simon
1126 1064 1133 1083 :
1150 1054 1279 1088 Quaenam
1292 1059 1334 1083 est
1349 1056 1394 1083 illa
1408 1064 1479 1089 sors,
1493 1061 1520 1084 et
1532 1064 1563 1083 ea
1577 1056 1686 1091 quidem
1703 1057 1808 1084 electa?

1018 1101 1053 1129 Et
1077 1101 1195 1129 Petrus:
1216 1101 1273 1129 Iloc
1299 1102 1369 1130 alius
1391 1102 1593 1137 disquisitionis
1614 1108 1805 1138 argumentum

1016 1153 1068 1176 est.
1083 1147 1295 1182 Verumtamen,
1317 1148 1341 1176 si
1361 1156 1416 1176 non
1439 1149 1571 1183 vetueris,
1595 1149 1643 1176 tibi
1661 1149 1806 1177 ostendere

1016 1201 1174 1229 possumus,
1185 1194 1325 1229 quomodo
1335 1195 1510 1229 generatione
1523 1199 1691 1223 commutata
1705 1195 1804 1222 iterum

1016 1243 1098 1268 natus
1118 1244 1147 1267 tu
1168 1244 1242 1268 recte
1265 1240 1382 1268 vivendo
1396 1245 1527 1268 atternam
1543 1240 1662 1268 salutem
1688 1240 1804 1276 adipisci

1015 1286 1116 1313 valeas.

1050 1331 1146 1359 XXIV.
1167 1331 1272 1365 Quibus
1285 1332 1386 1359 auditis
1402 1331 1496 1359 Simon
1510 1332 1650 1367 respondit
1663 1342 1671 1359 :
1684 1332 1726 1359 An
1744 1340 1798 1360 non

1015 1376 1157 1414 intelligis,
1179 1378 1317 1413 quomodo
1338 1378 1508 1413 capitulatim
1535 1378 1693 1413 disquirens
1707 1379 1755 1406 tibi
1768 1380 1801 1406 ad

1014 1425 1170 1459 proximum
1199 1425 1384 1460 progredienti
1413 1429 1496 1460 caput
1521 1425 1709 1452 consenserim
1723 1426 1804 1460 quasi

1013 1470 1187 1499 satisfactus?
1221 1471 1274 1498 Sed
1299 1471 1361 1498 dedi
1387 1471 1561 1499 occasionem
1589 1471 1725 1498 inscitiam
1754 1472 1801 1499 tibi

1014 1517 1206 1551 persuadendi,
1223 1522 1252 1545 ut
1272 1518 1304 1544 ad
1318 1517 1391 1545 aliud
1407 1517 1556 1552 capitulum
1569 1525 1731 1552 progressus
1746 1522 1802 1545 tota

976 1564 998 1594 C
1015 1562 1170 1598 ignorantia
1193 1568 1239 1591 tua
1267 1564 1375 1599 cognita
1403 1571 1457 1590 non
1484 1563 1644 1598 conjectans
1659 1568 1685 1590 te
1699 1564 1802 1598 dijudi-

1014 1616 1084 1636 cem.
1100 1608 1153 1636 Sed
1166 1614 1221 1637 tres
1236 1617 1298 1637 cum
1319 1609 1376 1644 iam
1396 1610 1576 1645 praeterierint
1598 1610 1667 1643 dies,
1692 1618 1799 1637 mecum

1012 1654 1116 1682 dissere
1127 1659 1154 1682 et
1166 1655 1351 1682 continuando
1362 1662 1414 1690 ego
1428 1655 1569 1682 ostendam
1595 1660 1621 1682 te
1635 1656 1703 1682 nihil
1718 1655 1799 1683 scire.

1012 1699 1075 1728 Haec
1093 1708 1154 1728 cum
1167 1700 1262 1728 Simon
1283 1701 1391 1728 locutus
1403 1705 1476 1728 esset
1489 1704 1516 1727 et
1529 1700 1605 1727 exire
1616 1701 1706 1733 vellet,
1721 1705 1800 1735 pater

1011 1754 1090 1775 meus
1116 1747 1206 1774 dixit:
1227 1747 1371 1774 Paululum
1403 1754 1447 1774 me
1477 1747 1614 1778 ausculta,
1646 1747 1751 1779 Simon,
1771 1751 1801 1774 et

1010 1797 1117 1828 postea,
1139 1792 1162 1820 si
1182 1792 1267 1825 lubet,
1280 1792 1460 1827 proﬁciscere.
1485 1791 1594 1818 Memini
1610 1796 1637 1819 te
1651 1792 1729 1819 initio
1741 1792 1800 1820 dis-

1011 1839 1173 1873 putationis,
1199 1838 1278 1874 quasi
1313 1846 1357 1866 me
1377 1845 1433 1865 non
1455 1837 1630 1873 cognoveris,
1653 1838 1800 1866 divinatio-—

1010 1893 1059 1913 nes
1088 1892 1163 1912 meas
1186 1884 1394 1919 contempsisse.
1430 1883 1482 1911 Sed
1516 1884 1572 1919 jam
1595 1891 1658 1911 cum
1685 1884 1799 1912 alterius

1008 1933 1094 1968 partis
1122 1932 1342 1967 disquisitionem
1369 1931 1531 1965 audiverim,
1546 1936 1654 1960 rectene
1676 1932 1724 1959 tibi
1739 1936 1798 1959 sta-

1009 1984 1085 2007 tuere
1100 1979 1195 2006 videor
1211 1986 1245 2006 an
1261 1986 1327 2011 non,
1351 1979 1375 2007 si
1388 1978 1498 2006 Petrum
1515 1979 1719 2014 tesuperiorcm
1736 1986 1798 2006 cre-

1007 2024 1136 2057 diderim,
1157 2031 1275 2059 eumque
1287 2032 1382 2051 verum
1408 2024 1499 2052 dicere
1519 2025 1651 2052 conﬁtear
1665 2025 1677 2051 ?
1692 2023 1720 2051 Si
1733 2025 1797 2059 qui-

1007 2069 1069 2098 dem
1091 2074 1164 2097 recte
1186 2077 1230 2096 me
1253 2077 1364 2098 censere
1385 2069 1467 2103 dicis,
1491 2071 1546 2097 noli
1571 2071 1684 2105 pacisci,
1708 2079 1741 2097 nc
1753 2071 1797 2097 vi-

1008 2115 1101 2143 dearis
1124 2115 1251 2151 quamvis
1274 2121 1480 2150 prmoecupatus
1503 2116 1545 2143 vel
1570 2125 1604 2144 ex
1619 2125 1753 2144 consensu
1769 2121 1796 2143 ct

1006 2161 1096 2189 victus
1118 2161 1191 2188 nolle
1217 2161 1376 2188 concedere.
1406 2161 1454 2188 Sin
1474 2160 1583 2189 Petrum
1613 2162 1640 2189 in
1667 2163 1795 2196 disputa-

1007 2208 1082 2235 tione
1101 2208 1268 2242 superiorcm
1288 2214 1349 2234 esse
1369 2215 1424 2234 non
1438 2212 1511 2235 recte
1533 2208 1720 2241 ostendebam,
1735 2216 1795 2242 pcr-

1006 2254 1091 2281 suade
1106 2254 1196 2286 nobis,
1222 2253 1360 2288 quomodo
1375 2261 1429 2280 non
1445 2258 1518 2281 recte
1532 2254 1732 2285 censuerimus,
1747 2258 1796 2280 aut

1006 2300 1063 2327 noli
1080 2308 1190 2328 cessare
1208 2308 1224 2327 a
1244 2300 1437 2335 disquisitione
1459 2307 1551 2327 coram
1575 2299 1714 2331 omnibus,
1728 2307 1791 2326 cum

1005 2346 1055 2374 tibi
1084 2346 1247 2374 alterutrum
1274 2347 1375 2381 eligere
1399 2345 1492 2372 licebit
1508 2349 1576 2375 ,aut
1597 2346 1721 2380 superari
1745 2350 1794 2372 aut

1004 2400 1180 2428 componere.
1204 2391 1256 2420 Sed
1273 2396 1302 2419 tu
1323 2391 1440 2419 fortasse
1461 2391 1563 2426 pudere
1586 2397 1680 2418 coram
1703 2391 1793 2417 omni-

1004 2440 1057 2468 bus
1081 2439 1253 2467 auditoribus
1280 2438 1429 2466 maximam
1453 2442 1535 2473 putas
1563 2444 1671 2472 pinnam
1686 2436 1722 2468 ei,
1744 2437 1791 2472 qui

1004 2486 1170 2522 dijudicatus
1182 2490 1233 2519 est,
1249 2485 1312 2522 quia
1332 2489 1422 2524 partes
1439 2484 1511 2511 male
1524 2484 1619 2517 egerit;
1632 2487 1659 2510 et
1674 2491 1707 2511 ex
1723 2490 1793 2510 con-

1001 2532 1120 2561 scientia
1134 2532 1256 2560 dolorem
1281 2530 1418 2565 patiatur;
1433 2538 1495 2558 nam
1518 2531 1620 2558 victum
1634 2533 1660 2557 te
1673 2537 1736 2557 esse
1762 2536 1793 2556 re

1004 2581 1064 2615 ipsa
1079 2580 1193 2612 scimus,
1210 2586 1273 2606 cum
1288 2577 1440 2605 orationem
1455 2585 1471 2604 a
1492 2582 1518 2605 te
1532 2578 1664 2612 prolatam
1679 2576 1792 2603 audive-

1004 2626 1101 2653 rimus.
1126 2624 1258 2652 Praeterea
1288 2631 1398 2659 quoque
1430 2632 1484 2651 non
1511 2624 1593 2651 credo
1619 2628 1645 2651 te
1681 2622 1791 2650 venisse

1002 2671 1036 2699 ad
1050 2671 1275 2706 disputationem,
1288 2670 1516 2705 quemadmodum
1531 2670 1698 2706 promiseras
1707 2690 1715 2702 ,
1728 2668 1788 2701 sed,

1003 2726 1038 2746 ne
1057 2717 1195 2753 arguaris,
1210 2717 1361 2744 rediturum
1380 2722 1406 2744 te
1420 2717 1514 2745 exiens
1526 2715 1685 2752 promisisti.

794 2776 909 2804 VARUE
929 2776 1131 2805 LECTIONES.

194 2819 220 2858 τί
235 2820 352 2858 γεγονώς
367 2819 397 2845 0.
418 2819 490 2858 'ilta
507 2822 588 2858 scrib.
601 2827 695 2849 monet
710 2824 886 2851 amanuensis
904 2824 1007 2851 codicis
1022 2823 1045 2851 Ο
1068 2824 1095 2851 in
1111 2824 1244 2858 margine,
1259 2823 1367 2855 ἀσεϐεῖς
1384 2824 1410 2851 in
1422 2830 1505 2853 textu.
1527 2826 1549 2841 "
1568 2824 1615 2852 τοῦ
1633 2827 1663 2851 0.
1702 2822 1725 2840 ⁷⁵
1739 2822 1786 2858 νῦν

158 2852 242 2898 ξιξολ
272 2852 419 2898 ’λπέτρος
466 2856 529 2890 ,qui
539 2858 640 2898 deinde
652 2859 697 2898 καὶ
709 2859 834 2898 τίλρυτί.
871 2859 895 2898 ff’
909 2859 959 2898 {var
969 2858 1107 2898 μηφαίνλῃ
1126 2852 1187 2887 dedi
1198 2852 1410 2894 ex'couject'ura
1423 2860 1468 2896 ,δὲ
1484 2852 1518 2889 σὺ
1536 2860 1619 2898 φαίνῃ
1634 2861 1664 2887 0.
1704 2859 1724 2875 ⁸¹
1738 2856 1785 2895 ἧτ-

158 2895 207 2916 ταν
221 2889 253 2916 0.
288 2889 312 2905 ⁸⁸
329 2889 526 2928 συνειδηάσεως
537 2893 567 2919 0.
606 2892 629 2908 ⁸³
649 2889 781 2920 αἰτεῖσθαι
800 2896 829 2921 0.

871 2894 893 2910 ⁸⁸
910 2894 1063 2930 ὑπέσχηται
1079 2895 1110 2923 Ο.
