2024 3073
164 140 237 169 :‘439

704 130 934 161 CLEMENTINA.
953 144 987 150 —
1003 127 1146 157 IlOMlLlA
1165 127 1224 154 XX.

1743 136 1745 138 τ
1760 124 1811 151 ιεὶθ

185 202 243 225 τοις
259 191 409 227 ἑπομένων.
431 190 564 226 Ἑκατὲρα
582 189 611 216 δὲ
632 187 687 215 τῶν
709 186 826 222 τριάδων
843 185 905 221 μίαν
917 184 972 219 ἔχει

1029 190 1087 217 quae
1104 182 1157 208 huc
1170 181 1316 216 pertimuit.
1333 180 1448 216 Utrique
1466 186 1557 210 autem
1579 180 1696 209 triadnm
1713 181 1807 209 eadem

183 238 234 273 τὴν
255 236 343 273 ῥίζαν,
362 235 401 267 ὡς
419 233 488 263 εἶναι
512 235 557 261 τὸν
578 233 720 269 ἄνθρωπον
746 231 779 258 ὲκ
805 229 972 266 φυραμάτων

165 302 167 304 -
184 283 243 313 δύο.
259 283 368 318 θηλείας
392 290 422 308 τε
445 281 493 308 καὶ
511 281 633 316 ἄρρενος.
654 278 700 305 Διὸ
722 277 755 313 δὴ
776 277 824 304 καὶ
840 276 887 302 δύο
901 274 975 310 αὐτῷ

185 328 242 355 ὁδοὶ
259 327 453 363 προετέθησαν,
471 325 555 362 νόμου
571 333 602 351 τε
614 325 662 351 καὶ
673 323 803 358 ἀνομίας·
819 321 865 348 δύο
878 329 908 348 τε
925 320 975 356 βα-

187 373 283 401 σιλεῖαι
297 372 463 409 ὠρίσθησαν,
482 371 499 406 ἡ
517 370 567 406 μὲν
589 368 710 405 οὐρανῶν
736 366 900 401 λεγομένων,
914 366 931 400 ή
945 364 974 391 δὲ

186 419 241 447 τῶν
254 419 300 446 ἐπὶ
313 419 364 455 γῆς
384 418 432 446 νῦν
455 416 660 453 βασιλεύοντων.
682 415 761 441 Ἀλλὰ
775 414 821 440 καὶ
839 413 885 439 δύο
900 413 976 447 βασι-

187 466 244 498 λεῖς
256 465 417 500 ἐτάχθησαν,
429 461 467 491 ὧν
483 464 497 490 ὁ
510 463 560 499 μὲν
570 462 618 489 τοῦ
633 462 764 497 παρόντος
778 460 824 487 καὶ
841 459 975 495 προσκαί-

171 521 237 548 -ρου
251 511 353 546 κόσμου
380 510 456 546 νόμῳ
480 508 631 545 βασιλεύειν
654 508 856 543 χειροτονεῖται,
878 505 907 536 ὃς
929 505 975 531 καὶ

171 577 174 580 λ
188 557 231 584 ἐπ’
256 556 358 592 ὀλέθρῳ
375 554 501 591 πονηρῶν
527 554 632 589 χαίρειν
652 552 773 588 ὲκράθη·
789 553 804 579 ὀ
816 551 845 578 δὲ
871 552 974 585 ἕτερος,

169 603 236 630 ικαὶ
247 602 328 633 αὐτὸς
351 601 477 636 βασιλεὺς
498 600 626 635 ὑπάρχων
649 598 697 625 τοῦ
716 597 845 633 ἐσομένου
867 596 974 628 αἰῶνος,

171 649 299 687 Αστέργει
325 649 415 675 πᾶσαν
445 646 594 682 ἀνθρώπων
613 645 703 679 φύσιν,
725 644 755 670 ἐν
782 643 838 674 τοῖς
859 641 977 677 παροῦσι

260 693 414 729 παρρησίαν
438 692 510 727 ἐχειν
531 691 562 718 οὐ
582 690 740 725 δυνάμενος,
769 687 851 726 [ἀλλ’]
872 687 910 719 ὥς
935 686 978 718 τίς

190 739 248 767 ποτ’
259 738 318 765 ἐστὶ
337 736 477 764 λανθάνειν
491 734 658 771 πειρώμενος
667 732 703 760 τὰ
714 731 886 768 συμφέροντα
907 739 978 766 συμ-

189 784 322 814 ϐουλεύει.

227 840 271 868 lll.
291 840 352 867 Τῶν
364 839 393 866 δὲ
408 838 455 866 δύο
467 838 569 865 τούτων
593 837 619 874 [ὁ
638 836 743 873 ιτερος]
763 835 809 863 τὸν
824 836 918 871 ἕτερον
931 835 979 861 ὲκ-

1023 227 1100 255 radix
1118 230 1170 258 est.
1191 226 1227 253 ita
1245 230 1273 252 ut
1286 226 1368 253 homo
1382 227 1489 254 duabus
1507 226 1755 259 cummistionibus,
1769 226 1810 254 fc-

1025 272 1107 300 minei
1125 279 1188 299 cum
1213 272 1347 303 masculo,
1375 272 1545 307 compositus
1571 271 1618 300 sit.
1639 264 1811 307 Quapropter

1024 318 1106 346 etiam
1115 317 1175 345 duae
1189 317 1248 349 vim,
1266 317 1405 352 aequitatis
1421 326 1454 344 ac
1474 318 1636 353 iniquitatis,
1652 318 1809 353 propositae,

1006 376 1008 378 -
1024 365 1080 392 duo
1094 371 1204 399 quoque
1220 371 1303 398 regna
1319 363 1431 391 deﬁnita
1447 368 1521 397 sunt,
1538 365 1655 392 alterum
1677 364 1810 392 ctelurum

1025 409 1203 444 appellatum,
1222 409 1339 436 alterum
1364 417 1471 442 eorum,
1487 410 1533 444 qui
1547 418 1623 437 nunc
1642 410 1668 438 in
1681 414 1753 438 tcrra
1766 418 1812 438 re-

1025 459 1120 490 gnant.
1132 454 1174 482 Ae
1186 455 1315 483 similiter
1330 455 1386 483 duo
1409 463 1487 490 reges
1500 456 1643 484 constituti
1658 461 1732 490 sunt,
1743 465 1813 491 quo-

1003 525 1007 530 .
1026 509 1086 528 rum
1100 500 1169 528 alter
1184 500 1311 535 praesenti
1325 508 1358 529 ac
1380 505 1556 536 temporaneo
1578 502 1681 528 mundo
1700 509 1814 535 regnare

1006 552 1053 582 .et
1066 547 1187 582 pernicie
1217 548 1352 576 malorum
1377 548 1497 583 gaudere
1519 548 1580 584 lege
1600 553 1731 582 tenetur;
1744 550 1814 577 alter

1027 599 1131 626 autent,
1150 601 1197 620 rex
1213 597 1242 620 et
1263 593 1332 628 ipse,
1353 593 1437 621 futuri
1448 593 1558 628 quidem
1575 594 1637 625 aevi,
1655 593 1813 622 universam

1005 665 1007 667 .
1026 638 1114 673 diligit
1127 643 1252 666 naturam
1275 639 1420 666 humanam
1442 648 1449 666 :
1466 639 1513 674 qui
1541 639 1694 667 libertatem
1715 639 1813 674 agendi

1027 685 1078 712 etsi
1090 685 1117 711 in
1129 684 1255 719 praesenti
1274 692 1329 712 non
1349 685 1441 718 habet,
1465 686 1647 714 nihilominus
1657 686 1691 714 de
1702 686 1815 718 utilibus

1028 731 1176 759 suadendis
1188 731 1303 759 latenter
1323 731 1460 759 sollicitus
1475 737 1528 760 est.

1064 831 1108 859 ill.
1129 831 1231 859 Horum
1257 831 1385 864 duorum,
1403 831 1458 859 Deo
1473 832 1626 865 ordinante.
1647 833 1715 860 alter
1734 834 1812 862 alteri

191 888 324 921 ϐιάζεται,
341 886 408 913 Θεοῦ
421 885 608 915 κελεύσαντος.
623 883 759 914 Ἕκαστος
769 881 798 908 δὲ
810 881 864 908 τῶν
876 879 980 915 ἀνθρώ-

1029 878 1083 905 vim
1099 877 1190 905 infert.
1207 878 1328 912 Quisque
1338 882 1428 904 autem
1446 878 1587 907 hominum
1599 878 1755 906 facultatem
1767 879 1817 906 ba-

172 946 175 949 ·
192 943 252 962 πων
263 933 386 967 ἐξουσίαν
399 932 465 967 ἔχει,
478 929 600 968 [ἔκείν]ῳ
611 929 711 960 αὐτῶν,
728 925 750 962 ᾧ
764 927 898 963 βούλεται,
915 926 978 954 nst—

193 980 287 1007 θεσθαι
303 978 372 1014 πρὸς
389 977 421 1004 τὸ
440 976 573 1012 πράσσειν
589 974 679 1009 ἀγαθὰ
699 974 716 1009 ἢ
733 970 817 1000 κακά.
833 971 908 1007 Πλὴν
930 971 980 998 ἐὰν

176 1025 228 1052 ’τὰ
240 1024 330 1058 ἀγαθά
341 1032 383 1055 τις
398 1023 533 1058 πράσσειν
545 1020 649 1056 ἕληται,
664 1018 711 1046 τοῦ
732 1017 860 1053 ἐσομένου
876 1014 979 1051 άγαθοῦ

174 1074 177 1077 ”
194 1070 326 1107 βασιλέως
345 1069 449 1103 γίνεται
471 1066 580 1101 κτῆμα·
597 1065 622 1091 εί
641 1065 670 1091 δὲ
690 1063 781 1098 φαῦλα
797 1061 910 1098 πράξειέ
927 1069 979 1093 τις,

193 1106 240 1144 τοῦ
258 1115 390 1152 παρόντος
402 1114 425 1130 ⁸³
442 1114 546 1148 γίνεται
560 1110 678 1146 πονηροῦ
695 1109 869 1145 ὑπηρέτημα.
885 1108 933 1138 ’ος
946 1106 980 1133 δι’

194 1161 330 1198 ἁμαρτίας
345 1160 435 1195 κρίσει
449 1158 542 1194 δικαίᾳ
558 1157 607 1193 τὴν
625 1157 685 1184 κατ’
697 1154 780 1182 αὐτοῦ
800 1153 890 1181 λαϐὼν
906 1152 982 1186 ἔξου-

196 1209 257 1236 σίαν
281 1207 328 1234 καὶ
345 1206 398 1242 πρὸ
419 1205 466 1232 τοῦ
492 1203 633 1240 μέλλοντος
654 1201 752 1233 αἰῶνος
774 1200 890 1236 θελήσας
912 1199 981 1234 αὐτῇ

195 1254 314 1291 χρῆσθαι
321 1253 344 1269 ⁸³
351 1253 380 1280 ὲν
391 1252 429 1288 τῷ
440 1251 487 1278 νῦν
499 1251 549 1286 βίῳ
559 1249 681 1281 κολάζων
691 1247 796 1283 ἥδεται,
803 1245 984 1280 animiin

180 1301 252 1337 ’ἰδίᾳ
265 1298 443 1336 χαριζόμενος
469 1296 601 1332 ἐπιθυμίᾳ
623 1295 674 1331 τὴν
689 1293 736 1320 τοῦ
757 1291 826 1319 Θεοῦ
857 1291 983 1327 βούλησιν

197 1346 310 1373 ἑκτελεῖ.
331 1346 359 1372 '0
375 1345 403 1371 δὲ
415 1344 508 1379 ἔτερος
520 1343 567 1370 ἐπὶ
583 1341 695 1368 δικαίων
715 1338 825 1374 ἐξουσίᾳ
843 1337 948 1373 χαίρειν
958 1337 983 1353 ’⁸

195 1391 417 1428 δημιουργηθεὶς,
439 1390 543 1416 δίκαιον
558 1387 645 1422 εὑρὼν
660 1385 785 1422 μεγάλως
797 1383 983 1419 εὐφραίνεται,

197 1438 292 1471 σώζων
308 1437 388 1464 αὐτὸν
402 1436 479 1470 ἀϊδίῳ
498 1435 566 1470 ζωῇ,
578 1433 626 1460 καὶ
643 1431 723 1463 αὐτὸς
737 1431 766 1458 δὲ
782 1430 821 1462 ὡς
833 1429 922 1465 ἑαυτῷ
935 1437 985 1464 χαν-

178 1495 182 1498 ·
196 1484 341 1521 ριζὸμενος
352 1484 402 1519 τὴν
419 1482 489 1517 ὑπὲρ
502 1481 604 1508 τούτων
617 1480 657 1511 εἰς
673 1477 739 1505 Θεὸν
752 1477 882 1512 ἀναφέρει
894 1476 984 1511 χάριν.

199 1520 309 1565 Ἔξεστι
321 1530 350 1556 δὲ
363 1529 443 1556 παντὶ
456 1528 540 1563 ἀδίκῳ
557 1523 770 1563 μεταμεληθέντι
784 1521 927 1554 σώζεσθαι,
940 1520 986 1548 καὶ

1009 927 1019 953 Σ
1029 925 1085 957 bet,
1100 931 1196 951 eorum
1219 923 1263 950 cui
1286 923 1343 950 vult
1357 923 1502 950 obetliendi
1516 923 1549 951 ad
1568 924 1637 951 bona
1652 924 1815 959 perﬁcienda

1029 977 1077 999 aut
1093 971 1175 998 mala.
1192 970 1232 998 Ac
1254 970 1276 998 si
1300 971 1362 1005 quis
1376 970 1447 997 bona
1463 970 1553 998 facere
1574 971 1624 998 sibi
1648 972 1734 1007 eligit,
1752 980 1816 1007 prn-

1030 1019 1132 1053 prictas
1149 1017 1272 1044 redditur
1290 1016 1375 1043 futuri
1395 1016 1460 1043 boni
1477 1016 1566 1051 regis;
1581 1017 1623 1044 sin
1640 1018 1703 1052 quis
1722 1017 1817 1052 iniqua

1009 1084 1014 1089 .
1029 1067 1177 1100 perpetret,
1194 1063 1338 1098 prasentis
1363 1061 1427 1089 mali
1449 1062 1481 1089 lit
1501 1063 1619 1097 adiutor.
1637 1062 1816 1098 Quiquidem

1031 1118 1094 1138 cum
1108 1114 1229 1145 propter
1244 1113 1354 1144 peccata
1376 1108 1453 1143 justo
1474 1108 1579 1142 judicio
1599 1116 1662 1137 eum
1683 1108 1817 1144 puniendi

1010 1162 1014 1175 ῖ
1031 1155 1167 1191 acceperit
1182 1154 1338 1182 facultatem
1362 1157 1390 1180 et
1411 1157 1473 1181 ante
1485 1161 1572 1181 aevum
1587 1159 1717 1181 anet-num
1727 1161 1762 1181 ea
1779 1154 1817 1181 uti

1010 1215 1012 1217 -
1032 1201 1134 1237 cupiat,
1161 1201 1188 1228 in
1208 1201 1260 1228 hac
1281 1200 1333 1227 vita
1349 1199 1509 1234 castigando
1522 1199 1622 1234 gaudet
1636 1204 1664 1226 et
1673 1200 1751 1234 quasi
1767 1203 1820 1227 suo

1034 1247 1122 1282 ipsius
1135 1246 1272 1274 desiderio
1286 1246 1443 1282 gratiﬁcans
1459 1244 1505 1273 Dei
1523 1244 1688 1272 voluntatem
1704 1243 1818 1279 perﬁcit.

1012 1292 1111 1320 .Alter
1139 1299 1204 1320 vero
1227 1292 1369 1325 conditus,
1396 1296 1426 1319 ut
1450 1292 1586 1326 iustorum
1611 1291 1726 1325 imperio
1751 1297 1820 1325 gau—

1034 1338 1118 1369 deat.
1144 1338 1215 1365 bono
1239 1338 1357 1372 quodam
1380 1338 1492 1365 invento
1515 1343 1677 1371 magnopere
1702 1335 1820 1368 la-tatur,

1033 1391 1153 1418 cumque
1167 1384 1230 1411 vita:
1247 1389 1357 1411 acterna:
1372 1384 1469 1416 salvat,
1484 1387 1511 1410 et
1524 1383 1582 1417 ipse
1597 1389 1662 1409 vero
1673 1382 1751 1416 quasi
1767 1382 1820 1409 sibi

1034 1430 1182 1465 indulgens
1189 1437 1311 1457 amorem
1318 1438 1383 1466 erga
1395 1438 1444 1457 eos
1454 1429 1482 1456 in
1489 1429 1574 1456 Deum
1586 1428 1680 1455 refert.
1693 1429 1821 1455 Attamen

1016 1494 1020 1499 .
1032 1475 1127 1511 quivis
1144 1476 1265 1511 injustus
1279 1476 1406 1504 converti
1416 1480 1507 1511 potest
1518 1480 1601 1509 atque
1615 1473 1725 1507 salvari,
1739 1473 1821 1509 quili—

1038 1524 1083 1551 bet
1098 1524 1142 1550 vir
1153 1523 1246 1558 justus
1271 1527 1381 1558 peccata
1402 1523 1548 1550 commissa
1574 1528 1654 1556 paena
1675 1520 1761 1548 luere.
1787 1519 1822 1547 lli

199 1578 281 1604 παντὶ
296 1575 393 1611 δικαίῳ
413 1574 489 1610 ἀνδρὶ
508 1573 555 1600 ἐπὶ
572 1571 731 1601 τελευταίας
747 1568 886 1605 ἁμαρτίας
907 1567 984 1601 δίκην

1036 1570 1146 1605 quidem
1162 1569 1217 1597 duo
1233 1568 1317 1596 duces
1329 1569 1435 1596 veloces
1450 1568 1496 1595 Dei
1510 1574 1608 1594 manus
1624 1569 1689 1594 sunt
1701 1566 1733 1593 ad
1748 1565 1821 1592 anti-

199 1622 319 1657 ὐπέχειν.
356 1620 430 1656 Πλὴν
443 1620 467 1646 οι
481 1618 527 1645 δύο
541 1616 675 1653 ἡγεμόνες
686 1612 758 1642 οὗτοι
775 1614 880 1649 ταχεῖαι
895 1611 986 1657 χεῖρές

200 1655 337 1693 εισι-’Θεοῦ
353 1655 556 1701 προλαμϐάνειν
571 1659 765 1696 ὲπιθομοῦσαι,
783 1658 814 1684 τὸ
834 1655 918 1684 αὐτοῦ
940 1655 986 1682 θέ-

199 1713 275 1749 λημα
291 1710 432 1739 ἐπιτελεῖν.
448 1711 506 1737 Ὅτι
527 1709 556 1735 δὲ
577 1707 651 1735 τοῦθ’
676 1705 763 1737 οὕτως
785 1704 852 1740 ἔχει,
880 1703 987 1739 εῐρηται

200 1758 248 1786 καὶ
272 1758 311 1793 τῷ
335 1757 409 1792 νόμῳ
432 1756 464 1782 ὲκ
482 1753 629 1791 προσώπου
650 1751 697 1778 τοῦ
709 1750 794 1777 Θεοῦ·
818 1749 892 1784 Ἐγὼ
915 1749 988 1775 ἀπο-

202 1804 295 1832 κτενῶ
310 1803 360 1830 καὶ
377 1802 429 1837 ζῇν
450 1801 580 1833 ποιήσω·
596 1798 727 1830 πατάξω,
751 1796 831 1831 κάγὼ
857 1794 986 1829 ἰάσομαι.

206 1841 329 1885 Ἃληθῶς
340 1849 395 1884 γὰρ
406 1847 560 1875 ἀποκτείνει
571 1846 592 1861 ⁹¹
606 1844 653 1871 καὶ
666 1843 801 1877 ζωογονεϊ.
822 1840 988 1867 ’Δποκτείνει

205 1897 255 1932 μὲν
270 1895 315 1922 διὰ
326 1895 376 1930 τῆς
391 1893 538 1930 ἀριστερᾶς
548 1912 555 1924 ,
568 1890 640 1917 τοῦτ’
653 1889 710 1916 ἐστι
723 1888 767 1915 διὰ
778 1887 825 1914 τοῦ
837 1887 884 1914 ἐπὶ
896 1885 988 1913 κακώ-

205 1951 246 1969 σει
257 1941 310 1968 τῶν
323 1940 429 1968 ἀσεϐῶν
439 1939 543 1975 χαίρειν
561 1936 707 1973 κραθέντος
722 1933 850 1970 πονηροῦ.
865 1932 949 1965 Σὼζει
959 1932 989 1959 δὲ

204 1989 252 2015 καὶ
263 1987 400 2024 εὐεργετεῖ
411 1985 455 2012 διὰ
466 1985 517 2019 τῆς
535 1983 635 2016 δεξιᾶς,
650 1981 722 2008 τοῦτ’
743 1980 801 2007 ἐστι
823 1979 867 2006 διὰ
884 1978 932 2005 τοῦ
946 1978 989 2005 ἐπ’

204 2033 349 2069 εὐεργεσίᾳ
361 2033 408 2059 καὶ
428 2030 549 2066 σωτηρίᾳ.
572 2028 683 2055 δικαίων
701 2026 808 2062 χαίρειν
824 2025 991 2061 δημιουργη-

204 2081 297 2111 (liv-.0;
308 2080 331 2095 "
351 2077 462 2113 ἀγαθοῦ.
486 2076 548 2103 Εἰσὶ
563 2075 591 2102 δὲ
609 2072 680 2101 οὗτοι
695 2073 744 2105 τὰς
767 2072 862 2104 οὐσίας
885 2071 991 2107 ἔχοντες

205 2126 255 2152 οὐκ
267 2124 365 2158 ἔξωθεν
377 2122 423 2150 τοῦ
436 2121 520 2149 Θεοῦ·
535 2120 595 2147 οὐδὲ
607 2119 662 2155 γὰρ
673 2119 745 2145 ἔστιν
758 2117 839 2153 ἑτέρα
850 2125 893 2148 τις
909 2116 990 2151 ἀρχή,

206 2172 244 2199 Οὐ
259 2171 311 2207 μὴν
324 2170 377 2197 ἀπὸ
386 2169 433 2196 τοῦ
445 2167 512 2195 Θεοῦ
524 2167 562 2198 ὡς
575 2166 632 2198 ζῶα
644 2164 860 2200 προεϐλήθησαν,
870 2163 992 2198 ὁμόδοξοι

206 2217 261 2253 γάρ
292 2216 366 2251 αὐτῷ
393 2213 479 2250 ἦσαν·
506 2212 568 2240 οὔτε
606 2210 806 2247 συμϐεϐηκόσιν
833 2208 993 2243 αὐτομάτως

207 2263 283 2299 παρὰ
297 2261 346 2297 τὴν
363 2259 445 2287 αὐτοῦ
463 2256 559 2295 βουλὴν
572 2256 723 2292 γεγονότες.
742 2255 819 2282 Ἐπεὶ
834 2254 865 2281 τὸ
881 2253 931 2289 τῆς
947 2253 992 2279 δυ-

191 2297 314 2344 ·νάμεως
337 2306 419 2334 αὐτοῦ
444 2305 569 2341 μέγιστον
590 2303 707 2339 ἀνῄρητο
718 2302 760 2329 ἄν.
784 2300 863 2328 Ἀλλὰ
875 2299 929 2326 ἀπὸ
944 2297 992 2325 τοῦ

207 2355 274 2382 Θεοῦ
294 2354 341 2390 μὲν
363 2352 561 2390 προϐέϐληνται
581 2349 617 2376 τὰ
638 2348 778 2385 πρώτιστα
799 2347 918 2381 στοιχεῖα
929 2345 992 2371 τέσ-

192 2397 194 2401 ’
209 2410 279 2437 σαρα
294 2400 325 2427 τό
343 2409 373 2427 τε
396 2398 496 2435 θερμὸν
511 2397 558 2425 καὶ
573 2395 686 2432 ψυχρὸν,
701 2394 784 2431 ὑγρόν
794 2402 824 2420 τε
837 2393 884 2419 καὶ
900 2391 992 2427 ξηρόν.

209 2446 290 2473 Ὀθεν
308 2446 339 2482 δὴ
358 2445 405 2472 καὶ
422 2444 513 2479 πατὴρ
535 2442 663 2477 τυγχάνει
683 2440 771 2475 πάσης
793 2439 887 2470 οὐσίας
910 2437 994 2471 οὐσης

208 2491 320 2527 γνώμης
340 2490 390 2526 τῆς
412 2489 484 2517 κατὰ
505 2488 554 2524 τὴν
576 2487 689 2523 κρᾶσιν·
708 2485 760 2518 ἔξω
776 2485 832 2520 γὰρ
851 2483 991 2527 κραθεῖσιν

209 2524 354 2569 αὐτοῖς-ὡς
369 2524 471 2563 ’τέκνον
496 2535 512 2570 ὴ
544 2533 704 2569 προαίρεσις
726 2529 869 2564 ἐγεννήθη.
899 2528 928 2554 '0
945 2524 992 2553 οὖν

196 2585 198 2588 ’
210 2583 326 2619 πονηρὸς
339 2582 406 2618 πρὸς
416 2580 455 2617 τῷ
463 2579 576 2615 "399
585 2577 631 2606 τοῦ
645 2576 791 2606 ἐνεστῶτος
803 2574 907 2609 κόσμου
919 2572 993 2599 τέλει

209 2616 386 2665 mm...
407 2626 558 2662 ἀμέμπτως
572 2623 613 2659 τῷ
629 2621 700 2658 Θεῷ,
715 2620 762 2648 ἆτε
774 2618 808 2654 δὴ
819 2618 851 2644 οὐ
870 2617 933 2652 μιᾶς
945 2616 993 2643 οὐ-

258 2715 271 2729 ι
299 2707 376 2735 Dcut.
392 2689 478 2737 xuii,
497 2703 542 2731 59.

1036 1615 1184 1651 cipandum
1199 1619 1340 1650 promptae,
1357 1618 1386 1646 ut
1401 1613 1463 1647 eius
1482 1613 1649 1640 voluntatem
1669 1618 1823 1646 exsequan-

1020 1681 1022 1683 -
1037 1666 1091 1689 tur.
1109 1660 1188 1694 Quod
1204 1661 1240 1687 ita
1259 1668 1288 1688 se
1303 1660 1414 1692 habere,
1437 1659 1538 1686 dictum
1556 1663 1597 1685 est
1611 1658 1692 1685 etiam
1713 1656 1740 1684 in
1764 1656 1824 1691 lege

1037 1714 1070 1734 ex
1093 1707 1180 1741 ipsius
1195 1706 1242 1733 Dei
1257 1712 1393 1740 persona:
1411 1704 1466 1740 Ego
1489 1704 1608 1730 occidam
1630 1707 1654 1729 et
1672 1710 1719 1737 ego
1739 1702 1824 1729 vivere

1038 1754 1156 1788 faciam;
1171 1752 1317 1787 percutiam
1330 1755 1354 1778 et
1373 1758 1419 1786 ego
1446 1749 1544 1776 tanaim
1558 1754 1582 1775 I.
1599 1746 1667 1775 Nam
1693 1754 1757 1774 vere
1774 1754 1824 1774 oc-

1039 1799 1105 1828 cidit
1118 1804 1145 1826 et
1158 1799 1289 1826 viviticat.
1305 1796 1412 1824 Occidit
1423 1800 1514 1823 autem
1533 1795 1655 1826 sinistra,
1674 1793 1700 1821 id
1721 1798 1764 1821 est
1776 1801 1824 1827 per

1038 1846 1154 1878 malum,
1169 1845 1216 1880 qui
1228 1844 1313 1871 laetari
1330 1847 1438 1870 tenetur
1455 1841 1600 1875 impiorum
1618 1840 1712 1867 exitio.
1727 1838 1823 1866 Virili—

1039 1896 1084 1919 cat
1098 1896 1188 1918 autem
1205 1895 1231 1917 et
1249 1880 1385 1916 benefacit
1406 1887 1511 1919 dextra,
1529 1886 1555 1913 id
1571 1890 1612 1913 est
1635 1890 1684 1920 per
1704 1885 1823 1920 bonum,

1039 1938 1086 1973 qui
1097 1938 1137 1964 ita
1154 1940 1262 1964 creatus
1276 1939 1317 1962 est
1326 1945 1340 1967 ,θ
1348 1937 1378 1961 ut
1390 1932 1566 1960 beneﬁcentia
1581 1934 1608 1958 et
1624 1931 1711 1958 salute
1732 1930 1824 1965 justo-

1040 1991 1101 2011 rum
1117 1982 1243 2018 gaudeat.
1270 1981 1306 2008 At
1330 1980 1356 2007 bi
1374 1979 1503 2007 facultate
1520 1977 1652 2012 pollentes
1675 1983 1728 2003 non
1748 1979 1825 2003 extra

1022 2036 1025 2038 '
1041 2029 1126 2057 Deum
1141 2028 1292 2060 exsistunt;
1309 2026 1379 2054 alius
1394 2026 1466 2053 enim
1481 2028 1556 2051 extra
1570 2031 1632 2050 cum
1656 2021 1826 2058 principatus

1041 2079 1084 2103 est
1098 2074 1199 2101 nullus.
1225 2071 1320 2107 Neque
1340 2075 1432 2098 autem
1448 2077 1480 2096 ex
1498 2069 1553 2096 Deo
1570 2072 1599 2095 ut
1616 2066 1742 2095 animalia
1759 2073 1825 2100 pro-

1040 2121 1104 2157 jccti
1123 2124 1205 2153 sunt,
1229 2127 1290 2147 cum
1314 2124 1391 2153 aequa
1407 2116 1542 2152 pollerent
1561 2117 1695 2149 potestate
1712 2120 1744 2139 ac
1760 2112 1825 2139 ille;

1042 2174 1131 2202 neque
1145 2165 1310 2193 exstiterunt
1326 2170 1375 2198 per
1396 2161 1557 2195 semetipsos
1570 2163 1664 2193 contra
1689 2157 1761 2184 illius
1775 2162 1827 2182 vo-

1044 2201 1173 2240 luntatem
1190 2210 1284 2246 geniti,
1302 2216 1364 2236 cum
1378 2208 1416 2235 ita
1427 2213 1565 2233 summum
1582 2204 1724 2238 imperium
1739 2202 1763 2228 ei
1778 2201 1827 2228 tol-

1044 2258 1154 2285 leretur.
1175 2256 1227 2283 Sed
1252 2263 1285 2282 ex
1303 2254 1361 2281 Deo
1374 2253 1484 2288 quidem
1503 2250 1623 2286 proiecta
1648 2252 1712 2275 sunt
1734 2247 1826 2281 priora

1043 2307 1160 2339 quatuor
1174 2301 1320 2331 elementa,
1338 2298 1456 2326 calidum
1473 2301 1500 2323 et
1523 2294 1663 2329 frigidum.
1685 2291 1826 2319 humidum

1043 2336 1070 2378 et
1082 2349 1196 2376 siccum.
1214 2345 1306 2379 Quare
1317 2345 1398 2372 etiam
1413 2346 1490 2377 pater
1505 2346 1546 2368 est
1558 2338 1682 2374 cujusvis
1696 2336 1827 2365 materias.

1044 2400 1075 2423 ut
1091 2400 1151 2428 qua:
1163 2391 1277 2419 mistura
1284 2389 1404 2417 evenerit
1415 2387 1565 2416 secundum
1577 2385 1637 2420 ejus
1647 2382 1828 2414 sententiam;

1024 2446 1027 2448 '
1044 2427 1198 2468 commistis
1213 2436 1287 2464 enim
1302 2435 1369 2470 ipsis
1397 2432 1542 2461 consilium
1568 2435 1646 2457 extra
1666 2427 1830 2455 nascebatur

1044 2490 1075 2514 ut
1102 2485 1183 2513 l'etus.
1208 2482 1296 2509 Malus
1324 2480 1407 2516 igitur
1431 2479 1459 2506 in
1489 2477 1542 2504 line
1566 2475 1708 2511 praesentis
1735 2473 1830 2501 mundi

1044 2530 1148 2566 integre
1163 2535 1255 2557 coram
1269 2526 1326 2554 Deo
1339 2526 1447 2559 vivens,
1465 2531 1528 2551 cum
1545 2523 1600 2558 jam
1623 2529 1678 2548 non
1696 2520 1830 2555 pertinent

1044 2577 1078 2604 ad
1091 2577 1176 2604 solam
1191 2572 1344 2608 iniquitatis
1354 2570 1548 2601 substantiam,
1559 2568 1729 2595 instauratus
1741 2568 1831 2600 potest

1030 2623 1134 2650 ‘bonus
1157 2621 1226 2648 ﬁeri.
1251 2618 1357 2646 Etenim
1378 2616 1434 2651 jam
1457 2621 1513 2642 non
1529 2612 1647 2648 amplius
1666 2610 1737 2638 male
1752 2609 1828 2644 agit,

840 2739 957 2769 γ’Αῆῐῶ
976 2733 1178 2765 LECTIONES.

203 2830 209 2837 κ
286 2809 448 2853 qupdupycp;
459 2805 488 2832 0.
509 2804 532 2820 ⁸⁸
550 2803 617 2853 Vltio.
636 2802 703 2853 αὐδῇ
715 2797 916 2853 ’χρῆἇῦμὶιτθόὼ
928 2804 962 2825 ex
976 2793 1143 2829 conjectum.

213 2834 336 2874 subinde:
373 2844 395 2858 ²¹⁹
413 2833 649 2876 ὅτίμιουργηθέντά
659 2833 703 2864 0.“
715 2833 749 2853 Ἤ
765 2833 795 2861 τό
810 2836 842 2862 υ.

1197 2790 1221 2807 ⁹⁰
1240 2789 1319 2824 χάριν
1335 2787 1367 2814 0.
1404 2785 1425 2801 ⁹¹
1456 2780 1685 2815 ἀποκτέννειεετ.
1703 2776 1737 2805 0.
1749 2776 1792 2814 ita
1805 2778 1831 2803 et
