4040 6146
471 265 570 325 ﬂii

1313 268 1372 324 ε.
1410 268 1805 359 CLEMENTIS
1839 269 1859 324 l
1895 267 2061 324 ROI.
2101 265 2300 323 PONT.
2337 266 2566 324 OPERA
2601 267 2830 326 DUBIA.

3602 275 3708 333 ιω

471 401 784 456 quanquam
823 384 999 442 malus
1034 393 1157 450 est,
1192 401 1319 442 cum
1366 386 1485 458 lege
1518 388 1830 444 facultatem
1881 404 2036 443 acce-

2141 384 2260 449 σίας
2280 386 2357 439 ῶν
2378 387 2482 458 τῆς
2503 386 2643 457 πρὺς
2663 388 2871 441 κακίαν
2888 385 3076 459 μόνης,
3105 386 3559 460 μετασυγκριθεὶς
3582 391 3708 452 ἀγα-

473 476 614 544 perit
646 475 785 529 male
815 475 1031 545 agendi.

540 744 634 799 lV.
674 745 807 812 Quae
829 761 953 800 cum
986 745 1179 803 Petrus
1204 748 1417 803 locutus
1444 757 1611 814 esset,
1639 746 1914 811 Michaeas,
1940 746 2037 819 qui

467 846 523 889 et
570 836 686 905 ipse
729 852 792 889 ex
843 837 1103 891 comitum
1150 852 1379 892 numero
1429 848 1586 903 erat,
1636 837 2036 907 interrogavit:

473 927 627 983 Unde
664 929 828 997 igitur
855 928 935 994 lit,
972 937 1031 983 ut
1058 929 1308 985 homines
1350 929 1705 999 delinquant?
1738 928 2040 999 Respondit

472 1018 665 1075 Petrus
702 1037 717 1072 :
783 1018 939 1086 Quian
965 1020 1216 1091 ignorant
1249 1036 1308 1075 se
1341 1037 1438 1090 pro
1465 1021 1558 1086 iis,
1594 1036 1713 1089 quae
1747 1021 1887 1074 male
1914 1034 2041 1089 ege-

422 1124 426 1127 '
469 1112 598 1176 rint,
625 1111 678 1164 in
699 1112 909 1181 judicio
935 1111 1149 1181 penitus
1192 1112 1419 1167 daturos
1443 1128 1566 1167 esse
1589 1126 1827 1181 pcenam.
1859 1109 2035 1178 Unde,

428 1213 434 1219 '
468 1204 927 1272 quemadmodum
969 1204 1105 1258 alias
1140 1204 1290 1271 dixi,
1327 1206 1488 1259 etiam
1540 1206 1743 1274 prolem
1778 1206 2039 1259 habentes

469 1296 755 1364 cupiditati
788 1295 1092 1365 indulgent,
1130 1304 1188 1351 ut
1218 1297 1399 1351 evenit
1425 1297 1478 1350 in
1514 1298 1790 1352 occisione
1824 1305 2039 1350 tenero-

422 1412 425 1419 -
469 1403 591 1441 rum
632 1385 921 1440 infantium
952 1386 1035 1441 vel
1062 1388 1115 1440 in
1144 1388 1255 1442 alio
1281 1388 1582 1457 deeipiente
1612 1396 1854 1457 peccato.
1878 1386 2034 1453 Nam,

468 1488 528 1533 ut
554 1478 715 1532 modo
744 1478 1004 1545 iudicavi,
1040 1495 1099 1534 se
1122 1476 1525 1548 judicatumiri
1554 1481 1881 1545 nescientes,
1907 1479 2037 1549 quia

469 1570 606 1623 nihil
631 1577 735 1635 est,
770 1571 916 1639 quod
944 1570 1092 1641 ipsos
1114 1579 1337 1636 terreat,
1373 1579 1665 1640 properant
1706 1569 1775 1623 ad
1823 1570 2033 1625 libidini

468 1671 672 1717 temere
700 1671 864 1732 atque
886 1663 1074 1718 illicite
1097 1662 1565 1718 satisfaciendum.
1602 1662 1725 1718 Ideo
1757 1678 1863 1717 non
1894 1662 2035 1720 Dens

466 1754 707 1823 iniustus
738 1765 842 1821 est,
870 1755 1071 1825 quippe
1094 1756 1188 1825 qui
1221 1756 1571 1825 cupiditatem
1608 1755 1674 1809 ad
1705 1756 1870 1809 vitam
1907 1770 2034 1826 pro-

466 1847 768 1916 pagandam
798 1848 935 1901 bene
960 1847 1326 1913 ordinaverit;
1363 1855 1420 1901 at
1457 1846 1562 1916 ipsi
1599 1846 2031 1914 sceleratissimi;

464 1936 666 2005 quippe
694 1937 790 2006 qui
825 1937 981 1992 abusi
1009 1938 1119 1992 sint
1142 1952 1229 2004 eo,
1259 1938 1404 2007 quod
1428 1937 1480 1992 in
1502 1938 1801 2007 cupiditate
1827 1938 2031 1995 bonum

460 2036 568 2082 est.
599 2027 675 2082 Ita
705 2029 916 2083 censeri
951 2029 1109 2084 debet
1152 2029 1317 2084 etiam
1361 2028 1430 2084 de
1463 2029 1579 2095 ira;
1611 2045 1719 2100 qua
1748 2030 1841 2099 qui
1888 2040 2034 2087 recte

462 2121 654 2186 utitur,
706 2128 766 2175 ut
805 2120 1013 2175 licitum
1049 2129 1154 2185 est,
1191 2137 1299 2175 non
1349 2122 1514 2191 impie
1558 2122 1694 2192 agit,
1736 2121 1831 2178 sed
1886 2122 2032 2179 ultra

462 2212 687 2266 modum
717 2213 1071 2282 progrediens
1092 2213 1301 2282 judicio
1328 2213 1597 2270 obnoxius
1628 2222 1835 2284 peccat.

539 2300 598 2356 V.
635 2301 946 2372 lterumque
986 2302 1295 2373 Sophonias
1334 2305 1587 2374 excepit:
1618 2303 2033 2376 Longanimitas

458 2403 577 2460 tua,
600 2395 821 2450 domine
855 2397 927 2450 mi
965 2395 1142 2460 Pctre,
1168 2396 1324 2451 nobis
1358 2396 1601 2450 animum
1623 2396 1794 2461 addit,
1819 2397 1891 2452 ob
1915 2412 2033 2452 ma-

455 2485 635 2555 jorem
686 2486 994 2543 ﬁrmitatem
1023 2488 1091 2542 de
1122 2489 1246 2544 aliis
1292 2489 1477 2543 multis
1528 2500 1579 2544 te
1630 2488 2025 2559 interrogandi.

462 2576 646 2642 Quare
677 2579 903 2632 omnino
931 2594 1054 2634 cum
1084 2579 1282 2633 ﬁducia
1316 2588 1369 2634 te
1394 2580 1761 2649 exploramus.
1807 2578 2028 2634 Memini

420 2667 661 2735 ‘quippe
723 2667 1002 2723 Simonem
1059 2669 1175 2722 heri
1229 2677 1406 2723 tecum
1456 2670 1823 2738 disputantem
1870 2685 2025 2725 assev

457 2759 661 2823 ruisse,
698 2760 926 2823 malum,
956 2759 1000 2813 si
1030 2774 1059 2811 a
1097 2758 1205 2813 Deo
1232 2760 1449 2828 genitus
1496 2760 1604 2823 sit,
1632 2771 2027 2827 consequenter

455 2864 581 2904 esse
654 2850 854 2904 deluere
926 2850 1169 2918 ejusdem
1236 2851 1488 2905 essentia!
1553 2866 1620 2906 ac
1686 2853 2021 2921 genitorem,

457 2940 689 3009 ideoque
716 2939 916 2993 bonum
936 2979 953 3004 ,
985 2954 1160 3007 neque
1199 2939 1421 2993 malum.
1454 2941 1535 2994 Ac
1564 2950 1620 2994 tu
1666 2942 2021 3010 respondisti,

2026 502 2031 507 π
2144 477 2236 541 θὸς
2271 477 2521 546 γενέσθαι
2554 477 2792 533 δύναται.
2822 479 2956 532 Οὐδὲ
2986 479 3097 551 γὰρ
3119 478 3217 532 νῦν
3255 480 3424 533 κακόν
3454 497 3511 533 τι
3545 486 3702 539 mut.

2143 569 2233 623 καί
2270 587 2353 623 τοι
2389 571 2557 634 κακὸς
2597 570 2693 635 ὢν,
2727 571 2974 643 νομίμως
3002 574 3292 642 κακουχεῖν
3335 570 3575 643 εἰληφὼς
3609 572 3711 645 τὴν

2142 662 2409 728 ἐξουσίαν.
2524 668 2531 674 ’

2211 750 2303 807 IV.
2344 751 2530 806 Ταῦτα
2579 752 2674 806 τοῦ
2724 752 2937 823 Πέτρου
2980 750 3262 816 εἰπόντος,
3310 750 3581 822 Μιχαίας,
3615 751 3708 804 καὶ

2139 842 2304 905 αὐτὸς
2333 842 2442 895 τῶν
2476 841 2783 896 ἀκολούθων
2815 860 2901 906 τις
2948 841 3073 907 ὣνφ
3103 841 3368 895 ἐπύθετο·
3408 841 3579 895 Πόθεν
3614 837 3709 894 οὖν

2137 937 2250 997 τοῖς
2275 933 2579 1005 ἀνθρώποις
2603 933 2664 987 τὸ
2687 935 3053 1004 ἁμαρτάνειν;
3094 934 3202 988 Καὶ
3251 936 3281 987 6
3324 934 3528 1005 Πέτρος
3566 934 3705 1004 ἔφη·

2152 1025 2246 1079 Ἐκ
2270 1025 2362 1078 τοῦ
2395 1027 2628 1094 ἀγνοεῖν,
2662 1026 2743 1078 ὅτι
2773 1025 2900 1096 περὶ
2924 1018 2997 1079 ὧν
3024 1025 3325 1097 πράσσουσι
3356 1026 3560 1090 κακῶς,
3589 1024 3709 1097 κρί-

2141 1119 2303 1190 [σεως
2342 1117 2663 1189 γε]νομένης
2684 1117 2898 1181 πάντως
2930 1117 3254 1188 κολασθῆναι
3281 1117 3508 1188 ἔχουσιν.
3545 1118 3709 1173 Ὅθεν
3780 1098 3794 1111 ’

2138 1210 2233 1263 καὶ
2258 1209 2356 1280 τὴν
2387 1209 2704 1280 ἐπιθυμίαν,
2733 1209 2807 1273 ὡς
2840 1208 3026 1263 ἀλλοτε
3051 1206 3274 1279 εἶιπονῙ,
3300 1208 3548 1280 διαδοχὴν
3588 1209 3708 1279 βίου

2139 1299 2371 1369 ἔχοντες,
2396 1298 2598 1369 ταύτην
2640 1297 3092 1370 πληροφοροῦσιν,
3125 1299 3199 1362 ὡς
3226 1299 3412 1368 ἔτυχεν
3433 1298 3706 1371 ήμ[ἐρων]

2140 1393 2345 1446 παίδων
2392 1390 2654 1462 φθορᾷ,ἢ
2701 1390 2834 1461 ἀλλῃ
2867 1390 2971 1443 τινὶ
3020 1389 3391 1463 κολακευούσῃ
3438 1389 3707 1460 ἁμαρτίᾳ.

2141 1487 2235 1558 Τῷ
2258 1486 2367 1559 γὰρ
2393 1488 2624 1555 ἀγνοεῖν,
2648 1485 2728 1538 ὅτι
2754 1484 3047 1555 κρίνονται,
3081 1483 3156 1545 ὡς
3182 1482 3389 1552 φθάσας
3421 1478 3595 1545 εἷπον,
3619 1480 3707 1534 διὰ

2138 1581 2198 1633 τὸ
2229 1578 2428 1648 ἄφοϐον
2468 1579 2569 1648 τὴν
2612 1575 2902 1647 ἐπιθυμίαν
2928 1575 2988 1627 οὐ
3012 1574 3256 1646 νομίμως
3289 1571 3528 1645 πληροῦν
3556 1572 3709 1634 ἐπεί-

2137 1688 2341 1739 γονται.
2374 1670 2535 1722 Ὥστε
2562 1668 2659 1737 οὐχ
2688 1668 2716 1719 6
2751 1666 2883 1730 Θεὸς
2926 1664 3114 1728 κακὸς,
3156 1665 3184 1716 6
3227 1663 3405 1727 καλῶς
3452 1662 3566 1728 θεὶς
3608 1663 3708 1734 τὴν

2067 1722 2106 1777 Β
2134 1722 2459 1835 ἐπιθυμίαν,
2507 1762 2595 1815 ἵνα
2626 1722 2878 1830 διαδοχὴ,
2904 1757 3020 1828 βίου
3075 1722 3340 1826 γένηται,
3385 1722 3501 1808 ἁλλ’
3545 1722 3707 1809 ὶιὺτὸι

2132 1849 2504 1913 ἀσεϐέστατοι,
2543 1849 2593 1900 οἱ
2624 1847 2703 1919 τῷ
2731 1845 2882 1916 καλῷ
2914 1846 3013 1916 τῆς
3045 1843 3341 1915 ἐπιθυμίας
3370 1844 3709 1916 χρησάμενοι

2132 1940 2339 2002 κακῶς.
2366 1938 2523 1991 Ούτω
2549 1938 2612 2009 δὴ
2645 1937 2741 1991 καὶ
2771 1936 2865 1990 ἐπὶ
2886 1936 2984 2007 τῆς
3017 1935 3188 2007 ὀργῆς
3214 1934 3328 1988 ἔστι
3364 1934 3704 2003 λογίσασθαι,

2130 2034 2212 2087 ὅτι
2242 2030 2465 2093 δικαίως
2500 2030 2597 2102 μὲν
2646 2030 2783 2099 αύτῇ
2833 2044 2917 2091 τις
2948 2028 3291 2098 χρησάμενος
3312 2064 3327 2090 ,
3360 2025 3436 2089 ὡς
3471 2026 3703 2092 ἔξεστιν,

2129 2125 2363 2188 εὐσεϐεῖ,
2392 2123 2542 2194 παρὰ
2569 2122 2626 2176 δὲ
2651 2122 2713 2175 τὸ
2744 2121 2939 2193 μέτρον
2967 2117 3199 2187 ἐξελθὼν
3241 2119 3335 2172 καὶ
3378 2118 3557 2190 ἐαυτῷ
3604 2118 3706 2190 τὴν

2130 2217 2311 2289 κρίσιν
2338 2212 2515 2268 λαϐὼν
2549 2212 2754 2267 ἀσεϐεῖ.

2206 2306 2270 2361 V.
2309 2306 2419 2359 Καὶ
2469 2307 2498 2359 6
2542 2302 2817 2373 Σοφωνίας
2860 2301 3022 2358 πάλιν
3068 2301 3206 2373 ἔφη·
3252 2301 3316 2355 Ἦ
3352 2298 3704 2372 μακροθυμία

2131 2417 2244 2463 σου,
2278 2397 2435 2469 κύριέ
2479 2415 2577 2469 μου
2622 2397 2818 2468 Πέτρε,
2872 2394 3183 2466 παρρησίαν
3226 2395 3356 2464 ἡμῖν
3389 2392 3698 2463 χαρίζεται,

2127 2489 2413 2561 ἀκριϐείας
2451 2488 2612 2558 χάριν
2643 2487 2785 2540 κατὰ
2828 2485 2996 2539 πολλά
3032 2483 3391 2538 πυνθάνεσθαί
3439 2501 3554 2537 σου.
3608 2482 3704 2536 Διδ

2128 2580 2460 2653 θαρροῦντες
2505 2578 2667 2631 παντὶ
2712 2578 2896 2648 τρόπῳ
2937 2576 3036 2647 τὴν
3082 2575 3325 2640 ἐξέτασιν
3374 2572 3697 2645 ποιούμεθα.

2125 2671 2426 2741 Μέμνημαι
2450 2669 2649 2732 τοίνυν,
2685 2669 2760 2731 ὼς
2781 2668 2908 2738 χθὲς
2941 2666 3121 2737 Σίμων
3147 2666 3282 2738 πρὸς
3315 2666 3373 2718 σὲ
3406 2667 3503 2737 τὴν
3538 2664 3704 2736 ζήτη-

2127 2780 2211 2816 σιν
2243 2762 2381 2831 ἔχων
2405 2760 2530 2830 ἔφη,
2564 2761 2645 2813 ὅτι
2678 2761 2706 2812 6
2738 2758 2988 2829 πονηρὸς,
3017 2760 3065 2809 εί
3090 2758 3196 2810 ἀπὸ
3219 2757 3312 2809 τοῦ
3343 2755 3478 2810 Θεοῦ
3502 2756 3701 2825 γεγέν-

2123 2871 2281 2924 νηται
2302 2855 2368 2916 θδ,
2402 2850 2707 2913 ἀκολούθως
2732 2850 2832 2919 τῆς
2861 2850 3031 2919 αὐτῆς
3052 2848 3129 2920 τῷ
3154 2848 3471 2920 προϐαλόντι
3497 2848 3701 2920 τυγχά-

2124 2963 2205 2999 νει
2226 2945 2440 3009 οὐσίας,
2474 2944 2637 3017 ἀοο
2662 2942 2755 2996 καὶ
2780 2940 2978 3011 ἀγαθὸς
3002 2942 3212 3010 δφειλεν
3239 2937 3374 2995 εἶναι
3392 2978 3408 3005 ,
3446 2940 3541 2995 καὶ
3574 2940 3701 3012 οὐχὶ

458 3044 801 3097 nequaquam
818 3044 931 3082 rem
949 3029 1021 3085 ita
1048 3028 1399 3093 sesehabere,
1418 3044 1542 3084 cum
1576 3031 1732 3084 multi
1761 3046 1826 3083 ex
1861 3031 2020 3087 bonis
2048 3071 2050 3091 .

2127 3037 2310 3099 κακός.
2355 3037 2427 3091 Σὺ
2473 3036 2531 3089 δὲ
2577 3034 2874 3105 ἀπεκρίνω,
2924 3034 2997 3104 μὴ
3048 3034 3266 3097 πάντως
3308 3032 3483 3096 οὕτως
3524 3031 3696 3103 ἔχειν,

454 3122 806 3191 gignerentur
842 3120 990 3182 mali,
1036 3119 1200 3175 sicuti
1229 3135 1298 3174 ex
1322 3120 1495 3175 Adam
1522 3121 1632 3176 duo
1661 3122 2019 3190 exstitissent,

453 3214 591 3268 alter
621 3214 815 3279 bonus,
843 3214 980 3268 alter
1014 3216 1211 3273 malus.
1235 3212 1446 3269 Simoni
1473 3222 1652 3269 autem
1675 3216 1943 3285 arguenti,
1971 3226 2022 3272 te

451 3306 715 3376 exemplis
748 3306 827 3360 uti
878 3306 1178 3370 humanis,
1227 3305 1591 3375 respondisti,
1640 3321 1819 3376 neque
1861 3306 2018 3375 illud,

452 3398 623 3453 Deum
656 3398 898 3468 gignere,
929 3413 995 3453 eo
1031 3398 1194 3453 modo
1219 3413 1341 3453 esse
1369 3397 1787 3463 admittendum,
1819 3399 2019 3469 quippe

450 3491 598 3561 quod
628 3490 935 3559 exemplum
965 3499 1020 3543 et
1044 3491 1221 3559 ipsum
1252 3490 1323 3544 sit
1345 3489 1667 3544 humanum.
1699 3488 1808 3559 Ego
1837 3500 2016 3545 autem

453 3582 762 3653 Sophonias
804 3581 971 3635 Deum
1000 3582 1221 3652 gignere
1258 3580 1512 3645 admitto,
1547 3581 1750 3635 malum
1798 3582 2020 3652 gignere

448 3689 576 3729 eum
621 3688 729 3727 non
757 3672 1019 3735 concedo,
1049 3673 1266 3728 etiamsi
1304 3674 1444 3726 inter
1491 3672 1740 3728 homines
1779 3673 1908 3727 boni
1938 3674 2021 3745 gi-

449 3774 617 3833 gnant
658 3764 855 3818 malos.
888 3761 995 3817 Nec
1026 3772 1205 3821 tamen
1258 3763 1425 3818 credo
1447 3804 1463 3831 ,
1498 3780 1585 3819 me
1630 3766 1867 3820 absurde
1910 3766 2016 3821 alia

447 3840 664 3920 eorum,
707 3869 829 3924 quae
866 3851 1151 3908 hominum
1198 3854 1330 3918 sint,
1374 3852 1493 3910 Deo
1538 3857 1862 3923 attribuere,
1908 3857 2015 3912 alia

448 3958 581 4008 non,
611 3960 737 3999 cum
777 3946 1036 4010 alterum,
1077 3945 1318 4015 gignere,
1366 3948 1758 4014 concesserim,
1797 3962 1904 4001 non
1940 3948 2015 4002 ita

447 4034 699 4099 alterum,
730 4034 930 4102 dispari
969 4033 1131 4087 modo
1164 4033 1402 4103 gignere.
1444 4031 1578 4087 Nam
1606 4034 1854 4091 homines
1883 4036 2017 4091 lihe-

447 4139 539 4178 ros
569 4132 628 4177 ut
660 4140 757 4193 par
784 4132 869 4178 est
892 4122 1189 4179 dissimiles
1219 4126 1461 4194 ipsorum
1490 4125 1739 4180 consiliis
1778 4126 1919 4181 hanc
1944 4126 2015 4181 ob

2121 3128 2309 3183 καθότι
2335 3128 2520 3182 πολλοὶ
2550 3127 2608 3194 ἐξ
2639 3125 2859 3195 ἀγαθῶν
2884 3126 3042 3179 κακοὶ
3066 3124 3379 3194 γεννῶνται,
3411 3123 3601 3196 ὥσπερ
3631 3126 3697 3179 ὲκ

2119 3219 2215 3275 τοῦ
2255 3220 2423 3291 Ἀδὰμ
2447 3218 2619 3273 ὁποῖοί
2656 3235 2799 3280 τινες
2833 3217 2985 3281 ὄντες
3014 3216 3108 3269 δύο
3149 3214 3537 3287 ἐγεννήθησαν,
3565 3208 3641 3270 ὧν
3665 3218 3696 3270 6

2124 3310 2223 3383 μὲν
2244 3306 2312 3382 ἦν
2335 3307 2525 3373 κακδς,
2550 3310 2578 3361 6
2609 3308 2654 3360 δ’
2680 3306 2896 3376 ἀγαθός.
2945 3306 3067 3359 Τοῦ
3084 3307 3141 3360 δὲ
3176 3307 3417 3377 Σίμωνος
3441 3308 3694 3361 αἰτιασα-

2124 3402 2307 3472 μένου,
2341 3401 2421 3455 ὅτι
2446 3399 2801 3471 ἀνθρωπίνοις
2828 3398 3042 3469 ἐχρήσω
3068 3397 3524 3484 παραδείγμασιν,
3552 3400 3692 3452 ἀπε-

2118 3491 2309 3563 κρίνω,
2343 3491 2425 3543 ὅτι
2487 3488 2661 3560 τούτῳ
2691 3489 2769 3560 τῷ
2801 3488 2942 3559 λόγῳ
2987 3487 3106 3540 οὐδὲ
3149 3486 3211 3540 τὸ
3258 3488 3515 3557 γεννῆσαι
3560 3487 3693 3543 Θεὸν

2120 3580 2524 3654 παραδέξασθαι
2550 3581 2662 3633 δεῖ·
2698 3578 3033 3651 ἀνθρώπινον
3059 3578 3166 3651 γὰρ
3195 3579 3289 3633 καὶ
3316 3579 3475 3632 τοῦτο
3498 3580 3560 3632 τὸ
3586 3598 3693 3634 πα-

2120 3674 2406 3746 ράδειγμα.
2454 3671 2595 3741 Ἐγὼ
2626 3671 2683 3726 δὲ
2710 3671 2988 3740 Σοφωνίας
3025 3670 3086 3724 τὺ
3122 3670 3219 3743 μὲν
3254 3672 3517 3741 γεννῆσαι
3560 3671 3693 3725 Θεὸν

2118 3762 2527 3835 παραδέχομαι,
2560 3760 2623 3814 τὸ
2663 3761 2719 3813 δὲ
2751 3759 2918 3814 κακὸν
2966 3760 3222 3831 γεννῆσαι
3265 3760 3325 3814 ού
3369 3762 3687 3832 προσίεμαι,

2118 3859 2222 3913 κᾶν
2240 3858 2349 3912 τῶν
2379 3856 2682 3928 ἀνθρώπων
2726 3857 2775 3908 oi
2806 3854 2999 3924 ἀγαθοὶ
3046 3854 3247 3917 κακοὺς
3284 3854 3542 3922 γεννῶσι.
3583 3856 3691 3908 Καὶ

2121 3954 2194 4025 μή
2216 3969 2299 4007 τοι
2323 3951 2551 4022 νομίσας
2580 3966 2647 4020 με
2669 3948 2877 4016 ἀλόγως
2912 3947 3019 4000 τῶν
3057 3944 3362 4017 ἀνθρώποις
3397 3944 3689 4017 διαφερόν-

2114 4059 2222 4096 των
2249 4041 2365 4094 ἔνια
2394 4040 2492 4111 μὲν
2534 4038 2612 4110 τῷ
2653 4037 2772 4109 Θεῷ
2809 4037 3135 4099 ἀποδιδόναι,
3161 4036 3279 4088 ἔνια
3305 4034 3362 4087 δὲ
3388 4035 3480 4100 οὒ,
3506 4033 3691 4105 ἐπειδὴ

2112 4132 2175 4185 τὸ
2199 4132 2298 4203 μὲν
2324 4130 2582 4200 γεννῆσαι
2605 4128 2818 4199 δίδωμι,
2846 4128 2908 4181 τὸ
2930 4127 2987 4179 δὲ
3014 4127 3263 4197 ἀνόμοιον
3300 4125 3475 4180 αὐτοῦ
3498 4125 3693 4195 γεννῆ-

445 4228 673 4267 causam
704 4222 1014 4282 procreant.
1056 4212 1195 4269 Cum
1238 4223 1476 4285 quatuor
1509 4214 1757 4283 partibus
1787 4230 2011 4285 compo-

2127 4241 2206 4277 rat
2255 4222 2356 4276 οὑκ
2396 4221 2713 4292 ἀποδίδωμι.
2747 4222 2809 4274 Οἱ
2847 4220 2945 4291 μὲν
2977 4218 3086 4290 γὰρ
3119 4217 3393 4289 ἄνθρωποι
3448 4218 3589 4272 κατά
3630 4214 3692 4269 τὸ

446 4314 667 4368 nantur,
704 4305 1001 4359 secundum
1037 4305 1185 4365 varia
1210 4305 1337 4360 anni
1364 4315 1611 4376 tempora
1645 4308 1794 4361 varie
1820 4322 2010 4362 eorum

2127 4312 2259 4376 εἰκὸς
2283 4312 2570 4383 ἀνομοίους
2599 4314 2718 4373 ταῖς
2747 4307 2952 4363 ἑαυτῶν
2975 4307 3216 4380 γνώμαις
3239 4305 3510 4376 γεννῶσιν
3544 4307 3692 4369 υἱοὺς

442 4408 671 4463 corpora
708 4404 1012 4462 vertuntur,
1031 4395 1102 4449 ita
1135 4404 1195 4451 ut
1218 4396 1271 4450 in
1298 4412 1527 4467 corpore
1555 4398 1794 4453 humano
1816 4413 2010 4453 secun-
2043 4385 2050 4439 ¹

2127 4405 2201 4459 5ιά
2231 4404 2482 4474 τοιαύτην
2522 4401 2713 4456 αἰτίαν.
2760 4401 2855 4453 Ἐκ
2882 4400 3161 4470 τεσσάρων
3197 4398 3305 4469 γάρ
3351 4398 3687 4460 συνεστῶτες

443 4487 573 4541 dum
585 4488 1045 4558 quodvistempus
1061 4488 1134 4555 id,
1157 4488 1300 4558 quod
1317 4490 1443 4543 anni
1459 4490 1692 4559 tempori
1726 4491 2008 4560 proprium

2127 4497 2297 4571 μερῶν
2347 4495 2489 4550 κατά
2530 4492 2627 4557 τὰς
2676 4492 2962 4564 διαφόρους
3001 4490 3209 4563 τροπὰς
3246 4490 3520 4564 διαφόρως
3560 4490 3684 4563 τρέ-

443 4575 541 4639 sit,
600 4584 814 4631 crescat
859 4586 954 4630 aut
984 4578 1265 4632 decrescat
1292 4589 1684 4649 congruentem
1715 4581 2007 4636 misturam

2127 4605 2306 4643 πονται
2337 4585 2406 4639 τὰ
2440 4583 2688 4656 σώματα,
2716 4584 2792 4649 ὡς
2828 4583 2923 4637 καὶ
2942 4583 2987 4616 ⁹⁸
3011 4586 3067 4636 ὲν
3102 4580 3424 4652 ἀνθρωπείῳ
3470 4581 3680 4653 σώματι

442 4670 647 4724 delens.
674 4667 809 4723 Nam
837 4670 1043 4724 semina
1083 4679 1517 4738 temperatorum
1548 4688 1656 4726 non
1687 4688 1904 4743 semper
1929 4675 2004 4731 ita

2127 4676 2235 4731 καθ’
2263 4675 2490 4727 ἕκαστον
2517 4672 2704 4743 καιρὸν
2729 4671 2790 4725 τὸ
2812 4672 2911 4743 τῆς
2932 4672 3138 4745 τροπῆς
3162 4670 3291 4723 ίδιον
3314 4670 3679 4741 αὐξανόμενον

440 4762 874 4831 permanentium
922 4761 1058 4817 alias
1102 4761 1257 4816 aliter
1295 4763 1584 4818 commista
1625 4773 2007 4836 segregantur,

2127 4767 2145 4839 ἢ
2185 4763 2570 4834 ἐλαττούμενον
2594 4762 2692 4834 τὴν
2723 4760 3033 4833 σύμμετρον
3080 4761 3275 4833 κρᾶσιν
3313 4760 3515 4813 ἀθετεῖ.
3558 4758 3678 4812 Τῶν

439 4869 612 4923 eaque
626 4854 925 4908 secundum
952 4854 1211 4922 temporis
1233 4854 1540 4909 mistionem
1569 4864 1624 4910 et
1658 4858 1889 4911 consilia
1921 4873 2010 4914 se-

2127 4858 2217 4930 τάρ
2254 4855 2652 4926 συγκραμάτων
2672 4853 2718 4884 ³⁸
2749 4853 2847 4925 οὐχ
2884 4852 3143 4916 ὡσαύτως
3183 4850 3271 4904 ἀεὶ⁸
3315 4852 3678 4922 διαμενόντων

438 4954 681 5013 qunntur
703 4946 817 4999 sive
829 4946 969 4999 bona
984 4946 1099 5001 sive
1113 4944 1359 5000 mala.At
1383 4947 1489 5001 tale
1515 4946 1644 5016 quid
1661 4948 1727 5003 de
1760 4947 1868 5003 Deo
1893 4964 2001 5004 non

2127 4951 2176 5006 τά
2218 4950 2509 5022 σπέρματα
2551 4946 2739 5001 άλλοτε
2780 4945 2944 5018 ἀλλην
2970 4944 3177 5015 ,ἔχοντα
3202 4948 3402 5017 κρᾶσιν
3444 4942 3675 5015 ἀποκρί-

436 5047 522 5090 est
569 5036 939 5091 statuendum.
973 5036 1109 5092 Nam
1144 5054 1267 5093 cum
1318 5038 1674 5094 immutabilis
1719 5041 1793 5095 sit
1834 5050 2001 5111 atque

2127 5059 2320 5106 ιονται,
2366 5037 2445 5107 οἷς
2500 5041 2637 5114 πρὸς
2683 5039 2782 5112 τὴν
2831 5037 2925 5092 τοῦ
2985 5036 3177 5109 καιροῦ
3228 5040 3427 5108 κρᾶσιν
3476 5036 3571 5091 καὶ
3614 5034 3671 5086 αί

435 5136 706 5191 aeternus,
735 5129 955 5196 quando
984 5144 1170 5184 creare
1199 5130 1336 5197 vult,
1376 5142 1720 5200 procreatum
1751 5133 1997 5203 ejusdem

2127 5134 2320 5204 ννῶμαι
2346 5134 2567 5193 ἕπονται
2592 5132 2702 5185 εἴτε
2727 5128 2948 5196 ἀγαθαὶ,
2974 5129 3084 5181 είτε
3117 5128 3307 5182 κακαί.
3356 5129 3477 5182 Ἐπὶ
3498 5127 3553 5180 δὲ
3576 5125 3669 5177 τοῦ

436 5218 581 5272 modi
613 5233 679 5273 ac
715 5228 1016 5275 creatorem
1052 5236 1173 5276 esse
1214 5232 1446 5291 oportet,
1471 5226 1614 5294 quod
1645 5227 1710 5279 ad
1739 5226 1998 5281 substan-

2127 5227 2236 5280 θεοῦ
2272 5227 2372 5280 οὐκ
2405 5225 2518 5279 ἐστι
2543 5241 2596 5277 τι
2626 5223 2860 5276 τοιοῦτον
2891 5220 3237 5289 λογίσασθαι·
3271 5219 3536 5290 ἄτρεπτον
3562 5215 3669 5285 γὰρ

437 5310 564 5363 tiam
598 5311 806 5366 scilicet
832 5320 884 5365 et
920 5322 1176 5367 mentem.
1221 5312 1328 5368 Sed
1357 5314 1402 5369 si
1440 5315 1564 5385 quis
1607 5332 1732 5371 eum
1769 5330 1992 5387 quoque

2127 5320 2193 5376 ιαὶ
2214 5320 2302 5374 ἀεὶ
2325 5319 2421 5385 ὣν,
2446 5316 2689 5391 ὁπ[όταν]
2701 5318 2744 5350 ³⁷
2774 5314 3093 5389 προϐάλλειν
3121 5311 3425 5386 βουληθείη,
3454 5310 3666 5378 ἀνάγκη

1690 5490 1925 5546 VARIAE
1963 5491 2362 5548 LECTIONES.

502 5607 545 5642 ⁸⁵
570 5608 860 5682 γεγένηται
1025 5609 1073 5646 ³⁸
1106 5610 1198 5664 καὶ
1227 5609 1303 5682 ὡς
1358 5607 1519 5682 ρςὼς
1565 5606 1665 5682 ’καί
1834 5608 1882 5682 ’_‘
1922 5606 1998 5682 [Ala
2046 5609 2129 5682 ad,
2154 5624 2307 5665 oram
2347 5608 2493 5674 cod.,
2542 5604 2941 5677 συγγραμάτων
2990 5603 3044 5659 in
3084 5610 3257 5660 textu.
3327 5598 3372 5633 ⁸⁷
3408 5597 3494 5651 ἀπ’
3529 5594 3657 5667 (de)

434 5697 546 5751 seq.
569 5679 766 5738 lacuna
789 5683 853 5736 Ο.
891 5680 1143 5738 Fortasse
1183 5680 1527 5737 scribendum
1559 5680 1664 5750 ὅπη
1697 5679 1763 5735 ἀν
1797 5679 1878 5736 vel
1924 5680 2072 5743 ὅπως
2103 5681 2188 5733 ἄν.
