4048 6146
458 205 557 262 ιδδ

1486 212 1947 271 CLEMENTINA.
1986 245 2039 258 —
2096 214 2373 272 llOMlLlA
2419 219 2536 275 XX.

3611 228 3706 285 ιω

454 330 604 382 πᾶσα
649 328 713 383 τὸ
756 329 1188 403 προϐαλλόμενον
1228 332 1379 405 αὐτῷ
1422 334 1685 397 ὡσαύτως
1730 330 1921 406 [εἶναι]
1961 352 2004 387 τι

2101 382 2107 392 .
2140 338 2456 391 mutabilem
2487 338 2669 393 dicere
2699 341 2845 408 velit,
2882 336 3030 397 haud
3074 361 3209 403 sane
3255 346 3522 419 intelligo,
3567 363 3707 420 quo-

450 420 625 473 πάντα
646 420 725 492 τῷ
747 424 1116 493 γεγεννηκότι,
1144 426 1244 496 τήν
1269 442 1327 478 τε
1362 424 1522 497 40],
1550 426 1738 480 οὐσίαν
1764 426 1907 495 λέγω
1932 427 2030 480 καὶ

443 513 547 582 τὴν
568 511 813 584 γνώμην.
836 514 982 585 suae
1002 514 1269 587 θελήσῖειέ
1292 534 1377 581 τις
1399 518 1493 571 καὶ
1515 517 1675 571 αὐτὸν
1693 518 1922 590 τρεπτὸν
1943 517 2026 571 λέ-

445 621 585 673 γειν,
603 605 701 658 οὐκ
722 600 858 670 οῖδα,
885 606 1002 670 πῶς
1016 608 1110 660 καὶ
1132 607 1394 663 ἀθάνατον
1416 610 1589 663 εἰπεῖν
1604 609 1823 663 δύναται
1846 609 2021 663 αὐτόν.

519 717 606 772 Vl.
647 718 829 772 Ταῦτα
859 719 887 772 ὁ
916 719 1121 790 Πέτρος
1150 719 1389 785 ἀκούσας
1416 722 1511 774 καὶ
1553 721 1726 794 βραχὺ
1772 722 1865 775 ἐπὶ
1904 739 2029 775 συν-

453 810 595 875 ιροίας
620 812 907 883 γενόμενος
936 811 1042 884 ἔφη
1061 829 1074 842 ·
1093 813 1205 866 Οὐκ
1235 814 1388 886 οἶμαι
1409 852 1424 877 ,
1453 815 1577 868 τινά
1606 814 1865 868 δύνασθαι
1895 815 2025 885 περὶ

446 903 684 976 πονηροῦ
709 904 1088 976 διαλεγόμενον
1118 906 1193 977 μὴ
1216 905 1379 959 αὐτοῦ
1400 906 1493 959 τοῦ
1521 906 1761 978 πονηροῦ
1782 906 1843 960 τὸ
1865 906 2023 979 θέλη-

449 1012 524 1064 μα
545 998 734 1049 ποιεῖν.
754 996 913 1049 Ὅθεν
934 995 1092 1048 τοῦτο
1116 996 1245 1049 αὐτὸ
1268 996 1444 1060 εἰδὼς,
1461 997 1563 1050 οὐκ
1591 994 1705 1049 οἶδα
1726 995 1779 1049 τί
1806 995 2019 1067 πράξω,

444 1089 667 1160 πότερον
699 1090 959 1159 σιωπήσω
986 1087 1019 1159 ἢ
1042 1087 1274 1159 λαλήσω.
1307 1090 1370 1142 Εἰ
1403 1089 1501 1159 μὲν
1538 1092 1895 1161 σιωπήσαιμι,
1926 1090 2020 1159 γέ-

442 1177 586 1232 λωτα
615 1179 752 1251 πρὸς
778 1181 903 1243 τοὺς
932 1179 1161 1244 πολλοὺς
1189 1180 1483 1252 ὀφλήσαιμι
1514 1181 1580 1234 ἂν
1604 1222 1619 1247 ,
1651 1182 1732 1233 ὅτι
1762 1181 2019 1253 ἀλήθειαν

441 1269 908 1340 ἐπαγγελλόμενος
957 1270 1255 1343 κηρύσσειν
1300 1271 1393 1323 τὸν
1439 1271 1568 1343 περὶ
1618 1271 1818 1336 κακίας
1863 1272 2017 1341 λόγον

439 1361 621 1430 ἀγνοῶ
639 1378 653 1392 ⁸
678 1363 725 1414 εί
749 1362 805 1414 δὲ
827 1362 1034 1433 εἴποιμι
1055 1403 1069 1427 ,
1101 1362 1370 1435 φοϐοῦμαι
1396 1405 1411 1427 ,
1441 1364 1513 1435 μὴ
1542 1364 1649 1434 ἄρα
1676 1365 1775 1416 οὐκ
1804 1364 2013 1436 ἀρέσκῃ

436 1443 559 1523 ’Θεῷ
587 1451 863 1523 ζητεῖσθαι
884 1453 944 1507 τὸ
972 1453 1160 1521 κακὸν,
1180 1455 1315 1508 ἀλλά
1341 1455 1401 1508 τὸ
1430 1455 1631 1523 ἀγαθὸν
1665 1456 1841 1525 μόνον.
1867 1456 2014 1526 Πλὴν

438 1546 534 1598 καὶ
553 1545 680 1616 ὑμῖν
711 1546 792 1608 είς
814 1544 905 1598 τὸν
926 1545 1192 1614 Σοφωνίου
1222 1546 1378 1615 λόγον
1401 1546 1500 1610 τὰς
1532 1546 1670 1618 ὲμάς
1717 1545 2014 1618 ὑπολήψεις

438 1636 652 1707 ποιήσω
706 1637 1109 1709 φανερωτέρας.
1171 1637 1497 1709 Σύντίθεμαι
1551 1636 1705 1708 κάγὼ
1738 1677 1754 1703 ,
1813 1638 1895 1693 ὅτι
1948 1639 2011 1692 οὐ

2071 456 2082 463 -
2133 427 2298 482 modo
2327 443 2452 483 eum
2483 427 2846 487 immortalem
2880 432 3154 493 afﬁrmare
3179 448 3367 508 queat.

2199 700 2289 757 Vl.
2329 702 2538 769 Quibus
2567 706 2767 764 auditis
2797 726 2922 766 cum
2951 711 3144 769 Petrus
3174 718 3454 785 paululum
3487 722 3700 792 cogita-

2126 792 2343 850 bundus
2376 796 2640 866 sedisset,
2675 804 2952 872 respondit
2983 824 2996 860 :
3033 805 3149 862 Non
3182 810 3346 865 credo
3387 828 3548 882 posse
3601 815 3704 868 ali-

2122 900 2283 956 quem
2311 890 2379 942 de
2409 890 2555 944 malo
2584 891 2734 963 loqui
2759 937 2775 961 ,
2809 895 2913 950 nisi
2947 896 3114 953 faciat
3143 902 3307 956 simul
3341 906 3469 958 mali
3501 907 3700 961 volun-

2121 984 2314 1032 tatem.
2346 977 2537 1044 Quare
2558 1022 2574 1046 ,
2608 999 2732 1037 cum
2767 985 2870 1041 hoc
2901 987 3076 1057 ipsum
3109 992 3312 1060 sciam,
3341 996 3547 1059 dubito,
3567 999 3695 1067 quid

2120 1068 2353 1136 faciam,
2389 1079 2574 1126 utrum
2608 1074 2796 1129 sileam
2830 1094 2897 1131 an
2935 1079 3146 1150 loquar.
3181 1083 3237 1137 Si
3268 1086 3412 1143 enim
3447 1094 3691 1153 taceam,

2119 1159 2292 1213 risum
2326 1161 2470 1230 apud
2498 1166 2703 1221 multos
2734 1184 3015 1238 moveam,
3050 1184 3107 1227 ut
3136 1176 3228 1244 qui
3252 1216 3267 1241 ,
3296 1178 3575 1233 veritatem
3609 1196 3695 1235 me

2115 1254 2514 1323 explicaturum
2545 1259 2830 1329 professus
2850 1302 2865 1325 ,
2895 1263 2963 1317 dc
2993 1266 3199 1321 malitia
3228 1267 3377 1338 loqui
3405 1272 3644 1325 nesciam
3673 1292 3689 1339 ;

2115 1345 2198 1399 sin
2239 1347 2454 1418 loquar,
2494 1350 2662 1405 timeo
2699 1367 2767 1407 ne
2802 1354 2915 1408 Deo
2950 1356 3240 1426 displiceat
3272 1359 3589 1429 disquisitio
3623 1364 3692 1418 de

2114 1436 2262 1490 malo
2301 1440 2588 1508 instituta,
2627 1444 2830 1514 quippe
2869 1446 2958 1500 cui
2998 1463 3107 1501 non
3146 1450 3253 1504 nisi
3287 1451 3597 1521 disquisitio
3623 1455 3692 1509 de

2114 1526 2258 1589 bono
2312 1529 2544 1599 placeat.
2604 1532 2858 1589 Attamen
2908 1553 3030 1607 qua:
3076 1540 3143 1594 ad
3198 1539 3493 1611 Sophonlm
3523 1546 3695 1600 inter-

2112 1622 2447 1690 rogationem
2493 1628 2788 1695 respondi,
2846 1629 3010 1685 etiam
3057 1632 3262 1688 clarius
3307 1635 3467 1691 vobis
3518 1638 3694 1708 expli-

438 1730 616 1782 πάντα
643 1729 712 1783 τά
741 1727 1043 1801 ἀνθρώπων
1069 1730 1379 1784 ἀποδιδόναι
1406 1732 1487 1785 δεῖ
1512 1731 1591 1802 τῷ
1618 1730 1758 1802 Θεῷ.
1804 1730 2004 1785 Λύτίκα

2115 1713 2272 1768 cabo.
2328 1714 2441 1784 Ego
2477 1731 2700 1788 quoque
2740 1721 2987 1776 concedo
3009 1764 3025 1789 ,
3065 1738 3176 1779 non
3207 1727 3390 1781 omnia
3425 1742 3549 1797 quae
3586 1731 3687 1785 ho-

437 1820 570 1889 γοῦν
597 1822 646 1874 οἱ
675 1822 953 1895 ἄνθρωποι
983 1823 1083 1877 οὐκ
1112 1824 1325 1895 ἔχοντες
1353 1824 1421 1878 τά
1451 1824 1678 1896 σώματα
1708 1824 1919 1895 τρεπτὰ
1946 1826 2008 1878 οὐ

437 1910 729 1977 τρέπονται
754 1952 768 1977 ,
798 1912 935 1966 ἀλλά
961 1913 1140 1987 χρόνῳ
1166 1914 1269 1967 ὑπὸ
1297 1914 1405 1967 τῶν
1428 1914 1647 1986 τροπῶν
1668 1914 2010 1969 ἀλλοιοῦσθαι

439 2001 599 2073 φύσιν
628 2004 862 2075 ἔχουσιν.
908 2006 967 2059 Ὀ
999 2006 1053 2059 δὲ
1082 2006 1214 2070 Θεὸς
1238 2008 1336 2077 οὐχ
1371 2006 1546 2072 οῦτως
1568 2022 1584 2037 δ
1615 2006 1721 2061 ὑπὸ
1759 2007 1868 2078 γὰρ
1910 2006 2008 2060 τοῦ

435 2096 675 2166 ἐμφύτου
700 2098 1007 2169 πνεύματος
1031 2098 1196 2153 αὑτοῦ
1227 2100 1522 2172 ἀπορρήτῳ
1544 2100 1767 2172 δυνάμει
1787 2143 1800 2167 ,
1826 2101 2008 2153 ὁποῖον

435 2184 779 2260 ἂν⁶βούληται
800 2231 814 2256 ,
836 2189 1044 2258 γίνεται
1062 2190 1123 2243 τὸ
1146 2189 1323 2261 σῶμα.
1348 2193 1459 2245 Καὶ
1476 2191 1646 2263 ταύτῃ
1672 2190 1868 2262 μᾶλλον
1892 2190 2009 2246 ἐστι

432 2279 759 2347 πιστεῦσαι,
854 2282 950 2335 καὶ
982 2282 1010 2333 ὁ
1040 2282 1148 2353 ἀὴρ
1181 2284 1311 2354 παρ’
1344 2283 1508 2336 αὐτοῦ
1554 2281 1811 2352 τοιαύτην
1855 2282 2008 2353 είλη-

433 2371 547 2440 φὼς
584 2374 745 2443 φύσιν
779 2373 883 2426 ὑπὸ
909 2372 1002 2425 τοῦ
1046 2373 1209 2427 αὑτὸν
1252 2374 1532 2447 διήκοντος
1578 2374 1872 2445 ἀσωμάτου
1912 2373 2005 2428 νοῦ

432 2465 513 2526 είς
534 2462 722 2534 δρόσον
748 2466 977 2535 τραπεὶς
1004 2467 1097 2518 καὶ
1117 2465 1413 2536 παχυνθεὶς
1433 2467 1642 2534 γίνεται
1674 2465 1837 2537 ὕδωρ,
1860 2465 2006 2538 ὕδωρ

435 2552 494 2606 δὲ
541 2548 715 2622 πατὶν
759 2554 894 2608 λίθοι
939 2556 1035 2609 καὶ
1064 2558 1174 2629 γῆ,
1219 2557 1315 2610 καὶ¹
1358 2556 1496 2610 λίθοι
1537 2556 1596 2611 δὲ
1638 2557 2006 2629 συρῤήξαντες

431 2645 543 2717 πῦρ
571 2645 916 2709 ὲξάπτουσιν.
953 2647 1208 2701 Τοιοῦτον
1230 2651 1374 2701 κατά
1407 2646 1708 2719 μεταϐολὴν
1744 2648 1838 2701 καὶ
1875 2644 2003 2720 τρο-

431 2736 539 2809 πὴν
581 2739 610 2789 ὁ
657 2738 765 2810 ἀὴρ
812 2738 954 2811 ὕδωρ
998 2738 1065 2793 τά
1108 2740 1303 2812 πρῶτα
1330 2738 1568 2809 γεγονὼς
1594 2741 1673 2803 είς
1702 2738 1814 2810 πῦρ
1846 2736 2000 2810 ἔληξε

422 2828 517 2881 διὰ
543 2828 649 2881 τῶν
676 2830 893 2901 τροπῶν
916 2872 931 2897 ,
960 2831 1054 2883 καὶ
1081 2831 1140 2883 τὺ
1170 2830 1334 2902 ὑγρὸν
1364 2831 1446 2893 εἰς
1484 2830 1584 2901 τὴν
1622 2829 1870 2883 ἐναντίαν
1900 2829 2005 2899 9"."

431 2933 515 2968 σιν
564 2918 897 2990 μετετράπη.
948 2919 1011 2971 Τί
1049 2917 1144 2983 se;
1194 2918 1316 2988 οὐχὶ
1362 2918 1456 2971 καὶ
1501 2918 1600 2989 τὴν
1643 2918 1923 2980 Μωῡσέως
1952 2917 2000 2949 ⁸⁸

432 3004 626 3077 ῥάϐδον
676 3008 705 3058 ὁ
752 3006 885 3070 Θεὸς
928 3006 1154 3080 ἔτρεψεν
1206 3010 1286 3071 εἰς
1335 3006 1506 3071 ζῶον,
1565 3008 1799 3079 ποιήσας
1851 3007 1996 3075 ὅφιν,

2112 1804 2314 1859 ιηὶιιι·ιη
2367 1808 2513 1875 sint,
2565 1809 2679 1866 Deo
2720 1827 2842 1867 esse
2889 1815 3254 1873 attribuenda.
3301 1817 3421 1874 Jam
3467 1822 3688 1890 quidem

2110 1894 2363 1953 homines
2386 1937 2402 1964 ,
2440 1900 2645 1970 quibus
2683 1918 2913 1976 corpora
2956 1906 3323 1966 imtuutabil-ia
3360 1922 3489 1968 sunt
3515 1954 3533 1981 ,
3576 1930 3685 1970 non

2108 2000 2419 2061 mutantur,
2458 1997 2551 2051 sed
2594 1996 2832 2054 indolem
2874 2000 3079 2057 habent
3113 2018 3238 2058 cum
3277 2007 3405 2060 anni
3445 2015 3688 2077 tempore

2106 2086 2382 2141 variandi.
2416 2088 2487 2144 At
2520 2104 2629 2147 non
2670 2090 2744 2145 ita
2786 2092 2963 2161 Deus;
3010 2110 3135 2149 nam
3181 2097 3330 2154 illius
3383 2099 3576 2168 spiritu
3626 2102 3683 2156 ei

2106 2178 2298 2234 innato
2327 2194 2528 2235 arcana
2559 2182 2612 2236 vi
2643 2197 2848 2253 corpus
2880 2184 2970 2251 ﬁt,
2999 2187 3163 2256 quale
3201 2187 3318 2258 ipse
3353 2192 3493 2245 vult.
3521 2190 3679 2258 Quod

2105 2283 2173 2324 eo
2201 2271 2378 2342 magis
2407 2273 2739 2329 credendum
2767 2316 2783 2341 ,
2813 2292 2937 2330 cum
2968 2293 3060 2332 acr
3086 2294 3182 2348 per
3207 2295 3331 2335 eum
3355 2321 3369 2345 ,
3398 2282 3450 2335 id
3478 2293 3561 2337 est
3587 2290 3685 2352 per

2107 2362 2483 2432 incorpoream
2516 2375 2753 2421 mentem
2787 2368 2841 2422 in
2874 2384 2998 2423 eum
3037 2370 3291 2426 diffusam
3316 2414 3336 2441 ,
3366 2372 3681 2431 facultatem

2105 2458 2410 2526 acceperit,
2438 2467 2499 2511 ut
2528 2459 2581 2512 in
2614 2459 2881 2529 liquorem
2914 2477 3108 2517 versus
3140 2472 3195 2518 et
3222 2474 3511 2520 concretus
3537 2482 3679 2537 aqua

2106 2547 2237 2613 flat,
2281 2563 2427 2619 aqua
2470 2559 2652 2605 autem
2697 2562 2952 2607 concreta
3000 2563 3244 2609 mutetur
3284 2556 3339 2610 in
3384 2557 3591 2626 lapides
3625 2570 3682 2615 et

2070 2668 2073 2671 -
2106 2649 2302 2694 terram
2326 2683 2340 2707 ,
2376 2650 2432 2696 et
2459 2642 2667 2712 lapides
2697 2643 2948 2699 cunlricti
2982 2645 3158 2715 ignem
3191 2648 3515 2705 accendant.
3563 2650 3678 2708 Hoc

2106 2732 2270 2784 modo
2318 2746 2414 2785 aer
2458 2742 2581 2802 post
2629 2735 3040 2790 translationem
3088 2746 3144 2791 et
3190 2741 3674 2797 commutationem

2104 2822 2341 2889 primum
2373 2823 2593 2892 quidem
2621 2818 2759 2893 aqua
2796 2825 2975 2881 factus
3005 2842 3102 2896 per
3130 2830 3523 2886 conversiones
3551 2847 3675 2887 ces-

2104 2911 2261 2967 sabat
2290 2912 2344 2967 in
2374 2912 2552 2983 ignem
2575 2955 2591 2981 ,
2619 2924 2674 2969 et
2704 2915 2987 2972 humidum
3034 2918 3087 2971 in
3132 2921 3464 2975 contrariam
3513 2933 3677 2978 natu-

2103 3019 2220 3057 ram
2278 3001 2605 3061 mutabatur.
2672 3006 2813 3074 Quid
2858 3010 3034 3063 vero?
3085 3008 3277 3065 Nonne
3319 3011 3464 3067 Deus
3504 3014 3672 3068 etiam

426 3065 486 3151 δν
515 3099 677 3153 πάλιν
709 3065 1169 3171 μετέσπρεῴενθείς
1384 3065 1604 3171 ῥάϐδονς
1628 3065 1721 3154 καὶ
1735 3065 1803 3153 δί’
1828 3065 1998 3170 αὐτῆς

2101 3090 2307 3163 Moysis
2360 3094 2568 3165 virgam
2617 3096 2673 3149 in
2722 3098 2924 3151 animal
2977 3100 3178 3162 vertit,
3233 3115 3539 3168 serpentem
3585 3103 3670 3158 fa-

425 3189 483 3243 δὲ
507 3190 606 3261 τῆς
630 3192 933 3262 τραπείσης
962 3191 1157 3263 ῥάϐδου
1186 3191 1245 3243 τὸ
1277 3191 1468 3243 Νείλου
1496 3190 1639 3261 ὕδωρ
1668 3189 1893 3262 ἔτρεψεν
1920 3190 2000 3252 είς

426 3278 566 3353 αἷμα
585 3325 599 3349 ,
625 3283 653 3336 ὃ
680 3284 773 3337 καὶ
801 3283 961 3337 πάλιν
994 3281 1353 3355 μετέστρεψεν
1383 3284 1462 3345 είς
1493 3280 1637 3351 ὕδωρ
1662 3298 1677 3345 ;
1719 3280 1878 3333 Ἀλλά
1904 3279 2000 3332 καὶ

424 3374 517 3426 τὸν
544 3374 826 3445 ἄνθρωπον
846 3416 860 3440 ,
889 3372 1021 3444 χοῦν
1047 3373 1177 3425 ὄντα
1196 3415 1209 3437 ,
1232 3373 1583 3443 ὲμφυσήματι
1625 3372 1796 3442 πνοῆς
1842 3368 2001 3442 μετέ-

426 3466 653 3537 στρεψεν
675 3468 753 3529 είς
778 3465 954 3536 σάρκα
972 3507 988 3531 ,
1048 3465 1141 3517 καὶ¹
1160 3462 1327 3527 πάλιν
1359 3462 1719 3534 μετέστρεψεν
1742 3463 1822 3526 εἰς
1844 3460 1995 3532 χοῦν.

426 3559 561 3629 Οὐχὶ
587 3558 643 3611 δὲ
672 3556 911 3627 Μωῦσῆς
939 3555 1101 3619 αὐτὸς
1131 3553 1266 3626 σὰρξ
1290 3554 1367 3608 ὣν
1395 3556 1473 3617 εἰς
1502 3555 1755 3625 μέγιστον
1783 3553 1997 3627 ἐτράπη

426 3649 544 3719 φῶς
562 3690 578 3715 ,
608 3649 684 3712 ὼς
717 3648 789 3719 μὴ
822 3646 1116 3718 δυνηθῆναι
1143 3645 1271 3708 τοὺς
1298 3646 1451 3707 υἱοὺς
1509 3643 1723 3716 Ἰσραὴλ
1751 3644 1996 3700 ἀντιϐλέ-

423 3735 523 3804 ψαι
543 3734 691 3806 αὐτῷ
716 3751 730 3799 ;
760 3732 948 3803 Πολλῷ
974 3728 1067 3786 οὖν
1097 3732 1294 3804 μᾶλλον
1318 3734 1348 3785 ὁ
1378 3732 1512 3797 Θεὸς
1537 3732 1728 3787 ἑαυτὸν
1751 3734 1995 3807 τρέπειν,

424 3829 506 3891 είς
533 3828 561 3880 ὃ
587 3826 836 3899 βούλεται
861 3865 876 3890 ,
902 3824 1271 3890 δυνατώτατός
1298 3826 1469 3881 ἐστιν.

499 4031 612 4085 Yll.
662 4030 802 4083 Ἀλλ’
836 4030 970 4094 ῐσως
996 4047 1081 4093 τις
1112 4028 1267 4104 ὑμῶν
1296 4028 1551 4103 ἐνόησεν,
1586 4031 1668 4085 ὅτι
1701 4030 1859 4095 ἄλλος
1899 4026 1997 4102 μὲν

427 4122 519 4177 ὐπ’
550 4121 708 4176 ἄλλου
737 4121 990 4189 γενέσθαι
1021 4139 1073 4174 τι
1106 4121 1326 4174 δύναται
1350 4162 1365 4186 ,
1395 4121 1555 4185 αὐτὸς
1575 4121 1632 4175 δέ
1663 4139 1750 4185 τις
1780 4121 1993 4188 ἑαυτὸν,

428 4216 507 4276 είς
534 4213 562 4266 ὃ
591 4212 865 4283 βούλεται,
918 4213 1280 4284 μετατρέπειν
1313 4212 1373 4265 οὐ
1402 4210 1623 4265 δύναται
1646 4254 1661 4274 ,
1695 4212 1789 4266 καὶ
1818 4212 1901 4264 ὅτι
1925 4211 1996 4274 ζτὺ

425 4304 720 4377 τρέπεσθαι
752 4303 847 4356 τοῦ
874 4303 1153 4375 γηριῦντός
1180 4304 1298 4355 ἐστι
1340 4301 1435 4356 καὶ
1464 4301 1752 4355 ἀποθανεῖν
1782 4299 1994 4373 [φύσιν]

2099 3183 2289 3249 ciens,
2334 3200 2495 3253 quem
2542 3186 2739 3241 iterum
2785 3187 2839 3241 in
2885 3189 3092 3258 virgam
3136 3191 3416 3245 mutavit?
3444 3191 3511 3246 Et
3553 3194 3669 3262 ipsa

2100 3270 2191 3325 illa
2218 3272 2366 3343 virga
2390 3288 2594 3342 aquam
2622 3272 2727 3329 Nili
2751 3278 3018 3331 convertit
3045 3279 3098 3331 in
3127 3280 3445 3349 sanguinem
3469 3322 3484 3345 ,
3506 3298 3669 3351 quem

2098 3363 2277 3417 redire
2303 3362 2431 3419 fecit
2456 3365 2510 3419 in
2536 3381 2759 3435 aquam.
2798 3366 2904 3422 Sed
2952 3368 3230 3423 hominem
3274 3386 3527 3441 quoque,
3573 3374 3668 3443 qui

2098 3455 2262 3510 limus
2291 3465 2442 3523 erat,
2473 3458 2672 3527 spiritu
2707 3457 2896 3514 inﬂato
2945 3459 2997 3513 in
3046 3475 3266 3515 carnem
3296 3482 3386 3525 rer
3412 3469 3471 3523 it.
3492 3480 3655 3534 quam

2098 3546 2296 3602 iterum
2340 3550 2572 3604 mutavit
2612 3550 2666 3604 in
2711 3550 2924 3604 limum.
2982 3549 3087 3605 Sed
3132 3567 3317 3607 nonne
3341 3560 3395 3607 et
3420 3552 3666 3624 Moyses,

2097 3643 2189 3712 qui
2224 3657 2354 3697 caro
2378 3652 2527 3708 erat,
2554 3642 2606 3695 in
2636 3643 2937 3696 maximum
2967 3651 3311 3712 permutalus
3340 3652 3421 3700 est
3449 3645 3627 3714 ignem
3648 3686 3666 3710 ,

2098 3732 2173 3786 ita
2198 3741 2260 3787 ut
2295 3732 2392 3786 lilii
2415 3730 2630 3788 lsraelis
2657 3748 2781 3787 eum
2807 3733 3052 3802 aspicere
3073 3748 3181 3787 non
3212 3744 3434 3803 possent
3455 3737 3477 3789 ?
3497 3734 3667 3791 Multo

2095 3823 2272 3894 magis
2300 3823 2468 3894 igitur
2494 3822 2639 3879 Deus
2669 3825 3021 3893 semetipsum
3055 3837 3267 3880 mutare
3297 3825 3352 3881 in
3382 3827 3668 3897 quodcu-

2094 3927 2201 3991 que
2229 3919 2277 3975 ei
2308 3920 2485 3990 placet
2515 3920 2931 3990 potentissimus
2960 3928 3067 3975 est.

2166 4031 2280 4087 Vll.
2316 4032 2387 4087 At
2409 4031 2661 4087 fortassis
2683 4040 2921 4086 vestrum
2947 4032 3147 4101 aliquis
3167 4032 3473 4102 existimat,
3496 4032 3663 4089 alium

2095 4124 2316 4195 quidem
2348 4124 2465 4179 ﬁeri
2495 4123 2700 4193 aliquid
2734 4139 2895 4193 posse
2919 4139 3013 4193 per
3042 4123 3242 4188 alium,
3275 4125 3367 4179 sed
3400 4125 3577 4195 ipsum
3607 4128 3663 4181 in

2094 4214 2378 4284 quodlibet
2413 4228 2471 4268 se
2503 4222 2823 4267 convertere
2855 4229 2963 4267 non
2999 4213 3207 4275 valere.
3242 4229 3472 4285 esseque
3498 4216 3660 4269 etiam

2094 4305 2421 4361 commutari
2457 4304 2794 4360 senescentis
2827 4314 2880 4359 et
2918 4304 3080 4358 morti
3119 4305 3387 4372 obnoxii,
3425 4306 3477 4360 id
3517 4309 3661 4376 quod

426 4399 640 4469 ἔχοντος
664 4440 678 4462 ,
708 4396 843 4449 ἀλλά
870 4396 998 4467 περὶ
1024 4395 1307 4448 ἀθανάτων
1335 4392 1494 4447 τοῦτο
1514 4394 1576 4445 οὐ
1599 4394 1705 4465 χρὴ
1733 4392 1993 4464 νομίζειν.

2101 4411 2208 4450 non
2246 4395 2578 4450 censendum
2619 4394 2691 4449 sit
2725 4395 2793 4448 de
2829 4393 3251 4449 immortalibus.
3292 4393 3482 4450 Nonne
3516 4396 3661 4451 enim
3694 4410 3697 4413 ‘

423 4488 502 4545 Ἦ
550 4491 659 4562 γὰρ
701 4490 802 4545 οὐκ
850 4489 1068 4557 ἄγγελοι
1111 4489 1332 4560 ἀγήρως
1367 4489 1412 4523 ³⁸
1447 4485 1851 4560 [ὑπάρχοντες]
1900 4486 1995 4540 καὶ

427 4584 704 4656 πυρώδους
758 4582 946 4644 οὐσίας
1002 4581 1082 4643 εἰς
1135 4580 1312 4652 σάρκα
1379 4581 1789 4651 μετετράπησαν
1819 4621 1837 4647 ,
1899 4577 1995 4631 καὶ

424 4676 475 4727 οἱ
502 4674 652 4746 παρὰ
679 4673 757 4745 τῷ
798 4671 1047 4744 Ἀϐραὰμ
1076 4670 1453 4743 [ξενι]σθέντες
1472 4709 1487 4734 ,
1516 4664 1591 4724 ὧν
1620 4671 1714 4723 καὶ
1738 4670 1867 4733 τοὺς
1896 4667 1995 4721 πό-

424 4768 518 4830 δας
543 4767 617 4829 ὼς
639 4764 936 4837 ὁμοουσίων
955 4762 1256 4834 ἀνθρώπων
1277 4763 1373 4817 ἄνθ
1382 4781 1551 4834 ρωποι
1572 4762 1758 4834 ἐνιψαν
1782 4779 1798 4827 ;
1830 4760 1990 4815 Ἀλλά

424 4859 520 4911 καὶ
545 4856 623 4928 τῷ
661 4856 851 4911 Ἰακὼϐ
877 4858 1147 4930 ἀνθρώπῳ
1183 4857 1294 4910 ὄντι
1332 4855 1560 4925 ἄγγελος
1589 4854 1881 4909 ἐπάλαισεν
1910 4854 1993 4917 είς

426 4950 604 5023 σάρκα
637 4953 864 5022 τραπεὶς
886 4993 901 5018 ,
939 4952 1025 5004 ἴνα
1068 4949 1216 5021 αὐτῷ
1257 4946 1726 5018 συγχρωτισθῆναι
1760 4946 1989 5017 δυνηθῇ.

424 5043 534 5095 Καὶ
561 5042 709 5115 ὁμῶς
736 5043 1003 5106 παλαίσας
1030 5044 1123 5096 ἐπὶ
1150 5044 1251 5113 τὴν
1284 5041 1418 5094 ἰδίαν
1450 5038 1613 5091 αὑτοῦ
1661 5041 1822 5107 φύσιν
1863 5039 1991 5108 βου-

422 5133 604 5205 ληθεὶς
625 5132 854 5204 ἐτράπη.
872 5134 1008 5206 Ἤδη
1030 5136 1107 5198 είς
1129 5133 1240 5204 πῦρ
1270 5130 1730 5202 μεταϐαλλόμενος
1757 5129 1851 5183 τοῦ
1888 5130 1992 5184 Ἰα-

423 5225 537 5280 κὼϐ
570 5226 636 5257 ¹⁰⁸
666 5224 726 5278 τὸ
752 5224 923 5278 πλατὺ
953 5224 1140 5297 νεῦρον
1168 5224 1269 5277 οὐκ
1299 5223 1500 5275 ἔκαυσε
1538 5221 1665 5292 μὲν,
1704 5220 1893 5290 ἐφλεξε
1927 5221 1986 5274 δὲ

421 5319 516 5372 καὶ
554 5315 724 5388 χωλὸν
762 5317 1033 5387 ἐποίησεν.
1093 5317 1150 5371 '0
1187 5316 1243 5368 δὲ
1274 5314 1459 5389 ἕτερόν
1490 5331 1543 5366 τι
1576 5311 1852 5382 γενέσθαι,
1883 5312 1910 5365 ὃ
1932 5328 1986 5365 τι

2096 4487 2272 4557 angeli
2328 4502 2551 4556 quoque
2596 4500 2862 4555 perennes
2910 4494 3073 4555 atque
3124 4486 3296 4553 igneae
3347 4486 3664 4543 substantia:

2094 4594 2225 4634 caro
2275 4577 2400 4633 facti
2456 4579 2526 4631 ab
2579 4577 2896 4630 Abrahamo
2951 4576 3189 4645 hospitio
3233 4577 3442 4646 excepti
3500 4588 3661 4644 sunt,

2094 4686 2328 4741 quorum
2368 4669 2452 4723 vel
2491 4669 2655 4739 pedes
2694 4676 2751 4722 ut
2788 4667 3035 4737 ejusdem
3076 4668 3361 4721 hominum
3412 4669 3662 4724 essentia:

2093 4760 2345 4815 homines
2396 4758 2700 4814 lavabant?
2752 4755 2858 4810 Sed
2904 4757 3067 4811 etiam
3112 4773 3236 4812 cum
3282 4755 3517 4822 Jacobo,
3566 4760 3661 4829 qui

2091 4852 2260 4905 homo
2306 4858 2461 4913 erat,
2512 4849 2740 4918 angelus
2792 4845 3123 4909 luctabatur,
3164 4845 3219 4899 in
3255 4859 3472 4900 carnem
3512 4861 3662 4900 com-

2092 4950 2372 5007 mutatus,
2414 4951 2472 4995 ut
2518 4947 2701 5008 posset
2737 4952 2863 4992 cum
2910 4951 2976 4991 eo
3004 4934 3344 4990 conversari.
3398 4934 3663 4992 Similiter

2091 5042 2380 5103 postquam
2423 5032 2658 5085 luctatus
2729 5039 2887 5093 erat,
2940 5040 3006 5080 ex
3051 5026 3331 5080 vuluntate
3382 5041 3480 5082 sua
3528 5043 3660 5097 pro-

2048 5168 2053 5169 ν
2093 5127 2265 5196 priam
2320 5126 2513 5181 iterum
2548 5123 2724 5177 induit
2756 5130 3031 5175 naturam.
3061 5116 3180 5172 Jam
3220 5133 3350 5172 vero
3383 5118 3436 5172 in
3478 5118 3657 5187 ignem

2090 5213 2514 5271 transformatus
2539 5210 2729 5268 Jacobi
2763 5224 2991 5265 nervum
3029 5208 3252 5263 femoris
3290 5223 3400 5262 non
3434 5210 3656 5280 quidem

2087 5304 2424 5370 combussit,
2458 5304 2551 5360 sed
2584 5300 2944 5357 inﬂammavit
2973 5297 3341 5370 claudumque
3370 5298 3517 5356 fecit.
3558 5300 3657 5357 At-

1658 5504 1895 5562 VARLE
1934 5502 2337 5559 LECTIONES.

499 5650 544 5678 η
575 5646 829 5710 Μωῦσέος
855 5647 916 5699 0.
995 5642 1039 5676 ⁹⁹
1073 5643 1288 5700 Codicis
1320 5646 1644 5715 scripturam
1683 5640 1906 5713 ἀγήρως
1955 5651 2167 5697 mutare
2218 5637 2383 5693 nolui.
2458 5636 2524 5668 ¹⁰⁰
2564 5633 2728 5689 ίακών
2762 5638 2826 5692 υ.
