4048 6146
459 182 568 243 ‘55
664 199 679 218 ο

1323 178 1381 234 S.
1422 177 1807 234 CLEMENTIS
1848 180 1869 233 ι
1906 177 2069 235 ΠΟΜ.
2111 177 2309 236 PONT.
2352 179 2859 237 OPERA‘DUBIA.

3592 177 3720 249 456

462 305 647 351 tamen
701 293 789 361 is,
840 292 937 363 qui
987 307 1052 349 cx
1106 292 1393 347 voluntate
1443 293 1591 348 aliud
1644 294 1759 348 ﬁeri
1813 294 2037 364 nequit,

2143 293 2319 362 θέλει,
2359 296 2433 366 μὴ
2461 294 2786 367 δυνάμενος,
2817 296 2894 359 ὡς
2924 294 3281 367 ὑποκείμενος
3323 295 3389 365 τῇ
3420 292 3585 348 αὑτοῦ
3614 295 3717 365 φύ-

463 392 650 453 utpote
702 382 957 438 subditus
1006 382 1181 453 ipsius
1215 394 1461 449 naturie,
1488 384 1744 439 mortalis
1785 394 1867 438 est
1896 402 1910 451 ;
1943 384 2038 459 sed
2086 460 2089 461 ν

462 480 556 549 qui
575 493 688 534 suae
709 463 880 547 ipsius
906 484 1119 531 natura:
1145 476 1421 546 imperans
1451 476 1596 546 potis
1625 487 1707 531 est
1736 475 1850 529 ﬁeri
1881 476 2040 545 quid-

462 567 594 636 quid
654 576 708 622 et
763 566 1209 636 quandocunque
1259 568 1406 629 vult,
1463 566 1537 620 ita
1576 575 1633 620 ut
1682 581 1858 621 novus
1917 581 2041 621 eve-

464 661 600 725 niat,
616 658 1264 724 estimmortalisﬂuare
1288 658 1462 713 multo
1478 659 1654 728 magis
1680 657 1774 713 Dei
1796 667 2040 728 potestas

464 750 763 805 essentiam
797 751 1043 820 corporis
1075 750 1299 819 quando
1333 760 1388 804 et
1426 750 1479 803 in
1519 750 1885 820 quodcunque
1926 750 2042 805 vult

461 843 767 906 convertit,
794 852 850 895 et
876 842 1071 897 similis
1100 842 1454 910 substantiae,
1485 857 1592 896 non
1623 851 1802 901 autem
1833 858 2003 913 aquae
2023 883 2039 909 ,

460 936 887 1003 commutatione
921 943 1139 1005 peracta
1187 944 1457 1005 procreat.
1509 933 1586 989 lta
1631 943 1845 991 creator
1885 944 1940 989 et
1985 935 2039 988 in

460 1029 625 1082 aliam
653 1028 946 1081 essentiam
979 1036 1311 1093 commutata
1352 1027 1406 1081 in
1437 1042 1497 1083 se
1526 1037 1798 1082 revertere
1826 1035 2002 1103 potest
2026 1072 2038 1092 ,

461 1134 587 1174 cum
616 1137 685 1176 ex
714 1120 860 1174 illius
890 1122 1190 1176 mutatione
1223 1121 1365 1175 lilius
1390 1120 1707 1190 progenitus
1734 1122 1853 1175 sine
1884 1136 2041 1176 crea-

462 1215 598 1270 toris
641 1214 921 1269 voluntate
972 1214 1120 1270 aliud
1170 1215 1302 1285 quid
1348 1215 1465 1269 ﬁeri
1522 1230 1633 1268 non
1680 1214 1893 1284 possit,
1936 1214 2042 1269 nisi

461 1303 557 1360 ille
586 1312 817 1359 annuat.

534 1417 671 1474 VIII.
712 1417 835 1475 Haec
861 1434 987 1475 cum
1016 1418 1211 1475 Petrus
1236 1419 1502 1482 dixisset,
1533 1418 1789 1476 Michaeas
1808 1461 1824 1488 ,
1846 1428 1901 1476 et
1927 1420 2042 1490 ipse

458 1528 527 1567 ex
562 1512 826 1569 comitum
862 1527 1092 1567 numero
1121 1529 1263 1570 unus
1291 1531 1305 1567 :
1336 1513 1510 1567 Velim
1533 1514 1790 1583 ,.inquit,
1820 1530 1861 1577 τι,
1880 1523 1933 1568 te
1962 1512 2044 1566 di-

2143 402 2225 439 σει
2250 429 2264 452 ,
2292 384 2487 458 θνητός
2520 388 2670 441 ἐστιν
2696 403 2709 416 ο
2740 386 3039 458 δυνάμενος
3086 387 3143 461 δέ
3172 404 3257 451 τις
3286 385 3547 455 γενέσθαι
3571 428 3585 451 ,
3628 386 3719 447 ὅτε

2141 478 2283 532 θέλει
2306 519 2322 543 ,
2354 479 2382 535 ὃ
2411 480 2553 534 θέλει
2574 522 2591 547 ,
2621 481 2697 546 ὡς
2727 481 2898 552 αὐτῆς
2940 481 3042 559 τῆς
3068 479 3297 549 ξφὺσεως
3338 479 3677 551 δεσποτεύιιιν
3700 522 3718 547 ,

2103 574 2221 636 ,εἰς
2247 574 2308 627 τὸ
2352 572 2569 637 νεάζειν
2610 574 2989 646 ὑποστρέφων,
3041 574 3306 637 ἀθάνατός
3347 574 3513 627 ἐστιν.
3562 572 3722 628 Ὅθεν

2140 663 2277 716 πολὺ
2308 664 2559 736 μᾶλλονή
2586 665 2681 717 τοῦ
2706 664 2841 718 Θεοῦ
2868 664 3127 737 δύναμις,
3155 666 3242 719 ὅτε
3275 664 3417 718 θέλει
3440 664 3601 736 403
3624 663 3720 718 τοῦ

2143 753 2393 824 σώματος
2419 754 2518 827 τὴν
2545 755 2735 810 οὑσίαν
2766 756 2844 819 εἰς
2872 755 2899 808 ὃ
2929 755 3071 809 θέλει
3104 756 3435 827 μετατρέπει
3464 756 3561 808 καὶ
3589 757 3721 826 ὁμο-

2141 845 2324 898 οὑσιον
2358 845 2433 916 μὴ
2464 847 2716 918 παρούσῃ
2744 848 2917 919 τροπῇ
2952 846 3281 919 προϐάλλει,
3318 846 3637 918 ίσοδὺναμον
3665 845 3723 899 δὲ

2141 935 2223 988 οῦ.
2254 937 2374 991 Ὀτι
2400 939 2428 990 ὁ
2457 937 2557 1008 μὲν
2584 938 2905 1011 προϐάλλων
2929 939 3024 994 καὶ
3053 940 3137 1003 είς
3165 938 3355 1011 ἑτέραν
3381 939 3567 992 οὐσίαν
3593 955 3725 1011 τρα-

2142 1027 2311 1080 πέντα
2340 1028 2503 1081 πάλιν
2530 1031 2614 1098 ἐφ’
2646 1030 2838 1083 ἑαυτὸν
2879 1031 3099 1103 τρέπειν
3129 1031 3348 1085 δύναται
3376 1032 3415 1095 ‘,
3445 1032 3473 1083 ὁ
3500 1032 3555 1084 δὲ
3588 1048 3726 1103 προ-

2142 1118 2359 1190 ϐληθεὶς
2376 1121 2476 1191 τῆς
2501 1120 2559 1187 ἐξ
2582 1122 2791 1174 ἐκείνου
2820 1124 3027 1195 τροπῆς
3050 1140 3108 1177 τε
3128 1123 3225 1176 καὶ
3248 1124 3437 1177 τέκνον
3462 1124 3726 1194 ὑπάρχων

2142 1212 2269 1268 ἄνευ
2311 1212 2407 1266 τοῦ
2453 1213 2846 1285 προϐάλλοντος
2893 1214 3089 1287 βουλῆς
3126 1215 3252 1270 ἄλλο
3296 1233 3350 1269 τι
3379 1216 3631 1286 γενέσθαι
3660 1218 3725 1271 οὑ

2141 1302 2401 1371 δύναται,
2435 1307 2482 1358 εί
2515 1305 2589 1377 μὴ
2614 1306 2823 1369 ἐκεῖνος
2852 1304 3013 1359 θέλει.

2214 1416 2348 1474 Vlll.
2390 1417 2574 1472 Ταῦτα
2602 1418 2695 1472 τοῦ
2726 1419 2936 1491 Πέτρου
2966 1418 3233 1484 εἰπόντος,
3274 1419 3515 1489 Μιχαίας
3540 1420 3586 1487 ²,
3629 1420 3727 1475 καὶ

2147 1506 2310 1570 αὐτὸς
2337 1502 2418 1570 εἷς
2441 1506 2549 1561 τῶν
2592 1507 2873 1579 ἑπομένων
2911 1506 3164 1578 ἑταίρων,
3213 1504 3565 1576 Ἐϐουλόμην,
3599 1505 3729 1577 ἔφη,

416 1651 418 1653 .
462 1619 652 1669 scere,
686 1620 819 1661 num
848 1605 1017 1660 etiam
1055 1606 1233 1663 bonus
1264 1607 1455 1662 eodem
1488 1607 1653 1660 modo
1686 1606 1905 1677 genitus
1935 1606 2039 1671 sit,

2148 1600 2243 1655 uati
2268 1600 2430 1664 αὑτὸς
2457 1599 2646 1671 μαθεῖν
2672 1601 2823 1672 παρά
2855 1599 2970 1665 σοῦ,
3000 1600 3047 1652 εἰ
3089 1597 3278 1670 ὥσπερ
3312 1599 3339 1651 ὁ
3371 1597 3609 1669 πονηρὸς
3638 1599 3732 1669 γέ-

462 1712 576 1767 quo
605 1697 785 1752 malus
811 1714 825 1752 :
856 1696 904 1751 si
933 1697 1079 1753 enim
1112 1714 1272 1767 a:quo
1303 1697 1466 1752 modo
1497 1697 1624 1752 facti
1660 1696 1898 1764 fuerint,
1931 1696 2046 1759 fras

463 1796 576 1842 tres
616 1786 753 1841 mihi
798 1801 921 1843 esse
969 1787 1242 1842 videntur.
1294 1786 1596 1857 Respondit
1638 1785 1874 1842 Petrus:
1921 1784 2041 1841 Non

463 1878 633 1950 geniti
663 1878 888 1933 fuerunt
917 1878 1085 1933 simili
1118 1879 1314 1945 modo,
1344 1878 1392 1935 si
1426 1894 1513 1934 me
1540 1878 1611 1935 ab
1641 1878 1801 1935 initio
1834 1877 2043 1934 dixisse

465 1969 774 2033 recordaris
794 2007 809 2033 ,
844 1969 972 2023 mali
1004 1968 1419 2038 quadruplicem
1451 1969 1814 2030 substantiam
1844 1983 2041 2037 corpo-

424 2108 427 2129 λ
464 2061 544 2115 ris
583 2060 885 2119 secundum
926 2075 1127 2131 genera
1165 2060 1398 2114 divisam
1438 2074 1469 2113 a
1506 2059 1617 2115 Deo
1657 2068 1997 2129 procreatam
2022 2097 2038 2119 ο

465 2151 560 2205 sed
598 2162 753 2207 extra
791 2166 912 2207 eam
950 2149 1254 2207 secundum
1292 2151 1558 2206 creatoris
1594 2150 1945 2215 voluntatem,
1975 2151 2042 2205 ad

418 2288 423 2292 .
462 2244 782 2299 mistionem
822 2242 1116 2298 consilium
1155 2241 1315 2296 malis
1345 2241 1593 2312 gaudens
1618 2256 1744 2298 esse
1776 2250 2045 2311 tempera-

392 2404 396 2409 ,
465 2349 603 2395 tum.
626 2339 705 2394 Ac
735 2339 810 2393 ita
841 2338 1192 2394 statuendum
1222 2336 1591 2395 substantiam
1622 2336 2041 2406 quadruplicem

462 2449 532 2489 ex
568 2432 677 2487 Deo
707 2432 979 2502 prolatam
1010 2431 1139 2501 ejus
1172 2430 1399 2501 quidem
1439 2446 1563 2487 esse
1598 2440 1915 2511 creaturam
1937 2471 1952 2497 ,
1992 2441 2046 2486 et

428 2564 431 2585 ;
466 2527 642 2595 ipsam
673 2525 1086 2593 sempiternam.
1113 2522 1225 2576 Cur
1253 2532 1437 2578 autem
1465 2532 1620 2585 extra
1644 2524 1941 2579 essentiam
1974 2524 2045 2579 ab

424 2660 427 2663 ς
466 2631 535 2671 eo
564 2624 920 2684 temperatam
952 2613 1314 2684 congrediens
1346 2613 1687 2682 propositum
1722 2613 1883 2669 malis
1914 2628 2045 2684 gau-

465 2706 606 2761 dens
650 2715 839 2775 postea
888 2704 1262 2775 gignebatuL?
1315 2704 1378 2759 Et
1434 2705 1536 2760 hac
1573 2706 1793 2775 quidem
1834 2707 2046 2761 ratione

470 2812 650 2867 neque
676 2812 708 2852 a
738 2796 853 2851 Deo
874 2838 890 2863 ,
924 2810 1102 2865 neque
1130 2795 1203 2850 ab
1230 2796 1338 2851 alio
1364 2796 1601 2865 quodam
1632 2807 1874 2852 creatum
1899 2838 1915 2857 .
1948 2797 2046 2853 sed

347 2932 357 2942 .
425 2936 429 2940 .
472 2906 541 2945 ne
568 2906 635 2944 ex
662 2905 733 2945 eo
757 2889 978 2959 quidem
1012 2890 1284 2958 prolatum
1304 2930 1319 2955 ,
1353 2904 1531 2959 neque
1561 2902 1756 2959 sponte
1786 2906 2046 2962 progres—

2148 1711 2325 1766 γονεν,
2348 1764 2349 1767 η
2371 1692 2513 1747 οῦτω
2544 1692 2835 1766 γεγένηται
2881 1692 2975 1746 καὶ
3012 1693 3041 1746 ὁ
3084 1691 3308 1761 ἁγαθός.
3342 1691 3406 1745 Ei
3441 1690 3500 1746 δὲ
3527 1692 3732 1762 ὁμοίως

2149 1788 2467 1858 γεγόνασιν,
2496 1787 2714 1857 ἀδελφοὶ
2749 1782 2888 1841 εἷναί
2934 1804 3024 1859 μοι
3070 1786 3235 1840 δοκεῖ.
3282 1787 3393 1840 Καὶ
3423 1786 3453 1837 ὁ
3500 1786 3726 1859 Πέτρος·

2148 1871 2262 1953 Οὐχ
2303 1879 2506 1951 ὁμοίως
2542 1879 2860 1950 γεγόνασιν,
2909 1879 3068 1951 εἴπερ
3098 1880 3372 1952 μέμνησαι
3400 1872 3476 1934 ὧν
3502 1881 3559 1935 ὲν
3587 1881 3730 1951 ἀρχῇ

2147 1969 2329 2040 εἷπον,
2370 1975 2450 2029 ὅτι
2487 1970 2582 2027 τοῦ
2622 1972 2860 2045 πονηροῦ
2900 1974 2933 2044 ή
2973 1973 3304 2045 τετραγενὴς
3343 1971 3437 2026 τοῦ
3478 1972 3733 2044 σώματος

2098 2118 2101 2129 λ
2148 2064 2305 2119 οὐσία
2357 2063 2864 2137 πεφυλοκρινημένη
2916 2062 3023 2117 ὑπὸ
3070 2063 3164 2117 τοῦ
3214 2063 3350 2119 Θεοῦ
3389 2064 3732 2138 προεϐλήθη,

2100 2200 2101 2203 η
2145 2153 2249 2218 ἔξω
2273 2154 2331 2207 δὲ
2358 2156 2518 2227 αὑτῆς
2552 2154 2693 2208 κατά
2712 2156 2809 2226 τὴν
2833 2155 2924 2207 τοῦ
2951 2155 3311 2227 προϐαλόντος
3332 2153 3529 2225 βουλὴν
3556 2154 3728 2224 ἐκρά-

2094 2300 2099 2307 _
2146 2247 2212 2320 θη
2247 2248 2268 2280 ³
2318 2248 2455 2320 πρὸς
2500 2248 2600 2319 τὴν
2642 2249 2837 2318 κρᾶσιν
2868 2248 2902 2318 ἡ
2947 2250 3139 2311 κακοῖς
3170 2248 3436 2319 χαίρουσα
3464 2248 3727 2319 προαίρε-

2108 2408 2111 2411 ν
2148 2360 2254 2407 σις.
2303 2342 2391 2406 Ὠς
2424 2345 2591 2408 νοεῖν,
2622 2342 2704 2394 ὅτι
2733 2340 2867 2393 Θεοῦ
2900 2340 2999 2412 μὲν
3023 2340 3213 2394 τέκνον
3243 2342 3276 2412 ἡ
3304 2340 3642 2412 τετραγενὴς
3671 2340 3731 2406 ἐξ

2146 2432 2310 2486 αὑτοῦ
2340 2432 2708 2503 προϐληθεῖσα
2732 2432 2894 2485 οὐσία
2915 2474 2931 2498 ,
2957 2431 2993 2502 ἢ
3018 2431 3115 2485 καὶ
3140 2432 3276 2503 αὑτὴ
3298 2431 3459 2486 οὐσία
3480 2432 3585 2485 ἀεί.
3629 2431 3729 2485 Διὰ

2096 2567 2099 2570 .
2145 2525 2197 2577 τί
2226 2524 2248 2556 ⁸
2273 2524 2331 2578 δὲ
2362 2523 2465 2589 ἔξω
2491 2524 2581 2577 ὑπ’
2607 2522 2772 2577 αὑτοῦ
2803 2522 3101 2601 κραθείσης
3124 2522 3310 2586 οὐσίας
3356 2526 3391 2594 ἡ
3445 2522 3727 2595 συμϐεϐη-

2146 2617 2276 2671 κυῖα
2305 2618 2494 2680 κακοῖς
2526 2614 2792 2687 χαίρουσα
2828 2615 3146 2687 προαίρεσις
3165 2614 3442 2684 ἐπεγίνετο
3470 2633 3485 2681 ;
3514 2616 3609 2671 καὶ
3632 2617 3727 2671 οῦ-

2143 2723 2253 2772 τως
2280 2705 2402 2760 οὑτε
2436 2706 2541 2760 ὑπὸ
2569 2707 2664 2760 τοῦ
2693 2706 2829 2760 Θεοῦ
2856 2707 3205 2779 γεγέννηται,
3256 2707 3379 2763 οὔτε
3409 2710 3497 2778 ὑφ’
3537 2709 3728 2782 ἐτέρου

2098 2855 2101 2857 _
2145 2797 2318 2862 τινὸς,
2349 2797 2462 2851 ἀλλ’
2490 2797 2619 2851 οὔτε
2652 2798 2673 2829 ⁵
2702 2798 2793 2851 ὑπ’
2833 2797 2997 2852 αὑτοῦ
3030 2800 3429 2871 προϐέϐληται,
3467 2800 3592 2854 οὔτε
3628 2803 3729 2855 αὑ-

2146 2890 2400 2961 τομάτως
2443 2890 2837 2962 προελήλυθεν,
2867 2891 2991 2944 οὕτε
3017 2893 3104 2945 ἀεὶ
3148 2888 3245 2965 ἦν,
3289 2894 3366 2958 ὡς
3411 2896 3445 2965 ἡ
3489 2895 3600 2966 πρὸ
3626 2896 3730 2966 τῆς

468 2997 594 3038 sum
636 2991 753 3047 est,
803 2997 983 3051 neque
1024 2997 1242 3051 semper
1283 2981 1427 3045 fuit,
1469 2992 1529 3036 ut
1566 2990 1693 3038 ante
1730 2983 2041 3039 mistionem

2147 2983 2504 3055 συγκράσεως
2530 2982 2709 3050 οὑσία,
2737 2984 2873 3038 ἀλλὰ
2901 2984 3042 3038 κατὰ
3060 2985 3159 3057 τὴν
3185 2985 3280 3039 τοῦ
3309 2986 3444 3040 Θεοῦ
3474 2986 3731 3059 βούλησιν

469 3072 751 3145 essentia,
797 3072 893 3127 sed
938 3073 1168 3127 mistura
1217 3073 1519 3128 secundum
1568 3073 1661 3129 Dei
1706 3074 2042 3130 voluntatem

433 3195 437 3198 ν
468 3171 629 3217 extra
656 3161 886 3217 exstitit.
919 3161 1054 3228 Quae
1081 3162 1302 3232 quidem
1342 3163 1415 3219 ita
1458 3179 1579 3220 sese
1618 3165 1855 3221 habeant
1882 3180 2048 3237 opor-

469 3267 586 3316 tere
606 3297 623 3323 ,
654 3270 804 3329 sape.
827 3255 1242 3311 allirmavimus.
1277 3254 1384 3312 Sed
1414 3258 1559 3313 bono
1590 3274 1657 3314 ex
1688 3259 1899 3329 optima
1950 3260 2045 3316 Dei

469 3350 899 3403 commutatione
930 3355 1089 3413 nato,
1117 3362 1219 3403 nec
1244 3356 1402 3403 extra
1443 3350 1735 3405 exsistenti
1759 3351 2044 3417 mistione,

466 3439 646 3494 lilium
675 3455 801 3494 esse
828 3440 1098 3510 contingit
1125 3441 1207 3507 ei,
1240 3441 1335 3512 qui
1379 3451 1485 3497 est.
1534 3440 1735 3497 Verum
1770 3443 1887 3499 huic
1919 3459 2044 3497 cum

469 3530 678 3599 scripta
727 3547 838 3585 non
874 3526 1028 3598 ‘sint,
1070 3534 1165 3588 sed
1208 3534 1423 3588 nonnisi
1471 3533 1804 3603 coniecturis
1844 3535 2047 3589 contir-

434 3674 437 3675 ν
471 3633 646 3689 mata,
678 3625 823 3679 haud
850 3625 1010 3694 plane
1039 3642 1104 3681 ea
1136 3626 1207 3681 ita
1238 3641 1300 3681 se
1327 3627 1529 3682 habere
1554 3642 1585 3682 a
1613 3627 1772 3682 nobis
1797 3643 2048 3696 comproo

473 3717 653 3771 betur.
686 3715 823 3771 Nam
856 3718 993 3773 alias
1018 3734 1172 3774 mens
1195 3734 1423 3789 ea,qua:
1445 3720 1560 3789 jam
1589 3720 1814 3775 omnino
1835 3735 2047 3790 praaoc-

472 3811 723 3880 eupavit,
754 3798 1077 3880 perquirere
1105 3822 1370 3868 cessaret.
1422 3818 1599 3882 Atque
1641 3823 1901 3884 praeterea
1930 3830 2048 3870 tne-

474 3903 644 3966 mini,
681 3903 995 3972 hujusmodi
1023 3921 1111 3962 res
1141 3922 1250 3961 non
1283 3908 1573 3975 omnibus,
1606 3911 1699 3965 sed
1729 3911 1860 3968 solis
1886 3926 2050 3983 expe-

431 4034 441 4065 ε
474 3996 670 4064 tientia
702 3998 1110 4064 probatissimis
1144 3999 1279 4055 mihi
1310 4015 1435 4057 esse
1468 4004 1807 4059 revelandas.
1857 4002 2048 4075 Neque

475 4179 930 4245 nequeaudeatis
960 4184 1321 4251 pronuntiare
1349 4200 1472 4239 cum
1506 4184 1830 4241 certitudine
1858 4186 2050 4253 ineﬂja-

475 4267 671 4322 bilium
701 4269 1067 4338 cognitionem
1088 4311 1105 4337 ,
1139 4273 1234 4327 sed
1266 4273 1319 4327 in
1351 4273 1569 4330 silentio
1609 4282 1819 4330 tantum
1862 4291 2043 4331 rema-

474 4367 600 4414 nete
645 4361 1037 4432 cogitabundi;
1084 4380 1210 4418 nam
1271 4364 1412 4419 inter
1482 4364 1814 4436 loquendum
1863 4366 2049 4423 forsan

477 4451 526 4507 is
547 4493 564 4517 ,
594 4454 686 4522 qui
720 4454 984 4523 loquitur,
1017 4464 1204 4524 peccat
1234 4456 1472 4519 inscitia,
1503 4472 1833 4527 pugnamque
1859 4460 2048 4526 dabit,

428 4603 437 4615 ,
474 4559 625 4607 cum,
655 4546 871 4600 etiamsi
907 4548 974 4602 ad
1008 4548 1389 4618 semetipsum,
1420 4548 1857 4618 prouuntiaverit
1884 4552 2051 4609 silen-
2134 4608 2137 4611 .

428 4674 433 4681 .
474 4634 554 4691 tio
582 4634 910 4689 veneranda.

432 4764 437 4791 ς
548 4747 647 4829 ΙΧ.
678 4750 810 4814 Quae
838 4765 962 4804 cum
998 4748 1192 4804 Petrus
1232 4750 1497 4816 dixisset,
1531 4751 1774 4809 Lazarus
1797 4797 1812 4821 ,
1855 4754 1953 4825 qui
1996 4765 2051 4809 et

2147 3072 2330 3146 ἔξωτῇ
2353 3075 2547 3145 κράσει
2560 3073 2725 3147 404
2739 3075 3103 3149 συμϐέϐηκεν.
3120 3077 3232 3131 Καὶ
3252 3078 3336 3131 ὅτι
3356 3079 3571 3148 ἀνάγκη
3583 3079 3731 3133 τοῦθ’

2146 3167 2322 3231 οὑτως
2375 3166 2553 3237 ἔχειν,
2609 3167 2869 3231 πολλάκις
2929 3170 3251 3240 εἰρήκαμεν.
3324 3170 3381 3222 ὐ
3419 3169 3478 3222 δὲ
3524 3170 3732 3238 ἀγαθὸς

2148 3260 2215 3314 ὲκ
2261 3261 2361 3331 τῆς
2401 3258 2497 3312 τοῦ
2543 3257 2680 3313 Θεοῦ
2732 3258 3025 3331 καλλίστης
3074 3260 3285 3332 τροπῆς
3312 3261 3595 3333 γεννηθεὶς
3632 3265 3733 3316 καὶ

2098 3392 2103 3395 -
2146 3350 2249 3406 οὐκ
2277 3349 2381 3415 ἔξω
2402 3350 2596 3422 κράσει
2624 3349 2987 3421 συμϐεϐηκὼς
3008 3350 3087 3421 τῷ
3106 3352 3222 3405 ὄντι
3253 3352 3367 3416 υίός
3390 3354 3557 3408 ἐστιν.
3582 3353 3732 3426 Πλὴν

2148 3442 2270 3496 ἐπεὶ
2310 3441 2484 3497 ταῦτα
2522 3443 2747 3512 ἄγραφα
2772 3443 3029 3512 τυγχάνει
3059 3444 3154 3497 καὶ
3183 3447 3511 3513 στοχασμοῖς
3566 3462 3731 3499 πεπι-

2150 3536 2400 3607 στωμένα
2419 3575 2434 3600 ,
2463 3536 2536 3608 μὴ
2565 3538 2782 3598 πάντως
2794 3534 2861 3607 ,ή[
2870 3535 2983 3607 μῖν]
3008 3536 3181 3600 οὕτως
3205 3536 3347 3608 ἔχειν
3370 3538 3728 3608 βεϐαιούσθω.

2150 3628 2214 3681 Ei
2243 3628 2300 3681 δὲ
2331 3629 2406 3699 μή
2439 3644 2503 3697 γε
2522 3670 2536 3693 ,
2566 3630 2595 3681 ὀ
2617 3627 2741 3690 νοῦς
2770 3628 2846 3691 ὡς
2860 3628 3075 3691 πάντως
3102 3629 3446 3701 προειληφὼς
3476 3629 3574 3702 [τὸ
3599 3631 3731 3703 άλη-

2102 3778 2105 3781 ν
2152 3719 2270 3790 θιὲς
2299 3720 2413 3793 ,τοῦ
2465 3721 2650 3791 ζητεῖν
2691 3722 2947 3775 παύεται.
2995 3722 3239 3777 Κάκεῖνά
3286 3739 3374 3794 μοι
3422 3726 3729 3795 μνημονεύ-

2150 3828 2268 3863 εται
2295 3809 2337 3877 ⁸,
2368 3811 2449 3863 ὅτι
2484 3810 2553 3864 τὰ
2578 3812 2801 3869 τοιαῦτά
2826 3810 2922 3883 [με
2946 3811 3137 3883 “adadv
3162 3812 3224 3867 οὐ
3248 3812 3327 3867 δεῖ
3354 3812 3561 3883 λέγειν,
3593 3814 3729 3871 ἀλλὰ

2148 3903 2262 3963 τοῖς
2293 3900 2431 3971 μετά
2459 3903 2651 3972 πεῖραν
2678 3902 3087 3973 δοκιμωτάτοις.
3114 3904 3189 3956 Oti
3219 3904 3276 3957 δὲ
3305 3905 3440 3976 πρὸς
3469 3905 3729 3977 ἀλλήλους

2097 4041 2102 4051 .
2142 3991 2351 4065 ’ῥαδίως
2395 3992 2769 4064 ἰσχυρίζεσθαι
2819 3993 2902 4047 δεῖ
2940 3993 3012 4048 τά
3050 3993 3313 4063 τοιαῦτα,
3359 3995 3480 4049 οὐδὲ
3522 3996 3728 4067 τολμᾷν

434 4136 435 4139 η
474 4086 597 4141 sine
644 4087 958 4144 dilIicullate
1011 4091 1078 4146 de
1128 4093 1197 4146 iis
1244 4102 1439 4148 mutuo
1483 4094 1686 4163 aliquid
1731 4094 2045 4163 aﬂirmetis,
2100 4158 2107 4169 ,

2149 4083 2392 4152 ὀφείλετε
2423 4084 2600 4153 λέγειν
2641 4085 2718 4148 ὡς
2747 4085 3101 4158 ἀκριϐοῦντες
3124 4087 3224 4158 τὴν
3250 4086 3358 4140 τῶν
3399 4087 3727 4159 ἀπορρήτων

2149 4173 2400 4248 εὕρεσιν,
2444 4175 2578 4230 ἀλλὰ
2620 4176 2939 4241 σιωπῶντας
2980 4179 3086 4250 χρὴ
3133 4178 3483 4251 ἐνθυμεῖσθαι
3532 4179 3725 4251 μόνον·

2151 4269 2209 4321 ὲν
2239 4267 2349 4339 γὰρ
2374 4267 2455 4339 τῷ
2473 4268 2653 4337 λέγειν
2681 4269 2813 4332 ἴσως
2851 4269 2949 4339 οὑχ
2978 4270 3055 4333 ὼς
3075 4270 3214 4341 ἔχων
3241 4271 3263 4303 '
3293 4272 3322 4324 ὁ
3356 4269 3728 4343 φθεγξάμενος

2152 4361 2531 4432 ἁμαρτήσεται
2555 4399 2570 4424 ,
2604 4362 2699 4414 καὶ
2725 4360 2881 4432 δίκην
2926 4360 3112 4431 ὑφέξει
3156 4362 3232 4418 ὡς
3274 4362 3584 4429 τολμήσας,
3622 4362 3728 4417 κᾶν

2153 4451 2291 4522 πρὸς
2314 4449 2510 4504 ἑαυτὸν
2534 4491 2550 4518 ,
2574 4449 2907 4520 φθέγξασθαι
2928 4450 2997 4504 τὰ
3023 4453 3152 4524 σιγῇ
3174 4467 3531 4524 τετιμημένα.

2222 4753 2510 4812 ιΧ“.Ταῦτα
2520 4755 2613 4809 τοῦ
2626 4756 2834 4829 Πέτρου
2847 4756 3112 4822 εἰπόντος,
3126 4758 3375 4831 Λάζαρος
3385 4768 3475 4824 τις
3486 4759 3594 4815 τῶν
3605 4760 3728 4815 ἀκο-

476 4840 593 4909 ipse
622 4850 741 4895 erat
768 4857 914 4897 unus
943 4858 1007 4898 ex
1053 4844 1353 4898 comitibus
1382 4861 1396 4898 :
1444 4843 1542 4900 Dic
1585 4847 1780 4911 nobis,
1829 4848 2009 4919 inquit
2032 4888 2049 4915 ,

2148 4845 2356 4900 λοὺθων
2376 4845 2472 4900 καὶ
2492 4844 2657 4908 αὑτὸς
2668 4845 2770 4917 ἔφη
2793 4863 2807 4876 ·
2823 4846 2935 4917 Τὴν
2948 4846 3266 4916 συμφωνίαν
3289 4848 3420 4917 ἡμῖν
3441 4846 3582 4900 εἰπέ·
3607 4846 3728 4910 πῶς

425 4940 432 4946 ·
477 4934 756 5001 quomodo
796 4934 912 4989 haec
961 4937 1350 4992 consentiant:
1389 4939 1489 5008 qui
1531 4940 1730 4994 rationi
1757 4948 2051 4996 consenta-

2146 4935 2616 5006 δυνατὸν,εΰλογον
2629 4931 2883 5002 εἷναι,τὸν
2894 4937 2998 4990 ὑπὸ
3006 4936 3143 4991 Θεοῦ
3157 4937 3368 4992 δικαίου
3385 4937 3725 4992 καταστάντα

479 5037 641 5077 neum
683 5037 806 5079 esse
851 5034 1071 5094 potest,
1118 5027 1321 5081 malum
1367 5028 1546 5097 ipsum
1588 5042 1618 5081 a
1662 5027 1770 5082 Deo
1796 5027 1947 5097 justo
1978 5029 2047 5085 ad

2152 5028 2392 5100 πονηρὸν
2406 5028 2546 5082 ὥστε
2566 5027 2677 5082 τῶν
2697 5027 3080 5099 ἀσεϐησάντων
3101 5024 3241 5082 εἶναι
3260 5030 3521 5101 τιμωρὸν,
3537 5028 3725 5084 τοῦτον

434 5146 437 5149 ν
480 5112 679 5183 impios
736 5117 1094 5173 vindicandos
1122 5120 1481 5174 constitutum
1528 5129 1713 5189 postea
1757 5119 1900 5175 inter
1943 5137 2043 5176 an-

2154 5120 2313 5173 αὑτδν
2363 5119 2589 5192 ὕστερον
2640 5118 2784 5189 μετά
2833 5120 2943 5175 τῶν
2983 5118 3148 5177 αὑτοῦ
3181 5122 3431 5191 ἀγγέλων
3465 5123 3563 5177 σὺν
3611 5124 3725 5185 τοῖς

1747 5334 1993 5417 nam
2018 5346 2402 5415 LECTlONES

552 5492 571 5525 ¹
598 5453 696 5575 Est.
718 5493 755 5575 ὁ·
780 5441 882 5575 μέν
910 5494 1231 5575 προϐάλλων
1264 5497 1358 5551 καὶ
1407 5499 1487 5563 εἰς
1520 5496 1708 5575 ἑτέραν
1738 5497 2115 5575 πάλιν-οὑσίαν
2147 5498 2233 5575 ἐφ’
2267 5494 2455 5575 εαυτζν
2489 5495 2764 5565 τραπέντα
2781 5494 3017 5575 ’δύναται
3188 5498 3209 5527 ¹
3243 5496 3356 5575 (ἔτι,
3388 5514 3556 5575 supra
3584 5499 3717 5575 (ιιι.

477 5553 632 5643 "and
666 5553 839 5643 dubio
862 5553 1293 5643 ,οιὶὑιίήιιοιῃοιιέ
1314 5553 1683 5643 reponendum
1712 5578 1796 5625 est
1816 5569 2014 5643 (axillis
2052 5553 2369 5643 quze'habcs
2407 5553 2554 5620 hom'.
2593 5581 2653 5630 tt,
2690 5581 2758 5643 c.‘
2780 5566 2822 5620 I.
2872 5566 2925 5643 _'
2951 5566 3215 5639 κραθείσῃ
3246 5569 3305 5622 0.
3385 5553 3721 5643 ⁴τ’ίς“ρ.’διᾶ

478 5630 529 5683 τί
558 5633 618 5684 0.
695 5631 717 5665 ⁸
748 5629 964 5706 οὐδέυιι.
1000 5634 1123 5691 οὔτε
1147 5640 1207 5689 0.
1263 5629 1666 5709 ’μνῆμονεύετε
1693 5645 1751 5692 υ,
1825 5645 1850 5679 τ
1882 5638 2005 5709 ἕχον
2037 5629 2123 5692 υ)
2755 5640 2758 5643 ~
2872 5636 2890 5645 -
2996 5629 3003 5635 -
3185 5629 3215 5639 -—
3500 5629 3518 5635 —
3544 5629 3560 5657 ﬁ.
