4040 6146
1440 307 1900 368 CLEMENTINA‘.‘
1942 329 2010 354 —‘-
2047 308 2322 366 llOMlLlA
2361 312 2474 366 XX.

336 313 442 372 εστ
1224 341 1234 353 ·
1440 313 1900 368 CLEMENTINA‘.‘
1942 329 2010 354 —‘-
2047 313 2322 366 IIOMIIJA
2361 313 2474 366 XX.
3497 318 3599 374 658

337 428 685 502 ἁμαρτωλοῖς
707 431 792 494 εἰς
818 430 881 483 τὸ
914 431 1106 495 σκότος
1132 429 1195 483 τὸ
1223 425 1530 503 κατώτερον
1558 427 1874 501 πέμπεσθαι
1899 445 1914 491 ;

2021 427 2170 498 gelos
2201 442 2334 482 suos
2375 443 2500 482 cum
2545 431 2932 498 peccatoribus
2983 433 3038 488 in
3083 432 3303 491 inﬁmas
3345 436 3601 495 tenebras

336 522 428 577 καὶ
467 521 578 592 γὰρ
625 520 720 575 καὶ
761 520 919 574 τοῦτο
967 520 1254 592 μέμνημαι
1299 519 1581 592 εἰρηκότος
1625 517 1790 573 αὑτοῦ
1821 516 1914 571 τοῦ

2035 518 2280 578 mittite?
2333 517 2582 589 Namque
2611 520 2798 575 ethoc
2853 522 3031 591 ipsum
3083 523 3405 596 Magistrum
3450 541 3603 584 asse-

323 611 675 666 Διδασκάλου.
699 613 810 667 Καὶ
833 613 862 665 6
886 612 1094 685 Πέτρος
1112 629 1126 642 ·
1166 612 1322 683 κάγὼ
1339 651 1355 676 ,
1376 611 1477 684 ἔφη
1499 654 1514 679 ,
1534 611 1782 684 ὁμολογῶ
1801 649 1816 675 ,
1838 611 1920 665 ὄτι

332 709 362 760 ό
386 703 625 777 πονηρὸς
655 705 895 778 πονηρὸν
923 705 1076 760 οὐδὲν
1106 707 1251 759 ποιεῖ
1279 705 1419 759 κατὰ
1445 704 1632 772 τοῦτο,
1664 705 1802 760 καθὸ
1827 706 1920 759 τὸν

333 797 554 853 δοθέντα
580 794 729 868 αὐτῷ
757 797 921 869 νόμον
944 797 1170 851 ὲκτελεῖ.
1197 798 1306 852 Καί
1331 814 1412 852 τοι
1441 797 1756 870 προαίρεσιν
1781 798 1921 868 έχων

334 890 510 962 κακὴν
533 929 547 952 ,
573 891 725 960 ὅμως
757 888 907 960 φόϐῳ
932 888 1012 960 τῷ
1051 888 1189 960 πρὸς
1224 889 1316 942 τὸν
1353 887 1487 943 Θεὸν
1527 888 1681 942 οὐδὲν
1718 889 1920 953 ἀδίκως

334 983 573 1054 πράσσει
590 997 605 1013 ο
635 978 940 1036 διαϐάλλων
963 981 1021 1034 δὲ
1042 981 1399 1046 διδασκάλους
1420 980 1682 1054 ἀληθείας
1724 982 1804 1044 εἰς
1833 981 1921 1034 ὲν-

336 1069 502 1144 έδραν
527 1072 635 1127 τῶν
661 1068 904 1144 ἀκρίτων
930 1072 1025 1125 καὶ
1056 1072 1302 1136 διάϐολος
1328 1072 1358 1125 6
1382 1072 1544 1137 αὐτὸς
1571 1071 1914 1144 ὀνομάζεται.

337 1166 410 1219 Τὸ
445 1166 502 1219 δὲ
544 1164 638 1218 τὸν
679 1161 883 1236 ἀψευδῆ
930 1163 1250 1219 διδάσκαλον
1288 1165 1450 1238 405
1489 1169 1525 1238 ἠ
1537 1166 1652 1237 μῶν
1701 1168 1876 1220 είπεϊν
1900 1209 1916 1233 ,

333 1250 495 1310 αὐτόν
535 1273 596 1310 τε
633 1256 728 1310 καὶ
763 1258 893 1321 τοὺς
931 1257 1198 1326 ἀγγέλους
1231 1251 1395 1311 αὐτοῦ
1428 1259 1525 1314 σὺν
1558 1258 1671 1323 τοῖς
1709 1260 1920 1330 ἀπατη-

335 1348 502 1402 θεῖσιν
533 1347 888 1420 ἁμαρτωλοῖς
914 1348 996 1409 είς
1029 1346 1090 1402 τὸ
1121 1348 1310 1412 σκότος
1328 1347 1389 1402 τὸ
1412 1349 1722 1422 κατώτερον
1749 1350 1916 1404 ἀπελ-

333 1437 442 1493 θεῖν
463 1482 476 1505 ,
499 1439 738 1493 τοιοῦτόν
760 1457 882 1493 τινα
910 1439 1024 1511 ἔχει
1048 1439 1225 1510 λόγον.
1259 1437 1318 1494 ὐ
1342 1441 1580 1514 πονηρὸς
1603 1443 1780 1514 σκότῳ
1799 1443 1919 1514 χαί-

335 1539 447 1601 ρειν
475 1529 619 1583 κατά
658 1529 757 1601 τὴν
790 1531 988 1601 κρᾶσιν
1013 1530 1036 1562 ⁸
1061 1536 1300 1599 γεγονὼς
1324 1569 1339 1593 ,
1378 1529 1515 1601 μετὰ
1547 1531 1656 1584 τῶν
1692 1529 1919 1601 ὁμοδού-

330 1617 436 1672 λων
459 1619 706 1689 ἀγγέλων
746 1621 827 1683 εἰς
865 1619 926 1672 τὸ
963 1618 1058 1672 τοῦ
1088 1618 1374 1690 Ταρτάρου
1415 1619 1606 1683 σκότος
1642 1618 1916 1674 κατελθὼν

333 1710 559 1781 ἥδεταιδ
595 1707 748 1780 φίλον
781 1710 892 1782 γὰρ
936 1710 1072 1782 πυρὶ
1107 1707 1168 1764 τὸ
1211 1711 1420 1773 σκότος.
1459 1711 1528 1763 Ai.
1571 1710 1628 1763 δὲ
1670 1710 1779 1765 τῶν
1823 1712 1888 1765 ἀν

334 1779 572 1874 θρώπων
602 1779 774 1874 ψυχαὶ
796 1779 982 1874 ’φφτδς
1013 1779 1257 1873 καθαροῦ
1290 1803 1549 1871 σταγόνες
1585 1797 1742 1858 οὖσαι
1763 1841 1778 1866 ,
1811 1804 1917 1858 ὑπὸ
1949 1779 1989 1833 Β

331 1897 630 1967 ἀλλοφύλου
657 1897 828 1970 πυρὸς
858 1891 1048 1961 οὐσίας
1081 1895 1479 1967 συμπινόμεναι
1509 1897 1604 1950 καὶ
1632 1896 1793 1966 φύσιν
1819 1896 1914 1952 τοῦ

329 1988 617 2042 ἀποθανεῖν
637 1991 737 2044 οὐκ
764 1989 983 2060 ἔχουσαι
999 2031 1014 2056 ,
1039 1990 1160 2043 κατ’
1181 1990 1338 2056 ἀξίαν
1357 1988 1692 2054 κολάζονται.
1717 1991 1757 2044 Ε
1766 1992 1781 2043 ί
1809 1989 1866 2044 δὲ
1887 1993 1916 2046 ό

328 2079 426 2152 τῆς
447 2080 646 2144 κακίας
665 2079 913 2152 ἡγεμὼν,
934 2078 1220 2152 ἄνθρωπος
1248 2080 1414 2145 ὣν,οὐ
1443 2081 1722 2152 πέμπεται
1751 2084 1831 2147 είς
1855 2082 1916 2136 τὸ

333 2168 521 2234 σκότος
551 2170 628 2234 ὡς
657 2171 730 2242 μὴ
750 2171 928 2242 τούτῳ
951 2171 1156 2242 χαίρων
1181 2211 1197 2237 ,
1225 2172 1347 2226 τότε
1374 2173 1436 2225 οὐ
1462 2171 1683 2227 δύναται
1709 2175 1729 2206 ⁸
1752 2177 1785 2247 ἡ
1812 2189 1913 2230 κα-

331 2265 445 2336 amt;
489 2264 658 2318 αὐτοῦ
703 2266 971 2338 χαίρουσα
1017 2269 1216 2338 κρᾶσις
1275 2266 1781 2339 μετασυγκριθῆναι
1834 2268 1916 2334 είς

330 2355 532 2425 ἀγαθοῦ
566 2357 915 2430 προαίρεσιν.
945 2359 1058 2414 και
1087 2357 1261 2414 οὕτως
1294 2360 1498 2430 ἀγαθὸς
1531 2362 1772 2416 συνεϊναι
1802 2380 1919 2433 κρι-

329 2445 549 2521 θήσεται
576 2451 747 2528 ταύτῃ
778 2456 998 2527 μᾶλλον,
1033 2459 1134 2522 ὅτι,
1165 2461 1356 2524 κακοῖς
1395 2459 1692 2531 χαίρουσαν
1721 2461 1914 2531 λελογ-

324 2540 438 2612 χὼς
478 2547 710 2615 κρᾶσιν,
759 2547 913 2621 αίτίᾳ
951 2549 1047 2602 τοῦ
1083 2549 1221 2623 πρὸς
1250 2551 1340 2606 τὸν
1371 2551 1502 2606 Θεὸν
1548 2551 1715 2622 φόϐου
1756 2554 1912 2608 οὐδὲν

325 2634 480 2706 παρὰ
507 2636 569 2690 τὸ
595 2637 786 2694 δοκοῦν
813 2640 893 2712 τῷ
921 2642 1015 2696 τοῦ
1044 2643 1180 2697 Θεοῦ
1210 2644 1360 2716 νόμῳ
1405 2645 1752 2718 διεπράξατο.
1799 2646 1912 2701 Kal.

329 2728 461 2800 μήτι
494 2747 556 2799 γε
594 2731 657 2786 τὸ
692 2735 792 2806 τὴν
819 2735 913 2789 τοῦ
941 2735 1244 2809 ἀρχιερέως
1287 2735 1496 2810 Ἀαρὼν
1531 2737 1726 2809 ῥάϐδον
1756 2740 1910 2808 γενέ-

325 2826 449 2882 σθαι
475 2824 600 2894 ὅφιν
630 2826 726 2881 καὶ
759 2827 920 2882 πάλιν
947 2828 1350 2900 ἀντιτραπῆναι
1379 2830 1461 2894 είς
1485 2829 1679 2902 ῥάϐδον
1703 2869 1718 2894 ,
1751 2831 1908 2886 τοῦτο

2032 610 2211 666 ruisse
2241 609 2484 665 memini.
2520 609 2659 665 Tum
2685 608 2883 667 Petrus
2914 632 2926 666 :
2965 615 3028 668 lit
3058 629 3187 684 ego,
3219 615 3428 686 inquit,
3457 616 3604 674 afﬁr-

2031 716 2123 756 mo
2153 702 2360 756 malum
2404 702 2542 758 nihil
2615 704 2745 758 mali
2793 703 2974 760 facere
3011 745 3027 770 ,
3073 717 3346 776 quatenus
3388 709 3603 778 perﬁcit

2024 810 2147 865 quas
2177 796 2226 849 ei
2250 794 2408 864 jussa
2441 805 2589 850 sunt.
2633 795 2897 862 Quamvis
2924 798 2992 853 ad
3029 801 3173 853 mala
3217 800 3474 868 inclinet,
3517 801 3602 857 ni-

2028 888 2333 944 hilominus
2376 888 2577 943 timore
2629 888 2722 944 Dei
2769 890 2906 946 nihil
2953 890 3082 944 mali
3127 889 3297 958 facit;
3338 893 3429 948 sed
3471 893 3602 962 quia

2023 982 2318 1052 magistros
2346 981 2596 1038 veritatis
2627 982 2693 1036 ad
2723 983 2980 1038 incautos
3005 983 3362 1053 decipiendos
3393 987 3602 1053 calume

1979 1121 1984 1130 .
2022 1077 2229 1143 niatur,
2279 1086 2335 1131 et
2378 1076 2494 1146 ipse
2547 1076 2849 1146 appellatur
2894 1078 3168 1133 diabolus.
3221 1079 3374 1146 Quod
3420 1091 3603 1138 autem

2021 1183 2188 1223 verax
2228 1176 2416 1224 noster
2459 1167 2717 1240 Magister
2759 1170 2933 1235 dixit,
2980 1172 3133 1226 illum
3175 1181 3338 1244 atque
3379 1176 3604 1244 angelos

2020 1274 2152 1315 suos
2183 1276 2308 1316 cum
2338 1261 2577 1316 seductis
2606 1261 2990 1332 peccatoribus
3017 1265 3072 1319 in
3104 1265 3320 1321 intimas
3350 1268 3604 1323 tenebras

2021 1353 2174 1408 abire
2197 1395 2212 1419 ,
2245 1353 2318 1408 ita
2354 1353 2770 1425 intelligendum
2803 1366 2910 1412 est.
2941 1357 3119 1414 Malus
3148 1360 3449 1415 secundum
3493 1363 3602 1416 mi-

2020 1443 2254 1500 stionem
2310 1445 2396 1499 ita,
2439 1447 2697 1511 creatus,
2749 1458 2810 1501 ut
2859 1448 3100 1505 tenebris
3152 1452 3419 1520 gaudeat,
3474 1468 3600 1508 cunt

2019 1537 2226 1607 angelis
2253 1537 2534 1593 conservis
2562 1539 2616 1594 in
2648 1536 2937 1595 Tartarum
2970 1543 3313 1600 descendens
3341 1545 3598 1614 laetatur;

2020 1643 2145 1683 nam
2180 1628 2289 1700 igni
2322 1639 2488 1700 graue
2517 1639 2646 1686 sunt
2668 1632 2924 1689 tenebrae.
2945 1632 3048 1688 Sed
3076 1636 3356 1692 hominum
3380 1640 3601 1706 animat,

2019 1734 2142 1788 quae
2166 1719 2290 1790 puri
2319 1719 2544 1775 luminis
2572 1721 2731 1776 stillae
2755 1731 2917 1789 sunt,
2942 1723 3086 1794 ignis
3111 1725 3334 1794 quidem
3363 1728 3603 1783 essentia

2025 1813 2172 1868 alius
2218 1813 2434 1884 generis
2482 1813 2797 1886 absorptae,
2845 1816 3121 1872 immunes
3162 1827 3347 1874 tamen
3390 1829 3602 1877 natura!

2022 1907 2334 1972 moriundi,
2378 1908 2680 1963 secundum
2725 1909 2872 1980 quod
2911 1920 3232 1966 meruerunt
3271 1915 3596 1983 puniuntur.

2024 1996 2082 2053 Si
2115 2005 2296 2052 autem
2331 1996 2551 2051 malitia
2579 1996 2782 2063 dux,ut
2815 1997 3004 2066 homo,
3022 2013 3132 2054 non
3186 2000 3496 2057 mitteretur
3541 2001 3601 2056 in

2021 2090 2274 2146 tenebras
2295 2129 2310 2153 ,
2341 2104 2404 2145 ac
2433 2089 2478 2145 si
2507 2090 2591 2145 eis
2615 2105 2724 2146 non
2752 2091 3035 2162 gauderet,
3068 2093 3254 2150 mistio
3282 2094 3404 2164 ejus
3435 2096 3598 2153 malis

2022 2183 2267 2254 gaudens
2292 2182 2346 2237 in
2372 2182 2503 2239 boni
2535 2184 2832 2240 consilium
2861 2186 3104 2240 converti
3139 2201 3249 2242 nou
3283 2198 3506 2257 posset-
3530 2188 3598 2244 Et

2013 2276 2086 2331 ita
2117 2275 2298 2332 bonus
2330 2275 2405 2331 ibi
2441 2276 2711 2332 interesse
2738 2291 2806 2332 eo
2836 2278 3016 2348 magis
3056 2277 3422 2348 iudicabitur,
3467 2296 3598 2337 cum

2011 2367 2327 2424 mistionem
2369 2368 2533 2424 malis
2564 2369 2890 2440 gaudentem
2937 2380 3134 2426 nactus
3175 2381 3397 2442 propter
3433 2373 3596 2429 timo-

2012 2476 2126 2516 rem
2183 2460 2280 2516 Dei
2337 2459 2474 2516 nihil
2522 2470 2717 2517 contra
2763 2462 2884 2531 ejus
2938 2462 3110 2531 legem
3156 2464 3464 2532 perfecerit.
3515 2466 3599 2521 Ac

2011 2569 2194 2610 nonne
2216 2556 2651 2610 commutatione
2673 2555 2842 2626 virgae
2869 2556 3071 2610 summi
3101 2558 3402 2614 sacerdotis
3422 2559 3600 2614 Aaro-

2011 2647 2097 2702 nis
2129 2647 2185 2702 in
2216 2654 2525 2716 serpentem
2557 2655 2611 2701 et
2639 2648 2954 2704 reversione
2978 2649 3098 2720 ejus
3126 2650 3180 2704 in
3209 2651 3416 2722 virgam
3449 2649 3599 2708 Scri-

2018 2749 2180 2810 ptura
2209 2738 2442 2810 mystice
2470 2738 2914 2810 praasigniiicavit
2944 2751 3195 2806 spectare
3225 2758 3348 2798 eam
3390 2746 3462 2802 ad
3508 2744 3598 2801 fu-

2013 2843 2192 2890 turam
2218 2832 2348 2886 ntali
2375 2831 2749 2888 conversionis
2777 2834 3260 2897 commistionem?

324 2921 407 2984 εἰς
436 2919 537 2992 τὴν
598 2919 696 2973 τοῦ
751 2920 992 2992 πονηροῦ
1025 2919 1257 2995 ὕστερον
1324 2923 1698 2995 γενησομένην
1738 2927 1840 3001 τῆς
1876 2928 2088 2999 τροπῆς
2134 2924 2578 2999 μετασύγκρασιν
2625 2925 2669 2958 ¹⁰
2714 2927 3107 2999 μυστηριωδῶς
3171 2930 3432 3008 ήΓραφὴ
3469 2936 3596 2991 ἐσο-

326 3009 495 3083 μένην
529 3012 904 3085 προεδήλωσεν
934 3030 950 3080 ;

390 3122 459 3178 Χ.
496 3125 651 3180 Μετά
676 3126 733 3180 δὲ
763 3126 855 3180 τὸν
881 3127 1131 3202 Λάζαρον
1169 3130 1365 3202 Ἰωσὴφ
1390 3170 1405 3195 ,
1434 3130 1493 3196 ὃς
1517 3135 1611 3188 καὶ
1634 3135 1797 3200 αὐτὸς
1839 3137 1922 3204 εἷς

321 3217 430 3271 τῶν
461 3217 790 3285 ἀκολούθων,
844 3220 975 3292 ἔφη·
1018 3221 1224 3294 Ὀρθῶς
1256 3223 1436 3278 πάντα
1462 3225 1761 3301 είρ[ηκας].
1799 3231 1918 3286 Κά-

327 3309 419 3382 μοὶ
449 3309 612 3363 τοῦτο
639 3307 946 3381 βουλομένῳ
984 3309 1175 3382 μαθεῖν
1209 3312 1494 3384 παράσχου
1514 3331 1528 3346 ·
1563 3316 1653 3371 διὰ
1682 3319 1734 3372 τί
1782 3321 1918 3375 σιτᾶσ⁵

323 3401 433 3455 τῶν
472 3400 652 3456 αὐτῶν
680 3400 854 3470 λόγων
882 3400 1228 3475 [μεταδίδως]
1253 3420 1268 3468 ;
1295 3405 1344 3458 οἱ
1393 3405 1490 3476 μὲν
1524 3407 1832 3478 πείθονται,
1865 3413 1917 3466 oi

321 3492 381 3546 δὲ
411 3491 746 3547 ἀπειθοῦσιν.
783 3493 893 3546 Καὶ
918 3493 946 3546 6
975 3494 1204 3566 Πέτρος,
1253 3496 1328 3550 Οὐ
1358 3497 1466 3569 γάρ
1493 3499 1632 3554 είσιν
1659 3540 1675 3567 ,
1710 3501 1836 3575 ἔφη,
1865 3505 1916 3557 οἱ

320 3584 473 3655 λόγοι
504 3583 740 3656 ἐπῳδαὶ,
769 3585 856 3638 ἶνα
891 3586 1299 3661 «benignos
1328 3588 1567 3655 ἀκούσας
1587 3609 1674 3657 τις
1694 3597 1916 3651 πιστεύ-

324 3690 423 3750 σῃ.
461 3675 551 3747 Τῷ
595 3675 652 3729 δέ
683 3693 836 3740 τινας
869 3676 966 3747 μὲν
1005 3677 1320 3747 πείθεσθαι,
1370 3681 1523 3745 τινὰς
1549 3683 1742 3757 δὲμὴ,
1789 3705 1916 3743 συν-

321 3767 462 3831 ετῶς
521 3767 795 3822 δείκνυται
836 3767 899 3822 τὺ
947 3767 1309 3834 αὐτεξούσιον.
1369 3771 1554 3827 Ταῦτα
1605 3777 1828 3832 εἰπόντα
1861 3780 1910 3834 οἱ

320 3859 525 3922 πάντες
548 3858 943 3932 εὐλογήσαμεν.

391 3947 484 4006 XI.
524 3950 636 4004 Καὶ
665 3951 729 4024 δὴ
769 3951 1049 4023 μέλλουσιν
1075 3955 1206 4025 ἡμῖν
1232 3955 1513 4011 ἑστιᾶσθαι
1540 3960 1909 4036 ὑπεισέδραμέ

318 4043 405 4108 τις
432 4043 640 4112 λέγων’
689 4043 934 4097 Ἀππίων
961 4044 989 4096 6
1014 4043 1394 4119 πλειστονίκης
1427 4051 1524 4104 σὺν
1570 4053 1908 4111 Ἀννουϐίωνι

319 4132 456 4209 ἧκεν
507 4136 710 4209 ἀρτίως
751 4138 861 4190 ἀπὸ
918 4137 1266 4208 Ἀντιοχείας,
1301 4141 1395 4195 καὶ
1445 4143 1710 4210 ξενίζεται
1756 4149 1909 4221 παρά

319 4229 546 4299 Σίμωνι.
587 4228 643 4281 '0
666 4227 723 4281 δὲ
747 4229 928 4302 πατὴρ
956 4229 1192 4294 ἀκούσας
1219 4233 1312 4286 καὶ
1338 4236 1527 4306 χαρεὶς
1548 4234 1648 4309 ἔφη
1684 4239 1902 4312 Πέτρῳ·

320 4317 392 4372 Εἴ
417 4336 507 4392 μοι
555 4320 890 4391 ἐπιτρέπεις,
939 4321 1239 4392 πορεύομαι
1271 4327 1730 4397 προσαγορεύσων
1778 4330 1905 4384 Ἀπ-

319 4415 501 4467 πίωνα
531 4413 626 4466 καὶ
678 4412 1037 4468 Ἀννουϐίωνα
1079 4417 1144 4469 ἐκ
1194 4415 1418 4489 πρώτης
1470 4418 1686 4490 ἡλικίας
1718 4422 1905 4491 φίλους

321 4523 413 4576 μοι
443 4506 861 4577 γεγενημένους.
920 4507 1091 4579 Τυχὸν
1137 4507 1246 4582 γὰρ
1305 4510 1665 4566 Ἀννουϐίωνα
1709 4514 1904 4581 πείσω,

318 4597 599 4668 Κλήμεντι
632 4597 974 4669 διαλεχθῆναι
1008 4599 1136 4670 περὶ
1168 4601 1454 4669 γενέσεως.
1471 4603 1583 4656 Καὶ
1614 4604 1642 4657 6
1668 4603 1904 4677 Πέτρος,

331 4691 642 4764 Ἐπιτρέπω
661 4733 676 4756 ,
704 4690 806 4763 ἔφη
824 4733 840 4759 ,
867 4693 960 4745 καὶ
987 4692 1191 4746 ἐπαινῶ
1217 4693 1286 4746 τὰ
1321 4693 1488 4763 φίλων
1508 4713 1568 4748 τε
1595 4696 1908 4769 πληροῦντα

322 4781 485 4853 μέρη.
520 4780 668 4852 Πλὴν
701 4781 868 4835 ἐννόει
899 4798 1009 4853 μοι,
1038 4781 1114 4845 ὡς
1136 4781 1278 4836 κατά
1313 4784 1569 4856 πρόνοιαν
1597 4785 1731 4839 Θεοῦ
1765 4803 1906 4839 παν-

316 4874 543 4943 ταχόθεν
578 4875 856 4946 συντρέχει
905 4873 974 4928 τὰ
1014 4874 1151 4947 πρὸς
1170 4875 1270 4946 τὴν
1296 4877 1395 4948 σὴν
1431 4877 1801 4951 πληροφορίαν
1827 4881 1910 4933 oi-

317 4964 471 5019 κείαν
496 4965 861 5019 ἀποτελοῦντα
885 4966 984 5038 τὴν
1012 4967 1296 5039 ἁρμονίαν.
1327 4966 1503 5021 Τοῦτο
1537 4969 1594 5021 δὲ
1635 4966 1789 5023 εἶπον
1819 4969 1908 5024 διὰ

316 5059 416 5128 τὴν
449 5057 828 5121 Ἀννουϐίωνος
853 5059 1141 5130 χρησίμως
1163 5075 1244 5111 σοι
1264 5057 1562 5129 γενομένην
1586 5059 1882 5130 ἐπιδημίαν
1899 5098 1914 5113 .

316 5147 429 5200 Καὶ
450 5149 478 5201 ό
502 5148 686 5219 πατήρ
701 5163 714 5177 ο
754 5145 992 5220 Ἀληθῶς
1025 5147 1233 5220 συνορῶ
1251 5147 1410 5200 τοῦτο
1440 5146 1578 5218 έχον.
1602 5148 1713 5202 Καὶ
1735 5149 1907 5204 ταῦτα

317 5237 486 5297 εἰπὼν
530 5238 800 5312 ἐπορεύθη
845 5239 980 5311 πρὸς
1007 5239 1230 5311 Σίμωνα
1257 5239 1319 5294 ²¹.

361 5313 364 5319 ’
389 5330 501 5385 ΧΠ.
556 5331 744 5403 Ἡμεῖς
757 5331 814 5385 δὲ
827 5331 877 5385 οἱ
899 5330 1146 5395 συνόντες
1167 5331 1246 5403 τῷ
1271 5331 1462 5402 Πέτρῳ
1475 5330 1543 5386 δι’
1563 5330 1690 5402 ὅλης
1707 5333 1898 5396 νυκτὸς

391 5459 419 5488 ι
449 5445 647 5502 Matth.
679 5463 807 5515 xxv,
831 5441 922 5502 ﬂ.

1931 3037 1978 3097 C

2092 3120 2161 3176 Χ.
2202 3121 2335 3178 Post
2366 3122 2634 3179 Lazarum
2658 3123 2882 3196 Joseph,
2908 3135 2964 3182 et
2987 3130 3105 3199 ipse
3133 3147 3278 3188 unus
3305 3136 3591 3208 comitum,

2013 3213 2201 3273 dixit:
2234 3213 2406 3269 Recte
2439 3216 2669 3270 omnino
2716 3217 2935 3273 locutus
2978 3236 3060 3277 es.
3098 3221 3166 3276 Et
3206 3224 3340 3280 mihi
3383 3227 3596 3287 discere

2014 3304 2259 3376 cupienti
2285 3305 2390 3360 hoc
2415 3306 2631 3376 explica
2657 3323 2674 3360 :
2701 3322 2798 3362 cur
2822 3309 3041 3365 eosdem
3081 3315 3342 3372 omnibus
3377 3335 3592 3379 sermo-

2018 3407 2119 3451 nes
2145 3397 2474 3468 impertiris,
2505 3413 2631 3453 cum
2664 3399 2787 3454 aliis
2810 3401 3028 3469 quidem
3053 3407 3466 3481 persuadeatur,
3495 3415 3591 3471 alii

2017 3491 2198 3574 autem
2227 3505 2338 3546 non
2363 3491 2623 3547 credant?
2645 3491 2713 3545 Et
2738 3491 2932 3548 Petrus
2956 3512 2969 3548 :
3004 3494 3297 3554 Sermones
3321 3543 3337 3567 ,
3375 3503 3552 3574 inquit
3572 3548 3588 3573 ,

2017 3579 2162 3636 haud
2200 3597 2335 3638 sane
2376 3583 2784 3639 incantamenta
2830 3595 2990 3653 sunt,
3024 3589 3224 3658 quibus
3249 3634 3263 3658 ,
3295 3595 3390 3664 qui
3414 3599 3588 3669 audit,

2014 3673 2244 3729 omnino
2263 3673 2454 3730 credat
2477 3689 2701 3730 necesse
2725 3683 2831 3731 est.
2863 3676 3020 3744 Quod
3049 3680 3173 3736 aliis
3204 3688 3589 3760 persuadetur,

2014 3760 2138 3820 aliis
2169 3779 2314 3832 non,
2349 3764 2696 3822 manifestam
2744 3769 2937 3838 probat
2985 3772 3198 3830 arbitrii
3257 3777 3585 3840 libertatem.

2011 3855 2138 3912 Haec
2164 3856 2385 3912 elocuto
2413 3872 2515 3914 nos
2542 3873 2736 3916 omnes
2763 3861 3164 3922 benediximus.

2077 3944 2172 4001 XI.
2201 3947 2422 4006 Etcum
2464 3965 2567 4007 nos
2593 3954 2659 4008 ad
2693 3954 2963 4010 edendum
2996 3973 3461 4031 praepararemus,
3499 3968 3588 4020 in-

2008 4054 2230 4110 gressus
2247 4049 2332 4096 est
2345 4043 2569 4112 quidam
2593 4045 2850 4103 nuntians
2869 4066 2885 4102 :
2903 4050 3113 4119 Appion
3130 4053 3446 4122 plistonices
3459 4073 3583 4113 cum

2003 4132 2330 4188 Annubione
2358 4148 2533 4204 nuper
2574 4134 2864 4189 Antiochia
2892 4135 3061 4198 venit,
3102 4141 3409 4208 hospesque
3433 4153 3601 4194 recc--

2003 4231 2130 4296 ptus
2153 4234 2238 4280 eSt
2259 4241 2289 4280 a
2318 4225 2559 4281 Simone.
2588 4224 2799 4292 Quibus
2839 4226 3040 4281 auditis
3074 4236 3227 4296 pater
3248 4229 3470 4297 gavisus
3494 4226 3592 4284 Pe-

2003 4327 2090 4372 tro
2110 4317 2278 4372 dixit:
2306 4317 2363 4372 Si
2387 4318 2520 4371 mihi
2543 4319 2834 4388 permittis.
2858 4319 2946 4378 ibo
2967 4321 3261 4375 salutatum
3283 4320 3586 4391 Appionem

2004 4409 2476 4474 etAnnubionem,
2491 4410 2692 4481 quippe
2703 4412 2797 4482 qui
2815 4427 2844 4466 a
2865 4391 3036 4480 prima
3053 4423 3211 4469 aetate
3231 4413 3434 4470 fuerint
3450 4414 3585 4468 mihi

2006 4501 2190 4556 amici.
2217 4499 2474 4558 Fertasse
2509 4503 2671 4558 etiam
2713 4505 3026 4558 Annubioni
3054 4507 3411 4573 persuadebo,
3437 4517 3496 4560 ut
3517 4507 3588 4564 de

2006 4593 2192 4664 genesi
2216 4611 2341 4650 eum
2365 4594 2641 4653 Clemente
2661 4596 2917 4667 disputet.
2953 4597 3018 4651 Et
3045 4596 3239 4653 Petrus
3263 4615 3274 4649 :
3299 4597 3586 4667 Permitto,

2005 4686 2214 4756 inquit,
2257 4695 2313 4742 et
2350 4687 2534 4754 laudo,
2576 4689 2737 4745 amici
2783 4689 2956 4746 ollicio
2985 4700 3037 4744 te
3067 4692 3204 4746 velle
3247 4693 3584 4750 satisfacere.

2009 4778 2394 4838 Verumtamen
2419 4792 2633 4854 reputa,
2655 4786 2934 4856 quomodo
2953 4801 3018 4840 ex
3039 4784 3131 4841 Dei
3157 4787 3495 4857 providentia
3519 4791 3589 4846 ad

2011 4875 2227 4946 plenam
2262 4877 2670 4945 persuasionem
2695 4886 2842 4931 tuam
2864 4880 3177 4937 harmonice
3197 4861 3581 4954 perﬁciendam

2012 4969 2196 5024 omnia
2227 4969 2470 5039 undique
2504 4979 2854 5024 concurrant.
2893 4970 3006 5028 Hoc
3034 4983 3216 5030 autem
3258 4977 3416 5045 dico,
3450 4985 3580 5052 quia

2015 5060 2366 5117 Annubionis
2398 5062 2662 5116 adventus
2695 5061 2791 5116 tibi
2818 5066 3058 5134 expedit.
3109 5065 3175 5122 Et
3216 5078 3370 5139 pater
3398 5090 3412 5126 :
3446 5073 3579 5130 Rern

2009 5153 2084 5208 ita
2120 5169 2242 5211 sese
2264 5155 2466 5211 habere
2488 5165 2543 5211 et
2567 5171 2669 5227 ego
2698 5154 2941 5226 profecto
2956 5158 3131 5215 video.
3151 5159 3362 5227 Quibus
3394 5163 3578 5234 dictis,

2009 5248 2077 5302 ad
2108 5245 2388 5302 Simonem
2417 5246 2692 5317 profectus
2717 5261 2819 5305 est.
2964 5239 2966 5242 ’

2082 5339 2197 5395 ΧΠ.
2235 5339 2348 5397 Nos
2368 5351 2575 5409 autem,
2602 5343 2698 5413 qui
2727 5358 2851 5400 cum
2873 5342 3033 5400 Petro
3050 5359 3293 5413 eramus,
3318 5350 3580 5408 continuo

1585 5563 1820 5619 VARUE
1860 5563 2262 5622 LECTIONES.

369 5654 738 5739 ς”χαίρρυσαν
766 5654 1094 5739 τῂνκρᾶσιν
1124 5671 1186 5739 p.'
1213 5657 1428 5729 χαίρειν
1459 5657 1622 5739 κοιτὸι¹
1641 5659 1765 5739 τὴν⁴
1795 5659 1992 5739 κρᾷσιν
2013 5659 2072 5712 0.

2184 5659 2204 5740 ξ
2236 5660 2460 5744 χαίρων.
2517 5661 2710 5744 Tenes.
2770 5663 2990 5720 δύναται
3023 5680 3076 5737 p.
3112 5665 3338 5739 χαίρων,
3363 5673 3484 5724 τοτε
3519 5669 3579 5724 ας,

314 5723 624 5780 cantato.
696 5725 738 5756 ¹⁰
766 5723 951 5779 malini
988 5723 1428 5796 μετασύγκρίσιν.
1509 5730 1550 5761 ¹¹
1590 5729 1671 5783 Ad
1699 5723 2048 5783 )inubt’oncm.
2077 5727 2200 5784 Ruf.
2237 5723 2460 5801 Rec'ogu.
2490 5748 2545 5796 κ,
2584 5735 2674 5789 5:2.

602 5819 878 5880 PATROL.
933 5818 1052 5880 Gn.
1101 5820 1175 5880 ll.

3269 5832 3343 5892 15
