4048 6146
410 284 517 341 459

1301 279 1355 336 S.
1395 280 1786 336 CLEMENTIS
1825 279 1846 334 l
1884 279 2050 336 ROM.
2091 278 2292 334 PON'I‘.
2328 278 2559 334 OPERA
2594 278 2823 335 DUBIA.

3569 284 3672 340 ιω

411 401 801 471 interrogando
828 400 900 454 ob
926 401 1261 470 voluptatem
1307 410 1473 469 atque
1523 399 1846 453 suavitatem
1891 398 1978 452 di-

2095 397 2408 470 ἐπαλλήλως
2423 397 2814 471 πυνθανόμενοι
2832 401 2936 455 ύπό
2948 419 3008 455 τε
3038 401 3231 472 ἡδονῆς
3257 402 3353 454 καὶ
3371 405 3546 474 χαρᾶς
3565 406 3674 458 τῶν

409 507 622 549 etorum
654 503 825 549 totam
846 503 1059 548 noctem
1084 495 1274 564 vigiles
1304 494 1731 562 permansimus.
1758 491 1976 546 Etcum

404 589 517 658 jam
561 595 976 651 auroresceret‘,
1011 585 1202 640 Petrus
1246 601 1333 640 me
1377 601 1441 640 ac
1493 584 1690 639 fratres
1717 599 1870 638 meos
1898 585 1985 638 in-

408 691 588 746 tuens,
623 680 798 733 dixit:
827 675 1056 737 Ilazsito,
1087 676 1217 744 quid
1258 677 1395 748 patri
1437 686 1623 731 vestro
1666 676 1843 730 visum
1890 676 1980 730 sit.

412 770 526 826 Hoc
578 770 743 825 Petro
802 769 1003 824 dicenti
1054 777 1209 838 pater
1276 768 1611 832 intervenit,
1676 767 1985 837 reperitque

409 877 534 916 eum
568 862 727 918 nobis
756 859 823 914 de
845 873 905 913 se
934 859 1268 930 loquentem.
1301 858 1472 926 Quem
1506 875 1630 914 cum
1661 867 1981 915 maerentem

415 954 642 1019 videret,
673 961 795 1023 post
815 951 1199 1006 salutationem
1225 953 1292 1007 ad
1323 969 1381 1008 se
1405 953 1584 1022 ipsum
1611 951 1982 1006 excusandum

407 1045 681 1115 exposuit,
723 1058 888 1112 quam
941 1043 1014 1097 ob
1057 1058 1283 1098 causam
1318 1040 1459 1097 foris
1507 1042 1825 1097 dormisset.
1873 1039 1984 1094 Nos

404 1153 535 1193 vero
565 1152 690 1190 eum
729 1135 1006 1190 intuentes
1030 1135 1370 1204 expavimus,
1409 1134 1613 1188 vultum
1648 1133 1866 1202 quidem
1898 1131 1986 1185 Si—

406 1227 584 1282 monis
611 1227 881 1291 videntes,
896 1241 1085 1281 vocem
1101 1239 1281 1280 autem
1298 1224 1481 1279 Fausti
1505 1225 1674 1294 patris
1702 1223 1871 1278 nostri
1888 1239 1983 1276 an-

403 1321 630 1374 dientes.
670 1317 872 1374 Etcum
907 1333 1024 1373 enm
1054 1317 1542 1388 fugeremusatque
1570 1316 1984 1370 exhorrescere»

407 1427 551 1477 mus,
585 1411 870 1482 obstupuit
905 1421 1082 1482 pater,
1109 1409 1257 1481 quod
1289 1419 1398 1465 tam
1423 1416 1642 1464 austere
1671 1423 1735 1462 ac
1765 1407 1984 1461 inimice

404 1521 530 1558 eum
577 1519 643 1559 eo
692 1518 998 1575 ageremus.
1059 1500 1222 1556 Solus
1269 1508 1452 1555 autem
1505 1499 1694 1554 Petrus
1749 1497 1980 1552 formam

403 1595 524 1664 ejus
555 1595 860 1650 naturalem
887 1592 1022 1646 vidit
1045 1591 1316 1660 nobisque
1338 1579 1478 1643 dixit
1506 1604 1522 1643 :
1554 1588 1665 1642 Cur
1694 1602 1984 1642 exsecrar-

404 1694 486 1739 tes
513 1684 760 1756 refugitis
805 1699 834 1736 a
867 1691 1018 1752 patre
1063 1681 1282 1735 vestro?
1310 1679 1411 1733 Cui
1445 1694 1546 1733 nos
1581 1693 1689 1732 una
1718 1691 1840 1730 eum
1868 1692 1983 1730 ma—

2087 490 2393 562 λεγομένων
2435 492 2696 562 νήφοντες
2743 492 3230 564 ἐνυκτερεύσαμεν.
3279 493 3419 564 ’Ἤδη
3454 493 3512 546 δέ
3557 513 3672 559 πως

2087 583 2282 646 νυκτὸς
2307 584 2786 662 ὑπαυγαζομένης,
2807 585 3014 658 Πέτρος
3041 585 3315 656 ἐμϐλέψας
3334 585 3458 656 ἐμοί
3487 602 3546 638 τε
3579 588 3674 641 καὶ

2085 676 2197 737 τοῖς
2219 674 2466 743 ἀδελφοῖς
2489 692 2613 746 μου,
2638 675 2740 746 ἔφη
2756 693 2769 704 ·
2793 676 3067 748 Διαπορῶ,
3086 677 3140 729 τί
3161 675 3307 741 ἔδοξε
3322 675 3400 746 τῷ
3425 676 3674 749 ὑμετέρῳ

2090 764 2274 835 πατρί.
2303 766 2414 818 Kal
2441 765 2691 834 λέγοντος
2720 764 2878 818 τοῦτο
2903 760 3037 837 ἦκεν
3060 768 3088 819 ὁ
3115 766 3299 838 πατὴρ
3325 767 3512 820 αὐτόθι
3534 806 3551 831 ,
3581 767 3674 822 τὸν

2087 857 2295 928 Πέτρον
2313 857 2444 927 ἡμῖν
2464 857 2594 929 περὶ
2608 857 2774 911 αὐτοῦ
2797 857 3174 929 διαλεγόμενον
3200 858 3521 912 καταλαϐών
3535 875 3549 889 δ
3578 860 3673 914 καὶ

2086 948 2399 1020 ἀθυμοῦντα
2435 949 2557 1004 ἰδὼν
2585 949 3031 1021 προσαγορεύσας
3058 950 3434 1022 ἀπελογήσατο
3453 990 3468 1014 ,
3493 949 3562 1004 δι’
3604 952 3674 1022 ἢν

2086 1041 2264 1095 αἰτίαν
2295 1041 2399 1108 ἐξω
2431 1041 2774 1114 κεκοίμηται.
2825 1044 3014 1113 Ἡμεῖς
3043 1041 3100 1096 δὲ
3131 1042 3494 1114 ἐμϐλέποντες
3521 1044 3674 1114 αὐτῷ

2086 1132 2493 1204 ἐξεστήκειμεν,
2512 1133 2574 1185 τὸ
2593 1129 2732 1197 εἶδος
2751 1134 2995 1205 Σίμωνος
3012 1133 3266 1204 ὁρῶντες,
3289 1135 3471 1206 φωνῆς
3487 1135 3544 1189 δὲ
3573 1135 3672 1189 τοῦ

2091 1227 2297 1298 πατρὸς
2319 1227 2475 1298 ἡμῶν
2501 1227 2791 1290 ἀκούοντες
2807 1227 3072 1280 Φαύστου.
3107 1229 3216 1281 Kal
3235 1227 3396 1300 40⁷
3427 1228 3491 1300 δὴ
3537 1246 3672 1297 φευ-

2084 1318 2287 1386 γόντων
2313 1317 2468 1388 ήμῶν
2508 1318 2669 1371 αὐτὸν
2689 1317 2729 1348 ¹¹
2751 1319 2845 1371 καὶ
2879 1319 3216 1391 στυγούντων
3251 1317 3624 1389 ἐξεπέπληκτο
3641 1321 3673 1372 ό

2085 1409 2268 1482 πατὴρ
2286 1411 2379 1464 ἐπὶ
2391 1408 2469 1480 τῷ
2484 1409 2657 1473 οὕτως
2671 1411 2896 1480 ἀπηνῶς
2911 1412 3007 1464 καὶ
3021 1410 3234 1482 ἐχθρῶς
3250 1397 3670 1483 αὐτῷ’χρῆσθαι.

2086 1502 2263 1566 Μόνος
2284 1502 2341 1554 δὲ
2361 1503 2569 1574 Πέτρος
2603 1504 2704 1576 τὴν
2733 1503 2874 1557 κατά
2897 1503 3058 1573 φύσιν
3079 1503 3243 1558 αὑτοῦ
3279 1504 3422 1575 ὁρῶν
3457 1505 3677 1576 μορφὴ)

2085 1591 2221 1662 πρὸς
2247 1593 2397 1663 ήμᾶς
2423 1591 2548 1664 ἔφη·
2571 1593 2726 1656 Τίνος
2745 1593 2906 1646 ἕνεκα
2925 1579 3336 1664 βδελυσσόμὲνοι
3354 1593 3669 1647 ἀπωθεῖσθε

2084 1683 2175 1736 τὸν
2196 1683 2459 1756 ὑμέτερον
2479 1684 2718 1755 πατέρα;
2750 1686 2941 1756 Ἡμεῖς
2965 1686 3021 1739 δέ
3052 1687 3146 1740 καὶ
3167 1689 3199 1757 ἡ
3227 1689 3408 1759 μήτηρ
3424 1686 3632 1757 ἔφαμεν
3653 1702 3671 1716 ·

404 1786 485 1830 tre
531 1775 954 1845 respondimus:
989 1773 1176 1828 Simon
1222 1772 1323 1826 iste
1367 1771 1524 1851 nobis
1570 1785 1691 1824 esse
1745 1769 1981 1834 videtur,

2086 1741 2267 1845 Ely.th
2291 1741 2423 1847 ἡμῖν
2445 1771 2600 1840 οὗτος
2620 1741 2870 1845 φαίνεται
2901 1741 3084 1850 φωνὴν
3112 1741 3250 1849 ἔχων
3276 1741 3670 1851 τοῦιήμετέρου

405 1883 594 1922 vocem
621 1867 827 1921 habens
854 1864 1025 1933 patris
1050 1863 1244 1918 nostri.
1274 1861 1340 1916 Et
1367 1847 1562 1916 Petrus
1593 1861 1730 1915 dixit
1763 1878 1777 1914 :
1817 1859 1983 1914 Vobis

400 1960 620 2030 quidem
653 1974 759 2012 vox
782 1957 903 2028 ejus
929 1956 1222 2026 prmstigiis
1253 1970 1363 2012 non
1393 1962 1602 2008 mutata
1634 1955 1747 2007 sola
1780 1968 1997 2024 cogno-

401 2051 600 2118 scitur;
620 2065 806 2106 verum
830 2049 1006 2105 oculis
1035 2049 1176 2103 meis
1196 2063 1305 2102 non
1333 2045 1616 2102 fascinatis
1643 2047 1827 2100 vultus
1845 2062 1983 2115 quo-

399 2160 528 2216 que,
559 2143 739 2214 qualis
782 2151 888 2208 est,
941 2149 1204 2212 apparet,
1234 2155 1344 2196 non
1375 2139 1640 2202 Simonis,
1667 2138 1763 2193 sed
1794 2136 1980 2193 Fausti

401 2237 573 2306 patris
601 2235 788 2292 vestri.
823 2233 963 2289 Tum
991 2235 1104 2305 jam
1133 2242 1341 2304 patrem
1370 2231 1783 2304 reSpexiteique
1807 2219 1994 2286 dixitz'

403 2328 628 2399 Propria
659 2327 832 2382 facies
865 2327 973 2381 illis
1007 2326 1061 2379 in
1111 2335 1163 2381 te
1195 2340 1303 2380 non
1339 2334 1585 2396 apparet,
1615 2324 1708 2379 sed
1739 2323 1980 2380 Simonis

401 2419 798 2489 protervissimi
833 2419 1105 2488 nobisque
1134 2417 1525 2472 inimicissimi.

469 2531 608 2586 XIII.
644 2531 770 2588 Ilaec
798 2532 958 2586 Petro
985 2530 1241 2601 loquente
1278 2529 1501 2584 advenit
1539 2528 1763 2598 quidam
1795 2543 1862 2582 ex
1888 2527 1976 2593 iis,

398 2624 490 2692 qui
515 2622 862 2676 Antiochiam
888 2621 1154 2692 pramissi
1179 2620 1417 2687 fuerant,
1446 2619 1605 2689 eique
1624 2619 1762 2674 dixit
1785 2638 1797 2672 :
1825 2618 1978 2672 Scire

399 2725 455 2770 te
479 2714 608 2768 volo
631 2752 646 2777 ,
680 2714 756 2767 mi
787 2713 1032 2776 domine,
1064 2711 1347 2766 Simonem
1373 2753 1389 2777 ,
1418 2711 1724 2764 Antiochiae
1761 2710 1978 2779 publice

402 2805 570 2859 multa
597 2803 844 2874 prodigia
885 2803 1132 2857 edentem
1160 2842 1176 2866 ,
1227 2817 1446 2872 magum
1505 2810 1558 2856 te
1601 2802 1878 2871 appellare
1912 2817 1977 2857 ac

401 2894 891 2966 tmestigiatorem,
942 2891 1260 2962 incolasque
1294 2891 1390 2956 ,ad‘
1436 2901 1651 2948 tantum
1701 2895 1976 2952 excitasse

399 2985 623 3051 odium,
657 2993 717 3038 ut
763 2985 945 3054 quivis
999 2985 1270 3040 desiderio
1309 2987 1528 3065 anhelet
1578 2988 1665 3041 vel
1714 2989 1974 3043 carnibus

2085 1865 2307 1936 πατρός.
2359 1866 2468 1921 Kal
2499 1869 2528 1921 ό
2559 1867 2766 1939 Πέτρος
2796 1868 2929 1938 ἔφη’
2976 1869 3133 1940 Ὑμῖν
3171 1870 3268 1939 μὲν
3295 1872 3328 1940 ἡ
3359 1869 3671 1940 ἀμάγευτος

2085 1954 2248 2008 αὐτοῦ
2273 1955 2426 2028 φωνὴ
2466 1957 2600 2029 μόνη
2627 1955 2902 2030 γνώριμός
2931 1959 3100 2021 ἐστιν,
3136 1958 3270 2029 ἐμοῦ
3297 1958 3354 2012 δὲ
3381 1961 3497 2023 τοῖς
3519 1959 3668 2029 ἀμα-

2083 2049 2297 2118 γεύτοις
2322 2049 2619 2120 ὀφθαλμοῖς
2643 2051 2738 2105 καὶ
2763 2050 2826 2104 τὸ
2839 2046 2978 2114 εἶδος
3005 2050 3170 2104 αὐτοῦ
3193 2052 3269 2114 ὡς
3289 2051 3432 2104 ἐστιν
3449 2053 3666 2123 ὁρατὸν,

2082 2143 2161 2194 ὅτι
2190 2142 2262 2213 μή
2291 2143 2406 2194 ἐστι
2438 2142 2652 2212 Σίμων,
2681 2141 2818 2196 ἀλλά
2848 2140 3090 2204 Φαῦστος
3113 2144 3142 2196 ὁ
3172 2143 3438 2214 ὑμέτερος
3457 2142 3663 2213 πατήρ.

2083 2234 2216 2288 Τότε
2267 2233 2332 2306 δὴ
2381 2233 2799 2306 προσεμωέψας
2839 2236 2934 2289 καὶ
2970 2233 3049 2304 τῷ
3081 2236 3250 2305 πατρὶ
3283 2233 3415 2305 ἔφη·
3451 2233 3667 2306 [Ἰδι]όν

2083 2343 2176 2379 σου
2210 2321 2356 2396 εἶδος,
2389 2327 2574 2390 αὐτοῖς
2604 2327 2665 2380 οὐ
2696 2325 2968 2396 φαίνεται,
2997 2325 3132 2379 ἀλλὰ
3158 2325 3401 2397 Σίμωνος
3423 2325 3520 2380 τοῦ
3547 2327 3676 2380 ἀσεον

2080 2419 2344 2473 6εστάτου
2373 2419 2468 2472 καὶ
2494 2421 2624 2490 ἡμῖν
2649 2415 2965 2489 [ἐχθίστου].

2151 2531 2288 2585 XIII.
2331 2530 2518 2584 Ταῦτα
2544 2530 2638 2584 τοῦ
2675 2530 2880 2602 Πέτρου
2909 2530 3288 2602 διαλεγομένου
3317 2529 3560 2600 ἐπεισῄει
3580 2541 3675 2593 τις

2077 2623 2185 2677 τῶν
2217 2623 2458 2694 προόδων
2480 2622 2589 2676 άπὸ
2621 2622 2722 2693 τῆς
2764 2623 3093 2692 Ἀντιοχείας
3125 2619 3544 2693 [ὑποστραφεὶς]
3584 2618 3666 2672 λέ-

2077 2730 2190 2783 γων
2222 2706 2444 2784 Πέτρην
2478 2713 2690 2766 Είδέναι
2733 2731 2792 2766 σε
2830 2713 2968 2767 θέλω
2988 2753 3002 2777 ,
3032 2713 3188 2786 κύριέ
3219 2729 3341 2784 μου,
3376 2713 3457 2766 ὅτι
3481 2712 3662 2782 Σίμων

2077 2808 2135 2859 ἐν
2154 2810 2222 2878 τῇ
2256 2806 2553 2877 Ἀντιοχείᾳ
2573 2806 2637 2877 δη
2647 2806 2809 2877 μοσία
2831 2805 3004 2859 πολλὰ
3021 2807 3280 2878 τεράστια
3298 2805 3464 2858 ποιῶν
3491 2805 3664 2878 μάγον

2078 2913 2138 2949 σε
2159 2897 2202 2927 ¹³
2218 2896 2496 2966 ὀνομάζων
2512 2896 2606 2948 καὶ
2625 2895 2796 2966 γόητα
2816 2895 3061 2967 καὶπρὸς
3080 2894 3331 2949 τοσοῦτον
3358 2895 3556 2958 αὐτοὺς
3584 2897 3665 2966 μῖ-

2079 3005 2170 3051 σος
2182 2989 2612 3063 παρεσκεύασεν,
2626 2989 2700 3051 ὡς
2711 2988 3187 3059 γλίχεσθαι-πάντα
3202 2989 3299 3043 ἄνθ
3308 3005 3487 3059 ρωπον
3501 2988 3607 3040 τῶν
3621 2988 3664 3018 ⁸⁸

400 3079 509 3134 tuis
532 3077 806 3145 vescendi.
841 3076 1184 3146 Quapropter
1215 3092 1331 3155 nos
1356 3118 1372 3145 ,
1403 3079 1669 3148 praemissi
1705 3095 1829 3136 cum
1862 3079 1973 3136 fra-

2078 3080 2194 3134 ἐκεῖ
2238 3081 2687 3154 ἐπιδημησάντων
2751 3080 2968 3152 σαρκῶν
3014 3080 3193 3134 αὐτῶν
3255 3077 3662 3148 ἀπογεύσασθαι

401 3169 577 3224 tribus
605 3168 809 3224 nostris
840 3167 1049 3222 Simoni
1073 3184 1104 3223 a
1132 3177 1183 3224 te
1214 3169 1508 3239 adiunctis,
1549 3185 1673 3226 cum
1694 3172 1971 3228 civitatem

397 3262 749 3316 vehementer
770 3270 961 3316 contra
979 3269 1030 3316 te
1053 3270 1384 3317 commotam
1405 3261 1736 3330 videremus,
1761 3265 1974 3320 occulte

398 3353 760 3427 convenimus
779 3393 794 3419 ,
832 3353 962 3423 Quid
991 3353 1105 3408 fieri
1133 3363 1412 3424 oporteret
1443 3356 1878 3412 considerantes.
1906 3357 1988 3414 Et-

397 3464 522 3503 cum
548 3448 742 3502 inrerti
767 3448 1164 3514 haesitaremus,
1198 3448 1486 3504 Cornelius
1514 3450 1782 3517 centurio,
1807 3467 1989 3520 quem.

398 3541 660 3596 Caesarea:
685 3539 950 3595 Dominus
984 3555 1014 3593 a
1042 3539 1288 3596 daemone
1322 3541 1572 3597 liberavit
1591 3583 1606 3606 .
1637 3543 1707 3597 ab
1738 3543 1974 3613 impera-

399 3643 517 3686 tore
562 3632 628 3685 ad
684 3631 977 3700 provincia:
1029 3631 1341 3700 praefectum
1393 3633 1598 3688 missus
1633 3636 1967 3704 supervenit.

397 3725 502 3792 Qui
533 3741 562 3779 a
588 3724 750 3779 nobis
795 3723 933 3778 clam
975 3720 1278 3781 accersit-us
1314 3741 1378 3781 ac
1403 3727 1469 3783 de
1499 3743 1668 3784 causa
1695 3730 1989 3784 mmstitize-

399 3824 602 3869 nostrte
630 3814 828 3869 certior
854 3814 1035 3868 factus
1077 3824 1132 3869 et
1178 3825 1241 3868 nt
1288 3816 1503 3887 iuvaret
1532 3828 1755 3888 rogatus
1785 3833 1972 3889 prom-

397 3905 646 3975 ptissime
701 3907 953 3975 promisit
996 3921 1056 3960 se
1111 3921 1236 3961 eum
1289 3907 1638 3977 fugatorum,
1673 3909 1717 3964 si
1748 3911 1966 3978 quidem

397 4005 638 4066 emptum
681 3997 785 4066 ipsi
825 3997 1222 4067 adjutarentus.
1265 3998 1520 4068 Cumque
1563 4001 1790 4070 pol-liciti
1819 4018 1971 4058 esse-

398 4101 523 4142 mus
557 4086 748 4142 sedqu
787 4102 886 4142 nos
917 4087 1101 4141 omnia
1143 4083 1383 4144 facturos
1410 4106 1425 4142 :
1463 4087 1576 4158 Ego
1599 4131 1614 4156 ,
1645 4091 1843 4160 inquit,
1874 4108 1970 4162 per

397 4176 600 4231 multos
627 4189 780 4230 meos
811 4176 1019 4229 amicos
1043 4175 1310 4244 evulgabo
1367 4190 1454 4230 me
1505 4176 1718 4231 venisse
1743 4177 1810 4230 ad
1841 4193 1966 4232 eum

397 4267 768 4338 capiendum,
820 4281 945 4320 eum
1011 4263 1192 4319 Caesar
1259 4264 1448 4320 multis
1503 4266 1677 4336 magis
1739 4267 1969 4324 sublatis

395 4360 586 4417 de.eo
641 4359 842 4414 certior
899 4357 1078 4412 Iactus
1132 4372 1218 4412 me
1267 4358 1335 4412 ad
1377 4359 1432 4414 id
1477 4358 1758 4426 misisset,
1803 4369 1864 4414 ut
1910 4371 1965 4416 et

395 4453 573 4522 ipsum
611 4449 802 4504 eodem
861 4449 1058 4512 modo,
1111 4462 1223 4518 quo
1289 4448 1442 4518 prius
1496 4450 1963 4520 praestigiatores,

395 4542 631 4614 puniret.
659 4540 724 4594 Et
745 4540 838 4611 qui
870 4555 936 4595 ex
967 4540 1169 4595 vestris
1195 4534 1318 4594 cum
1350 4555 1416 4595 eo
1453 4552 1777 4606 versantur,
1805 4543 1967 4613 quasi

395 4638 606 4692 occulte
630 4636 983 4703 undicunqne
1027 4632 1336 4697 audierint,
1368 4632 1602 4688 referant
1652 4634 1738 4701 ei,
1779 4650 1868 4690 me
1889 4636 1966 4691 ad

393 4728 718 4798 capiendum
749 4741 874 4780 eum
910 4737 1032 4779 esse
1058 4723 1346 4778 emissum.
1380 4721 1593 4790 Quibus
1619 4725 1824 4780 auditis
1855 4724 1970 4780 for-

393 4830 539 4874 tasse
568 4831 768 4888 pavore
817 4823 1102 4886 correptus
1149 4812 1410 4884 aufugiet.
1458 4813 1596 4869 Cum
1643 4816 1792 4870 aliud
1834 4816 1968 4885 quid

2076 3191 2190 3227 σου.
2212 3173 2372 3226 Ὅθεν
2391 3174 2552 3244 ἡμεῖς
2564 3173 2613 3224 οἱ
2629 3170 2844 3242 πρόοδοι
2866 3169 3007 3244 μετὰ
3019 3171 3128 3224 τῶν
3149 3169 3254 3224 ὑπὸ
3277 3169 3371 3223 σοῦ
3386 3169 3464 3240 τῷ
3490 3169 3664 3239 Σίμω-

2073 3283 2125 3319 νι
2154 3264 2607 3336 ὑποϐεϐλημένων
2624 3262 2866 3333 ἀδελφῶν
2885 3262 3062 3334 ἡμῶν,
3084 3262 3218 3316 πολὺ
3243 3260 3384 3315 κατά
3412 3260 3504 3314 σοῦ
3533 3258 3663 3331 βρύ-

2072 3374 2272 3429 χουσαν
2297 3357 2396 3429 τὴν
2421 3357 2574 3410 πόλιν
2603 3352 2939 3428 ἑωρακότες,
2968 3353 3154 3426 κρύφα
3173 3355 3254 3417 εἰς
3275 3353 3335 3406 τὸ
3359 3353 3493 3406 αὐτὸ
3515 3354 3664 3421 γενό-

2075 3467 2227 3523 μενοι
2266 3447 2574 3520 σκοποῦμεν
2598 3449 2663 3513 ¹⁵,
2689 3447 2744 3500 τι
2775 3446 2882 3520 χρὴ
2919 3447 3114 3500 ποιεῖν.
3143 3444 3253 3498 Kal
3275 3445 3340 3517 δὴ
3368 3447 3424 3498 ἐν
3455 3446 3663 3516 ἀπορίᾳ.

2072 3541 2230 3615 ήμῶν
2256 3541 2424 3597 ὄντων
2451 3541 2763 3612 ἐπεδήμησε
2786 3539 3085 3612 Κορνήλιος
3107 3537 3518 3608 ἑκατόνταρχος,
3555 3536 3664 3590 ὑπὸ

2070 3633 2640 3705 Καίσαροςπεμφθεὶς
2659 3631 2794 3704 πρὸς
2820 3631 2911 3684 τὸν
2925 3631 3023 3703 τῆς
3045 3629 3316 3702 ἐπαρχίας
3332 3629 3464 3700 ήγού
3473 3646 3657 3700 μενον,

2070 3725 2129 3781 ὃν
2158 3726 2216 3780 ἐν
2263 3726 2573 3798 Καισαρείᾳ
2600 3723 2945 3797 δαιμονῶντα
2969 3721 3135 3794 408
3160 3722 3344 3776 ἰάσατο
3372 3722 3402 3773 ό
3430 3721 3655 3792 Κύριος.

2071 3811 2236 3880 Οὗτος
2269 3816 2676 3888 μεταπεμφθεὶς
2714 3816 2802 3884 ὑφ’
2851 3813 3009 3886 ήμῶν
3055 3813 3237 3885 κρύφα
3263 3814 3358 3867 καὶ
3389 3815 3487 3884 τῆς
3527 3815 3657 3868 ἀθυ-

2075 3907 2201 3978 μίας
2225 3907 2324 3978 τήν
2345 3907 2524 3960 αἰτίαν
2548 3906 2676 3977 παρ’
2702 3903 2858 3976 ἡμῶν
2887 3903 3072 3975 μαθὼν
3117 3905 3211 3958 καὶ
3249 3903 3458 3974 βοηθεῖν
3491 3902 3652 3968 ἀξιω-

2070 3998 2183 4062 θεὶς
2210 3998 2597 4070 προθυμότατα
2632 3997 2898 4067 ὑπέσχετο
2943 3995 3184 4068 φοϐήσας
3214 3996 3537 4064 φυγαδεύειν
3564 3996 3654 4051 αὐ-

2066 4089 2189 4154 τὸν,
2224 4089 2318 4144 ἐάν
2360 4106 2424 4158 γε
2466 4086 2631 4144 αὐτοῦ
2673 4087 2751 4159 τῷ
2791 4088 3147 4159 ἐγχειρήματι
3198 4088 3646 4160 ύπουργήσωμεν.

2080 4181 2267 4253 Ἦμῶν
2281 4180 2338 4233 δὲ
2359 4179 2590 4250 ἐτοίμως
2621 4178 2798 4233 πάντα
2837 4179 3083 4248 ποιήσειν
3107 4176 3498 4246 ὑποσχομένων
3517 4176 3614 4248 ἔφη
3632 4193 3646 4207 ο

2079 4271 2246 4344 Ἐμοῦ
2275 4270 2366 4325 διὰ
2407 4269 2617 4324 πολλῶν
2655 4268 2824 4338 φίλων
2863 4269 3048 4342 κρύφα
3081 4270 3161 4332 εἰς
3197 4267 3456 4338 σύλληψιν
3488 4263 3650 4320 αὑτοῦ

2067 4361 2381 4435 ἐληλυθέναι
2407 4357 2868 4432 περισκοποῦντος
2907 4357 3001 4411 καὶ
3030 4358 3211 4428 ζητεῖν
3238 4357 3397 4410 αὑτὸν
3428 4357 3652 4427 φάσκον-

2067 4471 2180 4518 τος,
2197 4452 2382 4506 καθότι
2396 4452 2614 4521 Καῖσαρ
2631 4447 2857 4513 πολλοὺς
2876 4449 3084 4519 μάγους
3100 4447 3302 4501 ἀνελὼν
3317 4448 3410 4502 καὶ
3426 4449 3502 4501 -τά
3529 4451 3649 4503 κατ’

2067 4543 2229 4597 αὑτὸν
2257 4540 2444 4614 μαθὼν
2484 4540 2586 4611 ἐμὲ
2633 4539 2726 4592 ἐπὶ
2763 4537 2862 4610 τήν
2903 4537 3069 4591 αὐτοῦ
3108 4537 3333 4610 ζήτησιν
3368 4537 3646 4610 ἐπεμψεν,

2067 4635 2216 4697 ὅπως
2227 4633 2322 4687 καὶ
2340 4630 2500 4685 αὑτὸν
2511 4630 2587 4693 ὡς
2609 4629 2704 4684 καὶ
2727 4629 2854 4692 τοὺς
2871 4629 2976 4700 πρὸ
2992 4627 3160 4681 αὐτοῦ
3185 4628 3391 4698 μάγους
3423 4630 3646 4700 κολάσῃ.

2067 4726 2178 4780 Kal
2205 4725 2254 4778 οἱ
2285 4722 2537 4794 ὑμέτεροι
2566 4722 2616 4774 οἱ
2646 4719 2891 4783 συνόντες
2916 4718 3061 4789 αὐτῷ
3091 4718 3166 4782 ὼς
3184 4719 3248 4791 δὴ
3277 4719 3459 4791 κρύφα
3487 4721 3647 4774 ποθὲν

2069 4814 2369 4888 ἀκηκοότες
2384 4810 2969 4885 προσαναφερέτωσαν,
2984 4809 3059 4873 ὼς
3076 4807 3210 4880 ἐμοῦ
3229 4809 3394 4864 ἕνεκα
3414 4810 3509 4863 τοῦ
3532 4811 3645 4863 συλ-

395 4912 575 4965 facere
599 4908 968 4978 cogitaremus
993 4945 1010 4972 ,
1057 4906 1221 4962 simul
1247 4906 1320 4960 ita
1347 4906 1547 4962 evenit.
1591 4906 1803 4963 Etenim
1831 4924 1955 4964 cum

2078 4908 2242 4962 ta6al’v
2253 4903 2414 4959 αὑτὸν
2429 4901 2835 4973 ἁπεσταλμένου
2843 4942 2856 4955 .
2875 4901 2985 4954 Kal
2995 4901 3155 4972 τυχὸν
3170 4901 3341 4954 ταῦτα
3356 4902 3371 4933 ¹
3379 4903 3398 4933 ⁶
3409 4901 3540 4956 ἀκού
3549 4920 3646 4966 σας

392 5015 448 5059 et
475 5018 542 5056 ex
568 4999 758 5056 multis
799 4999 991 5053 alienis
1033 4997 1174 5052 clam
1224 4998 1603 5054 nuntiantibus
1626 4999 1664 5065 ,λ
1700 5011 1958 5070 tanquam

339 5129 343 5132 -
393 5095 588 5163 ingens
619 5088 942 5144 beneﬁcium
971 5088 1075 5158 ipsi
1099 5085 1442 5151 conferrent,
1469 5096 1523 5142 et
1545 5089 1766 5158 insuper
1789 5106 1852 5143 ex
1882 5089 1963 5144 fa-

394 5182 699 5237 miliaribus
728 5188 1040 5234 nostrorum
1089 5178 1358 5234 simulatis
1404 5177 1536 5232 illud
1588 5178 1886 5234 audivisset
1907 5189 1962 5236 et

394 5273 538 5327 hanc
565 5285 688 5328 esse
717 5285 942 5325 suorum
979 5271 1306 5325 sententiam
1351 5278 1586 5340 putaret,
1623 5270 1726 5324 sibi
1761 5285 1960 5326 caven-

393 5365 523 5419 dum
547 5378 668 5418 esse
697 5362 971 5434 cognovit.
1004 5360 1293 5417 Antiochia
1320 5360 1484 5431 igitur
1514 5359 1805 5431 aufugiens
1834 5378 1958 5418 cum

2062 4997 2320 5069 φοὸηθεὶς
2363 4993 2637 5066 φεύξεται.
2682 4993 2834 5047 Ἐπεὶ
2861 4990 3040 5045 τοίνυν
3056 4992 3239 5064 ἐτερόν
3257 5009 3308 5044 τι
3328 4995 3499 5044 ποιεῖν
3527 4992 3647 5044 ἐπε·

2063 5073 2357 5159 νοήσαμεν,
2394 5085 2542 5157 ὁμῶς
2570 5083 2740 5148 οὕτως
2777 5084 3010 5152 ἐγένετο.
3057 5083 3191 5136 ’Υπό
3211 5099 3270 5135 τε
3297 5082 3405 5154 γὰρ
3432 5081 3644 5136 πολλῶν

2061 5178 2170 5232 τῶν
2197 5177 2302 5243 ἔξω
2325 5180 2404 5240 εἰς
2434 5176 2504 5230 τὰ
2541 5176 2750 5246 μεγάλα
2787 5175 2935 5246 αὐτῷ
2961 5174 3330 5247 χαριζομένων
3357 5173 3529 5246 λάθρα
3555 5173 3643 5225 λε·-

2063 5273 2288 5342 γόντων,
2333 5269 2412 5324 ἔτι
2433 5268 2490 5322 δέ
2516 5269 2610 5322 καὶ
2653 5267 2761 5320 τῶν
2809 5266 2953 5320 ἔνδον
3000 5266 3318 5339 ύποϐλητῶν
3359 5268 3641 5339 ἡμετέρων

2070 5363 2323 5436 ἀκηκοὼς
2365 5362 2460 5416 xal
2501 5361 2577 5425 ὡς
2628 5361 2758 5425 παρ’
2789 5358 2933 5412 ἰδίων
2973 5358 3197 5431 γνώμην
3236 5359 3472 5432 εἰληφὼς
3509 5361 3641 5415 ὐπο-

1656 5497 1889 5554 νΑιωΕ
1929 5497 2336 5556 LECTIONES.

463 5637 506 5666 κ
538 5635 612 5689 Ita
639 5636 891 5704 scripsic.
932 5635 1055 5689 Ruf.
1086 5651 1140 5698 χ,
1165 5631 1252 5700 55,
1281 5638 1458 5692 αὐτῶν
1491 5641 1551 5692 0.
1631 5637 1672 5669 ¹³
1704 5654 1762 5691 τε
1801 5640 1860 5692 Ο.

393 5707 518 5761 vbb.
579 5705 711 5757 πολὺ
765 5706 896 5756 κατὰ
936 5705 1026 5758 σοῦ
1064 5707 1380 5776 βρύχουσαν.
1491 5709 1532 5739 ⁸⁸
1559 5709 1720 5762 αὐτόν
1751 5711 1811 5761 0.

1970 5641 2013 5674 ιι
2046 5641 2144 5711 τήν
2173 5642 2234 5694 0.
2315 5639 2356 5670 ¹⁸
2392 5627 2593 5692 σκοποῦ
2623 5638 2715 5693 καί
2749 5636 2810 5703 0,
2847 5640 2901 5695 in
2924 5654 3034 5710 quo
3059 5639 3290 5696 subinde
3321 5647 3636 5708 repetuntur
