2020 3073
180 140 230 172 uti
526 134 528 136 ’
722 134 953 168 CLEMENTINA.

1020 138 1163 167 HOMILIA
1183 138 1240 166 XX.
1750 140 1803 169 462

181 197 335 225 στέλλεσθαι
351 198 430 230 ἔγνω.
450 194 584 233 Ἀποδρὰς
596 194 644 223 οὖν
654 196 704 232 τῆς
725 196 887 231 Ἀντιοχείας
899 196 968 231 μετὰ

1020 195 1195 223 Athenodoro
1210 196 1264 223 huc
1285 195 1376 228 venit,
1399 200 1428 223 ut
1447 195 1612 224 audivimus.
1637 196 1731 233 Itaque
1753 198 1805 227 tibi

186 242 367 278 Ἀθηνοδώρου
379 242 472 269 ἐνθάδε
482 241 619 278 ἐλήλύθεν,
627 242 665 274 ὼς
674 241 840 277 ἀκηκόαμεν.
850 241 895 267 Διὸ
904 249 935 267 συ
939 249 968 275 μ-

180 289 342 325 ϐουλεύομέν
355 298 396 315 σοι
417 290 499 324 μήπω
514 289 641 324 ἐπιϐῆναι
659 288 709 323 τῆς
728 287 830 319 πόλεως
848 287 967 322 ἐκείνης,

182 336 278 371 μέχρις
292 335 325 361 ἂν
340 334 455 370 εἴδωμεν
465 352 472 366 ,
488 336 512 361 εἰ
523 335 572 370 τῆς
580 334 649 360 κατὰ
668 333 714 360 σοῦ
728 332 852 367 διαϐολῆς
863 332 967 359 ἐκείνου

180 383 294 413 ἀπόντος
309 381 442 416 ὑπολῆσαι
456 381 623 417 δυνήσονται.

216 427 285 455 XIV.
306 415 399 454 Ταῦτα
426 427 473 453 τοῦ
501 415 614 462 προόδου
641 426 872 460 ἀπαγγείλαντος,
887 427 901 452 ὁ
917 415 979 452 Πέέ

179 484 241 510 τρος
253 474 292 510 τῷ
306 474 390 509 πατρὶ
403 473 611 510 προσεμϐλέψας
622 473 673 508 ἔφη
683 481 689 488 ·
712 472 841 505 Ἀκούεις,
854 472 968 503 Φαῦστε,

146 522 149 525 ί
181 520 233 547 ὑπὸ
245 520 366 555 Σίμωνος
374 519 424 545 τοῦ
431 519 525 553 Μάγου
537 519 553 553 ἡ
568 518 777 554 μεταμόρφωσίς
792 526 837 544 σου
848 517 968 551 γέγονεν,

179 567 218 598 ὡς
242 567 292 601 ἤδη
311 566 443 600 φαίνεται.
471 565 608 600 Καίσαρος
627 564 680 599 γὰρ
699 564 811 600 νομίσας
833 564 880 590 ἐπὶ
893 563 970 598 κακῷ

273 612 353 638 αὑτὸν
368 612 476 647 ζητεῖν,
493 610 621 645 φοϐηθεὶς
639 610 721 643 ἔφυγε
744 609 793 645 τὴν
819 609 913 635 ἑαυτοῦ
930 616 970 634 σοι

181 658 301 694 περιθεὶς
326 657 433 693 μορφὴν
446 677 452 689 ,
475 657 549 687 ὃπως
570 655 748 686 ἀποθανόντος
770 664 815 681 σου
838 656 893 686 τοῖς
916 655 971 685 σοῖς

154 716 158 720 ·
180 705 285 736 τέκνοις
310 705 326 739 ἠ
349 703 421 738 λύπη
446 703 568 738 γένηται.
597 702 688 728 Ταῦτα
709 702 722 728 ὁ
743 702 833 737 πατὴρ
853 700 969 732 ἀκούων,

180 750 281 776 κλαίων
297 749 344 776 καὶ
362 748 520 784 ὀδυρόμενος
545 748 596 782 ἔφη
607 756 614 762 ·
637 747 738 783 Ὀρθῶς
752 746 903 781 ὲστοχάσω,
918 747 971 772 Πέι

179 805 237 831 τρε.
259 795 417 822 Ἀννθυδίων
427 795 447 809 ¹⁷
461 794 527 830 [γὰρ
542 793 651 829 οἰκεῖός]
668 793 716 828 μού
729 801 762 828 με
778 792 862 827 φιλῶν
874 801 973 827 μυστη,

181 841 285 878 ριωδῶς
296 842 346 876 τὴν
363 840 508 875 ἐπιϐουλὴν
527 839 665 875 ἐξέφηνεν.
683 839 736 865 Καὶ
750 839 800 864 οὐκ
811 837 972 873 ὲπίστευ[σα

180 889 195 915 ὁ
208 886 401 922 ταλαίπωρος],
417 886 510 921 ἐπειδὴ
522 886 568 912 τοῦ
584 885 677 912 παθεῖν
688 885 761 920 ἥμην
776 884 859 916 ἄξιος.

216 933 275 960 XV.
288 932 380 959 Ταῦτα
392 932 439 958 τοῦ
451 932 552 967 πατρὸς
566 932 686 962 εἰπόντος
699 932 757 965 μετ’
770 931 800 957 ού
813 930 879 956 ’πολὺ
895 930 967 965 [Ἀν-

179 979 294 1007 νουϐίων
314 976 392 1014 ἦλθε]
415 978 483 1014 πρὸς
503 978 575 1013 ἡμᾶς
597 978 646 1012 τὴν
663 977 782 1012 Σίμωνος
798 978 862 1012 ἡμῖν
879 976 966 1011 δηλῶν

180 1025 281 1060 φυγὴν,
296 1025 342 1051 καὶ
357 1025 395 1055 ὡς
409 1025 493 1059 αὐτῆς
504 1024 599 1055 νυκτὸς
612 1024 658 1049 ἐπὶ
677 1023 810 1049 Ἰουδαίαν
827 1022 964 1058 ὥρμησεν.

181 1068 251 1107 Εὗρε
267 1071 295 1096 δὲ
310 1070 355 1096 τὸν
368 1070 472 1105 πατέρα
483 1070 559 1105 ἡμῶν
574 1069 796 1104 κοπτόμενονοιαλ¹
809 1069 877 1103 μετὰ
889 1068 967 1103 ὀδυρά

182 1117 240 1152 μῶν
256 1116 377 1151 λέγοντα·
404 1116 493 1151 Οῖμοι,
520 1116 591 1150 οἴμοι
617 1117 630 1142 ὁ
652 1115 749 1147 τάλας,
778 1115 862 1150 μάγον
887 1113 967 1140 αὐτὸν

180 1163 287 1190 ἀκούων
304 1163 444 1198 ἠπίστουν.
468 1163 500 1188 '0
516 1162 688 1197 ταλαίπωρος
703 1160 769 1196 πρὸς
786 1160 848 1195 μίαν
862 1160 967 1195 ἡμέραν

181 1209 358 1244 ἐπιγνωσθεὶς
371 1218 403 1235 συ
408 1208 477 1244 μϐίῳ
489 1209 535 1235 καὶ
545 1208 649 1238 τέκνοις
661 1207 765 1242 ταχέως
779 1207 825 1232 ἐπὶ
837 1206 887 1241 τὴν
901 1215 968 1241 προ-

180 1256 263 1291 τέραν
287 1255 336 1290 τῆς
359 1254 468 1289 ἀγνοίας
489 1252 569 1289 ἦλθον
592 1253 741 1288 συμφοράν.
764 1252 818 1278 Καὶ
839 1252 855 1286 ἡ
878 1252 968 1287 μήτηρ

180 1300 329 1335 ὀδυρομένη
354 1300 402 1330 τὰς
425 1299 521 1335 τρίχας
545 1298 709 1325 κατέτιλλεν.
733 1298 833 1333 Ἥμεῖς
853 1298 882 1323 δὲ
905 1298 969 1333 περὶ

181 1347 230 1382 τῆς
246 1346 293 1372 τοῦ
310 1346 412 1381 πατρὸς
423 1345 590 1377 ἀλλοιώσεως
603 1345 797 1381 ἀδημονοῦντες
813 1344 967 1380 ἐστένομεν,

181 1393 195 1419 ὅ
210 1401 237 1418 τι
255 1392 319 1418 ποτὲ
335 1389 368 1427 ἧν
386 1392 526 1427 συννοῆσαι
543 1393 579 1426 μὴ
591 1391 743 1426 δυνάμενοι.
765 1390 927 1417 Ἀννουδίων
941 1390 969 1416 δὲ

182 1437 267 1463 ταῦτα
282 1436 388 1463 ἀκούων
405 1437 451 1462 καὶ
467 1435 537 1471 ὁρῶν
553 1436 655 1470 ἀχανὴς
671 1435 746 1471 ἔστη.
770 1435 803 1461 '0
819 1434 848 1461 δὲ
866 1434 969 1469 Πέτρος

181 1483 249 1517 ἡμῖν
265 1483 322 1513 τοῖς
336 1482 441 1513 τέκνοις
455 1482 501 1508 ἐπὶ
517 1482 625 1508 πάντων
641 1481 703 1517 ἔφη·
723 1480 891 1508 Πιστεύσατέ
913 1488 968 1515 μοι,

181 1525 259 1559 οὗτός
279 1528 337 1554 ἐστι
357 1526 478 1559 Φαῦστος
494 1528 507 1553 ὁ
524 1527 614 1563 πατὴρ
636 1526 723 1562 ὑμῶν.
744 1526 789 1552 Διὸ
810 1526 843 1560 δὴ
866 1525 970 1552 κελεύω

182 1575 257 1610 ὑμῖν,
274 1574 312 1605 ὡς
329 1574 413 1609 πατρὶ
429 1560 717 1608 προσέχεινίΪΙαρέξει
734 1571 787 1607 γὰρ
804 1570 891 1601 ὁΘεὺς
904 1570 972 1606 πρό-
984 1560 1005 1588 c

182 1621 266 1657 φασίν
278 1629 349 1652 τινα,
360 1620 392 1646 δι’
401 1616 434 1655 ἧς
448 1620 497 1655 τὴν
512 1619 631 1654 Σίμωνος
646 1618 848 1653 ἀποδυσάμενος
866 1617 971 1652 μορφὴν

181 1668 232 1704 τὴν
252 1667 299 1694 τοῦ
316 1667 419 1702 πατρὸς
436 1666 511 1701 ὑμῶν
534 1665 673 1701 προδήλως
692 1664 824 1697 ἀναδείξει
848 1662 927 1689 πάλιν
940 1662 969 1688 ’⁸.

182 1713 349 1748 Ταῦταήμῖν
359 1711 443 1739 εἰπὼν
454 1712 500 1743 καὶ
510 1711 549 1746 τῷ
561 1711 643 1746 πατρῖ
651 1710 823 1746 προσϐλέψας
831 1709 891 1744 ἔφη·
902 1707 971 1741 Ἐγώ

184 1768 227 1787 σοι
243 1758 390 1795 ἐπέτρεψα,
408 1757 627 1793 προσαγορεῦσαι
645 1756 785 1782 Ἀππίωνα
800 1754 846 1781 καὶ
867 1755 972 1781 ’Λννου-

184 1806 280 1837 δίωνα,
298 1804 391 1840 ἐπειδὴ
408 1805 440 1830 ἐκ
455 1803 558 1843 παίδων
573 1812 613 1829 σοι
631 1802 723 1837 φίλους
738 1798 807 1827 εἶναι
819 1800 970 1835 ὁμολογεῖς,

183 1852 246 1887 οὐχὶ
261 1851 363 1886 Σίμωνι
379 1849 418 1884 τῷ
426 1849 512 1884 Μάγῳ
529 1849 690 1883 συνομιλεῖν.

218 1895 302 1933 διο
315 1894 385 1922 XVI.
396 1894 580 1929 Καὶόπατήρ,
598 1894 749 1927 ’¹Ημαρτον,
761 1891 822 1926 ἔφη,
838 1890 970 1925 ὁμολογῶ.

184 1943 241 1970 Καὶ
258 1941 425 1968 ’Δννουὸίων-
437 1939 490 1966 Καὶ
499 1939 579 1970 αὐτὸς
589 1938 653 1972 ἐγὼ,
665 1938 727 1973 ἔφη,
740 1937 788 1963 σὺν
796 1936 869 1971 αὑτῷ
877 1934 971 1970 δέομαί

185 1997 250 2020 σου,
273 1986 424 2021 συγγνῶναι
440 1986 547 2021 γέροντι
564 1984 668 2018 εὐγενεῖ
686 1983 732 2009 καὶ
749 1982 841 2016 ἀγαθῷ
863 1983 971 2016 ἠπατη-

187 2034 271 2070 μένῳ.
296 2033 421 2067 Παίγνιον
445 2032 499 2067 γὰρ
524 2031 633 2066 γέγονεν
648 2031 662 2056 ὁ
677 2030 809 2064 δυστυχὴς
831 2028 878 2054 τοῦ
895 2036 973 2063 περι-

185 2080 294 2116 ϐοήτου.
312 2079 385 2114 Πλὴν
402 2078 439 2109 ὡς
454 2078 548 2112 γέγονε
561 2077 581 2092 ’ν
599 2076 703 2111 φράσω.
726 2075 754 2101 ὐ
770 2073 869 2109 ἀγαθὸς
884 2073 971 2109 γέρων

185 2123 253 2161 ἦλθε
276 2124 502 2160 προσαγορεύσων
527 2123 608 2158 ἡμᾶς.
634 2121 829 2156 Ἑτυγχάνομεν
845 2120 873 2146 δὲ
887 2119 972 2154 αὐτῆς

186 2172 263 2207 ὧρας
271 2171 341 2198 κατὰ
356 2170 453 2197 ταυτὸν
475 2170 499 2195 οἱ
516 2169 573 2195 ἐκεῖ
584 2169 714 2204 παρόντες
725 2167 867 2197 ἀκούοντες
882 2166 971 2200 Σίμω-

187 2227 248 2250 νος,
269 2218 299 2249 ὃς
318 2216 525 2252 ἀποδιδράσκειν
546 2215 624 2251 ἤθελε
646 2214 713 2249 αὐτῇ
734 2213 810 2239 νυκτὶ
830 2210 969 2247 ἀκηκοὼς,

188 2264 366 2299 ἐπιδημήσειν
383 2262 463 2288 ποθέν
479 2270 553 2292 τινας
569 2260 685 2286 ἐνταῦθα
701 2261 733 2295 τῇ
750 2258 892 2292 Λαοδικείᾳ
901 2257 923 2272 ’θ
940 2257 971 2282 ἐκ

189 2309 347 2346 προσταγῆς
373 2308 512 2343 βασιλικῆς
537 2307 684 2342 ζητοῦντας
708 2305 797 2332 αὐτόν.
815 2304 927 2338 Φαύστῳ
944 2302 973 2328 δὲ

187 2356 297 2382 εἰσιόντι
316 2354 361 2381 τὸν
382 2354 446 2380 ἴδιον
472 2353 555 2388 Θυμὸν
578 2351 757 2387 ὲπέστρεςρευ
776 2353 863 2385 φήσας
887 2348 972 2379 οὓτως

189 2402 257 2438 πρὸς
275 2402 357 2437 ἡμᾶς·
375 2400 447 2427 ἁλῶν
464 2400 543 2426 αὑτὸν
561 2398 671 2425 ἐλθόντα
688 2397 886 2432 συμμετασχεῖν
909 2396 972 2430 ὑμῖν

189 2448 329 2483 ποιήσατε·
349 2446 403 2480 ἐγὼ
416 2446 444 2472 δὲ
461 2444 544 2481 μύρον
560 2453 586 2470 τι
609 2443 742 2473 σκευάσω,
765 2443 807 2468 ἵνα
828 2442 973 2475 δειπνήσας

189 2495 237 2521 καὶ
259 2491 399 2520 ἀναλαϐών
423 2500 448 2518 τι
475 2491 538 2518 ἴδιον
561 2490 656 2525 χρίσας
680 2488 822 2524 πρόσωπον
840 2488 889 2522 τὴν
905 2486 973 2521 ἐμὴν

190 2543 273 2568 ’πᾶσιν
290 2541 361 2576 ἔχειν
376 2539 438 2574 δόξῃ
448 2540 470 2554 ²¹
489 2538 605 2574 μορφήν.
627 2537 720 2571 Ὑμεῖς
732 2536 759 2562 δὲ
777 2535 891 2570 βοτάνης
903 2534 974 2565 τινὸς

190 2588 257 2622 ὕλης
273 2584 531 2622 προεναλειψάμενοι
548 2584 592 2610 ὑπ’
609 2582 676 2618 ἐμοῦ
699 2583 748 2608 οὑκ
767 2580 973 2616 ἀπατηθήσεαθε

190 2633 243 2659 ὑπὸ
266 2633 316 2668 τῆς
335 2632 415 2666 τὲνης
431 2630 465 2646 ¹¹“
485 2629 565 2656 αὐτοῦ
586 2629 701 2664 μορφῆς,
721 2627 789 2663 πλὴν
809 2628 865 2658 τοῖς
883 2626 974 2657 ἄλλοις

191 2680 273 2706 πᾶσιν
285 2680 299 2706 δ
314 2677 433 2708 Φαῦστος
447 2676 517 2709 δόξει
532 2673 600 2702 εἶναι
617 2675 717 2710 Σίμων.

1019 235 1165 269 suademus
1176 261 1184 274 ,
1210 249 1243 268 ne
1258 238 1290 268 ad
1305 239 1434 276 oppidum
1459 242 1525 270 illud
1553 243 1684 271 ascendas
1697 263 1705 275 ,
1718 243 1805 270 donec

1019 288 1184 320 viderimus,
1200 294 1266 314 num
1279 287 1325 314 illo
1336 295 1447 322 egresso
1458 290 1573 323 populus
1584 289 1728 317 calumnia:
1741 297 1805 317 con-

1019 338 1060 362 tra
1075 338 1101 362 te
1114 334 1298 362 disseminata:
1313 334 1436 362 oblivisci
1452 336 1547 370 possit.

1053 417 1124 451 XIV.
1138 424 1204 457 Qua-
1215 432 1278 452 cum
1294 426 1328 458 is,
1343 426 1390 461 qui
1406 425 1558 461 pratcessit,
1571 429 1735 461 nuntiasset,
1748 426 1804 457 Pe-

1020 475 1078 497 trus
1101 470 1127 497 in
1154 473 1258 505 patrem
1281 476 1406 499 nostrum
1425 473 1574 507 respiciens
1595 471 1684 502 dixit:
1704 475 1802 509 Audis,

1019 513 1132 547 Fauste,
1146 517 1378 551 metamorphosin
1395 521 1468 544 tuam
1481 525 1529 552 per
1542 517 1680 546 Simonem
1696 520 1803 555 Magum

1021 561 1120 589 factam
1134 570 1205 595 esse,
1225 566 1255 589 ut
1280 570 1323 589 am
1338 568 1460 598 apparet.
1476 563 1544 592 Nam
1560 573 1623 592 cum
1636 570 1752 600 putaret,
1769 566 1804 594 ad

1020 615 1129 641 prenam
1144 616 1173 635 se
1189 616 1204 635 a
1217 608 1325 636 Ctesare
1342 609 1440 644 quzeri,
1458 611 1569 638 territus
1590 608 1659 647 fugit
1677 620 1709 640 ac
1724 620 1804 640 suum

1022 654 1071 681 tibi
1090 654 1195 681 vultum
1216 655 1331 689 afﬁnxit,
1347 661 1377 683 ut
1394 661 1420 684 te
1440 659 1528 685 morte
1544 657 1652 686 sublato
1670 658 1733 686 ﬁliis
1751 659 1806 686 tuis

1022 701 1132 728 tristitia
1151 705 1303 737 pareretur.
1329 703 1369 730 Ac
1393 708 1479 738 pater,
1504 703 1562 731 haec
1577 704 1701 737 audiens,
1716 703 1805 739 lacry-

1023 752 1141 775 mans-et
1154 748 1261 783 ejulans
1273 747 1434 776 exclamavit
1447 758 1455 777 :
1468 749 1548 777 Recte
1561 749 1700 784 divinasti,
1709 750 1803 779 Petre!

1022 788 1129 821 Etenim
1144 793 1289 821 Annubion
1304 793 1410 822 amicus
1427 802 1471 822 me
1482 794 1597 830 diligens
1611 796 1662 823 sub
1675 797 1805 832 mysterio

1023 838 1140 875 quodam
1150 840 1263 869 insidias
1270 839 1417 868 collocatas
1424 841 1490 868 mihi
1498 840 1742 870 indicavit.Verum
1752 851 1804 880 ego

981 889 1003 917 Β
1017 880 1110 913 infelix
1119 894 1173 914 non
1180 886 1335 920 credebam,
1345 895 1406 914 nam
1423 884 1521 922 dignus
1534 896 1608 916 eram
1621 888 1668 924 qui
1684 895 1803 923 paterer.

1053 927 1112 958 Χν.
1130 931 1177 959 His
1196 939 1210 959 a
1232 937 1309 966 patre
1331 932 1422 966 dictis,
1439 933 1511 960 haud
1529 934 1616 961 multo
1633 939 1694 969 post
1707 935 1804 962 Antiu-

1019 978 1083 1005 bion
1111 978 1144 1005 ad
1168 985 1219 1006 nos
1244 978 1328 1011 venit,
1350 977 1488 1006 Simonem
1510 977 1612 1015 fugisse
1628 981 1757 1008 nuntians
1778 986 1805 1009 et

1019 1024 1063 1051 illa
1078 1027 1157 1051 nocte
1167 1023 1288 1051 Iudaeam
1301 1025 1422 1059 petiisse.
1438 1024 1476 1053 Ac
1488 1033 1550 1053 cum
1562 1028 1666 1061 patrem
1679 1029 1804 1055 nostrum

1019 1070 1154 1098 inveniret
1167 1066 1295 1099 aillictum
1311 1076 1409 1100 etcum
1423 1073 1551 1108 lacrymis
1563 1073 1715 1101 dicentem:
1727 1073 1750 1102 0
1760 1082 1804 1101 me

1020 1116 1149 1143 miserum
1161 1136 1169 1149 ,
1186 1116 1232 1151 qui
1250 1124 1359 1152 magum
1372 1125 1433 1145 esse
1447 1116 1523 1144 illum
1542 1118 1656 1145 audiens
1671 1123 1725 1145 non
1742 1125 1804 1146 cre-

1019 1157 1149 1189 diderim!
1167 1161 1219 1189 Per
1237 1170 1319 1189 unam
1341 1160 1412 1190 diem
1429 1163 1464 1190 ab
1487 1170 1572 1190 uxore
1592 1167 1619 1190 et
1640 1163 1704 1191 tiliis
1725 1171 1805 1191 reco-

1020 1206 1111 1240 gnitus
1125 1205 1159 1233 ad
1173 1206 1291 1242 priorem
1305 1206 1407 1234 erroris
1422 1204 1560 1234 miseriam
1579 1207 1704 1236 Celeriter
1718 1208 1805 1236 infor—

1020 1254 1132 1279 tunatus
1145 1259 1271 1279 reversus
1287 1260 1358 1280 sum.
1374 1251 1460 1279 Mater
1473 1259 1538 1280 vero
1549 1253 1679 1289 plangens
1691 1254 1805 1289 capillos

1020 1296 1130 1325 evulsit.
1153 1296 1263 1333 Nosque
1283 1298 1317 1325 de
1338 1298 1422 1333 patris
1443 1297 1643 1333 permutatione
1664 1305 1803 1336 stupentes

1020 1342 1213 1378 ingemuimus,
1231 1351 1282 1371 nec
1301 1344 1365 1379 quid
1386 1345 1426 1371 rei
1447 1349 1520 1372 esset
1543 1346 1693 1382 intelligere
1713 1346 1804 1382 potui-

1020 1396 1093 1417 mus.
1115 1388 1260 1416 Annubion
1284 1394 1374 1417 autem
1397 1390 1451 1417 hoc
1471 1391 1565 1419 videns
1587 1392 1677 1420 stabat
1696 1391 1806 1420 silentio

1021 1433 1135 1462 delixus.
1161 1434 1230 1462 Tum
1254 1434 1352 1463 Petrus
1374 1436 1453 1464 nobis
1477 1436 1541 1464 liliis
1562 1443 1654 1465 coram
1677 1438 1805 1466 omnibus

1020 1480 1106 1508 dixit:
1122 1478 1187 1508 Mihi
1205 1481 1318 1515 credite,
1335 1482 1411 1510 hicce
1425 1487 1466 1510 est
1480 1482 1599 1510 Faustus
1614 1485 1691 1518 pater
1705 1489 1804 1513 vester.

1021 1526 1166 1561 Propterea
1182 1534 1230 1554 vos
1246 1526 1357 1560 hortor,
1382 1531 1411 1554 ut
1432 1527 1556 1556 habeatis
1577 1534 1639 1555 eum
1666 1530 1805 1564 quomodo

1021 1576 1135 1607 patrem.
1154 1572 1225 1600 Deus
1246 1573 1317 1600 enim
1334 1570 1465 1608 praebebit
1480 1573 1653 1602 occasionem
1667 1575 1804 1609 aliquam,

1021 1624 1075 1651 qua
1090 1616 1210 1644 Simonis
1223 1616 1299 1644 vultu
1315 1621 1397 1644 exuto
1411 1618 1496 1651 patris
1511 1619 1593 1645 vestri
1607 1619 1746 1647 evidenter
1762 1627 1806 1648 ro-

1022 1670 1153 1697 cuperare
1170 1662 1256 1696 possit
1275 1662 1400 1697 clligiem.
1420 1662 1525 1695 Quibus
1541 1664 1575 1690 ad
1592 1671 1642 1692 nos
1659 1664 1740 1692 dictis
1755 1673 1806 1699 pa-

1021 1712 1089 1735 trem
1110 1709 1236 1736 intuens:
1253 1708 1309 1744 Ego
1324 1709 1382 1740 tibi,
1401 1709 1498 1743 inquit,
1515 1710 1637 1744 permisi,
1657 1714 1687 1737 ut
1702 1710 1804 1746 Appio-

1021 1761 1083 1780 ncm
1097 1758 1126 1780 et
1138 1753 1327 1780 Annubionem
1343 1753 1491 1780 salutatum
1507 1754 1561 1781 ires
1575 1754 1639 1789 quia
1651 1762 1699 1782 eos
1710 1762 1725 1782 a
1739 1763 1805 1790 pue-

1021 1799 1061 1826 ris
1075 1799 1124 1826 tibi
1139 1798 1242 1826 amicos
1256 1805 1317 1826 esse
1330 1799 1483 1832 asserebas,
1499 1807 1553 1827 non
1566 1804 1596 1827 ut
1609 1799 1714 1829 Simoni
1726 1801 1806 1837 Mago

1021 1845 1233 1873 conversareris.

1056 1889 1126 1917 XVI.
1143 1889 1176 1917 Et
1189 1895 1280 1924 pater:
1296 1890 1420 1923 Peccavi.
1433 1891 1533 1926 inquit,
1549 1890 1645 1919 fateor.
1661 1892 1700 1919 Ae
1711 1892 1807 1920 Annu-

1022 1935 1103 1962 bion:
1120 1934 1175 1970 Ego
1189 1942 1314 1970 quoque,
1330 1935 1436 1970 inquit,
1463 1936 1546 1963 simul
1561 1943 1624 1963 cum
1645 1944 1678 1964 eo
1695 1941 1720 1965 te
1738 1942 1805 1972 rogo

1022 1984 1052 2007 ut
1068 1979 1126 2007 seni
1139 1986 1270 2014 generoso
1282 1983 1309 2007 et
1322 1979 1395 2007 bono
1406 1980 1520 2015 decepto
1532 1981 1667 2016 ignoscas.
1681 1981 1806 2019 Namque

1022 2025 1114 2052 infelix
1129 2025 1276 2052 ludibrium
1290 2024 1378 2053 factus
1388 2030 1429 2053 est
1441 2026 1576 2054 decantati
1589 2027 1662 2056 illius
1674 2028 1803 2057 hominis.

1022 2071 1075 2099 Sed
1097 2071 1153 2107 jam
1173 2071 1290 2098 narrabo
1310 2072 1447 2107 quomodo
1471 2073 1611 2102 acciderit.
1641 2074 1733 2103 Bonus
1760 2076 1807 2105 hic

1022 2125 1104 2146 senex
1125 2117 1198 2145 venit
1219 2117 1253 2144 ad
1275 2125 1326 2144 nos
1349 2118 1519 2146 salutandos.
1535 2119 1655 2155 Contigit
1667 2126 1758 2149 autem
1775 2126 1805 2150 ut

1022 2163 1067 2191 illa
1080 2164 1147 2191 hora
1159 2170 1221 2190 cum
1239 2162 1350 2191 Simone
1365 2172 1498 2197 essemus,
1511 2165 1557 2200 qui
1571 2165 1630 2200 ipsa
1646 2172 1726 2195 nocte
1740 2167 1804 2202 fuga

1022 2218 1052 2238 se
1064 2206 1170 2237 saivare
1182 2209 1304 2242 volebat.
1327 2217 1389 2237 cum
1408 2210 1544 2243 audisset,
1561 2212 1656 2239 adesse
1670 2212 1803 2247 quosdam

1023 2256 1050 2282 in
1068 2255 1120 2282 hac
1138 2254 1279 2282 Laodicea:
1298 2254 1420 2288 civitate,
1436 2255 1482 2290 qui
1495 2263 1529 2283 ex
1543 2257 1715 2291 imperatoris
1734 2265 1804 2292 prte-

1022 2304 1101 2336 cepto
1115 2309 1177 2328 eum
1192 2305 1355 2336 quaererent.
1376 2300 1410 2327 Et
1431 2305 1575 2336 postquam
1596 2310 1704 2329 omnem
1724 2310 1804 2330 suum

1023 2347 1144 2375 furorem
1168 2351 1263 2374 contra
1288 2346 1417 2374 Faustum
1440 2347 1593 2382 ingressum
1618 2353 1803 2381 converterat,

1022 2393 1060 2420 ita
1075 2393 1109 2421 ad
1129 2401 1179 2420 nos
1197 2393 1304 2421 locutus
1319 2397 1378 2420 est:
1394 2392 1489 2426 Illum,
1502 2393 1549 2428 qui
1564 2393 1689 2426 advenit,
1705 2402 1805 2422 mensa:

1023 2443 1177 2467 consortem
1193 2438 1335 2467 vobiscum
1351 2438 1475 2471 faciatis,
1491 2447 1541 2474 ego
1555 2447 1620 2467 vero
1635 2444 1804 2475 unguentum

1024 2486 1160 2520 quoddam
1176 2492 1350 2519 componam.
1365 2492 1420 2520 quo
1437 2492 1515 2512 suam
1531 2485 1617 2520 ipsius
1631 2485 1727 2514 facient
1745 2491 1806 2522 post

1024 2539 1130 2559 coenam
1146 2534 1295 2566 perunctus
1311 2531 1439 2558 omnibus
1454 2538 1544 2558 meum
1565 2531 1669 2559 vultum
1684 2533 1804 2560 circum-

1024 2576 1094 2604 ferre
1100 2575 1290 2604 videatur.Vos
1296 2581 1385 2604 autem
1394 2576 1485 2604 herbze
1492 2577 1633 2612 cujusdam
1643 2585 1726 2605 succo
1736 2586 1752 2605 a
1761 2587 1808 2606 me

1023 2622 1229 2658 priusperuncti
1240 2629 1295 2649 non
1308 2621 1439 2650 fallemini
1449 2622 1482 2650 de
1489 2624 1737 2651 commulatoillius
1745 2626 1805 2651 vut-

1024 2674 1064 2702 tu;
1073 2675 1101 2697 at
1108 2669 1214 2697 caeteris
1222 2669 1350 2697 omnibus
1359 2668 1478 2697 Faustus
1485 2677 1546 2698 esse
1554 2670 1690 2699 videbitur
1698 2671 1802 2700 Simon.

821 2740 938 2769 VARI/Ei
956 2739 1159 2768 LEC'l'lONES.

221 2805 242 2821 "
255 2804 397 2832 'Am6iaw
412 2801 520 2867 (52:950.
559 2802 580 2819 ’⁸
594 2801 677 2848 παλαι
688 2803 717 2829 0.
758 2800 779 2816 "
794 2799 883 2841 γέρων

221 2840 256 2867 uf.
271 2849 298 2867 ι.
316 2840 361 2867 58,
400 2839 423 2855 "
484 2847 508 2865 ει
523 2839 554 2865 0.
600 2839 622 2859 ’³
649 2837 696 2864 Stc
708 2836 849 2864 barbariae
865 2843 883 2862 ιι

193 2839 256 2867 Ruf.
271 2849 298 2872 ι.
316 2840 361 2868 58,
400 2839 423 2855 "
438 2839 508 2872 δόξει
523 2839 554 2865 0.
600 2839 634 2859 η·
649 2839 696 2864 Sic
708 2839 849 2864 barbariae
865 2845 869 2851 ·

194 2876 377 2910 grammaticae
390 2874 460 2902 forte
470 2874 522 2901 erit
539 2872 704 2907 consultum.
719 2871 767 2898 En.
784 2870 869 2898 Pus.

899 2800 930 2827 Ο.
962 2798 990 2839 _”
999 2798 1126 2839 Λαοδικὲ
1209 2799 1389 2839 “excerpam
1406 2799 1497 2839 addidi
1514 2807 1548 2827 ex
1562 2800 1729 2833 conjectura.
1747 2798 1802 2839 (ξίν.

484 2847 508 2865 ει
523 2839 554 2865 0.
600 2839 634 2859 ⁸³·
649 2837 696 2864 Sic
708 2834 849 2864 barbariae
865 2835 895 2862 in
913 2835 1069 2869 archetypo.
1098 2834 1126 2864 Si
1154 2834 1232 2869 ξένης
1246 2834 1354 2870 legeris,
1371 2843 1424 2862 una
1438 2835 1527 2863 littera
1548 2834 1764 2868 mmtmseusui
1777 2838 1805 2862 ct
