4048 6146
383 291 481 347 ίϐδ

1246 285 1303 341 S.
1338 284 1724 340 CLEMENTIS
1761 286 1780 338 I
1818 283 1984 338 “OM.
2024 283 2225 341 PONT.
2263 283 2491 338 OPERA
2527 283 2753 341 DUBIA.

3522 286 3622 342 666

453 404 609 460 XVII.
645 403 776 471 Quzc
803 417 926 459 cum
977 404 1066 456 ille
1105 402 1470 471 praedixisset:
1505 399 1824 465 Quodnam.
1859 398 1936 451 in-

2119 394 2279 448 XVII.
2326 395 2565 472 Ἐκείνου
2593 395 2649 449 δέ
2673 395 2845 450 ταῦτα
2871 396 3229 468 προλέγοντος
3253 396 3391 470 ἔφην
3407 415 3420 429 ο
3445 399 3512 452 Τί
3527 399 3625 454 ’νῦν

378 515 575 567 quam,
609 497 702 550 libi
739 497 950 550 lucrum
992 495 1170 548 veniet
1214 508 1278 546 ex
1321 491 1698 560 hujuscemodi
1735 489 1916 543 maehi

380 589 630 644 natione?
658 589 734 643 Ac
758 588 942 641 Simon
974 585 1286 654 respondit:
1317 583 1558 638 Primum
1589 583 1828 653 quidem,
1852 581 1944 634 illo

377 691 567 749 capto,
600 682 691 750 qui
725 697 810 734 me
844 688 1122 748 quaerunt,
1166 677 1580 743 investigatione
1623 683 1809 729 contra
1859 689 1945 727 me

378 773 508 826 iuita
540 775 822 828 desistent.
865 770 922 824 Si
954 785 1084 823 vero
1113 769 1275 823 etiam
1312 784 1476 822 manu
1507 768 1657 837 regia
1697 766 1944 821 sublatus

379 865 561 928 fuerit,
593 878 919 934 magnopere
954 861 1211 932 Iugebunt
1244 861 1337 916 filii
1371 861 1510 930 ejus,
1552 861 1643 930 qui
1675 875 1762 913 me
1790 859 1946 913 dere~

380 959 508 1012 licto
527 958 593 1012 ad
619 955 837 1010 Petrum
862 971 984 1010 sese
1010 955 1379 1018 contulerunt,
1403 955 1561 1024 eique
1583 951 1938 1006 collaboraut.

377 1048 494 1104 Jam
516 1049 660 1104 enim
679 1048 797 1114 tibi,
837 1047 1012 1116 Petre,
1041 1063 1228 1102 verum
1245 1047 1524 1110 confiteor,
1543 1045 1732 1100 timore
1761 1043 1942 1098 Sitne-

378 1143 462 1198 nis
487 1139 1370 1210 meesseimpeditum,quominus
1400 1137 1601 1192 Fausto
1634 1139 1746 1190 lucc
1769 1136 1943 1206 signi-

377 1232 616 1286 ficarem.
647 1229 846 1286 Verum
877 1231 1156 1286 enimvero
1184 1245 1251 1284 ne
1277 1239 1490 1300 tempus
1511 1230 1726 1299 quidem
1753 1228 1941 1282 Simon

375 1325 533 1380 nobis
556 1325 703 1382 dedit
729 1325 991 1379 secretius
1020 1323 1400 1394 colloquendi;
1429 1323 1566 1377 alias
1597 1338 1821 1392 pravum
1857 1321 1943 1375 Si-

373 1417 555 1472 monis
621 1416 911 1472 consilium
967 1416 1013 1471 ei
1072 1415 1469 1485 patefecissem.
1516 1413 1720 1468 Interea
1766 1414 1942 1468 media

373 1521 533 1567 nocte
579 1527 879 1579 exsurgens
926 1509 1114 1564 Simon
1157 1506 1398 1563 Judaaam
1449 1507 1574 1578 fuga
1622 1507 1776 1576 petiit
1816 1521 1942 1560 cum

373 1607 663 1662 comitibus
707 1606 953 1676 Appione
989 1614 1044 1659 et
1082 1604 1453 1660 Athenodoro.
1486 1601 1640 1656 Tunc
1669 1617 1770 1673 ego
1799 1602 1944 1656 vale-

375 1697 576 1751 tudinis
614 1696 959 1750 iucommoda
1005 1695 1168 1758 finxi,
1205 1704 1265 1748 ut
1300 1693 1447 1748 domi
1487 1708 1775 1747 remanens
1817 1700 1940 1762 post

373 1783 590 1841 illorum
638 1785 1026 1856 profectionem
1064 1786 1314 1841 celeriter
1348 1800 1472 1840 eum
1501 1786 1567 1838 ad
1594 1800 1723 1840 suos
1747 1784 1936 1838 remit-

373 1890 567 1944 terem,
594 1880 638 1934 si
665 1878 806 1934 forte
839 1879 981 1948 apud
1011 1894 1108 1933 vos
1141 1878 1324 1947 aliquo
1353 1879 1515 1933 modo
1540 1884 1726 1947 posset
1754 1876 1938 1931 occul-

373 1973 501 2039 tari,
533 1987 598 2026 ne
624 1987 654 2025 a
684 1969 924 2025 Simonis
947 1969 1426 2040 investigatoribus
1457 1977 1650 2037 captus
1675 1968 1794 2038 ejus
1817 1967 1939 2021 loco

375 2065 520 2134 regio
543 2064 669 2118 odio
697 2063 918 2133 periret.
949 2061 1137 2131 Itaque
1168 2070 1326 2116 nocte
1359 2061 1682 2131 intempesta
1713 2076 1837 2115 eum
1869 2061 1938 2115 ad

371 2169 469 2208 vos
505 2153 652 2219 misi,
679 2153 1054 2221 sollicitusque
1079 2161 1241 2207 noctu
1272 2152 1513 2222 perveni,
1546 2160 1605 2206 ut
1632 2167 1756 2207 eum
1781 2152 1932 2207 vide-

373 2262 485 2300 rem
519 2261 582 2300 ac
608 2245 846 2300 velocius
875 2244 1130 2310 redirem,
1154 2236 1472 2315 priusquam
1502 2246 1936 2315 supervenirent,

371 2340 460 2406 qui
501 2337 783 2392 Simonem
814 2337 1058 2392 comitati
1093 2346 1239 2392 sunt.
1274 2336 1339 2392 Et
1369 2353 1668 2393 conversus
1698 2338 1765 2392 ad
1801 2352 1935 2393 nos:

372 2429 484 2500 Ego
532 2431 860 2496 Annubion,
910 2431 1120 2499 inquit,
1159 2430 1329 2500 patris
1360 2429 1526 2484 vestri
1555 2445 1742 2484 verum
1782 2432 1940 2486 video

370 2525 602 2589 vultum,
625 2522 822 2593 quippe
837 2523 928 2592 qui
946 2537 976 2575 a
996 2523 1221 2577 Simone
1253 2531 1549 2593 perunctus
1575 2522 1796 2589 fuerim,
1823 2525 1940 2578 sic-

370 2615 447 2668 uti
477 2623 631 2668 antea
662 2614 933 2678 enarravi,
963 2610 1024 2666 ut
1076 2629 1201 2668 vera
1227 2613 1411 2668 Fausti
1445 2613 1612 2668 facies
1642 2615 1777 2669 meis
1807 2629 1938 2669 oeu-

370 2706 437 2759 lis
468 2713 773 2774 apparerct.
809 2703 964 2759 Unde
992 2715 1183 2774 stupeo
1213 2714 1375 2774 atque
1413 2705 1660 2760 admiror
1697 2705 1938 2760 Simonis

371 2797 627 2866 magiam,
679 2797 824 2865 quod
867 2811 964 2850 vos
1007 2795 1422 2850 circumstantes
1455 2805 1660 2864 patrem
1694 2793 1936 2853 vestrum

357 2901 479 2940 non
510 2887 822 2956 agnoscitis.
858 2885 1137 2940 Flentibus
1165 2895 1345 2940 autem
1371 2896 1528 2960 patre
1552 2895 1605 2941 et
1634 2898 1805 2942 matre
1834 2905 1936 2944 no-

372 2975 560 3046 bisque
575 2977 705 3045 ipsis
725 2975 791 3030 de
805 2977 1080 3030 communi
1099 2977 1430 3042 calamitate,
1458 2979 1935 3035 commiseratione

368 3075 674 3122 commotus
697 3065 858 3121 ﬂebat
884 3076 938 3121 et
966 3065 1256 3121 Annubion
1272 3106 1284 3118 .

441 3311 624 3367 XVIII.
653 3311 792 3368 Tum
836 3311 1029 3368 Petrus
1069 3314 1209 3382 patri
1237 3315 1445 3369 vultum
1471 3330 1530 3371 se
1554 3317 1931 3372 restituturum

368 3406 528 3461 nobis
571 3405 824 3475 promisit
869 3406 937 3460 ad
967 3421 1090 3460 eum
1122 3407 1346 3464 dicens:
1379 3407 1648 3464 Audivisti
1671 3449 1686 3473 ,
1715 3408 1931 3473 Fauste,

367 3515 486 3568 qua:
527 3499 594 3552 ad
645 3513 746 3553 nos
791 3507 1058 3568 spectant.
1099 3497 1156 3553 Si
1198 3499 1322 3555 ficta
1371 3501 1424 3554 in
1463 3513 1514 3555 te
1541 3502 1725 3556 vultus
1754 3502 1934 3573 imago

367 3592 516 3646 utilis
541 3591 698 3646 nobis
714 3591 817 3644 fiat
837 3602 891 3646 et
921 3601 975 3645 tu
1004 3607 1106 3646 nos
1129 3592 1407 3662 adjuveris
1431 3595 1498 3648 ad
1521 3610 1607 3662 ea,
1632 3610 1753 3665 quae
1781 3609 1936 3650 mau~

365 3684 529 3748 dabo,
567 3692 694 3738 tunc
715 3683 989 3752 propriam
1026 3683 1121 3736 tibi
1150 3685 1430 3738 restituam
1457 3685 1670 3751 faciem,
1705 3686 1750 3740 si
1779 3687 1932 3754 prius

366 3773 559 3830 feceris
601 3790 724 3844 quat.
773 3774 868 3828 tibi
909 3773 1148 3844 jussero.
1197 3773 1274 3830 Ae
1331 3777 1471 3845 patri
1499 3777 1737 3833 dicenti:
1769 3778 1932 3845 Qua:-

365 3882 578 3935 cunque
604 3882 861 3936 possum,
898 3867 1147 3921 lubenter
1179 3867 1484 3936 perficiam,
1522 3871 1567 3924 si
1603 3871 1766 3925 modo
1797 3873 1934 3928 meis

364 3959 591 4028 efﬁgiem
625 3974 797 4013 meam
823 3959 1042 4024 reddas,
1076 3958 1270 4015 Petrus
1299 3961 1610 4030 respondit:
1639 3961 1757 4032 Ipse
1785 3966 1935 4018 auri-

367 4052 468 4104 bus
497 4051 606 4105 tuis
630 4051 826 4106 audisti
854 4066 920 4104 ex
952 4052 1040 4118 iis",
1069 4053 1163 4122 qui
1193 4069 1223 4107 a
1248 4068 1333 4107 me
1358 4055 1624 4124 praemissi
1646 4057 1931 4114 Antiochia

367 4141 674 4204 redierunt,
712 4142 990 4211 quomodo
1020 4142 1205 4198 Simon
1249 4144 1361 4199 illic
1393 4154 1641 4201 versatus
1684 4149 1932 4205 multitu-

367 4233 544 4287 dinem
576 4233 925 4288 vehementer
955 4241 1144 4288 contra
1176 4251 1260 4289 me
1297 4236 1586 4302 excitarit,
1629 4253 1845 4308 magum
1878 4252 1932 4298 et

365 4325 508 4380 czede
553 4327 850 4395 pollutum.
897 4328 1239 4396 deccptorem
1283 4339 1337 4384 et
1365 4331 1810 4401 prazstigiatorem
1845 4352 1931 4394 me

1961 3084 2012 3150 Β

2050 505 2131 540 σοι
2163 489 2228 540 ἐκ
2267 487 2367 558 τῆς
2413 487 2670 559 τοιαύτης
2717 488 2964 558 μηχανῆς
3011 489 3127 541 ἐστι
3171 488 3394 558 κέρδοςς
3447 490 3554 544 Καὶ
3596 493 3626 544 6

2045 577 2228 647 Σίμων
2262 577 2386 648 ἔφη·
2419 577 2641 648 Πρῶτον
2677 578 2776 648 μὲν
2828 577 3180 641 συλλαϐόντες
3220 578 3382 632 αὐτὸν
3428 580 3480 632 oi
3522 580 3624 651 ἐμὲ

2049 667 2339 739 ζητοῦντες
2369 669 2669 722 παύσονται
2697 671 2795 740 τῆς
2839 672 2958 724 κατ’
2991 670 3126 740 ἐμοῦ
3157 671 3457 742 ζητήσεως.
3483 674 3546 726 El
3566 673 3626 726 δέ

2042 760 2138 813 καὶ
2171 761 2276 813 ὑπὸ
2306 759 2592 832 βασιλικῆς
2623 761 2803 832 χειρὸς
2831 761 3165 833 ἀναιρεθείη,
3201 762 3452 832 μέγιστον
3493 764 3596 817 πέν

2044 855 2136 920 οος
2165 855 2378 920 ἐξουσιν
2430 857 2480 910 οί
2512 856 2702 909 τούτου
2735 857 2942 921 παῖδες,
2976 858 3028 910 οἵ
3064 872 3207 920 τινες
3256 857 3357 928 ἐμέ
3403 860 3626 915 καταλι-

2047 947 2259 1011 πόντες,
2297 946 2726 1018 προσφυγόντ[ες
2757 947 2836 1018 τῷ
2867 947 3081 1020 Πέτρῳ]
3110 949 3479 1020 συνεργοῦσιν.
3511 952 3628 1006 Νῦν

2041 1037 2150 1109 γάρ
2169 1055 2269 1102 σοι,
2288 1033 2333 1092 ὦ
2348 1039 2545 1110 Πέτρε,
2561 1038 2887 1109 ὁμολογῶτά
2901 1038 3094 1110 ἀληθῆ,
3107 1039 3189 1092 ὅτι
3211 1040 3521 1114 ἐφοϐούμην
3532 1043 3629 1098 τὸν

2045 1125 2286 1197 [Σίμωνα
2305 1167 2318 1191 ,
2341 1127 2428 1198 τῷ
2482 1126 2640 1198 ﬁll
2697 1127 2952 1199 Φαύ]στῳ
2981 1128 3137 1181 τοῦτο
3165 1129 3388 1202 μηνύειν
3407 1133 3473 1184 ’³.
3507 1133 3627 1186 ἀλλ’

2041 1215 2162 1268 ούδέ
2191 1217 2380 1289 καιρὸν
2408 1220 2542 1288 ἡμῖν
2570 1220 2599 1272 6
2645 1219 2827 1289 Σίμων
2869 1217 3038 1272 ἐδίδου
3085 1221 3222 1290 πρὸς
3260 1222 3322 1274 τὸ
3371 1222 3626 1286 ίδιάζειν·

2044 1303 2116 1376 [εί
2150 1307 2248 1378 μὴ]
2273 1308 2320 1340 ’⁸
2351 1307 2500 1378 αὐτῷ
2531 1309 2630 1379 τὴν
2663 1310 2726 1360 ἐκ
2753 1307 2847 1361 τοῦ
2877 1308 3118 1379 Σίμωνος
3150 1311 3328 1382 κακὴν
3353 1311 3420 1365 ἂν
3453 1312 3628 1384 ἔφηνα

2045 1397 2257 1470 βουλήν.
2282 1399 2428 1470 Πλὴν
2451 1401 2508 1453 ἐν
2532 1398 2672 1471 μέσῃ
2693 1416 2758 1468 γε
2780 1400 2936 1452 νυκτὶ
2957 1400 3194 1464 ἀναστὰς
3211 1404 3240 1456 ό
3261 1401 3442 1473 Σίμων
3459 1405 3560 1475 τὴν
3579 1405 3627 1438 ¹⁸

2043 1490 2136 1543 ἐπὶ
2170 1491 2426 1544 Ἰουδαίαν
2453 1493 2687 1544 ἐποιεῖτο
2715 1490 2920 1562 φυγὴν,
2949 1494 3404 1564 προπεμπόμενος
3435 1497 3540 1549 ὑπό
3565 1514 3626 1550 τε

2054 1579 2361 1646 Ἀππίωνος
2391 1585 2484 1636 καὶ
2529 1582 2914 1654 Ἀθηνοδώρου.
2954 1582 3084 1636 Τότε
3129 1584 3241 1653 ἐγὼ
3283 1585 3629 1658 δυσαρέστως

2044 1672 2188 1745 ἐχειν
2217 1675 2279 1727 τὸ
2311 1674 2468 1746 σῶμα
2499 1676 2904 1747 ὑπεκρινάμην,
2947 1681 3094 1739 ὅπως
3145 1676 3332 1747 μείνας
3384 1679 3521 1748 μετὰ
3566 1680 3630 1732 τὸ

2041 1765 2282 1828 ἐκείνους
2311 1766 2638 1836 πορευθῆναι
2672 1766 2834 1830 εὐθὺς
2865 1769 3026 1823 αὐτὸν
3055 1768 3147 1820 ἐπὶ
3170 1763 3440 1820 τάἐαυτοῦ
3457 1765 3624 1816 ἐπαν-

2050 1847 2222 1904 ελθεῖν
2286 1857 2522 1927 ποιήσω,
2558 1857 2744 1910 εἵπου
2775 1858 2990 1912 δύναιτο
3039 1860 3166 1929 παρ’
3211 1859 3339 1929 ὑμῖν
3385 1859 3626 1929 κρυπτό-

2042 1963 2203 2018 μενος
2231 1945 2516 2001 λανθάνειν
2558 1950 2754 2019 μήπως
2787 1951 2892 2002 ύπὸ
2918 1949 3024 2003 τῶν
3055 1952 3295 2022 Σίμωνος
3321 1948 3629 2020 ζητούντων

2039 2036 2116 2100 ὼς
2165 2038 2347 2108 Σίμων
2389 2038 2612 2108 ληφθεὶς
2654 2040 2760 2093 ὑπὸ
2811 2040 3099 2113 βασιλικῆς
3146 2041 3317 2112 όργῆς
3354 2041 3644 2112 ἀποθάνῃ..

2056 2128 2287 2200 Ἀωρίας
2310 2125 2402 2184 οὖν
2429 2131 2590 2183 αὑτὸν
2615 2129 2968 2194 ἐξαπέστειλα
2991 2133 3130 2204 πρὸς
3157 2134 3319 2203 ὑμᾶς,
3350 2135 3444 2187 καὶ
3467 2133 3630 2204 κηδό-

2044 2236 2202 2288 μενος
2233 2221 2400 2275 αὐτοῦ
2434 2221 2615 2293 νύχιος
2643 2219 2804 2294 ἦλθον
2835 2223 3098 2294 ὀψόμενός
3127 2239 3186 2276 τε
3213 2223 3373 2277 αὑτὸν
3401 2225 3496 2277 καὶ
3521 2223 3622 2277 τά-

2041 2329 2156 2381 χιον
2185 2313 2634 2384 άπελευσόμενος,
2663 2315 2792 2387 πρὶν
2814 2316 2940 2379 τοὺς
2965 2315 3288 2386 πέμψαντας
3310 2314 3423 2386 [τὸν
3445 2317 3626 2386 Σίμω-

2042 2403 2131 2473 να]
2163 2403 2476 2457 ἐπανελθεῖν
2497 2407 2562 2458 ³⁸⁵.
2596 2407 2704 2458 Καὶ
2753 2406 3096 2476 προσϐλέψας
3141 2408 3271 2477 ἡμῖν
3316 2406 3438 2479 ἔφη·
3482 2405 3624 2476 Ἐγὼ

2051 2495 2370 2549 Ἀννουὸἱων
2395 2498 2494 2566 τὴν
2523 2496 2616 2550 τοῦ
2649 2498 2855 2568 πατρὸς
2885 2497 3040 2568 ὑμῶν
3067 2498 3242 2570 ἀληθῆ
3272 2499 3482 2570 μορφὴν
3509 2499 3624 2569 ιῖςῶ

2040 2587 2456 2657 ἐναλειψάμενος
2487 2589 2578 2640 ὑπ’
2611 2587 2774 2641 αὐτοῦ
2817 2589 2913 2641 τοῦ
2959 2588 3228 2659 Σίμωνος,
3273 2589 3350 2652 ὡς
3401 2589 3616 2660 προεδιν

2039 2678 2332 2750 ηγησάμην
2351 2680 2416 2743 ’⁷,
2450 2679 2536 2732 ἵνα
2565 2681 2678 2742 τοῖς
2706 2681 2859 2750 ἐμοῖς
2879 2679 3177 2750 ὀφθαλμοῖς
3203 2683 3236 2751 ἡ
3260 2680 3462 2751 ἀληθὴς
3480 2679 3624 2732 Φαύ-

2040 2787 2167 2822 στου
2201 2770 2454 2841 φαίνηται
2501 2772 2702 2842 μορφή.
2750 2766 3231 2842 Ἐκπέπληγμένος
3275 2768 3368 2824 οὖν
3419 2774 3624 2847 σφόδρα

2039 2860 2301 2931 θαυμάζω
2335 2861 2434 2931 τὴν
2462 2861 2703 2931 Σίμωνος
2739 2862 2990 2932 μαγείαν,
3018 2863 3098 2916 ὅτι
3121 2862 3352 2926 ἑστῶτες
3371 2863 3461 2916 τὸν
3487 2861 3624 2933 ὑμέ·-

2037 2967 2192 3022 τερον
2223 2951 2283 3004 ού
2319 2952 2612 3022 γνωρίζετε
2635 2953 2680 2983 ’⁸
2713 2953 2947 3025 πατέρα.
2993 2953 3302 3007 κλαιόντων
3334 2954 3391 3007 δὲ
3423 2954 3518 3006 τοῦ
3556 2971 3620 3008 τε

2039 3040 2243 3112 πατρὸς
2272 3043 2366 3096 καὶ
2394 3043 2492 3114 τῆς
2523 3044 2727 3115 μητρὸς
2759 3046 2853 3097 καὶ
2885 3045 3042 3116 ήμῶν
3071 3045 3250 3098 αὐτῶν
3283 3046 3375 3099 ἐπὶ
3405 3048 3470 3117 τῇ
3506 3064 3622 3099 κοι-

2039 3133 2102 3202 νῇ
2139 3133 2353 3186 πάντων
2387 3133 2543 3204 ἡμῶν
2574 3137 2850 3206 συμφορᾷ,
2897 3137 3260 3208 συμπαθήσας
3293 3137 3390 3190 καὶ
3419 3137 3449 3189 6
3498 3137 3619 3189 Ἀν-

2038 3223 2262 3278 νουϐίων
2296 3226 2596 3298 ἐδάκρυσεν
2609 3269 2620 3280 .

2107 3313 2291 3369 XVIII.
2312 3318 2444 3370 Τότε
2464 3318 2599 3371 καὶὸ
2618 3319 2822 3390 Πέτρος
2835 3320 2933 3389 τῆς
2951 3319 3046 3373 τοῦ
3061 3321 3268 3392 πατρὸς
3285 3322 3496 3392 μορφῆς
3516 3322 3618 3392 τὴν

2035 3407 2476 3461 ἀποκατάστασιν
2533 3406 2696 3479 412
2743 3411 2872 3480 ἡμῖν
2902 3413 3266 3481 ἐπηγγείλατο
3287 3411 3461 3464 εἰπὼν
3479 3411 3619 3482 πρὸς

2036 3498 2224 3552 αὐτόν·
2268 3499 2563 3562 Ἤκουσας,
2615 3494 2660 3551 ὦ
2704 3501 2934 3564 Φαῦστε,
2983 3502 3052 3554 τά
3093 3502 3215 3555 καθ’
3245 3505 3411 3574 ἡμᾶς.
3448 3505 3617 3557 Ὅταν

2034 3585 2126 3643 οῦν
2157 3590 2289 3661 ἡμῖν
2315 3591 2582 3662 χρήσιμος
2608 3592 2641 3660 ἡ
2672 3591 3026 3663 περικειμένη
3075 3610 3156 3646 σοι
3201 3594 3399 3658 πλάνος
3433 3594 3616 3666 μορφὴ

2034 3683 2258 3752 γένηται
2278 3683 2370 3735 καὶ
2393 3683 2747 3755 ὑπουργήσῃς
2767 3684 2917 3754 ἡμῖν,
2942 3683 3078 3755 πρὸς
3097 3684 3132 3738 ἅ
3155 3685 3470 3756 κελεύομεν,
3493 3687 3617 3740 τότε

2034 3772 2188 3842 κάγώ
2215 3791 2297 3827 σοι
2317 3774 2414 3845 τὴν
2436 3775 2693 3847 ἀληθινήν
2717 3791 2810 3828 σου
2835 3776 3047 3847 μορφὴν
3068 3778 3330 3830 ἀποδώσω
3353 3779 3615 3850 πρότερον

2035 3867 2319 3935 ποιήσαντι
2351 3867 2421 3919 τὰ
2450 3867 2580 3937 παρ’
2607 3866 2741 3938 ἐμοῦ
2768 3885 2850 3921 σοι
2871 3868 3157 3940 λεγόμενα.
3191 3871 3297 3924 Τοῦ
3323 3871 3381 3924 δέ
3407 3873 3616 3945 πατρὸς

2034 3957 2303 4019 εἰπόντος’
2343 3958 2456 4010 Πᾶν
2498 3959 2526 4011 δ
2555 3975 2608 4012 τι
2648 3957 2714 4012 ἂν
2755 3977 2842 4030 μοι
2879 3959 3102 4014 δυνατὸν
3204 3962 3614 4034 προθυμότατον

2035 4050 2262 4118 ποιήσω,
2301 4051 2459 4120 μόνον
2486 4051 2584 4122 τὴν
2615 4052 2752 4124 ἐμὴν
2773 4056 2885 4116 τοῖς
2914 4055 3065 4124 ἐμοῖς
3091 4055 3287 4118 ἀπόδος
3315 4058 3548 4128 μορφήν-
3582 4059 3612 4112 6

2033 4140 2236 4214 Πέτρος
2265 4142 2620 4212 ἀπεκρίνατο·⁸
2651 4143 2811 4207 αὐτὸς
2854 4144 3005 4208 ίδίοις
3041 4144 3175 4198 ὠσὶν
3217 4147 3459 4216 ἀκήκοας
3499 4147 3611 4202 τῶν

2034 4234 2274 4304 προόδων
2307 4251 2408 4305 μου
2436 4233 2544 4287 ἀπὸ
2581 4235 2906 4304 Ἀντιοχείας
2935 4237 3268 4308 ἐληλυθότων
3301 4238 3395 4291 καὶ
3427 4239 3611 4292 εἰπόν-

2033 4341 2160 4388 των,
2193 4327 2268 4390 ὼς
2290 4328 2406 4378 ἐκεῖ
2431 4324 2668 4395 γεγονὼς
2701 4329 2729 4380 6
2764 4327 2944 4397 Σίμων
2983 4327 3217 4399 ἰσχυρῶς
3255 4329 3381 4392 τοὺς
3418 4331 3612 4401 όχλους

364 4433 709 4485 nuncupatis,
745 4420 817 4472 ita
851 4427 909 4472 ut
939 4420 1286 4474 vehementer
1313 4420 1538 4491 cupiant
1573 4424 1684 4479 illic
1739 4439 1930 4484 omnes

2040 4420 2153 4470 κατ’
2184 4417 2314 4488 ἐμοῦ
2344 4417 2648 4488 παρώξυνε,
2681 4417 2852 4488 μάγον
2874 4419 2968 4473 καὶ
2995 4421 3294 4490 μιαιφόνον,
3320 4422 3521 4476 πλάνον
3545 4440 3609 4476 τε

361 4511 446 4563 vel
487 4511 744 4564 eat-uibus
785 4511 920 4564 meis
963 4510 1129 4565 vesci.
1172 4509 1278 4566 Fac
1306 4527 1438 4581 ergo
1466 4530 1587 4584 quae
1615 4516 1710 4570 tibi
1742 4520 1934 4587 praeci-

362 4602 535 4670 piam,
579 4611 662 4664 et,
701 4602 977 4656 Clemente
1014 4603 1154 4670 apud
1203 4619 1288 4658 tne
1335 4605 1525 4660 relicto
1549 4649 1563 4671 ,
1605 4623 1728 4662 cum
1763 4627 1932 4668 uxore

361 4705 450 4747 tua
473 4703 524 4748 et
550 4693 812 4748 Faustino
839 4710 902 4749 ac
934 4693 1290 4749 Faustiniano
1313 4738 1328 4762 ,
1363 4697 1489 4753 filiis
1521 4701 1628 4756 tuis
1650 4743 1664 4767 ,
1690 4701 1796 4758 duc
1827 4721 1926 4761 nos

361 4785 728 4840 Antiochiam.
777 4786 949 4839 Erunt
985 4796 1166 4840 autem
1214 4797 1391 4842 tecum
1442 4800 1497 4845 et
1542 4793 1632 4846 alii
1667 4795 1924 4862 quidam,

360 4892 498 4947 quos
527 4877 591 4930 ad
617 4877 984 4946 adjuvandum
1017 4893 1198 4932 meum
1232 4880 1521 4936 consilium
1556 4883 1781 4940 idoneos
1808 4903 1928 4944 cre—

361 4968 566 5022 didero.

428 5123 572 5178 XIX.
597 5123 827 5189 Quando
851 5125 1017 5194 igitur
1039 5126 1203 5181 simul
1229 5142 1354 5180 cum
1384 5126 1450 5182 iis
1477 5126 1782 5186 Antiochia:
1805 5148 1926 5188 ver-

2034 4511 2128 4570 καὶ
2156 4511 2326 4581 γόητα
2354 4511 2640 4563 ἀποκαλῶν
2662 4512 2752 4563 ἐπὶ
2771 4511 3044 4575 τοσοῦτον,
3069 4513 3145 4577 ὼς
3169 4513 3446 4584 γλίχεσθαι
3472 4517 3610 4569 πάν-

2032 4619 2131 4664 τας
2158 4603 2282 4665 τοὺς
2308 4602 2425 4654 ἐκεῖ
2448 4601 2557 4654 τῶν
2581 4601 2730 4672 ἐμῶν
2752 4601 3155 4671 ἀπογεύσασθαι
3181 4605 3417 4675 σαρκῶν.
3441 4607 3610 4677 Ποιή-

2036 4709 2151 4753 σεις
2197 4686 2316 4752 οὖν,
2349 4691 2425 4754 ὡς
2459 4691 2569 4759 ἐγὼ
2595 4691 2768 4760 λέγω,
2796 4691 3109 4746 καταλιπὼν
3141 4695 3431 4766 Κλήμεντά
3472 4699 3605 4766 παρ’

2031 4781 2154 4850 ἐμοὶ
2185 4780 2276 4832 καὶ
2303 4779 2626 4851 προαγαγὼν
2658 4782 2802 4851 ἡμᾶς
2839 4783 2919 4844 εἰς
2958 4783 3287 4853 Ἀντιόχειαν
3325 4784 3461 4854 μετά
3503 4785 3605 4855 τῆς

2035 4867 2262 4938 συμὸίου
2299 4884 2412 4931 σου,
2454 4869 2534 4920 ἐτι
2557 4868 2613 4921 δὲ
2639 4869 2930 4922 Φαυστίνου
2961 4871 3056 4923 καὶ
3083 4872 3467 4926 Φαυστινιανοῦ
3493 4876 3604 4926 τῶν

2032 4961 2162 5012 υἱῶν
2189 4977 2300 5011 σου.
2330 4959 2644 5014 Συνέσονται
2673 4962 2731 5014 δέ
2761 4979 2845 5013 σοι
2874 4964 2966 5015 καὶ
2995 4962 3142 5016 ἄλλοι
3170 4965 3332 5028 τινὲς,
3367 4965 3459 5028 οὓς
3491 4965 3606 5035 ἐγὼ

2030 5051 2198 5119 κρίνω
2226 5049 2482 5114 δυνατοὺς
2508 5052 2847 5123 ὑπουργῆσαι
2876 5053 2954 5124 τῷ
2987 5053 3104 5124 ἐμῷ
3142 5053 3421 5125 θελήματι.

2100 5141 2242 5196 XIX.
2277 5143 2429 5197 Μετά
2465 5144 2667 5198 τούτων
2701 5147 2758 5199 ἐν
2789 5149 2854 5217 τῇ
2903 5148 3198 5220 Ἀντιοχείᾳ
3239 5149 3596 5222 [γενόμενος],

361 5219 500 5272 saris
531 5227 584 5271 et
608 5216 794 5271 Simon
819 5217 1037 5285 quidem
1071 5234 1192 5273 esse
1223 5219 1446 5284 videris,
1481 5221 1656 5288 palam
1689 5224 1922 5290 przedica

2040 5237 2083 5284 '-:v
2118 5234 2226 5302 ὅσῳ
2250 5233 2325 5295 ὡς
2347 5233 2526 5306 Σίμων
2558 5235 2743 5308 φαίνῃ,
2779 5216 3011 5308 δημοσίᾳ
3043 5216 3404 5311 κήρυξοντὴν
3435 5216 3598 5300 σεαυ-

361 5311 731 5380 ρωηίιθηιὶιιιῐι
785 5319 955 5376 tuam,
984 5321 1146 5380 atque
1195 5311 1316 5365 dic:
1371 5310 1483 5379 Ego
1529 5311 1717 5367 Simon
1770 5317 1922 5374 vobis

2040 5323 2117 5375 ιοῦ
2171 5323 2551 5394 μεταῘμέλειαν
2592 5326 2818 5398 εἰπών’]
2874 5328 3012 5396 Ἐγὼ
3058 5331 3238 5401 Σίμων
3267 5310 3438 5384 ταῦτα
3470 5331 3600 5396 ὑμῖν

1632 5469 1863 5526 VARl/E
1897 5473 2300 5532 LECTIONES.

385 5606 390 5610 -
509 5582 590 5634 ὅτι
633 5581 937 5665 ἐεροϐρύμην
959 5583 1105 5665 ,τότε
1129 5623 1142 5647 ,
1313 5584 1539 5665 Φαύστῳ
1570 5585 1727 5665 τοῦτο
1762 5589 1985 5665 μηνύειν
2023 5589 2149 5665 Ruf.
2231 5588 2755 5665 “_flodicis_l_a_cut_ta
2803 5592 3121 5665 ﬁdesinjtiin
3153 5594 3254 5649 litt.
3289 5595 3426 5665 μῶν.
3452 5594 3589 5650 Tum

361 5651 614 5734 ἐφᾲνηρ-
646 5652 716 5734 ἕιγ
753 5652 778 5704 ε

783 5653 1118 5753 φηῖα’ἑόῗξιι.
1150 5653 1733 5753 ejiﬂsuco‘n‘j‘ectarverigtq
1747 5653 1948 5745 :12"an
1960 5661 2240 5753 ,συνόντων
2271 5658 2452 5746 ήιμῶν
2485 5657 2634 5732 αὐτῷ
2656 5661 2764 5753 ιτὴν
2798 5664 2875 5745 ἐκ.
2892 5661 2986 5714 τοῦ
3025 5664 3264 5753 alumno;
3289 5653 3493 5753 ’κακήν
3527 5667 3595 5753 ἐν

360 5709 534 5788 ὲῴάντί
552 5709 762 5792 βουλήν.
794 5709 806 5719 ’
840 5709 887 5754 ί⁸
916 5722 1006 5775 τόν
1027 5725 1085 5775 0.
1162 5723 1207 5753 “
1226 5709 1658 5781 ἐπανελθών
1675 5709 1733 5760 ³⁷

3170 5733 3215 5765 ’⁸
3245 5733 3496 5806 γνωρίζω
3527 5739 3591 5790 0.
