4048 6146
401 296 506 351 ωδ

1491 293 1954 350 CLEMENTINA.
1994 318 2070 333 -
2115 279 2400 343 nonum
2432 290 2536 344 xx,

3551 287 3656 340 466

401 415 662 480 κηρύσσω
681 408 961 479 ὁμολογῶν
975 408 1043 474 ¹⁹,
1073 408 1269 472 ἀδίκως
1302 407 1770 480 καταψεύ[σασθαι
1792 407 1860 462 τά
1883 407 1978 462 τοῦ

2086 403 2354 456 annuntio
2391 416 2551 473 atque
2587 378 2760 457 fateor
2802 419 2886 458 me
2934 404 3116 473 inique
3155 403 3222 457 de
3258 401 3419 456 Petro
3455 399 3652 453 menti—

400 500 642 572 Πέτρουο
669 502 732 554 ού
760 500 890 573 γάρ]
913 501 1029 553 ἐστι
1051 499 1270 565 πλάνος,
1297 502 1360 554 ού
1399 500 1698 572 μιαιφόνος,
1732 500 1796 553 ού
1825 500 1980 570 γόης,

397 592 520 646 οὐδὲ
555 594 654 646 ὅσα
687 593 814 646 ποτὲ
848 591 1026 661 φαῦλα
1063 594 1192 664 περὶ
1221 591 1385 646 αὐτοῦ
1414 593 1587 663 λέγων
1620 591 1848 661 ἔφθανον
1878 591 1983 645 ὑπὸ

401 683 572 755 θυμοῦ
611 683 986 753 ἐλαυνόμενος.
1033 683 1234 754 Δέομαι
1279 683 1432 754 ὑμῶν
1462 683 1624 747 αὐτὸς
1655 682 1796 753 ἐγὼ,
1829 685 1858 736 ό
1888 683 1983 735 τοῦ

401 775 540 845 πρὸς
579 775 746 845 ὑμᾶς
771 773 964 844 μίσους
1004 775 1173 838 αἴτιος
1203 773 1353 845 αὐτῷ
1385 773 1623 843 γεγονὼς
1643 813 1658 838 ,
1703 773 1983 827 παύσασθε

400 863 685 934 μισοῦντες
697 863 859 917 αὐτόν
874 881 887 894 ο
910 863 1006 917 τοῦ
1028 863 1136 936 γὰρ
1157 864 1262 918 ὑπὸ
1275 864 1412 918 Θεοῦ
1444 865 1581 936 πρὸς
1601 865 1874 936 σωτηρίαν
1903 864 1985 918 κό-

402 973 540 1028 σμου
563 956 972 1027 ἀπεσταλμένου
994 956 1226 1028 ἀληθοῦς
1245 959 1522 1030 προφήτου
1561 957 1724 1030 413
1780 957 1985 1030 ἀληθής

400 1049 548 1102 ἐστιν
563 1048 876 1112 ἀπόστολος.
894 1048 984 1102 Διὸ
999 1049 1091 1102 καὶ
1105 1049 1267 1113 αὐτὸς
1284 1067 1348 1102 συ
1355 1049 1654 1120 μϐουλεύω,
1672 1051 1822 1120 αὺτῷ
1838 1052 1984 1121 ὑμᾶς

399 1139 678 1192 πείθεσθαι
704 1140 835 1211 περὶ
859 1133 934 1193 ὧν
962 1139 1242 1212 κηρύσσω,
1267 1140 1389 1194 ἐπεὶ
1415 1142 1564 1194 πᾶσα
1591 1141 1744 1212 ὑμῶν
1772 1143 1804 1211 ή
1830 1141 1984 1203 πόλις

397 1230 565 1302 ἄρδην
598 1232 896 1286 ἀπολεῖται.
929 1232 1006 1284 Δι’
1036 1233 1102 1304 ῆν
1128 1232 1184 1284 δέ
1209 1233 1388 1286 αἰτίαν
1419 1233 1546 1303 ὑμῖν
1569 1232 1742 1286 ταῦτα
1774 1233 1982 1304 ὡμολό-

399 1340 566 1394 γησα,
598 1324 797 1378 εἰδέναι
826 1325 969 1396 ὑμᾶς
997 1324 1154 1378 θέλω.
1185 1325 1402 1397 Ταύτης
1426 1326 1524 1397 τῆς
1549 1326 1741 1390 νυκτὸς
1767 1326 1984 1396 ἄγγελοί

402 1432 470 1486 με
499 1415 591 1469 τοῦ
621 1415 781 1481 Θεοῦ,
802 1417 893 1470 τὸν
921 1417 1115 1487 ἀσεϐῆ,
1144 1417 1222 1480 ὡς
1248 1417 1440 1488 ἐχθρὸν
1468 1417 1598 1471 ὄντα
1625 1417 1704 1488 τῷ
1726 1418 1826 1488 τῆς
1852 1417 1987 1489 ἀλη-

398 1504 548 1569 θείας
586 1508 820 1578 κήρυκι,
857 1506 1046 1569 δεινῶς
1089 1508 1442 1577 ἐμαστίγουν.
1492 1507 1804 1578 Παρακαλῶ
1853 1501 1980 1570 οῦν,

399 1598 523 1668 μηδ’
556 1597 620 1651 ἂν
648 1599 811 1662 αὐτὸς
839 1597 951 1667 ἐγὼ
978 1599 1167 1653 ἄλλοτε
1195 1597 1438 1653 ἐπελθὼν
1465 1599 1606 1653 κατὰ
1634 1599 1842 1671 Πέτρου
1872 1601 1986 1654 ἐπιο

396 1689 596 1760 χειρῶν
640 1689 815 1759 λέγω,
865 1690 940 1762 μὴ
981 1689 1315 1761 ἀποδέξησθέ
1374 1708 1463 1761 με.
1524 1689 1984 1761 Ἐξομολογοῦμαι
2016 1736 2059 1793 Β

396 1786 505 1858 γάρ
524 1788 651 1857 ὑμῖν
665 1803 678 1816 ·
748 1783 858 1857 ἐγὼ
881 1787 1055 1858 μάγος
1073 1827 1088 1853 ,
1112 1787 1224 1857 ἐγὼ
1245 1787 1444 1851 πλάνος
1463 1829 1478 1853 ,
1503 1787 1615 1857 ἐγὼ
1638 1788 1790 1859 γόης.
1830 1787 1985 1853 Ἐξε-

398 1897 486 1932 στι
510 1878 620 1950 γάρ
649 1880 799 1944 ἴσως,
835 1881 1094 1954 μετανοίᾳ
1119 1880 1394 1934 ἀπολῦσαι
1416 1879 1488 1934 τά
1513 1880 1986 1952 προπεπραγμένα

399 1987 489 2039 μοι
516 1971 906 2043 ἁμαρτήματα.

464 2062 584 2119 XX.
614 2065 805 2120 Ταῦτα
838 2065 932 2118 τοῦ
979 2065 1188 2136 Πέτρου
1229 2065 1640 2136 ὑποτιθεμένου,
1672 2061 1828 2128 οἶδα,
1876 2065 1982 2136 ἔφη

393 2156 424 2208 ό
449 2157 650 2228 πατὴρ,
678 2158 778 2211 ὅτι
815 2157 1010 2228 βούλει.
1057 2157 1148 2211 Διὸ
1175 2157 1250 2228 μὴ
1290 2157 1486 2229 κάμνε.
1534 2158 1688 2228 Ἐμοὶ
1727 2158 1836 2226 γὰρ
1866 2143 1982 2227 οὐχ’

392 2243 554 2319 ἧττον
586 2249 806 2321 μελήσει
853 2251 1032 2303 ἐκεῖσε
1057 2250 1265 2304 ἐλθόντι
1284 2249 1650 2321 διαλεχθῆναι,
1675 2249 1710 2303 ἀ
1732 2247 1838 2320 χρὴ
1857 2249 1984 2319 περὶ

395 2339 489 2394 σοῦ
519 2340 881 2410 διαλέγεσθαι.
916 2342 1026 2396 Καὶ
1046 2342 1075 2393 ό
1102 2343 1309 2414 Πέτρος
1336 2341 1497 2396 πάλιν
1526 2341 1838 2394 ὑπετίθετοο
1855 2342 1983 2394 ὅταν

389 2427 485 2486 06v
527 2433 729 2505 νοήσῃς
772 2433 1067 2503 τὴν-πόλιν
1112 2434 1562 2505 μεταϐαλομένην
1606 2433 1700 2486 τοῦ
1756 2433 1980 2506 μίσους,

390 2519 762 2590 ἐπιθυμοῦσαν
790 2521 848 2574 δέ
889 2521 1016 2575 ἰδεῖν
1044 2524 1211 2594 ἡμᾶς,
1245 2523 1466 2594 πέμψας
1493 2523 1732 2595 δήλωσόν
1753 2540 1864 2594 μοι,
1888 2524 1984 2578 καὶ

387 2611 578 2666 αὐτόθι
604 2613 1130 2686 ἐπικαταληψόμεθά
1159 2633 1240 2669 σε.
1266 2616 1562 2686 Γενόμενος
1590 2615 1645 2669 δὲ
1670 2616 1788 2669 ἐκεῖ
1810 2614 1981 2686 αὐθήο

395 2719 560 2774 μερον
601 2704 702 2775 τὴν
733 2704 1024 2776 ἀλλοτρίαν
1066 2723 1161 2758 σου
1192 2706 1406 2777 μορφὴν
1442 2706 1720 2770 ἀπελάσας
1745 2707 1843 2777 τὴν
1883 2707 1981 2776 σὴν

389 2798 502 2858 τοῖς
555 2798 672 2858 σοῖς
706 2796 801 2849 καὶ
833 2798 966 2850 πᾶσι
1010 2801 1124 2861 τοίς
1170 2797 1350 2861 ἄλλοις
1394 2796 1649 2861 ἀπλανῶς
1695 2795 1980 2868 φαίνεσθαι

391 2887 618 2956 ποιήσω.
650 2886 834 2941 Ταῦτα
853 2887 1021 2941 εἰπὼν
1050 2891 1290 2941 συνεῖναι
1307 2887 1458 2959 αύτῷ
1481 2889 1609 2952 τοὺς
1634 2889 1806 2954 υἱοὺς,
1829 2889 1981 2943 ἀδελ-

391 2978 525 3045 φοὺς
552 2975 608 3028 δέ
634 2978 799 3048 ἐμοὺς
820 2978 1042 3047 ἐποίησε
1072 2979 1167 3032 καὶ
1198 2979 1498 3033 Ματτιδίαν
1517 2980 1564 3011 ³⁰
1590 3019 1605 3045 ,
1636 2981 1736 3052 τὴν
1768 2982 1978 3053 μητέρα
1991 3041 2016 3050 _~

2087 501 2201 547 tum
2227 509 2379 561 esse;
2408 511 2512 549 non
2545 495 2689 549 enim
2720 495 2808 548 ille
2841 505 2922 549 est
2949 495 3228 565 decoptor,
3257 500 3353 548 aut
3377 491 3521 548 caede
3543 491 3655 562 pol-

2086 588 2267 653 lutus,
2301 600 2395 642 aut
2427 588 2823 658 praestigiator,
2854 595 2948 641 aut
2975 603 3096 657 quae
3126 587 3228 640 alia
3264 593 3461 639 cuncta
3479 581 3558 644 de
3589 595 3656 636 co

2085 683 2230 735 mala
2255 682 2457 751 protuli
2485 675 2671 736 furore
2699 680 2980 735 incitatus.
3012 679 3253 734 Obsecro
3275 693 3374 749 ego
3397 692 3494 732 vos
3517 676 3654 746 ipse,

2085 773 2178 842 qui
2203 773 2310 828 odii
2335 773 2504 827 vestri
2538 781 2733 827 contra
2759 788 2883 826 eum
2923 770 3126 826 noxius
3173 786 3292 825 sum
3341 778 3531 824 auctor
3553 810 3566 834 ,
3601 774 3661 822 ut

2086 863 2137 918 id
2163 863 2486 934 deponatis;
2519 881 2643 918 nam
2673 865 2762 919 ille
2793 873 2877 920 est
2899 862 3014 918 veri
3041 862 3107 916 ad
3139 862 3368 917 salutem
3407 859 3595 916 mundi
3629 876 3659 914 a

2087 956 2199 1010 Deo
2226 957 2382 1011 missi
2409 958 2686 1027 propheta:
2716 969 2880 1012 verus
2907 955 3209 1026 apostolus.
3243 951 3583 1023 Quapropter
3607 963 3664 1009 ct

2085 1047 2199 1117 ipse
2220 1049 2423 1102 suadeo
2455 1059 2514 1102 ut
2541 1047 2588 1102 ci
2619 1048 2854 1104 credatis
2918 1048 2971 1104 in
3021 1048 3091 1102 iis
3123 1045 3191 1101 de
3216 1045 3415 1116 quibus
3441 1046 3660 1114 loquor,

2086 1153 2154 1192 ne
2185 1137 2325 1193 forte
2363 1139 2622 1209 oppidum
2651 1148 2892 1195 vestrum
2927 1137 3174 1192 funditus
3204 1145 3408 1206 pereat.
3441 1131 3663 1186 Verum.

2084 1229 2366 1284 enimvero
2409 1230 2550 1285 scire
2591 1246 2690 1285 vos
2734 1231 2894 1298 volo,
2944 1245 3046 1284 cur
3089 1229 3204 1282 haec
3253 1225 3534 1280 conﬁtear.
3570 1221 3663 1279 Dei

2085 1325 2260 1394 angeli
2289 1341 2375 1380 mc
2401 1325 2651 1396 impium,
2682 1325 2828 1396 quod
2856 1324 3116 1379 inimicus
3147 1337 3326 1378 essem
3354 1318 3546 1378 nuntio
3574 1334 3663 1371 vc-

2086 1413 2297 1479 ritatis,
2347 1416 2448 1470 hac
2480 1423 2640 1470 nocte
2673 1417 3022 1471 vehementer
3060 1413 3422 1484 ﬂagellarunt.
3462 1408 3663 1462 llortor

2084 1520 2214 1575 ergo
2241 1523 2308 1562 ne
2358 1507 2490 1561 mihi
2515 1507 2770 1572 credatis,
2797 1506 3010 1560 etiamsi
3036 1505 3173 1560 alias
3195 1503 3419 1557 veniens
3442 1500 3661 1555 Petrum

2085 1600 2411 1656 calumnier.
2449 1599 2724 1656 Conﬁteor
2764 1600 2909 1656 enim
2947 1599 3136 1653 vobis:
3169 1596 3498 1666 egomctipsc
3541 1609 3662 1648 sunt

2085 1707 2301 1762 magus,
2331 1709 2432 1764 ego
2460 1693 2737 1762 deceptor,
2769 1707 2870 1762 ego
2911 1689 3296 1761 praestigiator.
3347 1685 3440 1744 Sic
3477 1684 3661 1740 forsan

2086 1785 2214 1840 licet
2259 1793 2482 1855 peccata
2524 1784 2678 1854 prius
2705 1799 2733 1837 a
2759 1799 2846 1838 me
2890 1782 3188 1839 commissa
3219 1778 3536 1852 pmliitetitia
3569 1778 3666 1834 de-

2085 1877 2218 1933 lere.

2156 2055 2276 2108 XX.
2310 2054 2443 2122 Qua:
2491 2069 2616 2110 cum
2658 2053 2852 2108 Petrus
2892 2053 3034 2124 patri
3095 2052 3412 2108 mandasset
3449 2071 3462 2105 :
3496 2051 3663 2106 lntel-

2084 2147 2214 2219 ligo,
2243 2146 2439 2217 inquit,
2463 2146 2591 2216 quid
2619 2145 2771 2200 velis.
2799 2145 2980 2212 Quare
3003 2162 3070 2200 ne
3099 2146 3242 2201 ultra
3270 2146 3500 2200 labores.
3528 2143 3664 2200 Nam

2084 2254 2232 2294 curae
2266 2237 2403 2292 mihi
2435 2239 2562 2306 erit,
2601 2254 2727 2294 cum
2763 2239 2872 2293 illic
2907 2253 3133 2304 venero,
3173 2247 3231 2291 ut
3267 2237 3334 2290 de
3367 2247 3419 2291 te
3445 2237 3661 2306 loquar,

2084 2347 2206 2401 qua:
2241 2330 2568 2385 annuutiare
2594 2346 2681 2385 me
2718 2339 2952 2400 oportet.
2985 2329 3190 2384 Deinde
3216 2327 3411 2384 Petrus
3439 2329 3664 2383 manda-

2086 2424 2153 2478 tis
2181 2423 2470 2493 subjunxit
2501 2440 2513 2476 :
2551 2422 2782 2490 Quando
2809 2431 2990 2477 autem
3019 2422 3212 2476 urbem
3243 2421 3371 2476 odio
3399 2420 3666 2476 desistere

2083 2515 2234 2571 vides
2263 2531 2328 2570 ac
2353 2515 2625 2571 desiderio
2654 2531 2752 2570 nos
2787 2515 3020 2571 videndi
3046 2515 3191 2584 capi,
3234 2515 3490 2570 nuntium
3529 2515 3662 2568 mihi

2085 2607 2258 2674 mitte,
2287 2616 2340 2662 et
2369 2606 2556 2661 statim
2592 2607 2660 2663 ad
2689 2616 2742 2663 te
2780 2607 3218 2678 properabimus.
3247 2605 3461 2661 Etcum
3483 2621 3550 2682 eo
3573 2621 3661 2660 ve-

2082 2715 2238 2765 nero,
2267 2699 2500 2754 alienam
2526 2697 2761 2753 formam
2788 2715 2819 2753 a
2846 2708 2897 2753 te
2927 2697 3152 2769 fugabo,
3191 2706 3450 2768 tuamque
3481 2698 3589 2751 tuis
3611 2707 3665 2752 et

2083 2791 2205 2845 aliis
2241 2790 2499 2846 erunibus
2531 2791 2678 2846 clare
2701 2805 2967 2861 apparere
3009 2789 3228 2845 faciam.
3267 2790 3480 2858 Quibus
3503 2789 3664 2846 dictis

2079 2880 2222 2936 ﬁlios
2248 2881 2389 2952 ejus,
2423 2897 2576 2936 meos
2607 2881 2836 2949 fratres,
2861 2895 2916 2938 et
2957 2881 3260 2938 Mattidiam
3289 2893 3520 2936 matrem
3562 2897 3661 2935 no-

2080 2983 2249 3030 stram
2290 2983 2344 3028 et
2373 2972 2644 3030 sodalium
2677 2975 2948 3044 quosdam
2981 2991 3086 3030 una
3128 2992 3254 3031 cum
3286 2991 3354 3030 eo
3387 2974 3657 3045 proﬁcisci

391 3068 569 3138 ἡμῶν,
617 3070 710 3122 καὶ
755 3069 870 3122 τῶν
908 3068 1295 3140 γνησιωτέρων
1344 3069 1498 3133 τινὰς
1548 3071 1982 3142 συναπέρχεσθαι

2081 3066 2264 3136 jussit.
2298 3066 2403 3122 Sed
2432 3077 2605 3123 mater
2633 3069 2800 3124 invita
2839 3087 2964 3125 cum
2995 3086 3062 3126 eo
3089 3071 3239 3125 abire
3263 3071 3547 3126 videbatur
3573 3069 3657 3123 di-

387 3159 695 3213 ἐκέλευσεν.
740 3161 803 3213 Ἡ
841 3161 898 3214 δὲ
945 3163 1128 3233 μήτηρ
1157 3163 1512 3218 συναπελθεῖν
1547 3163 1698 3235 αὐτῷ
1733 3165 1981 3237 ὀκνηρῶς

388 3248 499 3305 εἶδε
524 3250 758 3320 λέγουσα
776 3253 817 3284 ³¹
840 3270 854 3283 ·
889 3254 1102 3322 Μοιχάς
1134 3255 1243 3326 γὰρ
1281 3251 1421 3308 εἶναι
1461 3255 1605 3309 δοκῶ
1633 3259 1700 3327 τῇ
1739 3257 1982 3327 Σίμωνος

394 3342 628 3396 συνοῦσα
658 3346 864 3414 μορφῇ.
899 3345 960 3396 Εἰ
989 3345 1032 3397 δ’
1064 3345 1173 3416 ἄρα
1193 3347 1630 3418 συναπέρχεσθαι
1646 3348 1794 3420 αὐτῷ
1816 3349 1982 3417 ἀναγ-

401 3433 768 3505 κασθήσομαι,
793 3436 1052 3491 ἀδύνατον
1075 3439 1172 3490 ἐπὶ
1193 3437 1292 3508 τῆς
1313 3439 1482 3508 αύτῆς
1504 3439 1674 3510 τύχης
1700 3440 1888 3511 κλίνης
1909 3442 1980 3473 ³¹⁶

403 3527 1020 3599 συγκατακλιθήσεσθαι.
1054 3529 1168 3583 Οὐκ
1193 3523 1310 3582 οἶδα
1333 3529 1413 3593 δὲ,
1440 3531 1486 3582 εί
1513 3529 1606 3584 καὶ
1629 3531 1980 3587 συναπελθεῖν

398 3617 550 3683 αὐτῷ
572 3619 958 3691 πεισθήσομαι.
978 3620 1272 3675 Ὀκνοῦσαν
1284 3620 1342 3674 δὲ
1361 3620 1530 3691 αὐτὴν
1548 3621 1803 3676 ἀπελθεῖν
1815 3622 1978 3697 Eu

387 3708 420 3760 ό
447 3708 762 3762 Ἀννουὸίων
777 3710 1106 3781 προέτρεψεν
1119 3711 1288 3782 αὐτὴν
1303 3710 1472 3766 εἰπών
1493 3712 1770 3783 ’Πείσθητι
1783 3714 1904 3784 ἐμοί
1918 3732 1978 3767 τε

389 3799 487 3852 καὶ
503 3799 692 3872 Πέτρῳ
711 3803 804 3855 καὶ
822 3801 958 3873 αὐτῇ
974 3801 1030 3854 δὲ
1049 3805 1116 3874 τῇ
1142 3805 1314 3874 φωνῇ,
1346 3803 1428 3856 ὅτι
1454 3803 1737 3876 [Φαῦστός]
1755 3807 1920 3872 ἐστιν,
1949 3809 1979 3860 ό

391 3891 487 3956 σδς
513 3893 758 3964 σύμϐιος,
788 3893 848 3948 ὃν
891 3894 992 3949 οὐκ
1019 3893 1240 3949 ἔλαττόν
1276 3913 1369 3949 σου
1405 3897 1623 3965 ἀγαπῶ.
1663 3898 1774 3951 Καὶ
1817 3899 1979 3963 αὐτὸς

388 3986 542 4056 αὐτῷ
567 3985 1091 4058 συμ[πορεύσομαι].
1123 3985 1310 4040 Ταῦτα
1345 3986 1442 4040 τοῦ
1497 3987 1876 4053 ’Δννουὸίωνος
1907 3990 1980 4042 εί-

391 4077 604 4142 πόντος,
633 4079 666 4148 ή
708 4080 887 4150 μήτηρ
919 4079 1190 4133 συνελθεῖν
1222 4081 1513 4150 ὑπέσχετο..

467 4167 606 4223 XXI.
652 4169 709 4243 Ὀ
752 4169 808 4223 δὲ
845 4170 1050 4242 Πέτρος
1090 4170 1274 4243 [ἔφη]’
1317 4173 1641 4228 Δικαιότατα
1673 4175 1858 4240 όΘεὸς
1907 4176 1977 4229 τὰ

2081 3175 2210 3216 cens
2239 3177 2254 3214 :
2279 3158 2528 3215 Profecto
2551 3160 2801 3217 adultera
2829 3162 2964 3216 mihi
2992 3179 3116 3218 esse
3151 3163 3385 3229 viderer,
3415 3163 3462 3217 si
3483 3163 3657 3218 vultui

2083 3251 2326 3306 Simonis
2352 3267 2530 3306 essem
2568 3253 2886 3322 conjuncta.
2923 3256 3108 3324 itaque
3140 3255 3188 3308 si
3227 3271 3415 3325 cogor,
3450 3263 3508 3309 ut
3533 3271 3658 3310 cum

2080 3357 2148 3397 co
2175 3345 2393 3408 abeam,
2419 3343 2541 3398 ﬁeri
2573 3353 2752 3399 tamen
2781 3361 2890 3400 non
2919 3348 3138 3415 poterit,
3167 3357 3225 3401 ut
3251 3347 3305 3400 in
3335 3346 3524 3402 eodem
3552 3347 3660 3402 lec-

2083 3436 2197 3491 tulo
2220 3435 2458 3506 jaceam.
2485 3434 2684 3491 Nescio
2718 3447 2926 3502 tamen,
2961 3454 3030 3491 an
3057 3439 3141 3493 vel
3169 3438 3485 3508 persuaderi
3523 3439 3656 3493 mihi

2079 3529 2270 3599 possit,
2300 3536 2360 3582 ut
2380 3528 2544 3583 simul
2567 3544 2692 3583 cum
2723 3543 2788 3582 co
2817 3529 3158 3598 proﬁciscar.
3195 3528 3332 3586 Tum
3360 3529 3658 3584 Annubion

2077 3632 2276 3690 praeter
2294 3621 2631 3676 voluntatem
2648 3622 2939 3676 abeuntem
2966 3623 3040 3677 ita
3066 3622 3314 3680 hortatus
3331 3633 3415 3680 est
3444 3643 3457 3678 :
3483 3623 3660 3679 Crede

2079 3711 2215 3766 mihi
2247 3721 2302 3766 et
2331 3711 2494 3767 Petro
2525 3721 2580 3767 et
2613 3712 2734 3768 voci
2768 3713 2898 3783 ipsi,
2927 3730 3049 3768 esse
3075 3731 3199 3768 eum
3228 3713 3490 3771 Faustum
3527 3733 3657 3772 con-

2073 3786 2260 3873 jugcni
2293 3811 2468 3868 tuum,
2501 3818 2662 3872 quem
2696 3818 2798 3871 ego
2843 3818 2949 3857 non
2993 3803 3176 3856 minus
3203 3802 3370 3873 diligo
3399 3819 3564 3872 quam
3599 3812 3655 3857 tu

2078 3891 2216 3962 ipsa.
2253 3890 2364 3962 Ego
2391 3901 2444 3945 et
2471 3892 2585 3961 ipse
2617 3907 2740 3946 eum
2772 3907 2839 3946 co
2871 3891 3208 3961 proﬁciscar.
3234 3891 3367 3958 Qua:
3397 3908 3522 3947 cum
3548 3893 3657 3946 An-

2079 3983 2285 4038 nubion
2308 3984 2563 4051 dixisset,
2609 3993 2784 4040 mater
2808 4001 2866 4040 se
2901 3999 3009 4040 una
3036 4000 3161 4039 cum
3196 3985 3422 4055 reliquis
3461 3995 3656 4044 ventu-

2077 4093 2198 4132 ram
2227 4076 2496 4146 promisit.

2145 4167 2290 4223 ΧΧΙ.
2305 4172 2373 4222 At
2386 4169 2577 4224 Petrus
2603 4187 2616 4223 :
2643 4168 2786 4225 Deus
2814 4168 2979 4224 rebus
3005 4170 3210 4224 nostris
3226 4171 3430 4240 Optime
3446 4187 3651 4226 consu-

394 4261 694 4332 πράγματα
723 4261 880 4332 ἡμῶν
913 4265 1204 4334 οἰκονομεῖ.
1253 4265 1487 4336 Ἔχομεν
1535 4266 1644 4339 γὰρ
1672 4267 1791 4338 μεθ’
1817 4269 1979 4339 ήμῶν

2081 4260 2157 4326 Ιίι;
2177 4259 2438 4316 habemus
2451 4261 2596 4315 enim
2610 4262 2894 4316 nobiscum
2907 4260 3284 4318 Annubionem
3298 4264 3650 4334 astrologum.

405 4351 782 4423 Ἀννουϐίων[α
842 4352 1210 4425 ἀστρολ]όγον.
1278 4349 1444 4419 Οὗτος
1495 4355 1604 4428 γάρ
1658 4359 1792 4428 ἡμῖν
1862 4360 1976 4412 ἐπι-

2081 4350 2177 4406 llic
2190 4368 2315 4408 cum
2348 4352 2508 4406 nobis
2521 4352 2587 4406 de
2599 4352 2782 4420 genesi
2800 4360 2858 4406 ut
2871 4351 3080 4408 amicus
3098 4354 3394 4425 disputabit
3415 4354 3654 4409 familia-

387 4444 668 4515 δημήσασι
726 4419 795 4516 τῇ
863 4419 1159 4518 Ἀντιοξεία
1219 4447 1350 4518 περὶ
1391 4419 1804 4517 γενέσεως-’τοῦ
1861 4450 1974 4505 λοι-

2081 4445 2218 4512 rius,
2249 4445 2470 4514 quando
2503 4445 2812 4500 Antiochia:
2858 4445 3087 4502 erimus.
3121 4419 3338 4514 Etcum
3370 4457 3522 4517 pater
3551 4451 3654 4502 sub

389 4536 495 4590 ποῦ
543 4537 620 4599 ὡς
659 4537 810 4606 φίλος
861 4537 1227 4608 γνησιιίηερον
1275 4539 1710 4612 διαλεχθήσεται.
1761 4543 1872 4596 Καὶ
1909 4543 1975 4615 δὴ

2081 4545 2294 4592 noctem
2347 4553 2474 4591 cum
2529 4537 2617 4604 iis,
2664 4551 2805 4606 quos
2848 4536 3046 4595 Petrus
3081 4539 3451 4606 ordinaverat,
3488 4541 3651 4596 simul

386 4626 485 4679 τοῦ
526 4627 731 4698 πατρὸς
761 4626 864 4679 ὑπὸ
905 4627 1075 4680 νύκτα
1103 4627 1221 4698 μεθ’
1248 4623 1322 4681 ὧν
1352 4629 1603 4682 ἐκέλευσε
1648 4631 1850 4703 Πέτρος
1877 4633 1974 4711 σὺν

2081 4645 2201 4684 cum
2227 4629 2556 4684 Annubione
2583 4631 2912 4711 perrexisset
2943 4633 3008 4687 ad
3034 4632 3266 4688 vicinam
3284 4631 3650 4703 Antiochiam,

388 4714 467 4785 τῷ
509 4715 849 4769 Ἀννουϐίωνι
875 4716 1215 4787 ὁρμήσαντος
1247 4717 1340 4769 ἐπὶ
1370 4719 1480 4789 τὴν
1497 4717 1726 4788 πλησίον
1765 4708 1972 4774 Ἀντιόῖ

390 4823 560 4875 χειαν,
589 4806 786 4877 ὄρθρου
813 4807 916 4877 τῆς
947 4807 1114 4879 ἄλλης
1147 4809 1361 4879 ἡμέρας
1389 4811 1516 4880 πρὶν
1553 4811 1835 4882 προελθεῖν
1867 4812 1974 4866 Πέ-

387 4916 515 4969 τρον
546 4899 636 4950 ἐπὶ
663 4898 739 4969 τῷ
781 4898 1146 4969 διαλέγεσθαι,
1191 4901 1494 4972 ἐπανῆλθον
1540 4905 1620 4968 εἰς
1651 4905 1750 4976 τὴν
1780 4905 1972 4959 Λαοδί-

389 5007 542 5043 κειαν
564 4989 657 5042 τὸν
685 4990 904 5061 Σίμωνα
939 4992 1362 5064 προπέμψαντες
1409 4995 1650 5048 Ἀππίων
1675 4996 1771 5050 καὶ
1815 4996 1973 5067 Ἀθη-

388 5082 619 5152 νὸδωρος
645 5083 1030 5154 ἐπιζητοῦντες
1057 5083 1149 5139 τὸν
1174 5085 1406 5157 πατέρα.
1456 5087 1513 5140 '0
1539 5087 1598 5140 δέ
1632 5088 1816 5158 μαθὼν
1845 5089 1970 5143 ἐκέ-

2077 4736 2236 4774 mane
2285 4719 2568 4790 sequentis
2596 4720 2731 4786 diei,
2761 4732 3057 4791 antequam
3103 4723 3299 4779 Petrus
3341 4725 3410 4780 ad
3457 4726 3648 4797 dispu—

2073 4811 2299 4866 tandum
2323 4826 2582 4880 egressus
2604 4822 2770 4878 esset,
2798 4811 3119 4869 Laodiceam
3143 4825 3410 4870 venerunt
3435 4817 3646 4887 Appiou

2069 4910 2124 4956 et
2151 4901 2558 4966 Athenodorus,
2589 4901 2828 4958 Simonis
2855 4904 3107 4970 comites,
3156 4914 3365 4974 patrem
3399 4923 3648 4977 quzcren-

2068 5003 2169 5048 tes.
2203 4993 2321 5060 Qua
2367 5011 2426 5048 re
2471 4994 2711 5064 cognita,
2748 4994 2978 5051 introire
3008 5011 3105 5051 cos
3145 4996 3337 5066 jussit.
3369 4997 3471 5065 Qui
3519 5015 3643 5054 cum

2067 5086 2299 5156 ingressi
2328 5095 2514 5140 essent
2540 5094 2702 5155 atque
2740 5087 3134 5152 consedissent,
3168 5105 3231 5144 ac
3259 5091 3348 5144 ubi
3407 5090 3644 5148 Faustus

388 5173 575 5228 λευσεν
606 5175 802 5238 αὐτοὺς
839 5176 1201 5247 εἰσέρχεσθαι.
1243 5177 1555 5232 Είσϐάντων
1580 5178 1636 5231 δὲ
1674 5179 1769 5233 καὶ
1806 5181 1969 5234 καθε-

2081 5187 2211 5233 asset
2257 5179 2623 5247 qu;csiissent,
2680 5177 2875 5234 Petrus
2935 5181 3212 5249 respondit
3259 5200 3274 5241 :
3311 5181 3636 5250 Nescimus;

390 5267 623 5320 σθέντων
667 5265 782 5329 καί,
814 5266 926 5319 Ποῦ
955 5266 1230 5334 Φαῦστος;
1276 5268 1536 5322 εἰπόντων
1579 5309 1593 5334 ,
1633 5270 1969 5341 ἀπεκρίνατο

2081 5286 2196 5324 nam
2228 5286 2294 5324 ex
2331 5287 2556 5341 vespero
2589 5272 2703 5337 illo,
2735 5286 2845 5341 quo
2874 5272 2940 5325 ad
2975 5287 3068 5328 vos
3095 5273 3211 5340 ivit,
3248 5277 3378 5331 nulli
3415 5295 3639 5336 suorum

388 5360 623 5430 Πέτρος·
671 5359 786 5412 Οὐκ
814 5357 1001 5429 ἴσμεν·
1035 5360 1206 5430 αὐτῆς
1243 5359 1353 5433 γὰρ
1387 5361 1623 5433 ἑσπέρας
1660 5362 1795 5433 πρὸς
1821 5363 1965 5433 ὑμᾶς

2081 5378 2264 5417 rursus
2303 5362 2573 5432 apparuit.
2618 5361 2744 5418 lleri
2771 5372 2951 5418 autem
2985 5381 3147 5420 mane
3192 5377 3248 5422 et
3279 5367 3466 5425 Simon
3513 5389 3638 5428 eum

391 5451 556 5504 ἐλθὼν
575 5451 758 5504 οὐκέτι
777 5454 891 5515 τοῖς
913 5451 1132 5516 οἰκείοις
1159 5453 1362 5524 ἐφάνη’
1401 5453 1528 5524 χθὲς
1554 5453 1611 5506 δέ
1644 5453 1844 5525 ὄρθρου
1868 5455 1962 5508 καὶ

2081 5454 2613 5524 qumrebat,cumque
2631 5455 2767 5510 nihil
2786 5459 3261 5528 responderemus,
3285 5463 3471 5519 nescio
3511 5467 3638 5536 quid

1686 5565 1921 5623 VARI/IS
1961 5569 2362 5628 LECTIONES.

437 5667 501 5748 ﬂ“
533 5660 929 5803 ὁμοῖιθγξῗῖηυᾷ
1006 5659 1049 5690 ³⁹
1074 5658 1373 5714 Ματθιδίαν
1407 5663 1467 5714 0.
1550 5661 1590 5692 ³¹
1625 5661 1856 5730 λέγουσα
1901 5664 2145 5734 supplevi
2190 5683 2254 5720 ex
2301 5666 2630 5736 conjectura.
2664 5666 2826 5740 [Lege
2862 5668 2969 5745 εἶχε
2999 5692 3095 5746 pro
3121 5672 3272 5751 εἶδε]
3350 5684 3413 5715 ³¹⁶
3445 5702 3512 5740 an
3543 5689 3642 5762 leg.

437 5751 552 5803 ηιης
580 5751 672 5786 και
705 5751 736 5785 κ
761 5769 771 5784 .
867 5750 891 5794 ς
911 5773 922 5784 .

393 5751 552 5806 tum;
580 5751 672 5786 και
705 5750 922 5803 κλινηςι
