  <div class='ocr_page' id='page_1' title='image "/cluster/home/n/w/nwhite01/storage/ocr_20150623/2/mdp.39015005182426/243.png"; bbox 0 0 4040 6146; ppageno 0'>
   <div class='ocr_carea' id='block_1_1' title="bbox 497 260 592 317">
    <p class='ocr_par' dir='ltr' id='par_1_1' title="bbox 497 260 592 317">
     <span class='ocr_line' id='line_1_1' title="bbox 497 260 592 317; baseline -0.011 0"><span class='ocrx_word' id='word_1_1' title='bbox 497 260 592 317; x_wconf 70' lang='lat'><strong>46&#39;!</strong></span> 
     </span>
    </p>
   </div>
   <div class='ocr_carea' id='block_1_2' title="bbox 1300 242 2763 325">
    <p class='ocr_par' dir='ltr' id='par_1_2' title="bbox 1300 242 2763 325">
     <span class='ocr_line' id='line_1_2' title="bbox 1300 242 2763 325; baseline -0.005 -12"><span class='ocrx_word' id='word_1_2' title='bbox 1300 260 1358 314; x_wconf 90' lang='lat' dir='ltr'><strong>S.</strong></span> <span class='ocrx_word' id='word_1_3' title='bbox 1385 258 1770 325; x_wconf 75' lang='lat' dir='ltr'><strong>CLEMENTIS</strong></span> <span class='ocrx_word' id='word_1_4' title='bbox 1797 257 1817 321; x_wconf 82' lang='grc' dir='ltr'><strong>ι</strong></span> <span class='ocrx_word' id='word_1_5' title='bbox 1847 257 2012 313; x_wconf 77' lang='lat' dir='ltr'><strong>ROM.</strong></span> <span class='ocrx_word' id='word_1_6' title='bbox 2050 256 2247 311; x_wconf 82' lang='grc' dir='ltr'><strong>ΡΟΝΤ.</strong></span> <span class='ocrx_word' id='word_1_7' title='bbox 2289 255 2519 310; x_wconf 75' lang='grc' dir='ltr'><strong>ΟΡΕΒΑ</strong></span> <span class='ocrx_word' id='word_1_8' title='bbox 2546 242 2763 321; x_wconf 64' lang='grc' dir='ltr'><strong>ΒυΒΙΑ¹</strong></span> 
     </span>
    </p>
   </div>
   <div class='ocr_carea' id='block_1_3' title="bbox 3623 254 3728 314">
    <p class='ocr_par' dir='ltr' id='par_1_3' title="bbox 3623 254 3728 314">
     <span class='ocr_line' id='line_1_3' title="bbox 3623 254 3728 314; baseline 0.029 -3"><span class='ocrx_word' id='word_1_9' title='bbox 3623 254 3728 314; x_wconf 72' lang='grc'><strong>468</strong></span> 
     </span>
    </p>
   </div>
   <div class='ocr_carea' id='block_1_4' title="bbox 492 366 2043 445">
    <p class='ocr_par' dir='ltr' id='par_1_4' title="bbox 492 375 2043 443">
     <span class='ocr_line' id='line_1_4' title="bbox 492 375 2043 443; baseline -0.003 -11"><span class='ocrx_word' id='word_1_10' title='bbox 492 377 545 432; x_wconf 91' lang='lat' dir='ltr'><strong>ei</strong></span> <span class='ocrx_word' id='word_1_11' title='bbox 577 376 630 430; x_wconf 93' lang='lat' dir='ltr'><strong>in</strong></span> <span class='ocrx_word' id='word_1_12' title='bbox 662 388 898 434; x_wconf 86' lang='lat' dir='ltr'><strong>mentem</strong></span> <span class='ocrx_word' id='word_1_13' title='bbox 931 378 1161 439; x_wconf 77' lang='lat' dir='ltr'><strong>venerit,</strong></span> <span class='ocrx_word' id='word_1_14' title='bbox 1188 378 1450 432; x_wconf 68' lang='lat' dir='ltr'><strong>Faustum</strong></span> <span class='ocrx_word' id='word_1_15' title='bbox 1481 389 1541 429; x_wconf 92' lang='lat' dir='ltr'><strong>se</strong></span> <span class='ocrx_word' id='word_1_16' title='bbox 1560 390 1682 430; x_wconf 90' lang='lat' dir='ltr'><strong>esse</strong></span> <span class='ocrx_word' id='word_1_17' title='bbox 1710 375 2043 443; x_wconf 56' lang='lat' dir='ltr'><strong>contestanti.</strong></span> 
     </span>
    </p>
   </div>
   <div class='ocr_carea' id='block_1_5' title="bbox 2142 366 3724 445">
    <p class='ocr_par' dir='ltr' id='par_1_5' title="bbox 2158 366 3724 445">
     <span class='ocr_line' id='line_1_5' title="bbox 2158 366 3724 445; baseline 0.004 -23"><span class='ocrx_word' id='word_1_18' title='bbox 2158 370 2338 443; x_wconf 85' lang='grc' dir='ltr'>Σίμων</span> <span class='ocrx_word' id='word_1_19' title='bbox 2360 370 2521 424; x_wconf 83' lang='grc' dir='ltr'>αὐτὸν</span> <span class='ocrx_word' id='word_1_20' title='bbox 2548 370 2825 441; x_wconf 68' lang='grc' dir='ltr'>ἐζήτησεν,</span> <span class='ocrx_word' id='word_1_21' title='bbox 2851 372 2948 426; x_wconf 76' lang='grc' dir='ltr'><strong>καὶ</strong></span> <span class='ocrx_word' id='word_1_22' title='bbox 2971 366 3092 427; x_wconf 71' lang='grc' dir='ltr'>ἐπεὶ</span> <span class='ocrx_word' id='word_1_23' title='bbox 3119 369 3285 442; x_wconf 80' lang='grc' dir='ltr'>μηδὲν</span> <span class='ocrx_word' id='word_1_24' title='bbox 3312 370 3724 445; x_wconf 77' lang='grc' dir='ltr'><strong>ἀπεκρινάμεθα</strong></span> 
     </span>
    </p>
   </div>
   <div class='ocr_carea' id='block_1_6' title="bbox 493 468 2053 536">
    <p class='ocr_par' dir='ltr' id='par_1_6' title="bbox 493 468 2053 536">
     <span class='ocr_line' id='line_1_6' title="bbox 493 468 2053 536; baseline 0 -11"><span class='ocrx_word' id='word_1_25' title='bbox 493 471 649 536; x_wconf 83' lang='lat' dir='ltr'><strong>Quod</strong></span> <span class='ocrx_word' id='word_1_26' title='bbox 687 485 811 525; x_wconf 90' lang='lat' dir='ltr'><strong>cum</strong></span> <span class='ocrx_word' id='word_1_27' title='bbox 842 483 1004 524; x_wconf 90' lang='lat' dir='ltr'><strong>nemo</strong></span> <span class='ocrx_word' id='word_1_28' title='bbox 1045 468 1307 531; x_wconf 79' lang='lat' dir='ltr'><strong>crederet,</strong></span> <span class='ocrx_word' id='word_1_29' title='bbox 1351 468 1485 522; x_wconf 84' lang='lat' dir='ltr'><strong>ﬂens</strong></span> <span class='ocrx_word' id='word_1_30' title='bbox 1510 477 1564 521; x_wconf 88' lang='lat' dir='ltr'><strong>et</strong></span> <span class='ocrx_word' id='word_1_31' title='bbox 1594 468 1783 535; x_wconf 85' lang='lat' dir='ltr'><strong>dolens</strong></span> <span class='ocrx_word' id='word_1_32' title='bbox 1806 469 2053 526; x_wconf 86' lang='lat' dir='ltr'><strong>minaba-</strong></span> 
     </span>
    </p>
   </div>
   <div class='ocr_carea' id='block_1_7' title="bbox 491 558 2053 639">
    <p class='ocr_par' dir='ltr' id='par_1_7' title="bbox 491 558 2053 639">
     <span class='ocr_line' id='line_1_7' title="bbox 491 558 2053 639; baseline -0.003 -22"><span class='ocrx_word' id='word_1_33' title='bbox 491 572 604 628; x_wconf 88' lang='lat' dir='ltr'><strong>tur,</strong></span> <span class='ocrx_word' id='word_1_34' title='bbox 633 561 942 617; x_wconf 84' lang='lat' dir='ltr'><strong>occisurum</strong></span> <span class='ocrx_word' id='word_1_35' title='bbox 978 558 1329 633; x_wconf 73' lang='lat' dir='ltr'><strong>semetipsum</strong></span> <span class='ocrx_word' id='word_1_36' title='bbox 1357 567 1411 612; x_wconf 92' lang='lat' dir='ltr'><strong>et</strong></span> <span class='ocrx_word' id='word_1_37' title='bbox 1442 574 1631 622; x_wconf 86' lang='lat' dir='ltr'><strong>versus</strong></span> <span class='ocrx_word' id='word_1_38' title='bbox 1657 575 1809 618; x_wconf 86' lang='lat' dir='ltr'><strong>mare</strong></span> <span class='ocrx_word' id='word_1_39' title='bbox 1859 575 2053 639; x_wconf 86' lang='lat' dir='ltr'><strong>prope-</strong></span> 
     </span>
    </p>
   </div>
   <div class='ocr_carea' id='block_1_8' title="bbox 490 654 651 709">
    <p class='ocr_par' dir='ltr' id='par_1_8' title="bbox 490 654 651 709">
     <span class='ocr_line' id='line_1_8' title="bbox 490 654 651 709; baseline 0.006 -2"><span class='ocrx_word' id='word_1_40' title='bbox 490 654 651 709; x_wconf 85' lang='lat' dir='ltr'><strong>ravit.</strong></span> 
     </span>
    </p>
   </div>
   <div class='ocr_carea' id='block_1_9' title="bbox 559 827 2050 902">
    <p class='ocr_par' dir='ltr' id='par_1_9' title="bbox 559 827 2050 902">
     <span class='ocr_line' id='line_1_9' title="bbox 559 827 2050 902; baseline 0.003 -21"><span class='ocrx_word' id='word_1_41' title='bbox 559 827 720 882; x_wconf 80' lang='lat' dir='ltr'><strong>XXII.</strong></span> <span class='ocrx_word' id='word_1_42' title='bbox 756 827 887 894; x_wconf 85' lang='lat' dir='ltr'><strong>Quae</strong></span> <span class='ocrx_word' id='word_1_43' title='bbox 927 842 1051 883; x_wconf 89' lang='lat' dir='ltr'><strong>cum</strong></span> <span class='ocrx_word' id='word_1_44' title='bbox 1096 827 1307 902; x_wconf 86' lang='lat' dir='ltr'><strong>Appion</strong></span> <span class='ocrx_word' id='word_1_45' title='bbox 1352 829 1581 899; x_wconf 81' lang='lat' dir='ltr'><strong>ejusque</strong></span> <span class='ocrx_word' id='word_1_46' title='bbox 1607 832 1834 886; x_wconf 81' lang='lat' dir='ltr'><strong>comites</strong></span> <span class='ocrx_word' id='word_1_47' title='bbox 1863 831 2050 887; x_wconf 84' lang='lat' dir='ltr'><strong>audis-</strong></span> 
     </span>
    </p>
   </div>
   <div class='ocr_carea' id='block_1_10' title="bbox 488 920 2049 991">
    <p class='ocr_par' dir='ltr' id='par_1_10' title="bbox 488 920 2049 991">
     <span class='ocr_line' id='line_1_10' title="bbox 488 920 2049 991; baseline 0.001 -16"><span class='ocrx_word' id='word_1_48' title='bbox 488 931 633 986; x_wconf 89' lang='lat' dir='ltr'><strong>sent,</strong></span> <span class='ocrx_word' id='word_1_49' title='bbox 667 920 874 975; x_wconf 79' lang='lat' dir='ltr'><strong>ululatu</strong></span> <span class='ocrx_word' id='word_1_50' title='bbox 919 920 1066 974; x_wconf 89' lang='lat' dir='ltr'><strong>edito</strong></span> <span class='ocrx_word' id='word_1_51' title='bbox 1108 920 1435 991; x_wconf 76' lang='lat' dir='ltr'><strong>plangebant</strong></span> <span class='ocrx_word' id='word_1_52' title='bbox 1465 922 1707 978; x_wconf 74' lang='lat' dir='ltr'><strong>dicentes</strong></span> <span class='ocrx_word' id='word_1_53' title='bbox 1735 941 1748 977; x_wconf 92' lang='lat'><strong>:</strong></span> <span class='ocrx_word' id='word_1_54' title='bbox 1779 923 1891 978; x_wconf 90' lang='lat' dir='ltr'><strong>Cur</strong></span> <span class='ocrx_word' id='word_1_55' title='bbox 1925 939 2049 985; x_wconf 90' lang='lat' dir='ltr'><strong>eum</strong></span> 
     </span>
    </p>
   </div>
   <div class='ocr_carea' id='block_1_11' title="bbox 486 1011 2051 1081">
    <p class='ocr_par' dir='ltr' id='par_1_11' title="bbox 486 1011 2051 1081">
     <span class='ocr_line' id='line_1_11' title="bbox 486 1011 2051 1081; baseline 0.001 -13"><span class='ocrx_word' id='word_1_56' title='bbox 486 1027 595 1068; x_wconf 89' lang='lat' dir='ltr'><strong>non</strong></span> <span class='ocrx_word' id='word_1_57' title='bbox 646 1012 975 1081; x_wconf 84' lang='lat' dir='ltr'><strong>excepistis?</strong></span> <span class='ocrx_word' id='word_1_58' title='bbox 1022 1011 1087 1065; x_wconf 87' lang='lat' dir='ltr'><strong>Et</strong></span> <span class='ocrx_word' id='word_1_59' title='bbox 1120 1027 1243 1066; x_wconf 92' lang='lat' dir='ltr'><strong>cum</strong></span> <span class='ocrx_word' id='word_1_60' title='bbox 1282 1012 1669 1069; x_wconf 86' lang='lat' dir='ltr'><strong>Athenodorus</strong></span> <span class='ocrx_word' id='word_1_61' title='bbox 1708 1013 1840 1068; x_wconf 91' lang='lat' dir='ltr'><strong>mihi</strong></span> <span class='ocrx_word' id='word_1_62' title='bbox 1870 1014 2051 1071; x_wconf 84' lang='lat' dir='ltr'><strong>dicere</strong></span> 
     </span>
    </p>
   </div>
   <div class='ocr_carea' id='block_1_12' title="bbox 485 1103 2049 1181">
    <p class='ocr_par' dir='ltr' id='par_1_12' title="bbox 485 1103 2049 1181">
     <span class='ocr_line' id='line_1_12' title="bbox 485 1103 2049 1181; baseline 0.003 -22"><span class='ocrx_word' id='word_1_63' title='bbox 485 1105 646 1159; x_wconf 79' lang='lat' dir='ltr'><strong>vellet</strong></span> <span class='ocrx_word' id='word_1_64' title='bbox 675 1123 689 1157; x_wconf 88' lang='lat'><strong>:</strong></span> <span class='ocrx_word' id='word_1_65' title='bbox 726 1103 833 1159; x_wconf 87' lang='lat' dir='ltr'><strong>Iste</strong></span> <span class='ocrx_word' id='word_1_66' title='bbox 861 1103 1095 1163; x_wconf 83' lang='lat' dir='ltr'><strong>Faustus</strong></span> <span class='ocrx_word' id='word_1_67' title='bbox 1126 1113 1428 1181; x_wconf 76' lang='lat' dir='ltr'><strong>erat,pater</strong></span> <span class='ocrx_word' id='word_1_68' title='bbox 1460 1115 1588 1161; x_wconf 88' lang='lat' dir='ltr'><strong>tuus</strong></span> <span class='ocrx_word' id='word_1_69' title='bbox 1618 1149 1634 1173; x_wconf 91' lang='lat'><strong>,</strong></span> <span class='ocrx_word' id='word_1_70' title='bbox 1666 1107 1876 1177; x_wconf 85' lang='lat' dir='ltr'><strong>Appion</strong></span> <span class='ocrx_word' id='word_1_71' title='bbox 1908 1124 2049 1179; x_wconf 67' lang='lat' dir='ltr'><strong>prae~</strong></span> 
     </span>
    </p>
   </div>
   <div class='ocr_carea' id='block_1_13' title="bbox 484 1193 2049 1268">
    <p class='ocr_par' dir='ltr' id='par_1_13' title="bbox 484 1193 2049 1268">
     <span class='ocr_line' id='line_1_13' title="bbox 484 1193 2049 1268; baseline 0.005 -21"><span class='ocrx_word' id='word_1_72' title='bbox 484 1195 711 1250; x_wconf 87' lang='lat' dir='ltr'><strong>veniens</strong></span> <span class='ocrx_word' id='word_1_73' title='bbox 739 1214 752 1250; x_wconf 91' lang='lat'><strong>:</strong></span> <span class='ocrx_word' id='word_1_74' title='bbox 785 1193 1190 1265; x_wconf 87' lang='lat' dir='ltr'><strong>Comperimus,</strong></span> <span class='ocrx_word' id='word_1_75' title='bbox 1218 1196 1417 1266; x_wconf 89' lang='lat' dir='ltr'><strong>inquit,</strong></span> <span class='ocrx_word' id='word_1_76' title='bbox 1449 1212 1478 1251; x_wconf 87' lang='lat' dir='ltr'><strong>a</strong></span> <span class='ocrx_word' id='word_1_77' title='bbox 1507 1198 1766 1268; x_wconf 89' lang='lat' dir='ltr'><strong>quodam,</strong></span> <span class='ocrx_word' id='word_1_78' title='bbox 1793 1200 2049 1255; x_wconf 89' lang='lat' dir='ltr'><strong>incidisse</strong></span> 
     </span>
    </p>
   </div>
   <div class='ocr_carea' id='block_1_14' title="bbox 481 1271 2048 1356">
    <p class='ocr_par' dir='ltr' id='par_1_14' title="bbox 481 1271 2048 1356">
     <span class='ocr_line' id='line_1_14' title="bbox 481 1271 2048 1356; baseline 0.003 -17"><span class='ocrx_word' id='word_1_79' title='bbox 481 1297 608 1339; x_wconf 88' lang='lat' dir='ltr'><strong>eum</strong></span> <span class='ocrx_word' id='word_1_80' title='bbox 633 1281 686 1336; x_wconf 90' lang='lat' dir='ltr'><strong>in</strong></span> <span class='ocrx_word' id='word_1_81' title='bbox 716 1281 990 1349; x_wconf 83' lang='lat' dir='ltr'><strong>Simonem</strong></span> <span class='ocrx_word' id='word_1_82' title='bbox 1019 1286 1422 1353; x_wconf 82' lang='lat' dir='ltr'><strong>exhortantem,</strong></span> <span class='ocrx_word' id='word_1_83' title='bbox 1450 1294 1512 1341; x_wconf 92' lang='lat' dir='ltr'><strong>ut</strong></span> <span class='ocrx_word' id='word_1_84' title='bbox 1536 1271 1922 1351; x_wconf 38' lang='lat' dir='ltr'><strong>&#39;Petro.relicto</strong></span> <span class='ocrx_word' id='word_1_85' title='bbox 1952 1304 2048 1356; x_wconf 84' lang='lat' dir='ltr'><strong>co-</strong></span> 
     </span>
    </p>
   </div>
   <div class='ocr_carea' id='block_1_15' title="bbox 482 1375 2050 1453">
    <p class='ocr_par' dir='ltr' id='par_1_15' title="bbox 482 1375 2050 1453">
     <span class='ocr_line' id='line_1_15' title="bbox 482 1375 2050 1453; baseline 0.006 -26"><span class='ocrx_word' id='word_1_86' title='bbox 482 1388 599 1429; x_wconf 86' lang='lat' dir='ltr'><strong>mes</strong></span> <span class='ocrx_word' id='word_1_87' title='bbox 636 1375 741 1429; x_wconf 87' lang='lat' dir='ltr'><strong>sibi</strong></span> <span class='ocrx_word' id='word_1_88' title='bbox 786 1378 958 1441; x_wconf 83' lang='lat' dir='ltr'><strong>iieret,</strong></span> <span class='ocrx_word' id='word_1_89' title='bbox 990 1377 1149 1453; x_wconf 87' lang='lat' dir='ltr'><strong>eique</strong></span> <span class='ocrx_word' id='word_1_90' title='bbox 1177 1379 1517 1448; x_wconf 79' lang='lat' dir='ltr'><strong>promisisse,</strong></span> <span class='ocrx_word' id='word_1_91' title='bbox 1545 1380 1827 1435; x_wconf 84' lang='lat' dir='ltr'><strong>veritatem</strong></span> <span class='ocrx_word' id='word_1_92' title='bbox 1873 1398 1931 1436; x_wconf 84' lang='lat' dir='ltr'><strong>se</strong></span> <span class='ocrx_word' id='word_1_93' title='bbox 1963 1396 2050 1437; x_wconf 83' lang='lat' dir='ltr'><strong>re-</strong></span> 
     </span>
    </p>
   </div>
   <div class='ocr_carea' id='block_1_16' title="bbox 481 1466 2048 1539">
    <p class='ocr_par' dir='ltr' id='par_1_16' title="bbox 481 1466 2048 1539">
     <span class='ocr_line' id='line_1_16' title="bbox 481 1466 2048 1539; baseline 0.006 -20"><span class='ocrx_word' id='word_1_94' title='bbox 481 1466 814 1534; x_wconf 88' lang='lat' dir='ltr'><strong>velaturum,</strong></span> <span class='ocrx_word' id='word_1_95' title='bbox 847 1468 964 1538; x_wconf 85' lang='lat' dir='ltr'><strong>ipso</strong></span> <span class='ocrx_word' id='word_1_96' title='bbox 992 1468 1197 1529; x_wconf 88' lang='lat' dir='ltr'><strong>Fausto</strong></span> <span class='ocrx_word' id='word_1_97' title='bbox 1226 1485 1349 1531; x_wconf 90' lang='lat' dir='ltr'><strong>eum</strong></span> <span class='ocrx_word' id='word_1_98' title='bbox 1382 1471 1725 1539; x_wconf 88' lang='lat' dir='ltr'><strong>obsecrante,</strong></span> <span class='ocrx_word' id='word_1_99' title='bbox 1753 1473 1893 1528; x_wconf 82' lang='lat' dir='ltr'><strong>ﬁlios</strong></span> <span class='ocrx_word' id='word_1_100' title='bbox 1916 1488 2048 1533; x_wconf 88' lang='lat' dir='ltr'><strong>suos</strong></span> 
     </span>
    </p>
   </div>
   <div class='ocr_carea' id='block_1_17' title="bbox 482 1560 2046 1648">
    <p class='ocr_par' dir='ltr' id='par_1_17' title="bbox 482 1560 2046 1648">
     <span class='ocr_line' id='line_1_17' title="bbox 482 1560 2046 1648; baseline 0.006 -35"><span class='ocrx_word' id='word_1_101' title='bbox 482 1573 544 1613; x_wconf 86' lang='lat' dir='ltr'><strong>se</strong></span> <span class='ocrx_word' id='word_1_102' title='bbox 568 1560 797 1629; x_wconf 83' lang='lat' dir='ltr'><strong>posthac</strong></span> <span class='ocrx_word' id='word_1_103' title='bbox 821 1577 1101 1631; x_wconf 81' lang='lat' dir='ltr'><strong>nunquam</strong></span> <span class='ocrx_word' id='word_1_104' title='bbox 1128 1563 1266 1619; x_wconf 83' lang='lat' dir='ltr'><strong>velle</strong></span> <span class='ocrx_word' id='word_1_105' title='bbox 1288 1564 1496 1639; x_wconf 75' lang='lat' dir='ltr'><strong>videre,</strong></span> <span class='ocrx_word' id='word_1_106' title='bbox 1524 1567 1725 1648; x_wconf 83' lang='lat' dir='ltr'><strong>quippe</strong></span> <span class='ocrx_word' id='word_1_107' title='bbox 1752 1568 1847 1637; x_wconf 88' lang='lat' dir='ltr'><strong>qui</strong></span> <span class='ocrx_word' id='word_1_108' title='bbox 1874 1566 2046 1625; x_wconf 73' lang='lat' dir='ltr'><strong>Judaai</strong></span> 
     </span>
    </p>
   </div>
   <div class='ocr_carea' id='block_1_18' title="bbox 479 1650 2044 1734">
    <p class='ocr_par' dir='ltr' id='par_1_18' title="bbox 479 1650 2044 1734">
     <span class='ocr_line' id='line_1_18' title="bbox 479 1650 2044 1734; baseline 0.005 -30"><span class='ocrx_word' id='word_1_109' title='bbox 479 1650 611 1705; x_wconf 86' lang='lat' dir='ltr'><strong>facti</strong></span> <span class='ocrx_word' id='word_1_110' title='bbox 636 1660 839 1718; x_wconf 78' lang='lat' dir='ltr'><strong>essent.</strong></span> <span class='ocrx_word' id='word_1_111' title='bbox 884 1651 1017 1734; x_wconf 65' lang='lat' dir='ltr'><strong>Quae</strong></span> <span class='ocrx_word' id='word_1_112' title='bbox 1044 1670 1168 1709; x_wconf 91' lang='lat' dir='ltr'><strong>cum</strong></span> <span class='ocrx_word' id='word_1_113' title='bbox 1214 1656 1586 1723; x_wconf 83' lang='lat' dir='ltr'><strong>audissemus,</strong></span> <span class='ocrx_word' id='word_1_114' title='bbox 1611 1673 1735 1712; x_wconf 91' lang='lat' dir='ltr'><strong>eum</strong></span> <span class='ocrx_word' id='word_1_115' title='bbox 1766 1660 2044 1729; x_wconf 71' lang='lat' dir='ltr'><strong>quaerendi</strong></span> 
     </span>
    </p>
   </div>
   <div class='ocr_carea' id='block_1_19' title="bbox 2154 458 3723 541">
    <p class='ocr_par' dir='ltr' id='par_1_19' title="bbox 2154 458 3723 541">
     <span class='ocr_line' id='line_1_19' title="bbox 2154 458 3723 541; baseline 0.004 -26"><span class='ocrx_word' id='word_1_116' title='bbox 2154 463 2292 541; x_wconf 85' lang='grc' dir='ltr'>πρὸς</span> <span class='ocrx_word' id='word_1_117' title='bbox 2323 462 2506 527; x_wconf 79' lang='grc' dir='ltr'>αὑτὸν,</span> <span class='ocrx_word' id='word_1_118' title='bbox 2525 463 2625 515; x_wconf 82' lang='grc' dir='ltr'><strong>οὐκ</strong></span> <span class='ocrx_word' id='word_1_119' title='bbox 2655 458 2791 527; x_wconf 77' lang='grc' dir='ltr'>οἶδα,</span> <span class='ocrx_word' id='word_1_120' title='bbox 2816 462 2873 529; x_wconf 79' lang='grc' dir='ltr'><strong>τὲ</strong></span> <span class='ocrx_word' id='word_1_121' title='bbox 2897 462 3073 529; x_wconf 80' lang='grc' dir='ltr'>ἔδοξεν</span> <span class='ocrx_word' id='word_1_122' title='bbox 3093 464 3137 496; x_wconf 79' lang='grc'>³³</span> <span class='ocrx_word' id='word_1_123' title='bbox 3148 464 3297 536; x_wconf 82' lang='grc' dir='ltr'>αύτῷ</span> <span class='ocrx_word' id='word_1_124' title='bbox 3326 465 3568 521; x_wconf 76' lang='grc' dir='ltr'><strong>Φαῦστον</strong></span> <span class='ocrx_word' id='word_1_125' title='bbox 3596 467 3723 520; x_wconf 81' lang='grc' dir='ltr'>ἐαυ-</span> 
     </span>
    </p>
   </div>
   <div class='ocr_carea' id='block_1_20' title="bbox 2151 552 3727 630">
    <p class='ocr_par' dir='ltr' id='par_1_20' title="bbox 2151 552 3727 630">
     <span class='ocr_line' id='line_1_20' title="bbox 2151 552 3727 630; baseline 0.004 -23"><span class='ocrx_word' id='word_1_126' title='bbox 2151 554 2242 607; x_wconf 88' lang='grc' dir='ltr'><strong>τὸν</strong></span> <span class='ocrx_word' id='word_1_127' title='bbox 2268 554 2494 608; x_wconf 75' lang='grc' dir='ltr'>εἰπόντι.</span> <span class='ocrx_word' id='word_1_128' title='bbox 2524 552 2615 625; x_wconf 82' lang='grc' dir='ltr'><strong>Μὴ</strong></span> <span class='ocrx_word' id='word_1_129' title='bbox 2644 554 2955 618; x_wconf 78' lang='grc' dir='ltr'>πιστευθεὶς</span> <span class='ocrx_word' id='word_1_130' title='bbox 2992 556 3241 628; x_wconf 84' lang='grc' dir='ltr'><strong>δακρύων</strong></span> <span class='ocrx_word' id='word_1_131' title='bbox 3271 557 3365 611; x_wconf 79' lang='grc' dir='ltr'><strong>καὶ</strong></span> <span class='ocrx_word' id='word_1_132' title='bbox 3394 559 3727 630; x_wconf 76' lang='grc' dir='ltr'>κοπτόμενος</span> 
     </span>
    </p>
   </div>
   <div class='ocr_carea' id='block_1_21' title="bbox 2152 646 3727 724">
    <p class='ocr_par' dir='ltr' id='par_1_21' title="bbox 2152 646 3727 724">
     <span class='ocr_line' id='line_1_21' title="bbox 2152 646 3727 724; baseline 0.003 -24"><span class='ocrx_word' id='word_1_133' title='bbox 2152 647 2494 715; x_wconf 79' lang='grc' dir='ltr'>ἀποκτείνειν</span> <span class='ocrx_word' id='word_1_134' title='bbox 2530 646 2721 699; x_wconf 85' lang='grc' dir='ltr'>ἐαυτὸν</span> <span class='ocrx_word' id='word_1_135' title='bbox 2750 646 3051 718; x_wconf 87' lang='grc' dir='ltr'>ἀπειλήσας</span> <span class='ocrx_word' id='word_1_136' title='bbox 3078 648 3153 712; x_wconf 85' lang='grc' dir='ltr'>ὡς</span> <span class='ocrx_word' id='word_1_137' title='bbox 3187 651 3279 703; x_wconf 73' lang='grc' dir='ltr'><strong>ἐπὶ</strong></span> <span class='ocrx_word' id='word_1_138' title='bbox 3304 649 3578 719; x_wconf 78' lang='grc' dir='ltr'>θάλασσαν</span> <span class='ocrx_word' id='word_1_139' title='bbox 3616 651 3727 724; x_wconf 85' lang='grc' dir='ltr'><strong>ὦρ-</strong></span> 
     </span>
    </p>
   </div>
   <div class='ocr_carea' id='block_1_22' title="bbox 2154 757 2343 810">
    <p class='ocr_par' dir='ltr' id='par_1_22' title="bbox 2154 757 2343 810">
     <span class='ocr_line' id='line_1_22' title="bbox 2154 757 2343 810; baseline 0.005 -18"><span class='ocrx_word' id='word_1_140' title='bbox 2154 757 2343 810; x_wconf 85' lang='grc' dir='ltr'><strong>μησεν.</strong></span> 
     </span>
    </p>
   </div>
   <div class='ocr_carea' id='block_1_23' title="bbox 2221 830 3726 897">
    <p class='ocr_par' dir='ltr' id='par_1_23' title="bbox 2221 830 3726 897">
     <span class='ocr_line' id='line_1_23' title="bbox 2221 830 3726 897; baseline 0.002 -14"><span class='ocrx_word' id='word_1_141' title='bbox 2221 830 2386 885; x_wconf 81' lang='grc' dir='ltr'><strong>ΧΧΙΙ.</strong></span> <span class='ocrx_word' id='word_1_142' title='bbox 2440 830 2624 886; x_wconf 79' lang='grc' dir='ltr'>Ταῦτα</span> <span class='ocrx_word' id='word_1_143' title='bbox 2664 831 2948 897; x_wconf 86' lang='grc' dir='ltr'>ἀκούοντες</span> <span class='ocrx_word' id='word_1_144' title='bbox 2978 832 3006 883; x_wconf 77' lang='grc' dir='ltr'>ὅ</span> <span class='ocrx_word' id='word_1_145' title='bbox 3035 848 3095 884; x_wconf 89' lang='grc' dir='ltr'><strong>τε</strong></span> <span class='ocrx_word' id='word_1_146' title='bbox 3129 832 3372 885; x_wconf 81' lang='grc' dir='ltr'>Ἀππίων</span> <span class='ocrx_word' id='word_1_147' title='bbox 3408 833 3504 886; x_wconf 72' lang='grc' dir='ltr'><strong>καὶ</strong></span> <span class='ocrx_word' id='word_1_148' title='bbox 3535 833 3585 885; x_wconf 84' lang='grc' dir='ltr'>οἱ</span> <span class='ocrx_word' id='word_1_149' title='bbox 3627 833 3726 887; x_wconf 76' lang='grc' dir='ltr'><strong>σὺν</strong></span> 
     </span>
    </p>
   </div>
   <div class='ocr_carea' id='block_1_24' title="bbox 2150 922 3728 994">
    <p class='ocr_par' dir='ltr' id='par_1_24' title="bbox 2150 922 3728 994">
     <span class='ocr_line' id='line_1_24' title="bbox 2150 922 3728 994; baseline 0.001 -18"><span class='ocrx_word' id='word_1_150' title='bbox 2150 922 2299 994; x_wconf 79' lang='grc' dir='ltr'>αὐτῷ</span> <span class='ocrx_word' id='word_1_151' title='bbox 2322 923 2737 988; x_wconf 83' lang='grc' dir='ltr'>ἐπολολύξαντες</span> <span class='ocrx_word' id='word_1_152' title='bbox 2759 924 3019 994; x_wconf 76' lang='grc' dir='ltr'>ἐκόψαντο</span> <span class='ocrx_word' id='word_1_153' title='bbox 3031 922 3279 993; x_wconf 84' lang='grc' dir='ltr'>λέγοντες</span> <span class='ocrx_word' id='word_1_154' title='bbox 3296 940 3310 954; x_wconf 75' lang='grc' dir='ltr'><strong>ο</strong></span> <span class='ocrx_word' id='word_1_155' title='bbox 3334 923 3434 977; x_wconf 84' lang='grc' dir='ltr'>Διά</span> <span class='ocrx_word' id='word_1_156' title='bbox 3458 925 3510 977; x_wconf 90' lang='grc' dir='ltr'><strong>τί</strong></span> <span class='ocrx_word' id='word_1_157' title='bbox 3529 925 3590 978; x_wconf 85' lang='grc' dir='ltr'><strong>ού</strong></span> <span class='ocrx_word' id='word_1_158' title='bbox 3620 942 3728 979; x_wconf 55' lang='grc' dir='ltr'>πας</span> 
     </span>
    </p>
   </div>
   <div class='ocr_carea' id='block_1_25' title="bbox 2153 1012 3727 1095">
    <p class='ocr_par' dir='ltr' id='par_1_25' title="bbox 2153 1012 3727 1095">
     <span class='ocr_line' id='line_1_25' title="bbox 2153 1012 3727 1095; baseline 0.003 -28"><span class='ocrx_word' id='word_1_159' title='bbox 2153 1012 2436 1095; x_wconf 79' lang='grc' dir='ltr'>ρεδέξασθε</span> <span class='ocrx_word' id='word_1_160' title='bbox 2475 1016 2669 1083; x_wconf 81' lang='grc' dir='ltr'>αὑτόν;</span> <span class='ocrx_word' id='word_1_161' title='bbox 2696 1018 2807 1069; x_wconf 72' lang='lat' dir='ltr'><strong>Kal.</strong></span> <span class='ocrx_word' id='word_1_162' title='bbox 2851 1016 2966 1088; x_wconf 77' lang='grc' dir='ltr'>ἅμα</span> <span class='ocrx_word' id='word_1_163' title='bbox 3006 1016 3085 1087; x_wconf 79' lang='grc' dir='ltr'><strong>τῷ</strong></span> <span class='ocrx_word' id='word_1_164' title='bbox 3116 1016 3399 1087; x_wconf 88' lang='grc' dir='ltr'>βούλεσθαι</span> <span class='ocrx_word' id='word_1_165' title='bbox 3438 1017 3530 1072; x_wconf 83' lang='grc' dir='ltr'><strong>τὸν</strong></span> <span class='ocrx_word' id='word_1_166' title='bbox 3569 1018 3727 1090; x_wconf 80' lang='grc' dir='ltr'>Ἀθη-</span> 
     </span>
    </p>
   </div>
   <div class='ocr_carea' id='block_1_26' title="bbox 2150 1098 3728 1182">
    <p class='ocr_par' dir='ltr' id='par_1_26' title="bbox 2150 1098 3728 1182">
     <span class='ocr_line' id='line_1_26' title="bbox 2150 1098 3728 1182; baseline 0.003 -23"><span class='ocrx_word' id='word_1_167' title='bbox 2150 1106 2382 1177; x_wconf 85' lang='grc' dir='ltr'>νόδωρον</span> <span class='ocrx_word' id='word_1_168' title='bbox 2429 1107 2602 1161; x_wconf 76' lang='grc' dir='ltr'>εἰπεῖν</span> <span class='ocrx_word' id='word_1_169' title='bbox 2657 1124 2779 1179; x_wconf 91' lang='grc' dir='ltr'>μοι·</span> <span class='ocrx_word' id='word_1_170' title='bbox 2828 1098 3068 1175; x_wconf 72' lang='grc' dir='ltr'>Φαῦστος</span> <span class='ocrx_word' id='word_1_171' title='bbox 3109 1104 3196 1179; x_wconf 80' lang='grc' dir='ltr'>ἦν,</span> <span class='ocrx_word' id='word_1_172' title='bbox 3242 1110 3271 1162; x_wconf 84' lang='grc' dir='ltr'>ὁ</span> <span class='ocrx_word' id='word_1_173' title='bbox 3307 1110 3489 1182; x_wconf 91' lang='grc' dir='ltr'>πατήρ</span> <span class='ocrx_word' id='word_1_174' title='bbox 3534 1127 3647 1174; x_wconf 88' lang='grc' dir='ltr'>σου,</span> <span class='ocrx_word' id='word_1_175' title='bbox 3694 1112 3728 1165; x_wconf 78' lang='grc' dir='ltr'><strong>ἀ</strong></span> 
     </span>
    </p>
   </div>
   <div class='ocr_carea' id='block_1_27' title="bbox 2164 1193 3727 1275">
    <p class='ocr_par' dir='ltr' id='par_1_27' title="bbox 2164 1193 3727 1275">
     <span class='ocr_line' id='line_1_27' title="bbox 2164 1193 3727 1275; baseline 0.004 -28"><span class='ocrx_word' id='word_1_176' title='bbox 2164 1196 2409 1250; x_wconf 81' lang='grc' dir='ltr'>’Δππίων</span> <span class='ocrx_word' id='word_1_177' title='bbox 2655 1194 2975 1267; x_wconf 73' lang='grc' dir='ltr'>ὑποφθάσας</span> <span class='ocrx_word' id='word_1_178' title='bbox 3020 1197 3181 1251; x_wconf 84' lang='grc' dir='ltr'>αὑτὸν</span> <span class='ocrx_word' id='word_1_179' title='bbox 3225 1193 3410 1252; x_wconf 59' lang='grc' dir='ltr'>εἶπεν</span> <span class='ocrx_word' id='word_1_180' title='bbox 3448 1198 3727 1270; x_wconf 79' lang='grc' dir='ltr'>ἐμάθομεν</span> 
     </span>
    </p>
   </div>
   <div class='ocr_carea' id='block_1_28' title="bbox 2151 1276 3727 1362">
    <p class='ocr_par' dir='ltr' id='par_1_28' title="bbox 2151 1276 3727 1362">
     <span class='ocr_line' id='line_1_28' title="bbox 2151 1276 3727 1362; baseline 0.003 -22"><span class='ocrx_word' id='word_1_181' title='bbox 2151 1287 2305 1358; x_wconf 91' lang='grc' dir='ltr'>παρά</span> <span class='ocrx_word' id='word_1_182' title='bbox 2338 1306 2502 1354; x_wconf 90' lang='grc' dir='ltr'>τινος,</span> <span class='ocrx_word' id='word_1_183' title='bbox 2535 1276 2617 1342; x_wconf 79' lang='grc' dir='ltr'><strong>ὅτι</strong></span> <span class='ocrx_word' id='word_1_184' title='bbox 2648 1288 2820 1361; x_wconf 82' lang='grc' dir='ltr'>εὑρὼν</span> <span class='ocrx_word' id='word_1_185' title='bbox 2847 1289 3007 1344; x_wconf 84' lang='grc' dir='ltr'>αὑτὸν</span> <span class='ocrx_word' id='word_1_186' title='bbox 3027 1291 3056 1343; x_wconf 85' lang='grc' dir='ltr'>ὁ</span> <span class='ocrx_word' id='word_1_187' title='bbox 3082 1290 3263 1361; x_wconf 88' lang='grc' dir='ltr'>Σίμων</span> <span class='ocrx_word' id='word_1_188' title='bbox 3302 1289 3579 1362; x_wconf 70' lang='grc' dir='ltr'>ἐξώρμησε</span> <span class='ocrx_word' id='word_1_189' title='bbox 3610 1291 3727 1362; x_wconf 77' lang='grc' dir='ltr'><strong>[ἵνα¹</strong></span> 
     </span>
    </p>
   </div>
   <div class='ocr_carea' id='block_1_29' title="bbox 2150 1380 3725 1456">
    <p class='ocr_par' dir='ltr' id='par_1_29' title="bbox 2150 1380 3725 1456">
     <span class='ocr_line' id='line_1_29' title="bbox 2150 1380 3725 1456; baseline 0.002 -21"><span class='ocrx_word' id='word_1_190' title='bbox 2150 1381 2243 1440; x_wconf 79' lang='grc' dir='ltr'><strong>τὸν</strong></span> <span class='ocrx_word' id='word_1_191' title='bbox 2267 1381 2473 1453; x_wconf 87' lang='grc' dir='ltr'>Πέτρον</span> <span class='ocrx_word' id='word_1_192' title='bbox 2492 1380 2805 1436; x_wconf 87' lang='grc' dir='ltr'>καταλιπὼν</span> <span class='ocrx_word' id='word_1_193' title='bbox 2826 1382 2974 1454; x_wconf 84' lang='grc' dir='ltr'>αύτῷ</span> <span class='ocrx_word' id='word_1_194' title='bbox 3000 1382 3419 1456; x_wconf 84' lang='grc' dir='ltr'>συνοδοιπορήσῃ</span> <span class='ocrx_word' id='word_1_195' title='bbox 3441 1383 3725 1453; x_wconf 79' lang='grc' dir='ltr'><strong>ὑπισχνου-¹</strong></span> 
     </span>
    </p>
   </div>
   <div class='ocr_carea' id='block_1_30' title="bbox 2151 1472 3720 1552">
    <p class='ocr_par' dir='ltr' id='par_1_30' title="bbox 2151 1472 3720 1552">
     <span class='ocr_line' id='line_1_30' title="bbox 2151 1472 3720 1552; baseline 0.003 -25"><span class='ocrx_word' id='word_1_196' title='bbox 2151 1474 2296 1552; x_wconf 83' lang='grc' dir='ltr'>μένῳ</span> <span class='ocrx_word' id='word_1_197' title='bbox 2326 1472 2751 1546; x_wconf 76' lang='grc' dir='ltr'>ἀποκαλύπτειν]</span> <span class='ocrx_word' id='word_1_198' title='bbox 2778 1473 2848 1528; x_wconf 86' lang='grc' dir='ltr'>τὰ</span> <span class='ocrx_word' id='word_1_199' title='bbox 2865 1473 3058 1552; x_wconf 76' lang='grc' dir='ltr'>ἀληθῆ,</span> <span class='ocrx_word' id='word_1_200' title='bbox 3087 1474 3249 1528; x_wconf 80' lang='grc' dir='ltr'>αὑτοῦ</span> <span class='ocrx_word' id='word_1_201' title='bbox 3272 1474 3512 1529; x_wconf 82' lang='grc' dir='ltr'><strong>Φαύστου</strong></span> <span class='ocrx_word' id='word_1_202' title='bbox 3540 1493 3720 1546; x_wconf 50' lang='grc' dir='ltr'>παραέ</span> 
     </span>
    </p>
   </div>
   <div class='ocr_carea' id='block_1_31' title="bbox 2148 1550 3723 1635">
    <p class='ocr_par' dir='ltr' id='par_1_31' title="bbox 2148 1550 3723 1635">
     <span class='ocr_line' id='line_1_31' title="bbox 2148 1550 3723 1635; baseline 0.004 -23"><span class='ocrx_word' id='word_1_203' title='bbox 2148 1550 2478 1623; x_wconf 82' lang='grc' dir='ltr'>καλέσαντος</span> <span class='ocrx_word' id='word_1_204' title='bbox 2527 1561 2708 1627; x_wconf 83' lang='grc' dir='ltr'>αὐτὸν,</span> <span class='ocrx_word' id='word_1_205' title='bbox 2746 1563 2828 1615; x_wconf 82' lang='grc' dir='ltr'><strong>ὅτι</strong></span> <span class='ocrx_word' id='word_1_206' title='bbox 2876 1563 2949 1634; x_wconf 84' lang='grc' dir='ltr'>μὴ</span> <span class='ocrx_word' id='word_1_207' title='bbox 2992 1550 3179 1634; x_wconf 73' lang='grc' dir='ltr'>ἢθελεν</span> <span class='ocrx_word' id='word_1_208' title='bbox 3223 1564 3353 1635; x_wconf 83' lang='grc' dir='ltr'>ὀρᾷν</span> <span class='ocrx_word' id='word_1_209' title='bbox 3383 1565 3511 1628; x_wconf 79' lang='grc' dir='ltr'>τοὺς</span> <span class='ocrx_word' id='word_1_210' title='bbox 3551 1565 3723 1619; x_wconf 69' lang='grc' dir='ltr'>αὐτοῦ</span> 
     </span>
    </p>
   </div>
   <div class='ocr_carea' id='block_1_32' title="bbox 2149 1647 3724 1726">
    <p class='ocr_par' dir='ltr' id='par_1_32' title="bbox 2149 1647 3724 1726">
     <span class='ocr_line' id='line_1_32' title="bbox 2149 1647 3724 1726; baseline 0.004 -22"><span class='ocrx_word' id='word_1_211' title='bbox 2149 1653 2301 1721; x_wconf 71' lang='grc' dir='ltr'>υἱοὺς</span> <span class='ocrx_word' id='word_1_212' title='bbox 2368 1652 2654 1715; x_wconf 82' lang='grc' dir='ltr'>Ἰουδαίους</span> <span class='ocrx_word' id='word_1_213' title='bbox 2705 1647 3120 1726; x_wconf 83' lang='grc' dir='ltr'>γεγενημένους.</span> <span class='ocrx_word' id='word_1_214' title='bbox 3188 1655 3378 1726; x_wconf 80' lang='grc' dir='ltr'>Ἡμεῖς</span> <span class='ocrx_word' id='word_1_215' title='bbox 3432 1654 3488 1708; x_wconf 82' lang='grc' dir='ltr'>δὲ</span> <span class='ocrx_word' id='word_1_216' title='bbox 3544 1656 3724 1725; x_wconf 37' lang='grc' dir='ltr'>ταῦτα,</span> 
     </span>
    </p>
   </div>
   <div class='ocr_carea' id='block_1_33' title="bbox 479 1721 2043 1822">
    <p class='ocr_par' dir='ltr' id='par_1_33' title="bbox 479 1728 2043 1822">
     <span class='ocr_line' id='line_1_33' title="bbox 479 1728 2043 1822; baseline 0.005 -22"><span class='ocrx_word' id='word_1_217' title='bbox 479 1759 647 1800; x_wconf 85' lang='lat' dir='ltr'><strong>causa</strong></span> <span class='ocrx_word' id='word_1_218' title='bbox 679 1744 788 1799; x_wconf 83' lang='lat' dir='ltr'><strong>huc</strong></span> <span class='ocrx_word' id='word_1_219' title='bbox 818 1728 1088 1803; x_wconf 84' lang='lat' dir='ltr'><strong>venimus.</strong></span> <span class='ocrx_word' id='word_1_220' title='bbox 1141 1746 1245 1803; x_wconf 84' lang='lat' dir='ltr'><strong>Sed</strong></span> <span class='ocrx_word' id='word_1_221' title='bbox 1295 1750 1422 1818; x_wconf 89' lang='lat' dir='ltr'><strong>quia</strong></span> <span class='ocrx_word' id='word_1_222' title='bbox 1469 1750 1558 1804; x_wconf 90' lang='lat' dir='ltr'><strong>hic</strong></span> <span class='ocrx_word' id='word_1_223' title='bbox 1604 1765 1710 1805; x_wconf 90' lang='lat' dir='ltr'><strong>non</strong></span> <span class='ocrx_word' id='word_1_224' title='bbox 1757 1753 2043 1822; x_wconf 85' lang='lat' dir='ltr'><strong>reperitur,</strong></span> 
     </span>
    </p>
   </div>
   <div class='ocr_carea' id='block_1_34' title="bbox 2142 1721 3713 1822">
    <p class='ocr_par' dir='ltr' id='par_1_34' title="bbox 2148 1741 3713 1817">
     <span class='ocr_line' id='line_1_34' title="bbox 2148 1741 3713 1817; baseline 0.003 -21"><span class='ocrx_word' id='word_1_225' title='bbox 2148 1741 2480 1805; x_wconf 85' lang='grc' dir='ltr'>ἀκούσαντες</span> <span class='ocrx_word' id='word_1_226' title='bbox 2506 1742 2696 1796; x_wconf 84' lang='grc' dir='ltr'>τούτου</span> <span class='ocrx_word' id='word_1_227' title='bbox 2739 1742 2921 1797; x_wconf 74' lang='grc' dir='ltr'>ἕνεκεν</span> <span class='ocrx_word' id='word_1_228' title='bbox 2951 1744 3185 1816; x_wconf 73' lang='grc' dir='ltr'>ἤλθομεν</span> <span class='ocrx_word' id='word_1_229' title='bbox 3218 1746 3504 1817; x_wconf 76' lang='grc' dir='ltr'>ζητοῦντες</span> <span class='ocrx_word' id='word_1_230' title='bbox 3533 1747 3713 1801; x_wconf 84' lang='grc' dir='ltr'>αύτὸν.</span> 
     </span>
    </p>
   </div>
   <div class='ocr_carea' id='block_1_35' title="bbox 479 1834 2045 1912">
    <p class='ocr_par' dir='ltr' id='par_1_35' title="bbox 479 1834 2045 1912">
     <span class='ocr_line' id='line_1_35' title="bbox 479 1834 2045 1912; baseline 0.008 -27"><span class='ocrx_word' id='word_1_231' title='bbox 479 1848 668 1888; x_wconf 87' lang='lat' dir='ltr'><strong>verum</strong></span> <span class='ocrx_word' id='word_1_232' title='bbox 696 1834 901 1891; x_wconf 80' lang='lat' dir='ltr'><strong>dixisse</strong></span> <span class='ocrx_word' id='word_1_233' title='bbox 925 1837 1159 1904; x_wconf 90' lang='lat' dir='ltr'><strong>videtur,</strong></span> <span class='ocrx_word' id='word_1_234' title='bbox 1192 1839 1287 1908; x_wconf 91' lang='lat' dir='ltr'><strong>qui</strong></span> <span class='ocrx_word' id='word_1_235' title='bbox 1318 1840 1525 1908; x_wconf 90' lang='lat' dir='ltr'><strong>retulit,</strong></span> <span class='ocrx_word' id='word_1_236' title='bbox 1553 1856 1676 1910; x_wconf 70' lang='lat' dir='ltr'><strong>qua:</strong></span> <span class='ocrx_word' id='word_1_237' title='bbox 1703 1841 1857 1896; x_wconf 89' lang='lat' dir='ltr'><strong>vobis</strong></span> <span class='ocrx_word' id='word_1_238' title='bbox 1891 1843 2045 1912; x_wconf 91' lang='lat' dir='ltr'><strong>prius</strong></span> 
     </span>
    </p>
   </div>
   <div class='ocr_carea' id='block_1_36' title="bbox 476 1925 2045 2004">
    <p class='ocr_par' dir='ltr' id='par_1_36' title="bbox 476 1925 2045 2004">
     <span class='ocr_line' id='line_1_36' title="bbox 476 1925 2045 2004; baseline 0.007 -26"><span class='ocrx_word' id='word_1_239' title='bbox 476 1925 903 1991; x_wconf 86' lang='lat' dir='ltr'><strong>enuntiavimus.</strong></span> <span class='ocrx_word' id='word_1_240' title='bbox 935 1926 1049 1999; x_wconf 81' lang='lat' dir='ltr'><strong>Ego</strong></span> <span class='ocrx_word' id='word_1_241' title='bbox 1082 1937 1264 1997; x_wconf 82' lang='lat' dir='ltr'><strong>autem</strong></span> <span class='ocrx_word' id='word_1_242' title='bbox 1316 1930 1591 2004; x_wconf 74' lang='lat' dir='ltr'><strong>Clemens,l</strong></span> <span class='ocrx_word' id='word_1_243' title='bbox 1634 1931 2045 2004; x_wconf 78' lang='lat' dir='ltr'><strong>perspectoPe-</strong></span> 
     </span>
    </p>
   </div>
   <div class='ocr_carea' id='block_1_37' title="bbox 478 2016 2043 2093">
    <p class='ocr_par' dir='ltr' id='par_1_37' title="bbox 478 2016 2043 2093">
     <span class='ocr_line' id='line_1_37' title="bbox 478 2016 2043 2093; baseline 0.006 -22"><span class='ocrx_word' id='word_1_244' title='bbox 478 2016 549 2071; x_wconf 87' lang='lat' dir='ltr'><strong>tri</strong></span> <span class='ocrx_word' id='word_1_245' title='bbox 575 2019 827 2086; x_wconf 89' lang='lat' dir='ltr'><strong>consilio,</strong></span> <span class='ocrx_word' id='word_1_246' title='bbox 861 2022 1165 2089; x_wconf 85' lang='lat' dir='ltr'><strong>seminandi</strong></span> <span class='ocrx_word' id='word_1_247' title='bbox 1195 2023 1250 2077; x_wconf 89' lang='lat' dir='ltr'><strong>in</strong></span> <span class='ocrx_word' id='word_1_248' title='bbox 1280 2024 1404 2078; x_wconf 91' lang='lat' dir='ltr'><strong>illos</strong></span> <span class='ocrx_word' id='word_1_249' title='bbox 1434 2024 1825 2093; x_wconf 90' lang='lat' dir='ltr'><strong>suspicionem,</strong></span> <span class='ocrx_word' id='word_1_250' title='bbox 1858 2041 2043 2082; x_wconf 87' lang='lat' dir='ltr'><strong>senem</strong></span> 
     </span>
    </p>
   </div>
   <div class='ocr_carea' id='block_1_38' title="bbox 478 2110 2045 2195">
    <p class='ocr_par' dir='ltr' id='par_1_38' title="bbox 478 2110 2045 2195">
     <span class='ocr_line' id='line_1_38' title="bbox 478 2110 2045 2195; baseline 0.006 -32"><span class='ocrx_word' id='word_1_251' title='bbox 478 2110 622 2178; x_wconf 88' lang='lat' dir='ltr'><strong>apud</strong></span> <span class='ocrx_word' id='word_1_252' title='bbox 658 2111 807 2181; x_wconf 91' lang='lat' dir='ltr'><strong>ipsos</strong></span> <span class='ocrx_word' id='word_1_253' title='bbox 834 2113 937 2177; x_wconf 85' lang='lat' dir='ltr'><strong>sibi</strong></span> <span class='ocrx_word' id='word_1_254' title='bbox 972 2130 1094 2170; x_wconf 87' lang='lat' dir='ltr'><strong>esse</strong></span> <span class='ocrx_word' id='word_1_255' title='bbox 1124 2116 1500 2187; x_wconf 72' lang='lat' dir='ltr'><strong>quaerendum,</strong></span> <span class='ocrx_word' id='word_1_256' title='bbox 1540 2124 1601 2171; x_wconf 91' lang='lat' dir='ltr'><strong>ut</strong></span> <span class='ocrx_word' id='word_1_257' title='bbox 1628 2117 1823 2173; x_wconf 85' lang='lat' dir='ltr'><strong>timore</strong></span> <span class='ocrx_word' id='word_1_258' title='bbox 1857 2119 2045 2195; x_wconf 83' lang='lat' dir='ltr'><strong>repleti</strong></span> 
     </span>
    </p>
   </div>
   <div class='ocr_carea' id='block_1_39' title="bbox 476 2200 2045 2277">
    <p class='ocr_par' dir='ltr' id='par_1_39' title="bbox 476 2200 2045 2277">
     <span class='ocr_line' id='line_1_39' title="bbox 476 2200 2045 2277; baseline 0.007 -23"><span class='ocrx_word' id='word_1_259' title='bbox 476 2200 748 2271; x_wconf 77' lang='lat' dir='ltr'><strong>fugerent,</strong></span> <span class='ocrx_word' id='word_1_260' title='bbox 794 2204 862 2269; x_wconf 78' lang='lat' dir='ltr'><strong>ad</strong></span> <span class='ocrx_word' id='word_1_261' title='bbox 891 2204 1257 2275; x_wconf 79' lang='lat' dir='ltr'><strong>adjuvandum</strong></span> <span class='ocrx_word' id='word_1_262' title='bbox 1290 2205 1411 2277; x_wconf 86' lang='lat' dir='ltr'><strong>ejus</strong></span> <span class='ocrx_word' id='word_1_263' title='bbox 1457 2208 1747 2263; x_wconf 89' lang='lat' dir='ltr'><strong>consilium</strong></span> <span class='ocrx_word' id='word_1_264' title='bbox 1792 2211 2045 2265; x_wconf 90' lang='lat' dir='ltr'><strong>concurri</strong></span> 
     </span>
    </p>
   </div>
   <div class='ocr_carea' id='block_1_40' title="bbox 475 2293 2046 2379">
    <p class='ocr_par' dir='ltr' id='par_1_40' title="bbox 475 2293 2046 2379">
     <span class='ocr_line' id='line_1_40' title="bbox 475 2293 2046 2379; baseline 0.008 -33"><span class='ocrx_word' id='word_1_265' title='bbox 475 2293 707 2363; x_wconf 87' lang='lat' dir='ltr'><strong>Appioni</strong></span> <span class='ocrx_word' id='word_1_266' title='bbox 726 2295 914 2359; x_wconf 86' lang='lat' dir='ltr'><strong>dicens</strong></span> <span class='ocrx_word' id='word_1_267' title='bbox 940 2316 953 2351; x_wconf 90' lang='lat'><strong>:</strong></span> <span class='ocrx_word' id='word_1_268' title='bbox 972 2296 1134 2367; x_wconf 83' lang='lat' dir='ltr'><strong>Audi,</strong></span> <span class='ocrx_word' id='word_1_269' title='bbox 1154 2298 1366 2371; x_wconf 89' lang='lat' dir='ltr'><strong>Appion</strong></span> <span class='ocrx_word' id='word_1_270' title='bbox 1390 2299 1714 2356; x_wconf 89' lang='lat' dir='ltr'><strong>charissime</strong></span> <span class='ocrx_word' id='word_1_271' title='bbox 1739 2300 1903 2368; x_wconf 87' lang='lat' dir='ltr'><strong>:Nos,</strong></span> <span class='ocrx_word' id='word_1_272' title='bbox 1924 2318 2046 2379; x_wconf 61' lang='lat' dir='ltr'><strong>quae</strong></span> 
     </span>
    </p>
   </div>
   <div class='ocr_carea' id='block_1_41' title="bbox 477 2384 2041 2463">
    <p class='ocr_par' dir='ltr' id='par_1_41' title="bbox 477 2384 2041 2463">
     <span class='ocr_line' id='line_1_41' title="bbox 477 2384 2041 2463; baseline 0.006 -24"><span class='ocrx_word' id='word_1_273' title='bbox 477 2384 619 2442; x_wconf 89' lang='lat' dir='ltr'><strong>bona</strong></span> <span class='ocrx_word' id='word_1_274' title='bbox 654 2403 777 2443; x_wconf 90' lang='lat' dir='ltr'><strong>esse</strong></span> <span class='ocrx_word' id='word_1_275' title='bbox 805 2390 1101 2457; x_wconf 85' lang='lat' dir='ltr'><strong>credimus,</strong></span> <span class='ocrx_word' id='word_1_276' title='bbox 1133 2391 1296 2446; x_wconf 90' lang='lat' dir='ltr'><strong>etiam</strong></span> <span class='ocrx_word' id='word_1_277' title='bbox 1327 2392 1468 2461; x_wconf 82' lang='lat' dir='ltr'><strong>patri</strong></span> <span class='ocrx_word' id='word_1_278' title='bbox 1496 2393 1711 2449; x_wconf 87' lang='lat' dir='ltr'><strong>tradere</strong></span> <span class='ocrx_word' id='word_1_279' title='bbox 1738 2395 2041 2463; x_wconf 83' lang='lat' dir='ltr'><strong>studemus.</strong></span> 
     </span>
    </p>
   </div>
   <div class='ocr_carea' id='block_1_42' title="bbox 474 2477 2043 2554">
    <p class='ocr_par' dir='ltr' id='par_1_42' title="bbox 474 2477 2043 2554">
     <span class='ocr_line' id='line_1_42' title="bbox 474 2477 2043 2554; baseline 0.005 -24"><span class='ocrx_word' id='word_1_280' title='bbox 474 2477 607 2544; x_wconf 66' lang='lat' dir='ltr'><strong>Quae</strong></span> <span class='ocrx_word' id='word_1_281' title='bbox 637 2480 680 2532; x_wconf 89' lang='lat' dir='ltr'><strong>si</strong></span> <span class='ocrx_word' id='word_1_282' title='bbox 714 2481 960 2551; x_wconf 86' lang='lat' dir='ltr'><strong>accipere</strong></span> <span class='ocrx_word' id='word_1_283' title='bbox 989 2483 1145 2551; x_wconf 81' lang='lat' dir='ltr'><strong>nolit,</strong></span> <span class='ocrx_word' id='word_1_284' title='bbox 1174 2484 1268 2538; x_wconf 90' lang='lat' dir='ltr'><strong>sed</strong></span> <span class='ocrx_word' id='word_1_285' title='bbox 1298 2485 1480 2554; x_wconf 79' lang='lat' dir='ltr'><strong>potius</strong></span> <span class='ocrx_word' id='word_1_286' title='bbox 1505 2500 1607 2541; x_wconf 93' lang='lat' dir='ltr'><strong>nos</strong></span> <span class='ocrx_word' id='word_1_287' title='bbox 1640 2501 1937 2541; x_wconf 77' lang='lat' dir='ltr'><strong>exsecraris</strong></span> <span class='ocrx_word' id='word_1_288' title='bbox 1959 2486 2043 2540; x_wconf 79' lang='lat' dir='ltr'><strong>fu-</strong></span> 
     </span>
    </p>
   </div>
   <div class='ocr_carea' id='block_1_43' title="bbox 473 2567 2042 2639">
    <p class='ocr_par' dir='ltr' id='par_1_43' title="bbox 473 2567 2042 2639">
     <span class='ocr_line' id='line_1_43' title="bbox 473 2567 2042 2639; baseline 0.006 -20"><span class='ocrx_word' id='word_1_289' title='bbox 473 2568 571 2636; x_wconf 89' lang='lat' dir='ltr'><strong>git,</strong></span> <span class='ocrx_word' id='word_1_290' title='bbox 617 2567 811 2632; x_wconf 87' lang='lat' dir='ltr'><strong>durius</strong></span> <span class='ocrx_word' id='word_1_291' title='bbox 841 2571 1046 2639; x_wconf 86' lang='lat' dir='ltr'><strong>aliquid</strong></span> <span class='ocrx_word' id='word_1_292' title='bbox 1074 2571 1299 2639; x_wconf 88' lang='lat' dir='ltr'><strong>eloquar</strong></span> <span class='ocrx_word' id='word_1_293' title='bbox 1350 2589 1364 2624; x_wconf 91' lang='lat'><strong>:</strong></span> <span class='ocrx_word' id='word_1_294' title='bbox 1401 2572 1566 2635; x_wconf 85' lang='lat' dir='ltr'><strong>etiam</strong></span> <span class='ocrx_word' id='word_1_295' title='bbox 1596 2587 1697 2627; x_wconf 92' lang='lat' dir='ltr'><strong>nos</strong></span> <span class='ocrx_word' id='word_1_296' title='bbox 1738 2572 1805 2627; x_wconf 87' lang='lat' dir='ltr'><strong>de</strong></span> <span class='ocrx_word' id='word_1_297' title='bbox 1838 2587 1906 2628; x_wconf 87' lang='lat' dir='ltr'><strong>eo</strong></span> <span class='ocrx_word' id='word_1_298' title='bbox 1933 2590 2042 2629; x_wconf 91' lang='lat' dir='ltr'><strong>non</strong></span> 
     </span>
    </p>
   </div>
   <div class='ocr_carea' id='block_1_44' title="bbox 473 2661 2042 2732">
    <p class='ocr_par' dir='ltr' id='par_1_44' title="bbox 473 2661 2042 2732">
     <span class='ocr_line' id='line_1_44' title="bbox 473 2661 2042 2732; baseline 0.003 -19"><span class='ocrx_word' id='word_1_299' title='bbox 473 2673 755 2721; x_wconf 87' lang='lat' dir='ltr'><strong>curamus.</strong></span> <span class='ocrx_word' id='word_1_300' title='bbox 788 2661 920 2725; x_wconf 64' lang='lat' dir='ltr'><strong>Quae</strong></span> <span class='ocrx_word' id='word_1_301' title='bbox 950 2676 1075 2714; x_wconf 91' lang='lat' dir='ltr'><strong>cum</strong></span> <span class='ocrx_word' id='word_1_302' title='bbox 1120 2661 1515 2727; x_wconf 88' lang='lat' dir='ltr'><strong>enuntiassem,</strong></span> <span class='ocrx_word' id='word_1_303' title='bbox 1548 2662 1707 2732; x_wconf 89' lang='lat' dir='ltr'><strong>quasi</strong></span> <span class='ocrx_word' id='word_1_304' title='bbox 1747 2664 2042 2725; x_wconf 83' lang='lat' dir='ltr'><strong>crudelita-</strong></span> 
     </span>
    </p>
   </div>
   <div class='ocr_carea' id='block_1_45' title="bbox 475 2749 2043 2824">
    <p class='ocr_par' dir='ltr' id='par_1_45' title="bbox 475 2749 2043 2824">
     <span class='ocr_line' id='line_1_45' title="bbox 475 2749 2043 2824; baseline 0.004 -21"><span class='ocrx_word' id='word_1_305' title='bbox 475 2759 581 2803; x_wconf 90' lang='lat' dir='ltr'><strong>tem</strong></span> <span class='ocrx_word' id='word_1_306' title='bbox 615 2765 792 2815; x_wconf 82' lang='lat' dir='ltr'><strong>meam</strong></span> <span class='ocrx_word' id='word_1_307' title='bbox 816 2766 956 2819; x_wconf 71' lang='lat' dir='ltr'><strong>aegre</strong></span> <span class='ocrx_word' id='word_1_308' title='bbox 982 2749 1221 2817; x_wconf 73' lang='lat' dir='ltr'><strong>ferentes</strong></span> <span class='ocrx_word' id='word_1_309' title='bbox 1249 2751 1502 2807; x_wconf 90' lang='lat' dir='ltr'><strong>abierunt</strong></span> <span class='ocrx_word' id='word_1_310' title='bbox 1526 2761 1581 2807; x_wconf 89' lang='lat' dir='ltr'><strong>et</strong></span> <span class='ocrx_word' id='word_1_311' title='bbox 1608 2751 1848 2808; x_wconf 89' lang='lat' dir='ltr'><strong>Simonis</strong></span> <span class='ocrx_word' id='word_1_312' title='bbox 1877 2756 2043 2824; x_wconf 86' lang='lat' dir='ltr'><strong>vesti-</strong></span> 
     </span>
    </p>
   </div>
   <div class='ocr_carea' id='block_1_46' title="bbox 472 2839 2041 2930">
    <p class='ocr_par' dir='ltr' id='par_1_46' title="bbox 472 2839 2041 2930">
     <span class='ocr_line' id='line_1_46' title="bbox 472 2839 2041 2930; baseline 0.006 -34"><span class='ocrx_word' id='word_1_313' title='bbox 472 2844 560 2914; x_wconf 85' lang='lat' dir='ltr'><strong>gia</strong></span> <span class='ocrx_word' id='word_1_314' title='bbox 581 2885 595 2911; x_wconf 93' lang='lat'><strong>,</strong></span> <span class='ocrx_word' id='word_1_315' title='bbox 628 2852 689 2907; x_wconf 85' lang='lat' dir='ltr'><strong>ut</strong></span> <span class='ocrx_word' id='word_1_316' title='bbox 713 2845 955 2911; x_wconf 87' lang='lat' dir='ltr'><strong>crastino</strong></span> <span class='ocrx_word' id='word_1_317' title='bbox 993 2845 1080 2900; x_wconf 89' lang='lat' dir='ltr'><strong>die</strong></span> <span class='ocrx_word' id='word_1_318' title='bbox 1118 2839 1526 2921; x_wconf 72' lang='lat' dir='ltr'><strong>comperimus,</strong></span> <span class='ocrx_word' id='word_1_319' title='bbox 1559 2862 1726 2930; x_wconf 81' lang='lat' dir='ltr'><strong>quam</strong></span> <span class='ocrx_word' id='word_1_320' title='bbox 1756 2848 2041 2917; x_wconf 86' lang='lat' dir='ltr'><strong>celerrime</strong></span> 
     </span>
    </p>
   </div>
   <div class='ocr_carea' id='block_1_47' title="bbox 472 2933 1423 3013">
    <p class='ocr_par' dir='ltr' id='par_1_47' title="bbox 472 2933 1423 3013">
     <span class='ocr_line' id='line_1_47' title="bbox 472 2933 1423 3013; baseline 0.004 -25"><span class='ocrx_word' id='word_1_321' title='bbox 472 2935 823 3005; x_wconf 89' lang='lat' dir='ltr'><strong>insequentes</strong></span> <span class='ocrx_word' id='word_1_322' title='bbox 851 2933 1095 2992; x_wconf 71' lang='lat' dir='ltr'><strong>Judazam</strong></span> <span class='ocrx_word' id='word_1_323' title='bbox 1130 2938 1423 3013; x_wconf 80' lang='lat' dir='ltr'><strong>petierunt.</strong></span> 
     </span>
    </p>
   </div>
   <div class='ocr_carea' id='block_1_48' title="bbox 545 3111 2043 3189">
    <p class='ocr_par' dir='ltr' id='par_1_48' title="bbox 545 3111 2043 3189">
     <span class='ocr_line' id='line_1_48' title="bbox 545 3111 2043 3189; baseline 0.007 -22"><span class='ocrx_word' id='word_1_324' title='bbox 545 3111 733 3181; x_wconf 71' lang='lat' dir='ltr'><strong>XXIII.</strong></span> <span class='ocrx_word' id='word_1_325' title='bbox 762 3112 969 3170; x_wconf 89' lang='lat' dir='ltr'><strong>Interea</strong></span> <span class='ocrx_word' id='word_1_326' title='bbox 998 3129 1121 3172; x_wconf 91' lang='lat' dir='ltr'><strong>cum</strong></span> <span class='ocrx_word' id='word_1_327' title='bbox 1146 3115 1331 3179; x_wconf 89' lang='lat' dir='ltr'><strong>decem</strong></span> <span class='ocrx_word' id='word_1_328' title='bbox 1357 3118 1748 3189; x_wconf 69' lang='lat' dir='ltr'><strong>praeteriissent</strong></span> <span class='ocrx_word' id='word_1_329' title='bbox 1782 3118 1921 3189; x_wconf 87' lang='lat' dir='ltr'><strong>dies,</strong></span> <span class='ocrx_word' id='word_1_330' title='bbox 1943 3136 2043 3187; x_wconf 60' lang='lat' dir='ltr'><strong>ven</strong></span> 
     </span>
    </p>
   </div>
   <div class='ocr_carea' id='block_1_49' title="bbox 473 3204 2043 3289">
    <p class='ocr_par' dir='ltr' id='par_1_49' title="bbox 473 3204 2043 3289">
     <span class='ocr_line' id='line_1_49' title="bbox 473 3204 2043 3289; baseline 0.005 -28"><span class='ocrx_word' id='word_1_331' title='bbox 473 3206 555 3261; x_wconf 91' lang='lat' dir='ltr'><strong>nit</strong></span> <span class='ocrx_word' id='word_1_332' title='bbox 576 3204 799 3281; x_wconf 86' lang='lat' dir='ltr'><strong>quidam</strong></span> <span class='ocrx_word' id='word_1_333' title='bbox 824 3207 1113 3277; x_wconf 88' lang='lat' dir='ltr'><strong>Antiochia</strong></span> <span class='ocrx_word' id='word_1_334' title='bbox 1135 3226 1166 3264; x_wconf 89' lang='lat' dir='ltr'><strong>a</strong></span> <span class='ocrx_word' id='word_1_335' title='bbox 1193 3219 1345 3289; x_wconf 86' lang='lat' dir='ltr'><strong>patre</strong></span> <span class='ocrx_word' id='word_1_336' title='bbox 1369 3212 1574 3268; x_wconf 82' lang='lat' dir='ltr'><strong>missus</strong></span> <span class='ocrx_word' id='word_1_337' title='bbox 1597 3214 1881 3283; x_wconf 88' lang='lat' dir='ltr'><strong>nuntians,</strong></span> <span class='ocrx_word' id='word_1_338' title='bbox 1901 3229 2043 3284; x_wconf 87' lang='lat' dir='ltr'><strong>quo-</strong></span> 
     </span>
    </p>
   </div>
   <div class='ocr_carea' id='block_1_50' title="bbox 472 3298 2044 3377">
    <p class='ocr_par' dir='ltr' id='par_1_50' title="bbox 472 3298 2044 3377">
     <span class='ocr_line' id='line_1_50' title="bbox 472 3298 2044 3377; baseline 0.006 -24"><span class='ocrx_word' id='word_1_339' title='bbox 472 3300 636 3357; x_wconf 89' lang='lat' dir='ltr'><strong>modo</strong></span> <span class='ocrx_word' id='word_1_340' title='bbox 659 3300 837 3370; x_wconf 83' lang='lat' dir='ltr'><strong>palam</strong></span> <span class='ocrx_word' id='word_1_341' title='bbox 876 3298 1154 3357; x_wconf 89' lang='lat' dir='ltr'><strong>Simonem</strong></span> <span class='ocrx_word' id='word_1_342' title='bbox 1185 3318 1311 3358; x_wconf 91' lang='lat' dir='ltr'><strong>cum</strong></span> <span class='ocrx_word' id='word_1_343' title='bbox 1356 3304 1531 3375; x_wconf 90' lang='lat' dir='ltr'><strong>ipsius</strong></span> <span class='ocrx_word' id='word_1_344' title='bbox 1574 3306 1727 3377; x_wconf 88' lang='lat' dir='ltr'><strong>vultu</strong></span> <span class='ocrx_word' id='word_1_345' title='bbox 1777 3321 2044 3377; x_wconf 86' lang='lat' dir='ltr'><strong>accusans</strong></span> 
     </span>
    </p>
   </div>
   <div class='ocr_carea' id='block_1_51' title="bbox 468 3384 2042 3463">
    <p class='ocr_par' dir='ltr' id='par_1_51' title="bbox 468 3384 2042 3463">
     <span class='ocr_line' id='line_1_51' title="bbox 468 3384 2042 3463; baseline 0.002 -15"><span class='ocrx_word' id='word_1_346' title='bbox 468 3389 803 3463; x_wconf 79' lang='lat' dir='ltr'><strong>Petrumque</strong></span> <span class='ocrx_word' id='word_1_347' title='bbox 841 3393 1097 3457; x_wconf 85' lang='lat' dir='ltr'><strong>laudibus</strong></span> <span class='ocrx_word' id='word_1_348' title='bbox 1137 3384 1402 3450; x_wconf 81' lang='lat' dir='ltr'><strong>extollens</strong></span> <span class='ocrx_word' id='word_1_349' title='bbox 1439 3397 1538 3451; x_wconf 92' lang='lat' dir='ltr'><strong>toti</strong></span> <span class='ocrx_word' id='word_1_350' title='bbox 1572 3397 2042 3453; x_wconf 84' lang='lat' dir='ltr'><strong>Antiochenorum</strong></span> 
     </span>
    </p>
   </div>
   <div class='ocr_carea' id='block_1_52' title="bbox 469 3485 2043 3559">
    <p class='ocr_par' dir='ltr' id='par_1_52' title="bbox 469 3485 2043 3559">
     <span class='ocr_line' id='line_1_52' title="bbox 469 3485 2043 3559; baseline 0.002 -18"><span class='ocrx_word' id='word_1_351' title='bbox 469 3485 676 3541; x_wconf 88' lang='lat' dir='ltr'><strong>civitati</strong></span> <span class='ocrx_word' id='word_1_352' title='bbox 707 3485 1039 3551; x_wconf 82' lang='lat' dir='ltr'><strong>desiderium</strong></span> <span class='ocrx_word' id='word_1_353' title='bbox 1072 3485 1322 3554; x_wconf 87' lang='lat' dir='ltr'><strong>injecerit</strong></span> <span class='ocrx_word' id='word_1_354' title='bbox 1351 3487 1506 3542; x_wconf 91' lang='lat' dir='ltr'><strong>illum</strong></span> <span class='ocrx_word' id='word_1_355' title='bbox 1542 3487 1783 3559; x_wconf 84' lang='lat' dir='ltr'><strong>videndi.</strong></span> <span class='ocrx_word' id='word_1_356' title='bbox 1828 3487 1909 3543; x_wconf 81' lang='lat' dir='ltr'><strong>Ex</strong></span> <span class='ocrx_word' id='word_1_357' title='bbox 1934 3505 2043 3559; x_wconf 90' lang='lat' dir='ltr'><strong>quo</strong></span> 
     </span>
    </p>
   </div>
   <div class='ocr_carea' id='block_1_53' title="bbox 466 3577 2042 3651">
    <p class='ocr_par' dir='ltr' id='par_1_53' title="bbox 466 3577 2042 3651">
     <span class='ocr_line' id='line_1_53' title="bbox 466 3577 2042 3651; baseline 0.003 -20"><span class='ocrx_word' id='word_1_358' title='bbox 466 3591 659 3631; x_wconf 89' lang='lat' dir='ltr'><strong>omnes</strong></span> <span class='ocrx_word' id='word_1_359' title='bbox 686 3591 883 3651; x_wconf 83' lang='lat' dir='ltr'><strong>cupere</strong></span> <span class='ocrx_word' id='word_1_360' title='bbox 912 3577 1073 3643; x_wconf 78' lang='lat' dir='ltr'><strong>dixit,</strong></span> <span class='ocrx_word' id='word_1_361' title='bbox 1106 3593 1231 3633; x_wconf 91' lang='lat' dir='ltr'><strong>eum</strong></span> <span class='ocrx_word' id='word_1_362' title='bbox 1271 3592 1456 3641; x_wconf 86' lang='lat' dir='ltr'><strong>secum</strong></span> <span class='ocrx_word' id='word_1_363' title='bbox 1482 3578 1705 3634; x_wconf 83' lang='lat' dir='ltr'><strong>habere.</strong></span> <span class='ocrx_word' id='word_1_364' title='bbox 1737 3577 2042 3637; x_wconf 87' lang='lat' dir='ltr'><strong>Nonnullos</strong></span> 
     </span>
    </p>
   </div>
   <div class='ocr_carea' id='block_1_54' title="bbox 468 3666 2040 3742">
    <p class='ocr_par' dir='ltr' id='par_1_54' title="bbox 468 3666 2040 3742">
     <span class='ocr_line' id='line_1_54' title="bbox 468 3666 2040 3742; baseline 0.003 -21"><span class='ocrx_word' id='word_1_365' title='bbox 468 3674 649 3721; x_wconf 88' lang='lat' dir='ltr'><strong>autem</strong></span> <span class='ocrx_word' id='word_1_366' title='bbox 674 3666 744 3721; x_wconf 92' lang='lat' dir='ltr'><strong>ob</strong></span> <span class='ocrx_word' id='word_1_367' title='bbox 776 3668 1002 3721; x_wconf 92' lang='lat' dir='ltr'><strong>nimium</strong></span> <span class='ocrx_word' id='word_1_368' title='bbox 1033 3684 1160 3738; x_wconf 86' lang='lat' dir='ltr'><strong>erga</strong></span> <span class='ocrx_word' id='word_1_369' title='bbox 1190 3667 1409 3723; x_wconf 88' lang='lat' dir='ltr'><strong>Petrum</strong></span> <span class='ocrx_word' id='word_1_370' title='bbox 1442 3684 1682 3725; x_wconf 79' lang='lat' dir='ltr'><strong>amorem</strong></span> <span class='ocrx_word' id='word_1_371' title='bbox 1735 3671 1790 3725; x_wconf 91' lang='lat' dir='ltr'><strong>in</strong></span> <span class='ocrx_word' id='word_1_372' title='bbox 1830 3680 2040 3742; x_wconf 90' lang='lat' dir='ltr'><strong>patrem</strong></span> 
     </span>
    </p>
   </div>
   <div class='ocr_carea' id='block_1_55' title="bbox 469 3756 2041 3833">
    <p class='ocr_par' dir='ltr' id='par_1_55' title="bbox 469 3756 2041 3833">
     <span class='ocr_line' id='line_1_55' title="bbox 469 3756 2041 3833; baseline 0.004 -21"><span class='ocrx_word' id='word_1_373' title='bbox 469 3757 754 3825; x_wconf 70' lang='lat' dir='ltr'><strong>sazvientes</strong></span> <span class='ocrx_word' id='word_1_374' title='bbox 804 3756 1010 3820; x_wconf 85' lang='lat' dir='ltr'><strong>Fausto</strong></span> <span class='ocrx_word' id='word_1_375' title='bbox 1060 3770 1120 3818; x_wconf 91' lang='lat' dir='ltr'><strong>ut</strong></span> <span class='ocrx_word' id='word_1_376' title='bbox 1166 3759 1376 3818; x_wconf 87' lang='lat' dir='ltr'><strong>Simoni</strong></span> <span class='ocrx_word' id='word_1_377' title='bbox 1416 3761 1553 3815; x_wconf 88' lang='lat' dir='ltr'><strong>adeo</strong></span> <span class='ocrx_word' id='word_1_378' title='bbox 1591 3777 1793 3821; x_wconf 75' lang='lat' dir='ltr'><strong>manus,</strong></span> <span class='ocrx_word' id='word_1_379' title='bbox 1818 3762 2041 3833; x_wconf 89' lang='lat' dir='ltr'><strong>injicere</strong></span> 
     </span>
    </p>
   </div>
   <div class='ocr_carea' id='block_1_56' title="bbox 467 3838 2036 3923">
    <p class='ocr_par' dir='ltr' id='par_1_56' title="bbox 467 3838 2036 3923">
     <span class='ocr_line' id='line_1_56' title="bbox 467 3838 2036 3923; baseline 0.006 -23"><span class='ocrx_word' id='word_1_380' title='bbox 467 3848 624 3902; x_wconf 89' lang='lat' dir='ltr'><strong>velle.</strong></span> <span class='ocrx_word' id='word_1_381' title='bbox 684 3847 977 3917; x_wconf 86' lang='lat' dir='ltr'><strong>Propterea</strong></span> <span class='ocrx_word' id='word_1_382' title='bbox 1026 3864 1152 3904; x_wconf 90' lang='lat' dir='ltr'><strong>eum</strong></span> <span class='ocrx_word' id='word_1_383' title='bbox 1202 3851 1505 3918; x_wconf 87' lang='lat' dir='ltr'><strong>timentem,</strong></span> <span class='ocrx_word' id='word_1_384' title='bbox 1538 3868 1607 3907; x_wconf 91' lang='lat' dir='ltr'><strong>ne</strong></span> <span class='ocrx_word' id='word_1_385' title='bbox 1644 3838 2036 3923; x_wconf 81' lang='lat' dir='ltr'><strong>perimeretur,</strong></span> 
     </span>
    </p>
   </div>
   <div class='ocr_carea' id='block_1_57' title="bbox 467 3939 2041 4015">
    <p class='ocr_par' dir='ltr' id='par_1_57' title="bbox 467 3939 2041 4015">
     <span class='ocr_line' id='line_1_57' title="bbox 467 3939 2041 4015; baseline 0.006 -24"><span class='ocrx_word' id='word_1_386' title='bbox 467 3939 652 3992; x_wconf 86' lang='lat' dir='ltr'><strong>statim</strong></span> <span class='ocrx_word' id='word_1_387' title='bbox 678 3940 915 4006; x_wconf 85' lang='lat' dir='ltr'><strong>misisse,</strong></span> <span class='ocrx_word' id='word_1_388' title='bbox 945 3942 1039 4012; x_wconf 91' lang='lat' dir='ltr'><strong>qui</strong></span> <span class='ocrx_word' id='word_1_389' title='bbox 1071 3941 1290 3999; x_wconf 84' lang='lat' dir='ltr'><strong>Petrum</strong></span> <span class='ocrx_word' id='word_1_390' title='bbox 1323 3953 1558 4015; x_wconf 81' lang='lat' dir='ltr'><strong>rogaret,</strong></span> <span class='ocrx_word' id='word_1_391' title='bbox 1588 3953 1647 3998; x_wconf 92' lang='lat' dir='ltr'><strong>ut</strong></span> <span class='ocrx_word' id='word_1_392' title='bbox 1675 3945 1742 3999; x_wconf 92' lang='lat' dir='ltr'><strong>ad</strong></span> <span class='ocrx_word' id='word_1_393' title='bbox 1775 3960 1902 4001; x_wconf 91' lang='lat' dir='ltr'><strong>eum</strong></span> <span class='ocrx_word' id='word_1_394' title='bbox 1957 3946 2041 4000; x_wconf 86' lang='lat' dir='ltr'><strong>fe-</strong></span> 
     </span>
    </p>
   </div>
   <div class='ocr_carea' id='block_1_58' title="bbox 466 4032 2039 4109">
    <p class='ocr_par' dir='ltr' id='par_1_58' title="bbox 466 4032 2039 4109">
     <span class='ocr_line' id='line_1_58' title="bbox 466 4032 2039 4109; baseline 0.004 -24"><span class='ocrx_word' id='word_1_395' title='bbox 466 4032 717 4098; x_wconf 78' lang='lat' dir='ltr'><strong>stinaret,</strong></span> <span class='ocrx_word' id='word_1_396' title='bbox 763 4033 807 4087; x_wconf 90' lang='lat' dir='ltr'><strong>si</strong></span> <span class='ocrx_word' id='word_1_397' title='bbox 842 4035 1024 4103; x_wconf 86' lang='lat' dir='ltr'><strong>vivum</strong></span> <span class='ocrx_word' id='word_1_398' title='bbox 1075 4035 1237 4091; x_wconf 90' lang='lat' dir='ltr'><strong>vellet</strong></span> <span class='ocrx_word' id='word_1_399' title='bbox 1280 4045 1335 4090; x_wconf 91' lang='lat' dir='ltr'><strong>et</strong></span> <span class='ocrx_word' id='word_1_400' title='bbox 1378 4036 1549 4101; x_wconf 81' lang='lat' dir='ltr'><strong>amori</strong></span> <span class='ocrx_word' id='word_1_401' title='bbox 1566 4036 1802 4093; x_wconf 92' lang='lat' dir='ltr'><strong>civitatis</strong></span> <span class='ocrx_word' id='word_1_402' title='bbox 1847 4054 2039 4109; x_wconf 83' lang='lat' dir='ltr'><strong>super-</strong></span> 
     </span>
    </p>
   </div>
   <div class='ocr_carea' id='block_1_59' title="bbox 465 4120 2037 4205">
    <p class='ocr_par' dir='ltr' id='par_1_59' title="bbox 465 4120 2037 4205">
     <span class='ocr_line' id='line_1_59' title="bbox 465 4120 2037 4205; baseline 0.006 -30"><span class='ocrx_word' id='word_1_403' title='bbox 465 4120 767 4177; x_wconf 83' lang='lat' dir='ltr'><strong>abundanti</strong></span> <span class='ocrx_word' id='word_1_404' title='bbox 817 4134 1121 4194; x_wconf 89' lang='lat' dir='ltr'><strong>opportune</strong></span> <span class='ocrx_word' id='word_1_405' title='bbox 1176 4137 1479 4205; x_wconf 85' lang='lat' dir='ltr'><strong>appareret.</strong></span> <span class='ocrx_word' id='word_1_406' title='bbox 1540 4127 1751 4194; x_wconf 87' lang='lat' dir='ltr'><strong>Quibus</strong></span> <span class='ocrx_word' id='word_1_407' title='bbox 1804 4130 2037 4199; x_wconf 80' lang='lat' dir='ltr'><strong>cognitis</strong></span> 
     </span>
    </p>
   </div>
   <div class='ocr_carea' id='block_1_60' title="bbox 463 4216 2033 4289">
    <p class='ocr_par' dir='ltr' id='par_1_60' title="bbox 463 4216 2033 4289">
     <span class='ocr_line' id='line_1_60' title="bbox 463 4216 2033 4289; baseline 0.004 -19"><span class='ocrx_word' id='word_1_408' title='bbox 463 4216 659 4273; x_wconf 90' lang='lat' dir='ltr'><strong>Petrus</strong></span> <span class='ocrx_word' id='word_1_409' title='bbox 700 4218 767 4282; x_wconf 86' lang='lat' dir='ltr'><strong>ad</strong></span> <span class='ocrx_word' id='word_1_410' title='bbox 798 4219 1209 4289; x_wconf 84' lang='lat' dir='ltr'><strong>deliberandum</strong></span> <span class='ocrx_word' id='word_1_411' title='bbox 1238 4223 1294 4276; x_wconf 91' lang='lat' dir='ltr'><strong>in</strong></span> <span class='ocrx_word' id='word_1_412' title='bbox 1339 4222 1601 4277; x_wconf 91' lang='lat' dir='ltr'><strong>concione</strong></span> <span class='ocrx_word' id='word_1_413' title='bbox 1634 4221 2033 4277; x_wconf 90' lang='lat' dir='ltr'><strong>multitudinem</strong></span> 
     </span>
    </p>
   </div>
   <div class='ocr_carea' id='block_1_61' title="bbox 463 4312 2039 4385">
    <p class='ocr_par' dir='ltr' id='par_1_61' title="bbox 463 4312 2039 4385">
     <span class='ocr_line' id='line_1_61' title="bbox 463 4312 2039 4385; baseline 0.001 -17"><span class='ocrx_word' id='word_1_414' title='bbox 463 4312 661 4382; x_wconf 82' lang='lat' dir='ltr'><strong>coegit,</strong></span> <span class='ocrx_word' id='word_1_415' title='bbox 682 4323 757 4381; x_wconf 82' lang='lat' dir='ltr'><strong>et,</strong></span> <span class='ocrx_word' id='word_1_416' title='bbox 775 4314 1029 4383; x_wconf 87' lang='lat' dir='ltr'><strong>episc0po</strong></span> <span class='ocrx_word' id='word_1_417' title='bbox 1048 4329 1114 4368; x_wconf 82' lang='lat' dir='ltr'><strong>ex</strong></span> <span class='ocrx_word' id='word_1_418' title='bbox 1132 4314 1423 4372; x_wconf 88' lang='lat' dir='ltr'><strong>comitibus</strong></span> <span class='ocrx_word' id='word_1_419' title='bbox 1447 4314 1719 4381; x_wconf 83' lang='lat' dir='ltr'><strong>ordinato,</strong></span> <span class='ocrx_word' id='word_1_420' title='bbox 1743 4323 2039 4385; x_wconf 74' lang='lat' dir='ltr'><strong>postquam</strong></span> 
     </span>
    </p>
   </div>
   <div class='ocr_carea' id='block_1_62' title="bbox 2160 1833 3725 1909">
    <p class='ocr_par' dir='ltr' id='par_1_62' title="bbox 2160 1833 3725 1909">
     <span class='ocr_line' id='line_1_62' title="bbox 2160 1833 3725 1909; baseline 0.003 -23"><span class='ocrx_word' id='word_1_421' title='bbox 2160 1833 2374 1904; x_wconf 83' lang='grc' dir='ltr'><strong>Ἐπειδὴ</strong></span> <span class='ocrx_word' id='word_1_422' title='bbox 2416 1833 2472 1887; x_wconf 79' lang='grc' dir='ltr'>δὲ</span> <span class='ocrx_word' id='word_1_423' title='bbox 2501 1834 2734 1890; x_wconf 84' lang='grc' dir='ltr'>ἐνταῦθα</span> <span class='ocrx_word' id='word_1_424' title='bbox 2757 1836 2857 1890; x_wconf 82' lang='grc' dir='ltr'><strong>οὐκ</strong></span> <span class='ocrx_word' id='word_1_425' title='bbox 2893 1836 3028 1903; x_wconf 77' lang='grc' dir='ltr'>ἐστι,</span> <span class='ocrx_word' id='word_1_426' title='bbox 3059 1837 3305 1906; x_wconf 86' lang='grc' dir='ltr'>φαίνεται</span> <span class='ocrx_word' id='word_1_427' title='bbox 3346 1838 3649 1909; x_wconf 82' lang='grc' dir='ltr'><strong>ἀληθεύσας</strong></span> <span class='ocrx_word' id='word_1_428' title='bbox 3688 1840 3725 1891; x_wconf 77' lang='grc' dir='ltr'>ὁ</span> 
     </span>
    </p>
   </div>
   <div class='ocr_carea' id='block_1_63' title="bbox 2146 1919 3717 1999">
    <p class='ocr_par' dir='ltr' id='par_1_63' title="bbox 2146 1919 3717 1999">
     <span class='ocr_line' id='line_1_63' title="bbox 2146 1919 3717 1999; baseline 0.003 -24"><span class='ocrx_word' id='word_1_429' title='bbox 2146 1921 2315 1975; x_wconf 72' lang='grc' dir='ltr'>εἰπὼν</span> <span class='ocrx_word' id='word_1_430' title='bbox 2349 1924 2500 1994; x_wconf 84' lang='grc' dir='ltr'>ἡμῖν,</span> <span class='ocrx_word' id='word_1_431' title='bbox 2535 1922 2611 1986; x_wconf 87' lang='grc' dir='ltr'>ὼς</span> <span class='ocrx_word' id='word_1_432' title='bbox 2639 1919 2732 1978; x_wconf 80' lang='grc' dir='ltr'><strong>οὖν</strong></span> <span class='ocrx_word' id='word_1_433' title='bbox 2776 1924 2906 1996; x_wconf 83' lang='grc' dir='ltr'>παρ’</span> <span class='ocrx_word' id='word_1_434' title='bbox 2939 1924 3101 1978; x_wconf 74' lang='grc' dir='ltr'>αὑτοῦ</span> <span class='ocrx_word' id='word_1_435' title='bbox 3130 1925 3460 1991; x_wconf 88' lang='grc' dir='ltr'>ἀκούσαντες</span> <span class='ocrx_word' id='word_1_436' title='bbox 3488 1929 3717 1999; x_wconf 71' lang='grc' dir='ltr'>εἰρήκα-</span> 
     </span>
    </p>
   </div>
   <div class='ocr_carea' id='block_1_64' title="bbox 2150 2006 3713 2090">
    <p class='ocr_par' dir='ltr' id='par_1_64' title="bbox 2150 2006 3713 2090">
     <span class='ocr_line' id='line_1_64' title="bbox 2150 2006 3713 2090; baseline 0.004 -23"><span class='ocrx_word' id='word_1_437' title='bbox 2150 2030 2248 2087; x_wconf 84' lang='grc' dir='ltr'><strong>μεν</strong></span> <span class='ocrx_word' id='word_1_438' title='bbox 2275 2006 2423 2086; x_wconf 79' lang='grc' dir='ltr'>ὑμῖν.</span> <span class='ocrx_word' id='word_1_439' title='bbox 2468 2014 2607 2085; x_wconf 87' lang='grc' dir='ltr'><strong>Ἐγὼ</strong></span> <span class='ocrx_word' id='word_1_440' title='bbox 2642 2015 2698 2068; x_wconf 84' lang='grc' dir='ltr'>δὲ</span> <span class='ocrx_word' id='word_1_441' title='bbox 2738 2007 2987 2087; x_wconf 87' lang='grc' dir='ltr'>Κλήμης,</span> <span class='ocrx_word' id='word_1_442' title='bbox 3021 2018 3316 2088; x_wconf 85' lang='grc' dir='ltr'>συννοήσας</span> <span class='ocrx_word' id='word_1_443' title='bbox 3343 2019 3441 2090; x_wconf 81' lang='grc' dir='ltr'>τὴν</span> <span class='ocrx_word' id='word_1_444' title='bbox 3473 2019 3566 2072; x_wconf 78' lang='grc' dir='ltr'>τοῦ</span> <span class='ocrx_word' id='word_1_445' title='bbox 3607 2020 3713 2073; x_wconf 86' lang='grc' dir='ltr'>Πέ-</span> 
     </span>
    </p>
   </div>
   <div class='ocr_carea' id='block_1_65' title="bbox 2144 2108 3713 2189">
    <p class='ocr_par' dir='ltr' id='par_1_65' title="bbox 2144 2108 3713 2189">
     <span class='ocr_line' id='line_1_65' title="bbox 2144 2108 3713 2189; baseline 0.003 -28"><span class='ocrx_word' id='word_1_446' title='bbox 2144 2126 2275 2180; x_wconf 89' lang='grc' dir='ltr'>τρου</span> <span class='ocrx_word' id='word_1_447' title='bbox 2302 2109 2637 2181; x_wconf 87' lang='grc' dir='ltr'>προαίρεσιν,</span> <span class='ocrx_word' id='word_1_448' title='bbox 2655 2108 2737 2162; x_wconf 83' lang='grc' dir='ltr'><strong>ὅτι</strong></span> <span class='ocrx_word' id='word_1_449' title='bbox 2762 2109 3013 2163; x_wconf 82' lang='grc' dir='ltr'>ὑπόνοιαν</span> <span class='ocrx_word' id='word_1_450' title='bbox 3046 2109 3228 2173; x_wconf 83' lang='grc' dir='ltr'>αὐτοῖς</span> <span class='ocrx_word' id='word_1_451' title='bbox 3246 2111 3527 2189; x_wconf 72' lang='grc' dir='ltr'>ἐνσπεῖραι</span> <span class='ocrx_word' id='word_1_452' title='bbox 3549 2111 3713 2178; x_wconf 82' lang='grc' dir='ltr'>θέλει,</span> 
     </span>
    </p>
   </div>
   <div class='ocr_carea' id='block_1_66' title="bbox 2145 2200 3718 2274">
    <p class='ocr_par' dir='ltr' id='par_1_66' title="bbox 2145 2200 3718 2274">
     <span class='ocr_line' id='line_1_66' title="bbox 2145 2200 3718 2274; baseline 0.003 -21"><span class='ocrx_word' id='word_1_453' title='bbox 2145 2200 2222 2263; x_wconf 82' lang='grc' dir='ltr'>ὡς</span> <span class='ocrx_word' id='word_1_454' title='bbox 2257 2201 2349 2255; x_wconf 79' lang='grc' dir='ltr'><strong>τὸν</strong></span> <span class='ocrx_word' id='word_1_455' title='bbox 2381 2201 2613 2273; x_wconf 83' lang='grc' dir='ltr'>γέροντα</span> <span class='ocrx_word' id='word_1_456' title='bbox 2640 2200 2821 2272; x_wconf 73' lang='grc' dir='ltr'>ζητεῖν</span> <span class='ocrx_word' id='word_1_457' title='bbox 2856 2201 3060 2274; x_wconf 81' lang='grc' dir='ltr'><strong>μέλλων</strong></span> <span class='ocrx_word' id='word_1_458' title='bbox 3095 2202 3225 2274; x_wconf 84' lang='grc' dir='ltr'>παρ’</span> <span class='ocrx_word' id='word_1_459' title='bbox 3265 2202 3468 2269; x_wconf 81' lang='grc' dir='ltr'>αὐτοῖς,</span> <span class='ocrx_word' id='word_1_460' title='bbox 3502 2204 3588 2257; x_wconf 79' lang='grc' dir='ltr'>ἵνα</span> <span class='ocrx_word' id='word_1_461' title='bbox 3617 2220 3718 2272; x_wconf 79' lang='grc' dir='ltr'>φο-</span> 
     </span>
    </p>
   </div>
   <div class='ocr_carea' id='block_1_67' title="bbox 2146 2290 3713 2367">
    <p class='ocr_par' dir='ltr' id='par_1_67' title="bbox 2146 2290 3713 2367">
     <span class='ocr_line' id='line_1_67' title="bbox 2146 2290 3713 2367; baseline 0.002 -23"><span class='ocrx_word' id='word_1_462' title='bbox 2146 2290 2403 2361; x_wconf 74' lang='grc' dir='ltr'>ϐηθέντες</span> <span class='ocrx_word' id='word_1_463' title='bbox 2429 2291 2693 2363; x_wconf 82' lang='grc' dir='ltr'><strong>φύγωσιν,</strong></span> <span class='ocrx_word' id='word_1_464' title='bbox 2722 2293 3052 2365; x_wconf 80' lang='grc' dir='ltr'>συνέδραμον</span> <span class='ocrx_word' id='word_1_465' title='bbox 3082 2291 3245 2347; x_wconf 79' lang='grc' dir='ltr'>αὑτοῦ</span> <span class='ocrx_word' id='word_1_466' title='bbox 3286 2293 3364 2365; x_wconf 82' lang='grc' dir='ltr'><strong>τῷ</strong></span> <span class='ocrx_word' id='word_1_467' title='bbox 3393 2294 3713 2367; x_wconf 77' lang='grc' dir='ltr'>βουλήματι,</span> 
     </span>
    </p>
   </div>
   <div class='ocr_carea' id='block_1_68' title="bbox 2144 2383 3717 2457">
    <p class='ocr_par' dir='ltr' id='par_1_68' title="bbox 2144 2383 3717 2457">
     <span class='ocr_line' id='line_1_68' title="bbox 2144 2383 3717 2457; baseline 0.001 -19"><span class='ocrx_word' id='word_1_468' title='bbox 2144 2384 2239 2438; x_wconf 82' lang='grc' dir='ltr'>καὶ</span> <span class='ocrx_word' id='word_1_469' title='bbox 2286 2383 2423 2455; x_wconf 82' lang='grc' dir='ltr'>πρὸς</span> <span class='ocrx_word' id='word_1_470' title='bbox 2472 2384 2565 2437; x_wconf 86' lang='grc' dir='ltr'><strong>τὸν</strong></span> <span class='ocrx_word' id='word_1_471' title='bbox 2602 2384 2907 2451; x_wconf 82' lang='grc' dir='ltr'>Ἀππίωνα,</span> <span class='ocrx_word' id='word_1_472' title='bbox 2959 2387 3251 2451; x_wconf 76' lang='grc' dir='ltr'>Ἄκουσον,</span> <span class='ocrx_word' id='word_1_473' title='bbox 3282 2384 3417 2457; x_wconf 74' lang='grc' dir='ltr'>ἔφην</span> <span class='ocrx_word' id='word_1_474' title='bbox 3434 2427 3449 2453; x_wconf 93' lang='grc'><strong>,</strong></span> <span class='ocrx_word' id='word_1_475' title='bbox 3498 2386 3717 2457; x_wconf 85' lang='grc' dir='ltr'>φίλτατὲ</span> 
     </span>
    </p>
   </div>
   <div class='ocr_carea' id='block_1_69' title="bbox 2147 2476 3717 2549">
    <p class='ocr_par' dir='ltr' id='par_1_69' title="bbox 2147 2476 3717 2549">
     <span class='ocr_line' id='line_1_69' title="bbox 2147 2476 3717 2549; baseline 0.002 -19"><span class='ocrx_word' id='word_1_476' title='bbox 2147 2494 2238 2547; x_wconf 91' lang='grc' dir='ltr'><strong>μοι</strong></span> <span class='ocrx_word' id='word_1_477' title='bbox 2276 2476 2546 2528; x_wconf 77' lang='grc' dir='ltr'>’Δππίων-</span> <span class='ocrx_word' id='word_1_478' title='bbox 2578 2478 2737 2547; x_wconf 80' lang='grc' dir='ltr'>ἡμεῖς</span> <span class='ocrx_word' id='word_1_479' title='bbox 2761 2477 2829 2530; x_wconf 83' lang='grc' dir='ltr'>τὰ</span> <span class='ocrx_word' id='word_1_480' title='bbox 2854 2477 3173 2547; x_wconf 83' lang='grc' dir='ltr'>νομισθέντα</span> <span class='ocrx_word' id='word_1_481' title='bbox 3195 2479 3326 2549; x_wconf 79' lang='grc' dir='ltr'>ἡμῖν</span> <span class='ocrx_word' id='word_1_482' title='bbox 3346 2478 3489 2532; x_wconf 90' lang='grc' dir='ltr'><strong>καλά</strong></span> <span class='ocrx_word' id='word_1_483' title='bbox 3509 2480 3584 2544; x_wconf 86' lang='grc' dir='ltr'>ὡς</span> <span class='ocrx_word' id='word_1_484' title='bbox 3612 2496 3717 2532; x_wconf 86' lang='grc' dir='ltr'>πα-</span> 
     </span>
    </p>
   </div>
   <div class='ocr_carea' id='block_1_70' title="bbox 2141 2560 3718 2641">
    <p class='ocr_par' dir='ltr' id='par_1_70' title="bbox 2141 2560 3718 2641">
     <span class='ocr_line' id='line_1_70' title="bbox 2141 2560 3718 2641; baseline 0.003 -22"><span class='ocrx_word' id='word_1_485' title='bbox 2141 2569 2232 2638; x_wconf 73' lang='grc' dir='ltr'>τρὶ</span> <span class='ocrx_word' id='word_1_486' title='bbox 2257 2566 2438 2620; x_wconf 77' lang='grc' dir='ltr'>δοῦναι</span> <span class='ocrx_word' id='word_1_487' title='bbox 2464 2567 2828 2637; x_wconf 84' lang='grc' dir='ltr'>ἐσπεύσαμεν.</span> <span class='ocrx_word' id='word_1_488' title='bbox 2854 2570 2917 2622; x_wconf 88' lang='grc' dir='ltr'><strong>Εἰ</strong></span> <span class='ocrx_word' id='word_1_489' title='bbox 2945 2568 3001 2622; x_wconf 85' lang='grc' dir='ltr'>δὲ</span> <span class='ocrx_word' id='word_1_490' title='bbox 3033 2560 3194 2631; x_wconf 78' lang='grc' dir='ltr'>αὖτὸς</span> <span class='ocrx_word' id='word_1_491' title='bbox 3214 2569 3313 2623; x_wconf 88' lang='grc' dir='ltr'><strong>ούκ</strong></span> <span class='ocrx_word' id='word_1_492' title='bbox 3340 2570 3605 2641; x_wconf 82' lang='grc' dir='ltr'>ἐϐουλήθη</span> <span class='ocrx_word' id='word_1_493' title='bbox 3629 2571 3718 2625; x_wconf 84' lang='grc' dir='ltr'>λα-</span> 
     </span>
    </p>
   </div>
   <div class='ocr_carea' id='block_1_71' title="bbox 2143 2657 3712 2732">
    <p class='ocr_par' dir='ltr' id='par_1_71' title="bbox 2143 2657 3712 2732">
     <span class='ocr_line' id='line_1_71' title="bbox 2143 2657 3712 2732; baseline 0.004 -23"><span class='ocrx_word' id='word_1_494' title='bbox 2143 2657 2279 2723; x_wconf 77' lang='grc' dir='ltr'>ϐεῖν,</span> <span class='ocrx_word' id='word_1_495' title='bbox 2324 2657 2459 2711; x_wconf 87' lang='grc' dir='ltr'><strong>ἀλλά</strong></span> <span class='ocrx_word' id='word_1_496' title='bbox 2503 2658 2812 2713; x_wconf 81' lang='grc' dir='ltr'>τούναντίον</span> <span class='ocrx_word' id='word_1_497' title='bbox 2865 2660 3250 2731; x_wconf 80' lang='grc' dir='ltr'>βδελυξάμενος</span> <span class='ocrx_word' id='word_1_498' title='bbox 3288 2662 3437 2732; x_wconf 77' lang='grc' dir='ltr'>ἡμᾶς</span> <span class='ocrx_word' id='word_1_499' title='bbox 3480 2663 3712 2732; x_wconf 70' lang='grc' dir='ltr'>ἔφυγεν,</span> 
     </span>
    </p>
   </div>
   <div class='ocr_carea' id='block_1_72' title="bbox 2141 2746 3715 2823">
    <p class='ocr_par' dir='ltr' id='par_1_72' title="bbox 2141 2746 3715 2823">
     <span class='ocr_line' id='line_1_72' title="bbox 2141 2746 3715 2823; baseline 0.004 -23"><span class='ocrx_word' id='word_1_500' title='bbox 2141 2746 2475 2819; x_wconf 77' lang='grc' dir='ltr'>τραχύτερον</span> <span class='ocrx_word' id='word_1_501' title='bbox 2504 2763 2558 2799; x_wconf 91' lang='grc' dir='ltr'><strong>τι</strong></span> <span class='ocrx_word' id='word_1_502' title='bbox 2600 2747 2738 2819; x_wconf 75' lang='grc' dir='ltr'>ἐρῶο</span> <span class='ocrx_word' id='word_1_503' title='bbox 2782 2749 2904 2802; x_wconf 80' lang='grc' dir='ltr'>οὐδὲ</span> <span class='ocrx_word' id='word_1_504' title='bbox 2939 2752 3097 2820; x_wconf 79' lang='grc' dir='ltr'>ἡμεῖς</span> <span class='ocrx_word' id='word_1_505' title='bbox 3139 2749 3300 2803; x_wconf 77' lang='grc' dir='ltr'>αὐτοῦ</span> <span class='ocrx_word' id='word_1_506' title='bbox 3334 2752 3715 2823; x_wconf 33' lang='grc' dir='ltr'>φροντίζομεν.-</span> 
     </span>
    </p>
   </div>
   <div class='ocr_carea' id='block_1_73' title="bbox 2156 2836 3713 2912">
    <p class='ocr_par' dir='ltr' id='par_1_73' title="bbox 2156 2836 3713 2912">
     <span class='ocr_line' id='line_1_73' title="bbox 2156 2836 3713 2912; baseline 0.003 -23"><span class='ocrx_word' id='word_1_507' title='bbox 2156 2836 2320 2907; x_wconf 84' lang='grc' dir='ltr'>Ἐμοῦ</span> <span class='ocrx_word' id='word_1_508' title='bbox 2347 2836 2519 2890; x_wconf 75' lang='grc' dir='ltr'>ταῦτα</span> <span class='ocrx_word' id='word_1_509' title='bbox 2539 2837 2780 2900; x_wconf 74' lang='grc' dir='ltr'>εἰπόντος</span> <span class='ocrx_word' id='word_1_510' title='bbox 2801 2838 2876 2901; x_wconf 88' lang='grc' dir='ltr'>ὡς</span> <span class='ocrx_word' id='word_1_511' title='bbox 2907 2839 2992 2890; x_wconf 88' lang='grc' dir='ltr'>ἐπ’</span> <span class='ocrx_word' id='word_1_512' title='bbox 3022 2839 3264 2909; x_wconf 79' lang='grc' dir='ltr'>ὠμότητι</span> <span class='ocrx_word' id='word_1_513' title='bbox 3287 2839 3713 2912; x_wconf 87' lang='grc' dir='ltr'>δυσχεράναντες</span> 
     </span>
    </p>
   </div>
   <div class='ocr_carea' id='block_1_74' title="bbox 2140 2928 3712 3004">
    <p class='ocr_par' dir='ltr' id='par_1_74' title="bbox 2140 2928 3712 3004">
     <span class='ocr_line' id='line_1_74' title="bbox 2140 2928 3712 3004; baseline 0.003 -23"><span class='ocrx_word' id='word_1_514' title='bbox 2140 2928 2406 3001; x_wconf 80' lang='grc' dir='ltr'>ἀπῄεσαν,</span> <span class='ocrx_word' id='word_1_515' title='bbox 2438 2931 2534 2984; x_wconf 74' lang='grc' dir='ltr'>καὶ</span> <span class='ocrx_word' id='word_1_516' title='bbox 2570 2930 2646 2993; x_wconf 81' lang='grc' dir='ltr'>ὡς</span> <span class='ocrx_word' id='word_1_517' title='bbox 2689 2930 2960 3001; x_wconf 75' lang='grc' dir='ltr'>ἐμάθομεν</span> <span class='ocrx_word' id='word_1_518' title='bbox 2984 2931 3083 3002; x_wconf 84' lang='grc' dir='ltr'>τῆς</span> <span class='ocrx_word' id='word_1_519' title='bbox 3108 2929 3272 3001; x_wconf 84' lang='grc' dir='ltr'>ἄλλης</span> <span class='ocrx_word' id='word_1_520' title='bbox 3306 2932 3519 3001; x_wconf 78' lang='grc' dir='ltr'>ἡμέρας</span> <span class='ocrx_word' id='word_1_521' title='bbox 3540 2932 3583 2964; x_wconf 85' lang='grc'>³³</span> 
     </span>
    </p>
   </div>
   <div class='ocr_carea' id='block_1_75' title="bbox 2068 3020 3711 3120">
    <p class='ocr_par' dir='ltr' id='par_1_75' title="bbox 2068 3020 3711 3120">
     <span class='ocr_line' id='line_1_75' title="bbox 2068 3020 3711 3120; baseline 0.002 -47"><span class='ocrx_word' id='word_1_522' title='bbox 2068 3062 2113 3120; x_wconf 74' lang='lat' dir='ltr'><strong>c</strong></span> <span class='ocrx_word' id='word_1_523' title='bbox 2143 3020 2526 3102; x_wconf 57' lang='lat' dir='ltr'><strong>caputalxac‘</strong></span> <span class='ocrx_word' id='word_1_524' title='bbox 2546 3021 2663 3093; x_wconf 79' lang='grc' dir='ltr'>ἴχνη</span> <span class='ocrx_word' id='word_1_525' title='bbox 2682 3022 2921 3093; x_wconf 83' lang='grc' dir='ltr'>Σίμωνος</span> <span class='ocrx_word' id='word_1_526' title='bbox 2935 3022 3027 3075; x_wconf 69' lang='grc' dir='ltr'>ἐπὶ</span> <span class='ocrx_word' id='word_1_527' title='bbox 3037 3024 3134 3094; x_wconf 82' lang='grc' dir='ltr'>τὴν</span> <span class='ocrx_word' id='word_1_528' title='bbox 3157 3022 3415 3120; x_wconf 72' lang='grc' dir='ltr'>Ἰουδαίαν</span> <span class='ocrx_word' id='word_1_529' title='bbox 3423 3022 3711 3096; x_wconf 65' lang='grc' dir='ltr'>ὥρμησαν,</span> 
     </span>
    </p>
   </div>
   <div class='ocr_carea' id='block_1_76' title="bbox 2214 3097 3715 3188">
    <p class='ocr_par' dir='ltr' id='par_1_76' title="bbox 2214 3097 3715 3188">
     <span class='ocr_line' id='line_1_76' title="bbox 2214 3097 3715 3188; baseline 0.003 -21"><span class='ocrx_word' id='word_1_530' title='bbox 2214 3097 2603 3186; x_wconf 54' lang='grc' dir='ltr'>ΧΧΠῙᾸ,Πλὴν</span> <span class='ocrx_word' id='word_1_531' title='bbox 2617 3112 2997 3186; x_wconf 46' lang='grc' dir='ltr'>ἡμερῶνκδέκα</span> <span class='ocrx_word' id='word_1_532' title='bbox 3008 3113 3333 3170; x_wconf 68' lang='grc' dir='ltr'>διελθουσῶν</span> <span class='ocrx_word' id='word_1_533' title='bbox 3362 3109 3491 3187; x_wconf 78' lang='grc' dir='ltr'>[ἧκέ</span> <span class='ocrx_word' id='word_1_534' title='bbox 3512 3115 3619 3188; x_wconf 90' lang='grc' dir='ltr'>τις]</span> <span class='ocrx_word' id='word_1_535' title='bbox 3644 3117 3715 3185; x_wconf 75' lang='grc' dir='ltr'><strong>ἐκ¹</strong></span> 
     </span>
    </p>
   </div>
   <div class='ocr_carea' id='block_1_77' title="bbox 2142 3204 3705 3279">
    <p class='ocr_par' dir='ltr' id='par_1_77' title="bbox 2142 3204 3705 3279">
     <span class='ocr_line' id='line_1_77' title="bbox 2142 3204 3705 3279; baseline 0.003 -21"><span class='ocrx_word' id='word_1_536' title='bbox 2142 3207 2242 3276; x_wconf 84' lang='grc' dir='ltr'>τῆς</span> <span class='ocrx_word' id='word_1_537' title='bbox 2285 3206 2611 3276; x_wconf 67' lang='grc' dir='ltr'>Ἀντιοχείας</span> <span class='ocrx_word' id='word_1_538' title='bbox 2652 3205 2800 3278; x_wconf 88' lang='grc' dir='ltr'><strong>παρά</strong></span> <span class='ocrx_word' id='word_1_539' title='bbox 2839 3204 2933 3260; x_wconf 79' lang='grc' dir='ltr'>τοῦ</span> <span class='ocrx_word' id='word_1_540' title='bbox 2966 3208 3169 3279; x_wconf 82' lang='grc' dir='ltr'>πατρὸς</span> <span class='ocrx_word' id='word_1_541' title='bbox 3212 3208 3523 3277; x_wconf 75' lang='grc' dir='ltr'>ἀγγελῶν³⁸</span> <span class='ocrx_word' id='word_1_542' title='bbox 3554 3210 3705 3279; x_wconf 74' lang='grc' dir='ltr'>ἡμῖν,</span> 
     </span>
    </p>
   </div>
   <div class='ocr_carea' id='block_1_78' title="bbox 2144 3291 3704 3371">
    <p class='ocr_par' dir='ltr' id='par_1_78' title="bbox 2144 3291 3704 3371">
     <span class='ocr_line' id='line_1_78' title="bbox 2144 3291 3704 3371; baseline 0.001 -20"><span class='ocrx_word' id='word_1_543' title='bbox 2144 3296 2261 3360; x_wconf 85' lang='grc' dir='ltr'>πῶς</span> <span class='ocrx_word' id='word_1_544' title='bbox 2291 3298 2319 3349; x_wconf 88' lang='grc' dir='ltr'>ὁ</span> <span class='ocrx_word' id='word_1_545' title='bbox 2351 3297 2530 3370; x_wconf 84' lang='grc' dir='ltr'>πατὴρ</span> <span class='ocrx_word' id='word_1_546' title='bbox 2570 3296 2849 3369; x_wconf 79' lang='grc' dir='ltr'>δημο[σίᾳ]</span> <span class='ocrx_word' id='word_1_547' title='bbox 2883 3297 3044 3351; x_wconf 79' lang='grc' dir='ltr'>αὑτοῦ</span> <span class='ocrx_word' id='word_1_548' title='bbox 3095 3291 3307 3371; x_wconf 82' lang='grc' dir='ltr'>μορφῆς</span> <span class='ocrx_word' id='word_1_549' title='bbox 3347 3299 3704 3371; x_wconf 83' lang='grc' dir='ltr'>κατηγορῶν,</span> 
     </span>
    </p>
   </div>
   <div class='ocr_carea' id='block_1_79' title="bbox 2142 3387 3706 3460">
    <p class='ocr_par' dir='ltr' id='par_1_79' title="bbox 2142 3387 3706 3460">
     <span class='ocr_line' id='line_1_79' title="bbox 2142 3387 3706 3460; baseline 0.003 -20"><span class='ocrx_word' id='word_1_550' title='bbox 2142 3387 2345 3460; x_wconf 80' lang='grc' dir='ltr'>Πέτρον</span> <span class='ocrx_word' id='word_1_551' title='bbox 2370 3388 2604 3458; x_wconf 78' lang='grc' dir='ltr'>εὐλογῶν</span> <span class='ocrx_word' id='word_1_552' title='bbox 2635 3390 2734 3460; x_wconf 79' lang='grc' dir='ltr'>τὴν</span> <span class='ocrx_word' id='word_1_553' title='bbox 2760 3389 2938 3444; x_wconf 83' lang='grc' dir='ltr'>πᾶσαν</span> <span class='ocrx_word' id='word_1_554' title='bbox 2973 3390 3293 3460; x_wconf 76' lang='grc' dir='ltr'>Ἀντιοχέων.</span> <span class='ocrx_word' id='word_1_555' title='bbox 3316 3391 3469 3445; x_wconf 87' lang='grc' dir='ltr'>πόλιν</span> <span class='ocrx_word' id='word_1_556' title='bbox 3501 3394 3580 3455; x_wconf 78' lang='grc' dir='ltr'><strong>είς</strong></span> <span class='ocrx_word' id='word_1_557' title='bbox 3607 3393 3706 3445; x_wconf 80' lang='grc' dir='ltr'><strong><em>πό-</em></strong></span> 
     </span>
    </p>
   </div>
   <div class='ocr_carea' id='block_1_80' title="bbox 2100 3479 3709 3555">
    <p class='ocr_par' dir='ltr' id='par_1_80' title="bbox 2100 3479 3709 3555">
     <span class='ocr_line' id='line_1_80' title="bbox 2100 3479 3709 3555; baseline 0.002 -23"><span class='ocrx_word' id='word_1_558' title='bbox 2100 3484 2103 3491; x_wconf 84' lang='grc'><em>’</em></span> <span class='ocrx_word' id='word_1_559' title='bbox 2142 3479 2233 3533; x_wconf 89' lang='grc' dir='ltr'><strong>θον</strong></span> <span class='ocrx_word' id='word_1_560' title='bbox 2260 3481 2574 3551; x_wconf 88' lang='grc' dir='ltr'>μετέθηκεν.</span> <span class='ocrx_word' id='word_1_561' title='bbox 2609 3483 2717 3535; x_wconf 75' lang='grc' dir='ltr'>Καὶ</span> <span class='ocrx_word' id='word_1_562' title='bbox 2754 3484 2819 3535; x_wconf 86' lang='grc' dir='ltr'><strong>ἐκ</strong></span> <span class='ocrx_word' id='word_1_563' title='bbox 2841 3482 3028 3535; x_wconf 88' lang='grc' dir='ltr'>τούτου</span> <span class='ocrx_word' id='word_1_564' title='bbox 3055 3482 3262 3545; x_wconf 82' lang='grc' dir='ltr'>πάντας</span> <span class='ocrx_word' id='word_1_565' title='bbox 3289 3482 3573 3555; x_wconf 70' lang='grc' dir='ltr'>ἐπιθυμεῖν</span> <span class='ocrx_word' id='word_1_566' title='bbox 3613 3485 3709 3537; x_wconf 80' lang='grc' dir='ltr'>αύ-</span> 
     </span>
    </p>
   </div>
   <div class='ocr_carea' id='block_1_81' title="bbox 2140 3570 3708 3644">
    <p class='ocr_par' dir='ltr' id='par_1_81' title="bbox 2140 3570 3708 3644">
     <span class='ocr_line' id='line_1_81' title="bbox 2140 3570 3708 3644; baseline 0.003 -20"><span class='ocrx_word' id='word_1_567' title='bbox 2140 3570 2230 3626; x_wconf 88' lang='grc' dir='ltr'><strong>τδν</strong></span> <span class='ocrx_word' id='word_1_568' title='bbox 2268 3572 2395 3626; x_wconf 90' lang='grc' dir='ltr'>ἰδεῖν</span> <span class='ocrx_word' id='word_1_569' title='bbox 2425 3572 2761 3643; x_wconf 83' lang='grc' dir='ltr'>ἀπήγγελλεν</span> <span class='ocrx_word' id='word_1_570' title='bbox 2782 3573 2855 3607; x_wconf 80' lang='grc'><strong>³⁵·</strong></span> <span class='ocrx_word' id='word_1_571' title='bbox 2888 3574 3062 3637; x_wconf 87' lang='grc' dir='ltr'>ἐνίους</span> <span class='ocrx_word' id='word_1_572' title='bbox 3091 3573 3147 3625; x_wconf 80' lang='grc' dir='ltr'>δὲ</span> <span class='ocrx_word' id='word_1_573' title='bbox 3172 3576 3265 3627; x_wconf 79' lang='grc' dir='ltr'><strong>καὶ</strong></span> <span class='ocrx_word' id='word_1_574' title='bbox 3286 3573 3708 3644; x_wconf 82' lang='grc' dir='ltr'>χαλεπαίνοντας</span> 
     </span>
    </p>
   </div>
   <div class='ocr_carea' id='block_1_82' title="bbox 2140 3662 3705 3736">
    <p class='ocr_par' dir='ltr' id='par_1_82' title="bbox 2140 3662 3705 3736">
     <span class='ocr_line' id='line_1_82' title="bbox 2140 3662 3705 3736; baseline 0.001 -21"><span class='ocrx_word' id='word_1_575' title='bbox 2140 3663 2288 3734; x_wconf 81' lang='grc' dir='ltr'>αὐτῷ</span> <span class='ocrx_word' id='word_1_576' title='bbox 2312 3663 2387 3726; x_wconf 81' lang='grc' dir='ltr'>ὡς</span> <span class='ocrx_word' id='word_1_577' title='bbox 2425 3664 2627 3735; x_wconf 88' lang='grc' dir='ltr'>Σίμωνι</span> <span class='ocrx_word' id='word_1_578' title='bbox 2666 3662 2753 3716; x_wconf 83' lang='grc' dir='ltr'>διὰ</span> <span class='ocrx_word' id='word_1_579' title='bbox 2788 3665 2887 3736; x_wconf 84' lang='grc' dir='ltr'><strong>τὴν</strong></span> <span class='ocrx_word' id='word_1_580' title='bbox 2919 3663 3055 3736; x_wconf 77' lang='grc' dir='ltr'>πρὸς</span> <span class='ocrx_word' id='word_1_581' title='bbox 3095 3665 3296 3735; x_wconf 81' lang='grc' dir='ltr'>Πέτρον</span> <span class='ocrx_word' id='word_1_582' title='bbox 3340 3665 3705 3736; x_wconf 81' lang='grc' dir='ltr'>ὑπερϐάλλου-</span> 
     </span>
    </p>
   </div>
   <div class='ocr_carea' id='block_1_83' title="bbox 2142 3746 3705 3827">
    <p class='ocr_par' dir='ltr' id='par_1_83' title="bbox 2142 3746 3705 3827">
     <span class='ocr_line' id='line_1_83' title="bbox 2142 3746 3705 3827; baseline 0.001 -19"><span class='ocrx_word' id='word_1_583' title='bbox 2142 3771 2241 3808; x_wconf 87' lang='grc' dir='ltr'><strong>σαν</strong></span> <span class='ocrx_word' id='word_1_584' title='bbox 2266 3754 2431 3827; x_wconf 59' lang='grc' dir='ltr'><strong>ἀιθ</strong></span> <span class='ocrx_word' id='word_1_585' title='bbox 2473 3754 2703 3827; x_wconf 74' lang='grc' dir='ltr'>στοργήν</span> <span class='ocrx_word' id='word_1_586' title='bbox 2744 3756 2838 3808; x_wconf 79' lang='grc' dir='ltr'><strong>καὶ</strong></span> <span class='ocrx_word' id='word_1_587' title='bbox 2878 3746 3063 3826; x_wconf 87' lang='grc' dir='ltr'>χεῖρας</span> <span class='ocrx_word' id='word_1_588' title='bbox 3098 3754 3268 3808; x_wconf 82' lang='grc' dir='ltr'>θέλειν</span> <span class='ocrx_word' id='word_1_589' title='bbox 3310 3755 3584 3809; x_wconf 74' lang='grc' dir='ltr'>ἐπιϐαλεῖν</span> <span class='ocrx_word' id='word_1_590' title='bbox 3627 3756 3705 3827; x_wconf 85' lang='grc' dir='ltr'>τῷ</span> 
     </span>
    </p>
   </div>
   <div class='ocr_carea' id='block_1_84' title="bbox 2138 3832 3700 3919">
    <p class='ocr_par' dir='ltr' id='par_1_84' title="bbox 2138 3832 3700 3919">
     <span class='ocr_line' id='line_1_84' title="bbox 2138 3832 3700 3919; baseline 0.001 -19"><span class='ocrx_word' id='word_1_591' title='bbox 2138 3832 2365 3917; x_wconf 82' lang='grc' dir='ltr'>Φαύστῳ</span> <span class='ocrx_word' id='word_1_592' title='bbox 2400 3833 2483 3910; x_wconf 53' lang='grc' dir='ltr'><strong>’ὼς</strong></span> <span class='ocrx_word' id='word_1_593' title='bbox 2514 3846 2734 3919; x_wconf 88' lang='grc' dir='ltr'>Σίμωνι.</span> <span class='ocrx_word' id='word_1_594' title='bbox 2774 3847 2864 3900; x_wconf 80' lang='grc' dir='ltr'>Διὸ</span> <span class='ocrx_word' id='word_1_595' title='bbox 2896 3851 3090 3919; x_wconf 88' lang='grc' dir='ltr'>μήπως</span> <span class='ocrx_word' id='word_1_596' title='bbox 3124 3846 3380 3917; x_wconf 78' lang='grc' dir='ltr'>ἀναιρεθῇ</span> <span class='ocrx_word' id='word_1_597' title='bbox 3406 3846 3700 3911; x_wconf 84' lang='grc' dir='ltr'>δεδοικότα,</span> 
     </span>
    </p>
   </div>
   <div class='ocr_carea' id='block_1_85' title="bbox 2139 3937 3701 4010">
    <p class='ocr_par' dir='ltr' id='par_1_85' title="bbox 2139 3937 3701 4010">
     <span class='ocr_line' id='line_1_85' title="bbox 2139 3937 3701 4010; baseline 0.001 -19"><span class='ocrx_word' id='word_1_598' title='bbox 2139 3939 2367 4010; x_wconf 76' lang='grc' dir='ltr'>ἐξαυτῆς</span> <span class='ocrx_word' id='word_1_599' title='bbox 2410 3937 2584 3991; x_wconf 75' lang='grc' dir='ltr'>ἐλθεῖν</span> <span class='ocrx_word' id='word_1_600' title='bbox 2628 3938 2919 4010; x_wconf 72' lang='grc' dir='ltr'>πέμψαντα</span> <span class='ocrx_word' id='word_1_601' title='bbox 2960 3938 3143 4005; x_wconf 78' lang='grc' dir='ltr'>ἀξιοῦν</span> <span class='ocrx_word' id='word_1_602' title='bbox 3175 3938 3265 3991; x_wconf 86' lang='grc' dir='ltr'><strong>τὸν</strong></span> <span class='ocrx_word' id='word_1_603' title='bbox 3296 3938 3519 4009; x_wconf 86' lang='grc' dir='ltr'>Πέτρον,</span> <span class='ocrx_word' id='word_1_604' title='bbox 3554 3940 3701 4003; x_wconf 85' lang='grc' dir='ltr'>ὅπως</span> 
     </span>
    </p>
   </div>
   <div class='ocr_carea' id='block_1_86' title="bbox 2138 4026 3699 4101">
    <p class='ocr_par' dir='ltr' id='par_1_86' title="bbox 2138 4026 3699 4101">
     <span class='ocr_line' id='line_1_86' title="bbox 2138 4026 3699 4101; baseline -0.001 -19"><span class='ocrx_word' id='word_1_605' title='bbox 2138 4029 2299 4091; x_wconf 84' lang='grc' dir='ltr'>αὐτὸν</span> <span class='ocrx_word' id='word_1_606' title='bbox 2332 4029 2507 4095; x_wconf 76' lang='grc' dir='ltr'>ζῶντα</span> <span class='ocrx_word' id='word_1_607' title='bbox 2546 4029 2939 4101; x_wconf 77' lang='grc' dir='ltr'>ἐπικαταλάόῃ,</span> <span class='ocrx_word' id='word_1_608' title='bbox 2974 4031 3066 4082; x_wconf 70' lang='grc' dir='ltr'><strong>καὶ</strong></span> <span class='ocrx_word' id='word_1_609' title='bbox 3100 4031 3166 4100; x_wconf 82' lang='grc' dir='ltr'>τῇ</span> <span class='ocrx_word' id='word_1_610' title='bbox 3194 4028 3342 4082; x_wconf 80' lang='grc' dir='ltr'>πόλει</span> <span class='ocrx_word' id='word_1_611' title='bbox 3380 4026 3699 4100; x_wconf 76' lang='grc' dir='ltr'>ἀκμαζούσῃ</span> 
     </span>
    </p>
   </div>
   <div class='ocr_carea' id='block_1_87' title="bbox 2137 4121 3697 4195">
    <p class='ocr_par' dir='ltr' id='par_1_87' title="bbox 2137 4121 3697 4195">
     <span class='ocr_line' id='line_1_87' title="bbox 2137 4121 3697 4195; baseline -0.002 -19"><span class='ocrx_word' id='word_1_612' title='bbox 2137 4123 2286 4194; x_wconf 81' lang='grc' dir='ltr'>πόθῳ</span> <span class='ocrx_word' id='word_1_613' title='bbox 2311 4122 2390 4192; x_wconf 87' lang='grc' dir='ltr'>τῷ</span> <span class='ocrx_word' id='word_1_614' title='bbox 2430 4122 2565 4195; x_wconf 85' lang='grc' dir='ltr'>πρὸς</span> <span class='ocrx_word' id='word_1_615' title='bbox 2603 4123 2763 4176; x_wconf 81' lang='grc' dir='ltr'>αὐτὸν</span> <span class='ocrx_word' id='word_1_616' title='bbox 2808 4122 3075 4194; x_wconf 86' lang='grc' dir='ltr'>εὐκαίρως</span> <span class='ocrx_word' id='word_1_617' title='bbox 3114 4123 3367 4193; x_wconf 76' lang='grc' dir='ltr'>ἐπιφανῇ.</span> <span class='ocrx_word' id='word_1_618' title='bbox 3406 4121 3607 4192; x_wconf 83' lang='grc' dir='ltr'>Πέτρος</span> <span class='ocrx_word' id='word_1_619' title='bbox 3639 4121 3697 4174; x_wconf 85' lang='grc' dir='ltr'>δὲ</span> 
     </span>
    </p>
   </div>
   <div class='ocr_carea' id='block_1_88' title="bbox 2134 4213 3701 4286">
    <p class='ocr_par' dir='ltr' id='par_1_88' title="bbox 2134 4213 3701 4286">
     <span class='ocr_line' id='line_1_88' title="bbox 2134 4213 3701 4286; baseline -0.003 -17"><span class='ocrx_word' id='word_1_620' title='bbox 2134 4214 2308 4269; x_wconf 82' lang='grc' dir='ltr'>ταῦτα</span> <span class='ocrx_word' id='word_1_621' title='bbox 2339 4215 2576 4278; x_wconf 85' lang='grc' dir='ltr'>ἀκούσας</span> <span class='ocrx_word' id='word_1_622' title='bbox 2599 4216 2736 4286; x_wconf 81' lang='grc' dir='ltr'>πρὸς</span> <span class='ocrx_word' id='word_1_623' title='bbox 2772 4214 2835 4267; x_wconf 87' lang='grc' dir='ltr'><strong>τὸ</strong></span> <span class='ocrx_word' id='word_1_624' title='bbox 2864 4214 3239 4285; x_wconf 80' lang='grc' dir='ltr'>ἐκκλησιάζειν</span> <span class='ocrx_word' id='word_1_625' title='bbox 3265 4213 3544 4276; x_wconf 86' lang='grc' dir='ltr'>πλείστους</span> <span class='ocrx_word' id='word_1_626' title='bbox 3578 4228 3701 4264; x_wconf 89' lang='grc' dir='ltr'>συν-</span> 
     </span>
    </p>
   </div>
   <div class='ocr_carea' id='block_1_89' title="bbox 2134 4304 3696 4377">
    <p class='ocr_par' dir='ltr' id='par_1_89' title="bbox 2134 4304 3696 4377">
     <span class='ocr_line' id='line_1_89' title="bbox 2134 4304 3696 4377; baseline -0.003 -17"><span class='ocrx_word' id='word_1_627' title='bbox 2134 4307 2354 4377; x_wconf 87' lang='grc' dir='ltr'>αγαγὼν</span> <span class='ocrx_word' id='word_1_628' title='bbox 2377 4309 2471 4362; x_wconf 77' lang='grc' dir='ltr'><strong>καὶ</strong></span> <span class='ocrx_word' id='word_1_629' title='bbox 2497 4307 2791 4359; x_wconf 83' lang='grc' dir='ltr'>ἐπίσκοπον</span> <span class='ocrx_word' id='word_1_630' title='bbox 2806 4305 2988 4359; x_wconf 85' lang='grc' dir='ltr'>ἐκτῶν</span> <span class='ocrx_word' id='word_1_631' title='bbox 3012 4304 3314 4359; x_wconf 86' lang='grc' dir='ltr'>ἀκολούθων</span> <span class='ocrx_word' id='word_1_632' title='bbox 3335 4305 3696 4375; x_wconf 82' lang='grc' dir='ltr'>καταστήσας,</span> 
     </span>
    </p>
   </div>
   <div class='ocr_carea' id='block_1_90' title="bbox 464 4392 2043 4477">
    <p class='ocr_par' dir='ltr' id='par_1_90' title="bbox 464 4398 2025 4473">
     <span class='ocr_line' id='line_1_90' title="bbox 464 4398 2025 4473; baseline 0.006 -21"><span class='ocrx_word' id='word_1_633' title='bbox 464 4413 562 4467; x_wconf 85' lang='lat' dir='ltr'><strong>per</strong></span> <span class='ocrx_word' id='word_1_634' title='bbox 580 4408 690 4455; x_wconf 89' lang='lat' dir='ltr'><strong>tres</strong></span> <span class='ocrx_word' id='word_1_635' title='bbox 707 4398 822 4454; x_wconf 90' lang='lat' dir='ltr'><strong>dies</strong></span> <span class='ocrx_word' id='word_1_636' title='bbox 844 4400 1512 4472; x_wconf 71' lang='lat' dir='ltr'><strong>Laodiceae,haptizaverat</strong></span> <span class='ocrx_word' id='word_1_637' title='bbox 1540 4410 1702 4473; x_wconf 89' lang='lat' dir='ltr'><strong>atque</strong></span> <span class='ocrx_word' id='word_1_638' title='bbox 1718 4415 2025 4472; x_wconf 87' lang='lat' dir='ltr'><strong>sanaverat,</strong></span> 
     </span>
    </p>
   </div>
   <div class='ocr_carea' id='block_1_91' title="bbox 2142 4392 3697 4477">
    <p class='ocr_par' dir='ltr' id='par_1_91' title="bbox 2142 4392 3697 4477">
     <span class='ocr_line' id='line_1_91' title="bbox 2142 4392 3697 4477; baseline -0.005 -23"><span class='ocrx_word' id='word_1_639' title='bbox 2142 4399 2400 4477; x_wconf 72' lang='grc' dir='ltr'>βαπτίσας</span> <span class='ocrx_word' id='word_1_640' title='bbox 2422 4400 2517 4453; x_wconf 74' lang='grc' dir='ltr'><strong>καὶ</strong></span> <span class='ocrx_word' id='word_1_641' title='bbox 2563 4398 2851 4469; x_wconf 78' lang='grc' dir='ltr'>ἰασάμενος</span> <span class='ocrx_word' id='word_1_642' title='bbox 2874 4397 3096 4468; x_wconf 84' lang='grc' dir='ltr'>ἡμερῶν</span> <span class='ocrx_word' id='word_1_643' title='bbox 3121 4394 3399 4467; x_wconf 82' lang='grc' dir='ltr'>ἐπιμείνας</span> <span class='ocrx_word' id='word_1_644' title='bbox 3432 4392 3599 4466; x_wconf 83' lang='grc' dir='ltr'>τριῶν</span> <span class='ocrx_word' id='word_1_645' title='bbox 3628 4394 3697 4464; x_wconf 71' lang='grc' dir='ltr'>τῇ</span> 
     </span>
    </p>
   </div>
   <div class='ocr_carea' id='block_1_92' title="bbox 462 4489 1766 4577">
    <p class='ocr_par' dir='ltr' id='par_1_92' title="bbox 462 4489 1766 4577">
     <span class='ocr_line' id='line_1_92' title="bbox 462 4489 1766 4577; baseline 0.006 -34"><span class='ocrx_word' id='word_1_646' title='bbox 462 4489 531 4543; x_wconf 82' lang='lat' dir='ltr'><strong>ad</strong></span> <span class='ocrx_word' id='word_1_647' title='bbox 558 4490 791 4546; x_wconf 89' lang='lat' dir='ltr'><strong>vicinam</strong></span> <span class='ocrx_word' id='word_1_648' title='bbox 823 4491 1165 4555; x_wconf 79' lang='lat' dir='ltr'><strong>Antiochiam</strong></span> <span class='ocrx_word' id='word_1_649' title='bbox 1193 4509 1414 4576; x_wconf 75' lang='lat' dir='ltr'><strong>pergere</strong></span> <span class='ocrx_word' id='word_1_650' title='bbox 1438 4496 1766 4577; x_wconf 80' lang='lat' dir='ltr'><strong>properavit.</strong></span> 
     </span>
    </p>
   </div>
   <div class='ocr_carea' id='block_1_93' title="bbox 2134 4483 3697 4562">
    <p class='ocr_par' dir='ltr' id='par_1_93' title="bbox 2134 4483 3697 4562">
     <span class='ocr_line' id='line_1_93' title="bbox 2134 4483 3697 4562; baseline -0.005 -17"><span class='ocrx_word' id='word_1_651' title='bbox 2134 4492 2423 4562; x_wconf 74' lang='grc' dir='ltr'>Λαοδικείᾳ</span> <span class='ocrx_word' id='word_1_652' title='bbox 2466 4490 2559 4544; x_wconf 74' lang='grc' dir='ltr'>ἐπὶ</span> <span class='ocrx_word' id='word_1_653' title='bbox 2590 4489 2688 4561; x_wconf 85' lang='grc' dir='ltr'>τὴν</span> <span class='ocrx_word' id='word_1_654' title='bbox 2732 4488 2958 4559; x_wconf 80' lang='grc' dir='ltr'>πλησίον</span> <span class='ocrx_word' id='word_1_655' title='bbox 2996 4488 3256 4559; x_wconf 86' lang='grc' dir='ltr'>ὁρμήσειν</span> <span class='ocrx_word' id='word_1_656' title='bbox 3281 4486 3327 4518; x_wconf 81' lang='grc'><strong>³⁸</strong></span> <span class='ocrx_word' id='word_1_657' title='bbox 3376 4483 3697 4554; x_wconf 82' lang='grc' dir='ltr'>Ἀντιόχειαν</span> 
     </span>
    </p>
   </div>
   <div class='ocr_carea' id='block_1_94' title="bbox 2132 4576 2412 4636">
    <p class='ocr_par' dir='ltr' id='par_1_94' title="bbox 2132 4576 2412 4636">
     <span class='ocr_line' id='line_1_94' title="bbox 2132 4576 2412 4636; baseline 0 -1"><span class='ocrx_word' id='word_1_658' title='bbox 2132 4576 2412 4636; x_wconf 60' lang='grc' dir='ltr'>ἔσπευσενέ</span> 
     </span>
    </p>
   </div>
   <div class='ocr_carea' id='block_1_95' title="bbox 1715 4738 2389 4796">
    <p class='ocr_par' dir='ltr' id='par_1_95' title="bbox 1715 4738 2389 4796">
     <span class='ocr_line' id='line_1_95' title="bbox 1715 4738 2389 4796; baseline -0.001 -1"><span class='ocrx_word' id='word_1_659' title='bbox 1715 4739 1949 4795; x_wconf 79' lang='lat' dir='ltr'><strong>VARle</strong></span> <span class='ocrx_word' id='word_1_660' title='bbox 1987 4738 2389 4796; x_wconf 85' lang='lat' dir='ltr'><strong>LECTIONES.</strong></span> 
     </span>
    </p>
   </div>
   <div class='ocr_carea' id='block_1_96' title="bbox 539 4852 2221 4933">
    <p class='ocr_par' dir='ltr' id='par_1_96' title="bbox 539 4852 2221 4933">
     <span class='ocr_line' id='line_1_96' title="bbox 539 4852 2221 4933; baseline 0.006 -29"><span class='ocrx_word' id='word_1_661' title='bbox 539 4855 582 4884; x_wconf 71' lang='grc' dir='ltr'>δ’</span> <span class='ocrx_word' id='word_1_662' title='bbox 615 4852 771 4933; x_wconf 62' lang='grc' dir='ltr'>δοξαν</span> <span class='ocrx_word' id='word_1_663' title='bbox 875 4855 1018 4933; x_wconf 79' lang='lat' dir='ltr'><strong>,_qui</strong></span> <span class='ocrx_word' id='word_1_664' title='bbox 1049 4856 1454 4933; x_wconf 45' lang='lat' dir='ltr'><strong>dgitldeﬁimbv</strong></span> <span class='ocrx_word' id='word_1_665' title='bbox 1486 4860 1815 4933; x_wconf 58' lang='grc' dir='ltr'><strong>[λείποντι.⁸</strong></span> <span class='ocrx_word' id='word_1_666' title='bbox 1874 4861 1918 4896; x_wconf 87' lang='grc'><strong>³³</strong></span> <span class='ocrx_word' id='word_1_667' title='bbox 1961 4860 2221 4933; x_wconf 24' lang='grc' dir='ltr'><strong>ήμῶνηο.</strong></span> 
     </span>
    </p>
   </div>
   <div class='ocr_carea' id='block_1_97' title="bbox 2332 4852 3691 4931">
    <p class='ocr_par' dir='ltr' id='par_1_97' title="bbox 2332 4852 3691 4931">
     <span class='ocr_line' id='line_1_97' title="bbox 2332 4852 3691 4931; baseline -0.004 -16"><span class='ocrx_word' id='word_1_668' title='bbox 2332 4860 2380 4891; x_wconf 61' lang='grc'><strong>³³</strong></span> <span class='ocrx_word' id='word_1_669' title='bbox 2412 4860 2655 4931; x_wconf 86' lang='grc' dir='ltr'>ἀγγέλων</span> <span class='ocrx_word' id='word_1_670' title='bbox 2680 4862 2740 4931; x_wconf 79' lang='grc' dir='ltr'><strong>Ο.</strong></span> <span class='ocrx_word' id='word_1_671' title='bbox 2820 4862 2865 4893; x_wconf 80' lang='grc'><strong>³⁸</strong></span> <span class='ocrx_word' id='word_1_672' title='bbox 2890 4858 3290 4931; x_wconf 41' lang='grc' dir='ltr'>ἀπήγγελλο-Θ,</span> <span class='ocrx_word' id='word_1_673' title='bbox 3353 4856 3412 4931; x_wconf 41' lang='grc'><strong>-³⁶</strong></span> <span class='ocrx_word' id='word_1_674' title='bbox 3437 4852 3691 4931; x_wconf 47' lang='lat' dir='ltr'><strong>Fortasse</strong></span> 
     </span>
    </p>
   </div>
   <div class='ocr_carea' id='block_1_98' title="bbox 472 4923 3687 5002">
    <p class='ocr_par' dir='ltr' id='par_1_98' title="bbox 472 4923 3687 5002">
     <span class='ocr_line' id='line_1_98' title="bbox 472 4923 3687 5002; baseline 0 -27"><span class='ocrx_word' id='word_1_675' title='bbox 472 4923 759 4990; x_wconf 83' lang='lat' dir='ltr'><strong>legendum</strong></span> <span class='ocrx_word' id='word_1_676' title='bbox 798 4923 1054 4996; x_wconf 79' lang='grc' dir='ltr'>ὁρμῆσαι.</span> <span class='ocrx_word' id='word_1_677' title='bbox 1090 4925 1220 4983; x_wconf 83' lang='lat' dir='ltr'><strong>Post</strong></span> <span class='ocrx_word' id='word_1_678' title='bbox 1252 4923 1515 5002; x_wconf 76' lang='grc' dir='ltr'>ἔσπευσεν</span> <span class='ocrx_word' id='word_1_679' title='bbox 1549 4930 1601 4984; x_wconf 91' lang='lat' dir='ltr'><strong>in</strong></span> <span class='ocrx_word' id='word_1_680' title='bbox 1628 4931 1750 5002; x_wconf 87' lang='lat' dir='ltr'><strong>cod.</strong></span> <span class='ocrx_word' id='word_1_681' title='bbox 1781 4929 1827 4986; x_wconf 93' lang='grc' dir='ltr'>Ο</span> <span class='ocrx_word' id='word_1_682' title='bbox 1865 4923 2087 5002; x_wconf 76' lang='lat' dir='ltr'><strong>puncto</strong></span> <span class='ocrx_word' id='word_1_683' title='bbox 2111 4923 2471 5002; x_wconf 73' lang='lat' dir='ltr'><strong>distinguitur</strong></span> <span class='ocrx_word' id='word_1_684' title='bbox 2497 4923 2905 5002; x_wconf 57' lang='lat' dir='ltr'><strong>&#39;apponiturque</strong></span> <span class='ocrx_word' id='word_1_685' title='bbox 3188 4926 3310 5002; x_wconf 83' lang='lat' dir='ltr'><strong>Quo</strong></span> <span class='ocrx_word' id='word_1_686' title='bbox 3336 4924 3687 5002; x_wconf 66' lang='lat' dir='ltr'><strong>intelligitur,</strong></span> 
     </span>
    </p>
   </div>
   <div class='ocr_carea' id='block_1_99' title="bbox 470 4997 3686 5074">
    <p class='ocr_par' dir='ltr' id='par_1_99' title="bbox 470 4997 3686 5074">
     <span class='ocr_line' id='line_1_99' title="bbox 470 4997 3686 5074; baseline 0.001 -28"><span class='ocrx_word' id='word_1_687' title='bbox 470 5008 861 5074; x_wconf 64' lang='lat' dir='ltr'><strong>amanuensein</strong></span> <span class='ocrx_word' id='word_1_688' title='bbox 902 5010 1039 5065; x_wconf 89' lang='lat' dir='ltr'><strong>opus</strong></span> <span class='ocrx_word' id='word_1_689' title='bbox 1066 5013 1224 5074; x_wconf 74' lang='lat' dir='ltr'><strong>suum</strong></span> <span class='ocrx_word' id='word_1_690' title='bbox 1276 5000 1553 5069; x_wconf 84' lang='lat' dir='ltr'><strong>putavisse</strong></span> <span class='ocrx_word' id='word_1_691' title='bbox 1576 5001 1796 5057; x_wconf 88' lang='lat' dir='ltr'><strong>omnino</strong></span> <span class='ocrx_word' id='word_1_692' title='bbox 1826 4997 2163 5070; x_wconf 74' lang='lat' dir='ltr'><strong>absolutum,</strong></span> <span class='ocrx_word' id='word_1_693' title='bbox 2190 4997 2441 5074; x_wconf 66' lang='lat' dir='ltr'><strong>quamvis</strong></span> <span class='ocrx_word' id='word_1_694' title='bbox 2468 4997 2626 5069; x_wconf 73' lang='lat' dir='ltr'><strong>vetus</strong></span> <span class='ocrx_word' id='word_1_695' title='bbox 2655 4997 2834 5057; x_wconf 81' lang='lat' dir='ltr'><strong>Ruﬁni</strong></span> <span class='ocrx_word' id='word_1_696' title='bbox 2867 4997 3504 5069; x_wconf 35' lang='lat' dir='ltr'><strong>versio’Recognitionum</strong></span> <span class='ocrx_word' id='word_1_697' title='bbox 3526 5009 3686 5063; x_wconf 75' lang='lat' dir='ltr'><strong>enar-</strong></span> 
     </span>
    </p>
   </div>
   <div class='ocr_carea' id='block_1_100' title="bbox 463 5063 1309 5140">
    <p class='ocr_par' dir='ltr' id='par_1_100' title="bbox 463 5063 1309 5140">
     <span class='ocr_line' id='line_1_100' title="bbox 463 5063 1309 5140; baseline 0.009 -24"><span class='ocrx_word' id='word_1_698' title='bbox 463 5063 633 5125; x_wconf 78' lang='lat' dir='ltr'><strong>raudo</strong></span> <span class='ocrx_word' id='word_1_699' title='bbox 666 5063 892 5123; x_wconf 88' lang='lat' dir='ltr'><strong>ulterius</strong></span> <span class='ocrx_word' id='word_1_700' title='bbox 914 5063 1309 5140; x_wconf 71' lang='lat' dir='ltr'><strong>progrediatur.</strong></span> 
     </span>
    </p>
   </div>
  </div>
