4048 6146
385 205 478 260 m
1186 208 1242 265 s.
1282 209 1674 268 CLEMEN'I‘IS
1719 213 1740 266 ι
1780 213 1946 270 non.
1991 215 2191 271 PONT.
2235 216 2462 272 OPERA
2501 205 2732 278 ouem;

3552 223 3656 282 472

383 316 572 374 animo
606 318 972 390 percepissem
1005 321 1417 391 cogitationem,
1451 340 1574 394 qua:
1605 327 1792 381 nescio
1821 327 1958 380 unde

2067 325 2184 385 οἴδα
2205 330 2368 386 πόθεν
2387 333 2767 388 ἐπεισελθόντα
2796 352 2908 407 μοι,
2925 337 3022 390 καὶ
3045 353 3110 390 πε
3118 335 3174 408 pl
3192 335 3422 390 θανάτου
3446 337 3656 403 πυκνὰς

386 407 443 464 in
491 426 582 467 me
608 411 933 482 irrepserat,
961 412 1293 486 crebrasque
1327 416 1459 470 mihi
1492 416 1558 470 de
1597 425 1773 471 morte
1811 431 1931 473 com
1955 449 1967 459 -

387 501 749 556 mentationes
773 501 1038 572 pariebat,
1062 517 1188 558 cum
1216 503 1498 562 laboribus
1519 515 1574 562 ct
1601 508 1968 565 anxietatibus

385 592 656 648 vivebam.
703 592 1039 664 Reputabam
1095 597 1241 652 enim
1309 615 1479 667 num,
1538 616 1662 671 cum
1715 612 1968 660 mortuus

387 685 564 751 fuero,
602 702 710 741 non
749 703 865 753 ero,
915 689 1210 760 nullusque
1257 692 1360 746 erit
1415 709 1657 763 unquam
1709 696 1804 764 qui
1859 696 1968 750 mei

386 775 715 830 mentionem
749 776 935 844 faciat,
974 791 1219 850 tempore
1271 781 1532 836 nimirum
1590 793 1785 839 cuncta
1825 785 1966 840 obli—

383 868 532 924 vioni
563 869 851 925 tradente?
879 871 1019 926 Cum
1045 884 1223 928 autem
1255 890 1362 930 nou
1397 874 1574 942 fuero,
1598 891 1665 932 an
1691 877 1963 947 quodam-

384 960 550 1016 modo
577 960 796 1017 futurus
827 979 974 1031 sum,
1003 980 1100 1020 eos
1132 966 1227 1035 qui
1270 983 1378 1021 non
1423 978 1552 1023 sunt
1581 984 1959 1038 cognoscens;

383 1071 486 1111 nec
516 1072 881 1124 cognoscens,
914 1072 1014 1112 nec
1048 1057 1336 1128 cognitus;
1373 1059 1579 1129 quique
1602 1075 1708 1114 non
1740 1060 1957 1127 fuerim,

381 1163 492 1202 non
540 1147 684 1202 sim?
731 1147 796 1202 Et
839 1148 1208 1218 aliquandone
1245 1148 1422 1206 factus
1476 1152 1548 1206 sit
1579 1153 1851 1219 mundus;
1908 1165 1962 1210 et

2072 421 2394 492 ποιούμενον
2437 425 2792 497 ὑπομνήσεις,
2823 428 3008 491 πόνοις
3049 426 3112 480 τὸ
3158 428 3344 482 λοιπὸν
3379 429 3476 482 καὶ
3524 430 3655 484 ἁθυρ

2073 514 2228 584 μίαις
2257 512 2514 590 συνέζων.
2538 511 2686 588 Ἀρα
2713 517 2842 590 γὰρ,
2887 516 3232 592 ἐλογιζόμην,
3255 521 3340 574 ὅτι
3360 519 3536 576 θανὼν
3558 522 3656 577 οὐκ

2071 606 2214 674 εἰμες
2247 605 2341 659 καὶ
2362 605 2538 670 οὐδεὶς
2572 606 2725 661 ἔσται
2754 625 2853 680 μου
2879 611 3010 664 ποτὲ
3057 613 3277 684 μνήμην
3312 612 3655 685 ποιούμενος,

2068 695 2162 748 τοῦ
2201 696 2393 768 χρόνου
2427 698 2604 752 πάντα
2631 702 2697 772 τῇ
2733 699 2871 774 λήθῃ
2907 701 3322 773 παραδιδόντος;
3348 699 3456 776 ἆρα
3493 705 3551 760 δὲ
3581 706 3654 777 μὴ

2068 785 2164 851 ὢν,
2189 787 2314 869 ετῶς
2339 787 2749 860 ἔσομαιιοδτοὺς
2776 793 2874 847 οὐκ
2902 793 3063 858 ὄντας
3076 794 3326 859 εἰδὼς,ού
3348 796 3654 864 γινώσκων,

2063 879 2122 932 ού
2146 880 2568 952 γινωσκόμενος,
2593 884 2654 936 ού
2673 884 2932 954 γεγονὼς,
2962 887 3023 940 ού
3045 886 3328 959 γινόμενος
3355 907 3369 956 ;
3395 888 3505 942 Kal.
3545 885 3658 968 ἆρά

2060 988 2189 1024 ποτε
2214 973 2232 1003 ⁷
2258 971 2479 1042 γέγονεν
2505 976 2534 1028 ὁ
2561 976 2783 1047 κόσμος,
2817 978 2912 1032 καὶ
2935 978 3042 1051 πρὸ
3063 979 3156 1033 τοῦ
3182 980 3436 1050 γενέσθαι
3466 981 3520 1034 τί
3547 983 3660 1053 ἄρα

2059 1063 2155 1116 καὶ
2189 1058 2258 1134 ἦν
2283 1079 2299 1129 ;
2329 1065 2393 1118 Εἰ
2426 1064 2536 1138 γὰρ
2558 1062 2626 1138 ἦν
2661 1068 2769 1132 ἀεὶ,
2796 1068 2893 1131 καὶ
2930 1069 3105 1123 ἔσται’
3129 1072 3178 1123 εί
3217 1071 3275 1124 δὲ
3298 1071 3490 1140 γέγονε
3512 1110 3529 1136 ,
3562 1074 3658 1125 καὶ

2058 1152 2354 1226 λυθήσεται
2372 1157 2612 1223 πάντως·
2631 1160 2724 1213 καὶ
2748 1160 2886 1231 μετὰ
2907 1160 3060 1218 λύσιν
3083 1158 3259 1233 ἆρατί
3279 1162 3432 1218 ἔσται
3457 1163 3654 1230 πάλιν;

381 1249 508 1295 ante
543 1257 707 1310 quam
755 1243 925 1308 lieret,
971 1242 1235 1312 quidnam
1284 1246 1441 1297 erat?
1486 1241 1622 1299 Nam
1663 1244 1708 1299 si
1743 1260 1958 1315 semper

2060 1244 2086 1297 ὃ
2108 1245 2202 1302 νῦν
2231 1247 2489 1310 ἀδύνατόν
2519 1267 2610 1322 μοι
2631 1252 2840 1322 νοῆσαι.

381 1333 521 1397 fuit,
569 1350 784 1405 semper
837 1337 1001 1391 etiam
1072 1338 1175 1392 erit
1212 1356 1224 1392 :
1272 1338 1355 1392 sin
1403 1355 1532 1394 vero
1561 1349 1745 1396 ortum
1793 1339 2000 1404 habet,
2039 1342 2266 1397 omnino
2325 1345 2489 1410 etiam
2536 1345 2903 1403 dissolvetur:
2949 1357 3004 1404 et
3050 1351 3190 1419 ‘post
3235 1349 3654 1406 dissolutionem

379 1429 644 1500 quidnam
675 1431 779 1486 erit
815 1431 1051 1486 iterum?
1093 1433 1238 1502 quod
1288 1449 1435 1489 nunc
1459 1489 1464 1495 .
1487 1434 1826 1505 impossibile
1855 1433 1987 1488 mihi
2029 1442 2114 1490 est
2141 1447 2326 1494 mente
2353 1439 2662 1510 concipere.

451 1544 514 1599 ll.
551 1543 676 1601 llan
720 1554 884 1615 atque
932 1545 1020 1602 his
1065 1546 1288 1613 similia,
1322 1547 1506 1602 nescio
1548 1548 1713 1614 unde,
1746 1547 1958 1602 indesi-

2133 1549 2197 1606 ll.
2235 1553 2420 1607 Ταῦτά
2440 1571 2500 1608 τε
2527 1557 2620 1610 καὶ
2657 1557 2726 1612 τὰ
2750 1557 2961 1622 τούτοις
2985 1558 3168 1630 ὃμοια,
3201 1559 3301 1614 οὐκ
3321 1555 3440 1614 οῐδα
3466 1559 3655 1625 πόθεν,

377 1646 574 1692 neuter
615 1637 799 1692 animo
830 1638 1117 1704 volutans,
1162 1647 1425 1708 perpetuo
1468 1654 1685 1708 semper
1721 1653 1960 1697 maerore

378 1726 682 1794 alliciebar,
715 1728 767 1780 in
806 1736 1020 1783 tantum
1053 1739 1111 1784 ut
1159 1729 1416 1798 pallerem
1467 1745 1534 1784 ac
1568 1731 1908 1785 tabescerent
1944 1749 1956 1785 :

377 1829 430 1874 et
455 1819 600 1889 quod
628 1819 1018 1890 gravissimum
1044 1831 1183 1886 erat,
1215 1821 1262 1880 si
1294 1821 1520 1898 quando
1551 1821 1748 1878 harum
1771 1838 1959 1877 rerum

379 1909 807 1966 sollicitudinem
845 1911 1084 1981 abjicere
1119 1920 1376 1982 tanquam
1411 1927 1611 1966 vanam
1635 1915 1959 1984 cogitarem,

375 2005 760 2061 vehementius
791 2005 966 2059 multo
1009 2020 1096 2060 me
1126 2007 1408 2076 premebat
1452 2003 1678 2067 affectus
1705 2025 1718 2060 :
1749 2016 1804 2062 et
1837 2022 1958 2063 eam

377 2113 492 2154 rem
530 2097 758 2152 moleste
782 2095 1042 2151 ferebam
1065 2137 1080 2162 ,
1122 2097 1374 2152 nesciens
1407 2098 1556 2168 quod
1594 2098 1960 2154 contuberna-

376 2191 482 2246 lem
509 2190 765 2244 haberem
796 2188 1114 2258 praeclaram
1143 2189 1554 2258 cogitationem,
1575 2206 1698 2263 qua:
1728 2190 1960 2246 immor-

377 2285 606 2340 talitatis
639 2285 774 2340 mihi
824 2299 992 2340 causa
1044 2282 1294 2350 exstitit,
1338 2292 1400 2344 ut
1445 2296 1635 2355 postea
1672 2300 1740 2340 ex
1775 2301 1959 2344 rerum

371 2379 521 2434 exitu
553 2378 796 2448 agnovi,
837 2386 892 2432 et
935 2376 1046 2432 Deo
1079 2387 1404 2431 cunctorum
1457 2375 1702 2436 eﬁectori
1754 2378 1959 2447 gratias

373 2475 482 2545 egi.
515 2472 654 2529 Cum
680 2473 829 2529 enim
870 2473 938 2533 ab
982 2472 1140 2528 initio
1173 2488 1260 2526 me
1297 2471 1388 2531 illa
1415 2471 1674 2542 cogitatio
1699 2480 1957 2540 vexaret,

374 2564 445 2619 ad
490 2579 676 2620 rerum
725 2563 1142 2634 inquisitionem
1188 2563 1376 2617 venire
1423 2573 1654 2621 coactus
1699 2576 1867 2621 sum:
1903 2572 1960 2618 et

372 2672 515 2728 quos
540 2657 810 2728 principio
833 2670 929 2726 per
956 2655 1322 2725 ignorantiam
1357 2655 1546 2710 beatos
1568 2654 1954 2724 praedicabant,

371 2759 562 2821 postea
596 2749 766 2803 veluti
790 2748 1022 2802 miseros
1056 2762 1164 2802 non
1192 2747 1402 2803 cessavi
1429 2746 1634 2815 lugere.

444 2839 534 2897 ιιι.
575 2840 745 2910 Igitur
787 2856 912 2896 cum
963 2857 994 2894 a
1038 2855 1210 2910 puero
1241 2840 1296 2893 in
1348 2839 1666 2909 hujusmodi
1707 2854 1957 2900 versarer

373 2930 944 2996 considerationibus,
975 2929 1043 2988 ad
1099 2928 1549 2998 philosophorum
1593 2927 1955 2984 adventabam

372 3025 612 3091 scholas,
642 3032 702 3079 ut
740 3023 864 3078 inde
902 3020 1107 3092 aliquid
1131 3020 1262 3077 certi
1291 3020 1558 3080 discerem
1587 3038 1602 3073 :
1637 3020 1731 3076 sed
1769 3029 1824 3075 et
1853 3021 1954 3087 sic,

371 3117 513 3172 nihil
539 3117 686 3172 aliud
719 3116 789 3171 ab
819 3115 900 3171 eis
929 3115 1175 3172 studiose
1207 3113 1315 3168 coli
1349 3113 1626 3180 videbam,
1657 3127 1822 3184 quam
1853 3112 1954 3168 do-

371 3218 618 3282 gmatum
649 3207 1052 3265 destructiones
1082 3218 1137 3262 et
1179 3205 1584 3261 adstructiones
1606 3244 1622 3270 ,
1651 3205 2002 3261 contentio».

371 3315 578 3371 nesque
599 3342 615 3366 ,
644 3310 699 3354 et
728 3299 1173 3372 syllogismorum
1219 3296 1452 3352 artificia
1474 3337 1490 3363 ,
1530 3297 1773 3367 itemque
1803 3311 1958 3352 sum-

369 3394 619 3465 ptionum
648 3392 1082 3462 excogitationes
1113 3408 1128 3444 :
1157 3397 1210 3445 et
1234 3389 1531 3462 aliquando
1571 3388 1792 3458 quidem
1819 3404 1958 3463 prm-

367 3489 605 3552 valebat,
639 3486 790 3541 verbi
817 3487 1028 3557 gratia,
1064 3483 1212 3553 quod
1248 3483 1432 3538 anima
1470 3480 1798 3536 immortalis
1842 3481 1954 3549 sit;

371 3579 672 3651 aliquando
703 3592 854 3643 vero,
885 3575 1036 3646 quod
1063 3574 1333 3636 mortalis.
1372 3571 1438 3629 Et
1467 3573 1690 3644 quidem
1728 3573 1956 3644 quando

368 3689 432 3729 ea
458 3673 667 3744 opinio,
694 3687 816 3741 qua:
847 3671 1090 3724 animum
1122 3668 1251 3726 facit
1280 3665 1668 3732 immortalem,
1702 3665 1954 3737 superior

368 3776 508 3832 erat,
541 3766 848 3837 gaudebam
877 3781 892 3819 :
925 3763 1146 3834 quando
1177 3769 1360 3815 autem
1400 3775 1486 3826 ea,
1509 3775 1632 3830 quae
1664 3760 1953 3815 mortalem

367 3869 825 3919 cettset,.muarore
837 3852 1108 3910 aﬂiciebar
1127 3870 1139 3906 :
1165 3865 1496 3920 rursumque
1513 3849 1689 3919 magis
1703 3850 1953 3906 animum

367 3947 775 4018 despondebam
795 3984 811 4010 ,
844 3944 993 4014 quod
1019 3958 1120 3998 nec
1157 3942 1446 4012 utriusque
1482 3942 1654 4012 partis
1677 3943 1952 4013 quispiam

365 4047 605 4093 mentem
638 4051 814 4090 meam
841 4043 1058 4105 poterat
1087 4033 1456 4089 conﬁrmare:
1497 4042 1712 4089 tantum
1745 4033 1952 4098 intelli-

367 4129 561 4200 gebam
580 4125 880 4182 sententias
927 4124 1450 4189 controversiarum,
1470 4140 1568 4196 pro
1592 4125 1806 4182 viribus
1826 4141 1954 4196 pro-

365 4229 736 4291 pugnatorum
763 4258 783 4284 ,
820 4216 907 4276 vel
955 4215 1160 4283 falsas,
1187 4215 1272 4271 vel
1314 4230 1472 4271 veras
1510 4214 1792 4285 judicari,
1840 4231 1950 4271 non

369 4279 497 4369 vero
527 4321 692 4381 prout
722 4309 854 4380 ipsae
901 4323 961 4366 se
1012 4307 1214 4363 habent
1242 4307 1296 4362 in
1325 4308 1523 4378 seipsis
1551 4322 1764 4374 revera,
1793 4323 1946 4369 com-
1982 4279 2026 4334 θ

367 4403 631 4474 prehendi
666 4421 699 4457 ιδ
730 4409 951 4473 propter
1009 4399 1156 4471 quod
1209 4399 1334 4469 plus
1387 4399 1570 4454 adhuc
1620 4400 1675 4454 in
1726 4410 1948 4472 negotio

366 4496 667 4554 :cstuabam
699 4494 1074 4559 dubitatione,
1117 4508 1180 4548 ac
1206 4507 1274 4548 ex
1321 4492 1516 4548 anima:
1554 4492 1827 4563 profundo
1857 4510 1950 4565 ge-

2062 1644 2356 1712 άπαύστως
2388 1648 2876 1721 διενθυμούμενος,
2919 1652 3198 1711 ἄπαυστον
3237 1648 3382 1723 εἶχον
3436 1653 3522 1706 ἀεὶ
3551 1653 3656 1725 τὴν

2061 1733 2268 1807 λύπην,
2295 1737 2392 1792 καὶ
2442 1739 2697 1794 τοσοῦτον
2717 1782 2732 1808 ,
2760 1741 2837 1805 ὼς
2893 1741 3212 1814 ὼχριακότα
3255 1759 3322 1814 με
3353 1742 3652 1814 τήκεσθαι*

2061 1830 2156 1884 καὶ
2190 1829 2252 1882 τὸ
2293 1829 2629 1897 δεινότατον,
2660 1831 2844 1896 εἴποτε
2886 1835 2983 1888 καὶ
3030 1833 3359 1899 ἀπώσασθαι
3383 1819 3484 1908 τὴν
3525 1837 3656 1908 περὶ

2059 1920 2268 1976 τούτων
2295 1923 2584 1994 φροντίδα,
2613 1925 2690 1988 ὡς
2725 1925 2989 1996 ματαίαν,
3016 1925 3380 1998 ἐλογισάμην,
3419 1927 3655 1999 ἀκμαιόη

2059 2013 2215 2085 τερόν
2244 2031 2336 2085 μοι
2363 2014 2564 2086 μᾶλλον
2595 2014 2656 2070 τὺ
2679 2015 2850 2082 πάθος
2869 2017 3104 2087 ἐγίνετοο-
3139 2019 3234 2073 καὶ
3275 2017 3524 2089 ἠχθόμην
3555 2018 3652 2072 ἐπὶ

2059 2105 2255 2178 τούτῳ,
2291 2109 2393 2162 οὐκ
2425 2106 2579 2172 εἰδὼς
2599 2107 2846 2164 σύνοικον
2881 2109 3053 2182 καλὴν
3082 2109 3222 2182 ἔχων
3250 2109 3483 2175 ἔννοιαν,
3513 2109 3652 2164 ἀθα-

2058 2198 2252 2263 νασίας
2275 2199 2456 2254 αἰτίαν
2489 2216 2581 2271 μοι
2606 2200 2935 2272 γενομένην,
2975 2201 3052 2265 ὡς
3078 2200 3306 2275 ὓστερον
3333 2201 3506 2271 ἔγνων
3543 2202 3654 2256 ἀπὸ

2059 2292 2153 2346 τοῦ
2175 2292 2382 2357 τέλους,
2415 2294 2510 2348 καὶ
2529 2293 2648 2365 Θεῷ
2677 2293 2756 2365 τῷ
2775 2293 2993 2348 πάντων
3023 2293 3403 2367 ηὐχαρίστησα
3426 2296 3651 2366 ποιητῇ,

2073 2384 2210 2438 Ὑπὸ
2235 2384 2344 2457 γὰρ
2364 2385 2464 2456 τῆς
2493 2385 2775 2457 καταρχάς
2801 2403 2868 2458 με
2895 2383 3191 2457 πιεζούσης
3221 2385 3450 2452 ἐννοίας,
3478 2386 3653 2457 ἡναγπ

2060 2473 2270 2547 κάσθην
2299 2477 2380 2539 εἰς
2417 2474 2516 2545 τὴν
2550 2473 2658 2529 τῶν
2688 2476 3030 2548 πραγμάτων
3072 2474 3248 2530 ἐλθεῖν
3270 2475 3523 2548 ζήτησιν·
3557 2478 3651 2530 καὶ

2057 2566 2152 2630 οὓς
2197 2567 2297 2638 τὴν
2339 2568 2516 2639 ἀρχὴν
2553 2569 2622 2622 δι’
2649 2568 2873 2637 ἄγνοιαν
2913 2567 3238 2639 μακαρίζειν
3286 2565 3649 2637 ἐκινδύνευον,

2058 2655 2288 2727 ὕστερον
2325 2655 2633 2721 ταλανίζειν
2661 2658 2763 2712 ούκ
2797 2659 3148 2730 ἐπαυσάμην.

2129 2833 2216 2891 Ill.
2269 2836 2366 2890 Ἐκ
2395 2836 2585 2902 παιδὸς
2605 2833 2698 2893 οὖν
2740 2840 2798 2893 ἐν
2824 2839 3090 2904 τοιούτοις
3127 2838 3203 2894 ὢν
3232 2837 3542 2910 λογισμοῖς,
3569 2841 3646 2902 είς

2059 2924 2158 2989 τὰς
2195 2926 2306 2980 τῶν
2338 2927 2644 2998 φιλοσόφων
2684 2931 2915 3000 ἐφοίτων
2949 2930 3261 3004 διατριϐὰς,
3285 2930 3427 2988 ὥστε
3472 2949 3526 2986 τι
3557 2931 3647 3003 βέτ

2061 3015 2213 3070 ϐαιον
2235 3017 2445 3082 ἐκεῖθεν
2481 3019 2691 3091 μαθεῖν.
2729 3020 2888 3075 Ἀλλὰ
2924 3022 3019 3075 καὶ
3063 3021 3235 3087 οὕτως
3273 3023 3427 3078 οὐδὲν
3462 3023 3649 3096 ἕτερον

2061 3108 2193 3181 παρ’
2223 3111 2408 3175 αὐτοῖς
2447 3112 2508 3166 τὸ
2545 3112 2979 3186 σπουδαζόμενον
3001 3115 3024 3148 ⁸
3049 3113 3266 3188 ἐώρων,
3299 3115 3334 3187 ἢ
3363 3117 3649 3188 δογμάτων

2058 3202 2368 3267 άνασκευὰς
2395 3205 2491 3258 καὶ
2527 3205 2894 3271 κατασκευάς,
2927 3206 3112 3277 ἐριδάς
3133 3208 3155 3239 ⁹
3183 3225 3244 3262 τε
3275 3209 3371 3262 καὶ
3401 3207 3646 3278 συλλογι-ν

2059 3294 2214 3366 σμῶν
2257 3295 2475 3367 τέχνας,
2516 3297 2612 3352 καὶ
2654 3298 2718 3371 δὴ
2759 3299 2856 3351 καὶ
2889 3298 3192 3371 λημμάτων
3239 3299 3509 3364 ἐπινοίας·
3552 3299 3649 3363 καί

2058 3404 2190 3441 ποτε
2221 3390 2318 3459 μὲν
2342 3390 2660 3462 ἐπεκράτει,
2696 3392 2829 3463 φέρε
2855 3391 3054 3460 λέγειν,
3081 3391 3512 3464 ὅτι,άθάνατοςή
3539 3392 3645 3461 ψυ-

2058 3481 2149 3552 χή·
2175 3481 2308 3534 ποτέ
2340 3481 2417 3547 δέ,
2445 3482 2531 3536 ὅτι
2550 3484 2740 3556 θνητή.
2767 3485 2877 3538 Καὶ
2905 3485 2988 3538 ὅτι
3031 3483 3129 3554 μὲν
3153 3483 3312 3554 λόγος
3333 3482 3649 3555 ἐπικρατῶν

2055 3568 2146 3644 ἦν,
2178 3574 2262 3626 ὅτι
2293 3573 2560 3638 ἀθάνατος
2586 3577 2620 3646 ἠ
2649 3563 2826 3646 ψυχὴ,
2861 3575 3108 3647 ἔχαιρον·
3143 3576 3234 3639 ὅτε
3262 3575 3319 3630 δέ
3343 3578 3428 3630 ὅτι
3456 3573 3644 3648 θνητὴ,

2056 3650 2335 3735 ἠνιώμηνο
2373 3664 2535 3718 πλέον
2563 3665 2620 3718 δέ
2662 3665 2822 3720 πάλιν
2851 3665 3119 3738 ἠθύμουν,
3163 3666 3244 3719 δτι
3292 3666 3402 3720 οὐδ’
3455 3665 3647 3720 ὁποτέ-

2061 3775 2168 3827 ρων
2196 3758 2239 3788 ¹⁰
2284 3774 2371 3819 τις
2398 3756 2491 3810 τὸν
2534 3756 2667 3827 ἐμὸν
2717 3756 3015 3828 βεϐαιῶσαι
3045 3758 3170 3812 νοῦν
3215 3758 3466 3829 ἠδύνατο.
3499 3756 3643 3828 Πλὴν

2055 3849 2300 3905 ἐνενόουν
2328 3850 2413 3903 ὃτι
2433 3851 2490 3904 αἱ
2516 3849 2665 3916 δόξαι
2687 3849 2796 3904 τῶν
2821 3849 3154 3916 ὑποθέσεων,
3173 3850 3324 3922 παρὰ
3343 3852 3470 3915 τοὺς
3496 3849 3643 3904 ἐκδιε

2056 3943 2307 4008 κοῢντας,
2336 3942 2370 4013 ἢ
2393 3942 2627 4013 ψευδεῖς,
2659 3943 2694 4015 ἢ
2721 3943 2942 4016 ἀληθεῖς
2970 3943 3387 4013 ἀποφαίνονται,
3427 3944 3522 3998 καὶ
3543 3944 3643 4016 οὑχ

2055 4033 2134 4098 ὼς
2158 4033 2372 4106 ἔχουσιν
2391 4035 2551 4088 αὑταὶ
2569 4035 2655 4104 ἐφ’
2683 4034 2894 4093 ἑαυτῶν
2918 4035 3174 4108 ἀληθείας
3199 4035 3643 4109 καταλαμϐάνον-

2053 4142 2164 4184 ται·
2192 4126 2322 4198 παρ’
2348 4119 2394 4194 ᾧ
2416 4125 2455 4158 ¹¹
2489 4127 2584 4180 καὶ
2607 4125 2692 4190 ἔτι,
2718 4125 2916 4197 μᾶλλον
2937 4126 2996 4180 ἐν
3025 4130 3136 4190 τοίς
3158 4126 3477 4199 πράγμασιν
3507 4126 3643 4193 ίλιγτ

2055 4217 2213 4287 γιῶν,
2247 4218 2343 4272 καὶ
2372 4215 2481 4271 ἀπὺ
2503 4217 2598 4270 τοῦ
2627 4218 2729 4288 τῆς
2758 4217 2938 4289 ψυχῆς
2961 4216 3158 4288 βάθους
3193 4217 3499 4285 ἐστέναζον·
3521 4218 3643 4272 οὒτε

2056 4309 2165 4382 γὰρ
2185 4304 2295 4373 οἷός
2315 4327 2374 4363 τε
2401 4305 2469 4381 ἦν
2492 4308 2858 4376 ἀποϐᾳλέσθαι
2875 4309 2975 4380 τὴν
3001 4310 3129 4381 περὶ
3145 4308 3350 4363 τούτων
3370 4309 3644 4382 φροντίδα,

2056 4402 2301 4472 καίτοιγε
2343 4401 2546 4472 σφόδρα
2595 4400 2940 4471 βουλόμενος,
2969 4401 3044 4463 ὡς
3090 4399 3192 4471 ἤδη
3232 4400 3447 4470 φθάσας
3476 4399 3644 4470 ἐγνὼε

2060 4513 2188 4568 ρισα
2206 4535 2222 4560 ,
2249 4493 2373 4548 οὔτε
2410 4493 2624 4565 βέϐαιόν
2649 4510 2704 4547 τι
2728 4490 3055 4559 καταλαϐεῖν
3080 4490 3383 4564 ἠδυνάμην.

364 4594 582 4649 mebam
617 4610 631 4646 :
665 4605 841 4662 neque
864 4590 1013 4646 enim
1050 4590 1117 4645 de
1150 4588 1465 4662 hujusmodi
1502 4606 1692 4647 curam
1723 4592 1950 4664 rejicere
1987 4603 2260 4665 poteram,
2314 4581 2441 4647 licet
2497 4591 2654 4652 valde
2681 4605 2934 4668 cuperem
2958 4632 2973 4659 ,
3036 4599 3098 4644 ut
3133 4589 3247 4659 jam
3292 4605 3463 4660 supra
3501 4589 3644 4646 indi-

365 4689 524 4756 cavi;
570 4684 747 4759 neque
773 4685 994 4742 ﬁrmum
1026 4686 1159 4757 quid
1190 4687 1440 4742 valebam
1478 4689 1736 4743 retinere.

427 4784 519 4840 IV.
560 4784 762 4840 lterum
793 4798 923 4854 ergo
953 4782 1226 4853 angustiis
1270 4782 1631 4837 haesitationis
1678 4798 1906 4852 pressus
1929 4823 1945 4848 ,

365 4876 612 4932 dicebam
646 4874 790 4944 apud
814 4889 936 4928 me:
971 4872 1113 4939 Quid
1140 4872 1381 4929 inaniter
1415 4873 1628 4939 laboro,
1669 4889 1796 4930 cum
1829 4890 1946 4937 ma-

364 4967 564 5022 nifesta
592 4967 665 5022 sit
692 4965 814 5022 res?
837 4964 1015 5031 Quod,
1061 4963 1108 5018 si
1150 4963 1368 5034 quidem
1409 4972 1535 5033 post
1574 4974 1807 5019 mortem
1835 4980 1946 5020 non

363 5074 500 5125 ero;
536 5072 704 5123 nunc,
738 5056 958 5126 quando
1007 5070 1153 5120 sum,
1189 5055 1503 5114 contristari
1533 5071 1644 5109 non
1692 5067 1943 5126 oportet:

361 5149 625 5216 quocirca
650 5148 930 5203 tristitiam
957 5151 1024 5201 ad
1059 5145 1191 5201 illud
1224 5156 1437 5216 tempus
1467 5148 1782 5214 reservabo,
1813 5164 1946 5218 quo,

363 5261 488 5298 cum
517 5241 738 5297 futurus
767 5256 876 5295 non
914 5240 1017 5294 sim
1043 5281 1058 5306 ,
1103 5256 1210 5293 non
1244 5239 1613 5295 coutristabor
1638 5258 1651 5295 :
1683 5239 1730 5294 si
1759 5249 1940 5297 autem

363 5337 502 5392 forte
541 5351 658 5400 ero,
686 5350 786 5388 cur
827 5334 958 5387 mihi
1003 5349 1146 5388 nunc
1188 5334 1459 5403 superllue
1503 5334 1645 5389 inest
1677 5333 1942 5390 tristitia?

2123 4773 2214 4830 ιν.
2253 4771 2422 4826 Πάλιν
2453 4771 2603 4847 γοῦν
2650 4770 3024 4842 ἀπορούμενος
3065 4770 3249 4839 ελεγον
3290 4770 3542 4843 ἐμαυτῷο
3575 4771 3643 4827 Τί

2057 4864 2436 4939 ματαιοπονῶ,
2485 4864 2691 4933 σαφοῦς
2720 4863 2873 4928 ὄντος
2901 4863 3000 4916 τοῦ
3041 4864 3367 4937 πράγματος
3393 4881 3409 4931 ;
3444 4865 3566 4918 Ὀτι
3595 4866 3644 4918 εί

2056 4947 2154 5031 μὲν
2190 4957 2367 5012 θανὼν
2404 4957 2503 5011 οὐκ
2532 4958 2666 5028 εἰμὶ,
2692 4957 2787 5010 νῦν
2815 4957 2944 5011 ὄντα
2985 4973 3052 5028 με
3077 4955 3365 5010 λυπεῖσθαι
3387 4957 3449 5010 οὐ
3470 4973 3642 5027 προσ-

2050 5054 2197 5124 ήκει.
2220 5051 2310 5114 Διὸ
2335 5051 2560 5122 τηρήσω
2587 5049 2649 5102 τὸ
2672 5048 2959 5114 λυπεζσθαι
2978 5048 3300 5119 τηνικαῦτα,
3323 5048 3412 5115 ὅτε
3438 5048 3540 5102 οὐκ
3565 5046 3641 5101 ὢν

2051 5147 2114 5199 οὐ
2144 5142 2550 5214 λυπηθήσομαι·
2585 5142 2634 5193 εί
2658 5140 2714 5194 δὲ
2738 5139 2846 5211 ἄρα
2868 5140 3002 5211 εἰμὶ,
3033 5140 3088 5194 τί
3113 5140 3209 5195 νῦν
3248 5158 3338 5212 μοι
3365 5142 3430 5195 ἐκ
3452 5156 3642 5211 περισ-

2055 5237 2150 5291 σοῦ
2189 5237 2452 5308 πρόσεστι
2477 5235 2539 5288 τὸ
2576 5232 2864 5287 λυπεῖσθαι
2889 5250 2904 5299 ;
2928 5233 3039 5288 Καὶ
3064 5231 3267 5297 εὐθέως
3307 5232 3446 5305 μετὰ
3482 5231 3642 5286 τοῦτο

2049 5331 2237 5403 ἓτερος
2265 5329 2512 5402 ἐπεισῄει
2545 5344 2636 5409 μοι
2656 5327 2934 5399 λογισμός.
2970 5325 3197 5396 Ἔλεγον
3227 5327 3358 5400 γὰρ,
3385 5328 3460 5400 μή
3493 5327 3548 5383 τί
3575 5343 3638 5396 γε

1637 5474 1874 5532 VARle
1913 5472 2320 5530 LECTIONES.

390 5592 454 5628 ’⁸⁸
481 5595 639 5685 preat
663 5599 718 5652 in
749 5613 858 5652 uno
890 5613 988 5652 ms.
1071 5600 1089 5628 ⁷
1126 5595 1195 5650 al.
1238 5597 1344 5667 ἄρα
1378 5612 1526 5649 ποτε.

367 5683 481 5738 παρ
505 5683 571 5720 ὀ.

1608 5598 1635 5628 ⁸·
1669 5595 1737 5650 al.
1774 5595 1883 5651 τῶν
1919 5594 2387 5667 σπουδαζομένων.
2469 5595 2490 5626 ⁸
2526 5595 2592 5648 al.
2632 5591 2797 5663 ἕρεις.

2879 5591 2923 5622 ¹⁶
2967 5589 3040 5646 al.
3074 5587 3371 5660 ὀποτέρεις.
3485 5588 3524 5624 "~
3564 5587 3636 5646 aL
