4048 6146
365 292 470 349 ινδ

1100 290 1559 351 CLEMENTINA.
1598 324 1670 333 —
1704 288 2005 347 EPITOME
2041 279 2143 343 ΠΕ
2167 282 2411 348 GESTIS
2458 292 2774 351 S.‘PETRI;

3518 306 3626 363 474

362 412 469 480 ἄρα
499 410 594 467 τοῦ
617 410 714 467 νῦν
749 430 819 483 με
852 411 1146 477 λυποῦντος
1168 415 1384 487 χείρονα
1416 417 1531 471 ἐκεῖ
1560 414 1840 485 πείσομαι,
1872 413 1947 485 μὴ

2053 410 2363 485 Statimque
2387 424 2573 485 postea
2604 417 2710 471 alia
2742 432 2830 471 me
2859 417 3026 474 subiit
3055 419 3333 490 cogitatio.
3367 420 3622 479 Dicebam

362 503 643 576 βεϐιωκὼς
678 504 937 569 εὐσεϐῶς,
982 507 1074 559 καὶ
1127 507 1576 579 παραδοθήσομαι
1614 507 1733 562 κατ’
1784 508 1939 560 ἐνίων

362 595 669 665 φιλοσόφων
698 595 907 664 λόγους,
937 597 1396 667 Πυριφλεγέθοντι
1427 599 1521 652 καὶ
1548 599 1837 671 Ταρτάρῳ,
1865 598 1941 661 ὡς

359 686 614 755 Σίσυφος,
642 686 673 757 ἢ
707 686 919 749 Τιτυὸς,
946 687 979 757 ἢ
1015 686 1203 753 Ἰξίων,
1232 688 1265 759 ἢ
1304 688 1598 751 Τάνταλος,
1626 688 1720 742 καὶ
1748 688 1941 758 ἔσομαι

359 778 418 830 ἐν
462 778 589 849 ᾅδου
638 779 727 831 τὸν
767 778 941 832 αἰῶνα
974 779 1369 850 κολαζόμενοςς
1405 781 1576 835 Πάλιν
1613 781 1671 833 δέ
1703 780 1939 834 ἀνθυπε-

357 889 521 942 φερον
552 871 742 941 λέγων,
767 872 843 934 ὡς
869 871 1061 943 ἀδήλου
1103 873 1253 936 ὄντος
1281 874 1375 927 τοῦ
1408 875 1753 945 πράγματος,
1781 875 1937 928 ἀκιν-

353 964 631 1036 δυνότερόν
656 966 772 1017 ἐστι
818 964 1016 1035 μᾶλλον
1056 965 1295 1028 εὐσεϐῶς
1338 966 1528 1035 βιῶναί
1557 984 1645 1037 με,
1687 967 1782 1019 καὶ
1829 964 1939 1019 τῶν

354 1057 449 1111 τοῦ
486 1056 733 1127 σώματος
757 1060 980 1129 κρατεῖν
1007 1058 1227 1128 ἡδονῶν,
1260 1061 1307 1112 εί
1335 1059 1430 1113 καὶ
1470 1058 1544 1130 μὴ
1565 1058 1828 1131 ἀκριϐῶς,
1856 1058 1938 1111 ὅτι

356 1136 488 1201 ποτέ
512 1149 630 1201 ἐστι
646 1148 851 1202 δίκαιον
879 1149 971 1201 καὶ
990 1148 1223 1220 ἀρέσκον
1249 1149 1389 1219 θεῷ,
1417 1148 1934 1221 πεπληροφόρημαι,

354 1237 476 1292 οὔτε
503 1240 551 1291 εί
573 1241 606 1309 ἡ
639 1238 785 1309 ψυχὴ
818 1238 1105 1305 ἀθάνατος,
1136 1239 1171 1310 ἢ
1195 1239 1387 1311 θνητή.

425 1524 488 1580 ν.
520 1525 736 1580 Τούτων
768 1520 862 1579 οὖν
895 1525 1004 1579 τῶν
1032 1525 1308 1596 λογισμῶν
1338 1525 1677 1597 στρεφόντων
1708 1541 1808 1595 μου
1832 1525 1931 1595 τὴν

348 1617 546 1691 ψυχὴν,
580 1621 662 1682 εἰς
684 1619 957 1687 Αἴγυπτον
978 1619 1340 1691 πορεύσομαι,
1366 1617 1541 1682 εἷπον,
1570 1619 1664 1672 καὶ
1689 1621 1804 1683 τοῖς
1824 1619 1934 1671 τῶν

351 1708 559 1770 ἀδύτων
584 1710 927 1780 ἱεροφάνταις
957 1712 1052 1764 καὶ
1078 1713 1381 1783 προφήταις
1403 1709 1822 1782 φιλιωθήσομαι,
1840 1711 1934 1763 καὶ

351 1804 528 1881 μάγον
558 1803 796 1875 ζητήσας
830 1806 925 1858 καὶ
948 1805 1151 1877 εὑρὼν,
1190 1808 1437 1877 χρήμασι
1479 1804 1652 1858 πείσω
1698 1802 1932 1865 πολλοῖς,

350 1894 530 1966 ψυχῆς
580 1894 911 1966 ἀναπομ-τεὴν
968 1895 1067 1966 τὴν
1110 1894 1411 1967 λεγομένην
1463 1892 1858 1965 νεκρομαντίαν
1894 1894 1934 1923 ¹¹

350 1987 711 2059 ἐργάσασθαι,
754 1988 888 2059 ἐμοῦ
922 1988 1080 2060 δῆθεν
1113 1988 1189 2052 ὡς
1234 1990 1364 2060 περὶ
1413 1987 1740 2060 πράγματός
1788 2000 1936 2047 τινος

350 2080 715 2134 πυνθάνεσθαι
741 2079 1085 2150 βουλομένου’
1112 2081 1146 2150 ὴ
1174 2078 1231 2131 δὲ
1258 2078 1453 2141 πεῦσις
1484 2077 1657 2140 ἐσται,
1683 2074 1813 2147 περὶ
1839 2073 1933 2127 τοῦ

352 2172 544 2243 μαθεῖν
572 2173 682 2245 ἄρα
708 2175 756 2226 εἰ
783 2172 1048 2235 ἀθάνατος
1069 2174 1101 2241 ή
1124 2171 1289 2242 ψυχή.
1321 2169 1490 2223 Τοῦτο
1513 2170 1569 2223 δὲ
1596 2169 1813 2232 πάντως
1834 2169 1935 2221 οὐκ

348 2267 415 2321 ὲκ
438 2265 533 2319 τοῦ
562 2264 962 2337 ἀποκρίνασθαι
982 2265 1065 2317 ὅτι
1084 2264 1126 2294 ⁸³
1153 2262 1420 2324 ἀθάνατός
1443 2264 1611 2323 ἐστιν,
1639 2260 1754 2313 ἐστι
1775 2259 1818 2291 ίδ
1844 2276 1934 2329 μοι

347 2355 571 2425 γνῶναι,
599 2355 714 2408 ἀλλ’
747 2354 853 2408 ἀπὸ
878 2353 972 2407 τοῦ
1009 2354 1240 2425 ὀφθῆναι
1277 2352 1435 2423 μόνον
1465 2352 1545 2405 ὅτι
1592 2351 1758 2404 ἐστίν.
1789 2350 1933 2409 Ἰδὼν

346 2447 457 2519 γάρ
480 2446 648 2518 αὐτὴν
671 2447 853 2509 αὐτοῖς
876 2446 1122 2516 ὄμμασιν
1137 2484 1152 2508 ,
1183 2443 1375 2514 ἱκανὴν
1401 2443 1507 2509 ἔξω
1535 2442 1930 2515 πληροφορίαν,

347 2540 445 2594 καὶ
499 2539 685 2592 οὐκέτι
746 2538 1041 2609 πιστότερα
1098 2535 1395 2606 ὀφθαλμῶν
1448 2529 1563 2588 ὦτα
1611 2535 1930 2605 ποιήσομαι.

351 2630 541 2701 Ὅμως
579 2630 852 2700 φιλοσόφῳ
879 2629 986 2682 τινὶ
1012 2628 1122 2681 τῶν
1155 2627 1419 2699 συνήθων,
1444 2627 1538 2680 καὶ
1562 2625 1764 2696 ταύτην
1786 2627 1932 2679 ἐκοι-

346 2716 555 2786 νούμην
578 2715 676 2787 τὴν
715 2716 967 2789 γνώμην,
1013 2716 1119 2769 ὁδὲ
1166 2715 1515 2769 συνεϐούλευέ
1548 2731 1639 2785 μοι
1674 2715 1747 2787 μὴ
1784 2715 1934 2767 λυσι-

346 2807 498 2871 τελές
533 2804 673 2861 εἶναι
712 2808 871 2861 τοῦτο
905 2807 1173 2878 τολμῆσαι
1214 2808 1359 2861 δυοῖν
1388 2807 1570 2861 ἕνεκα,
1607 2806 1677 2860 Ei
1708 2824 1768 2859 τε
1798 2806 1929 2879 γὰρ,

348 2899 476 2969 ἔφη,
508 2900 725 2962 πάντως
750 2900 848 2969 οὐχ
880 2899 1252 2954 ὑπακούσεται
1280 2902 1315 2971 ή
1341 2899 1485 2971 ψυχὴ
1514 2899 1593 2970 τῷ
1623 2898 1802 2971 μάγῳ,
1836 2900 1932 2953 καὶ

348 2992 414 3045 σὺ
439 2992 553 3052 τοῖς
590 2988 761 3043 ταῦτα
784 2993 959 3043 ποιεῖν
996 2988 1401 3060 ἀπαγορεύουσι
1444 2989 1630 3059 νόμοις
1660 2990 1738 3053 ὡς
1778 2989 1930 3043 ἀντι⁴

2044 504 2281 575 quippe:
2314 522 2383 561 ne
2416 506 2559 561 forte
2593 508 2667 561 ibi
2704 508 2891 578 pejora
2927 524 2995 563 eo
3027 512 3174 580 quod
3206 528 3353 568 nunc
3376 529 3464 569 me
3497 532 3625 570 cru-

2042 597 2153 651 ciat
2184 599 2383 667 patiar,
2419 599 2464 654 si
2512 614 2619 654 non
2664 600 2851 653 vixero
2880 602 2998 670 pie;
3035 617 3101 657 ac
3146 606 3451 659 secundum
3483 622 3625 676 quo-

2043 690 2294 744 rumdam
2328 691 2778 759 philosophorum
2803 694 3100 749 sententias
3132 696 3318 749 tradar
3342 696 3624 768 Pyriphle-

2042 781 2287 851 gethonti
2332 791 2387 836 et
2413 781 2667 845 Tartaro,
2701 785 3163 850 quemadmodum
3217 785 3506 857 Sisyphus.
3538 790 3620 844 vel

2042 870 2234 943 Tityus
2256 914 2270 939 ,
2316 874 2399 927 vel
2430 874 2613 937 Ixion,
2646 875 2731 927 vel
2771 874 3067 941 Tantalus,
3102 888 3264 947 atque
3301 880 3356 933 in
3405 880 3620 935 inferno

2039 974 2304 1019 aeternum
2358 966 2590 1034 puniar?
2631 965 2847 1022 Rursus
2899 978 3078 1022 autem
3118 971 3492 1039 exeipiebam,
3537 966 3623 1028 dl-

2040 1072 2206 1113 cens:
2238 1057 2292 1111 in
2318 1074 2378 1112 re
2402 1074 2524 1127 qute
2551 1059 2758 1114 incerta
2782 1069 2885 1125 est,
2914 1061 3086 1117 tutius
3118 1063 3289 1116 nndto
3310 1072 3393 1118 est
3419 1080 3505 1119 me
3532 1066 3622 1134 pie

2040 1149 2263 1215 vivere,
2306 1159 2359 1204 et
2408 1150 2713 1220 voluptates
2759 1154 3005 1222 corporis
3058 1153 3300 1218 vincere,
3364 1158 3620 1225 quamvis

2041 1240 2287 1295 absolute
2340 1250 2393 1295 et
2441 1250 2590 1296 certo
2627 1242 2895 1311 pleneque
2954 1259 3061 1297 non
3116 1246 3287 1298 sciam
3353 1248 3615 1316 quidnam

2038 1331 2244 1402 justum
2280 1333 2351 1388 sit
2380 1349 2445 1387 ac
2476 1332 2587 1388 Deo
2614 1342 2869 1403 gratum,
2910 1351 3012 1391 nec
3055 1344 3239 1391 utrum
3290 1338 3619 1395 immortalis

2039 1426 2112 1480 sit
2140 1426 2344 1491 anima,
2375 1442 2442 1479 an
2472 1427 2740 1481 mortalis.
3003 1484 3007 1488 ,

2110 1515 2176 1571 ν.
2221 1515 2313 1573 His
2342 1517 2525 1587 itaque
2553 1518 2980 1589 cogitationibus
3010 1522 3256 1576 animum
3288 1537 3468 1577 meum
3496 1539 3620 1579 ver-

2038 1609 2320 1665 santibus:
2358 1608 2415 1662 ln
2449 1608 2736 1681 Egyptum
2769 1613 3106 1680 proliciscar,
3140 1612 3292 1677 dixi,
3321 1627 3375 1669 et
3418 1614 3615 1686 adyto-

2040 1717 2160 1756 rum
2210 1701 2621 1773 hierophantis,
2680 1721 2746 1760 ac
2780 1707 3061 1775 prophetis
3107 1708 3321 1762 amicus
3366 1706 3572 1762 eﬂieiar
3599 1749 3613 1774 ,

2037 1807 2305 1863 magoque
2326 1795 2557 1863 quaesito
2586 1811 2651 1849 ac
2676 1796 2929 1861 invento,
2962 1797 3130 1852 multa
3155 1798 3386 1867 pecunia
3412 1798 3459 1853 ei
3493 1815 3625 1868 per»

2038 1885 2298 1949 suadebo,
2330 1894 2389 1942 ut
2417 1886 2616 1942 animae
2644 1889 3045 1953 evocationem,
3090 1906 3255 1960 quam
3290 1905 3616 1946 necroman—

2037 1974 2167 2028 tiam
2196 1986 2428 2042 vocant,
2462 1976 2657 2043 faciat,
2687 1987 2947 2049 tanquam
3000 1979 3254 2035 videlicet
3285 1980 3351 2034 de
3395 1980 3615 2050 negotio

2036 2067 2221 2137 aliquo
2251 2069 2558 2137 percontari
2587 2071 2747 2125 velim
2779 2054 2804 2125 ι’
2826 2087 2993 2140 porro
3022 2072 3131 2126 erit
3159 2072 3522 2141 percontatio,
3555 2081 3615 2126 ut

2036 2158 2245 2213 discam
2280 2167 2462 2213 utrum
2488 2162 2668 2215 anima
2697 2164 2769 2217 sit
2798 2163 3143 2219 immortalis.
3169 2163 3223 2218 ιιι
3249 2172 3428 2218 autem
3458 2179 3617 2234 pror-

2037 2262 2134 2304 sus
2157 2263 2510 2319 cognoscam,
2537 2267 2642 2306 non
2674 2268 2738 2306 ex
2769 2268 2835 2307 eo
2858 2254 3004 2322 quod
3034 2252 3383 2321 respondebit
3407 2268 3467 2307 se
3491 2267 3615 2308 esse

2036 2339 2422 2408 immortalem,
2441 2343 2532 2396 sed
2556 2358 2622 2396 ex
2646 2358 2712 2397 eo
2741 2344 3008 2397 duntaxat
3035 2344 3181 2413 quod
3204 2343 3354 2396 illam
3380 2342 3615 2397 existere

2035 2431 2274 2488 videbo;
2309 2448 2435 2487 nam
2471 2434 2647 2489 oculis
2694 2434 2832 2491 meis
2869 2450 3103 2491 cernens
3142 2450 3262 2488 eam
3284 2474 3299 2497 ,
3333 2433 3469 2487 satis
3498 2449 3616 2487 ma-

2036 2540 2198 2595 gnam
2254 2524 2465 2579 habebo
2515 2526 2897 2580 eertitudinem
2930 2567 2945 2591 ,
2984 2541 3085 2580 nec
3125 2527 3237 2595 jam
3276 2525 3397 2594 plus
3450 2524 3613 2587 fidam

2035 2615 2284 2679 auribus,
2308 2630 2475 2685 quam
2500 2616 2697 2671 oculis.
2718 2614 3108 2671 Verumtamen
3136 2631 3262 2670 cum
3288 2615 3615 2685 philosopho

2034 2707 2271 2779 quodam
2314 2720 2381 2760 ex
2417 2705 2780 2762 familiaribus
2835 2708 2973 2763 meis
3008 2708 3112 2761 hoc
3156 2722 3379 2777 quoque
3428 2706 3615 2761 consi-

2034 2799 2168 2854 lium
2200 2798 2646 2853 communicavi:
2684 2800 2731 2853 is
2767 2814 2896 2854 vcro
2931 2799 3144 2853 monuit
3169 2814 3277 2864 me,
3312 2813 3421 2853 non
3448 2813 3615 2868 cxpe-

2031 2892 2150 2948 dire
2182 2900 2241 2946 ut
2268 2892 2326 2946 id
2354 2891 2636 2960 auderem,
2686 2893 2824 2948 duas
2861 2894 2931 2948 ob
2964 2910 3182 2949 causas.
3218 2892 3273 2947 Si
3310 2893 3477 2959 enim,
3526 2895 3610 2949 in--

2032 2986 2172 3056 quit,
2205 2987 2365 3057 plane
2410 3002 2572 3057 mago
2602 3004 2712 3042 non
2744 2987 3013 3043 obedierit
3044 2989 3249 3054 anima,
3281 2997 3337 3043 tu
3367 3003 3611 3058 quoque,

348 3081 581 3153 πράξας,
605 3081 1031 3155 δυσσυνειδήτως
1062 3081 1297 3152 βιώσεις·
1325 3081 1451 3135 εἰδὲ
1481 3082 1576 3135 καὶ
1613 3081 1930 3135 είσακούσε-

2035 3086 2095 3131 ut
2115 3086 2241 3145 pote
2265 3076 2360 3146 qui
2382 3077 2598 3146 legibus
2624 3078 2741 3134 haec
2765 3094 2924 3147 agere
2950 3079 3262 3133 vetantibus
3289 3079 3613 3132 adversatus

344 3187 459 3235 ται,
496 3170 633 3242 μετά
669 3171 765 3224 τοῦ
805 3170 1229 3242 δυσσυνειδήτως
1255 3187 1313 3223 σε
1352 3169 1520 3240 βιοῦν,
1553 3166 1705 3241 οἶμαι
1742 3172 1837 3225 καὶ
1863 3172 1932 3225 τά

343 3262 448 3332 τῆς
475 3263 756 3327 εὐσεϐείας
808 3263 1004 3335 μηκέτι
1048 3279 1130 3316 σοι
1173 3266 1496 3335 προχωρεῖν,
1539 3258 1599 3318 οὗ
1634 3264 1816 3317 ἕνεκεν
1862 3263 1932 3317 τά

343 3353 571 3407 τοιαῦτα
599 3353 857 3425 ἐτόλμας.
885 3352 1221 3424 Ἐχθραίνειν
1263 3351 1372 3423 γὰρ
1413 3353 1474 3405 τὸ
1511 3353 1651 3407 θεῖον
1682 3353 1930 3422 λέγουσιν

347 3446 440 3499 ἐπὶ
461 3449 573 3510 τοῖς
597 3446 883 3500 σκύλλουσι
912 3445 1011 3508 τὰς
1034 3444 1211 3515 ψυχάς
1260 3444 1397 3515 μετά
1424 3444 1524 3515 τὴν
1551 3446 1660 3498 ἀπὸ
1695 3445 1789 3499 τοῦ
1827 3444 1932 3498 σώ-

349 3554 518 3608 ματος
550 3536 772 3593 ἐκείνων
817 3536 1083 3590 διάλυσιν.
1137 3534 1279 3603 Ἐγὼ
1328 3535 1385 3589 δὲ
1436 3534 1609 3588 ταῦτα
1655 3533 1928 3598 ἀκούσας,

343 3628 700 3701 ὀκνηρότερος
740 3628 839 3698 μέν
880 3626 973 3680 imi.
1012 3627 1073 3679 τὸ
1123 3626 1429 3698 ἐγχείρημα
1467 3624 1759 3698 ἐγενόμην·
1794 3624 1932 3678 ἀλλὰ

344 3718 444 3788 τῆς
473 3718 747 3789 προτέρας
780 3716 991 3781 ἐννοίας
1015 3716 1231 3787 ἐκείνης
1252 3716 1602 3770 παντάπασιν
1626 3714 1929 3786 ἀποστῆναι

345 3810 449 3864 οὐκ
475 3809 775 3881 ἠδυνάμην,

416 4007 507 4063 Vl.
538 4008 650 4061 Καὶ
671 4008 757 4061 ἵνα
791 4008 865 4079 μή
884 4025 965 4062 σοι
991 4006 1062 4060 τὰ
1079 4005 1301 4061 τοιαῦτα
1333 4007 1540 4079 μακρὸν
1559 4006 1827 4060 ἀποτείνω
1840 4005 1930 4059 λό-

340 4119 472 4176 γον’,
516 4104 574 4159 ἐν
618 4101 893 4165 τοσούτοις
934 4101 1216 4172 λογισμοῖς
1262 4101 1357 4155 καὶ
1403 4100 1724 4171 πράγμασιν
1775 4099 1929 4162 όντος

349 4218 473 4272 μου,
516 4198 671 4271 φήμη
692 4212 775 4259 τις
821 4195 1024 4266 ἡρέμα,
1068 4194 1318 4265 Τιϐερίου
1359 4193 1637 4264 Καίσαρος
1676 4192 1744 4245 τὰ
1793 4192 1929 4245 Ῥω-

347 4290 521 4363 μαῑκά
575 4290 850 4353 διέποντος
899 4287 1187 4358 σκῆπτρα,
1232 4284 1391 4357 ἔαρος
1435 4284 1536 4355 ήδη
1598 4282 1924 4354 ἀρχομένου,

342 4384 574 4456 ηὔξανεν
596 4383 788 4435 ὁπόσαι
817 4381 1040 4452 ήμέραι,
1066 4378 1160 4433 καὶ
1190 4378 1267 4440 ὡς
1313 4376 1528 4446 ἀληθῶς
1566 4375 1741 4447 ἀγαθὴ
1786 4375 1922 4429 Θεοῦ

343 4441 572 4543 ἀγγελος
602 4471 739 4543 διῄει
759 4441 1109 4542 τὸν-κόσμον,
1135 4469 1197 4522 τὸ
1222 4468 1316 4522 τοῦ
1348 4441 1485 4521 Θεοῦ
1516 4441 1643 4536 σιγῇ
1674 4441 1922 4534 βούλημα
1955 4441 2001 4497 D

346 4565 558 4632 στέγειν
581 4563 642 4616 οὐ
668 4561 961 4631 δυναμένη·
1009 4558 1207 4629 μᾶλλον
1233 4559 1288 4611 δὲ
1323 4559 1418 4611 καὶ
1449 4556 1651 4611 πλείων
1683 4555 1923 4626 ἑκάστης

343 4654 557 4724 ἡμέρας
596 4652 690 4704 καὶ
727 4652 928 4722 μείζων
970 4650 1211 4719 ἐγίνετο,
1256 4648 1490 4717 λέγουσα
1541 4645 1620 4713 ὥς
1657 4649 1741 4712 τίς
1790 4663 1922 4700 ποτε

343 4746 403 4797 ἐν
448 4744 674 4815 Ἰουδαίᾳ
721 4742 779 4809 ἐξ
828 4741 1050 4814 ἐαρινῆς
1097 4741 1307 4813 τροπῆς
1354 4737 1532 4792 λαϐὼν
1571 4738 1671 4809 τὴν
1722 4739 1921 4810 ἀρχὴν,

356 4836 615 4889 Ἰουδαίαν
649 4835 691 4865 ¹⁸
719 4835 819 4905 τὴν
847 4833 942 4886 τοῦ
966 4833 1135 4885 ἀϊδίου
1161 4830 1297 4884 Θεοῦ
1329 4830 1736 4899 εὐαγγελίζεται
1763 4831 1918 4900 βασι-

340 4927 509 4989 λείαν,
542 4921 611 4998 ἧς
629 4925 921 4979 ἀπολαύειν
950 4924 1132 4995 μέλλει
1162 4922 1227 4986 ⁸⁸,
1261 4922 1356 4975 ἐάν
1379 4939 1465 4984 τις
1505 4921 1655 4992 αὐτῷ
1682 4922 1918 4992 ἀρίστην

339 5019 428 5073 διὰ
459 5019 674 5073 πάντων
692 5017 1023 5089 ἐπιδείξηται
1052 5014 1345 5069 πολιτείανο
1371 5012 1466 5067 τοῦ
1491 5013 1546 5066 δὲ
1564 5012 1918 5067 πιστεύεσθαι

341 5110 503 5165 αὑτὸν
556 5109 746 5181 χάριν,
796 5110 878 5161 ὅτι
930 5108 1181 5177 θεότητος
1231 5106 1415 5175 γέμων
1456 5103 1631 5158 ταῦτα
1652 5102 1920 5168 διδάσκει,

341 5201 513 5256 πολλὰ
556 5200 855 5271 θαυμάσια,
885 5200 1087 5271 τέρατά
1124 5216 1185 5251 τε
1225 5198 1321 5250 καὶ
1364 5198 1565 5268 σημεῖα
1596 5195 1911 5266 ἐργάζεται,

344 5298 545 5367 ῥήματι
574 5295 717 5366 μόνῳ
755 5293 971 5362 κωφοὺς
1008 5293 1224 5347 ἀκούειν
1269 5289 1439 5344 ποιῶν
1459 5328 1473 5352 ,
1499 5288 1733 5357 τυφλοὺς
1777 5289 1913 5341 ἀνα-

340 5386 579 5452 ϐλέπειν,
612 5386 817 5458 χωλοὺς
859 5389 1199 5456 περιπατεῖν,
1240 5384 1335 5438 καὶ
1377 5382 1556 5437 πᾶσαν
1587 5379 1741 5434 νόσον
1775 5380 1916 5433 άπε-

2033 3165 2239 3233 fueris,
2273 3168 2413 3222 male
2459 3167 2556 3220 tibi
2606 3168 2865 3223 conscius
2914 3169 3097 3233 vives;
3152 3168 3236 3221 sin
3282 3176 3461 3221 autem
3512 3182 3611 3236 pa-

2034 3258 2227 3323 ruerit,
2253 3266 2617 3327 praeterquam
2645 3257 2790 3325 quod
2828 3257 2979 3311 vives
3009 3256 3150 3311 male
3174 3255 3273 3310 tibi
3331 3256 3610 3324 conscius,

2032 3348 2200 3405 etiam
2246 3363 2370 3417 qua:
2415 3346 2482 3402 ad
2524 3347 2673 3417 pium
2709 3346 2914 3401 cultum
2965 3348 3240 3417 pertinent
3295 3346 3492 3416 (cujus
3531 3347 3611 3401 rei

2032 3441 2206 3512 gratia
2256 3441 2388 3496 talia
2439 3455 2730 3511 aggressus
2764 3439 2991 3510 fueris),
3024 3456 3134 3495 non
3159 3440 3274 3510 jam
3322 3439 3420 3494 tibi
3473 3440 3613 3495 bene

2033 3548 2262 3590 cessura
2292 3532 2568 3588 existimo.
2606 3528 2947 3584 Divinitatem
2981 3532 3128 3585 enim
3168 3530 3323 3585 aiunt
3353 3528 3608 3585 infestam

2033 3641 2156 3681 esse
2188 3626 2277 3691 iis,
2308 3625 2403 3695 qui
2437 3625 2687 3689 animas,
2729 3635 3019 3693 postquam
3062 3641 3092 3678 a
3125 3623 3452 3692 corporibus
3494 3626 3612 3679 suis

2031 3718 2316 3775 dissoluta:
2343 3725 2494 3783 sunt,
2514 3724 2732 3771 vexant.
2753 3715 2865 3786 Ego
2886 3730 3011 3771 vero
3039 3717 3123 3772 his
3150 3716 3372 3780 auditis,
3392 3716 3609 3788 segnior

2032 3812 2252 3883 quidem
2285 3812 2350 3866 ad
2385 3813 2726 3882 propositum
2769 3812 2947 3867 factus
2991 3829 3141 3878 sum,
3183 3814 3276 3868 sed
3315 3813 3404 3867 illa
3442 3828 3612 3887 snpe-

2031 3905 2178 3961 riore
2206 3904 2541 3975 cogitatione
2588 3905 2814 3960 omnino
2842 3920 2963 3993 non,
2980 3916 3226 3974 poteram
3264 3905 3555 3965 absistere.

2100 3995 2192 4052 Vl.
2231 3996 2311 4052 Ac
2335 4012 2402 4052 ne
2432 3996 2501 4053 de
2521 3997 2618 4053 bis
2647 3997 2746 4052 tibi
2775 3997 2996 4068 longum
3026 4011 3339 4057 sermonem
3370 3998 3566 4057 faciam
3589 4042 3609 4067 ,

2029 4103 2154 4144 eum
2184 4089 2240 4143 in
2273 4089 2473 4145 talibus
2514 4088 3050 4146 considerationibus
3099 4106 3172 4147 ac
3198 4092 3437 4162 negotiis
3480 4108 3606 4147 ver-

2029 4195 2212 4247 sarer,
2248 4179 2469 4237 Tiberio
2512 4179 2727 4235 Caesare
2761 4179 3008 4237 Romana
3050 4191 3261 4253 sceptra
3316 4192 3610 4251 tractante,

2029 4284 2154 4343 post
2215 4273 2430 4328 initium
2486 4271 2653 4341 veris,
2699 4269 2845 4329 fama
2888 4274 3135 4344 quaedam
3179 4274 3381 4329 sensim
3413 4274 3615 4330 diebus

2030 4365 2261 4435 singulis
2303 4363 2633 4434 percrebuit,
2664 4374 2719 4421 et
2767 4380 2953 4420 revera
3006 4367 3185 4421 bonus
3230 4365 3326 4419 Dei
3381 4366 3613 4439 nuntius

2028 4454 2292 4511 mundum
2331 4456 2590 4525 pervasit,
2632 4454 2723 4510 Dei
2767 4457 3106 4511 voluntatem
3148 4456 3378 4513 silentio
3427 4464 3615 4526 tegere.

2030 4563 2138 4602 non
2187 4548 2374 4603 valens
2408 4547 2539 4601 :sed
2590 4555 2643 4601 et
2697 4562 2790 4615 per
2837 4547 3082 4615 singuios
3116 4547 3231 4601 dies
3279 4546 3511 4615 amplior
3551 4556 3608 4602 ct

2028 4639 2208 4709 major
2230 4639 2413 4705 fiebat,
2446 4639 2527 4693 sic
2552 4637 2795 4693 referens
2823 4657 2837 4692 :
2862 4638 3093 4704 Quidam
3126 4639 3180 4693 in
3208 4638 3418 4703 Judzea.
3448 4639 3609 4695 initio

2028 4742 2248 4801 sumpto
2279 4747 2310 4786 a
2342 4746 2513 4785 verno
2538 4740 2805 4801 tempore,
2851 4732 3039 4787 aeterni
3083 4731 3178 4787 Dei
3222 4747 3447 4803 regnum
3471 4732 3605 4787 inihi

2026 4825 2307 4895 praedicat,
2360 4826 2506 4895 quod
2552 4836 2908 4895 percepturus
2939 4826 3033 4892 sit,
3074 4825 3168 4895 qui
3206 4827 3468 4896 optimam
3509 4841 3608 4896 per

2025 4918 2209 4973 omnia
2255 4918 2419 4971 vitam
2470 4917 2574 4986 ipsi
2618 4917 2896 4972 exhibebit
2927 4933 2940 4969 :
2969 4926 3030 4973 ut
3078 4925 3260 4972 autem
3317 4918 3602 4983 credatur,

2025 5024 2150 5069 eum
2175 5010 2479 5065 divinitatis
2505 5009 2727 5078 plenum
2751 5009 2948 5064 docere
2990 5009 3183 5083 ista,"’-
3237 5009 3410 5065 multa
3440 5009 3608 5063 mira-

2027 5099 2178 5163 bilia,
2204 5099 2452 5169 prodigia
2494 5106 2549 5152 et
2572 5097 2725 5168 signa
2765 5098 2899 5162 edit,
2931 5098 3053 5153 solo
3080 5099 3244 5153 verbo
3273 5099 3480 5154 faciens
3509 5114 3608 5152 au-

2024 5192 2141 5247 dire
2186 5192 2404 5257 surdos,
2455 5205 2627 5245 carens
2668 5189 2872 5256 videre,
2916 5191 3142 5247 claudos
3184 5193 3502 5257 ambulare;
3552 5206 3608 5259 et

2024 5300 2245 5340 omnem
2294 5282 2545 5337 morbum
2599 5282 2850 5351 depellit,
2901 5297 3235 5353 omnemque
3299 5284 3605 5342 dzemonem

2025 5375 2176 5445 fugat
2206 5392 2219 5428 :
2253 5372 2554 5443 quinetiam
2589 5372 2789 5441 lcprosi
2830 5372 3048 5429 eminus
3084 5382 3293 5430 tantum
3330 5375 3605 5435 intuentes

1599 5496 1833 5553 VARle
1861 5489 2265 5549 LECTIONES.

416 5622 464 5654 "
491 5624 567 5697 al.
609 5624 1014 5694 νεκυομαντίαν.
1054 5694 1057 5697 γ
1095 5631 1139 5667 η
1171 5623 1237 5677 al.
1275 5621 1441 5692 αὐτὴν
1465 5621 1561 5673 ὅτι.
1646 5620 1690 5657 ⁸⁸
1724 5618 1794 5675 al.
1831 5615 2002 5672 ἔσται.

341 5709 395 5760 v,
428 5708 477 5749 c.
516 5694 597 5749 to.

2104 5613 2144 5649 "
2181 5610 2251 5664 al.
2301 5605 2592 5668 Ἰουδαίοις.
2677 5606 2720 5638 ¹⁶
2747 5605 2815 5661 al.
2856 5606 3031 5676 λέγει.
3114 5608 3158 5640 ³⁷
3202 5608 3238 5662 Ι.
3300 5600 3517 5671 Recogn.
3556 5607 3597 5663 Ι.
