4040 6146
554 290 625 345 75
1311 291 1368 347 S.
1409 289 1801 347 CLEMENTIS
1840 294 1860 348 I
1899 293 2066 349 ΗΘΜ.

2185 292 2311 350 lNT.
2351 293 2580 350 OPERA
2616 288 2703 350 DU
2713 292 2835 349 BIA.

3667 297 3762 353 ηις

497 426 665 472 ~eum,
707 408 886 465 sanati
911 409 1139 479 ubiut,
1171 413 1375 467 mortui
1411 413 1578 468 oblati
1615 415 1975 482 suscitantur,
2009 417 2084 471 ui-

2196 416 2382 471 λαύνει
2403 457 2418 481 ,
2454 419 2546 472 καὶ
2571 418 2748 472 πάντα
2783 417 3012 488 δαίμονα
3049 415 3358 485 φυγαδεύει·
3385 415 3522 471 ἀλλά
3548 421 3641 472 καὶ
3681 420 3762 473 λε-

519 501 708 571 hilque
749 511 836 557 est
884 503 1030 572 quod
1077 503 1255 557 facere
1295 514 1556 572 nequeat.
1592 507 1773 577 Atque
1819 523 1929 577 quo
1972 509 2094 578 plus

517 594 779 662 temporis
811 595 1136 664 praeteribat,
1163 609 1229 648 eo
1272 595 1447 664 major
1466 611 1536 650 ac
1572 598 1783 652 ﬁrmior
1807 614 1906 668 per
1939 614 2090 654 com-

516 685 703 753 plures
737 685 886 738 illinc
926 683 1280 739 advenientes
1334 686 1622 754 existebat,
1672 704 1781 742 nou
1833 690 2090 759 amplius,

518 776 766 846 inquam,
813 775 954 830 fama
977 817 993 842 ,
1042 776 1136 830 sed
1187 777 1304 847 ipsa
1337 781 1413 832 rei
1459 782 1682 836 veritas.
1720 779 1840 836 Jam
1875 799 2003 836 vero
2040 792 2095 837 et

516 878 693 923 canus
722 883 818 936 per
845 869 963 922 loca
997 869 1220 935 ﬁebant,
1254 881 1314 925 ut
1340 873 1745 927 consultaretur
1766 890 1830 928 ac
1861 875 2094 944 dispice~

515 968 690 1024 retur,
736 959 990 1028 quisnam
1033 971 1181 1017 esset
1232 962 1301 1027 is,
1333 963 1429 1032 qui
1475 966 1838 1034 apparuisset,
1867 973 1921 1018 et
1962 965 2093 1034 quid

515 1051 676 1105 vellet
708 1050 910 1105 dicere.

589 1331 698 1386 VII.
727 1333 866 1389 Cum
907 1346 1084 1392 autem
1121 1354 1300 1394 anuus
1344 1339 1411 1395 ad
1448 1350 1775 1395 autumnum
1829 1337 1937 1408 jam
1966 1357 2089 1396 ver-

511 1434 684 1493 geret,
733 1426 898 1482 homo
929 1428 1153 1498 quidam
1208 1439 1358 1486 stans
1405 1431 1459 1485 in
1508 1431 1630 1486 loco
1676 1432 2086 1500 publicozNiri,

509 1516 712 1586 inquit,
746 1517 1002 1584 Romani,
1035 1521 1257 1576 audite:
1287 1521 1378 1576 Dei
1408 1522 1580 1578 Filius
1612 1523 1666 1577 in
1695 1523 1880 1579 Juda’a
1903 1525 2088 1592 adest,

509 1609 726 1664 cunctis
768 1611 1078 1667 volentibus
1128 1614 1456 1682 promittens
1505 1616 1672 1670 vitam
1720 1625 1979 1671 aeternam
2041 1617 2090 1674 si

509 1698 740 1756 fecerint
768 1718 890 1772 quae
917 1699 1068 1770 jubet
1111 1703 1157 1758 is
1199 1704 1294 1774 qui
1340 1705 1489 1760 misit
1532 1706 1706 1760 illum.
1745 1707 2088 1776 Quapropter

468 1825 476 1831 ι
508 1793 895 1848 convertimini
918 1811 949 1850 a
971 1795 1334 1850 deterioribus
1362 1797 1428 1851 ad
1473 1798 1722 1864 meliora,
1753 1815 1783 1852 a
1809 1809 2087 1869 tempora-

507 1885 609 1939 riis
637 1885 704 1938 ad
737 1894 975 1954 a3terna;
1008 1896 1063 1942 et
1104 1888 1383 1958 agnoscite
1428 1887 1622 1955 Deum,
1667 1893 1760 1959 qui
1809 1891 1863 1944 in
1915 1891 2090 1948 tribus

507 1973 768 2030 Persouis
795 1992 940 2031 unus
969 1986 1071 2043 est,
1116 1977 1275 2047 cujus
1310 1981 1573 2034 mundum
1619 1979 1822 2048 injuste
1850 1983 2089 2039 incolitis

504 2079 631 2122 ante
655 2069 835 2138 justos
855 2071 975 2140 ejus
1004 2071 1216 2125 oculos.
1249 2071 1450 2126 Verum
1498 2071 1544 2127 si
1581 2075 2003 2140 convertamini,
2035 2084 2090 2131 et

505 2164 808 2218 secundum
854 2163 1189 2220 voluntatem
1238 2162 1385 2218 illius
1437 2165 1669 2227 vivatis,
1713 2166 1770 2220 in
1811 2167 1956 2222 aliud
1988 2183 2091 2223 sa:-

503 2256 690 2311 culum
723 2255 948 2322 sublati,
979 2257 1278 2326 aeternique
1324 2256 1522 2323 elI'ecti,
1569 2257 1937 2314 ineﬂ'ahilibus
1967 2259 2088 2329 ejus

504 2343 663 2397 bonis
692 2343 1048 2412 perfruemiui
1088 2363 1102 2399 :
1135 2346 1219 2400 sin
1252 2362 1379 2401 vero
1403 2362 1608 2402 morem
1643 2363 1751 2402 non
1775 2349 2084 2418 gesseritis,

501 2445 789 2503 postquam
841 2450 908 2489 ex
962 2436 1064 2491 hac
1111 2439 1218 2492 vita
1250 2438 1580 2506 migrabitis,
1631 2439 1683 2492 in
1724 2440 1905 2494 locum
1945 2441 2088 2510 ignis

502 2525 896 2593 conjiciemiui,
922 2527 1016 2582 ubi
1049 2538 1312 2583 mteruum
1344 2530 1544 2598 puniti,
1572 2528 1776 2585 frustra
1808 2531 2083 2585 ducemini

503 2621 820 2687 pmuitentia
871 2636 885 2672 :
930 2637 1056 2674 nam
1098 2623 1432 2690 paenitentiae
1477 2632 1693 2691 tempus
1741 2623 1794 2676 in
1831 2623 2084 2692 praesenti

502 2711 942 2781 uniuscujusque
985 2715 1094 2766 vita
1122 2713 1398 2767 consistit.
1435 2712 1560 2767 Haec
1605 2714 1770 2782 igitur
1798 2715 1887 2769 ille
1924 2715 2079 2770 dixit.

504 2802 616 2872 Ego
641 2819 771 2856 vero
801 2819 927 2855 cum
957 2803 1262 2868 audissem,
1294 2819 1437 2872 :egre
1473 2804 1712 2858 ferebam
1748 2806 1893 2875 quod
1921 2821 2084 2862 nemo

499 2910 566 2949 ex
613 2902 758 2947 tanta
792 2894 1160 2958 multitudine,
1214 2895 1401 2948 audita
1451 2903 1561 2948 tam
1619 2911 1816 2966 magna
1865 2897 2082 2951 nuutia-

501 2987 672 3052 tionc,
707 2986 933 3041 dixisset
973 3005 986 3040 :
1028 2985 1082 3040 lu
1122 2985 1365 3043 Judaaam
1408 2988 1743 3057 proﬁciscar,
1775 2998 1834 3043 ut
1868 2989 2078 3044 videant

501 3094 570 3132 an
605 3078 706 3133 iste
748 3093 872 3132 vera
906 3078 1194 3148 loquatur,
1231 3079 1360 3133 dum
1397 3079 1506 3145 ait,
1538 3079 1632 3134 Dei
1682 3079 1880 3134 Filium
1917 3083 2080 3138 adve-
2109 3104 2150 3159 ς

501 3171 652 3226 uisse
696 3171 749 3225 iu
797 3168 1062 3238 Judteam,
1113 3180 1335 3242 propter
1363 3171 1752 3241 sempiternam
1784 3188 1848 3227 ac
1881 3173 2081 3228 bonam

500 3278 675 3332 spem,
709 3265 801 3334 qui
838 3262 1016 3318 Patris
1059 3280 1089 3316 a
1120 3280 1232 3334 quo
1274 3264 1477 3318 missus
1505 3273 1591 3319 est
1623 3265 1958 3320 voluntatem
1985 3282 2084 3320 au-

500 3355 716 3410 nnutiet
751 3374 764 3408 :
791 3355 1236 3426 quandoquidem
1263 3367 1317 3410 et
1347 3356 1401 3411 id
1424 3356 1570 3426 quod
1601 3357 1758 3412 aiunt
1786 3373 1911 3412 eum
1944 3373 2083 3422 pra:-

499 3446 704 3514 dicare,
736 3464 844 3501 non
869 3458 951 3502 est
969 3449 1224 3518 exiguum
1259 3448 1664 3518 :quorumdam
1695 3451 1840 3504 enim
1868 3451 2082 3505 animas

498 3537 751 3601 allii-mat,
800 3548 857 3592 ut
902 3547 1029 3608 pote
1077 3538 1438 3604 immortales,
1484 3538 1888 3594 immortalibus
1913 3541 2079 3595 etiam

501 3643 568 3682 ac
599 3628 817 3682 a'teruis
851 3627 1009 3682 bouis
1061 3628 1360 3695 I‘ruituras;
1408 3629 1771 3699 quorumdam
1826 3625 1976 3697 vero,
2024 3631 2079 3685 iu

500 3720 683 3790 ignem
730 3720 1119 3774 iuexstinctum
1165 3720 1480 3790 projectas,
1543 3732 1805 3787 aeternum
1849 3723 2081 3793 punien-

498 3809 618 3862 das.

574 3898 707 3953 VIII.
735 3898 872 3954 Cum
925 3901 998 3955 ita
1029 3916 1155 3971 erga
1193 3910 1424 3958 caeteros
1465 3902 1692 3958 aﬂ‘ectus
1719 3919 1930 3968 essem,
1963 3906 2080 3961 haec

499 4007 720 4061 quoque
745 3994 813 4046 ad
845 3994 1113 4062 meipsum
1137 3995 1383 4049 dicebam
1415 4011 1429 4048 :
1463 3994 1646 4060 Quare
1671 4012 1800 4050 vero
1825 3998 1962 4052 alios
2001 3999 2080 4051 in-

499 4097 655 4147 cuso,
687 4084 781 4152 qui
825 4084 879 4137 in
910 4084 1102 4138 eodem
1143 4101 1267 4139 cum
1321 4086 1426 4141 illis
1472 4087 1702 4142 crimine
1736 4089 2078 4158 negligentia:

496 4176 727 4229 versor?
750 4191 869 4240 nee,
893 4176 1175 4246 dispositis
1197 4177 1352 4247 prius
1373 4179 1536 4233 rebus
1565 4180 1724 4242 meis,
1757 4179 1809 4232 in
1831 4179 2074 4236 Iudaeam

497 4266 662 4330 vado,
715 4267 867 4322 testis
898 4283 1091 4322 eorum
1143 4271 1391 4324 omnium
1443 4272 1662 4326 futurus
1711 4271 1859 4341 ipse?
1888 4272 2076 4344 Itaque

498 4357 629 4412 dum
659 4359 763 4413 hoc
786 4359 1077 4414 consilium
1104 4362 1391 4432 agitarem,
1420 4363 1652 4417 multum
1687 4362 1902 4418 interim
1933 4374 2073 4420 tem-

491 4451 646 4523 poris
688 4451 983 4518 terebatur,
1034 4454 1270 4524 negotiis
1319 4455 1482 4525 hujus
1527 4456 1713 4511 saeculi
1773 4473 1859 4512 me
1905 4459 1972 4513 ad
2011 4475 2072 4514 se
2103 4439 2149 4498 Ι)

496 4543 958 4610 pertraheutibus,
981 4559 1082 4599 uec
1109 4544 1319 4600 valente
1343 4562 1430 4602 me
1455 4547 1523 4602 ab
1561 4547 1629 4603 iis
1657 4549 1923 4618 expediri.
1962 4549 2067 4604 Sed

503 4633 741 4696 tandem,
767 4649 891 4688 cum
918 4635 1084 4688 vitam
1113 4635 1577 4702 considerassem,
1607 4654 1772 4708 quam
1798 4640 2070 4697 instabilis

496 4724 568 4778 sit
606 4739 673 4778 ac
711 4725 1028 4795 inaequalis,
1073 4741 1310 4796 cumque
1352 4727 1477 4781 dein
1529 4743 1691 4784 omne
1733 4733 2065 4800 praeteritum

493 4825 710 4887 tempus
737 4818 790 4871 in
822 4819 1143 4874 memoriam
1173 4836 1536 4888 revocassem,
1560 4826 1705 4891 quod
1741 4825 1903 4878 modo
1936 4827 2070 4881 sub-

499 4910 809 4966 blandiente
842 4912 976 4965 mihi
1017 4926 1234 4981 semper
1261 4928 1378 4983 spe,
1415 4913 1700 4983 hucusque
1735 4917 2066 4984 permansis-

496 5024 635 5075 sem,
675 5009 934 5079 quodque
959 5010 1044 5065 sic
1073 5025 1263 5064 omnes
1294 5009 1542 5064 homines
1580 5013 1830 5080 occupati
1862 5014 2066 5068 moria-

493 5115 652 5166 mur;
683 5109 878 5155 cuncta
909 5115 1026 5155 mea
1047 5107 1210 5171 prout
1233 5108 1388 5154 erant
1419 5099 1756 5170 relinquens,
1778 5103 2066 5158 confestim

2198 511 2328 580 προὶ
2356 513 2420 564 ἐκ
2437 510 2802 581 διαστήματος
2833 510 2990 581 μόνον
3027 509 3321 582 ἐνορῶντες
3353 510 3520 581 αὐτῷ,
3556 510 3766 582 ἰώμενοι

2193 602 2652 666 ἀπαλλάσσονται,
2695 603 2878 676 νεκροὶ
2911 603 3344 675 προσφερόμενοι
3378 603 3762 674 ἐξεγείρονται,

2195 693 2292 744 καὶ
2321 692 2474 744 οὐδέν
2506 693 2654 746 ἐστιν
2686 692 2716 745 ὃ
2747 693 2822 762 μὴ
2851 692 3074 756 δυνατὸς
3121 692 3208 764 εἴη
3260 695 3453 747 ποιεῖν.
3502 693 3611 746 Καὶ
3662 694 3767 764 ὅσῳ

2193 797 2258 849 γε
2300 782 2500 852 μᾶλλον
2536 785 2567 836 ὁ
2597 783 2788 855 χρόνος
2829 783 3158 854 προέκοπτε,
3195 784 3330 837 πολὺ
3372 783 3574 856 μείζων
3614 784 3656 815 ³⁸
3681 783 3766 838 διὰ

2195 872 2458 926 πλειόνων
2506 873 2616 927 τῶν
2661 875 3068 946 ἐπιδημούντων
3119 877 3214 929 καὶ
3262 875 3580 947 βεϐαιοτέρα
3611 875 3763 929 καθί-

2194 981 2378 1029 στατο,
2427 967 2528 1020 οὐκ
2559 966 2641 1021 ἔτι
2685 969 2838 1039 φήμη
2868 967 3031 1036 λέγω,
3068 966 3180 1021 ἀλλ’
3213 967 3348 1038 αὑτὴ
3374 967 3468 1020 τοῦ
3504 967 3764 1038 πράγμα-

2190 1073 2284 1120 τος
2320 1058 2354 1128 ή
2389 1057 2638 1128 ἀλήθεια.
2675 1059 2812 1132 Ἤδη
2853 1060 2965 1132 γάρ
2994 1077 3124 1113 ποτε
3152 1060 3244 1115 καὶ
3273 1061 3593 1130 συστήματα
3626 1058 3768 1136 κατά

2190 1149 2388 1213 τόπους
2433 1150 2664 1220 ἐγίνετο,
2699 1151 2898 1223 βουλῆς
2940 1153 3036 1206 καὶ
3087 1152 3331 1220 σκέψεως
3368 1151 3551 1216 ἕνεκα,
3589 1150 3652 1205 τὸ
3683 1151 3765 1215 τίς

2192 1241 2260 1296 ἂν
2282 1246 2311 1297 ό
2340 1245 2530 1312 φανεὶς
2560 1245 2668 1316 εῐη,
2698 1245 2793 1300 καὶ¹
2817 1246 2870 1299 τί
2895 1245 3142 1316 βούλεται
3179 1245 3374 1314 λέγειν.

2266 1330 2373 1387 VII.
2393 1335 2550 1406 Ἀρτι
2573 1335 2630 1388 δὲ
2654 1335 2748 1389 τοῦ
2780 1336 2931 1400 ἐτους
2959 1337 3094 1408 πρὸς
3111 1336 3172 1389 τὸ
3207 1336 3598 1409 φθινοπωρινδν
3627 1337 3764 1390 ἀπο-

2191 1427 2481 1493 κλίνοντος,
2499 1430 2638 1502 ἀνήρ
2657 1448 2743 1495 τις
2759 1431 2822 1503 δη
2833 1431 2993 1503 μοσία
3016 1429 3166 1494 στάς,
3194 1429 3439 1502 Ἀνδρες,
3467 1429 3594 1499 ἔφη,
3629 1431 3766 1484 Ῥω-

2151 1536 2153 1538 ·
2194 1523 2365 1590 μαίοι,
2393 1521 2686 1575 ἀκούσατεο
2718 1523 2747 1575 ὁ
2769 1521 2866 1574 τοῦ
2901 1520 3036 1574 Θεοῦ
3087 1520 3214 1584 Υἱὸς
3246 1520 3304 1573 ἐν
3331 1519 3615 1590 Ἰουδαίᾳυ
3661 1520 3764 1573 πά-

2192 1612 2403 1682 ρεστιν,
2435 1611 2902 1684 ἐπαγγελλόμενος
2931 1613 3071 1666 πᾶσι
3097 1615 3210 1674 τοῖς
3245 1609 3592 1681 βουλομένοις
3623 1611 3766 1682 ζωὴν

2190 1699 2424 1766 αἰώνιον,
2461 1701 2555 1756 ἐάν
2583 1702 2653 1756 τά
2672 1701 2815 1756 κατά
2834 1701 3058 1774 γνώμην
3089 1701 3184 1755 τοῦ
3211 1701 3522 1772 πέμψαντος
3541 1701 3766 1755 αύτδν’⁶

2191 1792 2457 1864 πράξωσι.
2484 1794 2576 1847 Διὸ
2608 1793 3004 1865 μεταϐάλλεσθε
3031 1793 3138 1846 ἀπὸ
3156 1792 3266 1847 τῶν
3294 1792 3556 1864 χειρόνων
3581 1793 3675 1846 ἐπὶ
3699 1791 3770 1846 τά

2191 1885 2495 1957 κρείττονα,
2528 1886 2637 1955 ἀπὸ
2677 1884 2787 1939 τῶν
2830 1885 3182 1958 προσκαίρων
3213 1886 3306 1938 ἐπὶ
3329 1883 3399 1937 τά
3434 1883 3650 1947 αἰώνια,
3676 1885 3770 1936 καὶ

2189 1975 2362 2045 γνῶτε
2396 1978 2484 2031 τὸν
2504 1979 2564 2031 ἐν
2591 1977 2770 2050 τρισὶν
2811 1975 3200 2030 ’Υποστάσεσιν
3225 1975 3320 2028 ἐνα
3338 1974 3474 2028 Θεὸν
3492 1975 3566 2038 ’³,
3595 1969 3657 2028 οὗ
3677 1975 3769 2027 τὸν

2190 2069 2396 2141 κόσμον
2421 2068 2620 2133 ἀδίκως
2645 2071 2845 2122 οἰκεῖτε
2875 2067 3181 2140 ἔμπροσθεν
3208 2069 3318 2122 τῶν
3349 2068 3515 2123 αὑτοῦ
3543 2069 3770 2122 δικαίων

2189 2160 2499 2232 ὀφθαλμῶν.
2540 2160 2676 2214 Ἀλλ’
2709 2160 2804 2214 ἐὰν
2845 2160 3251 2232 μεταϐάλησθε
3273 2161 3342 2221 ²²,
3368 2161 3464 2215 καὶ
3496 2160 3644 2215 κατά
3668 2160 3770 2232 τὴν

2153 2275 2156 2278 ’
2190 2253 2354 2308 αὑτοῦ
2413 2252 2645 2325 βιώσητε
2701 2252 2972 2326 βούλησιν,
3018 2255 3097 2318 εἰς
3142 2254 3327 2325 ἕτερον
3367 2253 3678 2324 ἐνεχθέντες
3722 2251 3771 2285 ⁸⁸

2187 2346 2382 2410 αἰῶνα,
2410 2347 2506 2401 καὶ
2539 2346 2698 2400 ἀΐδιοι
2744 2346 3039 2417 γινόμενοι,
3083 2345 3192 2399 τῶν
3237 2346 3565 2418 ἀπορρήτων
3599 2342 3768 2399 αὐτοῦ

2188 2438 2408 2507 ἀγαθῶν
2453 2438 2811 2492 ἀπολαύσετε·
2862 2436 2957 2490 ἐὰν
2999 2437 3054 2490 δὲ
3100 2435 3456 2507 ἀπειθήσητε,
3491 2435 3628 2506 μετὰ
3668 2434 3769 2505 τήν

2186 2529 2395 2583 ἐνθένδε
2423 2530 2743 2592 ἀποϐίωσιν,
2775 2532 2854 2593 εἰς
2881 2530 2972 2582 τὸν
3021 2529 3184 2582 τόπον
3223 2528 3318 2582 τοῦ
3363 2529 3532 2600 πυρὸς
3565 2526 3771 2598 ἐμϐλη-

2187 2617 2439 2689 θήσεσθε,
2470 2621 2604 2674 ὅπου
2633 2620 2818 2683 ἀϊδίως
2846 2619 3214 2690 κολαζόμενοι,
3246 2620 3481 2690 ἀνόνητα
3523 2637 3767 2689 μεταμε-

2185 2711 2504 2782 ληθήσεσθε.
2550 2713 2606 2764 '0
2637 2712 2748 2783 γὰρ
2776 2713 2878 2782 τῆς
2897 2712 3182 2782 μετανοίας
3209 2713 3418 2783 καιρὸς,
3447 2715 3480 2782 ή
3513 2711 3609 2764 νῦν
3640 2712 3772 2766 ἐκά-

2186 2820 2311 2858 στου
2363 2804 2479 2876 ζωή
2525 2804 2802 2874 τυγχάνει.
2854 2802 3040 2856 Ταῦτα
3071 2804 3168 2873 μὲν
3196 2799 3290 2856 οὖν
3317 2805 3524 2864 ἐκεῖνος
3561 2801 3768 2869 ἔλεγεν.

2198 2893 2336 2964 Ἐγὼ
2371 2895 2429 2949 δὲ
2475 2895 2686 2949 ἁκούων
2729 2895 2996 2967 ἠχθόμην,
3043 2896 3126 2948 ὅτι
3172 2895 3356 2965 μηδεὶς
3401 2897 3470 2948 ἐκ
3507 2895 3770 2949 τοσούτου

2183 2985 2419 3058 πλήθους
2444 2984 2773 3058 τηλικαύτην
2793 2985 3321 3054 ἀγγελίανσάκούσας,
3354 2987 3448 3048 Εἰς
3481 2985 3766 3051 Ἰουδαίαν,

2184 3071 2326 3140 εἷπε,
2356 3075 2712 3148 πορεύσομαι,
2753 3076 2840 3130 ἵνα
2871 3075 2983 3140 ἴδω,
3015 3079 3063 3129 εἰ
3101 3068 3255 3139 οὗτος
3284 3075 3538 3147 ἀληθεύει
3567 3076 3765 3146 λέγων,

2187 3167 2263 3230 ὡς
2290 3168 2400 3240 ἄρα
2428 3168 2555 3231 Υἱὸς
2580 3167 2678 3220 τοῦ
2707 3167 2842 3220 Θεοῦ
2870 3167 3235 3239 ἐπιδεδήμηκε
3260 3171 3328 3240 τῇ
3372 3167 3606 3239 Ἰουδαίᾳ
3635 3170 3770 3222 alo)-

2184 3260 2304 3323 νίας
2331 3277 2391 3312 τε
2417 3261 2510 3313 καὶ
2537 3260 2748 3332 ἀγαθῆς
2789 3260 2958 3331 χάριν
2975 3259 3206 3325 ἐλπίδος,
3245 3258 3468 3331 τὴν-τοῦ
3511 3259 3768 3331 πέμψαν-

2183 3369 2273 3416 τος
2314 3353 2526 3424 Πατρὸς
2568 3352 2820 3423 βούλησιν
2863 3352 3276 3422 καταγγέλλωνκ
3307 3353 3432 3409 ἐπεὶ
3478 3354 3575 3407 καὶ
3629 3355 3766 3427 ὅπερ

2184 3443 2431 3514 λέγουσιν
2457 3445 2618 3498 αὐτὸν
2662 3445 2978 3516 κηρύσσειν,
3010 3444 3112 3497 οὑκ
3154 3445 3273 3498 ἐστι
3299 3443 3513 3517 μικρόν·
3560 3438 3635 3499 ὧν
3666 3445 3764 3515 μὲν

2182 3536 2292 3608 γάρ
2315 3536 2414 3600 τάς
2456 3536 2634 3606 ψυχὰς
2661 3535 3085 3600 διαϐεϐαιοῦται,
3116 3537 3366 3600 αἰωνίους
3402 3536 3601 3602 οῦσας,
3633 3539 3762 3592 αἰω-

2183 3630 2313 3684 νίων
2355 3629 2757 3684 ἀπολαύσεσθαι
2797 3630 2891 3682 καὶ
2923 3629 3031 3682 τῶν
3073 3628 3312 3698 ἀγαθῶνο
3343 3621 3417 3682 ὧν
3444 3629 3514 3683 δὲ’
3535 3631 3773 3704 ἐν.πυρὶ

2180 3723 2428 3794 ἀσϐέστῳ
2457 3723 2725 3796 ριφείσας,
2748 3724 2828 3786 εἰς
2854 3719 3026 3774 αἰῶνα
3051 3719 3098 3752 ⁸⁸
3125 3720 3556 3792 κολασθήσεσθαι
3585 3722 3652 3777 ¹⁸ι

2255 3901 2386 3957 VIII.
2410 3902 2564 3956 Οὕτω
2597 3903 2846 3974 περὶτῶν
2865 3899 3068 3955 λοιπῶν
3089 3900 3248 3971 ἔχων,
3273 3897 3500 3952 τοιαῦτα
3518 3899 3611 3952 καὶ
3623 3897 3770 3972 πρδς·

2179 3994 2415 4065 ἐμαυτὸν
2446 3994 2656 4062 ἔλεγονο-
2683 3994 2747 4048 Τί
2776 3995 2839 4064 δή
2891 4011 3022 4047 ποτε
3065 3993 3351 4064 μέμφομαι
3388 3993 3516 4055 τοὺς
3542 3991 3763 4054 ἀλλους,

2178 4085 2236 4136 ἐν
2268 4082 2366 4154 ῐσεῳ
2403 4085 2502 4155 τῆς
2530 4084 2792 4154 ἀμελείας
2827 4083 2902 4136 ὢν
2944 4084 3172 4147 ἐκείνοις
3201 4082 3540 4154 ἐγκλήματι,
3575 4081 3668 4135 καὶ
3693 4081 3752 4134 οὗ

2179 4175 2441 4247 πρότερον
2488 4175 2580 4228 τὸν
2624 4175 2763 4245 ἐμὸν.⁴
2787 4175 2990 4240 διαθεὶς
3019 4175 3152 4246 βίον,
3184 4177 3263 4238 εἰς
3318 4174 3579 4228 Ἰουδαίαν
3624 4176 3748 4242 ἀφι-

2177 4266 2438 4338 κνοῦμαι,
2473 4267 2682 4340 μάρτυς
2733 4268 2841 4322 τῶν
2883 4269 3138 4325 τοιούτων
3169 4267 3331 4330 αὐτὸς
3363 4267 3750 4338 γενησόμενοςς

2178 4357 2354 4423 οὕτως
2383 4356 2478 4413 οὖν
2507 4360 2943 4431 βουλευσαμένῳ,
2975 4361 3142 4424 πολὺς
3165 4360 3194 4410 ὁ
3231 4358 3436 4429 μεταξὺ
3461 4356 3754 4428 διετρίϐετο

2177 4453 2388 4525 χρόνος,
2427 4453 2534 4508 τῶν
2585 4452 2850 4525 βιωτικῶν
2895 4470 2962 4522 με
3021 4451 3368 4525 πραγμάτων
3410 4449 3548 4522 πρὸς
3591 4446 3752 4501 ἐαυτά

2179 4520 2595 4616 περισπώντων,
2623 4544 2717 4596 καὶ
2744 4520 3082 4596 δυσεκλύτωύ
3118 4520 3206 4612 μοι
3239 4520 3560 4611 γινομένων..
3592 4535 3750 4596 Τέλος

2175 4635 2307 4705 γοῦν
2332 4637 2625 4708 συννοήσας
2653 4636 2746 4688 τὸν
2781 4634 2894 4704 βίον
2915 4635 3064 4698 ὅπως
3099 4633 3329 4695 ἀστατός
3360 4634 3476 4686 ἐστι
3501 4629 3593 4684 καὶ
3617 4623 3752 4679 ἀνώ-

2179 4728 2367 4800 μαλος,
2396 4724 2514 4780 εἶτα
2561 4727 2656 4780 καὶ⁸
2695 4727 2786 4780 τὸν
2814 4725 3014 4798 προτοῦ
3054 4725 3243 4797 χρόνον
3273 4723 3490 4781 ἅπαντα
3527 4722 3747 4789 διαμνη-

2184 4825 2472 4894 μονεύσας,
2493 4822 2641 4884 ὅπως
2669 4819 3069 4890 ύποσαινούσης
3096 4835 3163 4888 με
3193 4818 3279 4870 ἀεὶ
3307 4817 3412 4887 τῆς
3441 4814 3649 4876 ἐλπίδος
3668 4813 3745 4872 εἰς

2176 4915 2336 4987 δεῦρο
2363 4914 2690 4986 παρέμεινα,
2724 4913 2817 4966 καὶ
2851 4913 2932 4964 ὅτι
2951 4910 3123 4973 οὕτως
3147 4909 3532 4980 ἀσχολούμενοι
3555 4905 3748 4965 πάντες

2178 5006 2454 5075 ἄνθρωποι
2485 5005 2808 5076 θνήσκομεν,
2837 5003 2906 5056 τὰ
2935 5003 3111 5056 πάντα
3135 5018 3236 5072 μου
3265 5001 3343 5064 ὡς
3367 5001 3552 5069 ἔτυχεν
3571 4995 3741 5064 ἀφεὶς,

2175 5101 2256 5163 εἰς
2308 5098 2509 5152 Πόντον
2555 5099 2629 5169 (5)
2660 5097 2820 5159 εὐθὺς
2863 5095 3126 5166 ὥρμησα,
3171 5093 3265 5147 καὶ
3300 5095 3378 5156 εἰς
3419 5091 3514 5144 τὸν·
3558 5085 3741 5158 λιμένα

1757 5219 1993 5275 VARUS
2033 5216 2434 5275 LECTIONES.

567 5359 610 5388 "‘
643 5358 714 5410 al.
746 5356 945 5430 μεῖζον.
1027 5357 1068 5388 ¹⁹
1102 5355 1174 5409 al.
1204 5354 1521 5430 iuser._vﬁv.__
1575 5353 1702 5430 {faL
1736 5355 1901 5430 inser.
1935 5360 2140 5430 πατρὸς

2144 5399 2158 5412 .
2227 5362 2268 5394 ³⁸
2291 5361 2401 5414 Τὸν
2428 5363 2485 5412 ἐν
2513 5361 2689 5432 τρισὶν
2722 5353 3224 5432 ’Υποστάσεσινιένα
3246 5353 3395 5432 Θεὸνε
3441 5345 3740 5432 finitimu-

497 5418 858 5502 palatio,
881 5440 1071 5502 parum
1108 5428 1434 5481 necessaria.
1469 5423 1729 5479 Similiter
1758 5418 2062 5482 alibi.(.'or.'
2118 5418 2263 5485 v”al.
2303 5418 2696 5502 μεταϐάλησθε.
2772 5427 2899 5480 "al.
2935 5424 3271 5495 ἀναχθέντες.
3350 5419 3478 5472 "al.
3517 5418 3734 5475 αἰῶνας.

1824 5566 2193 5626 νΑιιιυιιυιι
2231 5563 2458 5621 NOTAE.

566 5661 642 5723 (5)
707 5660 864 5716 Forte
918 5660 1148 5731 ῐιόρτον,
1198 5658 1456 5724 Portum;
1494 5679 1718 5732 neiupe,
1761 5659 2092 5715 Romanum.
2136 5659 2264 5714 Vide
2304 5657 2620 5728 Martyrium
2662 5653 2883 5727 Ιυιιαιίἰ,
2923 5669 2979 5708 ιι.
3020 5669 3103 5718 vr,
3149 5660 3200 5706 et
3234 5646 3392 5710 infra,
3424 5660 3478 5697 u.
3507 5658 3712 5698 Lurut

495 5498 540 5526 "
575 5499 640 5550 al.
669 5495 1013 5561 κολάζεσθαι.

495 5729 662 5786 (ltus.
