4048 6146
384 294 483 350 ι77

1192 275 1647 349 αωιιΕΝτιΝΑ.
1684 323 1754 334 -
1791 291 2091 349 EPITOME
2126 257 2215 350 ne
2237 293 2477 351 assus
2512 294 2570 349 s.
2601 292 2828 351 PETRI.

3526 298 3630 353 478

380 416 550 472 ἐλθών
576 434 636 470 τε
667 419 761 471 καὶ
781 416 1052 490 ἀναχθεὶς,
1084 415 1299 487 ἀνέμων
1325 417 1679 481 ἀντιπνοίαις,
1716 417 1835 471 ἀντὶ
1853 415 1948 470 τοῦ

2052 417 2119 470 ad
2151 432 2300 473 mare
2343 417 2665 488 properavi;
2714 427 2768 471 et
2813 417 2867 471 in
2898 415 3130 474 Pontum
3167 432 3423 486 vemens,
3466 429 3629 490 atque

379 506 460 569 είς
506 505 765 562 Ἰουδαίαν
791 509 1047 580 κατᾶραι,
1074 508 1416 580 προσώκειλα
1442 511 1509 581 τῇ
1558 506 1950 579 Ἀλεξανδρείᾳ.

391 593 542 650 Ἐκεῖ
580 597 638 652 δὲ
686 598 1011 668 συνεφοίτων
1062 603 1176 662 τοῖς
1224 600 1533 669 φιλοσόφοις
1554 639 1570 666 ,
1627 598 1954 670 πνευμάτων

378 687 648 767 ἐπηρείας
670 689 767 759 ήδη
798 706 889 761 μοι
923 688 1017 743 τὸν
1055 688 1223 743 πλοῦν
1252 689 1577 761 ἐπεχούσης,
1600 690 1695 743 καὶ¹
1728 688 1797 742 τὰ
1826 690 1955 761 περὶ

375 778 481 849 τῆς
512 781 717 851 φήμης,
744 780 809 851 ἢν
834 781 861 833 ό
895 781 1082 848 φανεὶς
1103 781 1160 833 ἐν
1194 779 1377 852 Ῥώμῃ
1402 781 1692 852 διήγγειλε,
1717 779 1812 834 καὶ
1831 779 1955 834 τίνα

348 864 349 867 “
376 887 442 939 γε
467 869 504 924 ἀ
533 871 910 939 καταγγέλλοι,
952 871 1139 941 σαφῶς
1170 871 1378 927 ἕκαστα
1410 872 1728 940 καταλέγειν
1747 871 1947 943 ἠξίουν.

378 963 442 1014 Οἱ
471 962 548 1026 δέ,
588 962 828 1017 Φανέντα
874 963 993 1032 μὲν,
1039 959 1213 1026 εἶπον,
1258 963 1317 1016 ἐν
1366 961 1551 1035 Ῥώμῃ
1595 963 1795 1017 τοιόνδε
1832 962 1953 1017 τινά

377 1052 647 1115 ὅλωςούκ
682 1051 859 1123 ἴσμεν·
892 1052 1021 1124 περὶ
1043 1053 1100 1107 δέ
1127 1052 1222 1107 τοῦ
1266 1054 1325 1106 ἐν
1372 1054 1602 1125 Ἰουδαίᾳ
1634 1051 1949 1124 γενομένου,

376 1143 471 1194 καὶ
495 1141 626 1195 Υίοὺ
656 1142 790 1196 Θεοῦ
832 1144 937 1196 ὑπὸ
973 1143 1076 1214 τῆς
1102 1143 1290 1215 φήμης
1327 1144 1752 1215 κηρυττομένου,
1801 1140 1950 1212 παρὰ

376 1232 585 1288 πολλῶν
630 1234 740 1287 τῶν
793 1235 999 1288 ἐκεῖθεν
1042 1234 1375 1305 ἐληλυθότων
1393 1274 1409 1299 ,
1461 1234 1794 1305 ἠκούσαμεν,
1852 1233 1949 1286 καὶ

378 1326 505 1396 περὶ
537 1324 754 1379 πάντων
774 1318 848 1381 ὧν
879 1325 1053 1381 ἐποίει
1088 1325 1184 1381 κα)⁹
1216 1324 1358 1398 ψιλῷ
1382 1325 1461 1398 τῷ
1502 1326 1704 1398 ῥήματι
1733 1324 1948 1397 θαυμα-

378 1415 508 1477 σίων
540 1416 837 1488 ἐμάθομεν.

442 1595 535 1652 IX.
553 1597 610 1651 Ἐ
616 1596 718 1668 μοῦ
736 1597 793 1653 δέ
817 1598 1078 1662 εἰπόντος·
1095 1597 1393 1671 ἐϐουλόμην
1408 1598 1513 1652 τινὶ
1531 1598 1639 1653 τῶν
1652 1598 1699 1631 ’⁸
1711 1597 1949 1670 ἑωρακό-

346 1706 349 1709 ‘
375 1706 483 1743 των
514 1690 674 1743 αὑτὸν
698 1690 1077 1758 συγγενέσθαι,
1105 1691 1200 1744 καὶ
1220 1690 1321 1743 ὅσα
1341 1689 1491 1744 ποθῶ
1515 1689 1703 1760 μαθεῖν
1714 1687 1945 1744 ἀκοῦσαι

2054 509 2389 575 subvectus,
2435 508 2613 563 ventis
2661 508 3107 572 adversantibus,
3165 526 3267 580 pro
3320 508 3507 565 Iudaea
3558 525 3625 567 au

2053 615 2219 670 quam
2270 598 2468 656 deferri
2515 600 2831 668 cupiebam,
2873 601 3255 656 Alexandriam
3309 604 3511 673 appuli.
3550 605 3622 659 lbi

2053 701 2235 746 autem
2310 691 2378 746 ad
2454 691 2809 760 philosophos
2886 693 3212 748 ventilabam
3298 695 3625 765 (ventorum

2052 782 2250 851 quippe
2282 781 2365 834 vis
2387 779 2564 834 adhuc
2584 780 2982 849 navigationem
3010 780 3329 850 inhibebat),
3356 782 3626 851 petebant-

2052 888 2159 942 que
2195 880 2254 926 ut
2308 871 2523 941 singula
2575 872 2720 927 clare
2767 880 3089 925 enarrarent
3140 872 3207 926 de
3262 887 3328 927 eo
3381 890 3621 939 rumore,

2052 981 2212 1036 quem
2246 964 2292 1021 is
2323 965 2416 1035 qui
2446 962 2634 1019 Romae
2668 973 2993 1034 conspectus
3016 962 3191 1019 fuerat
3223 966 3620 1032 annuntiasset,

2052 1071 2118 1111 ac
2147 1071 2394 1126 quaenam
2438 1056 2527 1109 ille
2565 1055 2917 1125 divulgasset.
2952 1054 3023 1109 At
3056 1056 3132 1109 illi
3176 1057 3574 1125 responderunt
3605 1075 3620 1111 :

2052 1146 2202 1203 Talis
2230 1147 2499 1218 quispiam
2532 1163 2598 1200 an
2626 1145 2813 1201 Romae
2850 1147 3002 1201 visus
3037 1145 3219 1211 fuerit,
3250 1146 3411 1215 plane
3440 1147 3622 1204 nesci-

2050 1255 2209 1305 mus;
2245 1240 2312 1293 de
2355 1252 2421 1293 eo
2468 1247 2649 1294 autem
2687 1237 2779 1307 qui
2820 1238 2874 1291 in
2916 1235 3100 1293 Iudaea
3146 1237 3326 1308 degit,
3371 1250 3425 1291 et
3451 1236 3624 1295 Filius

2050 1327 2145 1383 Dei
2174 1344 2295 1383 esse
2318 1343 2347 1382 a
2376 1326 2518 1385 fama
2551 1327 2898 1397 praedicatur,
2933 1327 3242 1383 audivimus
3268 1342 3297 1381 a
3321 1327 3506 1383 multis
3529 1328 3622 1397 qui

2050 1418 2199 1474 illinc
2228 1425 2515 1483 venerunt,
2550 1424 2603 1471 et
2642 1417 3010 1472 intelleximus
3045 1417 3112 1471 de
3141 1417 3483 1473 mirabilibus
3506 1433 3627 1473 om-

2048 1509 2212 1564 nibus
2238 1524 2359 1579 quae
2389 1508 2506 1563 solo
2528 1509 2690 1561 etiam
2717 1507 2883 1561 verbo
2913 1507 3101 1562 edidit.

2119 1595 2210 1650 ιχ.
2237 1596 2301 1651 Ει
2329 1612 2453 1652 cum
2486 1596 2723 1651 dicerem
2745 1611 2943 1665 cupere
2972 1611 3058 1650 me
3089 1595 3143 1649 in
3168 1594 3502 1665 colloquium
3532 1613 3626 1652 ve-

2050 1690 2167 1744 nire
2195 1704 2320 1744 cum
2351 1689 2536 1759 aliquo
2568 1702 2762 1743 eorum
2808 1688 2901 1758 qui
2944 1687 3094 1741 illum
3140 1687 3425 1755 vidissent,
3460 1698 3625 1759 atque

374 1781 504 1851 περὶ
532 1779 715 1846 αὑτοῦ,
751 1780 1110 1845 ὑπολαϐόντες
1138 1781 1352 1846 ἐκεῖνοι,
1389 1782 1545 1835 Ἔστι
1577 1800 1661 1847 τις
1697 1781 1948 1842 ἐνταῦθα.

2051 1780 2119 1836 de
2146 1796 2211 1835 eo
2243 1780 2432 1835 audire
2453 1793 2791 1849 quazcunque
2817 1779 2958 1833 scire
2980 1794 3265 1847 cuperem;
3292 1781 3624 1850 excipientes

375 1870 560 1940 φασὶν,
590 1872 652 1924 οὑ
688 1872 844 1942 μόνον
870 1873 1162 1943 ἱστορήσας
1184 1871 1367 1934 αὑτὸν,
1399 1872 1534 1925 ἀλλά
1556 1874 1651 1927 καὶ
1678 1874 1777 1945 τῆς
1810 1875 1952 1927 ἐκεῖ-

373 1962 465 2015 θεν
497 1964 601 2035 γῆς
630 1963 911 2035 ὑπάρχων,
945 1963 1086 2036 ἀνὴρ
1108 1963 1289 2034 τίμιος
1311 1960 1534 2035 ὀνόματι
1556 1964 1860 2034 Βαρνάϐας,
1890 1964 1951 2029 δς

372 2053 469 2106 ἕνα
494 2055 588 2107 καὶ
614 2054 726 2107 τῶν
768 2053 932 2108 αὐτοῦ
968 2054 1223 2125 μαθητῶν
1254 2054 1443 2108 ἐαυτὸν
1471 2050 1611 2108 εἶναι
1648 2053 1818 2123 λέγει,
1854 2054 1950 2109 καὶ

372 2145 604 2199 ἐνταῦθά
649 2164 753 2203 που
800 2146 1179 2218 καθεζόμενος,
1210 2145 1279 2199 τὰ
1308 2148 1437 2216 παρ’
1459 2147 1665 2200 ἐκείνου
1707 2148 1949 2220 ὑπεσχη-

373 2235 510 2307 μένα
547 2238 656 2299 τοῖς
700 2236 811 2289 τῶν
846 2236 1103 2291 τοιούτων
1153 2238 1356 2305 ἀξίοις,
1387 2238 1618 2309 ἑτοίμως
1659 2238 1736 2311 τῷ
1767 2238 1950 2308 βουλο-

373 2327 519 2399 μένῳ
547 2326 785 2391 διέξεισι.
812 2328 922 2381 Καὶ
945 2328 1083 2398 δῆτα
1109 2328 1202 2382 τὸν
1229 2328 1393 2384 τόπον
1420 2327 1742 2383 καταλαϐὼν
1772 2331 1851 2393 είς
1889 2330 1947 2383 δν

367 2404 563 2489 ὑάνὴρ
600 2415 778 2471 είώθει
810 2417 1155 2483 καθέζεσθαι,
1195 2420 1291 2473 καὶ
1323 2418 1487 2491 μέρος
1530 2419 1624 2472 κα)⁸
1652 2418 1812 2482 αὐτὸς
1851 2419 1946 2472 τοῦ

370 2509 793 2579 περιεστηκότος
835 2509 1073 2582 πλήθους
1106 2510 1417 2582 γενόμενος,
1462 2512 1626 2584 ἔστην
1660 2514 1946 2567 ἐπακούων

367 2600 478 2653 τῶν
509 2598 834 2671 λεγομένων,
865 2603 958 2654 καὶ
994 2603 1275 2656 συνενόουν
1310 2603 1519 2675 τάληθῆ
1544 2605 1604 2657 οὑ
1634 2604 1943 2678 διαλεκτικῇ

367 2690 479 2743 τινὶ
514 2690 674 2762 τέχνῃ
704 2691 1022 2747 διδάσκοντα
1050 2693 1259 2758 τοῦτον,
1292 2694 1405 2747 ἀλλ’
1436 2696 1946 2768 ἀπαρασκευάστως

363 2780 509 2836 οὑτω
529 2784 624 2835 καὶ
646 2783 832 2847 ἁπλῶς
857 2784 1235 2866 ἐκτιθέμενον,
1250 2785 1285 2840 ἆ
1304 2803 1364 2839 τε
1387 2787 1588 2858 ήκουσε
1614 2788 1707 2841 καὶ
1729 2787 1942 2860 ἑώρακε

344 2873 457 2927 τὸν
482 2872 576 2926 τοῦ
606 2873 740 2927 Θεοῦ
771 2875 1006 2945 φανέντα
1036 2877 1163 2930 Υἱὺν
1188 2879 1545 2948 πεποιηκέναι
1573 2896 1634 2931 τε
1665 2880 1759 2933 καὶ
1792 2882 1945 2952 εἰρη-

363 2965 539 3021 κέναι.
571 2966 806 3032 Πολλοὺς
832 2967 889 3022 δέ
933 2968 1215 3041 μάρτυρας
1244 2969 1352 3023 τῶν
1389 2971 1479 3023 ὑπ’
1509 2969 1674 3023 αὑτοῦ
1711 2970 1943 3043 λεγομέ-

364 3075 475 3112 νων
502 3057 817 3130 θαυμασίων
843 3078 901 3113 τε
930 3062 1023 3115 καὶ
1047 3060 1239 3130 λόγων,
1260 3059 1320 3127 ἐξ
1337 3060 1503 3116 αὑτοῦ
1533 3061 1628 3116 τοῦ
1660 3064 1944 3135 παρεστῶ-
1971 3099 2013 3155 C

358 3166 457 3214 τος
483 3150 641 3221 δχλου
672 3153 982 3223 παρείχετο.

432 3240 504 3307 Χ.
549 3243 697 3296 Ἐπεὶ
717 3242 773 3296 δὲ
803 3244 940 3314 πρὸς
966 3242 1033 3296 τά
1054 3245 1184 3315 παρ’
1205 3241 1369 3297 αὑτοῦ
1406 3243 1769 3317 ἀπανούργως
1794 3246 1947 3315 λεγό-

365 3351 506 3420 μενα
536 3334 707 3406 ἡδέως
748 3336 799 3388 οἱ
826 3334 971 3405 ὄχλοι
998 3335 1289 3399 διέκειντο,
1326 3336 1376 3389 oi
1422 3336 1488 3389 ἐκ
1534 3336 1783 3401 παιδείας
1853 3355 1947 3392 κο-

363 3425 568 3496 σμικῆς
611 3424 920 3499 ὁρμώμενοι
976 3424 1286 3496 φιλόσοφοι,
1332 3425 1609 3497 χλευάζειν
1636 3428 1799 3483 αὑτὸν
1852 3430 1949 3484 καὶ

359 3517 528 3589 γελᾷν
571 3517 905 3589 ἐπειρῶντο,
938 3516 1281 3583 σκώπτοντες
1321 3519 1545 3592 ἀμέτρῳ
1591 3519 1801 3592 θράσει,
1852 3522 1947 3576 καὶ

338 3608 727 3681 διασύροντες,
758 3611 852 3664 καὶ
880 3604 967 3669 οἷα
1015 3610 1269 3683 μεγάλοις
1316 3610 1500 3675 ὅπλοις
1546 3614 1660 3675 τοῖς
1704 3612 1947 3681 συλλογι-

365 3704 527 3771 σμοῖς
556 3704 676 3754 κατ’
695 3700 859 3755 αὑτοῦ
888 3703 1177 3775 χρώμενοι.
1197 3703 1253 3757 Ὀ
1273 3702 1329 3757 δέ
1355 3701 1741 3774 ἀπωθούμενος
1767 3704 1946 3759 αὑτῶν

360 3791 457 3845 τὸν
500 3793 685 3865 λῆρον,
723 3795 785 3847 οὑ
824 3795 1143 3867 συνέτρεχεν
1182 3794 1361 3849 αὑτῶν
1391 3797 1457 3866 τῇ
1489 3795 1781 3867 πανούργῳ
1815 3794 1947 3849 πεύ-

365 3899 471 3947 σει,
503 3884 636 3937 ἁλλά
657 3886 751 3937 καὶ
778 3886 1196 3957 ἀκατάπληκτος
1224 3886 1300 3939 ῶν
1320 3886 1497 3956 λέγειν
1527 3888 1627 3941 οὐκ
1656 3887 1942 3957 ἀφίστατο.

364 3976 478 4029 Καί
523 3976 657 4028 ποτέ
698 3994 783 4040 τις
821 3977 1122 4043 διαπαίζων
1167 3978 1325 4050 δῆθεν
1378 3978 1541 4032 αὑτὸν
1593 3978 1941 4035 ἐπυνθάνετο’

364 4069 465 4121 Διά
493 4068 567 4132 τί,
596 4062 641 4121 ὧ
667 4069 755 4122 νέε
774 4069 1082 4133 διδάσκαλε,
1112 4068 1312 4143 κώνωψ
1345 4069 1581 4139 ἐγένετο,
1617 4070 1711 4125 καὶ
1741 4069 1940 4146 βραχύ-

363 4176 529 4223 τατος
554 4159 651 4225 ὣν,
700 4159 760 4225 ἐξ
790 4161 953 4225 πόδας
984 4161 1122 4231 ἔχων
1168 4162 1262 4223 καὶ
1306 4160 1484 4234 πτερά
1529 4161 1717 4237 φέρει·
1748 4160 1945 4231 ἐλέφας

364 4251 423 4305 δὲ
467 4252 529 4304 τὸ
572 4252 825 4323 μέγιστον
855 4254 991 4318 ζῶον
1028 4254 1262 4324 ἄπτερος
1292 4253 1396 4317 ὣν,
1435 4253 1709 4325 τέσσαρας
1753 4252 1946 4324 μόνους

366 4343 479 4414 ἔχει
509 4344 703 4409 πόδας;
738 4344 795 4397 '0
822 4345 879 4416 δὲ
898 4345 997 4416 τὴν
1014 4344 1360 4411 διδασκαλίαν
1389 4345 1527 4416 πρὸς
1551 4344 1648 4416 τὴν
1676 4344 1943 4416 ἐρώτησιν

2051 1872 2127 1927 illi
2161 1873 2417 1927 dixerunt
2446 1887 2461 1924 :
2494 1870 2592 1925 Est
2622 1872 2712 1924 hic
2739 1871 2983 1940 quidam,
3019 1870 3115 1941 qui
3145 1886 3255 1925 non
3284 1871 3460 1926 solum
3488 1872 3626 1927 vidit

2050 1980 2198 2030 eum,
2229 1964 2324 2018 sed
2359 1970 2414 2017 et
2454 1977 2521 2017 ex
2567 1977 2634 2016 ea
2670 1962 2891 2031 regione
2936 1962 3207 2017 oriundus
3228 1971 3334 2028 est,
3363 1963 3621 2029 eximius,

2050 2055 2273 2111 nomine
2312 2053 2615 2121 Barnabas,
2658 2054 2751 2124 qui
2800 2069 2858 2108 se
2902 2053 3066 2108 etiam
3096 2055 3170 2108 ait
3204 2071 3373 2109 unum
3402 2071 3526 2110 esse
3555 2073 3623 2111 ex

2049 2146 2333 2216 discipulis
2363 2146 2546 2212 illius;
2593 2153 2647 2200 et
2688 2144 2775 2200 hic
2804 2144 3006 2199 alicubi
3036 2146 3252 2212 sedens,
3280 2162 3402 2216 quae
3430 2149 3499 2202 ab
3528 2148 3624 2205 illo

2048 2240 2320 2313 promissa
2353 2248 2502 2307 sunt,
2536 2237 2725 2293 talium
2773 2236 2978 2307 dignis,
3026 2237 3076 2291 ei
3125 2238 3218 2308 qui
3266 2237 3411 2292 velit-
3436 2250 3624 2293 narrat

2050 2334 2212 2389 ultro.
2243 2333 2309 2388 Et
2336 2332 2556 2403 quidem
2584 2330 2652 2385 ad
2681 2330 2860 2383 locum
2887 2328 2943 2382 in
2963 2328 3075 2398 q'uo
3099 2329 3182 2382 vir
3213 2328 3404 2384 sedere
3426 2328 3623 2385 solitus

2048 2432 2168 2479 erat
2206 2423 2353 2489 veni,
2390 2422 2689 2496 atqueipse
2718 2433 2936 2490 quoque
2959 2433 3089 2488 pars
3117 2417 3193 2473 fui
3217 2419 3624 2475 circumstantis

2047 2512 2435 2579 multitudinis,
2463 2511 2696 2581 stetique
2718 2512 2947 2569 audiens
2994 2527 3116 2584 qua:
3152 2510 3367 2565 dicebat
3398 2526 3411 2562 :
3446 2525 3511 2565 ac
3538 2512 3624 2564 in-

2050 2604 2229 2659 tellexi
2260 2618 2386 2658 vera
2429 2618 2555 2657 eum
2605 2618 2713 2657 non
2762 2602 3048 2659 dialectica
3092 2602 3202 2657 ulla
3236 2610 3353 2655 arte
3401 2600 3620 2667 docere,

2047 2694 2143 2750 sed
2172 2693 2309 2748 adeo
2336 2693 2452 2747 sine
2485 2692 2947 2762 praemeditatione
2988 2710 3053 2749 ac
3094 2692 3416 2763 simpliciter
3455 2706 3625 2761 expo-

2045 2807 2177 2847 nere
2205 2806 2328 2861 qute
2350 2790 2598 2845 audierat
2621 2798 2675 2845 et
2708 2791 2918 2846 viderat
2948 2790 3043 2846 Dei
3075 2790 3297 2854 Filium,
3331 2789 3426 2859 qui
3456 2804 3623 2858 appa—

2045 2884 2176 2950 ruit,
2208 2882 2405 2937 fecisse
2434 2897 2497 2936 ac
2530 2881 2755 2937 dixisse.
2789 2881 2990 2938 Multos
3019 2891 3199 2938 autem
3230 2880 3405 2937 testes
3436 2881 3624 2936 verbo-

2044 2992 2167 3031 rum
2199 2990 2263 3030 ac
2295 2974 2631 3028 mirabilium
2664 2990 2786 3045 quae
2833 2976 2902 3030 ab
2937 2975 3057 3046 ipso
3086 2974 3527 3047 proferebantur,
3554 2989 3621 3029 ex

2046 3068 2165 3139 ipsa
2195 3066 2485 3122 assistente
2515 3067 2669 3136 plebe
2694 3067 3050 3138 producebat.

2116 3240 2187 3297 Χ.
2219 3240 2580 3312 Verumquia
2604 3242 2671 3297 ad
2712 3257 2777 3297 ea
2809 3258 2932 3313 quae
2963 3243 3032 3297 ab
3071 3242 3191 3313 ipso
3218 3242 3447 3298 candide
3475 3243 3622 3299 dice-

2048 3332 2271 3398 bantur,
2308 3333 2540 3389 libenter
2579 3333 2811 3404 populus
2842 3334 3252 3403 acquiescebat;
3283 3334 3619 3405 philosophi,

2048 3434 2237 3495 utpote
2264 3426 2358 3496 qui
2383 3441 2450 3481 ex
2484 3426 2712 3496 hujusce
2744 3425 2933 3480 mundi
2964 3425 3250 3495 disciplina
3282 3425 3619 3495 prodierant,

2048 3517 2317 3572 ludilicari
2347 3532 2473 3571 eum
2496 3532 2559 3570 ac
2587 3515 2765 3571 ridere
2791 3516 3164 3582 ordiebantur,
3200 3516 3492 3571 immodica
3522 3531 3622 3571 au-

2046 3608 2202 3663 dacia
2248 3608 2565 3663 cavillantes
2604 3614 2766 3677 atque
2808 3607 3025 3677 probris
3054 3607 3409 3674 incessentes,
3441 3616 3496 3662 et
3524 3606 3623 3661 ad-

2044 3714 2236 3754 versus
2254 3714 2377 3753 eum
2406 3707 2616 3754 utentes
2647 3699 2977 3770 syllogismis
3011 3708 3271 3769 tanquam
3314 3700 3485 3755 armis
3522 3715 3622 3769 po-

2048 3791 2311 3845 tentibus.
2345 3790 2415 3844 At
2446 3791 2535 3846 ille
2574 3791 2806 3860 ineptias
2843 3806 3034 3845 eorum
3081 3779 3366 3861 repellens,
3401 3799 3621 3847 versute

2047 3883 2289 3954 ipsorum
2316 3883 2728 3953 interrogationi
2773 3898 2883 3937 non
2924 3884 3266 3950 occurrebat,
3294 3900 3482 3939 verum
3517 3885 3621 3947 im-

2045 3978 2368 4051 perterritus
2401 3991 2510 4031 non
2544 3976 2829 4030 desinebat
2858 3976 3033 4045 loqui.
3068 3974 3133 4029 Et
3172 3975 3467 4046 aliquando
3494 3976 3622 4047 qui-

2044 4070 2169 4126 dam
2205 4069 2552 4140 jocabundus
2591 4068 2819 4138 rogabat
2846 4082 2971 4121 eum
3006 4083 3021 4118 :
3055 4066 3255 4132 Quare,
3287 4082 3321 4122 ο
3350 4084 3489 4129 nove
3516 4069 3619 4123 do-

2044 4172 2183 4227 ctor,
2210 4162 2286 4216 ita
2337 4160 2515 4216 factus
2563 4168 2647 4215 est
2675 4159 2853 4223 culex,
2892 4168 2953 4213 ut
2974 4158 3235 4212 minimus
3266 4158 3534 4224 existens,
3565 4168 3620 4215 et

2044 4267 2139 4309 sex
2169 4252 2333 4322 pedes
2377 4251 2606 4317 habens,
2646 4250 2977 4319 insuperque
3011 4249 3129 4304 alas
3168 4257 3357 4318 gerat;
3396 4250 3619 4318 elephas

2042 4360 2196 4410 vero,
2224 4338 2522 4399 maximum
2553 4341 2779 4408 animal,
2808 4357 2933 4397 cum
2978 4349 3162 4396 careat
3205 4341 3307 4397 alis
3332 4381 3348 4407 ,
3382 4349 3619 4411 quatuor

368 4437 563 4508 μικρὸν
592 4436 850 4507 ἐπισχὼν,
872 4428 1126 4509 οὐδεμιᾶς
1154 4438 1334 4508 μέντοι
1353 4438 1431 4508 τῷ
1448 4438 1786 4510 ἐρωτήσαντι
1812 4437 1949 4509 πρὸς

2053 4446 2262 4493 tantum
2299 4436 2463 4508 pedes
2487 4436 2718 4491 habeat?
2748 4433 2843 4490 llle
2874 4443 3056 4490 autem
3080 4435 3329 4489 doctrina
3353 4433 3420 4488 ad
3452 4434 3620 4487 inter.

363 4528 537 4581 ταῦτα
584 4528 845 4600 μεταδοὺς
892 4529 1265 4600 ἀποκρίσεως,
1312 4529 1404 4582 τὸν
1452 4530 1547 4583 ἀπ’
1574 4528 1751 4601 ἀρχῆς
1797 4528 1947 4599 αὑτῷ

366 4622 723 4691 προκείμενον
770 4618 927 4685 αὖθις
970 4621 1308 4692 ἀνελάμϐανε
1353 4620 1530 4690 λόγονπ
1575 4619 1749 4690 τούτῳ
1805 4620 1948 4691 μόνῳ

366 4712 636 4783 προοιμίῳ
679 4712 802 4766 καθ’
840 4713 1078 4783 ἑκάστην
1106 4712 1346 4784 ἐγκοπὴν
1390 4711 1699 4784 χρώμενος·
1759 4711 1948 4782 Ἡμεῖς

364 4803 460 4856 τοῦ
490 4804 801 4876 πέμψαντος
819 4807 969 4877 ἡμᾶς
996 4806 1125 4869 τοὺς
1154 4804 1345 4873 λόγους
1373 4805 1468 4857 καὶ
1485 4803 1580 4866 τὰς
1612 4802 1948 4874 θαυμασίους

366 4896 595 4967 πράξεις
646 4900 820 4951 εἰπεῖν
849 4899 978 4968 ὑμῖν
1010 4897 1169 4969 μόνον
1202 4895 1401 4967 ἔχομεν
1426 4896 1673 4965 ἐντολὴν,
1704 4896 1800 4948 καὶ
1826 4895 1948 4948 ἀντὶ

364 4989 467 5059 τῆς
498 4987 723 5059 λογικῆς
761 4988 1087 5053 ἀποδείξεως
1136 4987 1420 5059 μάρτυρας
1459 4986 1772 5057 παρέχομεν
1818 4986 1947 5056 ὑμῖν

364 5082 474 5135 τῶν
503 5080 738 5135 ἐνταῦθα
783 5080 1149 5152 παρεστώτων
1178 5078 1423 5142 πολλούς·
1460 5077 1647 5131 λοιπὸν
1684 5077 1785 5148 τῆς
1814 5079 1946 5149 ὑμε-

363 5174 528 5245 τέρας
572 5173 719 5226 ἐστὶν
748 5159 1033 5243 ἐξουσίας,
1085 5173 1327 5227 ὑπείκειν
1365 5171 1399 5249 ἢ
1447 5170 1713 5226 ἀπειθεῖν.
1742 5171 1849 5225 Τοῦ
1888 5175 1944 5228 δὲ

365 5264 544 5334 λέγειν
571 5265 702 5337 ὑμῖν
729 5264 790 5317 τὸ
820 5266 1119 5336 συμφέρον,
1147 5266 1210 5335 οὑ
1238 5265 1555 5335 παύσομαι,
1584 5264 1666 5316 ὃτι
1694 5265 1819 5336 ἐμοὶ
1848 5267 1945 5336 μὲν

366 5356 539 5429 ζημία
567 5358 629 5412 τὸ
662 5359 899 5429 σιωπᾷν,
933 5346 1060 5429 ὑμῖν
1092 5358 1149 5412 δὲ
1181 5358 1243 5411 τὸ
1285 5356 1527 5411 ἀπειθεῖν
1558 5356 1751 5427 βλάϐη.
1793 5358 1943 5411 Ἐδυ-

366 5450 545 5522 νάμην
579 5452 677 5523 μὲν
698 5446 792 5505 οὖν
821 5452 916 5505 καὶ
942 5451 1165 5505 είκαίων
1195 5450 1350 5523 ὑμῶν
1377 5448 1783 5522 προϐλημάτων
1812 5451 1945 5507 ἀπο-

367 5542 550 5597 δοῦναι
593 5545 694 5615 τὰς
736 5544 1060 5614 ἀποδείξεις,
1088 5544 1201 5614 εἴγε
1237 5544 1548 5616 φιλαλήθως
1587 5541 1773 5615 ἐώρων
1801 5544 1945 5613 ὑμᾶς

372 5637 496 5706 περὶ
542 5638 743 5692 τούτων
789 5638 1250 5709 πυνθανομένους’
1300 5638 1556 5702 κώνωπος
1599 5637 1656 5690 δέ
1695 5638 1787 5690 καὶ
1831 5636 1943 5689 ἐλέ-

371 5743 567 5796 φαντος
612 5732 712 5810 τὴν
756 5732 935 5797 αξτξαν
979 5729 1077 5802 τῆς
1127 5729 1381 5801 διαφόρου
1420 5730 1807 5809 δημιουργίας,
1848 5727 1942 5791 νῦν

2048 4533 2386 4601 rogationem
2419 4529 2696 4599 paulisper
2738 4526 3001 4591 cohibita,
3029 4526 3180 4579 nullo
3211 4535 3392 4579 tamen
3424 4524 3493 4579 de
3528 4524 3617 4581 his

2045 4623 2172 4678 dato
2202 4635 2469 4692 responso
2515 4620 2584 4692 ad
2630 4634 2756 4674 eum
2788 4617 2881 4688 qui
2927 4618 3379 4686 interrogaverat,
3408 4631 3619 4672 sermo-

2045 4730 2169 4770 nem
2200 4728 2363 4784 quem
2407 4712 2478 4766 ab
2520 4712 2675 4765 initio
2725 4711 2831 4767 sibi
2874 4718 3237 4781 proposuerat
3284 4710 3613 4780 resumpsit;

2045 4805 2151 4861 hoc
2195 4805 2313 4860 solo
2359 4812 2518 4859 utens
2551 4803 2824 4874 prommio
2849 4802 2905 4855 in
2930 4815 3263 4870 unaquaque
3306 4800 3617 4870 interpella-

2046 4900 2194 4953 tione
2223 4896 2427 4951 :Nobis
2454 4896 2839 4951 demandatum
2871 4893 3214 4949 solummodo
3244 4901 3348 4959 est,
3377 4903 3437 4947 ut
3464 4893 3617 4947 vobis

2046 5004 2325 5047 sermones
2367 5003 2432 5043 ac
2477 4986 2749 5041 mirabilia
2799 4984 2943 5039 facta
2992 4984 3145 5038 illius
3187 4984 3284 5053 qui
3324 4982 3474 5038 misit
3514 4997 3619 5038 nos

2044 5096 2398 5147 enarremus;
2432 5095 2497 5133 ac
2542 5093 2639 5148 pro
2668 5076 3137 5132 demonstratione
3176 5074 3461 5130 dialectica
3485 5114 3501 5141 ,
3538 5082 3620 5129 te.

2044 5183 2153 5227 stes
2173 5172 2330 5226 vobis
2355 5170 2707 5240 producimus
2742 5181 2931 5224 eorum
2964 5166 3058 5239 qui
3091 5164 3181 5221 hic
3217 5166 3436 5221 adstant
3471 5165 3617 5222 tnui-

2043 5272 2128 5317 tos
2170 5281 2183 5317 :
2212 5271 2466 5316 caeterum
2499 5260 2554 5313 in
2586 5267 2762 5313 vestra
2803 5266 3072 5327 potestate
3095 5265 3201 5322 est,
3239 5254 3493 5326 obsequi,
3528 5255 3617 5313 vel

2046 5355 2209 5409 tidem
2234 5369 2344 5408 non
2375 5352 2595 5406 habere.
2625 5348 2737 5419 Ego
2763 5357 2911 5403 certe
2939 5362 3048 5403 non
3077 5347 3306 5403 cessabo
3331 5348 3489 5403 vobis
3516 5363 3618 5402 cx-

2049 5459 2250 5508 ponere
2298 5442 2447 5514 quod
2504 5441 2635 5495 utile
2682 5448 2765 5494 est
2817 5455 2833 5492 :
2882 5438 3144 5507 quoniam
3202 5437 3335 5491 mibi
3394 5437 3616 5508 quidem

2044 5539 2305 5593 damnum
2358 5543 2477 5600 est,
2511 5544 2725 5597 tacere;
2774 5529 2931 5585 vobis
2968 5544 3097 5585 vere
3142 5543 3307 5594 noxa,
3342 5544 3451 5583 non
3496 5545 3617 5583 crc-

2045 5636 2191 5689 dere.
2221 5630 2485 5700 Equidem
2538 5640 2752 5697 possem
2805 5623 3032 5679 reddere
3079 5623 3319 5680 rationes
3377 5622 3615 5679 futiliutu
3656 5636 3671 5643 “

2047 5732 2349 5781 vestrarum
2408 5717 2804 5795 quaestionum,
2850 5714 2896 5772 si
2942 5716 3180 5773 viderem
3234 5732 3331 5774 vos
3375 5717 3442 5778 de
3496 5716 3614 5777 istis
