4048 6146
439 212 544 270 6⁸19

1214 212 1272 273 8.
1310 212 1702 275 CIEMENTIS
1742 211 1763 268 Ι
1800 212 1966 269 ιιυιι.
1998 209 2199 267 PONT.
2237 209 2468 267 OPERA
2505 208 2755 271 ΒΗΜΛ(

3572 202 3681 271 8η

441 332 688 390 veritatis
715 333 898 391 studio
917 334 1231 407 percontari
1268 351 1284 389 :
1317 348 1508 395 verum
1533 348 1759 390 causam
1783 333 2010 388 diversa:
2037 378 2044 391 .

2128 330 2245 400 ὒμῖν
2281 329 2380 383 οὐκ
2417 327 2672 400 εὔκαιρον
2707 318 2879 385 εἰπεῖν
2913 331 3028 395 τοῖς
3054 329 3102 362 ⁸⁸
3130 331 3240 388 τῶν
3264 332 3401 388 ὅλων
3424 331 3684 400 ἀγνοοῦσι

441 426 735 481 creationis
768 426 961 482 eulicis
997 435 1054 483 et
1097 426 1390 497 elephanti,
1423 440 1570 480 nunc
1600 426 1757 483 vobis
1799 425 2012 494 aperire

444 513 884 584 intempestivum
934 528 1117 586 esset,
1163 518 1256 588 qui
1307 517 1477 573 Deum
1531 518 1777 573 omnium
1829 532 2012 571 rerum

446 607 731 680 ignoratis.

515 697 605 753 XI.
665 698 791 756 limo
844 717 910 757 eo
956 702 1203 770 dicente,
1252 703 1330 757 illi
1378 702 1657 758 communi
1713 716 2012 765 consensu,

444 788 677 844 multum
711 807 773 846 ac
802 794 1131 861 petulantem
1167 795 1335 850 risum
1367 796 1691 860 emiserunt,
1722 794 1788 848 ad
1829 803 2017 862 stupu—

447 898 560 936 rem
609 898 673 937 ac
716 886 933 940 consilii
982 887 1220 956 inopiam
1273 888 1508 944 nitentes
1556 902 1682 943 eum
1738 887 2012 957 redigere,

447 970 613 1024 veluti
649 970 941 1025 barbarum
972 960 1260 1042 quemdam
1303 988 1366 1027 ac
1407 972 1683 1027 insanum.
1730 972 1863 1038 Quae
1890 987 2012 1026 cum

447 1075 546 1130 ego
578 1060 840 1126 intuerer,
871 1062 1053 1116 animo
1094 1061 1233 1132 cmpi
1273 1062 1623 1125 incalescere,
1661 1077 1725 1117 ac
1765 1062 1881 1117 zelo
1921 1076 2019 1119 ne-

447 1148 563 1204 scio
590 1165 695 1218 qua
739 1149 953 1205 ratione
988 1160 1291 1219 correptus,
1340 1160 1522 1204 tacere
1568 1164 1676 1204 non
1708 1148 1882 1221 potui,
1922 1148 2016 1202 sed

446 1256 570 1297 cum
600 1240 794 1295 ﬁducia
821 1242 935 1295 dixi
970 1259 983 1293 :
1019 1238 1150 1295 Jure
1181 1239 1345 1307 Deus,
1398 1257 1431 1295 ο
1463 1241 1736 1307 homines,
1769 1240 2019 1295 volunta—

447 1343 555 1388 tem
583 1348 737 1386 suam
766 1333 1369 1403 incomprehensibilem
1398 1333 1555 1388 vobis
1581 1331 1729 1397 fecit,
1765 1330 2019 1401 indignos

448 1439 547 1478 vos
584 1424 899 1493 praesciens,
927 1426 1069 1480 sicut
1110 1426 1582 1495 inpraesentiarum
1615 1425 1709 1480 dat
1741 1425 1899 1497 plene
1936 1424 2022 1479 iu-

450 1513 692 1584 telligere
737 1515 804 1571 iis
842 1515 937 1586 qui
987 1517 1184 1572 mentis
1219 1517 1427 1589 judicio
1470 1525 1717 1572 utuntur.
1765 1515 2023 1582 Quando-

2115 421 2267 477 Θεόν.
3508 452 3515 457 -

2190 683 2278 738 XI.
2314 682 2500 739 Ταῦτα
2531 674 2697 738 αὐτοῦ
2730 685 3010 754 λέγοντος,
3043 684 3109 738 ὲκ
3143 685 3458 757 συμφωνίας
3488 686 3688 741 ἐκεῖνοι

2116 776 2283 831 πολὺν
2327 776 2420 830 καὶ
2457 777 2692 835 άτακτον
2729 777 2960 847 ἠφίεσαν
2995 777 3236 846 γέλωτα,
3268 779 3348 841 είς
3376 778 3690 850 ἀμηχανίαν

2115 868 2277 923 αὐτὸν
2340 869 2628 941 ὲμϐάλλειν
2692 869 3050 941 πειρώμενοι,
3112 869 3357 942 καθάπερ
3413 870 3687 944 βάρϐαρόν

2116 977 2240 1013 τινα
2272 960 2366 1014 καὶ
2401 959 2743 1031 μαινόμενον.
2802 958 2942 1029 Ἐγὼ
2971 959 3028 1012 δὲ
3058 958 3228 1013 ταῦτα
3269 959 3431 1032 ὁρῶν,
3468 959 3687 1033 διαθερ-

2121 1060 2381 1132 μαίνομαι
2411 1058 2508 1130 τὴν
2543 1058 2750 1131 ψυχὴν,
2795 1057 2897 1113 καῖ
2917 1058 3061 1132 ζήλῳ
3100 1059 3200 1112 οὐκ
3239 1055 3335 1114 οἷδ’
3367 1060 3517 1124 ὅπως
3546 1060 3686 1132 ληφ-

2119 1151 2250 1214 θεὶς,
2304 1152 2461 1223 σιγᾷν
2506 1151 2605 1221 οὐχ
2654 1150 2943 1221 ὑπέμενον,
2991 1151 3128 1207 ἀλλὰ
3176 1150 3313 1222 μετὰ
3352 1153 3690 1224 παρρησίας,

2118 1242 2373 1311 εὐλόγως,
2420 1237 2593 1305 εἷπον,
2636 1242 2664 1293 ό
2692 1241 2824 1307 Θεὸς
2865 1241 3014 1313 ὑμῖν,
3044 1235 3089 1296 ὦ
3116 1237 3282 1307 οὗτοι,
3308 1243 3691 1315 ἀκατάληπτον

2117 1333 2216 1404 τὴν
2254 1332 2417 1386 αὐτοῦ
2449 1331 2700 1403 βούλησιν
2744 1332 2915 1397 ἔθετο,
2957 1332 3210 1399 ἀναξίους
3252 1335 3397 1405 ὑμᾶς
3432 1335 3688 1407 προϊδὼν,

2120 1421 2180 1488 ἐξ
2210 1414 2285 1477 ὧν
2323 1421 2418 1475 νῦν
2448 1422 2577 1484 τοὺς
2617 1422 2861 1494 κριτικὸν
2911 1421 3036 1476 νοῦν
3074 1421 3295 1493 ἔχοντας
3334 1423 3691 1496 πληροφορῶν

2118 1511 2388 1581 φαίνεται.
2432 1506 2583 1567 Ἐπεὶ
2604 1511 2712 1584 γὰρ
2736 1509 2832 1565 νῦν
2858 1511 2957 1583 τῆς
2986 1511 3151 1565 αὑτοῦ
3176 1511 3490 1585 βουλήσεως
3515 1515 3691 1586 κήρυ-

449 1605 667 1675 quidem
705 1606 851 1660 enim
891 1622 1039 1661 nunc
1084 1608 1206 1676 ejus
1237 1608 1529 1664 voluntatis
1558 1622 1837 1679 praecones
1865 1607 2021 1663 missi

2128 1620 2216 1666 κες
2260 1602 2740 1673 ὲξαπεστάλησαν,
2790 1603 2852 1656 οὐ
2907 1603 3072 1677 τέχνῃ
3123 1603 3232 1656 τινὶ
3292 1604 3386 1657 καὶ
3436 1605 3695 1676 μιτορείᾳ

449 1703 605 1758 sum,
646 1696 739 1766 qui
790 1712 897 1751 non
940 1707 1056 1751 arte
1088 1698 1269 1769 aliqua
1309 1708 1363 1755 et
1406 1700 1697 1754 verborum
1744 1698 2021 1754 rhetorico

2128 1680 2312 1764 λόγων,
2343 1692 2459 1746 ἀλλ’
2483 1672 2670 1756 ἁπλῶς
2714 1692 2857 1747 οὕτω
2900 1672 3003 1748 xuii
3024 1672 3693 1767 dnavoupystittocv'faijv

448 1796 672 1854 ornatu,
700 1788 795 1843 sed
828 1788 1148 1858 simpliciter
1175 1799 1389 1846 tantum
1417 1799 1472 1845 et
1500 1790 1705 1860 absque
1726 1788 2023 1845 calliditate

448 1885 737 1941 consilium
780 1886 899 1956 ejus
941 1898 1366 1955 reprmsentant,
1408 1890 1544 1943 adeo
1574 1896 1634 1941 ut
1674 1887 1900 1958 quilibet
1926 1886 2018 1958 qui

449 1974 713 2038 audierit,
763 1974 1031 2046 intelligat
1069 1992 1191 2046 quae
1229 1977 1518 2045 dicuntur;
1555 1977 1923 2044 adestisvos,
1963 1985 2023 2030 ut

451 2080 559 2119 non
594 2064 907 2136 intelligatis
952 2066 1097 2136 quod
1146 2067 1302 2125 vobis
1351 2068 1592 2139 expedit,
1621 2077 1788 2139 utque
1820 2067 2022 2122 damno

449 2166 635 2214 vestro
673 2157 899 2214 rideatis
945 2161 1254 2228 veritatem,
1296 2178 1419 2232 qua:
1471 2162 1614 2217 inter
1656 2162 1923 2216 barbaros
1954 2160 2022 2215 ad

449 2262 691 2305 vestram
740 2252 1247 2307 condemnationem
1300 2263 1574 2318 versatur,
1624 2267 1898 2323 quamque
1953 2250 2022 2305 ad

449 2357 550 2397 vos
574 2343 948 2401 advenientem
992 2359 1098 2398 non
1127 2344 1292 2399 vultis
1326 2344 1568 2415 hospitio
1594 2343 1856 2413 recipere,
1890 2357 2022 2412 pro-

451 2439 572 2501 pter
601 2431 853 2487 libidines
881 2439 1111 2497 vestras,
1144 2441 1199 2488 et
1230 2434 1521 2488 verborum
1560 2433 1708 2488 illius
1739 2432 2019 2497 vilitatem,

452 2538 521 2577 ne
546 2521 872 2594 arguamiui,
924 2523 1233 2579 inconsulto
1277 2523 1535 2595 philologi
1565 2538 1708 2590 esse,
1746 2534 2022 2578 amatores

2122 1784 2285 1838 αὑτοῦ
2309 1782 2559 1855 βούλησιν
2585 1782 2973 1855 παριστῶντες,
2998 1785 3073 1849 ὡς
3096 1783 3272 1839 πάντα
3299 1784 3576 1841 ὁντιναοῦν
3602 1786 3694 1841 τὸν

2122 1874 2429 1929 ἀκούσαντα
2468 1860 2607 1928 νοεῖν
2649 1873 2718 1931 τὰ
2753 1875 3054 1945 λεγόμενα,
3102 1876 3339 1947 πάρεστε
3372 1875 3493 1931 ηνῦν
3534 1878 3694 1949 ,ὑμεῖς

2123 1965 2259 2037 πρὸς
2286 1965 2364 2037 τῷ
2397 1966 2470 2039 μὴ
2499 1968 2638 2019 νοεῖν
2669 1966 2729 2019 τὸ
2752 1964 2879 2037 ὑμῖν
2918 1966 3214 2039 συμφέρον,
3242 1966 3334 2027 ὲιπὶ
3359 1970 3426 2038 τῇ
3454 1967 3698 2039 ὑμετέρα

2125 2053 2298 2129 βλάϐῃ
2333 2055 2495 2128 γελᾷν
2529 2056 2627 2128 τὴν
2659 2055 2754 2110 ἐπὶ
2786 2057 2852 2126 τῇ
2883 2055 3126 2128 ὑμετέρᾳ
3157 2055 3422 2129 καταδίκῃ
3449 2057 3697 2111 πολιτευ-

2124 2144 2366 2217 σαμένην
2396 2147 2453 2199 ὲν
2483 2145 2779 2218 βαρϐάροις
2812 2146 3090 2218 ἀλήθειαν,
3122 2148 3190 2217 ἢν
3226 2148 3321 2203 καὶ
3351 2149 3478 2220 ὑμῖν
3508 2148 3698 2220 ἐπιδη-

2119 2237 2378 2310 ’μήσασαν
2442 2236 2649 2304 ξενίσαι
2702 2241 2763 2294 οὐ
2814 2238 3090 2311 βούλεσθε,
3147 2239 3236 2299 διά
3280 2240 3379 2305 τὰς
3413 2239 3702 2310 ἀσελγείας

2123 2329 2301 2401 ὑμῶν,
2362 2332 2457 2385 καὶ
2503 2331 2566 2386 τὸ
2621 2330 2767 2385 λιτὸν
2816 2332 2925 2385 τῶν
2975 2331 3149 2401 λόγων
3208 2333 3413 2403 αὐτῆς,
3476 2334 3564 2386 ἱνα
3619 2333 3703 2404 μὴ

2125 2419 2436 2491 ὲλεγχοῆτε,
2474 2421 2558 2474 ὅτι
2585 2422 2707 2494 εἱκῆ
2737 2420 3004 2493 φιλόλογοί
3038 2423 3184 2488 ἐστε,
3220 2422 3315 2476 καὶ
3342 2424 3444 2476 οὐκ
3477 2423 3698 2494 ἀληθεῖς

2124 2510 2422 2580 φιλόσοφοι.
2472 2513 2649 2583 Μέχρι
2677 2514 2775 2583 μὲν
2797 2508 2890 2567 οὖν
2916 2530 3048 2567 ποτε
3079 2512 3261 2568 λαλεῖν
3294 2513 3618 2586 μανθάνετε,
3647 2515 3695 2569 oi

451 2626 791 2677 sermonum,
844 2628 951 2666 non
991 2620 1170 2667 autem
1214 2614 1327 2668 veri
1368 2614 1700 2683 philosophi,
1744 2614 2023 2683 sapientia:

2128 2603 2184 2658 τὸ
2220 2603 2400 2667 καλῶς
2443 2603 2620 2657 λαλεῖν
2658 2604 2759 2657 οὐκ
2802 2604 3015 2677 ἔχοντες
3062 2604 3177 2676 (4);
3214 2606 3393 2661 Πολλά
3433 2607 3541 2680 γὰρ
3566 2611 3695 2682 παρ’

455 2700 709 2756 studiosi.
763 2698 1061 2771 Quousque
1113 2717 1245 2773 ergo
1286 2702 1497 2757 discitis
1541 2702 1710 2772 loqui,
1752 2704 1846 2773 qui
1885 2703 2022 2761 bene

2128 2695 2276 2766 ὑμῶν
2315 2695 2555 2767 ῥήματα.
2594 2695 2711 2761 ἑνὸς
2748 2694 2847 2748 οὐκ
2883 2694 3010 2762 ἀξια
3044 2694 3223 2765 λόγου.
3258 2697 3324 2750 Τί
3357 2698 3414 2752 δὲ
3454 2699 3562 2771 ἄρα
3604 2699 3702 2755 καὶ

453 2792 604 2861 loqui
655 2791 920 2846 nescitis?
965 2791 1131 2845 Multa
1180 2792 1324 2847 enim
1365 2792 1529 2847 verba
1575 2810 1697 2864 qua:
1740 2794 2018 2864 profertis,

2128 2784 2239 2857 ἐρεῖ
2266 2785 2393 2856 ὑμῖν
2422 2780 2540 2834 ²⁸τό
2570 2784 2864 2861 Ελληνικὸν
2894 2787 3097 2859 πλῆθος
3134 2790 3235 2861 μία
3260 2789 3404 2863 ψυχή
3447 2807 3579 2845 ποτε
3609 2807 3700 2860 γε·

455 2884 619 2937 unius
673 2883 821 2936 verbi
889 2883 1067 2952 pretio
1133 2898 1241 2936 non
1295 2890 1425 2938 sunt
1471 2885 1806 2941 aestimanda.
1878 2886 2019 2955 Quid

2128 2877 2367 2949 νόμενον,
2400 2880 2558 2952 εἴπερ
2584 2878 2737 2933 ἔσται
2778 2879 2960 2952 κρίσις
2995 2883 3072 2947 ὡς
3100 2877 3255 2947 οὗτός
3282 2900 3449 2955 φησι;
3489 2882 3591 2941 Διὰ
3621 2884 3696 2946 τί,

454 2982 635 3027 autem
681 2982 733 3026 et
767 2971 912 3026 dicet
939 2971 1122 3041 Graeca
1156 2983 1338 3028 vestra
1392 2974 1703 3041 multitudo,
1747 2978 2021 3036 unanimis

2128 2960 2171 3023 ὦ
2200 2968 2323 3035 Θεὲ,
2363 2968 2461 3041 τὴν
2505 2970 2605 3043 σὴν
2654 2971 2911 3043 βούλησιν
2956 2974 3057 3027 οὐκ
3099 2974 3372 3047 ὲκήρυξας
3413 2976 3581 3047 ἡμῖνς
3626 2975 3701 3031 Οὐ

454 3066 749 3137 aliquando
794 3064 969 3128 facta,
1012 3062 1057 3120 si
1090 3063 1357 3135 judicium
1408 3064 1655 3121 futurum
1686 3078 1799 3134 est,
1832 3079 1893 3123 ut
1920 3070 2023 3125 iste

455 3159 576 3214 ait?
610 3158 811 3226 Quare,
838 3158 1003 3224 Deus,
1034 3159 1369 3213 voluntatem
1396 3167 1544 3214 tuam
1578 3176 1686 3216 non
1716 3163 2024 3233 pnedicasti

458 3251 659 3307 nobis?
705 3250 1027 3306 Nullatenus
1057 3249 1352 3304 audiemini
1380 3267 1393 3302 :
1424 3252 1508 3306 vel
1540 3249 1680 3307 forte
1709 3264 1764 3309 et
1786 3255 2024 3325 aliquam

457 3343 874 3414 responsionem
930 3341 1301 3412 reportabitis,
1352 3342 1705 3413 hujusmodi:
1754 3344 1867 3415 Ego
1898 3362 2024 3401 cum

456 3457 650 3501 omnes
712 3439 926 3495 futuras
979 3438 1330 3503 voluntates,
1401 3446 1526 3493 ante
1580 3440 2026 3497 constitutionem

458 3534 649 3593 mundi
684 3547 1071 3604 cognoscerem
1091 3572 1106 3597 ,
1137 3530 1435 3601 unicuique
1461 3548 1561 3601 pro
1589 3533 1786 3588 merito
1816 3548 1919 3588 suo
1946 3533 2029 3587 la-

459 3635 637 3682 tenter
668 3623 900 3695 prmvius
930 3623 1148 3679 occurri
1182 3638 1196 3674 :
1233 3620 1382 3692 quod
1425 3632 1606 3678 autem
1629 3622 1703 3677 'id
1743 3622 1921 3693 ipsum
1956 3624 2031 3679 ita

460 3733 521 3775 se
549 3717 767 3779 habeat,
796 3714 983 3768 volens
1013 3714 1079 3768 iis
1108 3713 1202 3782 qui
1241 3712 1309 3767 ad
1346 3728 1432 3767 me
1461 3713 1846 3781 confugerunt,
1876 3715 2033 3785 plene

461 3805 835 3869 manifestare,
860 3818 959 3857 cur
992 3802 1063 3856 ab
1099 3801 1279 3866 initio,
1315 3817 1347 3856 a
1373 3802 1567 3871 primis
1592 3803 2034 3874 generationibus

461 3900 800 3953 voluntatem
845 3908 1020 3948 meam
1064 3895 1245 3964 palam
1297 3909 1404 3949 non
1447 3894 1668 3949 siverim
1713 3894 2031 3965 prazdieari;

415 4040 427 4045 η
461 4004 611 4044 nunc
658 3988 805 4042 circa
859 3984 1019 4039 linem
1071 3984 1285 4047 saeculi,
1345 4000 1623 4055 praecones
1668 3987 1773 4041 mei
1823 3986 2037 4043 consilii

462 4079 624 4145 misi;
664 4078 740 4132 illi
771 4092 902 4132 vero
946 4087 1000 4131 et
1039 4076 1358 4156 irridentur,
1388 4088 1442 4129 et
1478 4074 1824 4131 contumeliis
1861 4076 2037 4130 aﬂ'eeti

463 4171 798 4229 deluduntur
826 4173 895 4228 ab
926 4170 994 4226 iis
1029 4172 1123 4240 qui
1168 4181 1514 4239 nequaquam
1547 4166 1736 4220 volunt
1768 4166 2035 4235 adjuvari,

462 4280 751 4336 meamque
773 4263 1068 4318 amicitiam
1087 4260 1437 4315 vehementer
1455 4254 1834 4327 repudiarunt.
1856 4256 1900 4311 Ο
1924 4274 2042 4313 ma-

2128 3061 2346 3126 πάντως
2371 3062 2701 3127 ἀκούσεσθε,
2734 3064 2891 3136 εῐπερ
2916 3064 3060 3129 τινος
3088 3064 3197 3137 ἄρα
3234 3065 3329 3120 καὶ
3361 3066 3705 3139 ἀποκρίσεως

2127 3149 2629 3222 καταξιωθήσεσθε,
2673 3152 2780 3216 ὡς,
2821 3151 2932 3221 ἐγὼ
2967 3153 3146 3217 πάσας
3175 3153 3276 3217 τὰς
3304 3154 3571 3225 ἐσομένας
3599 3155 3706 3225 πρὸ

2129 3242 2434 3314 καταϐολῆς
2475 3241 2680 3315 κόσμου
2725 3244 3073 3316 προαιρέσεις
3116 3243 3292 3312 εἰδὼς,
3325 3246 3543 3317 ἑκάστῳ
3572 3247 3707 3319 πρὸς

2129 3331 2191 3385 τδ
2220 3330 2383 3385 αὑτοῦ
2414 3330 2561 3396 ἄξιον
2589 3331 2962 3396 λανθανόντως
2992 3335 3386 3406 προαπήντησα
3407 3352 3421 3365 ’
3455 3335 3617 3389 τοῦτο
3646 3334 3705 3389 δὲ

2134 3423 2265 3477 αὐτὸ
2292 3423 2375 3477 ὅτι
2405 3421 2576 3488 οὕτως
2604 3422 2737 3494 ἔχει,
2765 3423 3043 3496 βουληθεὶς
3068 3423 3195 3487 τοὺς
3224 3425 3706 3497 προσπεφευγότας

2137 3538 2226 3592 μοι
2254 3520 2700 3593 πληῳφορῆσαι,
2735 3519 2821 3575 διὰ
2852 3522 2904 3574 τί
2940 3522 3196 3597 ἀπαρχῑῇκ
3216 3496 3283 3576 ὲκ
3310 3523 3591 3595 προτέρων
3617 3496 3708 3592 γε·

2132 3612 2267 3668 νεῶν
2285 3612 2384 3685 τὴν
2411 3613 2437 3666 ὲ
2446 3611 2551 3685 μὴν
2580 3611 2832 3684 βούλησιν
2848 3613 3088 3686 ,δημοσίᾳ
3114 3615 3217 3668 οὐκ
3243 3616 3401 3670 εἴασα
3424 3615 3703 3689 κηρυχθῆ-

2133 3730 2246 3779 ναι,
2289 3715 2384 3769 νῦν
2428 3715 2566 3787 πρὸς
2606 3714 2684 3787 τῷ
2728 3714 2873 3769 τέλει
2924 3714 3018 3768 τοῦ
3064 3715 3179 3785 βίου
3210 3716 3256 3747 ³³
3282 3717 3531 3788 κήρυκας
3571 3716 3709 3787 ἐμῆς

2136 3805 2336 3877 βουλῆς
2368 3805 2661 3860 ἀπέστειλα
2679 3845 2695 3870 ,
2719 3807 2769 3859 οἳ
2795 3806 2890 3867 καὶ
2916 3805 3181 3875 γελῶνται
3199 3845 3215 3871 ,
3246 3807 3340 3861 καὶ
3366 3806 3709 3879 ὑϐριζόμενοι

2135 3895 2484 3968 χλευάζονται
2514 3897 2620 3950 ὑπὸ
2651 3896 2760 3950 τῶν
2796 3896 2959 3968 μηδὲν
2987 3897 3309 3966 ὠφελεῖσθαι
3346 3898 3709 3971 βουλομένων,

2138 3988 2231 4043 καὶ
2260 3987 2659 4060 ἐπιτεταμένως
2689 3987 2786 4060 τὴν
2819 3987 2956 4060 ἐμὴν
2984 3988 3165 4058 φιλίαν
3188 3990 3707 4062 παραιτησαμένων.

2137 4077 2210 4134 Ὦ
2232 4080 2475 4154 μεγάλης
2497 4081 2728 4146 ἀδικίας,
2752 4081 2834 4135 ὃτι
2858 4080 3019 4153 μέχρι
3041 4080 3234 4150 φθόνου
3250 4083 3295 4114 ³⁰
3314 4083 3712 4138 κινδυνεύουσιν

2138 4173 2190 4225 οἱ
2212 4171 2305 4226 τοῦ
2328 4172 2462 4226 Θεοῦ
2484 4174 2742 4247 κήρυκες,
2768 4172 3055 4231 καὶταῦτα
3077 4173 3182 4228 ὑπὸ
3207 4173 3317 4229 τῶν
3332 4175 3414 4239 εἰς
3438 4175 3718 4248 σωτηρίαν

2129 4261 2489 4335 καλουμένων
2524 4262 2753 4336 ἀνδρῶν.

467 4379 628 4436 gnam
670 4361 960 4432 injuriam!
1000 4356 1219 4413 invidiae
1294 4354 1461 4411 etiam
1522 4353 1826 4427 periculum
1873 4355 2111 4412 subeunt
2145 4360 2529 4430 praedicatores
2562 4359 2681 4429 Dei,
2728 4359 2893 4430 idque
2934 4375 3032 4430 per
3068 4374 3166 4417 eos
3205 4359 3488 4427 homines,
3521 4361 3617 4432 qui
3642 4360 3718 4417 ad

466 4462 701 4520 salutem
734 4464 1018 4514 vocantur.

538 4579 655 4636 XII.
686 4578 820 4645 Quae
841 4592 968 4633 eum
993 4576 1256 4640 dicerem,
1286 4572 1504 4642 aliaque
1533 4572 1620 4626 bis
1649 4578 2038 4632 consentanea,

2218 4568 2333 4623 XII.
2367 4567 2555 4623 Ταῦτά
2584 4585 2685 4640 μου
2708 4569 2958 4639 λέγοντος
2977 4568 3163 4624 καὶτὰ
3187 4566 3411 4631 τούτοις
3426 4559 3720 4628 ἀκῶωθα.

465 4675 701 4731 multum
744 4674 800 4727 in
845 4671 1003 4742 plebe
1041 4678 1222 4722 ortum
1262 4677 1346 4722 est
1382 4680 1629 4721 murmur
1669 4680 1683 4716 :
1728 4673 1893 4734 atque
1947 4663 2042 4718 alii

470 4767 695 4839 quidem
722 4763 1028 4818 Barnabam
1061 4760 1407 4822 miserantes,
1456 4756 1590 4811 mihi
1624 4754 1911 4821 favebant;
1946 4755 2037 4810 alii

466 4874 620 4922 vero,
659 4856 755 4925 qui
790 4861 952 4910 erant
986 4849 1203 4915 stolidi,
1229 4849 1466 4919 graviter
1512 4846 1569 4900 in
1605 4860 1694 4900 me
1740 4844 2043 4899 stridebant

467 4952 748 5010 dentibus.
798 4948 972 5004 Porro
994 4960 1123 5002 eum
1145 4943 1261 5015 jam
1288 4940 1876 5012 vespera-advenisset,
1906 4938 2041 4993 Bar-

2149 4661 2316 4724 πολὺς
2356 4661 2466 4713 τῶν
2505 4660 2682 4732 ϐχλων
2731 4662 2948 4729 ἐγένετο
2995 4660 3221 4733 θρύλλος
3242 4678 3257 4692 ’
3288 4662 3382 4715 καὶ
3420 4660 3470 4713 oi
3517 4658 3614 4730 μὲν
3640 4657 3721 4720 ὥς

2143 4757 2234 4810 τὸν
2266 4753 2552 4826 Βαρνάϐαν
2581 4754 2855 4819 ἐλεοῦντες
2899 4754 3137 4826 συνῇράν
3180 4770 3297 4825 μοι’
3331 4754 3383 4806 οι
3420 4753 3479 4806 δὲ
3524 4751 3720 4822 ἠλίθιοι

2149 4843 2329 4906 ὄντες,
2346 4842 2533 4907 δεινῶς
2570 4845 2689 4897 κατ’
2720 4844 2854 4915 ἐμοῦ
2886 4843 3114 4915 ἔϐρυχον
3142 4844 3269 4904 τοὺς
3291 4842 3526 4904 ὀδόντας.
3571 4840 3722 4895 Ἐπεὶ

2149 4935 2207 4988 δὲ
2232 4933 2337 5007 ἠδη
2367 4937 2463 4989 καὶ
2482 4938 2517 5007 ἡ
2544 4936 2753 5007 ἑσπέρα
2780 4935 3065 5000 κατέλαϐε,
3091 4935 3190 5006 τῆς
3222 4933 3403 5005 χειρὸς
3432 4930 3611 4987 λαϐὼν
3631 4930 3724 4986 τὸν

1739 5080 1971 5139 ἾΑΗΙᾹΞ
2011 5079 2418 5139 LECTIONES.

551 5216 601 5249 “
632 5215 706 5270 al.
738 5212 864 5269 add.
888 5210 1000 5265 τόν.
1074 5211 1118 5243 ³⁷
1158 5207 1233 5263 al.
1272 5204 1669 5276 dmvodpyuig._
1724 5202 1772 5236 ²⁸
1810 5202 1845 5256 l.
1881 5199 2039 5276 ὒμῷν
2060 5216 2127 5255 ex
2155 5216 2290 5276 mss.
2348 5201 2402 5276 ff
2436 5200 2609 5276 Vertit
2643 5199 2960 5276 Cotelerius,
2997 5196 3186 5276 __quasi
3229 5196 3450 5276 perinde
3494 5201 3726 5250 essetac

470 5286 569 5343 τοῦ
600 5268 823 5350 αὶιῦνος,
850 5280 1121 5338 sententia
1143 5278 1471 5350 postulante,
1487 5268 1598 5330 'sed
1627 5273 1745 5329 sine
1773 5268 2044 5341 exemplo,
2080 5270 2224 5341 quod
2269 5269 2492 5341 quidem
2519 5272 2707 5328 sciam.
2748 5272 2917 5327 (itu.
2995 5268 3041 5301 ³⁸
3080 5269 3153 5323 al.
3188 5268 3372 5338 φόνου.

1751 5416 2123 5475 VARIORUM
2165 5417 2394 5475 NOTE.

549 5521 628 5590 (4)
660 5522 725 5575 οι
773 5520 840 5575 τὸ
887 5518 1085 5588 καλῶς
1124 5517 1335 5575 λαλεῖν
1377 5518 1488 5575 οὐκ
1528 5516 1792 5587 ἔχοντες.
1829 5514 2035 5572 Verte“:
2071 5517 2173 5584 Qui
2203 5518 2324 5574 bene
2362 5519 2505 5590 loqui
2538 5534 2640 5574 ιιοιι
2672 5527 2922 5586 potam;
2970 5516 3098 5590 quia
3148 5516 3281 5573 boui
3345 5511 3480 5571 nihil
3525 5512 3724 5569 didice-

479 5602 620 5648 rant.
650 5592 818 5648 (Iun.
