4040 6146
1030 309 1486 371 CLEMENTINA.
1523 335 1599 353 -
1627 302 1926 363 EPITOME
1965 300 2050 356 DE
2082 297 2326 356 GESTIS
2360 298 2417 352 S.
2458 297 2680 354 PETRI.
3457 288 3562 344 483

309 323 406 381 481

309 441 616 516 Βαρνάϐαν,
650 440 744 493 καί
775 436 851 510 μὴ
875 431 1205 506 βουλόμενον
1231 432 1322 504 βίᾳ
1349 431 1429 493 είς
1458 428 1556 501 τὴν
1588 425 1727 498 ἐμὴν
1751 420 1886 496 ἦγον

1994 419 2141 474 ηαιιω
2176 431 2342 472 manu
2368 418 2732 486 apprehensa,
2765 433 2890 473 cum
2923 416 3048 471 licet
3079 413 3378 475 nolentem,
3409 411 3461 466 vi
3493 409 3562 466 ad

307 506 505 599 Oli-(GV,
534 531 662 586 ἔνθα
698 506 793 584 καί
839 506 1017 600 μένειν
1064 525 1225 579 αὐτὸν
1268 521 1520 591 ἐποίησα,
1577 518 1665 571 ἵνα
1696 517 1768 589 μή
1797 532 1883 578 τις

1994 525 2160 564 meam
2202 509 2426 564 domum
2475 509 2630 575 duxi,
2664 510 2757 564 tibi
2801 518 2856 563 ct
2900 507 3000 563 feci
3043 522 3281 574 manere,
3329 521 3399 560 ne
3437 506 3565 575 quis

309 629 452 699 αὑτῷ
484 628 671 698 χεῖρας
710 619 975 694 ἐπιϐάλλῃ
1014 618 1078 672 τί.
1136 614 1246 670 Καὶ
1295 613 1506 686 ἡμέρας
1551 610 1736 678 ὀλίγας
1786 609 1883 662 σὺν

310 724 428 793 ἐμοὶ
460 717 777 788 διατρίψας,
812 715 906 767 καὶ
939 711 1032 764 τοῦ
1079 707 1332 779 ἀληθινοῦ
1365 704 1524 774 λόγου
1575 700 1781 774 βραχέα
1817 716 1883 770 με

311 791 585 884 κατήχησε
617 811 691 841 δ’·
732 805 978 861 σπεύδειν
1014 803 1060 835 ³³
1096 801 1207 872 γὰρ
1252 798 1434 867 ἔλεγεν
1490 797 1570 858 εἰς
1609 791 1882 884 ἐΙουδαίαν

311 877 600 974 ἀφικέσθαι
643 898 742 968 τῆς
798 894 988 963 ἑορτῆς
1038 890 1219 961 χάριν,
1269 887 1345 950 ὡς
1402 885 1495 938 καὶ
1544 879 1638 934 τοῦ
1694 877 1882 932 λοιποῦ

313 999 544 1051 συνεῖναι
572 995 684 1054 τοῖς
711 981 877 1044 αὑτοῦ
901 983 1212 1056 ὁμοεθνέσιν
1239 978 1457 1032 ἐθέλων.

379 1095 514 1150 XIII.
565 1089 732 1162 Ἐμοῦ
769 1087 824 1140 δὲ
853 1085 974 1138 λίαν
1005 1082 1104 1154 τῆς
1141 1079 1349 1134 ἐκείνου
1393 1073 1637 1145 γλώττης
1673 1089 1884 1144 κρεμα-

315 1188 494 1259 μένου,
532 1183 629 1237 καὶ
675 1175 921 1248 σφοδρῶς
962 1169 1309 1242 ἐγκειμένου,
1356 1167 1450 1221 καὶ
1481 1166 1582 1220 οὐκ
1621 1162 1884 1226 ἀνιέντος,

311 1256 441 1336 ἀλλά
482 1278 583 1350 τὴν
625 1275 818 1344 λοιπὴν
866 1265 1222 1328 ἀπαιτοῦντος
1255 1261 1624 1324 διδασκαλίαν,
1666 1259 1761 1312 καὶ
1797 1256 1885 1310 λέ-

311 1349 547 1442 γοντοςον
575 1369 638 1421 σὺ
689 1366 846 1437 μόνον
885 1361 978 1424 οὒς
1024 1359 1263 1438 ἡκουσας
1309 1353 1403 1407 τοῦ
1452 1353 1710 1423 φανέντος
1749 1349 1884 1403 Θεοῦ

311 1464 522 1520 ὲκτίθου
560 1478 648 1533 μοι
680 1458 900 1526 λόγους,
946 1451 1102 1521 κάγὼ
1135 1449 1213 1522 τῷ
1251 1447 1369 1520 ἐμῷ
1395 1445 1539 1516 λόγῳ
1579 1445 1883 1514 κοσμήσας,

310 1557 399 1611 τοῦ
423 1555 558 1609 Θεοῦ
585 1549 806 1623 κηρύξω
835 1547 932 1618 τὴν
968 1536 1239 1615 βούλησιν.
1263 1536 1376 1593 Εἶθ’
1400 1536 1572 1600 οὕτως
1610 1537 1704 1590 καὶ
1736 1533 1886 1598 ἐντὸς

311 1648 502 1717 ὀλίγων
539 1643 764 1716 ἡμερῶν
811 1636 1194 1693 συνεκπλεύσω
1244 1649 1345 1685 σοι.
1409 1630 1543 1684 Λίαν
1580 1627 1688 1717 γὰρ
1735 1624 1886 1679 ποθῶ

311 1713 461 1812 παρά
485 1713 704 1805 τὸν-τῆς
750 1728 1007 1790 Ἰουδαίας
1027 1722 1278 1794 γενέσθαι
1316 1719 1498 1773 τόπον.
1529 1715 1684 1786 Τάχα
1707 1714 1764 1767 δὲ
1777 1713 1885 1812 ,καὶ

312 1787 616 1899 agiagi]va
661 1787 788 1894 391v
807 1821 899 1874 τὸν
952 1787 1132 1870 πάντα
1180 1828 1281 1883 μου
1334 1809 1433 1879 τῆς
1476 1801 1885 1899 ζωῆς-χρόθον.
1921 1787 1960 1841 Β

309 1921 480 1985 Abte;
500 1893 711 1972 τούτων
742 1912 1003 1974 ἀκούσας,
1039 1907 1199 1968 εὐθὺς
1227 1900 1581 1972 ἀπεκρίνατο⁸
1603 1897 1676 1950 Σὺ
1709 1896 1758 1948 εί

312 1983 594 2084 ίστορῆσαι
625 2007 693 2061 τὰ
721 2004 967 2078 ἡμέτερα
1012 1999 1105 2052 καὶ
1139 1995 1326 2068 μαθεῖν
1356 1990 1417 2044 τδ
1456 1987 1734 2084 συμφέρον
1762 1983 1887 2084 sbi-5-

309 2074 442 2168 λεις,
467 2074 700 2170 ἐξαυτῆς
732 2074 842 2169 μοι,
881 2093 1035 2164 φησὶ,
1072 2086 1434 2160 σύμπλευσον·
1463 2081 1512 2134 εί
1549 2078 1733 2170 δὲ-μὴΑ
1759 2074 1886 2170 θού-

309 2164 576 2257 λειζάλλὰ
605 2164 674 2242 τά
708 2164 906 2257 σημεῖα
932 2183 1032 2253 τῆς
1052 2177 1320 2249 οἰκήσεώς
1343 2191 1466 2246 μου,
1497 2174 1592 2225 καὶ
1609 2164 1685 2222 ὧν
1715 2167 1887 2229 θέλεις

313 2285 421 2356 ἐγώ
457 2302 540 2337 σοι
581 2283 816 2352 σήμερον
846 2273 1093 2346 γνωριῶ,
1130 2271 1216 2324 ἵνα
1247 2269 1336 2322 ὅτε
1365 2267 1460 2320 καὶ
1493 2261 1670 2335 βούλει
1708 2276 1888 2330 παρα-

311 2351 596 2447 γενόμενος
625 2351 792 2443 εὕρῃς
823 2367 970 2438 ἡμᾶς
994 2381 1008 2394 ο
1033 2361 1143 2431 ἐγὼ
1166 2360 1276 2431 γάρ
1299 2355 1598 2447 αὔριον-ἐπὶ
1619 2351 1689 2447 τά
1706 2352 1887 2447 ’ἐμαυ-

311 2441 405 2524 τοῦ
435 2441 788 2539 πορεύσομαι.
821 2460 932 2512 Καὶ
963 2455 1026 2526 δὴ
1060 2450 1412 2520 ἀδυσώπητον
1447 2444 1620 2508 οὕτως
1649 2441 1770 2495 ἰδὼν
1797 2441 1888 2494 τὸν

313 2531 616 2631 Βαρνάϐαν,
658 2531 912 2622 συνῆλθον
974 2544 1125 2615 αὐτῷ
1174 2540 1336 2614 μέχρι
1379 2539 1471 2591 καὶ
1508 2533 1602 2588 τοῦ
1642 2531 1886 2631 λιμένος·

314 2622 412 2706 καί
445 2645 630 2721 μαθὼν
664 2645 793 2714 παρ’
812 2637 976 2693 αὑτοῦ
1003 2637 1145 2706 ἅπερ
1189 2632 1336 2700 ἔλεγε
1369 2630 1571 2721 σημεῖα
1598 2625 1707 2721 τῶν
1739 2622 1890 2721 eiad)-

318 2918 605 2979 συνέπλεον
651 2933 733 2969 σοι
751 2931 766 2943 ·
809 2912 946 2982 πλὴν
995 2906 1128 2962 ἀλλά
1161 2903 1348 2975 τάχιόν
1388 2919 1446 2955 σε
1485 2918 1519 2953 κ

315 3014 496 3070 Ταῦτα
519 3007 710 3071 εἰπὼν,
739 3005 834 3058 καὶ
853 2998 1230 3072 παραθέμενος
1255 2993 1414 3046 αὐτὸν
1440 2993 1554 3053 τοῖς
1581 2987 1674 3042 τοῦ
1703 2985 1890 3040 πλοίου

311 3105 652 3185 ἡγουμένοις,
675 3099 1010 3202 ὑπέστρεφον
1043 3091 1179 3164 μετά
1205 3089 1400 3160 λύπης,
1429 3079 1772 3158 μεμνημένος
1793 3078 1889 3134 τοῦ
1918 3139 1964 3202 c

509 3198 606 3254 καὶ
641 3191 902 3264 συνήθους
929 3179 1105 3257 φίλου.

380 3295 524 3352 XIV.
574 3262 817 3362 Ἡμέρας
866 3283 922 3336 δὲ
958 3277 1271 3350 διατρίψας,
1320 3273 1414 3326 καὶ
1446 3269 1516 3362 ab
1555 3267 1733 3362 xei-Eo;-
1761 3265 1830 3362 δι’
1861 3262 1890 3316 δ

313 3390 405 3445 καὶ
442 3355 745 3453 ἐπεσχέθην
783 3377 883 3444 οὐχ
917 3372 1035 3425 ὅλον
1072 3365 1258 3421 λαϐεῖν
1298 3360 1579 3453 δυνηθεὶς,
1611 3355 1891 3453 ἀμελήσας

311 3479 406 3534 τοῦ
443 3445 896 3546 περιλειπομένου
941 3461 1030 3514 διὰ
1058 3457 1119 3512 τὸ
1154 3456 1291 3526 ταχὺ
1329 3453 1420 3506 τὸν
1449 3450 1619 3520 ἄνδρα
1655 3445 1892 3546 καταλα-

314 3569 452 3631 ϐεῖν,
633 3537 890 3630 ἐμποδίου
944 3569 1034 3624 μοι
1087 3545 1409 3618 γενομένου,
1458 3543 1552 3595 καὶ
1598 3537 1761 3601 αὐτὸς
1811 3537 1892 3599 είς

325 3627 582 3715 Ἰουδαίαν
610 3627 951 3711 ἀπέπλευσα,
986 3643 1080 3696 καὶ
1104 3639 1192 3694 διά
1217 3632 1607 3690 πεντεκαίδεκα
1642 3627 1888 3701 ἡμερῶν,

312 3753 381 3824 τῇ
415 3744 735 3819 Στράτωνος
790 3734 1037 3807 ἐπιδημῶ
1079 3726 1404 3824 Καισαρείᾳ.
1471 3717 1893 3824 Ἐπιϐἀντοςπδέ

317 3806 417 3913 μὲυ
453 3806 553 3907 vi];
578 3831 704 3902 γῆς,
736 3828 832 3883 καὶ
857 3806 1033 3890 ξενίαν
1069 3814 1469 3903 ἐπιζητοῦντος,
1503 3808 1756 3882 μανθάνω
1785 3806 1892 3912 Πέῖ

314 3900 444 4006 ⁶ίερον
473 3900 601 3984 τὶνὰ
621 3900 932 3997 λεγόμενον,
960 3919 1054 3972 τοῦ
1079 3900 1148 3970 ὲν
1175 3910 1402 3982 Ἰουδαίᾳ
1429 3906 1685 3978 φανέντος
1720 3900 1892 3974 Ἰησοῦ

317 3997 556 4097 ,ξριστοῦ
596 4017 728 4072 Υἱοῦ
771 4013 866 4068 τοῦ
899 4009 1034 4065 Θεοῦ
1061 4007 1158 4061 τοῦ
1202 4005 1402 4077 σημεῖα
1431 4000 1526 4054 καὶ
1562 3997 1766 4070 τέρατα
1800 4012 1898 4047 ςτε-

317 4087 627 4186 πόιηκότος,
658 4108 748 4160 τὸν
775 4101 1148 4173 δοκιμώτατον
1179 4094 1445 4168 μαθητὴν,
1477 4090 1663 4162 αΰριον
1690 4087 1894 4158 Σίμωνι

315 4206 392 4278 τῷ
423 4178 534 4258 ἀπὸ
562 4199 764 4254 Γιτθῶν
795 4197 839 4229 ⁸³
867 4195 1132 4264 Σαμαρεῖ,
1172 4188 1382 4261 μέλλειν
1433 4183 1568 4236 ίέναι
1608 4179 1745 4251 πρὸς
1781 4178 1897 4278 δια-

316 4268 506 4362 λέξεις.
550 4290 692 4362 Ἐγὼ
718 4289 775 4342 δὲ
805 4287 980 4342 ταῦτα
1021 4282 1279 4343 ἀκούσας,
1323 4275 1547 4346 ἐδεήθην
1573 4273 1676 4342 τὴν
1704 4268 1894 4362 τούτου

321 4407 410 4462 μοι
440 4383 744 4458 μηνυθῆναι
778 4379 963 4451 μονήν.
1003 4371 1290 4443 Καὶζόμῶς
1316 4365 1538 4440 ἔμαθον,
1563 4363 1658 4417 καὶ
1683 4361 1764 4432 τῷ
1794 4376 1897 4412 πυ-

1981 603 2033 657 ei
2065 617 2261 656 manus
2300 602 2567 672 injiceret.
2618 600 2942 670 Paucosquc
2970 600 3088 655 dies
3116 615 3330 654 mecum
3376 614 3561 652 mora-

1985 697 2092 754 tus,
2108 691 2367 745 nonnulla
2397 706 2536 746 vere
2567 690 2842 760 religionis
2873 690 3294 744 rudimenta‘me
3338 687 3556 743 docuit:

1984 783 2162 837 aiebat
2211 783 2355 836 enim
2405 781 2552 852 quod
2597 790 2916 851 properaret
2968 779 3152 834 venire
3199 780 3266 833 ad
3315 778 3556 833 Judaeam

1987 884 2206 944 propter
2236 873 2458 937 festum,
2490 885 2552 928 ut
2581 875 2676 944 qui
2710 873 2868 927 vellet
2895 872 2952 926 in
2981 881 3258 942 posterum
3291 887 3413 925 cum
3442 872 3559 926 suis

1988 967 2342 1036 popularibus
2371 967 2590 1035 degere.

2058 1059 2195 1114 Xlll.
2238 1060 2352 1131 Ego
2390 1075 2523 1114 vero
2566 1075 2690 1114 cum
2722 1060 2880 1114 valde
2912 1059 2982 1114 ab
3015 1060 3164 1113 illius
3205 1059 3391 1128 lingua
3429 1073 3563 1126 pen-

1985 1155 2191 1219 derem,
2241 1169 2306 1208 ac
2333 1153 2681 1207 vehementer
2731 1153 3018 1219 instarem,
3063 1165 3167 1205 nec
3219 1151 3566 1216 desisterem,

1987 1245 2081 1300 sed
2128 1246 2395 1314 reliquam
2433 1245 2737 1300 doctrinam
2783 1245 3148 1315 postularem,
3185 1258 3248 1298 ac
3288 1242 3565 1297 dicerem:

1986 1335 2068 1389 Tu
2097 1345 2308 1391 tantum
2343 1335 2477 1390 mihi
2505 1351 2715 1406 expone
2742 1335 2837 1391 Dei
2867 1335 2962 1406 qui
2995 1335 3268 1404 apparuit,
3298 1347 3438 1403 quos
3472 1348 3570 1385 au-

1987 1427 2147 1494 disti,
2191 1442 2513 1495 sermones;
2548 1437 2602 1481 et
2647 1442 2749 1497 ego
2783 1427 3032 1482 oratione
3063 1441 3181 1480 mea
3213 1440 3309 1479 eos
3339 1439 3565 1488 ornans,

1987 1522 2323 1575 voluntatem
2378 1519 2472 1575 Dei
2529 1520 2880 1588 praedicabo,
2933 1517 3121 1589 sicque
3169 1523 3357 1588 postea
3425 1516 3564 1570 intra

1991 1628 2192 1682 paucos
2221 1612 2339 1669 dies
2367 1613 2635 1684 navigabo
2661 1622 2838 1667 tecum
2867 1629 2880 1664 :
2909 1611 3202 1666 admodum
3230 1609 3374 1665 enim
3405 1609 3571 1678 cupio

1991 1706 2058 1760 ad
2079 1703 2280 1760 Iudaeae
2308 1706 2583 1776 regionem
2617 1707 2802 1760 venire
2827 1723 2840 1758 :
2871 1719 2936 1758 ac
2967 1703 3106 1758 forte
3135 1703 3418 1757 vobiscum
3453 1710 3568 1756 toto

1993 1798 2113 1852 vitae
2146 1813 2279 1852 mea;
2307 1810 2558 1868 ,tempore
2587 1799 2880 1861 habitabo;
2929 1796 3018 1850 ille
3047 1796 3133 1850 his
3169 1795 3393 1859 auditis,
3427 1793 3575 1848 illico

1995 1891 2304 1958 respondit,
2346 1907 2408 1944 ac
2439 1891 2577 1945 dixit
2602 1907 2614 1943 :
2642 1889 2746 1953 Tu,
2782 1891 2829 1945 si
2867 1890 3084 1961 quidem
3127 1888 3315 1942 videre
3355 1894 3572 1952 nostra,

1991 1991 2042 2034 et
2073 1983 2218 2051 quod
2254 1983 2472 2051 expedit
2511 1981 2668 2052 cupis
2700 1982 2941 2046 discere;
2975 1995 3186 2034 mecum
3236 1978 3422 2033 statim
3471 1991 3568 2030 na-

1990 2074 2174 2144 vigato
2201 2089 2213 2125 :
2242 2073 2326 2127 sin
2359 2089 2489 2128 vero
2522 2088 2628 2128 non
2663 2073 2746 2127 vis
2777 2073 3053 2143 navigare,
3083 2087 3184 2142 ego
3208 2071 3370 2125 hodie
3413 2071 3569 2139 signa

1992 2165 2258 2220 domicilii
2289 2165 2417 2231 mei,
2445 2179 2746 2234 eorumque
2777 2179 2916 2233 quos
2955 2162 3250 2217 convenire
3287 2160 3572 2215 desideras

1992 2257 2278 2325 indicabo;
2319 2268 2376 2311 ut
2399 2257 2621 2327 quando
2653 2257 2892 2310 volucris
2918 2256 3125 2320 venire,
3157 2269 3260 2308 nos
3296 2253 3568 2307 invenias:

1991 2364 2094 2419 ego
2135 2365 2374 2420 namque
2418 2367 2542 2406 cras
2583 2351 2652 2405 ad
2699 2366 2818 2404 mea
2862 2366 2950 2404 me
2985 2348 3285 2404 conferam.
3337 2347 3403 2401 Et
3441 2361 3570 2401 vero

1992 2454 2222 2494 cernens
2254 2439 2557 2494 Barnabam
2597 2439 2735 2494 adeo
2777 2454 2900 2494 esse
2945 2438 3360 2502 inexorabilem,
3397 2437 3572 2491 comi-

1993 2538 2139 2587 tatus
2175 2545 2296 2586 sum
2341 2547 2466 2586 eum
2509 2547 2685 2601 usque
2715 2532 2782 2585 ad
2814 2541 3032 2601 portum
3055 2571 3071 2596 ,
3117 2529 3467 2599 acceptisque
3500 2530 3571 2585 ab

1993 2640 2058 2678 eo
2088 2622 2260 2693 signis
2295 2637 2417 2691 qua:
2441 2622 2655 2676 dixerat
2702 2621 3128 2684 domiciliorum,
3157 2621 3244 2674 aio
3281 2619 3350 2673 ad
3380 2619 3566 2674 illum:

1992 2714 2107 2771 Nisi
2150 2730 2274 2769 cras
2363 2714 2714 2783 repetendum
2761 2713 2894 2766 mihi
2943 2721 3088 2766 esset
3127 2711 3330 2780 aliquid
3379 2725 3569 2765 eorum

1993 2822 2119 2878 qum
2169 2807 2308 2861 mihi
2358 2807 2649 2871 debentur,
2700 2803 2946 2875 profecto
2979 2803 3206 2872 jamjam
3249 2811 3428 2856 tecum
3476 2817 3572 2855 na-

1871 2931 1888 2947 .
1993 2898 2278 2968 vigarem;
2343 2905 2581 2951 attamen
2641 2897 2752 2952 cito
2803 2905 2853 2950 tc
2899 2909 3184 2963 assequar.
3241 2891 3336 2947 His
3388 2892 3570 2957 dictis,

1994 2989 2494 3058 eommendatoquc
2556 3005 2620 3043 eo
2680 2989 2835 3043 navis
2897 2987 3252 3052 ductoribus,
3320 2999 3574 3041 reversus

1996 3096 2116 3135 sum
2182 3095 2308 3135 cum
2368 3079 2630 3147 tristitia,
2713 3092 2923 3133 memor
2974 3075 3100 3132 boni
3159 3090 3225 3129 ac
3278 3073 3577 3130 concordis

1994 3171 2182 3226 amici.

2066 3259 2218 3315 XIV;
2247 3262 2472 3330 Aliquot
2506 3266 2686 3312 autem
2731 3258 2848 3312 dies
2891 3266 3140 3312 moratus
3163 3299 3178 3322 ,
3209 3265 3262 3311 et
3295 3256 3563 3320 debitum,

1994 3362 2216 3424 propter
2241 3351 2388 3422 quod
2422 3361 2668 3405 retentus
2701 3347 2937 3413 fueram,
2969 3363 3076 3401 non
3110 3356 3284 3402 totum
3321 3347 3574 3417 accipere

1992 3447 2216 3512 valens;
2254 3452 2314 3498 ut
2345 3443 2593 3498 celeriter
2629 3441 2905 3495 hominem
2939 3439 3282 3508 attingerem,
3317 3439 3575 3508 neglecto

1993 3540 2139 3611 quod
2168 3544 2472 3614 supererat,
2504 3534 2632 3604 quia
2663 3531 2798 3587 mihi
2824 3540 2969 3586 esset
2997 3529 3422 3600 impedimento;
3455 3530 3575 3599 ipse

1994 3645 2215 3702 quoque
2245 3629 2299 3682 in
2328 3627 2570 3681 Judazam
2600 3623 2912 3692 enavigavi,
2939 3630 2994 3675 ct
3023 3619 3433 3690 quintodecimo
3481 3618 3577 3674 dic

1993 3723 2300 3778 Ctesaream
2335 3716 2609 3773 Stratonis
2646 3715 2898 3770 advenio.
2935 3712 3184 3782 Cumque
3215 3721 3415 3767 terram
3447 3711 3573 3766 teti-

1996 3814 2219 3884 gissem,
2260 3818 2314 3863 et
2348 3807 2644 3877 hospitium
2673 3820 3017 3876 quaererem,
3085 3802 3250 3857 audio
3281 3801 3577 3872 quemdam

1997 3903 2215 3958 nomine
2260 3900 2516 3965 Petrum,
2569 3897 2697 3952 Jesu
2753 3897 2957 3952 Clu-isti
3011 3895 3104 3949 Dei
3150 3893 3312 3957 Filii,
3359 3893 3455 3964 qui
3517 3892 3572 3946 in

1995 3995 2181 4050 Judma
2220 4001 2549 4062 apparuerat
2575 3999 2628 4045 ct
2656 3991 2808 4060 signa
2836 4001 3000 4058 atque
3033 3988 3278 4058 prodigia
3306 3987 3576 4053 ediderat,

1997 4087 2441 4158 probatissimum
2493 4085 2846 4154 discipulum,
2899 4083 3139 4137 crastino
3184 4081 3272 4136 die
3319 4097 3444 4134 cum
3483 4079 3572 4133 Si-

1998 4193 2159 4233 mone
2187 4193 2252 4232 ex
2282 4176 2483 4232 Gitthis
2519 4175 2866 4230 Samaritano
2907 4185 3196 4228 venturum
3230 4173 3296 4227 ad
3325 4172 3574 4242 disputa-

1999 4275 2228 4328 tionem.
2261 4270 2392 4337 Qua:
2414 4285 2515 4341 ego
2544 4266 2771 4322 audiens
2796 4267 2976 4337 rogavi
3003 4265 3232 4319 indicari
3266 4265 3398 4318 mihi
3427 4265 3578 4318 illius

1998 4366 2365 4420 mansionem.
2401 4362 2466 4416 Et
2494 4361 2678 4416 statim
2710 4376 2773 4414 ac
2799 4359 2989 4423 didici,
3021 4364 3220 4427 praesto
3265 4355 3342 4409 fui
3379 4357 3444 4409 ad
3491 4354 3573 4408 fo-

318 4448 454 4534 λῶνί
489 4448 747 4546 έπέστην.
780 4448 1118 4539 Θεασάμενοι
1157 4464 1214 4516 δὲ
1255 4464 1304 4515 οἱ
1331 4463 1388 4514 ὲν
1425 4458 1505 4528 τῷ
1551 4457 1704 4524 οἴκῳ,
1747 4453 1893 4505 ἀντι-

2003 4473 2112 4512 res.
2176 4454 2361 4508 lntuiti
2415 4463 2598 4508 autem
2641 4451 2735 4522 qui
2782 4453 2834 4505 in
2880 4451 3048 4504 domo
3105 4458 3281 4515 erant,
3332 4448 3477 4502 inter
3514 4463 3579 4502 se

319 4571 604 4633 ϐάλλοντες
630 4543 790 4638 ἦσαν,
813 4564 896 4627 τίς
913 4579 973 4614 τε
1002 4559 1145 4630 εἰμὶ,
1170 4557 1263 4610 καὶ
1292 4552 1452 4607 πόθεν
1479 4550 1617 4620 ἦκω.
1642 4546 1752 4599 Καὶ
1785 4543 1893 4596 ἰδοὺ

321 4662 605 4737 Βαρνάϐας
637 4658 836 4720 ὲκϐἀς,
888 4655 1003 4725 ἆμα
1038 4651 1117 4721 τῷ
1149 4649 1193 4680 ³⁸
1227 4647 1353 4700 ἰδεῖν
1395 4639 1737 4714 περιεπλάκη
1781 4653 1892 4707 μοι,

492 4754 698 4825 χαίρων
739 4749 833 4804 καὶ
869 4745 1136 4817 δακρύων.
1182 4739 1293 4792 Καὶ
1325 4734 1621 4825 λαϐόμενός
1653 4748 1753 4803 μου
1795 4729 1894 4799 τῆς

322 4822 528 4920 χειρὸς,
556 4822 774 4914 είσῆγεν
800 4841 880 4902 εἰς
907 4837 1006 4908 τὴν
1044 4833 1238 4887 οἰκίαν.
1283 4825 1416 4894 Εἶτα
1454 4827 1550 4879 καὶ
1575 4824 1666 4877 τὸν
1691 4822 1896 4893 Πέτρον

325 4914 663 4998 ῦποδεικνὺς,
696 4928 848 4995 οὗτός
887 4931 1055 4991 ἐστιν,
1084 4924 1256 4992 ἔλεγε,
1289 4921 1511 4990 Πέτρος,
1547 4916 1605 4967 ὃν
1644 4914 1899 4984 μέγιστον

327 5029 417 5083 ἐπὶ
455 5029 525 5098 τῇ
567 5024 661 5078 τοῦ
699 5021 832 5076 Θεοῦ
876 5020 1036 5091 σοφίᾳ.
1078 5010 1491 5085 ἐπηγγελλόμην
1539 5024 1645 5067 σοι,
1677 5003 1896 5098 Κλήμη,

323 5113 369 5189 ᾧ
390 5093 568 5174 πάντα
590 5114 766 5187 τεκαὶ
793 5113 860 5166 τὰ
885 5110 1026 5165 κατά
1061 5108 1119 5160 σὲ
1159 5103 1298 5158 καλὰ
1329 5101 1421 5154 καὶ
1453 5099 1550 5168 τήν
1581 5093 1897 5167 προαίρεσιν

327 5183 415 5266 ἀεὶ
443 5183 762 5280 διηγούμην,
791 5205 866 5267 ὼς
885 5200 1128 5257 ἐντεῦθεν
1159 5193 1434 5266 γλίχεσθαι
1465 5188 1558 5280 καὶ
1582 5184 1742 5280 αὐτὸν
1773 5183 1900 5280 ἰδεῖν

323 5295 412 5372 σε,
436 5302 532 5357 καὶ
560 5299 658 5370 τὴν
685 5297 780 5368 σὴν
809 5293 1087 5348 ὲπιποθεῖν
1120 5285 1424 5355 συντυχίαν.
1456 5279 1616 5346 Μέγα
1633 5270 1725 5328 οῦν
1752 5271 1905 5341 αὐτῷ

329 5364 498 5466 δῶρόν
553 5364 628 5444 σε.⁷
658 5364 750 5442 διὰ.
790 5386 899 5439 τῶν
962 5381 1109 5453 ἐμῶν
1172 5373 1467 5466 προσφέρω
1519 5365 1752 5466 χειρωνῖ
1791 5364 1902 5416 Καὶ

329 5456 487 5540 τοῦτο
515 5482 706 5546 εἰπὼν,
737 5474 1123 5552 προσαγαγὼν,
1153 5471 1257 5542 ἔφη
1283 5486 1295 5499 ’
1325 5461 1478 5527 οὗτός
1509 5463 1623 5514 ἐστι
1646 5456 1900 5526 Κλήμης,

333 5582 526 5651 Πέτρε.

2000 4546 2355 4603 conferebant
2407 4544 2660 4613 quisnam
2693 4556 2893 4604 essem,
2921 4555 2985 4593 ac
3009 4539 3151 4592 unde
3180 4537 3570 4606 proﬁciscerer.

2004 4639 2070 4693 Et
2104 4655 2232 4693 ecce
2262 4637 2543 4691 Barnabas
2590 4639 2865 4704 egressus,
2923 4631 3108 4685 statim
3150 4637 3208 4682 ut
3237 4628 3371 4682 vidit
3421 4642 3577 4680 com-

2001 4732 2192 4801 plexus
2221 4725 2586 4795 esl,'multum
2619 4724 2860 4796 gaudens
2898 4738 2962 4777 ac
3009 4722 3342 4791 lacrymans;
3381 4732 3575 4787 appre—

2003 4826 2282 4892 hensaquc
2309 4836 2472 4874 manu
2505 4834 2647 4881 mea,
2675 4818 2729 4870 in
2758 4816 2980 4870 domum
3023 4809 3342 4866 introduxit.
3372 4808 3574 4863 Deinde

2004 4917 2226 4971 Petrum
2275 4913 2577 4969 ostendens
2599 4929 2615 4962 :
2648 4908 2748 4963 Hic
2779 4913 2883 4972 est,
2916 4907 3116 4975 inquit,
3149 4901 3364 4964 Petrus,
3411 4915 3571 4970 quem

2002 5007 2304 5060 maximum
2348 5003 2402 5057 in
2455 5001 2550 5056 Dei
2605 4999 2870 5068 sapientia
2921 4997 3018 5050 tibi
3077 4993 3489 5055 denuntiabant,
3540 5005 3578 5043 ο

2001 5099 2284 5160 (Ilemcns,
2333 5096 2530 5164 cuique
2579 5107 2765 5147 omnia
2806 5105 2929 5159 quae
2979 5089 3032 5142 iu
3083 5097 3135 5141 te
3181 5093 3312 5140 sunt
3345 5083 3488 5138 bona
3520 5090 3574 5136 et

2004 5189 2345 5260 propositum
2394 5195 2546 5240 tuum
2595 5197 2806 5252 semper
2837 5181 3151 5244 narrabam,
3178 5185 3238 5231 ut
3263 5191 3327 5230 ex
3359 5189 3428 5229 eo
3459 5173 3579 5242 ipse

2003 5283 2165 5338 etiam
2221 5280 2404 5349 cupiat
2448 5276 2632 5330 videre
2684 5285 2767 5340 te,
2821 5282 3080 5341 tuamque
3129 5266 3572 5338 congressionem

2003 5382 2238 5442 expetat.
2273 5371 2526 5440 Magnum
2566 5367 2730 5438 igitur
2767 5365 2816 5420 ei
2849 5379 3050 5418 munus
3083 5371 3136 5415 te
3161 5359 3416 5413 manibus
3440 5357 3578 5410 meis

2003 5464 2193 5518 offero.
2221 5461 2379 5527 Quod
2411 5473 2534 5513 cum
2560 5455 2815 5521 dixisset,
2845 5452 3041 5508 obtulit
3069 5467 3174 5506 me.
3203 5457 3256 5504 et
3281 5447 3446 5504 dixit:
3479 5445 3576 5502 llic

2002 5564 2086 5614 est
2105 5554 2379 5618 Clemens,
2413 5549 2594 5605 Petre.

1595 5663 1828 5724 VARUE
1865 5658 2265 5716 LECTIONES.

402 5792 443 5823 "
483 5790 554 5844 al.
596 5785 834 5849 ἐπιϐάλῃ
927 5783 969 5814 ³³
1010 5779 1080 5834 al.
1122 5772 1456 5840 κατηχήσας.

1555 5765 1597 5796 ³³
1630 5761 1788 5816 Deest
1820 5759 1875 5812 in
1904 5757 1976 5811 al.

2054 5755 2101 5786 ³⁵
2139 5756 2209 5810 al.
2246 5751 2485 5822 Γητθῶν.
2564 5751 2614 5784 ³⁵
2649 5751 2715 5805 al.
2753 5747 2870 5803 τοῦ.
