4040 6146
463 237 572 296 488

1258 236 1316 293 S.
1357 235 1746 292 CLEMENTIS
1784 235 1803 290 I
1843 236 2008 294 BOM.
2049 235 2251 292 PONT.
2292 235 2522 293 ΟΡΕΒΑ
2561 237 2773 296 DUBIA

3597 243 3693 299 484

551 354 647 412 ιν
709 354 1015 418 AtPetrus,
1066 363 1352 426 postquam
1403 371 1600 412 nomen
1646 357 1876 423 audivit,
1921 373 2035 414 me—

2206 357 2322 411 ΧΥ.
2373 359 2431 412 '0
2460 359 2516 412 δὲ
2549 360 2711 428 ἡνίκα
2743 359 2838 414 τοῦ
2873 361 3136 433 ὀνόματος
3163 361 3414 434 ἤκουσεν,
3444 360 3523 423 εἰς
3564 355 3696 432 μνή-

464 449 641 505 moria
690 456 936 518 repetens
985 447 1246 501 Barnabaz
1303 449 1667 515 narrationes,
1718 448 2030 516 confestim,

463 557 531 597 eo
562 541 746 594 habitu
797 554 908 608 quo
938 539 1393 608 erat,-prosiliit,
1447 555 1642 610 meque
1685 541 1921 612 benigne
1967 556 2033 596 ac

463 647 719 701 germane
749 632 1123 695 exosculatus,
1155 640 1319 702 atque
1334 632 1578 688 assidere
1602 631 1810 689 faciens
1835 633 2032 689 :Recte

461 722 660 789 fecisti,
707 723 906 792 inquit,
940 721 1035 792 qui
1083 723 1329 779 veritatis
1373 739 1680 792 praeconem
1723 725 2029 781 Barnabam

461 816 700 886 hospitio
727 815 1010 885 exceperis
1049 814 1105 870 in
1136 809 1370 870 verii'Dei
1400 816 1700 884 honorem;
1735 819 2028 874 admodum

458 909 676 964 excelso
715 918 768 963 te
811 907 1026 978 gessisti
1074 908 1281 974 animo,
1323 908 1416 978 qui
1449 909 1826 979 imperitorum
1873 910 2027 965 Iuro.

459 1017 574 1056 rem
608 1015 716 1055 non
748 998 918 1055 lueris
941 1001 1170 1056 veritus.
1209 1001 1417 1056 Revera
1459 1002 1604 1055 enim
1637 1000 1829 1071 beatus
1855 1017 1915 1057 es
1947 1012 2026 1068 tu,

458 1093 602 1163 quod
634 1090 879 1146 veritatis
920 1091 1158 1161 legatum
1202 1091 1272 1145 ita
1319 1091 1468 1145 omni
1507 1106 1631 1146 eum
1664 1091 1871 1146 honore
1901 1108 2026 1149 sus—

456 1183 670 1253 ceperis
722 1179 988 1252 hospitem
1019 1198 1031 1234 :
1061 1198 1161 1252 pro
1202 1183 1403 1253 quibus
1445 1181 1633 1250 factis,
1660 1182 1774 1252 ipsa
1810 1201 2028 1256 quoque

457 1277 658 1330 veritas
709 1284 762 1330 te
801 1275 895 1344 qui
938 1277 1140 1344 hospes
1181 1289 1261 1340 es,
1305 1291 1418 1329 suae
1461 1273 1612 1330 urbis
1655 1276 1828 1330 civem
1876 1276 2026 1330 desi-

455 1369 662 1438 gnabit,
691 1377 930 1438 tuncque
959 1382 1287 1438 magnopere
1317 1368 1623 1434 laetaberis;
1652 1370 1778 1439 quia
1805 1385 2023 1438 parvam

455 1460 686 1530 gratiam
726 1474 872 1513 nunc
917 1458 1238 1523 focueratus,
1279 1459 1592 1528 bonamque
1629 1459 1891 1515 doctrina:
1928 1476 2025 1514 vo-

453 1553 747 1617 luntatem,
796 1551 906 1606 eris
959 1551 1132 1605 haeres
1191 1551 1603 1605 commodorum
1673 1561 2022 1620 aeternorum,

455 1645 837 1713 bonorumque
886 1659 1007 1714 quae
1063 1641 1265 1698 auferri
1311 1658 1422 1696 non
1453 1651 1706 1714 possunt.
1750 1643 1865 1700 Nec
1892 1661 2022 1700 vero

453 1736 695 1790 laborem
724 1735 921 1791 subeas
951 1733 1218 1789 referendi
1252 1735 1386 1788 mihi
1418 1750 1600 1790 mores
1631 1745 1755 1791 tuos
1783 1755 1796 1790 :
1836 1738 2020 1792 omnia
2052 1711 2094 1764 Β

451 1829 598 1882 enim
637 1843 758 1898 qua:
809 1827 876 1881 ad
922 1835 973 1880 te
1018 1826 1331 1896 pertinent,
1376 1836 1590 1882 amator
1635 1827 1740 1883 iste
1781 1829 2024 1884 veritatis

453 1920 730 1976 Barnabas
765 1918 1043 1985 indicavit,
1076 1917 1188 1972 fere
1225 1918 1472 1988 quotidie
1513 1918 1712 1973 bonam
1750 1919 1827 1973 tui
1872 1936 2024 1975 men-

453 2013 653 2068 tionem
699 2010 923 2066 faciens.
973 2009 1040 2064 Et
1077 2021 1137 2064 ut
1176 2009 1302 2076 tibi,
1349 2020 1609 2080 tanquam
1654 2011 1784 2065 vero
1825 2011 2022 2079 amico,

453 2103 691 2157 breviter
747 2117 863 2156 rem
913 2101 1191 2172 aperiam;
1241 2103 1348 2157 nisi
1393 2103 1492 2157 tibi
1537 2102 1742 2173 aliquid
1797 2103 2024 2174 impedi-

451 2202 776 2260 mento—cst,
812 2194 916 2248 iter
950 2193 1238 2248 nobiscum
1267 2192 1428 2260 habe,
1470 2209 1535 2249 ac
1560 2194 1777 2264 percipe
1817 2211 2026 2251 sermo-

450 2301 572 2340 nem
603 2285 866 2352 veritatis,
891 2299 1051 2354 quem
1077 2300 1173 2355 per
1196 2270 1441 2357 singulas
1469 2286 1715 2342 civitates
1739 2286 2023 2342 habiturus

450 2393 596 2444 sum,
627 2376 860 2433 Romam
887 2392 1061 2447 usque
1088 2376 1283 2446 ipsam.

519 2469 661 2524 XVI.
702 2470 815 2541 Ego
857 2487 986 2527 vero
1029 2473 1093 2527 ad
1135 2473 1284 2526 illum
1317 2491 1331 2525 :
1368 2470 1600 2527 Paratus
1641 2472 1861 2542 quidem
1898 2488 2018 2527 sum

449 2561 719 2632 proﬁcisci
755 2574 956 2630 tecum,
991 2564 1210 2632 inquam
1239 2581 1252 2617 :
1279 2563 1383 2617 hoc
1428 2579 1665 2633 namque
1701 2563 1887 2618 nescio
1910 2579 2021 2633 quo

450 2654 612 2708 modo
651 2655 909 2709 constitui
961 2655 1115 2708 laetus
1151 2670 1381 2708 :verum
1432 2655 1592 2724 cupio
1629 2655 1781 2723 prius
1819 2654 2020 2709 certior

447 2745 515 2798 de
538 2743 762 2797 veritate
786 2744 930 2809 ﬁeri;
957 2753 1017 2797 ut
1041 2744 1236 2806 sciam,
1266 2753 1450 2798 utrum
1480 2743 1661 2797 anima
1692 2744 2018 2801 immortalis

449 2834 540 2898 sit,
573 2849 640 2886 an
673 2834 963 2898 mortalis;
998 2840 1052 2886 et
1088 2832 1134 2886 si
1175 2842 1256 2886 est
1286 2833 1646 2901 sempiterna,
1687 2848 1816 2887 num
1847 2834 1918 2888 ob
1953 2850 2016 2889 ea

445 2940 568 2994 qua:
597 2924 683 2978 hie
717 2923 902 2994 gessit,
940 2923 1174 2992 judicari
1205 2923 1435 2988 debeat;
1478 2922 1628 2989 item,
1657 2922 1915 2992 quidnam
1944 2925 2017 2979 sit

443 3014 650 3081 justum
701 3028 767 3068 ac
810 3011 920 3067 Deo
965 3021 1220 3082 gratum;
1282 3022 1577 3083 przeterea,
1638 3013 1888 3069 factusne
1941 3016 2079 3101 sitc

448 3105 705 3172 mundus,
737 3112 790 3159 et
828 3120 999 3174 quare
1042 3103 1248 3171 factus;
1282 3114 1338 3160 et
1383 3120 1452 3159 an
1497 3105 1568 3160 sit
1604 3106 2006 3170 dissolvendus,

450 3213 639 3260 necne,
672 3213 738 3250 an
774 3196 964 3250 melior
1003 3194 1240 3260 futurus,
1281 3211 1348 3249 an
1387 3211 1487 3251 nec
1522 3195 1738 3251 futurus
1765 3197 2012 3266 omnino,

445 3304 532 3355 ac,
575 3304 643 3342 ne
686 3289 897 3359 singula
941 3302 1266 3358 prosequar,
1306 3287 1422 3342 haec
1473 3296 1636 3358 atque
1683 3288 1769 3343 his
1813 3289 2012 3344 similia

445 3381 636 3435 vellem
679 3380 909 3434 discere.
961 3379 1056 3433 lIle
1101 3387 1314 3443 autem,
1357 3378 1542 3434 divino
1581 3379 1773 3449 spiritu
1809 3396 2010 3452 cogno—

444 3488 603 3529 scens
637 3473 767 3542 quid
804 3472 904 3526 sibi
930 3471 1128 3526 vellent
1163 3487 1224 3526 ea
1259 3472 1444 3538 verba,
1485 3472 1657 3526 citum
1690 3487 2010 3542 responsum

449 3565 620 3628 dedit,
655 3573 713 3617 ut
740 3573 794 3618 et
823 3565 932 3617 cito
965 3579 1050 3617 me
1079 3561 1146 3616 ad
1175 3564 1456 3618 veritatem
1489 3567 1789 3618 revocaret.
1838 3562 2014 3633 Atque

445 3672 565 3727 ego,
597 3655 792 3724 inquit,
825 3655 1062 3709 breviter
1091 3653 1210 3718 tibi,
1247 3669 1280 3706 o
1304 3655 1576 3724 Clemens,
1613 3669 1796 3711 rerum
1835 3654 2014 3710 scien-

449 3748 579 3803 tiam
605 3745 871 3801 exhibebo
897 3763 910 3799 :
935 3753 988 3800 et
1007 3745 1120 3816 jam
1145 3739 1288 3798 nunc
1315 3745 1463 3802 audi.

515 3921 680 3978 XVII.
716 3921 806 3975 Dei
839 3919 1093 3974 voluntas
1129 3920 1331 3974 multas
1379 3920 1451 3974 ob
1498 3921 1737 3978 rationes
1771 3922 2006 3978 homini-

445 4014 550 4067 bus
597 4014 810 4067 oceulta
856 4011 976 4066 fuit.
1019 4010 1206 4064 Primo
1244 4011 1462 4081 quidem
1493 4013 1639 4081 quod
1681 4013 1760 4067 illi
1794 4014 2009 4070 detine-

446 4113 634 4158 rentur
661 4118 825 4172 prava
855 4101 1219 4166 institutione,
1251 4101 1502 4155 convictu
1533 4102 1752 4166 vitioso,
1780 4119 2013 4159 consue—

445 4195 634 4250 tudine
688 4194 1036 4264 perniciosa,
1098 4193 1257 4248 malis
1306 4192 1634 4262 colloquiis,
1689 4208 1803 4247 non
1863 4205 2010 4251 recta

445 4288 766 4358 opinionum
801 4285 1193 4356 anticipatione
1213 4323 1228 4347 ,
1276 4293 1439 4354 atque
1468 4293 1754 4354 eapropter
1785 4301 2006 4353 errore;

445 4381 570 4435 dein
603 4387 912 4447 contemptu
935 4418 950 4443 ,
982 4376 1382 4442 incredulitate,
1411 4373 1794 4443 fornicatione,
1825 4378 2006 4432 avari-
2039 4373 2084 4428 D

446 4474 552 4539 tia,
598 4470 748 4526 inani
793 4469 988 4540 gloria,
1015 4469 1251 4538 aliisque
1294 4467 1608 4534 similibus;
1635 4483 1757 4538 quae
1795 4483 1917 4524 cum
1953 4470 2009 4524 in

444 4564 730 4628 mundum,
772 4571 1032 4632 tanquam
1077 4560 1347 4630 plurimus
1381 4559 1565 4614 fumus
1593 4559 1649 4614 in
1699 4576 1865 4615 unam
1913 4561 2012 4615 do-

445 4673 618 4723 mum,
659 4653 1016 4719 intraverint,
1048 4654 1304 4722 intusque
1336 4651 1695 4706 habitantium
1723 4651 2007 4707 hominum

443 4747 620 4803 visum
653 4744 973 4800 oll‘uscarint
996 4784 1011 4806 ,
1057 4759 1153 4797 eos
1185 4759 1291 4798 non
1327 4743 1514 4797 sinunt
1543 4743 1802 4812 aspicere,
1837 4759 2011 4814 neque

445 4837 634 4893 mundi
664 4846 965 4892 creatorem
998 4833 1166 4889 Deum
1204 4834 1501 4904 intelligere
1528 4849 1595 4887 ex
1632 4835 1698 4890 iis
1723 4836 1775 4888 in
1806 4836 2006 4904 quibus

444 4931 559 5000 ipse
581 4946 639 4984 se
664 4929 857 4998 pinxit,
883 4943 983 4983 nec
1011 4942 1338 4997 cognoscere
1367 4926 1511 4996 quod
1541 4929 1588 4982 ei
1625 4928 1823 4998 placet.
1853 4927 2008 4994 Quo-

445 5023 592 5076 circa
641 5027 858 5089 oportet
915 5017 1161 5074 veritatis
1218 5018 1494 5082 studiosi,
1547 5017 1878 5074 intrinsecus
1936 5037 2000 5075 ex

444 5112 640 5167 animae
683 5107 976 5179 profundo,
1007 5108 1074 5162 ad
1108 5105 1371 5161 auxilium
1401 5122 1529 5161 vera
1568 5108 1784 5164 ratione
1810 5119 2006 5165 vocent

447 5203 616 5260 Deum
645 5202 822 5259 solum
844 5241 862 5267 ,
890 5199 1179 5254 Dominum
1221 5206 1405 5252 autem
1451 5206 1697 5254 nostrum
1724 5208 1777 5255 et
1806 5198 2003 5255 Salva-

2136 466 2244 520 μην
2267 447 2434 502 ἐλθὼν
2458 450 2567 503 τῶν
2600 449 2854 522 Βαρνάϐα
2883 452 3255 523 διηγημάτων,
3286 449 3506 522 ὲξήλατό
3536 467 3594 502 τε
3623 450 3699 514 ὼς

2131 537 2272 611 εἶχεν
2301 540 2481 604 εὐθὺς,
2520 540 2615 594 καὶ
2665 542 2949 613 προσηνῶς
2990 560 3055 614 με
3085 543 3178 595 καὶ
3205 541 3442 611 γνησίως
3473 550 3699 610 καταφι-

2130 630 2316 702 λήσας,
2348 631 2444 684 καὶ
2472 632 3006 704 παρακαθισάμενος·
3040 631 3238 697 Καλῶς
3267 631 3543 702 ἐποίησας,
3576 631 3698 702 ἔφη,

2127 721 2220 773 τὸν
2245 721 2346 791 τῆς
2373 721 2630 792 ἀληθείας
2654 724 2870 795 κήρυκα
2895 723 3107 791 ξενίσας
3125 722 3411 796 Βαρνάϐαν
3434 724 3512 786 είς
3539 722 3699 793 τιμὴν

2127 812 2222 866 τοῦ
2251 811 2402 877 ὄντος
2425 813 2469 844 ³⁸
2492 812 2647 878 Θεοῦ,
2673 815 2769 868 καὶ
2797 814 2916 869 λίαν
2954 815 3389 887 μεγαλοφρόνως,
3433 814 3532 867 ούκ
3558 813 3699 867 αἰδε-

2130 897 2278 967 σθεὶς
2319 905 2411 956 τὸν
2447 898 2488 936 ³⁷
2523 904 2633 958 τῶν
2673 905 3014 959 ἀπαιδεύτων
3061 905 3249 977 θυμόν.
3281 905 3567 974 Μακάριος
3595 903 3702 975 γάρ

2127 993 2204 1058 ὡς
2231 993 2447 1066 ἀληθῶς
2483 995 2573 1060 σὺ,
2612 992 2703 1048 τὸν
2747 996 2849 1066 τῆς
2878 996 3135 1066 ἀληθείας
3181 996 3521 1068 πρεσϐευτὴν
3563 993 3704 1049 οῦτω

2128 1071 2342 1150 ξενίσας
2376 1085 2527 1158 πάσῃ
2562 1082 2729 1157 τιμῇ·
2772 1086 2887 1139 ἀνθ’
2910 1081 2986 1140 ὧν
3017 1087 3156 1158 αὐτὴ
3197 1088 3291 1140 καί
3322 1104 3380 1140 σε
3418 1085 3704 1158 ήάλήθεια

2127 1169 2275 1240 ξένον
2316 1175 2465 1240 ὄντα,
2497 1176 2600 1246 τῆς
2636 1171 2775 1239 ἰδίας
2816 1176 3023 1240 πόλεως
3069 1178 3397 1247 καταστήσει
3442 1176 3699 1246 πολίτην·

2126 1262 2220 1318 καὶ
2257 1262 2379 1320 τότε
2397 1269 2613 1340 χαρήσῃ
2671 1268 2940 1339 μεγάλως,
2977 1269 3058 1322 ὅτι
3107 1268 3363 1339 βραχεῖαν
3411 1268 3505 1322 νῦν
3542 1267 3703 1339 χάριν

2124 1357 2372 1423 δανείσας
2393 1356 2487 1413 καὶ
2507 1361 2717 1431 ἀγαθὴν
2743 1361 2915 1428 λόγων
2949 1361 3284 1432 προαίρεσιν,
3312 1359 3493 1413 καλῶν
3515 1359 3702 1413 ἀϊδίων

2124 1449 2219 1502 καὶ
2261 1451 2640 1523 ἀναφαιρέτων
2677 1451 2896 1520 ἀγαθῶν
2933 1451 3030 1525 ἔσῃ
3071 1451 3421 1524 κληρονόμος.
3469 1450 3581 1504 Καὶ
3629 1450 3701 1520 μὴ

2123 1540 2297 1612 κάμνε
2335 1541 2668 1595 ἀντιϐάλλων
2713 1559 2805 1612 μοι
2841 1542 2903 1595 τὸ
2953 1543 3043 1595 σὺν
3081 1538 3248 1614 ἦθος⁴
3280 1542 3458 1595 πάντα
3485 1540 3594 1612 γὰρ
3633 1539 3704 1592 τὰ

2123 1631 2264 1686 κατὰ
2294 1628 2353 1685 σὲ
2394 1635 2422 1686 ὁ
2453 1633 2750 1705 φιλαλήθης
2791 1628 2945 1697 οὗτος
2974 1634 3112 1706 ἀνὴρ
3155 1635 3182 1687 ὁ
3204 1632 3491 1705 Βαρνάϐας
3519 1632 3705 1703 ·ἀπήγ-ι

2122 1722 2288 1792 γειλε,
2331 1724 2452 1777 καθ’
2498 1725 2710 1797 ἡμέραν
2742 1726 2926 1796 σχεδὸν
2957 1727 3055 1798 τὴν
3101 1725 3310 1797 ἀγαθήν
3355 1740 3449 1778 σου
3480 1724 3703 1795 μνήμην

2125 1815 2461 1887 ποιούμενος.
2491 1815 2601 1869 Καὶ
2645 1812 2731 1870 ἴνα
2777 1831 2878 1882 σοι,
2914 1818 2990 1882 ὡς
3021 1819 3226 1890 γνησίῳ
3270 1817 3430 1889 φίλῳ,
3479 1814 3704 1887 δηλώσω

2123 1908 2243 1962 κατ’
2290 1907 2553 1978 ἐπιτομὴν
2583 1906 2644 1960 τὸ
2686 1910 3065 1980 προκείμενον,
3108 1910 3156 1961 εἰ
3206 1909 3279 1980 μή
3317 1909 3400 1962 σοί
3431 1925 3502 1961 τι-
3527 1906 3701 1977 ἐμποέ

2121 1996 2288 2064 δίζει,
2350 1997 2662 2052 συνόδευσον
2713 1993 2863 2070 ήμῖν,
2916 1999 3340 2071 μεταλαμϐάνων
3389 1999 3482 2053 τὸν
3521 1999 3567 2032 ³⁸
3603 1997 3720 2068 τῆς

2123 2085 2375 2157 ἀληθείας
2417 2087 2590 2157 λόγον,
2640 2086 2698 2140 ὃν
2730 2088 2774 2119 ³⁸
2815 2088 2955 2142 κατὰ
3004 2089 3156 2143 πόλιν
3195 2088 3466 2142 ποιεῖσθαι
3521 2086 3702 2160 μέλλω

2126 2179 2286 2254 μέχρι
2337 2177 2555 2270 Ῥώμης
2591 2173 2776 2252 αὐτῆς.

2191 2472 2330 2527 XVI.
2384 2471 2524 2542 Ἐγὼ
2560 2474 2619 2528 δὲ
2659 2474 2795 2546 πρὸς
2832 2471 3016 2541 αὐτόν,
3064 2470 3156 2530 Σοὶ
3195 2473 3293 2548 μὲν
3331 2475 3564 2547 ἑτοίμως
3593 2466 3704 2544 ἔχω

2123 2564 2445 2628 συνοδεύειν,
2489 2559 2643 2617 εἷπον
2663 2581 2677 2595 ο
2701 2565 2878 2618 ’τοῦτο
2903 2566 3010 2638 γάρ
3040 2568 3139 2620 ούκ
3176 2564 3272 2621 οἷδ’
3297 2568 3444 2630 ὅπως
3490 2567 3707 2639 χαίρων

2121 2650 2471 2724 προῄρημαιο
2531 2652 2672 2724 πλὴν
2706 2655 2836 2724 περὶ
2883 2652 3141 2726 ἀληθείας
3187 2655 3448 2725 βούλομαι
3478 2656 3703 2726 πρῶτον

2120 2742 2631 2812 πληροφορηθῆναι,
2689 2743 2776 2796 ἵνα
2821 2744 2934 2812 γνῶ
2957 2784 2972 2807 ,
3023 2746 3071 2796 εί
3127 2746 3160 2814 ή
3205 2745 3350 2815 ψυχὴ
3406 2744 3705 2810 ἀθάνατος,

2123 2830 2370 2902 ἢθνητή’
2423 2833 2517 2885 καὶ
2540 2833 2588 2884 εί
2627 2826 2797 2896 ἀΐδιος
2845 2830 3001 2898 οὖσα,
3047 2835 3174 2903 περὶ
3217 2829 3291 2886 ὧν
3336 2834 3574 2905 ἔπραξεν
3615 2836 3708 2888 ὲνέ

2115 2917 2309 2982 ταῦθα,
2340 2919 2452 2990 ἔχει
2473 2921 2750 2992 κριθῆναι·
2783 2923 2875 2975 καὶ
2897 2923 2948 2976 τί
2977 2923 3106 2976 ποτέ
3135 2926 3248 2976 ἐστι
3272 2923 3473 2976 δίκαιον
3505 2918 3538 2994 ἥ
3567 2923 3706 2995 ἀρέ-

2115 3026 2243 3064 σκον
2283 3011 2422 3081 Θεῷ,
2466 3013 2560 3066 καὶ
2583 3015 2630 3065 εί
2652 3013 2840 3083 γέγονε
2878 3015 3100 3086 κόσμος,
3127 3016 3220 3068 καὶ
3259 3014 3347 3069 διὰ
3385 3016 3438 3068 τί
3479 3011 3700 3083 γέγονε,

2115 3100 2210 3155 καὶ
2244 3103 2293 3154 εί
2319 3101 2608 3175 λυθήσεται
2630 3121 2644 3135 ο
2676 3106 2769 3158 καὶ
2790 3104 2838 3157 εί
2867 3105 2927 3158 ού
2947 3105 3261 3176 λυθήσεται,
3291 3107 3385 3159 καὶ
3426 3105 3471 3137 ⁸⁸
3504 3105 3703 3177 κρείτ-

2112 3209 2220 3246 των
2265 3192 2438 3256 ἔσται,
2474 3194 2508 3265 ἢ
2539 3195 2660 3249 οὐδὲ
2690 3196 2878 3250 ἔσται’
2922 3197 3016 3250 καὶ
3057 3197 3145 3251 ἵνα
3196 3198 3270 3268 μὴ
3301 3197 3360 3249 τὸ
3397 3198 3521 3250 κατ’
3553 3195 3704 3261 εἶδος

2113 3286 2286 3356 λέγω,
2333 3287 2507 3341 ταῦτά
2555 3303 2616 3340 τε
2677 3289 2771 3342 καὶ
2823 3287 2891 3342 τά
2937 3275 3146 3354 τούτοις
3201 3290 3441 3361 ἑπόμενα
3502 3290 3704 3361 μαθεῖν

2114 3377 2321 3448 ἤθελον.
2377 3377 2433 3432 Ὀ
2479 3378 2536 3432 δὲ
2559 3418 2572 3443 ,
2615 3378 2658 3410 ⁸¹
2691 3381 2744 3432 τί
2787 3380 2944 3433 ταυτὶ
2977 3379 3224 3450 βούλεται
3252 3380 3320 3434 τὰ
3369 3381 3589 3452 ῥήματα
3619 3381 3702 3452 τῷ

2115 3468 2244 3541 θείῳ
2271 3462 2540 3540 πνεύματι
2561 3471 2742 3538 γνοὺς,
2766 3471 2984 3542 ταχεῖαν
3004 3473 3101 3542 τὴν
3121 3473 3409 3542 ἀπόκρισιν
3435 3475 3698 3536 ἐποιεῖτο,

2114 3560 2202 3614 ἵνα
2257 3561 2353 3614 καὶ
2394 3561 2530 3631 ταχύ
2586 3579 2652 3632 με
2703 3562 2838 3632 πρὸς
2877 3562 2976 3633 τὴν
3031 3559 3283 3635 ἀλήθειαν
3342 3565 3701 3636 ὲπαναγάγη-

2112 3666 2202 3702 ται
2231 3650 2295 3704 δ’.
2334 3651 2463 3714 Καί,
2513 3641 2800 3722 Συντὸμὶος
2843 3651 2951 3722 ἐγώ
2997 3671 3105 3717 σοι,
3149 3653 3349 3723 ἔλεγεν,
3391 3649 3434 3708 ὧ
3466 3654 3698 3728 Κλήμη,

2114 3742 2209 3815 τὴν
2247 3743 2358 3798 τῶν
2391 3744 2559 3800 ὄντων
2603 3736 2806 3816 ’γνῶσιν
2837 3744 3158 3820 παρέξομαι⁶
3206 3747 3299 3802 καὶ
3343 3747 3412 3802 τά
3450 3747 3555 3803 νῦν
3609 3749 3701 3817 ἐξα

2112 3836 2282 3904 αυτῆς
2305 3836 2490 3891 ἄκουε.

2184 3945 2348 4000 XVII.
2385 3948 2448 4000 Ἠ
2474 3947 2567 4000 τοῦ
2597 3948 2735 4001 Θεοῦ
2755 3948 2920 4020 βουλὴ
2949 3949 3092 4004 κατά
3119 3950 3345 4014 πολλοὺς
3365 3947 3610 4021 τρόπους
3638 3949 3697 4002 ἐν

2111 4035 2289 4108 ἀδήλῳ
2312 4036 2500 4106 γέγονε
2524 4041 2637 4102 τοῖς
2659 4038 2984 4110 ἀνθρώποις.
3010 4041 3209 4112 Πρῶτα
3233 4033 3329 4111 μὲν
3353 4038 3439 4092 διά
3459 4035 3526 4093 τὸ
3555 4051 3696 4111 κραδ

2110 4127 2339 4196 τηθῆναι
2377 4129 2574 4192 αὐτοὺς
2602 4131 2877 4200 εἰσαγωγῇ
2915 4134 3096 4202 κακῇ,
3128 4123 3417 4202 συντροφία
3448 4125 3693 4202 πονηρᾷ,

2115 4219 2372 4292 συνηθείᾳ.
2397 4220 2566 4293 δεινῇ,
2599 4222 2786 4294 ὁμιλίᾳ
2817 4226 2961 4294 κακῇ
2997 4223 3064 4286 ⁸³,
3095 4221 3357 4294 προλήψει
3381 4217 3481 4274 ούκ
3511 4223 3650 4294 ὀρθῇ
3675 4261 3692 4286 9

2112 4308 2208 4361 καὶ
2230 4309 2317 4362 διά
2343 4310 2515 4365 ταῦτα
2543 4312 2717 4383 πλάνῃ
2737 4329 2750 4342 υ
2804 4312 2992 4366 ἔπειτα
3019 4312 3240 4383 ἀφοϐίςι,
3277 4313 3530 4382 ἀπιστίᾳ,
3559 4327 3694 4384 πορ-

2111 4401 2248 4472 νείᾳ,
2287 4403 2638 4475 φιλαργυρίᾳ,
2683 4404 2980 4476 κενοδοξία,
3009 4404 3104 4458 καὶ
3141 4404 3317 4466 ἄλλοις
3339 4403 3628 4466 τοιούτοις,
3654 4403 3693 4456 ἃ

2109 4491 2172 4562 δὴ
2214 4493 2464 4564 καθάπερ
2503 4495 2711 4548 καπνοῦ
2748 4495 2950 4566 πλῆθος
2990 4497 3072 4559 είς
3117 4496 3213 4549 ἕνα
3254 4492 3400 4549 οἶκον
3431 4497 3689 4551 ἐπεισελ-

2112 4580 2272 4634 θόντα
2296 4581 2386 4634 τὸν
2418 4582 2638 4653 κόσμον,
2664 4585 2756 4637 καὶ
2789 4584 2894 4636 τῶν
2922 4582 3130 4637 ἔνδοθεν
3155 4581 3442 4637 οἰκούντων
3471 4585 3689 4656 ἀνδρῶν

2110 4666 2509 4722 ὲπιθολώσαντα
2561 4671 2659 4734 τὰς
2705 4671 2945 4742 ὁράσεις,
2995 4673 3286 4742 ἀναϐλέψαι
3335 4673 3535 4736 αὐτοὺς
3583 4674 3689 4728 οὐκ

2111 4759 2194 4829 ἐᾷ,
2224 4761 2317 4813 καὶ
2343 4764 2409 4832 τῇ
2440 4761 2712 4836 διαγραφῇ
2733 4767 2822 4818 τὸν
2848 4766 3323 4838 δημιουργήσαντα
3348 4768 3684 4838 κατανοῆσαι

2111 4849 2262 4916 Θεὸν,
2305 4855 2399 4907 καὶ
2433 4854 2494 4907 τὸ
2541 4856 2714 4929 τούτῳ
2737 4858 2925 4911 δοκοῦν
2968 4858 3250 4930 γνωρίσαι.
3297 4859 3389 4911 Διὸ
3415 4861 3522 4931 χρὴ
3552 4861 3686 4924 τοὺς

2111 4942 2421 5015 φιλαλήθεις
2463 4946 2663 5002 ἔσωθεν
2704 4951 2768 5004 ἐκ
2810 4949 3006 5020 βάθους
3047 4951 3224 5022 ψυχῆς
3274 4951 3681 5006 ἐκκαλέσασθαι

2109 5031 2244 5102 πρὸς
2284 5035 2598 5108 ἐπικουρίαν
2649 5039 2836 5110 ἀληθεῖ
2879 5040 3124 5112 λογισμῷ
3170 5039 3261 5095 τὸν
3311 5041 3470 5113 μόνον
3523 5043 3681 5108 Θεὸν,
3789 5058 3792 5064 ’

2109 5122 2310 5195 Κύριον
2351 5126 2409 5180 δὲ
2436 5129 2590 5200 ἡμῶν
2619 5132 2711 5184 καὶ
2754 5132 2980 5204 Σωτῆρα
3037 5130 3244 5204 Ἰησοῦν
3288 5133 3544 5207 Χριστὸν,
3583 5135 3682 5189 καὶ

2109 5213 2238 5283 παρ’
2281 5214 2443 5270 αὑτοῦ
2487 5217 2686 5288 γνῶσιν
2713 5218 2916 5287 λαϐεῖν,
2961 5222 3050 5277 ἴνα
3093 5239 3178 5286 τις
3218 5223 3366 5287 ὲντδς
3397 5223 3472 5277 ὣν
3515 5226 3573 5312 ὲν
3599 5224 3681 5296 τῷ

1702 5331 1938 5390 VARUE
1976 5337 2370 5404 LECTIONES.

515 5475 560 5563 ’ξ
599 5473 736 5556 [λεῖβε
765 5471 858 5563 703
888 5472 1056 5563 537$;
1077 5466 1507 5563 9505;9j"5~_g“i
1529 5487 1703 5563 τεῑέζίι
1729 5469 1990 5563 ρειιῇεεε,
2019 5484 2078 5563 ιξῐ
2099 5478 2281 5563 “iulia,
2309 5499 2460 5538 num.
2493 5499 2640 5541 xxrx.
2675 5459 2837 5544 (ζιελ.
2915 5491 2959 5525 ⁸⁷
2998 5491 3065 5547 al.
3095 5493 3260 5548 inser.
3292 5494 3354 5546 ού
3389 5490 3672 5563 φοϐηθείς.

508 5545 576 5633 3‘;
611 5541 736 5633 τξῦνο
786 5545 856 5633 ¹³²⁹
883 5544 953 5596 ιιι·
976 5542 1166 5633 λόγξιξν,
1188 5541 1300 5629 ⁹ὢν.
1321 5541 1432 5633 ‘3“
1461 5541 1529 5594 al.
1573 5543 1665 5594 καὶ
1695 5542 1762 5593 εἰ.
1843 5544 1885 5584 δι
1922 5545 1993 5598 al.
2034 5548 2062 5599 ό
2093 5547 2149 5602 δὲ
2182 5541 2383 5624 Πέτρος
2409 5556 2543 5626 πρὸς
2572 5541 3665 5633 ταῡέάίάἀτεκρινᾶὲᾱῗὲῐᾴτὲιὶωτέ’άὸἷδζ

441 5618 486 5652 δ’
521 5615 592 5668 al.
633 5613 995 5685 ἐπαγάγηται.
1071 5611 1114 5642 ⁸³
1147 5615 1208 5666 ού
1247 5611 1406 5682 καλῇ.
