4048 6146
338 280 444 337 ιεδ

1073 271 1529 329 CLEMENTINA.
1571 302 1641 312 —
1676 269 1976 326 EPITOME
2016 269 2107 325 DE
2142 269 2388 328 GESTIS
2425 271 2484 328 S.
2523 271 2742 328 PETRI.

3490 273 3598 330 488

335 404 472 475 οῐκῳ
520 402 602 473 τῷ
643 395 1011 469 πεπλησμένῳ
1057 394 1268 450 καπνοῦ
1291 436 1307 461 ,
1349 395 1430 466 τῷ
1481 395 1672 467 κόσμῳ
1706 394 1882 466 τούτῳ
1901 434 1922 460 ,

2030 403 2198 450 torem
2223 393 2412 451 Iesum
2446 394 2753 462 Christum,
2776 403 2832 450 et
2853 393 2924 450 ab
2945 407 3013 450 eo
3043 393 3411 464 cognitionem
3448 408 3597 465 acet-

338 496 512 567 φημὶ,
566 491 808 566 προσιὼν
857 489 1064 555 ἀνοῖξαι
1108 487 1311 560 δυνηθῇ
1359 487 1553 559 θύραν,
1600 487 1677 551 ὡς
1714 486 1776 539 τὸ
1821 487 1919 557 μὲν

337 588 497 650 ἐκτὸς
539 586 634 638 τοῦ
681 583 836 655 ἡλίου
887 580 1004 651 φῶς
1043 579 1387 651 είσκριθῆναι
1427 579 1507 650 τῷ
1551 580 1706 650 οἴκῳ,
1737 579 1829 632 τὸν
1861 579 1920 632 δὲ

337 677 490 739 ἐντὸς
517 675 612 728 τοῦ
640 674 811 744 πυρὸς
839 670 972 726 ὄντα
1001 669 1333 742 ἐκϐληθῆναι
1359 669 1565 725 καπνόν
1585 687 1597 700 ·
1629 672 1776 734 ὅπως
1801 671 1920 726 δια-

338 767 640 837 ϐλέψαντες
685 766 734 818 οἱ
789 763 1066 836 ἄνθρωποι
1121 761 1484 816 πιστεύσωσιν
1531 762 1611 824 είς
1651 761 1747 814 ’ένα
1788 760 1922 814 Θεὸν

339 860 563 931 Πατέρα
590 857 1022 928 παντοκράτορα,
1060 855 1155 909 καὶ
1193 855 1274 917 είς
1303 853 1396 906 τὸν
1446 853 1709 924 μονογενῆ
1755 850 1920 906 αὑτοῦ

341 952 470 1005 Υἱὸν
493 951 586 1004 τὸν
618 949 724 1022 πρὸ
756 947 865 1001 τῶν
893 948 1106 1002 αἰώνων
1132 945 1192 1010 ἐξ
1218 943 1383 999 αὑτοῦ
1408 945 1702 1015 ἀφράστως
1729 960 1923 1015 γεννη-

341 1041 521 1105 θέντα,
549 1043 642 1095 καὶ
670 1041 750 1105 είς
776 1041 839 1092 τὸ
867 1039 1096 1109 Πνεῦμα
1120 1036 1182 1090 τὸ
1207 1038 1359 1105 ἅγιον
1380 1036 1441 1090 τὸ
1468 1035 1527 1103 ἐξ
1549 1034 1714 1090 αὑτοῦ
1745 1037 1922 1108 ἀρρή-

340 1151 448 1196 τως
476 1133 932 1206 ἐκπορευόμενον,
970 1131 1069 1184 ἕνα
1095 1129 1228 1182 Θεὸν
1267 1129 1623 1201 γνωρίζοντες
1651 1131 1708 1182 ἐν
1745 1131 1923 1200 τρισὶν

353 1226 766 1289 ’Υποστάσεσιν,
796 1226 1050 1297 ἄναρχον,
1068 1222 1442 1294 ἀτελεύτητον,
1470 1221 1707 1287 αἰώνιον,
1732 1223 1922 1287 ἀΐδιον,

342 1317 616 1382 ἄκτιστον,
644 1317 935 1388 ἄτρεπτον,
959 1314 1336 1378 ἀναλλοίωτον,
1360 1312 1587 1378 ἁπλοῦν,
1611 1313 1922 1379 ἀσύνθετον,

340 1407 650 1478 ἀσώματον,
708 1407 937 1479 ἀόρατον
958 1445 973 1470 ,
1021 1405 1226 1476 ἀναφῆ,
1267 1404 1699 1478 ἀπερίγραπτον,
1734 1406 1926 1478 ἀπερί-

341 1499 550 1572 ληπτον
585 1499 653 1562 ⁸⁵,
683 1499 909 1570 ἄπειρον
931 1537 946 1562 ,
990 1497 1360 1568 ἀκατανόητον
1381 1537 1396 1563 ,
1439 1497 1663 1566 ἀγαθὸν,
1695 1499 1922 1564 δίκαιον,

2025 489 2212 559 piant;
2246 497 2306 543 ut
2332 487 2533 559 aliquis
2561 489 2712 543 intus
2741 487 2956 558 positus
2982 488 3035 542 in
3062 487 3230 542 domo
3251 485 3388 542 fumi
3411 487 3596 557 plena,

2022 581 2078 636 in
2114 581 2218 636 hoc
2239 620 2255 644 ,
2305 579 2554 650 inquam,
2584 579 2793 634 mundo
2814 619 2829 642 ,
2881 577 3147 632 accedens
3177 579 3350 648 possit
3378 578 3598 647 aperire

2022 669 2201 736 fores;
2239 686 2350 741 quo
2393 669 2581 725 lumen
2629 670 2783 735 solis,
2814 668 2960 740 quod
2988 679 3142 724 extra
3190 679 3294 735 est,
3321 669 3599 724 intromit-

2022 772 2168 818 tatur
2203 762 2258 816 in
2306 760 2566 826 domum;
2609 761 2754 831 ignis
2800 775 2928 816 vero
2957 759 3164 824 fumus,
3195 761 3288 830 qui
3321 760 3465 814 intro
3490 770 3595 826 est,

2021 853 2274 922 ejiciatur
2311 852 2359 883 ιδ
2389 870 2403 919 ;
2437 861 2498 906 ut
2541 853 2810 916 homines,
2850 867 2974 906 cum
3021 853 3428 922 perspexerint,
3476 868 3598 908 cre-

2023 945 2154 1000 dant
2190 946 2244 999 in
2281 960 2450 998 unum
2501 943 2670 998 Deum
2706 941 2926 998 Patrem
2965 943 3420 1013 omnipotentem,
3447 953 3502 999 et
3540 945 3596 999 in

2026 1037 2366 1108 unigenitum
2394 1036 2514 1106 ejus
2548 1035 2746 1090 Filium
2787 1051 2852 1090 ex
2883 1050 2948 1091 eo
2977 1043 3103 1089 ante
3153 1034 3353 1090 smcula
3379 1033 3598 1089 inenar-

2023 1129 2182 1184 rabili
2233 1129 2400 1183 modo
2437 1128 2705 1199 genitum,
2736 1136 2790 1181 et
2834 1127 2890 1181 in
2932 1124 3200 1197 Spiritum
3230 1133 3484 1182 sanctum
3529 1141 3594 1180 ex

2025 1223 2219 1278 eodem
2253 1221 2514 1277 ineﬂabili
2546 1222 2760 1277 ratione
2788 1225 3171 1291 procedentem
3197 1238 3212 1286 ;
3237 1229 3399 1290 atque
3427 1235 3598 1275 unum

2027 1313 2200 1369 Deum
2257 1323 2593 1384 cognoscant
2653 1314 2707 1368 in
2765 1315 2945 1369 tribus
2991 1312 3277 1378 Personis,
3331 1312 3600 1383 principio

2025 1415 2325 1471 carentem,
2353 1405 2478 1461 linis
2504 1413 2804 1475 expertem,
2829 1415 3116 1469 aeternum,
3141 1413 3483 1475 perpetuum,
3515 1405 3600 1458 in-

2025 1508 2292 1564 creatum,
2341 1497 2762 1563 immutabilem,
2796 1497 3086 1552 variationi
3124 1512 3234 1552 non
3273 1497 3598 1563 obnoxium,

343 1591 772 1663 παντοδύναμον,
803 1592 1018 1646 πάντων
1048 1590 1362 1661 κτισμάτων
1388 1589 1742 1664 δημιουργὸν,
1758 1597 1772 1611 ⁸
1791 1609 1927 1646 παν-

2030 1592 2355 1662 simplicem,
2398 1605 2508 1644 non
2552 1590 2942 1660 compositum,
2976 1591 3382 1660 incorporeum,
3412 1591 3600 1648 invisi—

339 1686 670 1757 τοκράτορα,
718 1685 1125 1756 παντεπόπτην,
1163 1684 1380 1738 πάντων
1413 1685 1737 1757 προνοητὴν,
1768 1685 1922 1752 ἐξου-

2032 1684 2219 1748 bilem,
2252 1681 2570 1746 intactilem,
2595 1681 3152 1752 incircumscriptum,
3181 1683 3602 1752 incomprehen-

343 1755 592 1848 σιαστὴν,
627 1777 721 1830 καὶ
761 1777 986 1848 κριτήν⁸
1028 1774 1334 1840 καὶ.οὕτως
1366 1755 1819 1848 ἀναγεννηθέντες
1853 1777 1922 1831 δι’

2030 1776 2264 1838 sibilem,
2309 1772 2614 1842 intinitumf,
2645 1787 2756 1827 non
2783 1774 3051 1830 valentem
3079 1775 3336 1845 perspici,
3369 1771 3616 1840 bonum,

342 1866 537 1930 ὕδατός
562 1883 622 1919 τε
652 1867 745 1920 καὶ
782 1865 1111 1938 πνεύματος,
1141 1866 1573 1939 συγκληρονὸμοι
1602 1871 1916 1925 καταστῶσι

340 1957 451 2011 τῶν
480 1958 618 2029 πρὸς
646 1958 950 2030 ἀφθαρσίαν
977 1957 1451 2029 ἀναγεννηθέντων
1488 1960 1620 2014 υἱῶν
1641 1961 1738 2014 τοῦ
1765 1961 1920 2018 Θεοῦ.

2027 1870 2274 1940 justum,
2319 1877 2599 1938 potentem
2651 1866 2872 1932 omnia,
2917 1875 3299 1922 creaturarum
3349 1867 3600 1921 omnium

2033 1961 2317 2031 opiﬁcem,
2350 1958 2806 2027 omnipotentem,
2858 1958 3220 2028 inspectorem
3253 1968 3602 2026 cunctorum,

341 2049 680 2119 provisorem
729 2051 996 2115 omnium,
1046 2049 1474 2120 dominatorem,
1519 2069 1586 2108 ac
1626 2054 1912 2124 judicem;
1969 2064 2136 2125 atque
2175 2053 2251 2107 ita
2301 2067 2444 2133 aqua
2497 2059 2553 2106 et
2600 2050 2796 2121 spiritu
2841 2052 3016 2106 renati
3061 2051 3374 2107 colueredes
3399 2053 3608 2108 consti-

337 2155 567 2201 tuantur
618 2146 856 2202 ﬁliorum
906 2145 1003 2200 Dei
1062 2158 1378 2203 renatorum
1423 2150 1491 2205 ad
1540 2151 2008 2222 incorruptionem
2041 2151 2109 2205 “.

412 2260 607 2317 XVIII.
654 2263 750 2316 Διὸ
781 2265 888 2338 πρὸ
935 2263 1136 2328 παντὸς
1169 2263 1480 2337 ζητήματος
1522 2267 1617 2321 καὶ
1653 2268 1836 2332 αὐτὸς,
1883 2261 1929 2320 ὦ

341 2355 576 2426 Κλήμη,
619 2354 850 2425 ἑτοίμως
885 2356 960 2419 ὼς
999 2356 1114 2420 υίὸς
1162 2358 1332 2427 πατρὶ
1375 2357 1659 2428 πρόσελθε,
1704 2360 1793 2414 ἴνα
1834 2361 1928 2416 καὶ⁸

341 2447 454 2500 τῶν
492 2446 784 2518 ὁρωμένων
812 2448 906 2500 καὶ
930 2448 1037 2499 τῶν
1065 2447 1314 2520 ἀοράτων
1335 2449 1581 2519 ἀψευδῶς
1600 2450 1699 2522 τὴν
1726 2452 1928 2520 γνῶσιν

336 2539 477 2602 Θεὸς
506 2538 762 2612 παράσχῃ
801 2556 902 2592 σοι.
951 2541 1013 2592 El
1060 2539 1116 2593 δὲ
1161 2541 1254 2594 καὶ
1309 2541 1446 2612 μετά
1471 2541 1534 2594 τὸ
1575 2541 1839 2614 κληθῆναι
1866 2544 1930 2597 οὐ

346 2631 541 2694 θέλεις,
572 2630 606 2701 ἢ
637 2629 936 2701 βραδύνεις,
959 2631 1144 2702 δικαίᾳ
1165 2632 1300 2685 Θεοῦ
1331 2633 1508 2704 κρίσει
1545 2634 1858 2708 ἀπόκληρος
1886 2638 1930 2669 ⁸⁷

343 2722 465 2794 ἔσῃ,
488 2722 576 2793 τῷ,
591 2724 665 2794 μὴ
691 2722 916 2794 θελῆσαι
946 2723 1020 2794 μὴ
1049 2723 1314 2794 θεληθείς.
1350 2725 1460 2779 Καὶ
1491 2728 1564 2798 μή
1590 2743 1672 2780 τοι
1699 2729 1930 2802 νομίσῃς

343 2813 428 2866 ὅτι
454 2812 559 2867 κᾶν
597 2814 814 2867 πάντων
849 2814 958 2867 τῶν
998 2814 1128 2867 ποτέ
1157 2816 1462 2886 γενομένων
1497 2818 1734 2872 εὐσεϐῶν
1772 2821 1930 2874 εὐσε-

340 2906 606 2971 ϐέστατος
634 2907 767 2980 γένῃ
797 2906 863 2970 ⁸⁸,
908 2907 981 2979 μὴ
1018 2907 1244 2978 φθάσεις
1284 2909 1328 2940 ⁸³
1367 2909 1422 2962 δέ
1450 2909 1801 2983 τελειωθῆναι
1839 2913 1930 2967 διὰ

344 2999 742 3070 βαπτίσματος,
787 2999 999 3063 ἐλπίδος
1047 2999 1258 3070 ἀγαθῆς
1297 3005 1478 3072 τυχεῖν
1521 3003 1729 3076 δυνήσῃ
1772 3003 1926 3057 ποτέ.

2100 2264 2287 2321 XVIII.
2331 2265 2674 2336 Quapropter
2717 2272 2842 2319 ante
2890 2279 3107 2320 omnem
3150 2267 3504 2336 quaestionem
3543 2276 3604 2324 tu

2030 2373 2274 2429 quoque,
2319 2371 2354 2412 o
2399 2355 2674 2420 Clemens,
2724 2364 2976 2426 prompte
3016 2365 3276 2425 tanquam
3337 2358 3484 2412 ﬁlius
3532 2357 3604 2414 ad

2030 2462 2240 2520 patrem
2273 2449 2490 2514 accede,
2521 2460 2580 2503 ut
2607 2460 2662 2502 et
2685 2448 2986 2503 visibilium
3012 2459 3066 2502 et
3090 2449 3451 2504 invisibilium
3507 2466 3602 2507 co-

2033 2542 2338 2612 gnitionem
2367 2555 2495 2595 vere
2516 2541 2613 2595 tibi
2639 2541 2877 2610 praebeat
2901 2539 3063 2595 Deus.
3080 2540 3232 2607 Quod
3249 2543 3292 2597 si
3315 2553 3603 2614 postquam

2033 2643 2260 2689 vocatus
2281 2649 2362 2699 es,
2387 2648 2495 2686 non
2522 2634 2624 2698 vis,
2652 2645 2749 2687 aut
2769 2635 3074 2701 cunctaris;
3093 2635 3248 2704 justo
3272 2635 3366 2690 Dei
3389 2637 3605 2706 judicio

2032 2725 2278 2779 exhazres
2319 2724 2462 2789 eris;
2490 2730 2545 2776 et
2586 2723 2713 2792 quia
2746 2723 2994 2789 noluisti,
3028 2726 3176 2779 nolet
3208 2735 3258 2778 te
3289 2724 3454 2782 Deus.
3500 2725 3607 2783 Ne-

2031 2829 2140 2887 que
2166 2828 2297 2868 vero
2327 2813 2630 2876 existimes,
2661 2811 2807 2882 quod
2831 2811 2934 2866 etsi
2967 2812 3213 2866 omnium
3243 2813 3335 2882 qui
3361 2828 3601 2882 unquam

2032 2905 2257 2960 inerunt
2279 2904 2378 2974 pii,
2403 2901 2686 2973 piissimus
2709 2901 2808 2967 sis,
2839 2901 3096 2971 baptismi
3127 2913 3309 2958 autem
3339 2919 3601 2958 consum-

2034 2998 2328 3052 mationem
2353 3011 2464 3048 non
2499 2993 2670 3047 fueris
2693 3001 3014 3060 assecutus,
3053 2995 3252 3049 bonam
3294 3010 3445 3065 spem
3484 2995 3604 3050 adi-

344 3091 534 3164 Ταύτῃ
557 3091 664 3163 γὰρ
695 3091 914 3146 πλείονα
951 3091 1149 3163 μᾶλλον
1185 3093 1403 3161 ὑφέξεις
1437 3094 1537 3166 τὴν
1568 3094 1810 3159 κόλασιν,
1845 3095 1928 3148 ὅτι

2036 3078 2171 3150 pisci
2215 3080 2510 3150 aliquando
2550 3081 2774 3152 poteris.
2815 3077 2895 3136 Eo
2939 3081 3088 3136 enim
3140 3081 3378 3152 majores
3423 3096 3620 3151 poenas

344 3159 532 3246 καλοῖς
559 3159 739 3256 ἔργοις
763 3185 862 3238 οὐκ
908 3159 1124 3256 ἐγρήσω
1159 3159 1338 3249 καλῶς
1369 3187 1437 3239 ⁸ο.
1467 3159 1602 3240 ὀύδέ
1630 3185 1740 3260 γὰρ
1764 3186 1931 3242 καλὸν

2035 3180 2212 3248 dabis,
2236 3181 2382 3252 quod
2414 3181 2574 3238 bonis
2608 3182 2864 3252 operibus
2885 3197 2993 3236 non
3018 3181 3156 3238 bene
3178 3198 3312 3238 usus
3334 3182 3429 3237 sis.
3455 3179 3614 3245 Nam,

343 3279 409 3333 τὸ
437 3277 621 3340 καλὸν,
663 3279 692 3332 ὃ
727 3295 890 3347 φασιν
933 3278 1030 3348 (5),
1078 3279 1205 3332 ὅταν
1247 3278 1321 3350 μὴ
1352 3278 1534 3343 καλῶς
1578 3279 1815 3351 γίνηται.
1855 3281 1927 3332 Σὺ

339 3367 407 3420 δὲ
443 3369 493 3422 εί
520 3368 582 3421 οὐ
612 3367 788 3431 θέλεις
810 3369 887 3431 ὡς
925 3369 1006 3438 τῷ
1043 3369 1164 3441 Θεῷ
1191 3368 1384 3423 δοκοῦν
1417 3368 1804 3441 βαπτισθῆναι,
1849 3369 1930 3442 τῷ

347 3461 431 3531 σῷ
474 3461 670 3531 μᾶλλον
714 3462 1004 3534 ὑπηρετῶν
1030 3461 1329 3534 θελήματι,
1375 3462 1678 3534 ἐχθραίνεις
1713 3465 1931 3528 πάντως

225 3615 232 3622 _
347 3556 418 3624 τῇ
448 3553 657 3607 ἐκείνου
695 3553 877 3626 βουλῇ.
925 3553 1068 3606 Ἀλλ’
1100 3553 1230 3617 ἴσως
1256 3556 1420 3626 ἐρεῖς·
1456 3554 1566 3608 Καὶ
1601 3555 1654 3608 τί
1691 3555 1932 3626 συμϐάλ-

348 3643 502 3697 λεται
548 3644 686 3716 πρὸς
730 3645 1015 3699 εὐσέϐειαν
1061 3645 1123 3699 τὸ
1179 3644 1545 3716 βαπτισθῆναι
1605 3663 1671 3718 με
1732 3645 1927 3712 ὕδατις

351 3735 576 3807 Πρῶτον
611 3737 710 3807 μὲν
737 3738 820 3791 ὅτι
846 3737 907 3790 τὸ
926 3737 1083 3804 δόξαν
1112 3737 1232 3808 Θεῷ
1259 3738 1536 3810 πράττεις.
1563 3739 1823 3813 Δεύτερον
1850 3742 1928 3807 δέ,

349 3825 435 3877 ὅτι
466 3825 534 3878 δι’
568 3825 762 3891 ὓδατος
799 3829 892 3882 καὶ
927 3829 1241 3899 πνεύματος
1289 3831 1651 3900 ἀναγεννᾶσαι
1699 3832 1772 3904 (6)
1813 3834 1933 3907 Θεῷ

351 3916 450 3969 καὶ
484 3916 582 3988 τὴν
611 3917 668 3982 ἐξ
699 3918 996 3989 ἐπιθυμίας
1027 3919 1249 3990 πρώτην
1278 3937 1360 3974 σοι
1385 3924 1682 3994 γενομένην
1727 3929 1931 3980 καταλ-

350 4004 574 4068 λάσσεις
599 4005 851 4077 γέννησιν
869 4024 883 4037 °
917 4008 1012 4060 καὶ
1035 4007 1178 4061 οὓτω
1201 4010 1474 4081 σωτηρίας
1499 4015 1680 4082 τυχεῖν
1693 4013 1895 4088 δυνήσῃ
1913 4055 1928 4078 ,

349 4095 530 4158 ἄλλως
567 4095 622 4148 δὲ
661 4095 768 4166 ἄρα
795 4096 1071 4151 ἀδύνατον.
1120 4098 1276 4152 Οὕτω
1319 4100 1429 4173 γὰρ
1466 4102 1495 4154 ὁ
1539 4104 1632 4157 ἐπὶ
1681 4121 1931 4176 σωτηρνᾳ

354 4185 451 4241 καὶ
476 4187 753 4261 ἀφθαρσίᾳ
776 4188 870 4243 τοῦ
917 4191 1108 4259 γένους
1137 4190 1294 4262 ἡμῶν
1332 4193 1758 4266 ἐνανθρωπήσας
1800 4198 1933 4263 Θεὸς

357 4279 529 4348 Λόγος
561 4275 714 4333 εἶπεν
741 4283 902 4353 ἡμῖν·
941 4283 1130 4352 Ἀμὴν
1153 4283 1309 4353 λέγω
1334 4285 1502 4354 ὑμῖν,
1531 4287 1642 4340 ἐὰν
1666 4287 1753 4357 μὴ
1783 4289 1932 4343 ἀνα-

355 4370 684 4439 τεννηθῆτε
711 4371 1011 4439 δι’ὕδατος
1035 4373 1132 4427 καὶ
1155 4376 1509 4445 πνεύματος,
1527 4380 1598 4432 οὐ
1618 4379 1704 4448 μὴ
1733 4380 1932 4434 εἰσέλ-

2041 3292 2104 3340 ιιι
2129 3282 2303 3343 aiunt,
2334 3279 2535 3334 bonum
2570 3296 2675 3336 non
2706 3282 2910 3336 bonum
2955 3292 3056 3344 est,
3089 3283 3309 3351 quando
3341 3297 3445 3335 non
3483 3281 3620 3337 bene

2028 3382 2230 3455 agitur.
2281 3378 2365 3434 Tu
2409 3395 2539 3434 vero
2588 3395 2672 3444 st,
2722 3379 3185 3450 quemadmodum
3237 3378 3347 3434 Deo
3401 3381 3600 3450 placet.

2031 3473 2172 3530 nolis
2197 3471 2485 3543 baptizari,
2512 3486 2576 3525 ac
2601 3481 2704 3525 tua:
2734 3471 2916 3540 potius
2949 3471 3216 3524 voluntati
3243 3471 3601 3542 obsequeris;

2032 3565 2276 3637 profecto
2303 3563 2450 3618 illius
2489 3562 2722 3617 consilio
2761 3577 3050 3632 repugnas.
3089 3560 3192 3616 Sed
3223 3560 3364 3616 forte
3407 3562 3555 3620 dices
3584 3574 3606 3620 :'

2033 3655 2098 3710 Et
2139 3655 2270 3726 quid
2313 3653 2381 3707 ad
2426 3651 2680 3722 pietatem
2714 3648 2994 3716 conferet,
3043 3650 3086 3705 si
3133 3665 3273 3720 aqua
3322 3650 3609 3721 baptizer?

2035 3746 2218 3802 Primo
2247 3743 2493 3816 quidem,
2527 3743 2656 3814 quia
2690 3741 2742 3796 id
2770 3748 2920 3812 quod
2944 3740 3056 3796 Deo
3083 3741 3288 3811 placuit
3315 3741 3470 3797 facis.
3506 3742 3605 3798 Se-

2033 3839 2215 3894 cundo
2243 3852 2407 3902 vero,
2440 3836 2570 3906 quia
2605 3850 2700 3905 per
2734 3849 2932 3905 aquam
2968 3845 3022 3889 et
3055 3835 3307 3904 spiritum
3348 3851 3605 3891 renasce-

2032 3933 2112 3986 ris
2140 3931 2280 3994 Deo,
2308 3939 2472 4000 atque
2512 3927 2747 3998 primam
2796 3926 3136 3980 nativitatem
3170 3941 3334 3996 quam
3363 3941 3431 3980 ex
3467 3942 3607 3982 con-

2035 4021 2377 4094 cupiscentia
2441 4018 2656 4074 traxisti
2713 4029 2992 4089 permutas
3053 4037 3066 4073 :
3116 4019 3313 4089 sicque
3372 4019 3604 4074 salutem

2034 4114 2300 4184 consequi
2359 4112 2595 4184 poteris:
2646 4110 2805 4164 aliter
2865 4119 3045 4164 autem
3101 4109 3217 4163 fieri
3271 4111 3477 4180 nequit.
3526 4111 3605 4165 Ita

2033 4207 2200 4268 enim,
2228 4205 2324 4277 qui
2354 4211 2573 4273 propter
2599 4203 2830 4257 salutem
2857 4210 2912 4254 et
2937 4201 3406 4256 immortalitatem
3437 4218 3604 4272 gene-

2033 4298 2112 4352 ris
2141 4295 2315 4351 nostri
2349 4294 2668 4349 incarnatus
2697 4301 2779 4348 est
2817 4291 2960 4346 Deus
2991 4289 3204 4359 Sermo,
3237 4293 3374 4348 dixit
3402 4294 3600 4349 nobis:

2034 4393 2220 4454 Amen,
2246 4388 2364 4441 dico
2388 4386 2566 4450 vobis;
2594 4386 2697 4438 nisi
2723 4385 2892 4438 renati
2917 4383 3129 4452 [ueritis
3151 4401 3291 4455 aqua
3315 4396 3364 4441 et
3386 4387 3603 4456 spiritu,

357 4467 498 4529 θητε
516 4467 604 4530 εἰς
624 4464 738 4533 τὴν
750 4466 1080 4530 ,ϐασιλείαν
1098 4467 1216 4520 τῶν
1238 4470 1527 4536 οὐρανῶν.
1549 4471 1642 4524 Διὸ
1668 4471 1930 4544 πρόσελθε

2035 4497 2138 4535 non
2167 4480 2458 4534 introibitis
2490 4478 2546 4530 in
2581 4491 2796 4548 regnum
2839 4490 3091 4528 canorum
3121 4475 3191 4528 ⁵¹.
3232 4476 3500 4543 Quocirca
3533 4477 3602 4531 ad

355 4554 437 4624 τῷ
477 4554 841 4628 βαπτίσματιο
887 4557 1049 4611 τοῦτο
1090 4558 1199 4631 γὰρ
1251 4560 1410 4631 μόνον
1454 4562 1553 4635 τὴν
1599 4565 1693 4618 τοῦ
1763 4567 1934 4640 πυρὸς

2042 4572 2374 4643 baptismum
2418 4567 2617 4625 accede
2648 4585 2662 4622 :
2690 4566 2958 4637 siquidem
2998 4567 3087 4622 hic
3131 4566 3281 4623 solus
3309 4568 3418 4621 vim
3460 4571 3603 4638 ignis

1627 4708 1860 4765 nam:
1900 4685 2304 4767 Lscrtouss.

424 4785 470 4819 ⁸⁸
508 4777 732 4850 Recogn.
781 4805 819 4851 ι,
849 4789 935 4843 69.
1007 4788 1051 4821 ⁸⁸
1084 4790 1154 4857 al.
1179 4792 1575 4851 ἀκατάλτπτον.
1609 4801 1680 4854 al.
1708 4803 1812 4855 ἀπε
1855 4803 1902 4856 ίλ

424 4871 491 4911 ec.
524 4859 559 4910 I.
593 4874 667 4917 vr.
728 4875 778 4912 c.
815 4859 870 4917 8,
898 4868 1002 4913 etc.
1080 4837 1523 4917 υάποκληοῶστι.
1627 4820 1945 4917 δελπηιξπὲ

2030 4821 2096 4871 ιν,
2127 4802 2530 4917 ἀκατάληπτον.
2642 4797 2688 4830 ⁸⁸
2725 4785 2979 4848 Clement.
3010 4794 3160 4848 hom.
3190 4811 3250 4857 ιι,
3300 4811 3348 4849 c.
3377 4795 3468 4856 24,

2030 4892 2159 4917 em:
2178 4874 2328 4917 νένίη-
2385 4871 2676 4917 ﬂammeo:
2702 4867 2758 4917 δὲ
2790 4863 2875 4917 ἧς.
2922 4864 3135 4917 ἐλπίδος
3166 4867 3367 4917 τυγεῖν.
3446 4868 3492 4908 δ’

671 4875 778 4959 Imc.
815 4867 1002 4944 8,~etc.
1080 4867 1523 4954 δ⁷ἀποκληρὼσῃ
1627 4867 2159 4946 ⁸⁸81.εὖσε6έστερος
2178 4874 2330 4946 γένῃ,
2349 4867 2676 4929 άῦἀπτιστος
2702 4867 2758 4919 δὲ
2790 4867 2875 4940 ᾖς,
2922 4867 3135 4927 ἐλπίδος
3166 4867 3367 4988 τυέεεῖν.
3446 4868 3492 4908 δ’
3527 4869 3600 4922 aI.

671 5014 709 5016 Η
751 4929 1121 5016 ιιιτοτιμκαλά
1152 4932 1289 5002 ἔργα
1333 4935 1432 4990 οὐκ
1479 4940 1739 5012 εποίησας
1778 4944 1978 5008 καλῶς.
2016 4945 2170 5016 Καλὴ
2221 4943 2330 5014 γὰρ
2371 4939 2604 5001 εὐποιία,
2639 4937 2785 4990 ὁπότ’
2822 4937 2888 4990 ἂν
2918 4936 2948 4987 ὁ
2979 4934 3109 4998 Θεὸς
3157 4936 3220 4988 ἐκ
3284 4952 3408 4988 ευσε
3457 4938 3600 5006 γίνε-

370 4853 491 4938 life.
524 4859 559 4910 I.
593 4837 1002 4938 vr:_‘c.-_y8,_etc.

361 4928 592 5000 φθάσεις·

361 5014 472 5051 ται.
514 4996 595 5029 ’⁷⁸³
621 4996 779 5052 Joan.
816 5015 898 5062 ιιι,
931 5000 984 5053 5.

2642 4797 2688 4830 ιο
2725 4785 2979 4848 Clement.
3010 4794 3160 4848 hom.
3190 4811 3250 4857 ιι,
3300 4811 3348 4849 c.
3377 4795 3468 4856 24,
3497 4808 3602 4852 etc.

3284 4952 3408 4988 ευσε
3457 4938 3604 5006 γίνε-

1643 5097 2002 5156 VARIORUM
2028 5098 2258 5154 NOTZE.

437 5187 593 5254 (5)"0
616 5203 822 5256 φασιν.
854 5187 1145 5261 Deutemn.
1169 5205 1257 5244 XVI
1285 5230 1300 5253 ,
1322 5187 1433 5261 20;
1458 5187 1610 5243 Iuste
1639 5192 1778 5261 quod
1800 5193 1906 5261 jus-

367 5267 479 5330 turn
506 5266 583 5312 est
609 5259 950 5330 persequeris.
980 5259 1224 5330 Sapient.
1256 5275 1332 5322 Vt,
1364 5259 1425 5315 Η
1458 5277 1470 5313 :
1499 5261 1561 5312 Οί
1595 5259 1928 5328 φυλάξαντες

2037 5194 2125 5256 14,
2153 5202 2208 5246 et
2250 5191 2540 5247 Balsamon
2570 5193 2622 5246 in
2656 5191 2954 5261 Responsis
2977 5192 3043 5245 ad
3092 5189 3260 5262 Marci
3303 5192 3598 5262 interroga-

2037 5264 2212 5317 tiones
2232 5279 2354 5332 cap.
2389 5264 2445 5326 6,
2479 5279 2687 5317 necnon
2709 5262 2972 5332 Origenes
3002 5262 3054 5315 in
3087 5261 3290 5332 Catena
3316 5261 3475 5316 Luem
3498 5278 3602 5318 ms.

365 5325 526 5390 ὁσίως
564 5327 633 5380 τὰ
679 5325 802 5380 ὅσια
843 5325 1246 5401 ὁσιωθήσονται.
1293 5331 1372 5383 Ad
1420 5325 1644 5384 verbum
1696 5325 1760 5384 in
1809 5325 1929 5385 Vita

368 5396 527 5450 Luca:
557 5399 780 5455 iunioris
815 5406 964 5452 tomo
986 5414 1053 5454 ιι.
1098 5400 1343 5455 Auctarii
1375 5400 1762 5454 Combelisiani
1800 5417 1925 5455 past.

2033 5333 2100 5386 ad
2119 5348 2238 5455 cag.
2283 5325 2321 5392 ιῖ
2358 5325 2499 5388 vers.
2527 5334 2558 5385 6
2576 5333 2700 5394 ,ubi
2719 5325 2897 5386 tanien
2921 5331 2975 5384 in
2998 5333 3141 5386 edita
3171 5347 3198 5384 a
3217 5331 3479 5384 Corderio
3507 5348 3604 5384 no-

2038 5419 2158 5455 men
2233 5402 2464 5455 imeonis
2489 5403 2798 5455 apponitur.
2832 5403 3018 5454 nescio
3053 5417 3121 5455 an
3163 5403 3233 5454 ob
3257 5401 3331 5455 Σή
3357 5404 3500 5455 utlml
3533 5403 3601 5455 ad

368 5396 527 5483 Eafa:
547 5399 780 5483 iunioris
815 5406 964 5483 trimo
986 5396 1053 5483 [ι’.
1098 5400 1343 5483 A‘uctarii
1375 5400 1762 5483 Cotuibelisiani
1800 5417 1925 5483 pag.

367 5467 493 5547 ass,
522 5467 583 5520 τὸ
606 5467 715 5538 γὰρ
752 5468 933 5547 καλὸν,
960 5474 1021 5520 οὑ
1056 5471 1252 5547 καλὸν).
1276 5471 1458 5547 φασὶν,
1493 5470 1619 5522 ὅταν
1647 5471 1721 5543 μὴ
1749 5467 1929 5547 κάῃξς

369 5539 587 5608 γίνοιτο,
614 5547 667 5608 et
689 5539 839 5608 apud.
863 5539 1183 5608 Gregorium
1209 5540 1634 5608 Hazianzenum,
1651 5539 1801 5594 orat.
1833 5541 1925 5603 35-,

371 5601 424 5727 il.
454 5601 581 5672 551,
607 5607 668 5661 τὸ
711 5601 874 5662 καλόν
915 5601 1184 5672 οιῨκαλὸν,
1221 5605 1350 5664 ὅταν
1387 5612 1460 5682 μὴ
1487 5601 1666 5674 καλῶς
1687 5601 1918 5680 γίνηταιξ

397 5677 607 5727 ’arinue
649 5678 814 5727 modo
857 5675 1101 5727 Zonaras
1140 5680 1204 5727 ad
1237 5680 1516 5727 Canmmm
1547 5680 1918 5727 Catmmnsmn

2038 5419 2158 5456 men
2190 5401 2464 5457 Simeonis
2489 5403 2798 5472 apponitur.
2832 5403 3018 5454 nescio
3053 5417 3121 5456 an
3163 5403 3233 5454 ob
3257 5401 3332 5472 Σή
3357 5404 3500 5472 quod
3533 5403 3601 5456 ad

2036 5473 2334 5594 Eiarginem
2363 5471 2568 5528 codicis
2601 5471 2748 5542 ltegii
2783 5479 3030 5541 apparet,
3054 5483 3245 5542 estque
3271 5471 3599 5543 σημείωσαι.

2081 5557 2169 5594 or.

2081 5557 2169 5594 (ιτ.

2103 5612 2179 5675 (6)
2245 5611 2691 5682 ’Λναγεννᾶσαι.
2729 5610 2866 5681 Lege
2895 5611 3162 5683 ἀναγέννᾳ
3199 5613 3252 5669 in
3283 5612 3601 5670 Indicativo.

418 5677 607 5748 arique
649 5678 814 5734 modo
857 5675 1101 5734 Zonaras
1140 5680 1205 5734 ad
1237 5675 1516 5736 Cano'ne'm
1547 5675 1918 5752 Gangren'scgn
2030 5680 2198 5736 Cum.
