4040 6146
427 275 530 331 487

1235 274 1293 330 s.
1326 271 1718 330 CLEMENTIS
1757 272 1777 326 l
1813 271 1983 331 non.
2030 275 2231 331 MNT.
2269 264 2500 333 OPERA
2531 273 2764 334 unum.

3589 283 3690 341 688

430 404 613 467 potest
657 397 1029 469 exstinguere.
1072 395 1260 466 Neque
1289 396 1484 464 diﬁcr;
1530 398 1793 468 quoniam
1823 397 2016 452 dilatio

2121 399 2291 470 ὁρμὴν
2341 398 2531 452 σϐέσαι
2565 399 2789 453 δύναται
2811 439 2827 454 .
2879 398 2991 452 Καὶ
3039 399 3113 471 μὴ
3155 399 3488 455 ἀναϐαλλου·
3521 400 3600 458 ὅτι
3655 406 3692 478 ἡ

431 491 572 545 solet
609 489 805 547 alierre
839 493 1166 562 periculum,
1219 499 1509 561 propterea
1547 493 1694 562 quod
1741 493 2012 548 incertum

431 585 503 641 sit
526 585 892 654 praestitutum
923 585 1086 638 morti
1119 593 1322 638 nostra:
1354 593 1591 652 tempus.

498 677 644 733 XIX.
662 677 709 711 "
731 678 1022 748 Postquam
1054 677 1168 730 tunc
1192 675 1439 740 dixisset,
1456 675 1744 746 Equidem,
1763 675 2010 746 inquam,

429 771 597 826 modo
633 772 838 842 gratias
869 785 970 840 ago
1000 767 1108 821 Deo
1145 765 1318 832 Patri,
1351 776 1405 822 et
1449 768 1733 838 unigenito
1767 768 1888 836 ejus
1919 766 2013 820 Fi-

429 863 524 930 lio,
554 874 607 919 et
641 874 832 918 sancto
856 861 1101 929 ejusdem
1132 858 1386 929 Spiritui,
1419 860 1546 929 quia
1579 871 1643 914 ut
1672 867 1860 914 certus
1892 857 2010 913 ﬁeri

427 955 602 1017 volui,
637 957 707 1008 ita
739 961 793 1006 et
828 951 962 1005 mihi
993 951 1204 1004 tribuit.
1235 950 1506 1004 Caeterum
1535 950 1602 1004 de
1635 964 1722 1003 me
1749 949 2011 1018 deinceps

429 1061 658 1102 securus
689 1053 828 1099 esto.
873 1039 1167 1114 Nunquam
1195 1043 1341 1097 enim
1373 1040 1638 1094 dubitabo
1668 1040 1735 1094 de
1765 1039 1878 1095 ullo
1911 1055 2011 1095 eo-

425 1155 548 1193 rum
592 1154 715 1209 qure
762 1153 790 1191 a
841 1148 893 1192 te
931 1138 1144 1208 prolata
1189 1145 1340 1191 sunt.
1395 1133 1609 1205 Igitur,
1661 1131 1892 1190 Domine
1937 1134 2013 1188 mi

425 1225 605 1293 Petre,
657 1242 726 1282 ne
757 1227 942 1281 animo
974 1227 1140 1280 anxio
1185 1225 1286 1291 sis,
1315 1234 1578 1294 tanquam
1613 1239 1720 1278 non
1755 1223 2011 1278 sentienti

430 1317 638 1373 homini
685 1319 926 1372 maxima
961 1317 1103 1371 bona
1135 1317 1453 1371 donaveris.
1503 1314 1632 1369 Seio
1660 1315 1863 1384 quippe
1907 1316 2012 1370 hoc

427 1409 536 1464 tale
557 1415 612 1463 et
641 1407 779 1463 adeo
815 1423 1074 1479 magnum
1107 1423 1250 1473 esse,
1276 1416 1336 1461 ut
1366 1407 1597 1476 quilibet
1624 1407 1754 1460 illud
1783 1416 1838 1460 et
1863 1407 2012 1461 cele-

427 1501 560 1554 riter
585 1501 717 1555 velit
759 1499 1029 1570 accipcre.
1063 1497 1253 1553 Sentio
1289 1499 1436 1553 enim
1465 1499 1601 1552 mihi
1629 1498 1890 1554 velociter
1915 1499 2016 1553 da-

427 1599 544 1646 tum
576 1591 876 1646 charisma.
907 1588 1032 1645 Haec
1063 1600 1354 1660 postquam
1386 1591 1604 1644 locutus
1639 1605 1784 1656 sum,
1813 1589 2034 1644 Petrus’

427 1682 565 1737 dixit
599 1697 612 1733 :
643 1681 888 1737 Gratiam
921 1682 1098 1736 habeo
1127 1680 1241 1736 Deo
1262 1721 1278 1746 ,
1323 1691 1379 1736 et
1418 1697 1518 1751 pro
1559 1683 1736 1736 salute
1784 1691 1914 1747 tua,
1957 1693 2013 1737 et

2113 489 2349 561 ἀναϐολὴ
2375 489 2615 544 κίνδυνον
2647 485 2755 544 οἶδε
2784 489 2992 561 φέρειν,
3019 489 3108 544 διὰ
3131 489 3192 544 τὸ
3215 490 3407 563 ἄδηλον
3437 487 3573 548 εἶναι
3600 493 3694 551 τοῦ

2115 580 2347 635 θανάτου
2373 581 2471 653 τὴν
2512 581 2868 653 προθεσμίαν.

2187 671 2328 724 XIX.
2365 668 2554 724 Ταῦτα
2609 670 2818 723 ἐκείνου
2871 670 3138 733 εἰπόντος,
3183 668 3323 738 Ἐγὼ
3367 669 3486 741 μὲν,
3534 672 3688 743 ἔφην,

2113 763 2215 837 ήδη
2244 763 2550 834 εὐχαριστῶ
2576 762 2654 834 τῷ
2678 762 2798 834 Θεῷ
2833 764 2925 816 καὶ
2953 763 3129 834 Πατρὶ
3147 802 3161 826 ,
3197 761 3292 817 καὶ
3317 763 3394 834 τῷ
3428 767 3702 834 μονογενεῖ

2113 854 2278 910 αὐτοῦ
2307 854 2444 926 rte,
2473 854 2569 909 καὶ
2595 855 2676 926 τῷ
2705 854 2987 927 Πνεύματι
3026 856 3191 910 αὐτοῦ
3215 857 3294 928 τῷ
3322 857 3484 928 ἁγίῳ,
3520 858 3603 911 ὅτι
3627 857 3703 922 ὼς

2114 946 2418 1018 ἐϐουλόμην
2463 947 2980 1020 πληῳφορηθῆναι,
3016 948 3159 1002 οὕτω
3187 966 3278 1020 μοι
3315 951 3408 1024 καὶ
3437 949 3696 1021 παρέσχε.

2115 1041 2264 1112 Πλὴν
2291 1041 2421 1113 περὶ
2449 1039 2585 1112 ἐμοῦ
2628 1041 2689 1094 τὸ
2727 1041 2914 1094 λοιπὸν
2943 1041 3205 1112 ἄφροντις
3232 1041 3343 1095 ἕσο.
3394 1041 3531 1096 Ούδέ
3571 1054 3702 1095 ποτε

2113 1131 2224 1204 γὰρ
2257 1133 2498 1186 ἐνδυάσω
2541 1133 2587 1165 ⁵³
2617 1132 2755 1204 πρός
2794 1149 2848 1185 τι
2893 1132 3000 1186 τῶν
3042 1131 3148 1186 ὑπὸ
3197 1133 3291 1187 σοῦ
3342 1132 3700 1204 λαληθέντων⁶

2115 1225 2277 1287 ὥστε,
2313 1223 2468 1294 κύριέ
2518 1242 2619 1296 μου
2663 1225 2861 1296 Πέτρε,
2910 1225 2984 1298 μὴ
3028 1224 3247 1296 ἀθύμει,
3280 1226 3355 1290 ὡς
3393 1225 3707 1298 ἀναισθήτῳ

2119 1316 2355 1388 μέγιστα
2391 1316 2734 1389 δωρούμενος
2771 1315 2972 1386 ἀγαθά.
3019 1312 3151 1371 Οἶδα
3173 1316 3282 1388 γὰρ
3335 1318 3416 1371 ὅτι
3461 1317 3706 1372 τοιοῦτόν

2115 1409 2230 1462 ἐστι
2273 1409 2369 1463 καὶ
2411 1408 2555 1462 οὕτω
2608 1409 2864 1480 μέγιστον
2889 1447 2904 1470 ,
2955 1403 3069 1461 οἷον
3119 1408 3186 1462 ἄν
3226 1426 3312 1472 τις
3351 1408 3446 1463 καὶ
3490 1408 3708 1480 ταχέως

2114 1501 2299 1557 λαϐεῖν
2339 1503 2602 1575 βούλοιτο.
2655 1503 2996 1574 Αίσθάνομαι
3038 1502 3147 1576 γὰρ
3201 1503 3296 1557 τοῦ
3330 1503 3579 1567 δοθέντος
3617 1517 3707 1574 μοι

2115 1595 2202 1650 διὰ
2225 1596 2424 1667 τάχους
2443 1593 2799 1667 χαρίσματος.
2823 1594 3010 1650 Ταῦτά
3033 1611 3133 1666 μου
3161 1593 3424 1660 εἰπόντος,
3449 1597 3477 1648 6
3501 1594 3710 1666 Πέτρος

2116 1687 2220 1757 ἔφη
2242 1704 2256 1719 ο
2292 1688 2467 1760 Χάριν
2497 1687 2744 1758 ὁμολογῶ
2771 1686 2849 1757 τῷ
2884 1686 3024 1757 Θεῷ,
3053 1687 3150 1740 καὶ
3177 1678 3304 1759 περὶ
3339 1688 3438 1758 τῆς
3474 1687 3576 1758 σῆς
3606 1701 3710 1739 ato-

428 1787 528 1844 pro
555 1774 850 1827 commodo
878 1789 1020 1827 meo.
1049 1770 1237 1842 Itaque
1268 1788 1367 1843 per
1394 1773 1560 1827 trium
1589 1774 1862 1828 mensium
1891 1773 2010 1829 dies

2121 1749 2326 1852 τηρίας,
2351 1749 2445 1832 κάὶ
2467 1749 2596 1851 περὶ
2616 1749 2717 1849 της
2737 1749 2880 1850 ἐμῆς
2908 1749 3278 1843 ἀπολαύσεως.
3307 1749 3456 1850 Πλην
3481 1749 3712 1851 νηστευ-

428 1861 634 1932 jejuna.
682 1873 737 1918 et
784 1863 1120 1932 baptismum
1173 1863 1426 1933 accipies.
1478 1861 1660 1932 Incipe
1704 1878 1890 1934 ergoa
1925 1863 2014 1918 die

427 1957 692 2012 crastina.
739 1955 854 2010 Erit
886 1964 1067 2012 autem
1099 1957 1235 2011 mihi
1273 1972 1398 2012 cras
1435 1972 1561 2012 cum
1596 1955 1824 2012 Simone
1855 1957 2014 2026 Mago

428 2049 748 2120 disputatio.
799 2047 986 2118 Neque
1014 2049 1281 2118 ambigas,
1323 2048 1457 2102 mihi
1493 2049 1687 2104 adesse
1729 2049 1783 2102 in
1820 2049 2016 2103 adver-

429 2141 668 2196 santium
702 2142 1115 2198 controversiis.
1155 2140 1250 2197 llis
1270 2140 1451 2206 dictis,
1490 2141 1607 2210 ipse
1635 2141 1798 2195 etiam
1827 2141 2010 2196 cibum

430 2232 686 2302 sumpsit,
715 2248 916 2303 meque
955 2233 1124 2303 jussit
1151 2232 1406 2303 privatim
1451 2247 1689 2287 sumere.
1720 2230 2016 2288 Benedicto

431 2337 614 2381 autent
664 2311 826 2392 cibo,
860 2327 1112 2396 actisque
1160 2326 1372 2397 gratiis,
1424 2324 1739 2390 subjunxit,
1781 2325 2012 2380 dicens:

432 2415 534 2474 Det
561 2418 657 2472 tibi
685 2417 848 2479 Deus.
880 2427 940 2474 ut
970 2418 1023 2472 in
1057 2418 1316 2472 omnibus
1350 2417 1484 2471 mihi
1516 2417 1714 2472 similis
1737 2416 2014 2484 eiliciaris,

431 2520 601 2580 utque
647 2511 996 2580 baptizatus,
1045 2511 1294 2579 ejusdem
1335 2524 1551 2563 mecum
1605 2509 1879 2578 particeps
1915 2509 2017 2564 tias

431 2617 656 2656 mensae.
690 2601 882 2672 quue
907 2601 1279 2672 pronuntiato,
1303 2601 1585 2670 quiescere
1609 2615 1693 2653 me
1719 2601 1974 2670 praecepit
1998 2618 2012 2655 :

431 2693 541 2762 jam
574 2693 725 2747 enim
757 2703 814 2747 et
842 2702 1059 2762 tempus
1086 2692 1153 2745 ad
1189 2706 1445 2746 somnum
1475 2691 1729 2745 vocabat.
1857 2672 1869 2682 ’

503 2869 627 2925 XX.
674 2871 721 2902 ⁸⁵
765 2868 1025 2938 Sequenti
1077 2883 1209 2938 ergo
1255 2867 1375 2933 die,
1417 2881 1518 2937 ego
1567 2865 1840 2930 Clemens,
1887 2883 2013 2922 eum

433 2963 616 3017 adhuc
643 2975 754 3016 nox
782 2970 949 3023 esset,
999 2975 1028 3013 e
1067 2974 1265 3014 somno
1301 2961 1590 3028 excitatus,
1631 2959 1726 3014 ubi
1768 2961 2011 3016 intellexi

2117 1889 2208 1925 σον
2264 1871 2426 1943 τριῶν
2501 1869 2688 1943 μηνῶν
2735 1870 2982 1942 ἡμέρας,
3032 1871 3126 1925 καὶ
3172 1870 3465 1942 λαμϐάνεις
3508 1870 3571 1922 τὸ
3618 1867 3713 1939 βά-

2115 1980 2348 2034 πτισμα.
2385 1961 2580 2033 Ἀρξαι
2632 1962 2814 2016 τοίνυν
2845 1962 2952 2016 ἀπὸ
2981 1963 3081 2032 τῆς
3103 1961 3322 2035 αΰριον.
3346 1963 3500 2016 Ἔστι
3530 1960 3588 2015 δέ
3621 1977 3710 2032 μοι

2116 2056 2149 2128 ἡ
2179 2055 2370 2129 αὔριον
2407 2055 2546 2127 πρὸς
2584 2055 2804 2126 Σίμωνα
2841 2053 2932 2108 τὸν
2980 2057 3152 2126 μάγον
3181 2055 3434 2123 διάλεξις.
3477 2056 3592 2110 Καὶ¹
3633 2055 3709 2128 μὴ

2117 2149 2357 2223 ὀκλάσῃς
2421 2148 2678 2219 παρεῖναί
2737 2164 2827 2218 μοι
2875 2149 2932 2202 ἐν
2978 2151 3102 2213 ταῖς
3153 2149 3264 2202 τῶν
3313 2149 3711 2220 ἀντικειμένων

2118 2241 2405 2314 ζητήσεσι.
2434 2238 2621 2294 Ταῦτα
2663 2236 2857 2303 εἰπὼν,
2897 2240 2993 2293 καὶ
3025 2236 3236 2312 τροφῆς
3267 2239 3430 2305 αὐτὸς
3469 2239 3710 2311 μεταλασο

2117 2331 2249 2397 ϐὼν,
2285 2333 2392 2405 ἰδία
2421 2331 2570 2404 κάμὲ
2615 2331 2935 2403 μεταλαϐεῖν
2961 2332 3264 2386 ἐκέλευσεν.
3311 2332 3625 2404 Εύλογήσας
3652 2324 3712 2385 δέ

2128 2425 2223 2478 ἐπὶ
2248 2424 2351 2495 τῆς
2380 2425 2586 2496 τροφῆς
2620 2424 2713 2478 καὶ
2751 2425 3172 2496 εὐχαριστήσας,
3211 2426 3457 2495 ἐπήγαγε
3491 2423 3668 2492 λέγων
3693 2438 3710 2453 °

2117 2515 2240 2585 Δῴη
2271 2531 2353 2568 σοι
2394 2516 2423 2568 6
2468 2515 2602 2578 Θεὸς
2633 2514 2774 2569 κατὰ
2815 2515 2990 2569 πάντα
3021 2515 3414 2587 ὲξομοιωθῆναί
3461 2535 3572 2588 μοι,
3615 2515 3711 2569 καὶ

2120 2604 2470 2674 βαπτισθέντι
2512 2605 2560 2636 ⁵³
2585 2606 2687 2675 τῆς
2713 2605 2885 2674 αὐτῆς
2923 2622 3012 2676 μοι
3044 2607 3369 2676 κοινωνῆσαι
3406 2607 3707 2679 τραπέζης.

2119 2695 2307 2759 Οὕτως
2347 2693 2541 2758 εἰπὼν,
2573 2695 2868 2766 ἡσυχάζειν
2915 2713 3008 2766 μοι
3040 2697 3406 2767 προσέταξενο
3450 2698 3551 2769 ήδη
3597 2697 3712 2769 γάρ

2119 2803 2222 2840 που
2251 2786 2346 2840 καὶ
2369 2788 2398 2840 ὁ
2424 2785 2616 2858 καιρὸς
2648 2787 2786 2858 πρὸς
2817 2786 2982 2840 ὕπνον
3018 2788 3218 2841 ἐκάλει.

2188 2880 2305 2933 ΧΧ.
2352 2879 2430 2951 Τῇ
2485 2879 2584 2950 μὲν
2620 2874 2712 2932 οὖν
2761 2877 2993 2950 ἐπιούσῃ
3035 2877 3144 2948 ἐγὼ
3185 2881 3434 2952 Κλήμης,
3480 2881 3562 2934 ἐτι
3608 2879 3715 2952 τῆς

2119 2971 2312 3034 νυκτὸς
2339 2971 2591 3043 ἐχούσης,
2632 2970 3001 3034 διῦπνισθεὶς,
3035 2972 3129 3025 καὶ
3156 2969 3342 3042 μαθὼν
3370 2971 3460 3026 τὸν
3501 2971 3714 3044 Πέτρον

434 3053 656 3110 Petrum
690 3053 940 3123 vigilare,
969 3061 1023 3106 et
1052 3067 1179 3105 cum
1215 3051 1282 3107 iis
1311 3053 1404 3122 qui
1445 3068 1553 3106 una
1581 3062 1742 3108 erant
1768 3053 1835 3108 de
1862 3053 2013 3108 cultu

2121 3064 2480 3136 ἐγρηγορότα,
2527 3063 2622 3117 καὶ
2663 3065 2777 3126 τοῖς
2825 3061 3042 3116 συνοῦσι
3079 3064 3210 3135 περὶ
3253 3062 3561 3128 θεοσεϐείας
3591 3064 3715 3117 δια-

434 3147 530 3203 Dei
580 3147 851 3202 disserere
906 3145 1083 3215 (erant
1157 3153 1338 3199 autem
1418 3160 1646 3200 numero
1695 3146 2010 3214 sexdecim;

433 3254 668 3310 quorum
719 3241 834 3291 [nec
875 3246 1004 3290 sunt
1054 3237 1323 3291 nomina:
1373 3235 1691 3302 Zacchzeus,
1743 3239 1838 3309 qui
1883 3239 2015 3293 olim

433 3329 795 3400 publicanus,
833 3337 886 3382 et
940 3326 1250 3397 Sophonias
1302 3326 1472 3383 frater
1521 3329 1677 3398 ejus;
1715 3328 2014 3400 Iosephus,

435 3419 692 3487 illiusque
741 3418 943 3473 sodalis
992 3417 1286 3484 Micltaeas;
1366 3427 1628 3490 prmterea
1679 3418 1922 3476 Thomas
1963 3431 2017 3476 et

439 3509 714 3565 Eliezerus
745 3517 982 3580 genuini;
1017 3510 1195 3566 Encas
1231 3525 1526 3578 sacerdos;
1553 3509 1796 3568 Lazarus
1829 3529 2018 3568 sacer-

437 3604 560 3668 dos,
589 3619 749 3673 quem
783 3619 813 3657 a
857 3603 1089 3658 mortuis
1131 3605 1391 3659 excitavit
1425 3605 1859 3674 quatriduanum
1906 3605 2018 3661 Do-

436 3696 622 3750 minus
667 3705 853 3752 noster
894 3695 1054 3751 Jesus
1101 3697 1394 3763 Christus;
1447 3695 1702 3764 Elisaeus,
1733 3696 2020 3768 Benjamin

439 3789 584 3844 Iilius
632 3787 880 3857 Saphrae,
918 3788 1104 3842 itidem
1140 3787 1374 3843 Rubilus
1406 3797 1460 3842 et
1502 3786 1806 3843 Zacharias
1838 3789 2020 3844 archi-

438 3878 586 3943 tecti,
613 3878 852 3932 Anamas
887 3878 1188 3949 etAggzeas
1218 3878 1510 3945 Ammeni;
1545 3896 1761 3936 necnon
1797 3877 2020 3938 Nicetas

438 3980 494 4025 et
536 3971 730 4040 Aquila
771 3971 940 4037 socii)
982 3987 996 4025 :
1050 3986 1152 4040 ego
1195 3987 1418 4040 quoque
1471 3972 1754 4042 ingressus
1791 3988 1938 4042 sum,
1969 3984 2022 4030 ct

439 4070 732 4132 postquam
765 4061 1112 4125 salutassem,
1139 4061 1366 4131 jubente
1399 4077 1465 4116 eo
1488 4063 1735 4118 consedi.

517 4258 664 4313 XXI.
703 4257 794 4314 Ille
818 4268 1000 4314 autem
1045 4258 1355 4314 institutum
1387 4274 1694 4314 sermonem
1728 4259 2024 4318 interrum-

439 4361 677 4422 pens,et
704 4351 861 4421 quasi
896 4366 954 4405 se
1000 4366 1262 4420 purgans,
1304 4351 1574 4405 rationem
1625 4353 1861 4408 reddidit
1922 4369 2022 4410 cur

2125 3157 2440 3228 λεγόμενον,
2483 3156 2534 3208 οἳ
2575 3151 2715 3226 ἦσαν
2764 3154 3057 3208 ἑκκαίδεκα
3082 3154 3173 3207 τὸν
3209 3153 3463 3225 ἀριθμὸν,
3489 3148 3565 3210 ὧν
3615 3157 3714 3211 καὶ

2116 3250 2190 3304 τὰ
2221 3247 2460 3320 ὀνόματά
2499 3247 2604 3300 εἰσι
2633 3246 2842 3308 ταῦτα,
2886 3247 3154 3316 Ζακχαῖος
3197 3247 3226 3300 ὃ
3266 3265 3404 3301 ποτε
3445 3247 3710 3320 τελώνης,

2118 3339 2215 3394 καὶ
2235 3337 2511 3408 Σοφωνίας
2539 3339 2585 3370 ⁸⁸
2611 3340 2640 3391 6
2668 3337 2893 3407 ἀδελφὸς
2921 3336 3109 3400 αὑτοῦ,
3145 3337 3402 3408 Ἰώσηφός
3439 3356 3499 3392 τε
3546 3339 3644 3394 καὶ
3683 3340 3713 3392 6

2118 3429 2307 3484 τούτου
2354 3429 2649 3500 σύντροφος
2689 3429 2953 3500 Μιχαίας,
2999 3429 3224 3500 προσέτι
3274 3429 3332 3483 δὲ
3372 3430 3578 3501 Θωμᾶς
3613 3429 3711 3484 καὶ

2132 3523 2431 3596 Ἐλιέζερος
2479 3523 2530 3576 οἱ
2576 3521 2823 3591 δίδυμοι,
2871 3519 2965 3574 καὶ
3036 3521 3226 3586 Ἑνέας
3271 3525 3299 3576 6
3351 3523 3566 3594 ἱερεὺς,
3615 3521 3712 3576 καὶ

2120 3616 2368 3691 Λάζαρος
2386 3619 2414 3671 6
2441 3617 2637 3688 ἱερεὺς,
2670 3615 2729 3669 ὂν
2750 3615 3046 3686 ἀνέστησεν
3079 3618 3145 3670 ἐκ
3165 3615 3371 3685 νεκρῶν
3396 3619 3710 3688 τετραήμε-

2125 3728 2214 3784 ρον
2236 3714 2264 3766 6
2290 3711 2494 3784 Κύριος
2517 3709 2674 3782 ἡμῶν
2708 3709 2914 3780 Ἰησοῦς
2939 3709 3194 3780 Χριστὸς,
3236 3708 3328 3761 καὶ
3377 3709 3708 3773 Ἐλισσαῖος,

2122 3802 2384 3875 Βενιαμὶν
2433 3804 2462 3856 6
2513 3801 2608 3856 τοῦ
2660 3801 2868 3870 Σαφρᾶ,
2915 3799 3120 3870 ὁμοίως
3166 3817 3233 3870 γε
3287 3801 3568 3866 Ῥεύϐιλος
3617 3801 3710 3854 καὶ

2121 3895 2394 3966 Ζαχαρίας
2421 3895 2471 3948 οἱ
2498 3894 2790 3964 οἰκοδόμοι,
2830 3892 3076 3956 Ἀνανίας
3101 3893 3144 3924 ⁵⁷
3177 3910 3237 3945 τε
3259 3895 3353 3946 καὶ
3388 3893 3710 3962 Ἀγγαίας⁵⁸

2121 3987 2171 4041 οἱ
2197 3987 2441 4058 ἀμμηνοί
2475 3983 2540 4018 ⁵⁹’
2581 3985 2662 4040 ἔτι
2699 4003 2758 4038 τε
2797 3986 3042 4057 Νικήτης
3068 3985 3162 4039 καὶ
3211 3985 3438 4048 Ἀκύλας
3480 3987 3709 4039 οί-ἐταῖ-

2127 4096 2226 4150 ροιο
2283 4077 2530 4148 εἰσῆλθον
2570 4076 2725 4146 κάγώ
2747 4093 2760 4107 ⁸
2792 4077 2886 4131 καὶ⁸
2913 4076 3354 4149 προσαγορεύσας
3382 4076 3707 4147 ἐκαθέσθην,

2122 4170 2334 4225 ἐκείνου
2363 4169 2734 4232 κελεύσαντος.

2194 4263 2336 4316 ΧΧΙ.
2376 4262 2433 4315 '0
2455 4261 2514 4315 δὲ
2540 4261 2631 4315 τὸν
2661 4259 3018 4333 προκείμενον
3048 4259 3287 4328 ἐκκόψας
3311 4261 3356 4292 ⁸ο
3383 4259 3564 4329 λόγον,
3600 4261 3708 4315 ὦσι⁵

2124 4372 2230 4426 περ
2272 4353 2726 4424 ἀπολογούμενος,
2772 4351 3139 4425 ἐπληροφόρει
3183 4351 3328 4416 τίνος
3372 4353 3559 4407 ἕνεκεν
3609 4357 3707 4407 οὐκ

442 4462 552 4500 non
575 4445 1032 4516 expergefecisset
1059 4458 1167 4509 me,
1190 4459 1300 4513 quo
1323 4444 1614 4498 verborum
1641 4445 1812 4515 ipsius
1837 4462 2014 4503 essem

2122 4445 2394 4517 ἀφύπνισέ
2445 4463 2536 4516 με,
2589 4445 2737 4507 ὅπως
2782 4444 3059 4516 ἀκροατὴς
3093 4444 3202 4497 τῶν
3250 4443 3416 4496 αὐτοῦ
3456 4445 3705 4516 γένωμαι

441 4537 657 4591 auditor
691 4552 705 4588 :
737 4535 898 4605 cujus
928 4535 1006 4590 rei
1036 4549 1286 4602 causam,
1317 4536 1681 4606 navigationis
1706 4520 2014 4594 molestiam

442 4628 756 4697 assignabat
783 4642 797 4678 :
827 4627 975 4680 illam
1004 4627 1149 4680 enim
1179 4628 1448 4696 concoqui
1473 4628 1683 4694 volens,
1712 4645 1798 4684 me
1826 4632 2016 4700 quies-

443 4735 566 4774 cere
615 4719 880 4789 permisit.
940 4717 1222 4789 Siquidem
1271 4720 1492 4789 quando
1541 4722 1747 4790 anima,
1802 4725 2014 4794 inquit,

444 4813 590 4867 circa
626 4812 678 4865 id
711 4813 856 4881 quod
896 4811 1113 4880 corpori
1159 4811 1313 4866 deest
1347 4797 1670 4881 occupatur,
1717 4815 1800 4869 vel
1833 4817 2017 4886 aliqua

445 4904 752 4958 calamitate
775 4905 1060 4974 premitur,
1087 4921 1194 4959 non
1225 4904 1394 4959 multa
1420 4921 1544 4960 cum
1571 4906 1851 4977 diligentia
1875 4910 2017 4970 solet

445 4997 723 5052 attendere
771 4997 838 5052 iis
881 5015 1002 5068 qum
1042 4999 1320 5052 dicuntur.
1368 4996 1434 5052 Et
1487 5008 1707 5068 propter
1753 5000 1858 5055 hoc
1889 5004 2017 5056 nolo

2123 4540 2331 4609 λόγων⁹
2359 4539 2454 4592 καὶ
2482 4537 2672 4591 τούτου
2711 4537 2889 4591 αἰτίαν
2914 4537 3006 4590 τὸν
3043 4538 3108 4590 ἐκ
3148 4537 3242 4589 τοῦ
3289 4536 3422 4591 πλοῦ
3464 4539 3705 4609 σκυλμὸν

2124 4633 2384 4684 ἐποιεῖτο’
2422 4632 2628 4683 ἐκεῖνον
2671 4629 2780 4701 γὰρ
2826 4628 3102 4699 πεφθῆναι
3142 4627 3310 4682 θέλων
3350 4630 3414 4693 θί,
3458 4629 3526 4701 μὲ
3571 4634 3703 4702 ησυ-

2123 4725 2310 4794 χάζειν
2358 4723 2588 4792 ἀφῆκεν.
2645 4721 2824 4774 Ὀπότ’
2863 4719 2928 4774 ἂν
2975 4720 3084 4791 γὰρ
3123 4719 3199 4792 (7)
3243 4722 3493 4794 ἡψυχὴ,
3539 4724 3700 4794 φησὶ,

2126 4818 2253 4888 περὶ
2291 4815 2352 4868 τὸ
2380 4814 2564 4868 λεῖπον
2594 4815 2888 4885 ἁσχολῆται
2918 4813 2994 4884 τῷ
3027 4811 3256 4884 σώματι,
3285 4813 3394 4867 εἴτε
3431 4815 3539 4868 τινί
3566 4833 3703 4886 συμ-

2127 4908 2270 4979 φορᾷ
2312 4905 2626 4976 συνέχεται,
2673 4907 2733 4959 ού
2779 4904 2916 4976 μετὰ
2963 4903 3161 4974 πολλῆς
3208 4904 3365 4958 εἴωθε
3414 4908 3700 4980 προσέχειν

2127 4999 2411 5072 ἀκριϐείας
2455 5001 2569 5062 τοῖς
2617 4998 2950 5070 λεγομένοις.
2978 4996 3182 5050 Τούτου
3219 4997 3276 5050 δὲ
3331 4998 3518 5054 ἕνεκεν
3579 4999 3698 5055 ούεέ

1717 5135 1954 5192 νΑιιιίΕ
1994 5138 2398 5195 LECTIONES.

517 5273 562 5304 η
602 5260 858 5323 Clement.
892 5271 1040 5325 hom.
1084 5286 1120 5336 ι,
1159 5287 1206 5325 c.
1235 5270 1326 5330 2|.
1357 5280 1462 5325 etc.
1513 5267 1730 5337 Recogn.
1762 5270 1798 5323 l.
1843 5286 1880 5335 ι,
1907 5288 1953 5323 c.
1991 5271 2077 5333 18,
2102 5281 2205 5325 etc.
2285 5271 2330 5303 ³³
2363 5271 2432 5324 al.
2474 5270 2750 5323 ὲνδοιὰσω.
2828 5267 2876 5300 ⁸⁸
2909 5267 2979 5321 al.

517 5341 812 5380 ειιι-1ιηπηί1
864 5356 899 5380 II
952 5358 982 5380 ρ
1035 5347 1050 5380 Ι
1106 5352 1189 5380 ιιι(-
1251 5337 1348 5380 non
1401 5341 1414 5380 I
1468 5355 1506 5380 |I
1566 5359 1594 5380 ι’-
1655 5341 1672 5380 Ι
1728 5349 1827 5380 ριν.
1913 5341 1960 5374 ³6
1995 5341 2254 5380 ἳῖηνηῆυίηι·
2369 5342 2412 5374 ⁸7
2455 5340 2591 5380 [ρπβ
2627 5339 2847 5380 Aius-(nr,
2891 5348 2979 5380 Illi

1250 5342 1367 5394 liec.
1401 5342 1436 5394 I.
1468 5355 1531 5402 ιι.
1566 5359 1614 5393 ιτ.
1655 5342 1702 5402 I,
1728 5349 1831 5393 etr.
1913 5342 1960 5374 "
1995 5342 2272 5408 Σοφονίας.
2369 5342 2412 5374 ⁸⁷
2455 5342 2591 5411 Lege
2621 5342 2854 5402 Αἰνείας,
2891 5348 2949 5391 ιιι
2975 5342 3042 5392 ad
3079 5342 3402 5392 Clementina
3431 5342 3688 5394 diximus.

1215 5413 1259 5450 ⁵³
1281 5421 1351 5466 al.
1391 5411 1724 5482 ἰαμμηνοίρι
1751 5411 1948 5482 ἀμηνοί
1975 5420 2027 5465 et
2060 5412 2326 5482 Iapptvoi.
2406 5411 2452 5442 “
2487 5413 2556 5466 al.
2591 5411 2844 5480 ἐγκάψας.
2910 5409 2951 5440 ⁸⁸
2981 5409 3050 5463 al.
3083 5408 3356 5478 πεφθῆναι
3387 5425 3478 5481 μοι
3499 5409 3688 5464 θέλων.

458 5345 615 5391 went.
651 5341 836 5394 homil.
864 5356 924 5400 ιι.
952 5358 1000 5396 c.
1035 5347 1079 5404 l,
1106 5352 1210 5396 etc.
1250 5337 1367 5394 Rec.
1401 5341 1436 5394 I.
1468 5355 1531 5402 ιι.
1566 5359 1614 5393 ιτ.
1655 5341 1702 5402 Ι,
1728 5349 1831 5393 etr.

447 5411 609 5466 Cum.
689 5411 735 5442 ⁸⁸
756 5414 824 5464 al.
869 5411 1136 5481 ⁹Δγγαῖος.

3037 5266 3415 5338 βαβπτισθέντα.
3495 5269 3540 5301 ³⁸
3569 5265 3692 5324 Cle-

2369 5342 2412 5374 ⁸⁷
2455 5340 2591 5411 Lege
2621 5339 2854 5402 Αἰνείας,
2891 5348 2949 5411 ιιι
2975 5331 3048 5411 ad
3079 5331 3402 5411 Clementilta
3431 5339 3689 5411 diximus.

1709 5525 2075 5582 VARIORUM
2115 5526 2349 5582 ΝΟΤᾸΕ.

630 5623 883 5708 ’ρπόταν
910 5622 1038 5691 γάρ.
1076 5622 1395 5692 Excerplam
1446 5623 1770 5680 sententiam
1815 5623 1974 5686 hanc,
2015 5629 2074 5674 ut
2115 5622 2428 5693 Κλήμεντος
2465 5622 2617 5676 mina
2655 5620 2901 5691 Ῥώμης,
2931 5619 3106 5708 legere
3158 5629 3239 5673 est
3275 5617 3326 5672 in
3386 5631 3488 5676 ms.
3525 5616 3690 5688 Regio

455 5689 614 5745 1500.
647 5693 811 5746 CLsn.
