4048 6146
324 342 428 400 489

983 342 1438 399 CLEMENTINA.
1469 373 1538 382 ——
1567 339 1874 397 EPITOME'
1897 338 1989 395 DE
2029 326 2287 396 GESTIS
2323 343 2376 398 S.
2415 343 2632 400 PETRI.

3426 345 3531 402 «I90

325 462 584 536 βούλομαι
621 462 960 533 διαλέγεσθαι
994 464 1178 535 τοῖςῆ
1214 465 1359 539 λύπῃ
1395 465 1776 537 κατεχομένοις
1795 504 1810 529 ,
1839 464 1874 536 ἢ

1978 461 2336 521 sermocinari
2367 482 2486 521 cum
2516 466 2584 520 iis
2609 467 2700 535 qui
2731 475 2823 519 aut
2849 465 3165 535 aegritudine
3197 465 3528 540 detinentur,

323 554 576 627 ἀμέτρως
596 553 997 624 ὀργιζομένοις,
1042 554 1077 625 ἢ
1118 554 1181 608 τὸ
1216 553 1375 626 σῶμα
1419 556 1798 626 πεπονηκόσιν,
1838 556 1874 629 ἢ

325 647 603 715 βιωτικαῖς
633 645 924 717 φροντίσιν,
955 645 990 718 ἢ
1035 646 1206 720 ἑτέρῳ
1246 646 1407 702 πάθει
1432 648 1538 701 τινὶ
1581 647 1877 721 διενοχλου-

324 735 522 806 μένοις.

393 851 556 903 XXII.
587 849 695 903 Καὶ
728 849 800 920 μὴ
824 849 1028 920 λεγέτω
1057 870 1159 918 τις,
1190 853 1271 906 ὅτι
1301 853 1363 907 οὒ
1390 854 1493 925 χρὴ
1531 856 1878 927 παραμυθίας

317 941 416 994 καὶ
445 941 720 1004 νουθεσίας
741 940 931 1010 λόγους
954 943 1247 1015 προσάγειν
1269 948 1381 1009 τοῖς
1408 946 1607 1015 φαῦλόν
1628 966 1679 1001 τι
1705 949 1878 1018 πράτ-

313 1049 486 1086 τουσι.
511 1033 656 1103 Φημὶ
681 1032 810 1104 γὰρ,
857 1033 933 1096 ὡς
966 1035 1014 1086 εἰ
1049 1034 1148 1104 μὲν
1182 1035 1332 1088 ἀνύει
1373 1054 1478 1100 τις,
1519 1038 1836 1110 προφερέτω
1857 1056 1871 1068 ’

313 1123 362 1175 εί
386 1113 446 1175 δὲ
473 1121 566 1193 μὴ,
600 1121 678 1192 τῷ
705 1123 882 1194 καιρῷ
908 1123 1044 1187 τέως
1064 1129 1477 1196 παραχωρείτω.
1510 1128 1723 1195 Καιρὸς
1744 1129 1873 1202 γὰρ,

305 1213 386 1277 ὡς
417 1214 724 1284 Σολομῶντι
752 1214 916 1279 δοκεῖ,
943 1215 1120 1269 παντὶ
1151 1217 1461 1287 πράγματι.
1488 1218 1578 1270 Διὸ
1615 1219 1718 1291 χρὴ
1749 1221 1876 1284 τοὺς

302 1305 407 1376 τὴν
464 1305 641 1377 ψυχὴν
681 1305 984 1377 ρωννύντας
1031 1307 1242 1377 λόγους,
1292 1309 1398 1380 πρὸ
1437 1310 1538 1380 τῆς
1581 1311 1874 1376 κακώσεως

305 1399 416 1459 τοῖς
434 1394 743 1467 ἀνθρώποις
765 1397 988 1467 ἐπάγειν
1006 1415 1020 1428 ·
1037 1399 1122 1452 ἵνα
1153 1400 1348 1453 εἴποτέ
1369 1419 1420 1454 τι
1444 1402 1487 1433 ⁸⁸
1500 1401 1699 1471 φαῦλον
1717 1403 1875 1456 ἐπέλ-

301 1488 409 1554 θοι,
439 1489 882 1561 προωπλισμένος
907 1493 934 1544 ὁ
950 1491 1095 1555 νοῦς,
1109 1492 1250 1563 ὀρθῷ
1267 1493 1346 1562 τῷ
1368 1493 1608 1565 λογισμῷ
1623 1493 1872 1566 δυνηθείη

305 1579 368 1633 τὸ
399 1579 690 1650 ὲπενεχθὶν
717 1581 1028 1652 ὑποστῆναι.
1067 1583 1245 1647 Ὅθεν,
1280 1577 1324 1636 ὦ
1358 1584 1476 1652 φίλε
1501 1586 1719 1657 Κλήμη,
1758 1587 1872 1655 εἴγε

301 1673 376 1727 τὰ
415 1673 499 1744 τῷ
542 1673 658 1745 Θεῷ
710 1674 1034 1746 διαφέροντα
1083 1676 1282 1746 γνῶναι
1329 1677 1534 1742 θέλεις,
1587 1677 1738 1750 παρά
1777 1675 1870 1732 τοῦ

305 1765 517 1836 Κυρίου
544 1766 636 1818 καὶ
666 1765 800 1818 Θεοῦ
829 1768 923 1819 καὶ
967 1769 1213 1838 Σωτῆρος
1246 1768 1399 1840 ἡμῶν
1436 1768 1609 1840 Ἰησοῦ
1636 1769 1870 1841 Χριστοῦ

301 1855 404 1909 τοῦ
449 1856 786 1922 διδάσκοντος
827 1859 871 1890 ⁸⁸
905 1858 1188 1931 ἄνθρωπον
1233 1860 1452 1929 γνῶσιν,
1487 1860 1638 1934 παρὰ
1677 1860 1866 1916 τούτου

311 1949 479 2022 μόνου
529 1949 724 2022 μαθεῖν’
763 1951 925 2023 ἔχεις,
953 1952 1032 2007 ὅτι
1077 1953 1233 2025 μόνος
1267 1947 1406 2007 οἶδεν
1442 1953 1714 2024 ἀλήθειαν.
1749 1951 1870 2004 Τῶν

308 2041 420 2114 γὰρ
444 2041 616 2112 ἄλλων
641 2042 790 2107 εἴτις
805 2044 1092 2098 ἐπίσταταί
1117 2063 1190 2108 τι,
1215 2043 1364 2116 παρὰ
1387 2044 1574 2098 τούτου
1608 2044 1654 2076 ⁸⁸
1687 2042 1868 2115 μόνου,

309 2132 344 2204 ἢ
377 2135 485 2188 τῶν
515 2134 701 2189 τούτου
731 2134 984 2208 μαθητῶν
1024 2135 1202 2190 λαϐὼν
1228 2136 1357 2208 ἔχει.

380 2308 570 2363 XXIII.
600 2311 752 2363 Ἔστι
785 2327 843 2362 τε
876 2309 1038 2381 αὐτοῦ
1064 2311 1126 2364 τὸ
1149 2311 1411 2382 βούλημα,
1442 2311 1523 2365 ὅτι
1550 2308 1630 2375 εἷς
1663 2311 1794 2377 Θεὸς
1813 2315 1882 2388 ὲν.

309 2401 490 2472 τρισὶν
528 2401 905 2464 ὑποστάσεσιν,
933 2397 992 2456 οῦ
1018 2401 1047 2453 ὁ
1073 2402 1273 2472 κόσμος
1308 2402 1464 2474 ἔργον
1487 2404 1515 2454 ὁ
1549 2404 1677 2466 πᾶς,
1707 2403 1766 2466 ὃς
1796 2404 1874 2457 δί-

309 2508 466 2556 καιος
493 2491 588 2556 ὢν,
610 2493 826 2557 πάντως
845 2494 1057 2565 ἑκάστῳ
1081 2495 1218 2566 πρὸς
1243 2494 1341 2558 τὰς
1362 2494 1585 2566 πράξεις
1606 2494 1874 2564 ἀποδώσει

311 2582 464 2636 ποτέ.
503 2584 737 2656 Ἀνάγκη
765 2585 872 2658 γὰρ
897 2588 1063 2649 πᾶσα,
1087 2585 1244 2656 φύσει
1270 2586 1474 2640 δίκαιον
1492 2581 1628 2640 εἶναι
1650 2586 1872 2656 λέγοντα

306 2672 402 2728 τὸν
433 2673 586 2738 Θεὸν,
618 2675 717 2728 καὶ
739 2675 838 2740 τὰς
868 2677 1164 2748 ἀνθρὼπων
1201 2677 1378 2748 ψυχὰς
1399 2677 1699 2741 ἀθανάτους
1732 2673 1872 2732 εἶναι

305 2765 605 2819 πιστεύειν.
662 2767 812 2820 Ἐπεὶ
851 2765 961 2820 ποῦ
999 2768 1058 2820 τὺ
1094 2768 1298 2822 δίκαιον
1326 2767 1529 2834 αὐτοῦ;
1563 2769 1696 2823 ὅπου
1731 2770 1872 2834 τινὲς

237 2871 239 2873 ‘
306 2857 550 2921 εὐσεϐῶς
594 2857 984 2929 βιοτεύσαντες,
1013 2860 1122 2913 καὶ
1169 2860 1632 2930 κακουχηθέντες,
1678 2861 1873 2932 βιαίως

307 2950 680 3022 ἀνῃρέθησανο
711 2951 840 3005 ἔνιοι
860 2951 915 3005 δὲ
934 2953 1148 3016 ἀσεϐεῖς
1168 2953 1316 3024 παρά
1342 2954 1474 3008 πολὺ
1497 2956 1869 3027 γεγενημένοι,

307 3041 368 3102 ἦν
397 3041 717 3115 πολυτελείᾳ
745 3042 857 3114 βίου
895 3046 1286 3116 τρυφῆσαντες,
1318 3046 1408 3098 τὸν
1445 3047 1621 3100 κοινὸν
1661 3045 1871 3119 ἀνθρῶ-

1977 562 2076 612 aut
2112 554 2464 613 immoderate
2491 557 2620 616 irati
2643 566 2790 620 sunt,
2829 565 2924 612 aut
2964 572 3193 628 corpore
3223 567 3526 627 aegrotant;

1975 655 2070 702 aut
2094 649 2443 703 saecularibus
2467 649 2637 714 curis,
2669 647 2749 703 vel
2779 647 2887 702 alio
2914 648 3172 718 quopiam
3207 646 3402 704 allectu
3428 650 3530 705 ob-

1973 740 2282 793 turbantur.

2039 849 2206 910 XXII.
2223 851 2267 882 ⁶²
2284 848 2471 920 Neque
2501 851 2646 906 dicat
2678 850 2898 920 aliquis,
2925 863 3032 904 non
3049 859 3302 920 oportere
3329 866 3529 907 conso-

1974 941 2191 998 lationis
2233 951 2287 996 et
2333 942 2721 997 admonitionis
2772 941 2937 995 verba
2981 942 3050 995 iis
3090 941 3403 1008 admovere,
3436 940 3530 1011 qui

1971 1033 2101 1087 mali
2153 1033 2354 1102 aliquid
2406 1034 2603 1087 habent
2651 1048 2716 1087 ac
2761 1040 2976 1102 gerunt.
3025 1030 3125 1086 Aio
3166 1030 3336 1097 enim,
3387 1032 3532 1101 quod

1972 1124 2016 1180 si
2035 1126 2250 1193 quidem
2274 1129 2471 1197 aliquis
2497 1125 2731 1192 proiicit,
2760 1124 3049 1190 adhibeat;
3097 1123 3182 1177 sin
3205 1123 3410 1187 minus,
3445 1122 3532 1176 in-

1973 1216 2130 1268 terim
2175 1215 2404 1284 tempori
2441 1215 2616 1269 cedat.
2667 1212 2888 1282 Tempus
2936 1214 3082 1267 cnim
3119 1221 3219 1279 est,
3271 1220 3332 1266 ut
3373 1211 3532 1266 Salo-

1969 1306 2121 1360 moni
2152 1305 2384 1371 videtur,
2421 1307 2564 1360 omni
2588 1305 2664 1359 rei
2701 1306 2768 1359 ‘3.
2805 1305 2984 1371 Quare
3008 1312 3222 1374 oportet
3251 1317 3533 1360 sermones

1967 1395 2063 1463 qui
2098 1395 2338 1449 animam
2385 1397 2732 1461 conﬁrmant,
2777 1395 3092 1450 hominibus
3121 1403 3247 1450 ante
3290 1395 3534 1450 vexatio-

1969 1502 2091 1542 nem
2121 1487 2359 1555 inferre;
2390 1496 2449 1542 ut
2475 1489 2520 1543 si
2552 1489 2683 1558 quid
2707 1488 2847 1544 forte
2871 1489 3023 1559 pravi
3057 1489 3335 1552 acciderit,
3376 1504 3532 1544 mens

1969 1579 2123 1648 prius
2157 1588 2385 1642 armata,
2422 1589 2568 1635 recta
2602 1581 2824 1657 ratione
2841 1581 3016 1650 possit
3060 1581 3113 1636 id
3139 1581 3285 1650 quod
3317 1582 3528 1636 illatum

1969 1674 2074 1732 est,
2106 1666 2367 1736 perferre.
2403 1665 2577 1734 Unde,
2617 1668 2792 1723 amice
2818 1669 3090 1735 Clemens,
3133 1675 3180 1725 si
3211 1670 3366 1739 cupis
3408 1685 3531 1738 qua:

1973 1757 2042 1812 ad
2075 1757 2244 1813 Deum
2278 1759 2552 1829 pertinent
2596 1775 2927 1829 cognoscere
2951 1801 2966 1826 ,
3018 1778 3047 1816 a
3078 1761 3310 1816 Domino
3335 1770 3388 1817 et
3419 1761 3530 1818 Deo

1970 1859 2024 1905 et
2073 1848 2353 1906 Salvatore
2400 1862 2594 1906 nostro
2625 1850 2752 1908 Iesu
2801 1852 3042 1919 Christo,
3085 1856 3180 1925 qui
3227 1855 3529 1910 humanum

1969 1959 2142 2014 genus
2182 1943 2340 1998 docet
2379 1943 2692 2010 scientiam;
2744 1946 2814 2001 ab
2845 1961 2912 2002 eo
2943 1947 3060 2002 solo
3092 1947 3304 2003 discere
3333 1959 3526 2018 potes;

1967 2035 2100 2107 quia
2138 2035 2291 2091 solus
2321 2035 2474 2089 novit
2507 2036 2815 2092 veritatem.
2855 2038 3101 2094 Aliorum
3135 2040 3281 2094 enim
3326 2041 3374 2096 si
3403 2044 3529 2110 quis

1969 2125 2175 2196 aliquid
2199 2127 2519 2197 cognoscit,
2554 2127 2623 2182 ab
2647 2143 2714 2184 eo
2747 2145 2878 2197 uno,
2913 2139 3010 2186 aut
3037 2130 3104 2186 ab
3138 2131 3258 2201 ejus
3285 2130 3529 2202 discipu-

1969 2215 2038 2272 lis
2066 2218 2326 2273 traditum
2362 2218 2588 2288 accepit.
3417 2224 3422 2231 '

2039 2308 2228 2364 XXIII.
2263 2310 2305 2340 ⁸⁷
2333 2308 2430 2364 Est
2451 2318 2630 2364 autem
2655 2312 2774 2383 ejus
2820 2315 3088 2371 sententia
3116 2334 3130 2370 :
3160 2315 3329 2372 Deum
3357 2333 3528 2374 unum

1969 2401 2172 2457 essein
2220 2401 2397 2479 tribus
2440 2403 2714 2473 personis,
2738 2403 2897 2473 cujus
2942 2413 3089 2462 totus
3125 2409 3360 2463 mundus
3389 2425 3529 2480 opus

1971 2499 2075 2558 est,
2105 2491 2310 2562 quique
2347 2492 2529 2562 justus
2550 2494 2844 2562 exsistens,
2879 2496 3172 2567 aliquando
3213 2509 3359 2555 certe
3403 2502 3529 2556 uni-

1971 2584 2170 2653 cuique
2220 2599 2321 2653 pro
2370 2585 2677 2641 actionibus
2726 2585 3009 2643 retribuet.
3061 2587 3294 2646 Necesse
3327 2592 3529 2662 quippe

1971 2675 2197 2729 omnino
2222 2683 2334 2740 est,
2377 2685 2441 2729 ut
2469 2675 2563 2746 qui
2601 2677 2798 2731 asserit
2837 2675 3005 2732 Deum
3057 2689 3251 2735 natura
3285 2695 3406 2738 esse
3439 2681 3520 2752 ju.

1972 2773 2142 2829 stum,
2165 2763 2326 2819 etiam
2352 2765 2536 2819 credat
2565 2764 2899 2820 immortales
2930 2781 3050 2821 esse
3079 2767 3360 2822 hominum
3405 2770 3526 2824 ani-

1971 2873 2112 2915 mas.
2141 2856 2411 2924 Quoniam
2451 2858 2542 2911 ubi
2584 2858 2687 2912 erit
2725 2857 2941 2928 justitia
2979 2857 3137 2929 ejus?
3179 2861 3400 2931 quando
3425 2861 3526 2916 ali-

1971 2950 2088 3022 qui,
2132 2963 2256 3005 cum
2309 2948 2398 3018 pie
2435 2948 2719 3015 vixissent,
2766 2958 2948 3004 tamen
2999 2949 3139 3006 male
3189 2950 3382 3019 habiti,
3433 2969 3528 3023 per

1971 3041 2084 3096 vim
2107 3056 2138 3096 e
2163 3040 2342 3096 medio
2372 3040 2569 3096 sublati
2601 3049 2730 3096 sunt
2758 3056 2772 3094 :
2810 3040 3030 3112 quidam
3059 3033 3211 3109 vero,
3239 3052 3525 3113 postquam

307 3149 426 3184 πων
465 3132 819 3203 ἐτελεύτησαν
847 3133 1088 3189 θάνατον.
1142 3136 1293 3189 Ἐπεὶ
1320 3133 1411 3189 οὖν
1445 3136 1614 3208 χωρὶς
1653 3137 1870 3208 ἁπάσης

1971 3131 2128 3188 valde
2151 3132 2300 3201 impii
2321 3132 2676 3194 exstitissent,
2708 3139 2869 3200 atque
2897 3130 3022 3184 vita:
3055 3130 3206 3185 luxui
3227 3147 3294 3186 ac
3320 3132 3528 3209 deliciis

299 3224 658 3292 ἀντιλογίαςό
673 3224 803 3288 Θεδς
822 3225 1022 3294 ἀγαθὸς
1046 3225 1140 3289 ὼν,
1163 3227 1364 3291 δίκαιός
1383 3229 1546 3290 ἐστιν,
1571 3227 1671 3280 οὒκ
1696 3227 1868 3289 ἄλλως

294 3315 350 3368 δὲ
388 3315 614 3378 δέκαιος
647 3313 783 3368 εἶναι
823 3315 1210 3387 γνωσθήσεται,
1255 3316 1348 3370 ὲάν
1377 3318 1509 3390 μὴή
1554 3317 1700 3390 ψυχὴ
1735 3318 1869 3388 μετά

291 3407 387 3460 τὸν
424 3405 716 3477 χωρισμὸν
748 3404 842 3457 τοῦ
878 3405 1124 3476 σώματος
1163 3407 1424 3470 ἀθάνατος
1451 3405 1506 3480 ᾖ,
1539 3408 1624 3461 ἵνα
1649 3410 1784 3479 μετά
1809 3409 1870 3462 τὸ

299 3498 605 3554 ἀπολαϐεῖν
630 3495 691 3550 τὸ
719 3497 849 3550 ἴδιον
879 3497 1035 3569 σῶμα
1063 3500 1121 3551 ὲν
1141 3502 1206 3570 τῇ
1237 3500 1546 3563 ἀναστάσει,
1575 3501 1604 3553 ὃ
1643 3500 1742 3571 μὲν
1769 3519 1870 3555 κα-

301 3593 419 3654 κδς,
461 3589 537 3652 ὡς
563 3588 793 3642 ἐνταῦθα
820 3589 888 3642 τὰ
922 3589 1100 3658 ἀγαθά
1134 3590 1440 3654 ἀπολαϐὼν,
1492 3592 1608 3646 ἐκεῖ
1639 3593 1769 3664 περὶ
1795 3587 1870 3647 ὧν

304 3676 529 3746 ἥμαρτε
563 3672 824 3743 κολασθῇ·
866 3675 894 3726 ὁ
926 3673 983 3726 δὲ
1022 3674 1240 3742 ἀγαθὸς,
1282 3675 1512 3730 ἐνταῦθα
1541 3678 1668 3748 περὶ
1693 3671 1768 3731 ὧν
1805 3680 1870 3749 ᾕ-

310 3773 494 3836 μαρτε
527 3764 828 3827 κολασθεὶς,
852 3765 968 3818 ἐκεῖ
984 3765 1060 3828 ὡς
1079 3766 1138 3818 ὲν
1163 3766 1381 3830 κόλποις
1413 3767 1655 3832 δικαίων,
1685 3769 1874 3841 κληρο-

314 3857 481 3928 νόμος
516 3855 623 3909 τῶν
658 3855 875 3925 ἀγαθῶν
904 3859 1176 3928 καταστῇο
1205 3858 1326 3911 ἐπεὶ
1357 3859 1535 3913 τοίνυν
1565 3861 1595 3913 ό
1619 3861 1756 3924 Θεὸς
1795 3862 1872 3914 δί-

309 3966 491 4013 καιος,
522 3949 782 4021 πρόδηλον
812 3952 944 4020 ἡμῖν
985 3950 1152 4013 ἐστιν,
1179 3951 1261 4004 ὅτι
1294 3952 1390 4005 καὶ
1420 3953 1600 4024 κρίσις
1640 3954 1868 4024 γίνεται,

312 4042 411 4095 καὶ
439 4041 496 4095 al
517 4039 684 4111 ψυχαὶ
711 4039 962 4093 ἀθάνατοι
993 4041 1364 4111 τυγχάνουσιν.
1397 4043 1532 4096 Είδέ
1556 4061 1659 4108 τις,
1690 4044 1766 4108 ὼς
1793 4043 1871 4115 τῷ

315 4135 564 4204 Σαμαρεῖ
590 4133 736 4187 δοκεῖ
769 4135 991 4205 Σίμωνι,
1028 4134 1124 4186 καὶ
1162 4133 1260 4205 οὐχ
1300 4134 1375 4197 ὡς
1413 4136 1443 4188 ὁ
1482 4136 1581 4207 τῆς
1617 4136 1872 4206 ἀληθείας

319 4225 562 4295 βούλεται
575 4226 750 4294 λόγος,
775 4227 837 4278 τὺ
858 4226 1062 4279 δίκαιον
1091 4222 1227 4279 εἶναι
1259 4226 1332 4297 μὴ
1357 4226 1499 4280 θέλοι
1529 4227 1710 4280 δοῦναι
1730 4229 1868 4300 Θεῷ,

312 4317 422 4372 τίνι
445 4318 524 4372 ἔτι
551 4317 708 4371 τοῦτό
730 4334 817 4381 τις
841 4317 1022 4371 δοῦναι
1041 4316 1295 4383 δύνατσιις

386 4603 575 4660 XXIV.
601 4603 783 4658 Ταῦτα
829 4601 1065 4665 ἀκούσας
1097 4601 1208 4670 ἐγὼ
1246 4601 1494 4674 Κλήμης,
1520 4602 1618 4656 καὶ
1651 4603 1734 4667 τίς
1766 4603 1872 4674 ἄρα

315 4697 592 4773 τυγχάνει,
626 4696 780 4766 ἔφην,
820 4689 971 4758 οὗτος
995 4692 1056 4746 ὃν
1083 4693 1297 4762 λέγουσι
1343 4695 1561 4765 Σίμωνα
1599 4695 1871 4766 Σαμαρεί-

315 4805 436 4860 την,
465 4787 650 4858 μαθεῖν
676 4786 881 4858 ηθελον.
922 4786 980 4838 Ὀ
1015 4783 1073 4836 δὲ
1095 4783 1324 4855 Πέτρος·
1366 4785 1428 4836 EI
1455 4783 1626 4848 θέλεις
1661 4785 1870 4855 μαθεῖν,

315 4879 444 4952 ἔφη,
473 4879 697 4953 πάρεστί
717 4895 799 4931 σοι
819 4875 914 4930 τοῦ
943 4874 1145 4944 γνῶναι
1173 4875 1300 4944 παρ’
1321 4867 1394 4928 ῶν
1424 4873 1578 4942 κάγὼ
1605 4875 1779 4928 πάντα
1807 4877 1874 4928 τὰ

319 4973 438 5025 κατ’
460 4972 618 5025 αὑτὸν
645 4970 938 5040 ἐπυθόμην.
960 4968 1069 5021 Καὶ
1082 4966 1572 5038 μεταπεμψάμενος
1593 4966 1874 5021 ἐκέλευσεν

332 5061 559 5115 Ἀκύλαν
590 5076 648 5112 τε
677 5059 771 5112 καὶ
791 5059 836 5111 Ν
843 5059 1034 5128 ικήτην
1066 5057 1239 5108 πάντα
1265 5073 1351 5125 μοι
1377 5054 1616 5125 ἀκριϐῶς
1637 5055 1704 5108 τά
1733 5055 1874 5108 κατά

317 5153 408 5206 τὸν
448 5153 667 5222 Σίμωνα
693 5147 1074 5219 διηγήσασθαι.
1106 5148 1170 5199 Ol
1197 5145 1255 5198 δὲ
1297 5145 1387 5198 τὸν
1429 5145 1558 5198 Θεὸν
1599 5145 1874 5216 μαρτυρά-

323 5262 469 5314 μενοι
496 5243 659 5316 μηδὲν
686 5238 1042 5312 παρεκκλῖναι
1070 5237 1168 5308 τῆς
1197 5234 1469 5306 ἀληθείας,
1497 5234 1638 5288 οὕτω
1661 5234 1728 5288 τά
1754 5236 1876 5288 κατ’

320 5338 477 5393 αὑτὸν
497 5334 808 5404 ὲξετίθεπο.
839 5333 944 5386 Καὶ
973 5330 1183 5401 πρῶτος
1226 5327 1451 5391 Ἀκύλας
1476 5327 1678 5400 ἤρξατό
1700 5329 1876 5398 λέγειν

319 5428 518 5495 οὓτως·
554 5430 836 5487 Ἄκουσον,
859 5419 904 5478 ῶ
927 5424 1143 5493 φίλτατε
1179 5421 1393 5492 ἀδελφὲ,
1418 5421 1566 5486 ὅπως
1595 5423 1686 5475 καὶ
1715 5422 1876 5531 αὐτὸς

1973 3221 2328 3278 indulsissent
2359 3262 2374 3285 ,
2435 3222 2712 3275 communi
2770 3229 2954 3276 tamen
3015 3221 3298 3276 hominum
3353 3208 3526 3278 morte

1973 3310 2245 3367 obierunt.
2298 3309 2746 3379 Quandoquidem
2787 3309 2952 3379 igitur
2985 3309 3192 3380 absque
3235 3309 3344 3365 ulla
3387 3326 3526 3366 con-

1973 3400 2295 3456 tradictione
2318 3400 2482 3468 Deus,
2507 3401 2685 3455 bonus
2716 3414 2838 3456 cum
2877 3400 2969 3465 sit,
2993 3399 3180 3469 justus
3205 3400 3368 3455 etiam
3397 3410 3482 3457 est
3507 3418 3524 3468 ;

1971 3507 2072 3548 nec
2096 3491 2311 3547 aliunde
2333 3491 2514 3561 justus
2531 3506 2650 3547 esse
2672 3501 3050 3562 cognoscetur,
3067 3492 3172 3548 nisi
3195 3493 3376 3548 anima
3403 3504 3527 3563 post

1971 3584 2363 3655 separationem
2389 3599 2420 3638 a
2447 3598 2696 3653 corpore,
2728 3584 2799 3639 sit
2825 3584 3185 3652 immortalis;
3218 3594 3280 3641 ut
3305 3588 3526 3657 quando

1972 3675 2028 3730 in
2070 3674 2468 3732 resurrectione
2515 3691 2674 3731 suum
2698 3690 2898 3746 corpus
2937 3678 3307 3746 recuperarit,
3349 3678 3527 3733 malus

1969 3771 2211 3840 quidem,
2250 3779 2508 3840 tanquam
2555 3769 2649 3839 qni
2686 3769 2776 3824 hic
2819 3769 2959 3824 bona
2992 3774 3273 3842 receperit,
3313 3773 3386 3829 ibi
3426 3789 3527 3845 pro

1972 3861 2039 3918 iis
2082 3877 2202 3931 quae
2231 3861 2457 3932 deliquit
2484 3861 2785 3932 puniatur;
2829 3861 3006 3919 bonus
3059 3872 3261 3930 autem,
3307 3865 3396 3920 hic
3426 3881 3526 3935 pro

1971 3952 2182 4009 delictis
2195 3952 2513 4024 castigatus,
2544 3953 2654 4008 illic
2674 3952 2832 4021 quasi
2869 3953 2920 4007 in
2953 3954 3074 4009 sinu
3095 3955 3386 4025 justorum.
3417 3958 3528 4013 hae-

1972 4060 2062 4101 res
2108 4031 2376 4100 bonorum
2429 4046 2834 4100 constituatur:
2876 4048 3314 4118 quandoquidem
3362 4051 3526 4120 igitur

1975 4134 2116 4191 Deus
2139 4135 2320 4205 justus
2349 4144 2454 4202 est,
2497 4145 2710 4190 constat
2748 4137 2888 4190 inter
2921 4153 3041 4203 nos,
3079 4137 3344 4207 judicium
3384 4157 3524 4213 ouo-

1971 4241 2077 4296 que
2104 4226 2239 4292 fore,
2269 4237 2322 4282 et
2357 4227 2570 4281 animas
2595 4241 2715 4282 esse
2740 4227 3096 4284 immortales.
3128 4228 3187 4285 Si
3210 4232 3335 4301 quis
3358 4248 3485 4289 vero
3507 4273 3522 4298 ,

1970 4320 2424 4389 quemadmodum
2453 4319 2796 4374 Samaritano
2841 4319 3052 4375 Simoni
3101 4321 3298 4392 placet,
3326 4333 3382 4378 et
3417 4339 3521 4378 non

1973 4423 2034 4466 ut
2075 4411 2320 4465 veritatis
2369 4410 2616 4464 doctrina
2661 4410 2800 4474 vult,
2847 4410 2958 4467 Deo
3016 4414 3314 4470 concedere
3367 4415 3523 4481 nolit,

1907 4523 1947 4577 ο
1971 4500 2176 4571 justum
2197 4513 2350 4565 esse,
2381 4499 2470 4554 cui
2497 4500 2609 4569 jam
2639 4500 2837 4571 aliquis
2864 4500 2916 4556 id
2950 4501 3186 4558 tribucre
3215 4505 3424 4574 potest?

2043 4608 2234 4664 XXIV.
2284 4609 2382 4666 llis
2434 4612 2657 4673 auditis,
2713 4627 2812 4684 ego
2862 4613 3144 4692 Clemens,
3177 4614 3245 4669 Et
3273 4617 3524 4687 quisnam

1973 4709 2079 4766 est,
2111 4700 2246 4766 dixi,
2294 4701 2395 4756 iste
2437 4717 2596 4771 quem
2635 4703 2825 4767 aiunt,
2878 4702 3068 4759 Simon
3114 4704 3526 4774 Samaritanus,

1975 4795 2117 4849 scire
2164 4794 2382 4849 vellem.
2437 4793 2735 4865 Respondit
2781 4804 2961 4851 autem
3004 4796 3240 4854 Petrus:
3275 4798 3332 4854 Si
3372 4803 3527 4876 cupis

1975 4883 2202 4948 discere,
2226 4884 2352 4938 licet
2378 4884 2472 4938 tibi
2500 4884 2568 4938 ab
2598 4884 2666 4939 iis
2690 4900 3041 4955 cognoscere,
3066 4903 3095 4942 a
3128 4889 3326 4959 quibus
3343 4900 3397 4944 et
3426 4907 3526 4961 ego

1957 4981 2172 5029 cuncta
2201 4974 2346 5029 illius
2371 4975 2632 5031 intellexi.
2671 4975 2997 5047 Vocatisque
3039 4980 3235 5050 Aquila
3281 4992 3336 5038 et
3366 4982 3526 5040 Nico--

1977 5073 2054 5131 ta,
2094 5065 2346 5135 praecepit
2387 5066 2488 5130 eis,
2520 5077 2578 5122 ut
2614 5067 2749 5124 mihi
2789 5069 2969 5124 omnia
2995 5071 3061 5125 ad
3099 5071 3375 5128 Simonem
3411 5092 3529 5146 per-

1976 5156 2204 5212 tinentia
2238 5157 2524 5227 diligenter
2561 5169 2898 5215 enarrarent.
2939 5163 3009 5215 At
3039 5163 3138 5231 illi,
3185 5163 3355 5220 Deum
3388 5176 3527 5220 atte-

1974 5247 2098 5302 stati
2137 5264 2197 5304 se
2240 5249 2548 5304 nullatenus
2581 5265 2612 5304 a
2655 5251 2878 5307 veritate
2918 5254 3320 5321 declinaturos,
3380 5257 3526 5314 hunc

1975 5336 2042 5390 in.
2059 5338 2280 5392 modum
2314 5353 2400 5394 res
2425 5338 2542 5408 ejus
2581 5352 2967 5409 exposuerunt.
3017 5336 3097 5398 Ac
3141 5344 3290 5414 prior
3333 5346 3528 5415 Aquila

1978 5429 2144 5499 erepit
2181 5428 2255 5483 ita
2285 5429 2508 5485 dicere:
2549 5429 2723 5495 Audi,
2757 5431 3078 5487 charissime
3114 5433 3300 5503 frater,
3351 5445 3411 5490 ut
3469 5447 3526 5492 tu

1576 5587 1806 5642 VARUE
1844 5587 2238 5644 LECTIONES.

387 5704 429 5736 ⁸³
469 5705 718 5762 Clement.
749 5705 895 5759 hom.
927 5721 985 5766 ll,
1018 5723 1065 5757 ιε.
1099 5704 1180 5771 1‘2,
1204 5714 1308 5761 etc.
1387 5705 1603 5761 “Ec-ulc
1662 5723 1741 5772 ιιι,
1777 5707 1825 5761 I.
1904 5707 2036 5760 “al.
2072 5725 2211 5760 τινα.
2289 5710 2333 5742 ⁸⁵
2352 5709 2508 5765 Deest
2532 5712 2584 5764 in
2620 5713 2689 5765 al.

337 5793 482 5848 cogn.
503 5815 518 5840 ,
552 5779 586 5828 I.
608 5790 786 5843 vm,c.
817 5775 869 5829 6.

557 5872 828 5933 Parnm.
873 5871 987 5932 Gtt.
1045 5872 1120 5932 Il.

2773 5721 2817 5751 ⁸⁸
2860 5713 3014 5769 Deest
3038 5716 3091 5770 in
3123 5718 3192 5770 al.
3299 5724 3343 5756 ⁸⁷
3371 5719 3402 5772 Ι.
3431 5717 3523 5771 Ite-

3212 5887 3282 5945 I6
