4040 6146
292 364 395 429 493

1026 375 1037 386 ‘
1085 362 1550 420 CLEMENTINA.
1591 392 1660 402 —
1698 349 1997 416 ΕΡΙΤΟΜΕ
2036 349 2124 413 DE
2160 348 2404 414 GESTIS
2439 353 2496 410 S.
2535 352 2761 410 PETRI.

3433 353 3534 410 891

289 495 348 549 ὃν
364 492 523 555 αὐτὸς
544 489 722 552 ὑπνοῖ,
748 484 1173 557 ἀνατεθειμένην
1201 482 1333 553 ἔχει.
1363 481 1473 545 Διὸ,
1496 479 1753 534 ἀσέϐειαν
1771 478 1865 531 αὑ-

1974 490 2131 542 nem;
2157 489 2327 546 puero
2349 474 2402 528 in
2431 472 2670 542 imagine
2698 471 2994 536 delineato,
3028 483 3405 529 consecratam
3440 476 3538 530 lia-

291 584 383 639 τοῦ
411 581 796 650 καταγνόντες,
824 577 1141 647 ἀπέστημεν
1159 575 1255 629 ἀπ’
1288 571 1476 626 αὑτοῦ.

357 844 450 900 XX
460 836 596 898 VIII.
633 837 817 896 Ταῦτα
838 836 932 893 τοῦ
968 834 1167 892 Ἀκύλα
1196 829 1458 900 εἰπόντος,
1482 835 1511 889 ὁ
1527 820 1751 905 ἀὰλῷὺς
1776 834 1866 888 αύι

289 938 382 993 τοῦ
425 936 694 1007 Νικήτης⁵
752 927 1091 1000 Ἀναγκαῖον,
1134 920 1330 1000 ἀδελφὲ
1360 929 1584 1001 Κλήμη,
1624 928 1751 998 ἐφη,
1796 926 1865 980 τὰ

291 1025 723 1101 παραλειφθέντα
762 1024 841 1096 τῷ
877 1016 1079 1095 ’Δκύλᾳ
1122 1021 1222 1095 ἐμὲ
1264 1014 1595 1093 ὑπομνῆσαι,
1640 1020 1864 1092 Πρῶτον

293 1121 391 1191 μὲν
416 1122 525 1191 γάρ
543 1120 572 1171 ὁ
599 1112 731 1181 Θεὸς
760 1117 988 1189 μάρτυς,
1015 1116 1091 1179 ὡς
1112 1115 1262 1169 οὐδὲν
1282 1106 1446 1168 αὑτοῦ
1465 1116 1627 1185 ἡμεῖς
1656 1129 1865 1184 συνειρ-

287 1210 575 1283 γασάμεθα
596 1200 809 1271 ἀσεϐὲς,
842 1206 956 1261 ἀλλ’
982 1207 1065 1260 ὅτι
1089 1204 1253 1258 αὑτοῦ
1284 1203 1622 1276 πράσσοντος
1646 1194 1864 1273 ἱστορή-

289 1321 482 1375 σαμεν.
520 1300 633 1373 καὶ
675 1298 867 1373 μέχρις
909 1302 998 1354 ὅτε
1029 1298 1242 1369 ἀϐλαϐῆ
1286 1298 1453 1352 ποιῶν
1485 1296 1861 1360 ἐπεδείκνυτο,

288 1391 661 1467 ἐτερπόμεθα·
688 1388 775 1447 ὅτε
801 1388 859 1446 δέ
889 1391 959 1446 τὰ
977 1384 1178 1462 μαγείᾳ
1210 1384 1316 1444 τινὶ
1347 1388 1623 1461 γινόμενα,
1653 1387 1863 1459 θεότητι

287 1490 462 1542 ποιεῖν
495 1487 635 1558 πρὸς
658 1485 877 1555 ἀπάτην
913 1482 1181 1537 θεοσεϐῶν
1214 1482 1421 1552 ἔλεγεν,
1458 1480 1559 1535 οὑκ
1591 1480 1670 1534 ἐτι
1699 1479 1863 1534 αὐτοῦ

287 1572 632 1648 ἠνεσχόμεθα
650 1615 666 1640 ,
725 1562 903 1629 καίτοι
950 1572 1122 1627 πολλὰ
1175 1568 1305 1643 ἡμῖν
1358 1566 1827 1642 ἐπαγγελλομένου
1846 1585 1858 1600 ⁸

287 1667 500 1739 πρῶτον
529 1666 627 1738 μὲν
671 1664 798 1722 ναὸν
840 1663 936 1719 καὶ
973 1664 1299 1736 ἀνδριάντας
1331 1662 1487 1734 ἡμῶν
1515 1679 1860 1717 κατασκευα-

289 1759 502 1830 σθῆναι,
537 1757 630 1812 καὶ
661 1757 815 1820 θεοὺς
836 1756 1156 1827 νομισθῆναι
1189 1755 1259 1822 ⁸ο,
1285 1755 1380 1809 καὶ
1406 1750 1511 1808 ὑπὸ
1534 1753 1796 1825 βασιλέων
1816 1752 1860 1785 ⁸¹

1967 568 2118 622 heret
2136 566 2427 636 imaginem
2447 564 2503 619 in
2525 561 2763 633 quadam
2785 562 3029 618 interimi
3051 566 3187 632 aede,
3203 566 3256 620 in
3280 581 3388 637 qua
3418 566 3537 638 ipse

1966 667 2183 728 caperet
2212 671 2494 712 somnum.
2522 652 2892 724 Quapropter,
2920 653 3178 710 damnata
3200 655 3322 726 ejus
3343 655 3537 727 impie-

1966 757 2092 812 tate,
2125 746 2492 802 abscessimus
2518 746 2588 800 ab
2606 758 2693 801 eo.

2036 836 2275 893 XXVIII.
2306 838 2352 871 τ’
2379 836 2506 893 Haec
2544 852 2671 893 cum
2710 836 2911 907 Aquila
2938 834 3188 901 dixisset,
3214 834 3383 893 frater
3413 837 3536 909 ejus

1964 930 2182 986 Nicetas
2208 948 2222 985 :
2249 928 2482 985 Necesse
2505 937 2610 993 est,
2637 926 2804 983 frater
2817 926 3094 994 Clemens,
3118 927 3316 998 inquit,
3352 944 3414 985 ea
3447 945 3536 985 me

1965 1036 2418 1089 commemorare,
2449 1037 2572 1093 quae
2603 1020 2675 1075 ab
2725 1020 2921 1091 Aquila
2964 1021 3330 1092 praetermissa
3382 1030 3530 1078 sunt.

1966 1113 2208 1168 Primum
2238 1113 2488 1183 equidem
2520 1111 2662 1167 Deus
2686 1110 2845 1167 testis
2860 1118 2965 1178 est,
2990 1126 3093 1167 nos
3118 1111 3171 1165 in
3195 1110 3347 1165 nullo
3373 1124 3538 1183 opere

1967 1206 2135 1277 impio
2165 1205 2442 1275 adjuvisse
2466 1219 2625 1269 eum;
2654 1202 2747 1258 sed
2779 1202 2872 1257 illo
2897 1200 3149 1267 faciente,
3175 1210 3384 1256 tantum
3415 1216 3539 1272 spe-

1962 1307 2163 1354 ctasse.
2189 1296 2255 1352 Et
2277 1297 2519 1368 quandiu
2546 1311 2712 1365 opera
2736 1296 2959 1351 innoxia
2990 1296 3204 1363 edebat,
3230 1295 3538 1350 delectaba--

1966 1407 2129 1446 mur:
2161 1390 2382 1461 quando
2412 1398 2595 1445 autem
2640 1403 2763 1459 qua:
2800 1404 2898 1460 per
2925 1390 3157 1458 magiam
3190 1389 3412 1455 ﬁebant,
3441 1403 3539 1458 per

1966 1481 2305 1536 divinitatem
2338 1495 2398 1536 se
2420 1479 2620 1548 facere,
2646 1482 2713 1535 ad
2730 1481 2851 1551 pios
2882 1480 3132 1535 homines
3163 1480 3534 1550 decipiendos,

1964 1573 2122 1639 dixit,
2144 1589 2253 1629 non
2270 1572 2506 1641 amplius
2529 1588 2652 1628 eum
2681 1573 2829 1643 passi
2860 1587 3076 1640 sumus,
3093 1573 3346 1642 quamvis
3366 1573 3535 1630 multa

1967 1666 2125 1721 nobis
2164 1666 2540 1736 promitteret;
2592 1665 2832 1735 primum
2865 1664 3111 1736 quidem,
3145 1663 3264 1718 fore
3308 1672 3370 1719 ut
3392 1672 3534 1718 tem-

1966 1758 2114 1827 plum
2156 1767 2211 1813 et
2241 1766 2435 1813 statuat
2459 1759 2620 1815 nobis
2657 1764 3092 1823 exstruerentur,
3137 1755 3323 1826 diique
3348 1756 3539 1813 existi-

284 1822 630 1920 δοξασθῆναι,
658 1850 751 1903 καὶ
781 1822 1065 1919 δημοσίων*
1094 1846 1270 1920 τιμῶν
1310 1822 1735 1918 καταξιωθῆναι,
1769 1842 1865 1900 καὶ

1969 1841 2287 1919 meremur;
2338 1852 2466 1906 item
2498 1850 2789 1921 a‘regibus
2840 1851 3318 1921 magniliearemur
3371 1860 3538 1920 atque

286 1942 562 2014 χρήμασιν
586 1934 990 2011 ἀπεριορίστοις
1016 1938 1339 2009 πλουτῆσαι.

359 2132 550 2188 XXlX.
581 2131 765 2185 Ταῦτά
799 2148 857 2184 τε
885 2130 979 2185 καὶ
1008 2130 1078 2184 τὰ
1100 2129 1309 2194 τούτοις
1336 2128 1558 2202 μείζονα
1586 2129 1871 2203 νομιζόμε-

289 2242 374 2291 να,
409 2227 542 2297 ήμῖν
587 2223 874 2294 ὑπέσχετο,
915 2223 1077 2294 μόνον
1116 2223 1203 2277 ἵνα
1240 2218 1493 2287 συνόντες
1514 2222 1662 2293 αὑτῷ
1685 2220 1747 2276 τὺ
1769 2223 1869 2295 τῆς

289 2318 653 2389 ἐγχειρήσεως
701 2314 870 2370 κακὸν
918 2315 1230 2386 σιωπῶμεν,
1280 2316 1429 2380 ὅπως
1473 2313 1622 2387 αὐτῷ
1656 2315 1725 2369 τὰ
1766 2315 1868 2386 τῆς

288 2408 504 2477 ἀπάτης
550 2405 855 2479 προκόπτῃ.
901 2403 1010 2459 Καὶ
1055 2405 1204 2475 ὅμως
1238 2404 1299 2457 οὑ
1333 2404 1692 2476 συνεθέμεθαδ
1732 2395 1868 2459 ἀλλά

289 2501 381 2553 καὶ
414 2497 580 2551 αὑτὸν
603 2495 705 2565 τῆς
720 2494 983 2565 ’τοιαύτης
1005 2494 1263 2558 ἀπονοίας
1288 2482 1598 2548 παύσασθαι
1624 2493 1868 2547 συνεϐου-

286 2589 578 2660 λεύσαμεν,
612 2586 859 2657 λέγοντες
880 2586 1029 2658 αὑτῷ
1047 2604 1061 2617 ·
1100 2585 1315 2640 Παῦσαι
1339 2585 1441 2656 τῆς
1463 2580 1719 2657 τοιαύτης
1741 2584 1864 2639 τόλ-

216 2686 221 2691 ’
293 2694 397 2753 μης
414 2698 429 2712 ο
456 2681 591 2744 Θεὸς
605 2676 746 2734 εἶναι
764 2680 826 2732 ού
841 2678 1084 2734 δύνασαι·
1113 2678 1379 2749 φοϐήθητι
1403 2677 1495 2733 τὸν
1517 2676 1689 2741 ὅντως
1708 2676 1862 2730 Θεόν·

290 2774 455 2844 γνῶθι
488 2775 571 2828 ὃτι
595 2772 882 2844 ἄνθρωπος
903 2767 973 2838 εἷ,
995 2772 1184 2825 καὶὸτι
1207 2786 1301 2825 σου
1331 2771 1525 2842 μικρός
1552 2771 1701 2824 ἐστιν
1720 2775 1749 2823 ὁ
1764 2768 1867 2841 τῆς

289 2865 433 2938 ζωῆς
456 2864 668 2936 χρόνος.
689 2862 807 2917 Κᾶν
828 2863 971 2935 μέγα
991 2861 1367 2935 πλουτήσῃς,ἢ
1396 2861 1490 2915 καὶ
1521 2859 1864 2934 βασιλεύσῃς,

286 2957 363 3033 τῷ
396 2956 578 3029 μικρῷ
605 2972 699 3010 σου
732 2955 907 3026 χρόνῳ
934 2955 1037 3026 τῆς
1068 2954 1213 3025 ζωῆς
1236 2952 1392 3022 ὀλίγα
1426 2952 1685 3023 τυγχάνει
1729 2951 1866 3023 πρὸς

288 3050 588 3104 ἀπόλαυσιν
605 3065 620 3080 ’
655 3050 752 3102 καὶ
781 3046 995 3110 ἀσεϐῶς
1019 3046 1259 3119 ζήσαντα
1286 3045 1481 3099 αίωνία
1521 3045 1744 3110 κόλασις
1769 3063 1866 3098 πε-

290 3138 516 3210 ριμένει.
554 3136 646 3191 Διὸ
681 3136 965 3207 φοϐεῖσθαι
1006 3135 1051 3170 ⁸⁸
1092 3137 1184 3191 τὸν
1222 3132 1353 3189 Θεὸν
1389 3135 1862 3208 συμϐουλεύομεν,

288 3227 377 3299 ὑφ’
395 3223 459 3283 οὗ
481 3228 739 3300 κριθῆναι
754 3226 867 3298 ἔχει
887 3228 922 3297 ή
946 3225 1179 3281 ἑκάστου
1197 3226 1345 3298 ψυχὴ
1378 3225 1507 3297 περὶ
1532 3218 1606 3280 ὧν
1632 3225 1866 3298 ἔπραξεν

290 3320 543 3375 ἐνταῦθα.

355 3412 526 3466 XXX.
582 3411 640 3465 Ὀ
677 3411 736 3465 δέ
765 3411 940 3465 ταῦτα
967 3410 1229 3476 ἀκούσας,
1270 3410 1546 3479 ἐγέλασεν.
1591 3409 1778 3482 Ἦμῶν
1808 3411 1866 3464 δὲ

288 3504 551 3557 εἰπόντων
570 3519 584 3534 ·
608 3502 673 3556 Τί
700 3502 809 3556 τῶν
835 3503 882 3534 ⁸⁸
901 3502 971 3556 τά
998 3518 1082 3554 σοι
1108 3499 1456 3573 συμφέροντα
1483 3500 1869 3572 συμϐουλευόν-

288 3611 394 3650 των
418 3594 761 3665 καταγελᾷςς
819 3594 1056 3657 ἐκεῖνος’
1097 3592 1246 3647 Γελῶ
1273 3592 1446 3664 ὑμῶν,
1475 3590 1599 3663 ἔφη,
1630 3591 1730 3663 τὴν
1758 3592 1868 3663 μωὲ

294 3689 390 3758 ράν
419 3686 708 3755 ὑπόληψιν,
737 3686 829 3739 ὅτι
857 3684 1143 3738 πιστεύετε
1176 3684 1441 3739 ἀθάνατον
1468 3679 1609 3738 εἶναι
1651 3684 1748 3756 τὴν
1772 3684 1866 3737 τοῦ

289 3777 582 3849 ἀνθρώπου
626 3776 821 3848 ψυχήν.
868 3770 1041 3846 Κάγὼ
1082 3777 1247 3847 ἔφην⁸
1293 3777 1368 3831 Οὐ
1413 3775 1783 3848 θαυμάζομεν,
1823 3771 1869 3830 ὧ

292 3870 487 3939 Σίμων,
559 3869 606 3920 εί
649 3869 864 3939 ἀπατᾷν
903 3869 1051 3938 ἡμᾶς
1090 3861 1407 3938 ἐπιχειρεῖς,
1438 3868 1551 3920 ἀλλ’
1574 3865 1869 3939 ἐκπληττό-

294 3959 431 4029 μεθα
458 3959 505 3991 ’δ
519 3959 624 4013 τίνι
644 3958 787 4029 λόγῳ
806 3959 903 4012 καὶ
918 3954 1145 4011 σεαυτὸν
1170 3958 1405 4028 ἀπατᾷς.
1433 3952 1572 4027 Λέγε
1590 3952 1683 4011 οὖν
1712 3959 1863 4029 ἡμῖν,

290 4043 335 4103 ὧ
357 4050 539 4121 Σίμων
558 4090 573 4114 ,
602 4051 651 4102 ει
685 4050 781 4104 καὶ
807 4050 916 4103 τῶν
956 4050 1129 4104 ἄλλων
1168 4048 1346 4112 οὐδεὶς
1386 4048 1867 4121 πεπληροφόρηται

294 4140 561 4195 ἀθάνατον
593 4136 730 4193 εἶναι
752 4139 851 4213 τὴν
872 4140 1071 4212 ψυχὴν,
1107 4138 1220 4193 ἀλλ’
1243 4133 1337 4192 οὖν
1359 4156 1423 4209 γε
1456 4140 1522 4193 σὺ
1549 4140 1645 4193 καὶ
1671 4141 1864 4211 ὴμεῑς;

294 4235 358 4287 σὺ
396 4234 516 4304 μὲν,
544 4232 620 4296 ὼς
645 4230 984 4303 ἀνθρωπείου
1019 4231 1268 4303 σώματος
1298 4231 1538 4303 χωρίσας
1561 4232 1751 4303 αὐτὴν,
1774 4230 1867 4286 καὶ

293 4322 703 4396 προσομιλήσας
726 4323 821 4377 καὶ
844 4322 1105 4389 ἐπιτάξας
1128 4336 1141 4355 δ
1172 4326 1330 4395 ήμεῐς
1354 4321 1432 4386 δὲ,
1457 4323 1534 4387 ὡς
1549 4340 1612 4377 συ
1621 4318 1866 4394 μπαρόν-

292 4430 403 4479 τες,
438 4415 534 4467 καὶ
554 4414 653 4484 τὴν
680 4413 947 4485 ἐπιταγὴν
968 4413 1320 4479 ἀκούσαντες,
1343 4416 1437 4467 καὶ
1461 4413 1521 4466 τὸ
1542 4413 1794 4467 κελευθὲν
1820 4414 1867 4448 ⁸⁸

1966 1945 2300 1999 douaremur
2336 1944 2929 2014 publicis.honoribus;
2962 1959 3062 2000 nec
3105 1961 3213 2000 non
3248 1943 3457 2000 infinita
3484 1943 3536 1996 vi

1967 2037 2211 2107 pecunia:
2239 2037 2653 2093 ditesceremus.

2036 2124 2230 2184 XXIX.
2271 2125 2419 2195 Haec,
2444 2138 2500 2184 et
2524 2128 2631 2184 alia
2676 2144 2801 2199 quae
2827 2139 3090 2200 putantur
3116 2129 3345 2202 majora,
3377 2131 3538 2188 nobis

1967 2221 2348 2290 pollicebatur,
2367 2222 2531 2277 modo
2555 2232 2617 2277 ut
2641 2238 2766 2278 cum
2791 2238 2857 2277 co
2884 2224 3150 2288 viventes,
3172 2240 3399 2293 pravum
3418 2226 3538 2297 ejus

1969 2312 2230 2367 molimen
2262 2323 2591 2379 taceremus,
2623 2330 2738 2384 quo
2754 2313 2908 2369 fraus
2943 2316 2992 2369 ei
3020 2316 3356 2372 succederet.
3383 2317 3539 2372 Atta-

1968 2420 2092 2460 men
2123 2406 2334 2462 assensi
2370 2421 2476 2461 uon
2515 2422 2710 2463 sumus
2738 2426 2751 2461 :
2785 2407 3037 2477 quiuimo
3064 2408 3354 2462 consilium
3386 2409 3541 2464 dedi-

1968 2513 2113 2561 mus,
2139 2505 2199 2552 ut
2234 2497 2303 2552 ab
2344 2498 2445 2553 ista
2482 2497 2737 2553 vecordia
2785 2499 3107 2565 desisteret;
3150 2499 3393 2558 dicentes
3422 2502 3471 2557 ei
3517 2515 3532 2553 :

1967 2589 2135 2646 Cessa
2162 2589 2231 2644 ab
2257 2589 2577 2658 hujusmodi
2597 2589 2791 2643 audaci
2822 2588 3087 2646 facinore.
3109 2589 3254 2647 Deus
3282 2606 3403 2647 esse
3425 2608 3536 2649 non

1966 2687 2124 2752 potes
2160 2701 2173 2737 :
2217 2682 2349 2736 time
2379 2693 2503 2736 eum
2530 2680 2624 2751 q'ui
2657 2696 2785 2736 vere
2833 2679 2978 2735 Deus
3015 2692 3130 2749 est;
3164 2698 3435 2753 cognosce
3488 2692 3540 2741 te

1966 2787 2088 2827 esse
2136 2772 2448 2839 hominem,
2495 2772 2767 2840 breveque
2804 2786 2928 2827 esse
2965 2780 3181 2843 tempus
3231 2775 3353 2829 vita:
3408 2784 3536 2830 tum.

1966 2862 2294 2935 Quanquam
2333 2865 2625 2919 admodum
2655 2865 2925 2934 locuples,
2949 2866 3033 2920 vel
3076 2866 3243 2920 etiam
3287 2881 3541 2922 rex'eva—

1969 2956 2109 3010 seris
2137 2996 2154 3023 ,
2187 2956 2384 3026 exiguo
2435 2955 2559 3010 vitae
2589 2966 2694 3011 tua:
2724 2956 2904 3024 spatio
2942 2971 3111 3025 pauca
3162 2966 3292 3012 sunt
3337 2959 3538 3029 quibus

1970 3046 2214 3102 frueris:
2255 3055 2311 3101 et
2358 3047 2629 3101 viventem
2658 3047 2844 3117 impie,
2875 3055 3077 3102 αξιοι-ηε
3123 3058 3285 3118 pinna
3331 3060 3537 3107 manet.

1970 3142 2152 3208 Quare
2174 3147 2426 3195 auctores
2451 3144 2685 3208 sumus,’
2710 3140 2877 3194 Deum
2907 3141 3171 3205 verearis,
3205 3158 3234 3195 a
3262 3158 3373 3212 quo
3391 3142 3538 3213 judi-

1970 3233 2080 3288 cari
2129 3231 2289 3288 debet
2329 3230 2767 3300 uniuscujusque
2795 3232 3000 3297 anima,
3032 3245 3132 3301 pro
3163 3232 3229 3286 iis
3281 3248 3404 3302 qua:
3449 3235 3540 3289 hic

1968 3332 2205 3467 geXXX.
2239 3410 2364 3467 Hazc
2409 3411 2499 3467 ille
2547 3410 2799 3472 audiens,
2856 3409 2999 3465 risit.
3048 3401 3296 3478 Cumque
3331 3411 3541 3468 dicere-

1968 3520 2090 3561 mus
2114 3522 2127 3557 :
2161 3502 2273 3560 Cur
2300 3518 2395 3559 eos
2421 3502 2640 3565 irrides,
2666 3503 2761 3572 qui
2796 3502 2894 3556 tibi
2915 3501 3069 3555 utilia
3098 3500 3370 3556 suadent?
3392 3502 3489 3556 Ille
3516 3520 3531 3559 :

1969 3594 2163 3662 Rideo,
2209 3598 2418 3666 inquit,
2466 3596 2690 3651 stultam
2721 3594 3035 3665 opinionem
3083 3602 3345 3657 vestram,
3391 3594 3539 3665 quod

1969 3692 2191 3747 creditis
2224 3689 2586 3745 immortalem
2614 3703 2738 3744 esse
2768 3686 3008 3741 hominis
3035 3686 3297 3741 animam.
3326 3686 3393 3741 Et
3439 3702 3541 3760 ego

1970 3784 2224 3855 respondi
2260 3799 2275 3836 :
2307 3779 2426 3837 Non
2474 3783 2763 3845 miramur,
2794 3795 2827 3835 o
2858 3779 3071 3847 Simon,
3117 3779 3162 3835 si
3200 3778 3389 3836 fallere
3429 3794 3532 3838 nos

1968 3879 2206 3937 conaris.
2253 3878 2344 3929 sed
2374 3874 2839 3942 obstupescimus,
2891 3887 2999 3942 qua
3036 3872 3250 3927 ratione
3276 3873 3445 3927 etiam
3479 3881 3536 3930 te

1970 3970 2084 4038 ipse
2111 3965 2371 4034 decipias.
2404 3963 2581 4019 Eﬂare
2603 3964 2769 4034 igitur
2792 3963 2973 4029 nobis,
3009 3960 3232 4027 Simon;
3266 3962 3388 4018 licet
3411 3964 3542 4018 alio-

1971 4076 2088 4113 rum
2130 4073 2291 4112 nemo
2326 4068 2667 4128 compertum
2706 4057 2956 4125 haberet,
2995 4058 3235 4113 animam
3277 4072 3400 4113 esse
3434 4058 3540 4111 im-

1970 4149 2288 4215 mortalem;
2340 4158 2399 4203 tu
2441 4159 2623 4203 tamen
2650 4157 2704 4202 et
2729 4162 2831 4203 nos
2856 4148 3123 4204 habemus
3152 4162 3165 4199 :
3201 4157 3255 4202 tu
3288 4148 3535 4217 quidem.

1971 4249 2030 4293 ut
2057 4240 2151 4309 qui
2176 4254 2297 4294 eam
2322 4254 2353 4294 a
2390 4255 2621 4310 corpore
2656 4242 2899 4293 humano
2923 4238 3213 4304 diremisti,
3251 4238 3345 4308 qui
3375 4238 3540 4292 collo-

1968 4340 2132 4387 cutus
2160 4346 2241 4397 es,
2268 4331 2363 4401 qui
2394 4330 2708 4399 imperasti:
2732 4345 2834 4385 nos
2858 4345 3011 4395 vero,
3030 4339 3091 4384 ut
3117 4330 3211 4399 qui
3239 4328 3538 4395 adfuimus,

1968 4433 2024 4480 et
2069 4423 2362 4493 imperium
2396 4421 2729 4488 audivimus,
2760 4429 2816 4475 et
2849 4421 2994 4490 quod
3040 4421 3255 4492 jussum
3284 4430 3369 4476 est
3394 4420 3539 4475 vidi-

293 4504 540 4576 ἐναργῶς
562 4505 961 4576 ἱστορήσαντες.
980 4505 1089 4559 Καὶ
1112 4505 1142 4557 ὑ
1167 4504 1366 4576 Σίμων’
1398 4502 1538 4573 Ἐγὼ
1564 4504 1662 4575 μὲν
1684 4499 1800 4558 οἶδα
1825 4523 1865 4561 τι

1980 4530 2103 4573 mus
2145 4515 2309 4571 clare.
2340 4515 2419 4567 Ad
2447 4514 2561 4570 haec
2603 4512 2795 4569 Simon
2828 4531 2843 4569 :
2873 4511 2988 4584 Ego
3018 4512 3239 4583 quidem
3266 4512 3381 4567 scio
3407 4513 3539 4583 quid

293 4594 480 4663 λέγετε
500 4610 513 4623 ·
544 4593 704 4664 ὑμεῖς
726 4594 783 4647 δὲ
809 4594 909 4647 οὐκ
940 4593 1117 4647 οῐδατε
1144 4594 1271 4664 περὶ
1293 4592 1436 4656 τίνος
1461 4592 1508 4624 ⁸⁸
1532 4593 1864 4663 διαλέγεσθε.

295 4686 405 4739 Καὶ
437 4684 549 4754 ἐγὼ
586 4685 831 4756 Νικήτης
856 4684 989 4757 ἔφην
1011 4700 1025 4715 ο
1073 4680 1222 4738 Ἐπεὶ
1242 4679 1406 4748 οἶδας,
1440 4682 1564 4753 λέγε
1582 4701 1595 4714 ·
1624 4686 1673 4737 ει
1711 4685 1767 4739 δὲ
1793 4688 1867 4759 μὴ

290 4770 462 4841 οἶδας,
496 4777 571 4849 μὴ
596 4776 739 4830 δόκει
764 4777 910 4847 ἡμᾶς
934 4776 1011 4847 τῷ
1032 4776 1211 4844 λέγειν
1238 4772 1298 4828 σὲ
1345 4774 1442 4846 μὲν
1468 4773 1687 4841 εἰδέναι,
1721 4773 1868 4847 ἡμᾶς

293 4871 350 4924 δὲ
376 4871 475 4941 μή,
490 4869 801 4924 ἀπατᾶσθαι
821 4869 1096 4924 δύνασθαι.
1114 4868 1189 4923 Οὐ
1200 4868 1309 4939 γάρ
1328 4869 1491 4939 ἐσμεν
1511 4867 1651 4921 οὕτω
1665 4869 1867 4940 νήπιοι,

295 4964 385 5015 ἶνα
406 4960 713 5034 πανοῦργον
738 4962 1029 5036 ἐνσπείρῃς
1052 4964 1185 5032 ἡμῖν
1206 4958 1463 5030 ὑποψίαν,
1493 4962 1587 5015 καὶ
1611 4961 1688 5033 τῷ
1710 4961 1755 4994 ⁸⁸⁷
1782 4980 1870 5017 νο-

298 5054 476 5124 μίζειν
514 5054 575 5107 σέ
610 5071 664 5107 τι
686 5054 793 5108 τῶν
835 5055 1159 5127 ἀπορρήτων
1199 5049 1414 5117 εἰδέναι,
1440 5052 1486 5085 ⁸⁸
1527 5050 1869 5126 ὑποχειρίους

294 5144 466 5220 λάϐῃς
487 5144 552 5199 ⁸⁸.

362 5275 559 5331 XXXI.
587 5276 698 5330 Καὶ
727 5279 756 5331 ό
787 5275 967 5348 Σίμων
999 5276 1132 5348 ἔφη·
1165 5277 1287 5330 Ὅτι
1318 5274 1415 5347 μὲν
1436 5272 1674 5345 ἐχώρισα
1694 5274 1872 5347 ψυχὴν

295 5364 633 5442 ἀνθρωπείου
667 5367 939 5441 σώματος,
988 5364 1105 5423 οἶδα
1157 5366 1301 5440 ὑμᾶς
1321 5363 1555 5431 εἰδόταςσ
1587 5367 1670 5420 ὅτι
1695 5364 1751 5420 δὲ
1774 5367 1871 5438 οὑχ

1976 4607 2205 4673 dicatis;
2232 4622 2327 4662 vos
2351 4616 2531 4661 autem
2556 4606 2779 4662 nescitis
2807 4620 2915 4676 qua
2944 4607 3012 4660 de
3035 4619 3094 4660 re
3119 4603 3439 4675 loquamini.
3463 4604 3541 4659 Ac

1973 4714 2075 4771 ego
2110 4698 2323 4753 Nicctas
2369 4698 2524 4753 dixi:
2565 4697 3026 4768 Quandoquidem
3074 4697 3206 4764 scis,
3250 4696 3534 4751 edissere:

1974 4789 2119 4861 quod
2145 4790 2191 4846 si
2222 4792 2460 4855 nescias,
2480 4806 2547 4846 ne
2568 4789 2853 4845 existimes
2874 4789 3049 4859 decipi
3079 4803 3179 4844 nos
3206 4800 3390 4858 posse,
3407 4787 3538 4841 dum

1975 4882 2077 4947 ais,
2109 4890 2163 4937 te
2188 4882 2409 4953 quidem
2455 4882 2618 4945 scire,
2648 4896 2752 4938 nos
2775 4894 2955 4937 autem
2995 4894 3360 4951 nequaquam.
3388 4878 3537 4933 Adeo

1975 4973 2121 5028 enim
2149 4974 2331 5030 stolidi
2364 4990 2470 5029 non
2509 4989 2701 5029 sumus
2725 5016 2740 5036 .
2771 4981 2830 5028 ut
2861 4973 3021 5028 nobis
3074 4970 3282 5027 vafram
3327 4971 3538 5025 inseras

1974 5069 2381 5137 suspicionem;
2420 5068 2742 5138 redigasque
2778 5083 2878 5123 nos
2908 5068 2961 5122 iu
3008 5075 3157 5122 tuam
3194 5073 3535 5135 potestatem,

1976 5162 2351 5218 existimantes
2372 5163 2574 5232 aliquid
2599 5162 2953 5217 inell‘abilium
2983 5160 3241 5230 cognosci
3272 5174 3303 5213 a
3335 5167 3407 5214 te.

2050 5273 2241 5329 XXXI.
2282 5273 2579 5346 Respondit
2628 5274 2850 5329 Simon:
2884 5273 3037 5340 Quod
3082 5272 3298 5343 quidem
3330 5268 3541 5338 disjun-

1978 5369 2149 5420 xerim
2181 5369 2418 5423 animam
2453 5370 2521 5423 ab
2545 5370 2783 5423 humano
2809 5381 3056 5436 corpore,
3085 5364 3209 5421 novi
3234 5380 3329 5420 vos
3362 5361 3537 5418 scire:

1570 5478 1805 5535 VARI/E
1846 5477 2243 5535 LEGTIONES.

358 5582 407 5615 "
449 5578 706 5647 Clement.
739 5580 888 5633 hom.
916 5593 978 5641 ιι,
1003 5594 1051 5634 c.
1079 5578 1171 5643 2'7,
1195 5588 1298 5634 etc.
1375 5575 1422 5610 ⁸ο
1448 5578 1518 5632 al.
1549 5577 1715 5649 inser.
1750 5576 1843 5649 καὶ
1868 5574 1975 5649 ὑπὸ
1996 5576 2166 5645 ὄχλων
2198 5578 2655 5649 προσκυνηθῆναι.
2699 5647 2711 5649 _
2735 5576 2778 5608 ⁸³
2806 5576 2876 5649 al.
2909 5575 3191 5645 βασιλέως.
3228 5574 3541 5649 Paulopost

302 5646 521 5718 μείζονα
555 5654 712 5705 abest
740 5665 767 5703 ο
790 5650 1004 5719 duobus
1031 5651 1329 5719 mss.Go1‘.
1404 5649 1448 5719 ξδ’
1486 5650 1554 5703 al.
1598 5646 1888 5719 φοϐεῖσθαί
1901 5663 1980 5697 σοι
2014 5657 2172 5719 etes.
2245 5646 2298 5679 ⁷⁸³
2331 5649 2399 5701 al.
2440 5647 2617 5719 ἡμῶν.
2660 5647 2746 5719 4⁸⁵
2775 5648 2844 5719 al.
2872 5648 3314 5719 ἐκπεπλήγμεθα,
3396 5646 3440 5719 ll"
3464 5648 3535 5702 al.

299 5712 608 5773 ἱεελέυσθέν.
687 5722 733 5791 δέ
767 5720 841 5791 al.
878 5718 1056 5791 τίνων.
1136 5718 1180 5752 ⁸*
1215 5720 1283 5774 al.
1339 5712 1452 5773 τοῦ.
1491 5721 1561 5775 al.
1604 5712 1667 5771 ἐκ
1699 5716 1813 5771 τοῦ.
1852 5716 1983 5774 COT.
2063 5717 2107 5748 ⁸⁸
2128 5719 2197 5772 al.
2231 5712 2597 5787 praeponi-xui.
2626 5716 2795 5779 οὕτως
2832 5712 3536 5791 ἐπιθυμῑα”>ξολαζομένους

295 5792 461 5860 ἡμᾶς.
542 5792 592 5825 ⁸⁵
620 5792 687 5845 al.
714 5789 895 5844 λαϐὼν
928 5790 1057 5864 ἔχῃς
