4048 6146
517 345 622 403 ωδ

1362 341 1421 397 s.
1459 337 1904 397 CLEMENTlS-l
1938 337 2104 396 non.
2145 336 2346 394 rom.
2385 299 2616 396 οΡΕιιΑ
2645 339 2876 397 ouem.

3654 341 3764 395 496

517 471 660 541 quod
704 485 836 526 vero
884 485 993 525 non
1017 468 1200 524 anima
1238 465 1483 522 defuncti
1527 466 1822 533 ministret,
1869 464 1964 522 sed
1987 463 2084 520 ali-

2191 463 2225 533 ἠ
2255 462 2350 515 τοῦ
2399 460 2694 525 τεθνεῶτος
2733 460 2878 532 ψυχὴ
2943 461 3228 528 ὑπουργεῖ,
3263 458 3400 513 ἀλλὰ
3439 458 3648 529 δαίμων
3678 477 3768 526 τις

513 564 640 634 quis
667 563 901 631 daemon,
955 563 1052 632 qui
1090 577 1150 618 se
1202 561 1442 617 animam
1482 575 1604 616 esse
1657 559 1902 623 simulat,
1957 558 2084 614 novi

513 670 613 710 vos
644 656 915 724 ignorare.
951 654 1016 710 Et
1048 670 1150 727 ego
1176 654 1395 710 Nicetas
1433 653 1620 722 excepi
1646 671 1659 706 :
1695 650 1753 706 In
1785 652 1891 706 vita
1913 652 2084 705 multa

516 748 855 804 incredibilia
884 747 1194 804 audivimus
1221 766 1232 802 :
1261 749 1364 802 hoc
1393 756 1572 801 tamen
1612 757 1864 800 sermone
1894 758 2083 798 amen-

514 839 706 894 tiorem
732 853 831 892 nos
857 851 1099 907 unquam
1124 837 1410 892 audituros
1439 851 1548 891 non
1571 835 1928 906 speravimus.
1947 832 2080 889 Nam

514 931 558 985 si
595 931 807 984 daemon
842 929 994 999 ﬁngit
1039 944 1100 985 se
1142 929 1376 984 animam
1422 928 1624 983 mortui
1667 942 1810 995 esse,
1861 926 2083 997 quinam

514 1029 631 1076 erat
652 1020 850 1074 animaa
881 1035 1037 1086 usus,
1068 1027 1181 1074 uta
1206 1034 1441 1090 corpore
1486 1019 1865 1090 separaretur?
1892 1017 2086 1074 Nonne

514 1111 617 1180 ipsi
657 1119 953 1180 praesentes
1002 1112 1315 1168 audivimus
1365 1121 1437 1178 te,
1477 1128 1601 1167 eum
1635 1111 1874 1166 animam
1901 1127 1932 1167 e
1959 1127 2083 1167 cor-

513 1215 644 1270 pore
673 1200 978 1271 adjurando
1015 1202 1309 1258 evocares?
1342 1201 1409 1258 Et
1432 1217 1539 1272 qua
1567 1202 1806 1266 ratione,
1847 1218 1959 1257 uno
1983 1203 2082 1258 ad-

507 1293 712 1363 jurato,
733 1292 880 1352 alter
914 1308 1022 1348 non
1069 1293 1378 1364 adjuratus,
1430 1299 1688 1364 tanquam
1714 1293 1921 1349 veritus
1955 1293 2085 1348 obe-

510 1382 623 1437 dit?
652 1381 843 1438 Nonne
891 1385 1056 1438 etiam
1113 1393 1168 1438 tu
1202 1385 1500 1455 aliquando
1550 1398 1581 1438 a
1629 1385 1788 1440 nobis
1839 1394 2082 1454 rogatus,

510 1490 676 1546 quam
707 1474 778 1530 ob
804 1491 1024 1531 causam
1084 1476 1356 1534 interdum
1392 1485 1673 1532 cessarent
1719 1476 2081 1542 assessiones,

509 1568 836 1640 respondisti
873 1567 1052 1637 :Quia
1100 1569 1306 1634 anima,
1350 1569 1618 1639 completo
1666 1584 1832 1640 super
1883 1578 2080 1624 terram

510 1669 754 1732 tempore
811 1659 957 1732 quod
1008 1660 1063 1716 in
1100 1675 1329 1732 corpore
1384 1670 1670 1731 peractura
1709 1669 1866 1724 erat,
1899 1661 1965 1716 ad
1999 1661 2084 1715 in-

513 1751 658 1808 feros
688 1752 878 1808 vadit:
934 1768 999 1808 ac
1049 1753 1406 1823 subjunxisti,
1443 1753 1659 1810 animas
1709 1769 1925 1821 eorum,
1987 1754 2082 1824 qui

511 1847 730 1916 propria
787 1854 963 1902 morte
1004 1846 1279 1912 obierunt,
1332 1846 1594 1917 quoniam
1631 1845 1686 1900 in
1719 1845 1909 1902 inferis
1957 1846 2084 1901 hinc

511 1938 824 1994 secedentes
863 1939 1268 2001 custodiuntur,
1309 1954 1433 1994 non
1494 1938 1653 1995 facile
1705 1939 1940 2010 permitti
1992 1953 2084 1994 ve-

513 2030 663 2084 nire?

583 2121 800 2177 XXXII.
852 2122 978 2179 Haec
1013 2122 1232 2179 Nicetas
1300 2140 1426 2181 cum
1473 2124 1831 2195 protulisset,
1887 2124 2084 2194 Aquila

513 2215 712 2270 iterum
745 2214 922 2269 dixit:
968 2215 1234 2286 Cuperem
1281 2230 1316 2269 a
1345 2224 1394 2270 te
1420 2215 1474 2271 id
1504 2231 1673 2270 unum
1717 2215 1945 2282 discere,
1999 2217 2086 2272 Si-

512 2320 674 2372 mon;
701 2304 818 2362 sive
843 2305 1026 2361 anima
1053 2307 1144 2374 sit,
1177 2305 1293 2362 sive
1341 2307 1576 2373 daemon,
1601 2306 1652 2362 id
1682 2306 1828 2376 quod
1875 2306 2088 2376 adjura-

509 2404 634 2463 tur;
661 2396 948 2466 cujusnam
979 2395 1198 2452 tandem
1222 2404 1392 2463 metu,
1417 2396 1787 2467 adjurationes
1822 2413 1929 2451 non
1954 2413 2086 2452 con-

512 2487 744 2542 temnit?
773 2485 838 2542 Et
867 2484 1059 2542 Simon
1090 2504 1104 2541 :
1164 2483 1386 2554 Poenas,
1446 2487 1645 2557 inquit,
1687 2487 2084 2556 persoluturam

511 2594 573 2636 se
603 2579 858 2649 intelligit
885 2578 1154 2644 anima,si
1186 2593 1295 2635 non
1320 2580 1674 2650 obtemperet.
1701 2580 1894 2650 Aquila
1922 2595 2080 2636 vero:

511 2670 701 2742 Itaque
747 2672 793 2727 si
843 2672 1027 2726 anima
1072 2671 1323 2743 adjurata
1365 2673 1537 2738 venit,
1611 2672 1774 2727 etiam
1817 2671 2082 2742 judicium

511 2764 623 2819 ﬁet.
661 2762 717 2818 Si
743 2778 874 2834 ergo
923 2765 1120 2819 anima:
1171 2771 1302 2819 sunt
1353 2764 1711 2831 immortales,
1761 2763 1988 2820 omnino
2033 2775 2089 2820 et

507 2854 774 2922 judicium
823 2853 948 2908 erit.
1001 2851 1372 2920 Quamobrem
1418 2854 1464 2910 si
1485 2869 1581 2909 eos
1641 2869 1856 2924 quoque
1905 2855 1998 2924 qui
2030 2857 2093 2930 in_

508 2945 714 3000 malam
737 2945 1005 3002 actionem
1042 2953 1172 3000 sunt
1197 2945 1454 3016 adjurati,
1486 2954 1710 3016 tumque
1729 2959 1836 3000 non
1873 2946 2084 3001 obtem-

512 3046 792 3108 perarunt,
837 3037 1286 3093 condemnandos
1335 3036 1459 3104 ais;
1515 3051 1625 3106 quo
1671 3037 1836 3093 modo
1885 3045 1941 3092 tu
1975 3053 2082 3092 non

513 3127 764 3195 timuisti,
812 3142 911 3184 eos
967 3142 1161 3198 cogere
1185 3167 1202 3192 ,
1255 3142 1380 3183 cum
1419 3127 1515 3198 qui
1549 3136 1837 3199 coguntur,
1865 3137 2084 3200 propter

513 3314 831 3370 mn'ctatum
866 3326 964 3382 pro
995 3311 1064 3366 iis
1097 3325 1220 3381 qua:
1241 3309 1560 3383 designasti,
1600 3313 1798 3367 mirum
1831 3326 1938 3367 non
1962 3320 2084 3366 est:

511 3420 636 3460 eum
655 3403 922 3474 judicium
950 3401 1193 3457 nondum
1217 3401 1308 3470 sit,
1334 3411 1394 3457 ut
1423 3410 1482 3458 tu
1511 3401 1729 3471 quidem
1761 3417 1952 3473 poenas
1991 3403 2086 3458 des

511 3512 701 3551 eorum
729 3495 796 3550 ad
825 3510 947 3565 qua:
975 3492 1238 3564 coegisti;
1269 3494 1417 3564 quod
1468 3503 1651 3550 autem
1682 3506 1933 3551 coactum
1977 3503 2084 3560 est,

511 3591 725 3646 veniam
755 3592 1011 3664 accipiat,
1049 3592 1178 3662 quia
1216 3593 1360 3648 malo
1389 3591 1619 3650 facinori
1649 3592 2085 3662 adjuramentum

512 3683 832 3752 praetulerit.
903 3684 1094 3738 Simon
1167 3691 1376 3752 autem,
1409 3683 1498 3739 his
1551 3684 1784 3750 auditis,
1837 3684 1918 3739 ira
1972 3699 2091 3755 per-

513 3774 692 3840 citus,
741 3783 1012 3844 mortem,
1062 3774 1173 3832 nisi
1247 3784 1591 3843 taceremus,
1637 3775 1795 3832 nobis
1847 3775 2088 3833 minatus

512 3874 616 3919 σει.

585 3952 828 4008 XXXIII.
879 3953 1178 4025 Postquam
1209 3956 1404 4025 Aquila
1467 3957 1582 4012 haec
1621 3956 1778 4024 dixit,
1839 3971 1940 4027 ego
1967 3954 2088 4011 Cle-

516 4062 674 4101 mens
720 4045 1075 4118 interrogavi,
1136 4063 1388 4118 quaenam
1437 4060 1622 4105 essent
1659 4049 1919 4104 miracula
1965 4064 2090 4119 qua:

515 4138 734 4193 faceret.
762 4137 840 4192 Illi
889 4153 1018 4194 vero
1068 4139 1582 4209 responderunt:”
1629 4140 1783 4195 Facit
1807 4149 1868 4196 ut
1895 4149 2088 4196 statua:

515 4227 816 4290 ambulent,
842 4229 898 4283 in
925 4229 1048 4300 igne
1078 4230 1330 4286 volutans
1349 4245 1426 4295 se,
1452 4245 1560 4284 non
1591 4232 1787 4299 uritur,
1816 4232 2083 4288 interdum

515 4319 682 4383 volat,
705 4334 772 4374 ex
797 4320 1070 4391 lapidibus
1097 4337 1267 4392 panes
1312 4321 1460 4385 facit,
1524 4337 1748 4394 serpens
1792 4325 1883 4392 lit,
1916 4325 1969 4379 in
1996 4342 2087 4380 ca-

2187 553 2611 625 ὑποκρινόμενος
2636 553 2682 586 ⁹⁶
2706 547 2845 606 εἷναι
2871 551 3016 624 ψυχὴ
3064 553 3127 619 δι,
3183 547 3299 604 οἶδα
3330 553 3473 621 ὑμᾶς
3505 553 3767 620 ἀγνοοῦν-

2184 661 2308 709 τας·
2372 646 2482 698 Kal.
2524 643 2638 714 ἐγὼ
2678 645 2926 714 Νικήτης
2969 643 3141 714 ἔφην·
3205 642 3384 696 Πολλὰ
3429 644 3488 696 ὲν
3530 643 3609 713 τῷ
3662 645 3768 718 βίῳ

2185 735 2499 807 ἠκούσαμεν
2517 737 2723 791 ἄπιστα
2741 752 2755 766 ·
2781 735 2875 788 τοῦ
2892 735 2946 788 δὲ
2963 734 3200 803 τοωύτου
3225 734 3383 803 λόγου
3413 736 3769 808 ἀνοητότερον

2184 827 2246 880 οὐ
2272 827 2750 900 προσεδοκήσαμεν
2790 826 3023 882 ἀκοῦσαί
3071 844 3222 880 ποτε.
3268 828 3330 880 Ei
3385 826 3495 898 γὰρ
3549 827 3762 898 δαίμων

2187 923 2599 994 ὑποκρίνεταιὴ
2635 921 2730 976 τοῦ
2781 919 3076 983 τεθνεῶτος
3119 915 3260 972 εἶναι
3312 917 3480 991 ψυχὴ,
3527 919 3612 982 τίς
3653 921 3766 990 ἄρα
3829 937 3836 942 ·

2183 1015 2284 1085 τῆς
2338 1012 2517 1085 ψυχῆς
2549 1013 2729 1085 χρεία,
2780 1013 2875 1066 τοῦ
2933 1011 3271 1084 χωρισθῆναι
3335 1009 3428 1064 τοῦ
3482 1009 3759 1080 σώματος

2185 1107 2300 1160 Οὐκ
2325 1107 2478 1160 αὐτοὶ
2515 1107 2572 1160 δὲ
2613 1106 2881 1178 παρόντες
2919 1104 3233 1176 ἠκούσαμέν
3273 1121 3388 1166 σου,
3414 1103 3508 1156 τοῦ
3533 1106 3765 1174 σκήνους

2185 1197 2282 1269 τὴν
2309 1197 2487 1269 ψυχὴν
2532 1197 2938 1270 ὲξορκίζοντοςς
2980 1196 3099 1260 πῶς
3130 1196 3188 1250 δὲ
3234 1196 3327 1250 καὶ
3371 1194 3527 1250 ἄλλον
3549 1194 3764 1266 ὁρκιζο-

2189 1290 2373 1361 μένου,
2410 1291 2597 1362 ἕτερος
2638 1290 2712 1362 μὴ
2743 1291 2790 1322 ⁸³
2842 1290 3137 1361 ὀρκισθεὶς,
3188 1288 3264 1353 ὡς
3311 1288 3587 1368 φοϐηθεὶς,
3617 1290 3762 1341 ὐπα-

2185 1383 2372 1449 κούει;
2433 1384 2548 1437 Οὐκ
2596 1375 2703 1455 ἄρα
2747 1382 2803 1436 δὲ
2847 1382 2941 1436 καὶ
2987 1381 3151 1445 αὐτὸς
3201 1380 3585 1450 ὲξεταζόμενός
3630 1397 3768 1434 ποτε

2186 1476 2323 1547 πρὸς
2369 1475 2526 1547 ἡμῶν
2546 1515 2561 1538 ,
2619 1475 2764 1539 τίνος
2825 1475 2986 1545 χάριν
3033 1474 3206 1528 ὲνίοτε
3263 1474 3358 1527 καὶ
3399 1475 3659 1527 παύονται
3703 1476 3762 1527 αἱ

2186 1567 2548 1638 προσεδρεῖαι,
2581 1566 2827 1638 εἴρηκας,
2863 1567 2945 1619 ὅτι
3146 1562 3480 1637 πληρώσασα
3507 1565 3598 1618 τὸν
3621 1564 3762 1638 ὑπὲρ

2186 1661 2288 1732 γῆς
2337 1659 2529 1730 χρόνον
2581 1658 2639 1712 ὃν
2687 1658 2912 1730 ἔμελλεν
2971 1660 3030 1711 ὲν
3077 1656 3290 1728 σώματι
3347 1657 3645 1721 διατελεῖν,
3682 1660 3763 1722 εἰς

2185 1751 2318 1823 ᾅδην
2363 1750 2660 1822 πορεύεται
2679 1768 2691 1780 ·
2724 1751 3069 1822 προσετίθεις
3095 1751 3152 1803 δὲ
3176 1750 3370 1820 λέγων,
3401 1752 3482 1804 ὄτι
3507 1751 3616 1804 τῶν
3647 1751 3763 1822 ἰδίῳ

2115 1811 2154 1865 Β
2186 1811 2401 1913 θανάτῳ
2432 1811 2872 1913 τελευτησάντων
2901 1845 2956 1897 αί
2985 1811 3179 1914 ψυχαὶ,
3225 1811 3415 1914 ἐπειδὴ
3466 1843 3602 1914 πρὸς
3629 1811 3762 1913 ᾅδην

2186 1934 2370 1988 αὐτόθι
2431 1936 2748 2007 χωρήσασαι
2794 1934 3173 2007 φρουροῦνται,
3227 1934 3474 1999 εὐκόπως
3500 1935 3546 1966 ³³
3590 1935 3764 1990 ἐλθεῖν

2186 2026 2433 2096 ἀφίενται
2453 2045 2467 2092 ;

2257 2118 2473 2173 XXXII.
2521 2117 2709 2174 Ταῦτα
2755 2118 2850 2173 τοῦ
2891 2117 3132 2192 Νικήτου
3198 2119 3466 2184 εἰπόντος,
3531 2119 3766 2184 Ἀκύλας

2187 2213 2348 2275 αὐτὸς
2380 2211 2540 2267 πάλιν
2587 2211 2726 2284 ἔφη·
2757 2209 3084 2284 Ἐϐουλόμην
3125 2211 3278 2284 παρὰ
3319 2212 3413 2266 σοῦ
3463 2213 3620 2266 τοῦτο
3668 2212 3769 2282 μό-

2187 2318 2276 2357 νον
2321 2305 2531 2376 μαθεῖν,
2581 2303 2786 2375 Σίμων,
2823 2303 2932 2357 εἴτε
2964 2303 3131 2376 ψυχὴ,
3172 2304 3282 2357 εἴτε
3315 2303 3524 2376 δαίμων
3555 2305 3668 2357 ἐστὶ
3701 2304 3766 2356 τὺ

2186 2400 2560 2475 όρκιζόμενον,
2585 2397 2638 2452 τί
2671 2396 2729 2452 δὲ
2755 2397 2852 2450 καὶ
2875 2396 3038 2467 φοϐού
3047 2414 3206 2468 μενον
3242 2396 3302 2449 οὐ
3330 2396 3765 2467 παραπέμπεται

2187 2493 2313 2556 τούς
2341 2493 2576 2564 ὅρκους;
2630 2483 2742 2544 Kal.
2777 2491 2805 2542 ό
2832 2490 3050 2560 Σίμων·
3094 2487 3352 2552 Κόλασιν,
3381 2488 3534 2560 φησι,
3579 2505 3765 2558 παρα-

2188 2584 2432 2638 κούσασα
2491 2575 2601 2636 οἶδε
2681 2582 2898 2653 μέλλειν
2951 2580 3166 2636 παθεῖν.
3231 2581 3343 2635 Καὶ
3403 2582 3432 2634 ό
3501 2581 3763 2644 Ἀκύλας·

2189 2673 2396 2729 Οὐκοῦν
2428 2676 2478 2728 εί
2511 2674 2561 2706 ’δ
2611 2673 2940 2746 όρκιζομένη
2981 2672 3126 2746 ψυχὴ
3157 2672 3398 2745 ἔρχεται,
3446 2672 3541 2726 καὶ
3583 2673 3769 2743 κρίσις

2188 2767 2295 2838 ἄρα
2352 2767 2581 2834 γίνεται.
2626 2766 2688 2819 Ei
2746 2762 2839 2820 οὖν
2873 2767 2930 2820 αἱ
2985 2765 3155 2836 ψυχαὶ
3198 2765 3488 2827 ἀθάνατοι,
3544 2764 3768 2828 πάντως

2188 2859 2304 2910 ἐστὶ
2337 2857 2431 2912 καὶ
2461 2858 2664 2929 κρίσις.
2697 2857 2858 2910 Ὥστε
2887 2859 2935 2910 εί
2956 2859 3049 2911 καὶ
3086 2857 3215 2920 τοὺς
3248 2858 3342 2911 ἐπὶ
3387 2859 3530 2926 κακῇ
3567 2854 3768 2926 πράξει

2186 2948 2560 3021 ὀρκισθέντας,
2598 2944 2719 3003 εἶτα
2746 2951 2840 3004 καὶ
2870 2949 3321 3022 παρακούσαντας
3364 2948 3769 3018 καταδικασθῆ⁴

2188 3057 2276 3094 ναι
2324 3041 2466 3112 φῂς,
2517 3040 2636 3104 πῶς
2701 3040 2763 3094 οὐ
2832 3041 3138 3113 πεφόὸησαι
3213 3041 3277 3094 σὺ
3345 3041 3568 3102 τούτους
3628 3057 3766 3093 κατ-

619 3130 764 3195 nisti,
812 3142 911 3184 eos
967 3142 1161 3198 cogere
1185 3167 1202 3192 ,
1255 3142 1380 3183 cum
1419 3130 1515 3198 qui
1549 3136 1837 3199 coguntur,
1865 3137 2084 3200 propter
2115 3179 2152 3233 ί,
2188 3130 2650 3201 αναγκάζειν,τῶν
2672 3131 3130 3204 ἀναγκαζομένων
3156 3133 3248 3187 ἐπὶ
3267 3133 3517 3204 παρακοῇ
3549 3131 3769 3195 κολαζο-

619 3218 913 3276 tumaciam
964 3218 1305 3276 puniantur?
1348 3213 1487 3273 Nam
1545 3227 1598 3275 te
1646 3220 1757 3276 iam
1811 3234 1920 3275 non
1967 3235 2086 3275 esse
2139 3217 2156 3234 ¹
2193 3222 2399 3276 μένωνε
2448 3224 2641 3276 τὸγὰρ
2672 3225 2771 3276 ἥδη
2807 3240 2867 3276 σε
2911 3225 2982 3276 μὴ
3037 3223 3226 3276 παθεῖν
3257 3225 3340 3276 ἐφ’
3393 3217 3474 3276 οἷς
3509 3223 3762 3276 ἔδρασας.

511 3234 913 3278 eontumamam
964 3234 1305 3290 puniantur!
1348 3234 1487 3273 nam
1545 3234 1598 3275 te
1641 3235 1757 3290 jam
1811 3234 1920 3275 IIOII
1967 3235 2086 3275 esse

2193 3222 2400 3294 μένων;
2448 3224 2510 3278 τὸ
2531 3224 2641 3296 γὰρ
2672 3225 2774 3296 ἢδη
2807 3240 2867 3278 σε
2910 3225 2984 3297 μὴ
3037 3223 3226 3278 παθεῖν
3257 3225 3340 3293 ἐφ’
3393 3217 3474 3286 οἷς
3509 3223 3762 3294 ἔδρασας,

2186 3316 2246 3368 οὐ
2279 3315 2490 3387 θαῦμα·
2521 3316 2645 3369 ἐπεὶ
2677 3318 2840 3389 μήπω
2871 3317 3054 3389 κρίσις
3103 3316 3270 3379 ἐστὶν,
3323 3315 3410 3368 ῖνα
3438 3317 3502 3369 σὺ
3557 3315 3656 3385 μὲν
3682 3313 3764 3366 δί-

2188 3425 2290 3478 κην
2313 3408 2417 3479 δῷς
2447 3409 2576 3480 περὶ
2624 3401 2698 3462 ὧν
2752 3409 3088 3478 ἠνάγκασας,
3120 3407 3182 3460 τὺ
3206 3406 3262 3460 δὲ
3287 3407 3632 3476 ἀναγκασθὲν
3656 3405 3763 3462 ὑπὸ

2189 3498 2516 3573 συγγνώμην
2537 3500 2786 3572 γένηται,
2811 3501 2887 3564 ὼς
2911 3501 3011 3571 τῆς
3030 3499 3206 3571 κακῆς
3231 3498 3482 3570 πράξεως
3495 3497 3586 3549 τὸν
3602 3497 3760 3567 ὅρκον

2187 3592 2554 3664 προτιμῆσαν.
2597 3593 2654 3646 'U
2697 3591 2756 3646 δὲ
2791 3591 2999 3646 τούτων
3024 3592 3264 3656 ἀκούσας
3291 3592 3558 3665 ὠργίσθη,
3591 3591 3756 3645 θάνα-

2187 3703 2296 3751 τον,
2314 3686 2363 3739 εί
2395 3685 2470 3757 μὴ
2498 3685 2817 3758 σιωπῶμεν,
2841 3686 2972 3757 ἡμῖν
3001 3685 3323 3758 ἀπειλήσας.

2258 3949 2498 4007 XXXIII.
2527 3952 2711 4008 Ταῦτα
2735 3953 2829 4008 τοῦ
2870 3955 3070 4009 Ἀκύλα
3101 3956 3365 4023 εἰπόντος,
3399 3956 3509 4026 ἐγὼ
3529 3957 3762 4028 Κλήμης

2182 4039 2492 4118 ’ἐι-πυθόμην·
2547 4047 2600 4100 τί
2640 4047 2685 4101 δ’
2714 4048 2824 4120 ἄρα
2875 4049 3023 4103 ἐστὶν
3069 4049 3105 4103 ἃ
3165 4053 3309 4103 ποιεῖ
3356 4050 3649 4120 θαυμάσια.
3695 4051 3761 4102 OI

2187 4139 2271 4192 δέ·
2317 4139 2680 4211 Ἀνδριάντας,
2733 4134 2908 4204 εἷπον,
2937 4144 3085 4194 ποιεῖ
3119 4145 3471 4214 περιπατεῖν·
3530 4144 3623 4196 καὶ
3662 4161 3762 4196 κυ-

2185 4231 2431 4304 λιόμενος
2476 4232 2569 4285 ἐπὶ
2601 4231 2712 4304 πῦρ
2752 4232 2813 4285 οὐ
2835 4233 3076 4287 καίεται·
3104 4234 3273 4288 ἐνίοτε
3301 4234 3358 4288 δὲ
3387 4235 3480 4289 καὶ
3510 4237 3758 4299 πέταται,

2189 4326 2280 4379 καὶ
2303 4327 2366 4379 ἐκ
2411 4323 2574 4379 λίθων
2617 4325 2816 4397 ἄρτους
2845 4329 3025 4394 ποιεῖ,
3064 4328 3187 4398 δφις
3241 4329 3472 4398 γίνεται,
3524 4331 3604 4393 εἰς
3631 4325 3764 4398 αἶγα

515 4421 667 4477 pram
693 4408 1142 4473 transformatur,
1173 4410 1312 4465 duas
1341 4408 1512 4467 facies
1535 4412 1793 4479 ostendit,
1808 4413 1862 4467 in
1892 4429 2084 4470 aurum

2192 4418 2667 4491 μεταμορφοῦται,
2727 4419 3072 4490 διπρόσωπος
3133 4421 3369 4490 γίνεται,
3413 4423 3494 4486 εἰς
3559 4424 3763 4494 χρυσον

513 4503 870 4568 convertitur,
918 4513 1105 4572 portas
1133 4504 1384 4560 occlusas
1439 4505 1633 4575 aperit,
1662 4503 1868 4561 ferrum
1900 4506 2080 4574 solvit,

2190 4509 2610 4581 μεταϐάλλεται·
2646 4509 2815 4581 θύρας
2858 4511 3251 4582 κεκλεισμένας
3289 4513 3516 4581 ἀνοίγει,
3547 4514 3764 4585 σίδηρον

514 4593 570 4648 in
606 4594 871 4649 conviviis
897 4595 1191 4651 simulacra
1226 4595 1531 4651 formarum
1560 4597 1908 4669 omnigenum
1931 4600 2084 4655 exhi-

2186 4600 2323 4667 λύει,
2376 4602 2434 4653 ἐν
2476 4600 2714 4664 δείπνοις
2757 4601 2948 4655 εἴδωλα
3007 4603 3367 4658 παντοδαπῶν
3413 4604 3566 4658 ἰδεῶν
3614 4623 3764 4676 παρ-

515 4686 626 4751 bet,
660 4682 789 4742 facit
817 4697 878 4742 ut
903 4687 957 4742 in
1009 4689 1174 4744 domo
1198 4705 1327 4745 vasa
1355 4701 1550 4760 sponte
1575 4691 1703 4748 ferri
1727 4693 1792 4748 ad
1839 4693 2084 4750 ministe—

2184 4693 2398 4762 ίστησι·
2434 4692 2503 4745 τὰ
2532 4693 2588 4744 ὲν
2618 4696 2684 4765 τῇ
2718 4693 2863 4766 οἰκίᾳ
2888 4695 3052 4767 σκεύη
3086 4697 3163 4761 ὡς
3185 4695 3464 4768 αὐτόματα
3486 4697 3765 4769 φερόμενα

457 4823 462 4828 .
515 4779 660 4834 rium
691 4779 997 4846 videantur,
1035 4796 1136 4836 nec
1163 4793 1458 4839 cernantur
1481 4786 1577 4855 qui
1605 4784 1804 4840 ferunt.
1835 4783 1938 4841 Ista
1971 4801 2084 4842 me-

2188 4785 2324 4857 πρὸς
2350 4785 2657 4857 ὑπηρεσίαν
2711 4786 2941 4858 ὁρᾶσθαι
2988 4790 3150 4855 ποιεῖ,
3210 4787 3320 4842 τῶν
3369 4788 3643 4860 φερόντων
3695 4790 3763 4842 οὐ

515 4881 794 4927 morantes
839 4873 1088 4938 audiens,
1147 4872 1429 4930 mirabar:
1501 4878 1839 4933 testabantur
1903 4888 2080 4933 autem

2191 4880 2552 4952 βλεπομένων.
2600 4878 2787 4934 Ταῦτα
2834 4878 3120 4948 λεγόντων,
3173 4879 3386 4934 ἀκούων
3435 4881 3482 4912 ⁸⁸
3517 4880 3762 4950 ἐθαύμα-

517 4961 620 5031 ipsi
650 4961 777 5016 talia
804 4977 863 5018 se
887 4963 1108 5020 vidisse.

588 5133 827 5192 XXXIV.
862 5137 907 5170 ⁸⁸
957 5137 1054 5197 His
1103 5141 1175 5196 ita
1221 5145 1510 5210 enarratis,
1563 5147 1711 5201 venit
1766 5146 2080 5214 Zacchzeus,

2187 4971 2305 5037 ζον·
2365 4970 2709 5044 ἐμαρτύρουν
2769 4969 2827 5025 δὲ
2858 4971 2928 5025 τὰ
2973 4970 3200 5026 τοιαῦτα
3257 4973 3412 5026 αὐτοὶ
3473 4973 3761 5045 ἱστορηκέ-

2184 5081 2274 5117 ναι
2300 5063 2368 5116 ⁸⁷.

2259 5153 2498 5208 XXXIV.
2541 5155 2758 5208 Τούτων
2804 5154 2948 5209 οὕτω
3005 5155 3300 5226 ῥηθέντων,
3341 5151 3445 5228 ἧκε
3495 5160 3763 5228 Ζακχαῖος

514 5233 570 5279 ct
601 5226 702 5281 ista
753 5225 913 5282 Petro
938 5229 1296 5300 significavit:
1330 5233 1448 5290 Iam
1472 5251 1638 5300 nunc,
1666 5234 1843 5299 Petre.
1872 5245 2084 5308 tempus

2184 5245 2406 5299 τοιαῦτα
2425 5245 2505 5316 τῷ
2520 5247 2711 5318 Πέτρῳ
2740 5225 3044 5316 διασαφῶν·
3082 5249 3220 5321 Ἤδη
3265 5225 3470 5313 λοιπὸν,
3496 5245 3540 5303 ὦ
3562 5225 3756 5323 Πέτρε,

515 5328 621 5385 est,
649 5328 708 5375 ut
734 5337 896 5379 exeas
920 5328 986 5379 ad
1025 5325 1404 5382 disserendum
1436 5343 1560 5383 cum
1596 5329 1662 5384 iis
1689 5329 1779 5400 qui
1815 5345 2084 5389 converte-

517 5419 664 5467 runt.
690 5412 853 5469 Multa
880 5416 1026 5471 enim
1076 5418 1233 5475 turba
1267 5419 1319 5474 in
1351 5420 1492 5475 atrio
1534 5431 1860 5492 congregata
1889 5431 1942 5478 te
1987 5441 2082 5495 op-

2188 5337 2378 5409 καιρὸς
2433 5339 2566 5410 πρὸς
2610 5338 2670 5391 τὸ
2697 5338 2935 5394 ὲκόάντα
2963 5357 3020 5392 σε
3054 5339 3398 5412 διαλεχθῆναι
3425 5345 3536 5406 τοῖς
3575 5345 3762 5397 συνελ-

2191 5428 2359 5482 θοῦσι.
2395 5429 2567 5493 Πολὺς
2589 5429 2696 5501 γὰρ
2735 5431 2828 5483 ἐπὶ
2861 5431 2958 5502 τῆς
3001 5431 3168 5504 αὐλῆς
3195 5432 3601 5504 συναθροισθεὶς
3629 5435 3764 5489 ἀνα-

1792 5573 2028 5630 VARI/E
2085 5577 2489 5633 LECTIONES.

565 5679 612 5713 ’°
643 5681 713 5734 al.
744 5681 909 5737 inser.
938 5682 1060 5734 ἐπεὶ
1086 5681 1158 5802 μη
1187 5682 1440 5752 ὐπάρχῃς
1471 5681 1549 5735 vel
1574 5679 1698 5734 ἐπεὶ
1724 5683 1857 5754 μηδὲ
1887 5682 2142 5754 ὑπάρχει.
2216 5684 2257 5716 ⁹¹
2287 5683 2356 5738 al.
2407 5683 2570 5743 inser.
2615 5681 2796 5748 αὐτός.
2834 5684 2915 5737 Al.
2951 5683 3075 5738 add.
3125 5683 3354 5754 ἐνεργεῖ.
3436 5685 3480 5716 ⁸⁸
3511 5688 3582 5739 al.
3611 5685 3637 5738 ό
3669 5686 3771 5812 μη.

570 5751 640 5804 al.
671 5751 772 5803 οὐκ
802 5751 1056 5812 εὐκόλως.
1089 5749 1128 5803 C
1155 5762 1343 5805 ement.
1367 5753 1466 5804 οὐκ
1496 5753 1762 5812 εὐκόπως.
1839 5754 1885 5786 ⁸⁸⁵
1915 5757 1987 5808 al.
2015 5755 2068 5812 ἡ.
2145 5753 2191 5786 ’⁸
2217 5756 2252 5808 l.
2286 5770 2331 5810 s.
2365 5752 2586 5812 Reman.
2622 5771 2682 5812 ιι,
2709 5755 2760 5810 9.
2791 5754 3003 5812 Anast...
3030 5753 3284 5812 Ccdren..
3317 5751 3539 5812 Niceult.
3619 5754 3663 5786 "
3694 5773 3727 5812 a

498 5751 543 5784 ’³
570 5751 640 5804 al.
671 5751 772 5803 οὐκ
802 5751 1056 5816 εὐκόλως.
1089 5749 1466 5805 ϐιεηιειιὶζούκ
1496 5749 1762 5817 εὐκόπως.
1786 5749 1797 5754 ’
1839 5754 1885 5786 ⁸⁸
1915 5757 1987 5808 al.
2009 5749 2068 5817 ’ήζ

2145 5753 2191 5786 ’⁵
2217 5756 2252 5808 l.
2286 5770 2331 5810 s.
2365 5752 2586 5826 Recogn.
2622 5771 2682 5818 ιι,
2709 5755 2760 5810 9.
2791 5754 3003 5818 Anast..,
3030 5751 3284 5826 (Σαὼ-θήν
3317 5751 3539 5826 Nicepb.
3619 5754 3663 5786 "

491 5823 624 5877 add.
660 5821 858 5875 αὐτῶν.
936 5823 977 5854 ³⁷
1012 5822 1082 5875 al.
1111 5822 1273 5876 inser.
1303 5822 1589 5893 παρόντες.
1668 5826 1710 5856 ³³
1741 5824 1994 5880 Clement.
2035 5821 2180 5880 hom.
2218 5841 2297 5890 ιιι,
2328 5840 2447 5896 cap.
2475 5821 2563 5891 ‘2",
2589 5837 2693 5882 ctc.
2727 5826 2947 5896 [ἐρρηθη.
2981 5828 3014 5880 l.
3044 5839 3106 5890 ιι,
3130 5841 3178 5882 c.
3212 5824 3299 5889 I9,
3325 5834 3429 5880 etc.
