4048 6146
266 218 373 276 ειη

1044 176 1506 273 CLEIllENTlNA.
1548 249 1618 261 -
1655 214 1958 272 Epirum:
1994 212 2091 271 DE
2124 217 2369 275 essm
2403 217 2461 275 s.
2502 218 2725 275 perm.

3426 219 3527 275 ias

272 339 423 410 μένει
463 353 524 394 σε
549 336 726 409 δχλος,
754 331 817 394 οὐ
858 338 918 392 ἐν
968 335 1119 411 μέσῳ
1157 338 1408 411 καθάπερ
1450 355 1536 403 τις
1575 338 1843 411 πολέμαρι

1958 340 2203 411 peritur;
2235 342 2289 397 in
2317 357 2551 412 quorum
2605 340 2786 396 medio
2834 348 3093 409 tanquam
3148 337 3347 409 aliquis
3397 339 3522 395 belli

272 454 366 508 λος
395 438 439 469 ’³
477 435 572 490 ὐπ’
610 433 791 489 αὐτῶν
816 431 1280 507 δορυφορούμενος
1311 432 1510 504 ἔστηκε
1544 432 1746 503 Σίμων.
1793 433 1853 485 '0

268 528 325 581 δὲ
356 528 562 601 Πέτρος
603 526 860 591 ἀκούσας,
897 526 1062 597 εὐχῆς
1085 524 1245 597 χάριν
1274 524 1624 595 ὑποχωρῆσαί
1655 542 1744 595 μοι
1762 542 1853 578 κε-

270 618 466 684 λεύσας
506 620 573 652 ¹⁹⁶
613 619 777 691 μήπω
808 617 870 671 τὸ
916 620 1182 689 σωτήριον
1222 617 1506 689 βάπτισμα
1552 616 1849 687 δεξαμένῳ,

268 714 382 775 τοῖς
404 712 503 783 ἥδη
531 710 777 774 τελείοις·
824 709 1200 774 Ἀναστάντες,
1243 700 1346 781 εφη
1372 748 1387 773 ,
1435 707 1737 779 εὐξώμεθα,
1765 710 1853 762 ἵνα

268 802 401 865 Θεὸς
431 806 542 867 τοῖς
570 800 943 866 ἀνεκλείπτοις
989 802 1155 856 αὐτοῦ
1199 804 1503 874 οἰκτιρμοῖς
1542 802 1849 874 συνεργήσῃ

251 912 362 966 ,μοι
384 894 623 967 δρμῶντι
652 894 789 966 πρὸς
812 894 1086 966 σωτηρίαν
1109 893 1217 947 τῶν
1248 895 1338 948 ὐπ’
1392 893 1557 947 αὐτοῦ
1606 892 1849 947 κτισθέν-

266 1001 377 1040 των
410 986 731 1059 ἀνθρώπων.
780 986 891 1041 Kal.
914 986 1074 1040 τοῦτο
1122 986 1314 1050 εἰπὼν,
1361 986 1655 1057 εὐξάμενος
1700 984 1848 1056 ἐξῄει

266 1079 347 1142 εἰς
367 1078 461 1132 τὸν
485 1077 751 1151 ὕπαιθρον
775 1079 874 1150 τῆς
923 1079 1093 1151 αὐλῆς
1134 1079 1300 1133 τόπον
1330 1080 1505 1151 μέγαν
1532 1079 1682 1145 δντα,
1719 1078 1848 1133 ἔνθα

267 1170 683 1241 συνεληλυθότες
708 1165 849 1241 ἦσαν
884 1170 1089 1238 πολλοὶ,
1152 1172 1217 1225 ἶν’
1260 1170 1524 1225 άκουσταὶ
1584 1169 1846 1238 γένωνται

264 1260 374 1314 τῶν
400 1261 834 1334 λεχθησομένων.
894 1262 1037 1327 Στάς
1072 1258 1165 1318 οὖν
1206 1265 1301 1318 καὶ
1334 1262 1454 1318 ἰδὼν
1502 1262 1639 1335 μετά
1666 1262 1848 1333 πάσης

265 1354 499 1426 ἡσυχίας
544 1355 637 1407 τὸν
682 1354 859 1408 πάντα
885 1354 1013 1409 λαὸν
1056 1355 1136 1419 εἰς
1186 1354 1348 1410 αὐτὸν
1390 1354 1723 1419 ἀτενίζοντα,
1755 1355 1844 1408 Σί-

267 1465 424 1519 μωνα
450 1448 508 1502 δὲ
553 1448 646 1502 τὸν
672 1448 861 1517 Μάγον
910 1448 992 1510 εἰς
1052 1446 1217 1501 μέσον
1257 1446 1470 1501 ἑστῶτα
1531 1445 1625 1500 τοῦ
1665 1446 1845 1517 λέγειν

260 1539 468 1611 ἦρξατο
511 1536 708 1604 οὕτως·
802 1564 846 1600 δ

331 1652 557 1711 XXXV.
620 1655 827 1727 Εἰρήνη
889 1652 978 1726 εἴη
1042 1655 1209 1708 πᾶσιν
1278 1654 1408 1725 ὑμῖν
1455 1654 1842 1725 τοῖς.έτοίμως
1868 1697 1916 1755 Β

264 1745 451 1817 έχουσι
480 1744 661 1811 δεξιὰς
686 1746 883 1799 διδόναι
908 1749 976 1818 τῇ
1002 1745 1096 1799 τοῦ
1130 1745 1264 1800 Θεοῦ
1308 1746 1556 1819 ἀληθείᾳ,
1585 1747 1655 1818 ἢν
1677 1747 1842 1802 αὐτοῦ

262 1836 512 1909 μεγάλην
536 1854 595 1891 τε
626 1837 724 1891 καὶ
761 1839 1093 1909 ἀσύγκριτον
1135 1839 1194 1891 ὲν
1215 1837 1293 1909 τῷ
1318 1837 1414 1892 νῦν
1442 1838 1630 1910 κόσμῳ
1667 1839 1844 1911 ὐπάρ-

260 1945 470 1999 χουσαν
497 1928 728 2000 δωρεάν,
754 1930 784 1983 δ
834 1928 1165 1993 ἀποστείλας
1198 1931 1349 2001 ἡμᾶς
1378 1929 1584 2001 Κύριος
1638 1929 1845 2002 Ἰησοῦς

259 2020 500 2094 Χριστὸς
529 2022 559 2075 δ
607 2021 735 2085 Υἱὸς
753 2020 849 2075 τοῦ
878 2020 1083 2087 ζῶντος
1130 2020 1288 2088 Θεοῦ,
1339 2020 1543 2093 ταύτην
1569 2023 1701 2093 ἡμῖν
1728 2021 1843 2076 ἐνε-

257 2113 477 2168 τείλατο
500 2114 599 2186 τὴν
630 2114 1028 2187 προσηγορίαν,
1062 2114 1169 2187 πρὸ
1217 2108 1329 2168 τῶν
1359 2115 1458 2187 τῆς
1500 2114 1845 2180 διδασκαλίας

260 2204 439 2275 λόγων
472 2206 602 2277 ὑμῖν
651 2204 1115 2275 ἐπιφθέγγεσθαι·
1158 2206 1246 2259 ῖνα
1288 2206 1382 2260 ὲάν
1428 2223 1512 2270 τις
1637 2207 1696 2260 ἐν
1718 2207 1846 2279 ὑμῖν

259 2297 487 2369 εἰρήνης
521 2296 734 2362 τέκνον,
758 2297 848 2351 διὰ
872 2298 974 2369 τῆς
995 2297 1343 2361 διδασκαλίας
1384 2296 1541 2369 ἡμῶν
1562 2297 1843 2370 καταλάϐῃ

260 2388 427 2443 αὐτὸν
479 2391 513 2460 ἡ
541 2390 764 2461 εἰρήνη·
794 2390 843 2443 εἰ
871 2389 928 2443 δὲ
963 2389 1168 2461 ταύτην
1213 2388 1398 2443 λαϐεῖν
1446 2389 1601 2461 ὐμῶν
1654 2407 1736 2454 τις
1769 2390 1845 2462 μὴ

260 2479 429 2546 θέλοι,
456 2479 581 2533 τότε
610 2480 704 2535 καὶ
753 2482 918 2552 ἡμεῖς
953 2481 1412 2554 άποτιναξάμενοι
1450 2481 1541 2535 τὸν
1571 2482 1845 2555 κονιορτὸν

254 2573 369 2627 τῶν
418 2571 597 2626 ποδῶν
642 2572 799 2645 ἡμῶν
846 2574 928 2638 είς
983 2572 1299 2647 μαρτύριον,
1334 2573 1415 2639 εἰς
1439 2573 1641 2645 ἑτέρων
1670 2574 1845 2629 ἀπίω-

257 2681 364 2735 μεν
387 2663 410 2695 ³
428 2663 607 2728 οἰκίας
646 2665 742 2719 καὶ
782 2664 986 2730 πόλεις.
1011 2666 1123 2721 Καὶ
1163 2665 1379 2738 ἀληθῶς
1425 2666 1553 2737 ὑμῖν
1576 2665 1840 2738 λέγομεν·

270 2755 653 2828 Ἀνεκτότερον
680 2755 835 2812 ἐσται
874 2760 946 2830 γῇ
996 2758 1249 2829 Σοδόμων
1302 2758 1397 2812 καὶ
1465 2758 1751 2831 Γομόρρας
1786 2759 1845 2811 ὲν

259 2846 450 2920 ἡμέρᾳ
474 2847 727 2921 κρίσεως,
759 2848 793 2920 η
848 2848 929 2920 τῷ
959 2849 1059 2921 τῆς
1099 2837 1557 2920 ἀπειθείας’τόπῳ
1580 2850 1845 2921 ἐνδιατρί-

253 2936 406 2993 ϐειν·
444 2938 666 3011 πρῶτον
714 2941 834 3012 μὲν⁹
878 2940 962 2994 ὅτι
999 2941 1095 3011 ἀφ’
1123 2939 1332 2995 ἑαυτῶν
1368 2941 1470 3013 οὐχ
1509 2933 1610 2995 οἷοί
1648 2958 1710 2994 τε
1750 2958 1844 3011 γε-

1953 433 2066 488 dux
2091 435 2162 489 ab
2203 435 2272 489 iis
2328 442 2605 505 protectus
2634 448 2701 496 ac
2732 432 2964 501 stipatus
3012 432 3261 488 constitit
3308 430 3522 489 Simon.

1954 525 2070 583 Hoc
2094 528 2284 582 audito
2316 525 2512 582 Petrus
2533 565 2550 590 ,
2596 540 2722 580 cum
2761 524 3025 580 orationis
3050 524 3219 595 gratia
3272 522 3528 581 secedere

1953 637 2041 675 me
2065 622 2344 692 iussisset,
2375 620 2470 692 qui
2498 620 2741 675 nondum
2768 629 3097 676 consecutus
3128 619 3339 675 fueram
3372 623 3523 676 salu-

1953 722 2070 768 tare
2107 714 2409 783 baptisma;
2465 713 2533 768 ad
2581 711 2694 783 jam
2753 710 3025 781 perfectos
3073 727 3137 765 ac
3192 712 3520 783 baptizatos,

1954 806 2273 877 Surgentes,
2311 805 2513 876 inquit,
2571 819 2792 860 oremus
2812 846 2825 869 ,
2861 812 2920 857 ut
2953 803 3095 858 Deus
3118 819 3217 872 pro
3250 806 3365 864 suis
3393 822 3524 877 per-

1950 900 2128 970 petuis
2154 898 2600 955 miserationibus
2623 899 2920 970 cpituletur
2960 901 3111 977 mihi
3135 901 3423 971 prodeunti
3450 901 3523 956 ob

1949 994 2179 1049 salutem
2213 993 2497 1047 hominum
2549 992 2617 1047 ab
2651 993 2770 1063 ipso
2821 1003 3151 1049 creatorum.
3195 992 3373 1065 thue
3418 996 3521 1052 hnc

1947 1084 2109 1151 dixit,
2161 1084 2412 1139 oratione
2449 1082 2614 1150 facta,
2640 1085 2775 1140 exiit
2802 1084 2854 1139 in
2903 1085 3027 1139 atrii
3072 1086 3253 1141 locum
3300 1086 3524 1141 subdia-

1947 1176 2051 1230 lem
2086 1184 2140 1230 et
2166 1191 2447 1246 magnum,
2475 1190 2586 1246 quo
2611 1177 2767 1231 multi
2816 1189 3206 1244 convenerant,
3245 1188 3305 1234 ut
3329 1178 3523 1233 ﬁerent

1947 1268 2226 1323 auditores
2253 1281 2444 1321 eorum
2491 1282 2613 1336 qua:
2640 1266 2868 1322 dicenda
2899 1276 3102 1322 essent.
3142 1266 3306 1322 Stans
3365 1280 3518 1336 ergo,

1945 1373 2281 1427 cernensque
2308 1357 2620 1418 universum
2649 1358 2908 1428 populum
2954 1374 3169 1414 summo
3204 1374 3327 1413 cum
3356 1358 3523 1415 silen-

1944 1453 2022 1507 tio
2045 1450 2236 1507 oculos
2281 1450 2333 1505 in
2361 1451 2538 1520 ipsum
2565 1450 2860 1520 conjicere,
2904 1466 2968 1506 ac
2997 1450 3274 1508 Simonem
3304 1451 3520 1524 Magum
3626 1462 3629 1469 ί

1946 1541 2000 1597 in
2031 1541 2209 1597 medio
2232 1551 2397 1608 stare,
2427 1542 2576 1597 hunc
2600 1542 2652 1596 in
2686 1542 2908 1597 modum
2936 1542 3087 1613 loqui
3109 1544 3304 1613 capit:

2012 1650 2233 1709 XXXV.
2268 1655 2284 1686 ί
2334 1653 2447 1710 Pax
2474 1655 2546 1710 sit
2573 1656 2831 1711 omnibus
2856 1656 3028 1722 vobis,
3060 1657 3152 1728 qui
3186 1657 3358 1727 parati
3386 1660 3521 1716 estis

1944 1745 2200 1801 dexteras
2235 1747 2367 1801 dare
2399 1747 2613 1803 veritati
2636 1747 2766 1815 Dei;
2821 1764 3008 1819 quam,
3033 1765 3291 1821 magnum
3324 1766 3520 1820 nempe

1942 1854 2009 1896 ac
2042 1839 2470 1910 incomparabile
2490 1839 2609 1909 ejus
2646 1855 2848 1894 munus
2872 1840 2926 1895 in
2960 1841 3065 1896 hoc
3115 1842 3321 1897 mundo
3363 1850 3422 1897 ut
3462 1842 3517 1897 ili

1943 1930 2327 1987 salutationem
2359 1931 2513 1986 vobis
2533 1940 2658 1986 ante
2704 1946 2984 1988 sermones
3034 1932 3300 1990 doctrina:
3341 1933 3520 1990 accla-

1943 2038 2158 2079 memus
2206 2024 2464 2094 praecepit
2513 2022 2673 2078 nobis
2728 2024 2823 2095 qui
2896 2025 3050 2080 misit
3108 2042 3208 2082 nos
3253 2025 3519 2081 Dominus

1942 2113 2105 2172 Jesus
2126 2114 2405 2183 Christus,
2432 2115 2606 2172 Filius
2630 2114 2726 2172 Dei
2749 2117 2859 2172 vivi
2884 2136 2898 2185 ;
2923 2134 3034 2187 quo
3069 2118 3114 2174 si
3146 2118 3346 2190 aliquis
3376 2118 3519 2173 inter

1942 2222 2042 2263 vos
2067 2209 2141 2263 sit
2184 2206 2331 2263 illius
2362 2207 2534 2277 pacis,
2590 2223 2687 2278 per
2749 2208 3054 2266 doctrinam
3114 2219 3361 2265 nostram
3411 2224 3517 2280 pax

1942 2312 2069 2353 eum
2115 2298 2539 2367 complectatur;
2589 2301 2635 2352 si
2690 2297 2817 2369 quis
2868 2309 3050 2355 autem
3103 2309 3347 2356 vestrum
3395 2316 3516 2356 eam

1944 2387 2192 2459 accipere
2217 2388 2374 2453 nolit,
2406 2396 2537 2443 tunc
2566 2396 2622 2442 et
2673 2403 2777 2446 nos
2803 2405 3037 2446 excusso
3069 2391 3267 2460 pedum
3298 2399 3520 2446 nostro-

1942 2495 2064 2534 rum
2093 2479 2316 2551 pulvere
2345 2479 2399 2534 in
2422 2479 2818 2548 testimonium,
2842 2482 2908 2536 ad
2950 2481 3183 2536 aliorum
3235 2481 3428 2537 domos
3454 2496 3520 2537 ac

1942 2570 2191 2626 civitates
2214 2569 2476 2625 abeamus
2502 2571 2544 2625 ¹.
2592 2570 2671 2626 Ac
2693 2585 2820 2627 vere
2853 2571 3091 2628 dicimus
3120 2570 3309 2627 vobis:
3365 2568 3521 2626 Tole-

1944 2662 2173 2718 rabilius
2196 2661 2301 2717 erit
2325 2661 2380 2717 in
2406 2661 2730 2733 diejudicii,
2768 2662 2939 2719 fuisse
2981 2662 3037 2718 in
3068 2671 3214 2719 terra
3247 2661 3518 2718 Sodomo—

1942 2770 2064 2809 rum
2089 2763 2144 2809 et
2172 2753 2516 2822 Gomorrhae,
2567 2771 2732 2826 quam
2785 2755 2841 2811 in
2897 2755 3019 2812 loco
3070 2754 3515 2811 incredulitatis:

1942 2849 2121 2918 primo
2145 2848 2388 2919 quidem,
2428 2848 2556 2918 quia
2609 2864 2717 2904 non
2764 2848 3022 2919 potuistis
3061 2864 3130 2905 ex
3159 2848 3318 2905 vobis
3343 2861 3516 2919 agno-

1943 2955 2098 2996 scere
2135 2941 2458 2996 veritatem:
2492 2940 2757 3005 secundo,
2784 2941 3045 3009 quoniam
3075 2941 3144 2996 de
3166 2939 3368 2997 nostris
3389 2955 3516 2995 cum

253 3030 453 3099 γόνατε
505 3028 604 3103 τὴν
656 3031 912 3103 ἀλήθειαν
960 3032 1288 3101 ἐπιγνῶναι·
1327 3031 1603 3104 δεύτερον,
1665 3032 1748 3087 δτι
1773 3031 1843 3085 τὰ

1946 3031 2249 3095 audieritis,
2281 3048 2388 3087 non
2416 3031 2646 3087 venistis
2674 3047 2851 3101 usque
2877 3031 2944 3087 ad
2988 3046 3092 3088 nos
3118 3050 3133 3087 :
3163 3033 3346 3098 tertio,
3386 3032 3519 3103 quia

252 3122 379 3178 καθ’
402 3123 556 3195 ἡμᾶς
607 3123 962 3193 ἀκούσαντες,
1009 3125 1111 3178 οὐκ
1159 3124 1352 3196 ἤλθετε
1397 3124 1591 3196 μέχρις
1646 3122 1836 3195 ἡμῶν·

252 3214 465 3287 τρίτον,
518 3212 603 3268 ὅτι
668 3214 763 3270 καί
815 3214 1063 3269 ἐλθοῦσιν
1111 3218 1244 3287 ἡμῖν
1314 3216 1671 3289 ἠπειθήσατε.
1751 3218 1843 3271 Διὸ

254 3307 567 3379 φειδόμενοι
598 3306 775 3376 ὐμῶν,
812 3309 1016 3377 προῖκα
1068 3306 1340 3378 εὐχόμεθα
1387 3307 1487 3378 τὴν
1532 3309 1753 3379 εἰρήνην
1774 3310 1839 3380 ή-

256 3400 376 3471 μῶν
400 3397 578 3453 ὲλθεῖν
602 3399 690 3466 ἐφ’
733 3398 897 3468 ὑμᾶς.
955 3398 1020 3451 Εἰ
1045 3392 1139 3451 οὖν
1182 3396 1386 3467 ταύτην
1432 3398 1575 3469 ἔχειν
1608 3399 1838 3466 ἐθέλετε,

252 3488 336 3545 δεῖ
364 3492 515 3563 ὑμᾶς
536 3488 833 3562 προθύμως
854 3490 981 3554 τοὺς
1002 3488 1131 3562 περὶ
1156 3488 1259 3561 τῆς
1285 3488 1564 3556 εὐσεϐείας
1589 3490 1841 3559 δέξασθαι

253 3582 473 3652 λόγους,
506 3582 599 3635 καὶ
631 3581 729 3653 τὴν
778 3581 899 3653 Θεῷ
944 3581 1286 3655 ἀρέσκουσαν
1329 3582 1605 3636 πολιτείαν
1644 3585 1840 3639 ἐπανε-

253 3673 487 3739 λέσθαι,
534 3672 599 3726 ἵν’
650 3673 891 3738 εὐσεϐῶς
958 3675 1051 3729 καὶ
1099 3674 1325 3739 δικαίως
1364 3673 1660 3747 ζήσαντες,
1733 3678 1840 3732 τῶν

254 3765 495 3821 αἰωνίων
518 3764 731 3834 ἀγαθῶν
757 3765 984 3837 γένησθε
1015 3766 1357 3839 κληρονόμοι.

327 3856 577 3912 XXXVI.
636 3858 747 3912 Καὶ
798 3857 894 3913 τοῦ
950 3859 1157 3931 Πέτρου
1206 3859 1381 3915 ταῦτα
1437 3862 1701 3926 είπόντος,
1746 3863 1841 3916 καὶ

254 3950 391 4023 περὶ
419 3949 529 4003 τῶν
550 3948 725 4022 ἔργων
747 3951 842 4005 τοῦ
866 3950 1001 4006 Θεοῦ
1040 3936 1368 4020 διδάξαντος,
1388 3956 1485 4009 καὶ
1526 3955 1665 4009 πόσα
1691 3956 1841 4027 παρὰ

252 4040 353 4095 τοῦ
380 4040 518 4095 Θεοῦ
551 4040 630 4112 τῷ
660 4042 931 4116 ἀνθρώπῳ
956 4043 1026 4098 τά
1059 4044 1240 4113 ἀγαθά
1270 4046 1537 4118 ἐδωρήθη,
1567 4048 1663 4101 καί
1694 4065 1838 4119 παρ-

253 4134 574 4199 αινέσαντος
610 4134 780 4189 πολλά
824 4138 951 4209 περὶ
1001 4139 1318 4211 μοναρχίας,
1352 4140 1380 4193 ὁ
1410 4140 1590 4211 Σίμων
1619 4140 1721 4205 ἔξω
1744 4140 1838 4195 τοῦ

252 4226 417 4297 ὄχλου
450 4224 545 4297 βοῇ
573 4226 778 4298 μεγάλῃ
802 4226 904 4299 ἔφη
926 4246 941 4259 ·
971 4229 1037 4282 Τί
1076 4230 1399 4301 ψευδόμενος
1430 4232 1644 4303 ἀπατᾷν
1666 4232 1841 4297 θέλεις

249 4318 349 4371 τὸν
371 4318 700 4388 παρεστῶτά
736 4337 817 4373 σοι
870 4320 1080 4394 ἰδιώτην
1133 4322 1309 4394 δχλον,
1367 4324 1568 4379 πείθων
1619 4326 1833 4391 αὐτοὺς,

254 4409 417 4474 θεοὺς
451 4410 585 4481 μήτε
610 4410 916 4482 ὀνομάζειν,
958 4414 1095 4485 μήτε
1124 4414 1303 4484 λέγειν
1350 4416 1469 4482 ἐξὸν
1523 4412 1696 4484 srvat;
1727 4419 1835 4472 τῶν

254 4499 414 4573 παρά
484 4502 759 4567 Ἰουδαίοις
813 4504 1086 4575 δημοσίων
1134 4506 1331 4577 βίϐλων
1392 4508 1619 4573 πολλοὺς
1679 4510 1835 4575 θεοὺς

251 4593 562 4662 λεγουσῶν.
588 4596 695 4648 Καὶ
724 4595 819 4650 νῦν
868 4597 924 4650 δὲ
953 4598 1091 4668 μετά
1145 4600 1361 4654 πάντων
1404 4602 1498 4655 ἀπ’
1528 4586 1705 4657 αὐτῶν
1754 4621 1835 4659 σοι

252 4686 365 4741 τῶν
393 4684 612 4756 βιϐλίων
631 4689 759 4759 περὶ
791 4688 885 4742 τοῦ
922 4688 1031 4744 δεῖν
1062 4690 1214 4756 θεοὺς
1246 4694 1507 4763 νομίζειν,
1536 4693 1834 4768 συζητῆσαι

253 4779 556 4852 βούλομαι·
616 4782 880 4854 πρότερον
910 4783 1037 4853 περὶ
1082 4778 1143 4838 οῦ
1187 4784 1325 4856 εφης
1350 4784 1507 4849 Θεοῦ,
1552 4785 1728 4851 δείξας
1760 4786 1833 4859 μὴ

250 4872 420 4926 αὐτὸν
450 4871 551 4943 τὴν
580 4873 841 4929 ἀνωτάτω
863 4875 956 4929 καί
985 4874 1162 4929 πάντα
1211 4876 1513 4949 δυναμένην
1545 4878 1831 4950 Πρόνοιαν,

252 4963 379 5019 καθ’
406 4962 440 5015 δ
466 4964 849 5035 ἀπρόγνωστός
875 4968 1043 5031 ἐστιν,
1072 4967 1287 5039 ἀτελὴς,
1340 4969 1542 5040 ἐνδεὴς,
1574 4971 1667 5023 καὶ
1698 4970 1836 5034 ὅλως

252 5059 355 5113 οὐκ
381 5057 609 5126 ἀγαθός.
654 5059 867 5129 Ἀμέλει
898 5060 992 5113 καὶ
1024 5059 1213 5113 τούτου
1242 5060 1542 5129 δειχθέντος
1592 5061 1700 5114 ἀπὸ
1725 5062 1835 5115 τῶν

254 5150 515 5224 Γραφῶν,
544 5148 619 5213 ὡς
648 5151 756 5221 ἐγὼ
783 5152 944 5221 λέγω,
968 5154 1151 5225 ἔτερος
1178 5153 1441 5225 ἀγράφως
1468 5152 1836 5225 περιλείπεται

256 5238 408 5299 εῖναι
437 5242 591 5307 Θεὸς,
621 5244 1045 5315 προγνωστικδς,
1073 5246 1294 5309 τέλειος,
1320 5245 1588 5317 ἀνενδεὴς,
1609 5247 1831 5315 ἀγαθὸς,

1942 3125 2106 3179 etiam
2140 3125 2300 3181 nobis
2322 3123 2391 3179 ad
2419 3139 2518 3179 vos
2565 3122 2823 3194 profectis
2857 3140 2965 3180 non
2989 3124 3517 3190 credidistis.Quare

1943 3215 2311 3287 gratiﬁcantes
2359 3214 2537 3281 vobis,
2584 3214 2729 3270 ultro
2784 3230 3031 3280 oramus,
3066 3224 3127 3269 ut
3170 3231 3273 3285 pax
3324 3224 3512 3271 nostra

1942 3307 2127 3362 veniat
2161 3320 2328 3377 super
2361 3320 2481 3361 vos.
2515 3305 2573 3361 Si
2601 3320 2735 3376 ergo
2754 3321 2875 3361 eam
2909 3307 3107 3362 habere
3137 3307 3320 3371 vultis,
3351 3322 3516 3375 opor-

1944 3399 2021 3456 tet
2052 3388 2152 3455 vos
2179 3399 2349 3456 alacri
2398 3398 2587 3455 animo
2640 3399 2920 3467 suscipere
2976 3398 3193 3453 habitos
3220 3398 3287 3454 de
3316 3399 3517 3469 pietate

1941 3507 2245 3559 sermones,
2292 3500 2456 3561 atque
2486 3490 2596 3545 Deo
2626 3490 2878 3560 placitam
2907 3489 3158 3560 amplecti
3190 3488 3387 3555 vitam;
3430 3500 3511 3554 ut,

1940 3585 2031 3655 pia
2072 3585 2329 3655 justaque
2387 3584 2495 3639 vita
2522 3592 2817 3645 transacta,
2870 3596 3196 3638 :eternorum
3247 3582 3525 3644 bonorum

1940 3675 2183 3732 hairedes
2211 3676 2351 3731 sitis.

2008 3855 2252 3911 XXXVI.
2282 3857 2304 3889 ⁸
2336 3854 2467 3923 Qum
2502 3873 2625 3912 cum
2657 3856 2850 3913 Petrus
2885 3857 3117 3913 dixisset
3141 3898 3157 3924 ,
3190 3872 3257 3912 ac
3286 3854 3354 3912 de
3379 3872 3513 3927 ope—

1942 3950 2097 4006 ribus
2120 3948 2216 4004 Dei
2253 3950 2553 4015 docuisset,
2577 3961 2891 4022 quantaque
2911 3951 3064 4007 bona.
3096 3967 3127 4006 a
3157 3948 3269 4007 Deo
3301 3952 3526 4008 homini.

1941 4043 2054 4097 sint
2076 4042 2310 4107 donata;
2347 4051 2511 4113 atque
2541 4044 2711 4099 multa
2740 4044 3045 4100 monuisset
3068 4044 3135 4098 de
3166 4044 3506 4107 monarchia.

1940 4133 1993 4189 id
2014 4143 2100 4189 est
2128 4134 2291 4190 unius
2313 4134 2409 4191 Dei
2453 4134 2755 4206 principatu
2783 4178 2798 4202 ,
2860 4134 3063 4190 Simon.
3098 4144 3249 4190 extra
3295 4136 3508 4191 turbam

1938 4241 2072 4283 voce
2102 4242 2296 4298 magna
2349 4227 2501 4282 iniit:
2549 4226 2689 4293 Quid
2746 4233 3015 4283 astantem
3046 4227 3143 4283 tibi
3200 4227 3527 4298 imperitam.

1942 4319 2346 4375 multitudinem
2400 4319 2482 4375 vis
2507 4319 2818 4375 mentiendo
2858 4319 3142 4389 decipere,
3200 4319 3329 4374 dum
3381 4336 3507 4390 per-

1941 4411 2139 4466 suades
2163 4410 2265 4476 eis,
2298 4411 2441 4467 deos:
2481 4426 2581 4466 nec
2610 4411 2898 4471 nominare
2952 4411 3161 4465 licitum
3213 4426 3374 4479 esse,
3406 4428 3510 4466 nec

1940 4503 2162 4558 dicere?
2198 4517 2323 4558 cum
2365 4501 2565 4571 publici
2596 4500 2908 4557 Judaeorum
2958 4502 3079 4556 libri
3127 4502 3331 4556 multos
3374 4501 3507 4563 deos

1941 4593 2293 4651 assererem?
2328 4592 2392 4651 Et
2416 4608 2545 4647 vero
2568 4607 2716 4651 nunc
2767 4606 2949 4649 coram
3009 4592 3287 4657 omnibus,
3322 4607 3389 4647 ex
3438 4592 3506 4653 iis

1937 4684 2093 4743 libris
2124 4692 2303 4739 tecum
2334 4684 2611 4755 disputare
2636 4684 2758 4739 volo
2793 4683 2859 4738 de
2887 4698 2974 4746 eo,
3016 4684 3160 4753 quod
3185 4684 3333 4742 deos.
3359 4685 3501 4739 exsi-

1938 4784 2081 4832 stere
2111 4777 2182 4831 sit
2201 4775 2622 4833 existimandum
2657 4795 2669 4830 :
2703 4785 2755 4830 et
2784 4776 2937 4846 prius
2963 4776 3031 4831 de
3079 4790 3145 4831 eo
3192 4775 3302 4831 Deo
3341 4792 3512 4847 quem

1940 4869 2212 4939 protulisti
2233 4869 2498 4939 ,Oostendo
2519 4885 2641 4923 eum
2675 4883 2786 4925 non
2816 4883 2938 4924 esse
2963 4883 3273 4938 supremam
3304 4884 3370 4928 ae
3390 4884 3509 4923 om-

1937 4963 2270 5032 nipotentem
2294 4960 2732 5027 Providentiam;
2765 4960 2893 5031 quia
2920 4959 3256 5031 improvidus
3286 4958 3503 5016 futuro-

1937 5070 2060 5115 rum
2105 5063 2204 5117 est,
2273 5053 2660 5125 imperfectus,
2697 5053 2969 5123 indigens.
3011 5068 3077 5107 ac
3124 5054 3350 5113 omnino
3393 5070 3500 5109 non

1936 5148 2133 5203 bonus.
2182 5146 2322 5212 Quo,
2357 5146 2635 5209 nimirum,
2669 5146 3044 5203 demonstrato
3086 5159 3151 5198 ex
3183 5142 3502 5213 Scripturis,

1935 5238 2394 5311 quemadmodum
2415 5252 2515 5307 ego
2540 5251 2751 5304 assero,
2782 5246 2947 5291 restat
2981 5245 3039 5290 ut
3083 5237 3153 5290 sit
3199 5236 3339 5290 alius
3366 5234 3505 5291 Deus

1530 5404 1760 5460 VARUE
1802 5403 2199 5459 LECTlONES.

420 5540 469 5573 ”
514 5541 584 5593 al.
637 5539 1007 5611 πολεμάρχης.
1046 5541 1117 5594 al.
1158 5541 1461 5611 ταξίαρχος.

262 5609 433 5663 Marc.
493 5626 567 5674 νι,
630 5611 688 5664 ll
721 5629 734 5672 ;
777 5608 1038 5675 Ldus,
1070 5612 1122 5666 5.

1222 5611 1243 5643 ⁸
1282 5608 1361 5667 al;
1375 5608 1713 5681 άπιώμενοι.

263 5678 493 5734 Cedren.

1573 5540 1639 5571 ¹⁶⁰
1691 5540 1761 5595 al.
1807 5542 1971 5598 inscr.
2027 5542 2238 5615 μικρόν.

1824 5614 1845 5646 ⁸
1887 5612 2143 5675 Οίεηιὲηιζ
2202 5616 2350 5670 Ιιυιιι.
2413 5632 2473 5669 ιιι
2520 5655 2533 5679 ,
2566 5633 2613 5668 c.
2664 5612 2751 5676 58,
2802 5621 2901 5668 ctc.
2957 5614 2990 5667 Ι.
3040 5628 3083 5668 s.
3130 5615 3261 5671 {tera
3297 5631 3355 5679 ιι,
3406 5615 3493 5668 5?.

2344 5546 2359 5575 ¹
2416 5538 2640 5610 Recogn.
2672 5542 2704 5593 1.
2742 5550 2861 5606 tI,C-
2886 5541 2975 5596 30.
3055 5545 3074 5573 ’
3102 5540 3288 5596 Matth;
3322 5561 3375 5605 κ,
3409 5544 3492 5597 ιιι.
