4040 6146
492 197 599 256 699

1329 195 1395 252 ‘S.
1435 194 1820 259 CLEMENTIS
1853 197 1874 251 Ι
1911 197 2076 258 8031.
2116 195 2318 253 ΡΟΝΤ.
2357 196 2586 254 OPERA
2624 197 2851 257 DUBIA.

3629 202 3729 258 500

493 316 549 372 in
584 313 866 388 Scriptura
887 332 997 375 non
1024 327 1511 387 commemoratui,
1555 320 1817 390 praescius
1848 317 2061 376 futuro—

2162 319 2381 374 πάντων
2435 319 2856 392 ἀπηλλαγμένος
2903 319 3088 375 κακῶν
3107 337 3121 354 ·
3175 320 3234 375 ὃν
3289 319 3346 374 δι
3390 319 3456 375 σὺ
3511 322 3614 394 φῂς
3637 322 3729 393 δη-

493 424 639 478 rum,
663 410 960 481 perfectus,
995 429 1105 468 non
1149 411 1427 484 indigens,
1457 412 1658 477 bonus,
1699 412 1770 468 ab
1810 404 2067 473 omnibus

2169 413 2448 486 μιουργδν,
2483 416 2598 478 τοῖς
2639 414 2900 478 ἐναντίοις
2927 412 3298 486 ἀντικείμενος
3323 412 3596 485 τυγχάνει.

493 504 655 560 malis
683 502 822 560 liber
849 524 863 560 :
895 505 984 561 ille
1031 515 1211 560 autem
1236 520 1399 575 quem
1430 505 1691 575 loqueris,
1724 502 1914 560 mundi
1941 505 2064 576 opi-

493 593 605 661 fex,
636 598 929 653 contrariis
966 598 1251 668 oppositus
1277 605 1381 653 est.

565 686 829 744 XXXVII.
859 688 1054 745 Statim
1077 679 1228 760 ergo,
1277 689 1371 761 qui
1402 689 1469 746 ad
1497 689 1618 760 ejus
1651 690 2062 750 similitudinem

491 777 671 837 factus
697 788 802 846 est,
835 783 1097 846 Adamus,
1129 783 1294 839 etiam
1348 798 1527 841 caecus
1575 793 1812 852 creatur,
1840 793 2063 854 propter

492 871 639 940 quod
667 883 721 928 et
751 881 1127 944 transgressor
1148 876 1445 943 invenitur,
1485 889 1648 948 atque
1679 892 1711 932 a
1754 876 1866 932 Deo
1907 876 2062 946 ejici-

492 973 600 1031 tur,
635 975 918 1036 morteque
951 967 1265 1025 muletatur.
1303 967 1480 1023 Simili
1507 983 1726 1038 quoque
1751 967 1934 1034 modo,
1965 967 2058 1039 qui

492 1051 645 1106 tinxit
695 1053 869 1122 illum,
902 1057 1341 1127 quandoquidem
1379 1067 1573 1114 cuncta
1619 1073 1726 1112 non
1779 1058 1946 1123 videt,
2001 1059 2056 1112 in

490 1143 853 1201 Sodolnorum
884 1148 1072 1215 exitio,
1117 1147 1318 1214 Venite,
1367 1149 1565 1220 inquit,
1592 1159 1642 1205 et
1688 1150 2057 1206 descendentes

489 1237 776 1304 rideamus,
805 1255 873 1293 an
919 1241 1205 1296 secundum
1235 1242 1521 1298 clamorem
1568 1243 1823 1312 ipsorum,
1871 1243 1961 1313 qui
1987 1243 2056 1295 ad

487 1344 568 1384 me
598 1330 756 1394 venit,
788 1331 1106 1400 perﬁciant;
1137 1333 1218 1391 sin
1250 1333 1444 1400 minus,
1474 1342 1532 1390 ut
1556 1335 1724 1388 sciam
1755 1334 1798 1400 ⁸,
1820 1343 1875 1388 et
1899 1337 2055 1403 igna-

487 1433 609 1472 rum
651 1436 709 1475 se
730 1422 989 1476 ostendit.
1019 1421 1250 1488 Quando
1283 1434 1465 1480 autem
1506 1425 1640 1480 dicit
1685 1426 1752 1481 de
1801 1425 2054 1480 Adamo:

489 1511 785 1582 Ejiciamus
813 1531 954 1582 eum,
981 1533 1044 1570 ne
1081 1516 1223 1586 forte
1265 1527 1483 1572 extensa
1511 1534 1671 1572 manu
1700 1535 1798 1573 sua
1827 1519 2056 1588 attingat

484 1604 685 1676 lignum
717 1607 858 1672 vim,
880 1619 928 1660 et
959 1608 1219 1675 comedat,
1257 1619 1306 1664 et
1333 1609 1464 1664 vivet
1503 1609 1559 1663 in
1603 1617 1857 1664 (etei-num
1884 1608 1940 1672 ⁹;
1971 1607 2056 1662 in-

485 1696 652 1751 videt.
682 1695 930 1769 Cumque
953 1699 1216 1768 scriptum
1248 1708 1334 1756 est
1358 1717 1372 1754 :
1399 1699 1587 1754 Secum
1610 1700 1869 1768 reputavit
1892 1698 2056 1764 Deus,
2086 1684 2131 1742 Β

483 1789 624 1859 quod
645 1789 854 1859 fecisset
881 1791 1143 1847 Ιιοηιὶηευι
1178 1790 1257 1860 ¹⁶;
1295 1801 1349 1847 et
1388 1791 1708 1862 pmnitentia
1738 1791 1977 1856 ducitur,
2003 1799 2059 1847 et

486 1879 740 1948 ignorat:
770 1896 896 1936 nam
939 1880 1096 1949 illud,
1134 1898 1311 1938 secum
1361 1883 1644 1952 reputavit,
1691 1881 2058 1939 consideratio

483 1979 589 2038 est,
615 1987 723 2041 qua
749 1973 948 2044 aliquis
978 1975 1048 2030 ob
1078 1989 1269 2031 eorum
1296 1990 1419 2045 quae
1445 1973 1595 2045 cupit
1629 1974 2054 2045 ignorationem,

485 2060 649 2116 linem
679 2061 969 2134 diligenter
993 2064 1281 2135 explorare
1311 2065 1458 2133 vult;
1502 2073 1597 2120 aut
1622 2073 1706 2121 est
1743 2063 2058 2135 paenitentis

487 2154 558 2210 de
583 2170 642 2211 re
681 2173 800 2227 quae
830 2169 1024 2228 praeter
1053 2159 1380 2216 sententiam
1423 2159 1673 2229 contigit.
1711 2158 1868 2226 Quod
1891 2158 2057 2214 etiam

487 2247 753 2318 scriptum
784 2259 868 2306 est
893 2269 906 2305 :
937 2250 1203 2306 Oderatus
1239 2260 1317 2306 est
1353 2250 1616 2313 Dominus
1640 2252 1853 2307 odorem
1883 2250 2060 2308 suavi-

485 2341 612 2394 tatis
641 2341 719 2409 ";
750 2341 1041 2412 indigentis
1067 2353 1186 2407 est,
1216 2351 1272 2399 et
1321 2343 1514 2400 nidore
1545 2344 1794 2400 carnium
1823 2342 2060 2399 delecta-

485 2441 601 2490 tum
624 2435 816 2502 fuisse,
835 2452 943 2492 non
969 2437 1122 2498 boni.
1145 2437 1381 2493 Tentare
1397 2446 1607 2507 autem,
1631 2437 1775 2494 sicut
1789 2437 2057 2508 scriptum

484 2535 572 2586 est
605 2547 619 2584 :
690 2527 932 2584 Tentavit
984 2527 1242 2583 Dominus
1269 2529 1631 2584 Abrahamum
1662 2529 1735 2596 ¹⁶;
1788 2529 1919 2584 mali
1949 2536 2056 2595 est,

484 2635 550 2676 ac
577 2621 695 2690 ejus
719 2621 813 2692 qui
842 2621 1056 2692 ignoret
1077 2621 1283 2676 exitum
1313 2622 1609 2690 patientite.

556 2753 846 2809 XXXVIII.
873 2753 1074 2823 Sicque
1095 2751 1304 2818 Simon,
1339 2752 1524 2806 multis
1553 2751 1851 2822 Scriptura:
1872 2753 2056 2822 dictis,

487 2848 634 2902 male
661 2846 960 2916 assumptis
987 2845 1222 2915 probare
1249 2844 1526 2898 nitebatur
1554 2842 1724 2899 Deum
1750 2845 1973 2915 perinde
1993 2862 2059 2902 ac

488 2939 741 2994 homines
760 2937 911 2992 omni
933 2935 1274 3008 perpessioni
1296 2935 1595 2990 obnoxium
1626 2949 1768 2992 esse.
1793 2935 1934 2996 Tum
1955 2937 2058 2996 Pe-

2235 695 2498 754 XXXVli.
2537 698 2744 752 Αὐτίκα
2772 697 2904 767 γοῦν
2948 699 2978 752 6
3025 697 3148 753 καθ’
3173 696 3434 769 ὁμοίωσιν
3459 695 3622 751 αὐτοῦ
3644 715 3731 767 γε-

2162 790 2336 860 γονὼς
2381 791 2570 862 Ἀδάμ,
2601 791 2696 845 καὶ
2721 790 2921 860 τυφλὸς
2953 791 3196 856 κτίζεται
3217 791 3260 855 ⁸,
3299 791 3384 860 ἐφ’
3422 783 3468 858 ᾧ
3498 790 3591 843 καὶ
3629 807 3729 844 πα-

2162 882 2406 955 ραϐάτης
2441 881 2779 952 εὑρίσκεται,
2828 884 2924 936 καὶ
2956 881 3051 936 τοῦ
3109 883 3132 917 ⁸
3171 881 3308 936 Θεοῦ
3334 883 3356 916 ¹¹
3398 881 3730 946 ἐκϐάλλεται,

2160 976 2253 1029 καὶ
2282 975 2495 1046 θανάτῳ
2519 979 2862 1047 τιμωρεῖται.
2929 975 3159 1047 Ὁμοίως
3205 992 3266 1028 τε
3309 974 3406 1029 καὶ
3452 974 3480 1027 6
3529 973 3734 1037 πλάσας

2159 1069 2341 1133 αὐτὸν,
2365 1069 2489 1122 ἐπεὶ
2546 1069 2620 1140 μὴ
2650 1069 2720 1122 τά
2769 1069 2949 1123 πάντα
2974 1069 3097 1139 ὁρᾷ,
3123 1068 3215 1121 ἐπὶ
3250 1069 3319 1142 τῇ
3359 1067 3610 1138 Σοδόμων
3638 1083 3734 1120 κα-

2156 1163 2455 1234 ταστροφῇ·
2503 1160 2703 1225 Δεῦτε,
2732 1161 2900 1230 λέγει,
2950 1159 3052 1217 καὶ
3087 1158 3453 1227 καταϐάντες
3504 1158 3732 1228 ἴδωμεν,

2155 1255 2208 1305 ει
2258 1253 2409 1307 κατὰ
2464 1251 2579 1320 τὴν
2645 1250 2918 1321 κραυγὴν
2971 1250 3170 1306 αὐτῶν
3230 1251 3345 1320 τὴν
3408 1250 3738 1320 ἐρχομένην

2156 1341 2306 1410 πρὸς
2327 1341 2403 1411 μὲ
2434 1343 2904 1408 συντελοῦνται,
2934 1345 2988 1397 ει
3030 1342 3100 1396 δὲ
3141 1341 3252 1412 μὴ,
3295 1343 3396 1396 ἵνα
3449 1339 3605 1411 γνῶ·
3643 1342 3735 1397 καὶ

2157 1433 2458 1502 ἀγνοοῦντα
2490 1435 2684 1489 ἑαυτὸν
2733 1435 2991 1492 δείκνυσι.
3043 1434 3134 1505 Τῷ
3161 1434 3217 1488 δὲ
3246 1435 3422 1492 εἰπεῖν
3475 1433 3604 1504 περὶ
3645 1431 3736 1486 τοῦ

2170 1525 2339 1596 Ἀδάμ
2359 1543 2371 1555 ·
2420 1525 2799 1599 Ἐκϐἁλωμεν
2825 1526 3032 1591 αὐτὸν,
3070 1525 3155 1595 μή
3186 1535 3312 1592 πως
3337 1525 3610 1590 ἐκτείνας
3629 1522 3744 1592 τὴν

2159 1617 2329 1686 χεῖρα
2381 1617 2570 1676 αὐτοῦ
2632 1618 2860 1686 ἅψηται
2914 1618 3020 1672 τοῦ
3059 1617 3254 1682 ξύλου
3311 1615 3422 1685 τῆς
3471 1614 3620 1684 ζωῆς
3645 1614 3741 1669 καί

2157 1708 2338 1779 φάγῃ,
2375 1708 2474 1763 καὶ
2512 1708 2677 1776 (eius:
2710 1710 2748 1742 “
2780 1711 2869 1777 εὶς
2926 1709 3034 1764 τὸν
3079 1708 3293 1774 αἰῶνα,
3324 1707 3517 1778 φθονεῖ
3542 1708 3605 1764 ”.
3633 1707 3741 1762 Καὶ

2157 1799 2236 1870 τῷ
2291 1800 2643 1872 γεγράφθαι,
2723 1802 2836 1856 ὅτι*
2922 1801 3291 1872 Ἑνεθυμήθη
3363 1804 3397 1858 ὁ
3455 1801 3604 1869 Θεὸς
3655 1800 3742 1856 ὅτι

2157 1891 2409 1960 ἐποίησε
2436 1893 2545 1950 τὸν
2570 1893 2911 1962 ἄνθρωπον
2965 1895 3062 1950 καὶ
3095 1896 3364 1965 μετανοεῖ,
3401 1895 3502 1949 καὶ
3529 1895 3736 1964 ἀγνοεϊο

2157 1983 2220 2037 τὸ
2250 1983 2360 2056 γὰρ
2409 1984 2768 2054 ἐνεθυμήθη,
2825 1985 3018 2056 σκέψις
3067 1985 3207 2051 ἐστὶ,
3292 2003 3379 2050 τις
3428 1985 3503 2044 δι’
3523 1987 3739 2056 ἄγνοιαν

2157 2069 2232 2131 ὧν
2267 2075 2535 2146 βούλεται,
2584 2076 2647 2130 τὸ
2684 2075 2841 2140 τέλος
2895 2077 3202 2152 ἀκριϐῶσαι
3249 2078 3416 2146 θέλει,
3463 2079 3497 2151 ἢ
3535 2080 3628 2133 ἐπὶ
3663 2079 3740 2150 τῷ

2158 2167 2312 2239 παρὰ
2344 2167 2388 2200 ⁸³
2427 2167 2652 2240 γνώμην
2706 2169 2972 2226 ἀποϐάντι
3031 2171 3506 2244 μεταμελουμένου
3544 2174 3604 2228 ⁸⁵.
3633 2173 3741 2228 Καὶ

2157 2259 2218 2313 τὸ
2239 2260 2548 2332 γεγράφθαι
2605 2261 2689 2314 ὅτι
2734 2260 2776 2298 ⁸⁸
2795 2277 2834 2302 ’μ
2884 2260 3225 2332 Ὠσφράνθη
3269 2264 3489 2333 Κύριος
3542 2264 3742 2334 ὀσμήν

2157 2353 2428 2420 εὐωδίας,
2475 2352 2690 2418 ἐνδεοῦς
2737 2355 2876 2419 ἐστι,
2905 2355 2999 2409 καὶ
3045 2356 3108 2408 τὺ
3153 2357 3247 2411 ἐπὶ
3273 2355 3480 2430 -κνίσσῃ
3523 2355 3742 2428 σαρκῶν

2159 2445 2412 2519 ἡσθῆναι,
2470 2446 2571 2500 οὐκ
2632 2446 2859 2516 ἀγαθοῦ.
2912 2448 2991 2502 Τὸ
3047 2447 3105 2503 δὲ
3163 2448 3472 2520 πειράζειν,
3530 2449 3606 2512 ὡς
3645 2446 3742 2517 γέν

2157 2553 2403 2607 γραπται
2459 2538 2542 2591 ὅτι
2593 2539 2634 2568 ⁸⁷
2656 2554 2669 2566 '
2725 2538 3023 2607 Ἐπείραζε
3050 2541 3268 2608 Κύριος
3317 2541 3424 2596 τὸν
3464 2538 3741 2610 Ἀϐραὰμ,

2159 2630 2350 2694 κακοῦ,
2373 2631 2468 2684 καὶ
2503 2630 2566 2684 τὸ
2593 2631 2747 2693 τέλος
2780 2631 2879 2701 τῆς
2909 2631 3186 2702 ὑπομονῆς
3212 2632 3551 2701 ἀγνοοῦντος.

2229 2739 2523 2796 XXXVIII.
2577 2741 2756 2813 Ὀμῶς
2779 2745 2808 2796 6
2833 2744 3015 2813 Σίμων
3041 2742 3214 2797 πολλὰ
3252 2745 3354 2815 τῆς
3392 2744 3620 2814 Γραφῆς
3643 2759 3747 2796 κσ-

2159 2830 2270 2894 κῶς
2297 2815 2676 2902 ἐκλαμϐάνων,
2697 2832 2962 2887 δεικνύειν
2989 2833 3219 2886 ἔσπευδε
3241 2833 3406 2887 παντὶ⁸
3447 2833 3615 2890 πάθει
3634 2836 3747 2898 τοῖς

2159 2922 2465 2994 ἀνθρώποις
2478 2923 2680 2994 ὁμοίως
2709 2923 2801 2979 τδν
2840 2924 2974 2979 Θεὸν
3019 2924 3400 2996 ὑποκείμενον.
3437 2924 3552 2977 Καὶ
3580 2927 3610 2978 6
3637 2923 3748 2976 Πέ-

484 3042 634 3084 trus:
663 3027 767 3094 An,
802 3026 1004 3096 inquit,
1037 3025 1130 3096 qui
1159 3026 1338 3083 malus
1360 3042 1424 3083 ac
1461 3025 1617 3096 plane
1638 3026 1920 3097 improbus
1947 3037 2053 3097 est,

2157 3029 2318 3084 τροςο
2351 3015 2417 3068 Et
2440 3014 2606 3086 μηδὲν
2642 3015 2920 3087 “arani,
2975 3015 3163 3088 φησὶν,
3193 3018 3223 3070 6
3263 3015 3436 3079 κακὸς
3468 3014 3566 3070 καὶ
3600 3014 3750 3068 πάνυ

484 3121 802 3176 nullatenus.
818 3118 946 3174 velit
973 3133 1034 3173 se
1064 3117 1181 3186 ipse
1225 3133 1457 3189 arguere
1485 3118 1540 3173 in
1596 3118 1664 3174 iis
1697 3134 1819 3189 qua:
1841 3129 2051 3190 peccat,

487 3210 758 3280 responde
783 3208 938 3263 mihi.
978 3207 1166 3262 Simon
1207 3206 1523 3277 respondit:
1557 3205 1781 3263 Minime
1809 3208 1960 3262 velit.
1991 3207 2057 3263 Et

483 3302 713 3357 Petrus:
739 3299 860 3366 Quo
884 3299 1049 3353 modo
1073 3299 1240 3370 igitur
1279 3298 1458 3356 maius
1497 3313 1563 3353 ac
1606 3299 1890 3369 improbus
1933 3315 2056 3355 esse

485 3401 664 3464 potest
709 3391 892 3457 Deus,
946 3404 1072 3444 eum
1107 3389 1278 3459 ipsius
1329 3388 1612 3444 voluntate
1659 3387 1951 3458 opprobria
1998 3388 2055 3442 in

484 3485 636 3541 illum
668 3482 997 3551 conscripta,
1019 3480 1238 3550 publice
1262 3479 1542 3550 proposita
1556 3477 1706 3535 sint?
1732 3478 1812 3534 Ac
1839 3477 2054 3534 Simon:

485 3577 629 3633 Fieri
654 3584 851 3646 potest,
884 3583 944 3628 ut
974 3574 1124 3630 illius
1152 3573 1507 3643 reprehensio
1559 3572 1696 3629 citra
1721 3571 1896 3642 ipsius
1930 3587 2058 3628 sena

484 3668 709 3723 tentiam
753 3667 822 3721 ab
851 3666 959 3725 alia
1003 3663 1218 3719 Virtute
1269 3665 1342 3719 sit
1384 3666 1608 3733 scripta.
1651 3663 1797 3718 Dixit
1824 3662 2053 3719 Petrus:

485 3759 730 3819 Primum
763 3771 893 3826 ergo
932 3757 1035 3810 hoc
1069 3770 1401 3825 quaeramus.
1435 3755 1492 3809 Si
1536 3769 1639 3810 suo
1670 3755 1892 3825 quidem
1925 3771 2058 3809 eon-

486 3849 611 3906 silio
639 3865 699 3904 se
727 3847 1094 3919 reprehendit,
1130 3854 1192 3902 ut
1222 3855 1279 3900 tu
1311 3846 1466 3916 prius
1492 3846 1635 3902 ultro
1664 3846 1952 3904 confessus
1974 3863 2056 3914 es,

487 3943 774 4012 improbus
795 3955 904 3995 non
925 3949 1043 3996 est:
1073 3939 1158 3994 sin
1186 3954 1315 3994 vero
1342 3939 1447 3996 alia
1494 3938 1706 3996 Virtute
1727 3980 1744 4008 ,
1776 3940 2060 4010 inquiren-

485 4034 617 4090 dum
639 4026 840 4090 est'ae
882 4031 1142 4094 omnibus
1187 4030 1398 4087 viribus
1428 4031 1879 4098 examinandum,
1923 4048 2056 4090 num

486 4124 612 4195 quis
642 4138 768 4180 eum
794 4123 890 4199 qui
925 4123 1078 4178 solus
1109 4123 1286 4180 bonus
1329 4123 1550 4190 existat,
1589 4123 1847 4179 omnibus
1899 4124 2058 4184 malis

486 4215 800 4286 subiecerit.

2159 3104 2454 3178 μοχθηρὸς,
2489 3106 2578 3176 ἐφ’
2604 3100 2687 3170 οἷς
2721 3107 3027 3179 ἁμαρτάνει
3054 3106 3246 3161 ἑαυτὸν
3288 3106 3536 3177 ἐλέγχειν
3557 3148 3572 3172 ,
3613 3105 3752 3161 ἀπό-

2157 3197 2339 3262 κριναί
2367 3215 2476 3268 μοι.
2504 3198 2616 3251 Καὶ
2635 3198 2664 3250 6
2691 3197 2908 3269 Σίμων·
2951 3199 3064 3255 Οὐκ
3105 3199 3316 3269 ἀγαπᾷ,
3349 3197 3458 3269 ἔφη
3481 3214 3498 3234 ε
3555 3196 3670 3251 Kal.
3718 3196 3750 3254 ὁ

2158 3289 2396 3360 Πέτρων
2426 3287 2552 3352 Πῶς
2575 3282 2669 3344 οὖν
2713 3287 2882 3351 κακὸς
2918 3288 3013 3342 καὶ
3056 3288 3326 3361 μοχθηρὸς
3352 3283 3494 3342 εἶναι
3521 3287 3747 3342 δύναται

2157 3381 2185 3432 6
2207 3379 2357 3444 θεὸς,
2380 3378 2540 3451 εἴπερ
2567 3377 2738 3434 αὑτοῦ
2762 3377 3032 3450 θελήματι
3058 3377 3127 3436 τὰ
3174 3381 3294 3432 κατ’
3322 3377 3494 3434 αὑτοῦ
3531 3377 3682 3432 δεινά
3699 3377 3748 3411 ’⁸

2157 3467 2390 3540 δημοσίᾳ
2417 3468 2698 3540 γραφέντα
2724 3467 3027 3540 προετέθης
3062 3468 3174 3522 Kal.
3193 3470 3221 3522 6
3241 3467 3444 3539 Σίμων’
3501 3468 3745 3539 Ἔνδέχε-

2157 3575 2248 3613 ται
2272 3557 2348 3629 μὴ
2381 3557 2524 3611 κατὰ
2549 3557 2869 3630 προαίρεσιν
2903 3555 3070 3610 αὑτοῦ
3095 3557 3184 3627 ὑφ’
3231 3557 3424 3628 ἑτέρας
3447 3557 3746 3629 Δυνάμεως

2160 3645 2250 3699 τὸν
2274 3646 2396 3700 κατ’
2415 3643 2595 3698 αὐτῶν
2617 3645 2894 3718 γραφῆναι
2913 3643 3156 3715 ἔλεγχον,
3194 3646 3306 3699 Καὶ
3323 3648 3351 3698 ὁ
3369 3646 3581 3718 Πέτρος
3607 3645 3740 3717 ἔφη’

2160 3735 2383 3807 Πρῶτον
2403 3730 2494 3788 οὖν
2513 3735 2673 3789 τοῦτο
2692 3736 3034 3807 ζητήσωμεν.
3060 3737 3123 3789 Et
3152 3737 3248 3809 μὲν
3291 3736 3396 3789 ὑπὸ
3423 3737 3525 3808 τῆς
3547 3735 3742 3791 ἑαυτοῦ

2160 3827 2354 3899 βουλῆς
2372 3826 2567 3882 ἑαυτοῦ
2598 3827 2842 3898 ἧλεγξεν,
2871 3827 2947 3890 ὼς
2981 3827 3192 3898 φθάσας
3216 3828 3279 3880 σὺ
3304 3829 3574 3901 πρότερον
3595 3831 3745 3901 ὡμοο

2157 3918 2416 3988 λόγησας,
2452 3916 2725 3988 μοχθηρὸς
2747 3909 2849 3972 cui
2878 3917 3054 3973 ἐστιν·
3103 3919 3154 3978 εί
3181 3918 3238 3972 δὲ
3275 3919 3372 3972 καὶ
3417 3921 3510 3990 ὑφ’
3553 3919 3744 3993 ἑτέρας

2141 4006 2457 4079 Δυνάμεως,
2497 4005 2759 4080 ζητητέον
2787 4007 2882 4062 καὶ
2914 4009 3080 4066 παντὶ
3095 4009 3271 4067 σθένει
3293 4009 3632 4077 ἐξεταστέον,
3667 4010 3740 4082 μή

2157 4111 2240 4158 τις
2258 4094 2421 4148 αὑτὸν
2471 4094 2629 4165 μόνον
2665 4087 2869 4174 ἀγαθὸν
2905 4096 3057 4164 ὅντα,
3103 4099 3198 4152 ἐπὶ
3242 4100 3380 4153 πᾶσι
3394 4103 3509 4166 τοῖς
3555 4102 3743 4165 κακοῖς

2160 4187 2398 4248 ὑπέλαϐε
2426 4189 2494 4242 ⁸⁸.

555 4329 801 4392 XXXIX.
843 4328 911 4386 Et
941 4327 1164 4384 Simon:
1192 4328 1540 4387 Manifestum
1580 4341 1664 4385 est
1692 4337 1744 4387 te
1768 4330 1913 4385 nolle
1961 4345 2058 4386 au-

2233 4345 2478 4403 ΧΧΧΙΧ.
2510 4347 2621 4403 Καὶ
2656 4350 2686 4403 6
2733 4348 2948 4420 Σίμων·
2993 4349 3265 4422 Πρόδηλος
3309 4347 3364 4404 εἷ
3389 4352 3607 4423 φεύγων
3636 4349 3741 4406 ἀπὸ

488 4423 605 4480 dire
629 4437 697 4478 ex
731 4420 1029 4497 Seripturis
1053 4421 1535 4492 reprehensionem
1569 4421 1663 4478 Dei
1692 4423 1793 4478 tui.
1841 4423 1920 4480 Ac
1956 4422 2058 4478 Pe—

488 4523 634 4570 trus:
663 4515 790 4584 ipse
811 4512 863 4567 id
887 4511 1068 4568 facere
1095 4512 1229 4566 mihi
1260 4512 1494 4579 videris;
1527 4511 1623 4586 qui
1645 4511 1789 4570 enim
1807 4513 2055 4570 ordinem

487 4607 810 4677 quaestionis
863 4607 1020 4670 vitat,
1072 4621 1301 4662 examen
1348 4621 1536 4662 verum
1591 4607 1708 4666 ﬁeri
1757 4622 1868 4662 non
1921 4608 2054 4671 vult.

489 4696 644 4754 Unde
664 4714 764 4770 ego
792 4698 886 4773 qui
910 4698 1101 4754 ordine
1126 4708 1271 4763 utor,
1300 4707 1355 4754 et
1375 4699 1496 4754 volo
1532 4701 1771 4770 primum
1818 4701 2054 4771 scripto-

487 4804 603 4845 rem
651 4788 1026 4856 considerari;
1061 4789 1348 4845 manifeste
1396 4793 1561 4862 cupio
1587 4801 1735 4852 recta
1784 4795 1872 4848 via
1905 4793 2058 4850 ince-

490 4881 638 4935 dere.
669 4878 806 4935 Tum
836 4880 1062 4936 Simon:
1094 4879 1280 4938 Primo
1308 4881 1498 4948 fatere,
1526 4900 1595 4940 an
1624 4900 1749 4942 vera
1780 4885 1891 4941 sint
1936 4901 2059 4964 qua:

491 4972 694 5042 scripta
717 4981 847 5027 sunt
871 4972 926 5026 in
951 4973 1139 5032 mundi
1170 4973 1453 5043 opiﬁcem;
1481 4989 1578 5030 nec
1601 4976 1672 5031 sit
1697 4978 1942 5034 omnium
1972 4995 2059 5035 su-

490 5079 734 5134 premus,
768 5079 892 5119 cum
943 5064 1100 5134 juxta
1132 5063 1446 5136 Seripturas
1480 5069 1630 5123 omni
1684 5072 1941 5140 nequitias
1988 5073 2059 5129 sit

492 5157 806 5224 obnoxius;
841 5167 895 5212 ct
919 5167 1106 5228 postea
1138 5160 1456 5227 scriptorem
1494 5179 1824 5220 quaeremus.
1866 5164 2058 5222 Petrus

2160 4439 2268 4499 τῶν
2283 4441 2516 4513 Γραφῶν
2540 4439 2772 4503 ἀκοῦσαι
2787 4439 2877 4495 τὸν
2915 4442 3056 4495 κατὰ
3073 4441 3167 4496 τοῦ
3193 4441 3328 4495 Θεοῦ
3367 4461 3462 4498 σου
3505 4443 3736 4512 ἔλεγχον.

2161 4531 2273 4585 Καὶ
2301 4527 2354 4584 6’
2363 4531 2595 4602 Πέτρος·
2623 4530 2798 4594 Αὐτός
2824 4547 2913 4602 μοι
2961 4531 3127 4605 φαίνῃ
3153 4531 3310 4586 τοῦτο
3337 4535 3539 4589 ποιῶν·
3580 4535 3608 4587 6
3636 4533 3739 4604 γάρ

2159 4623 2312 4688 τάξιν
2339 4621 2621 4694 ζητήσεως
2651 4623 2889 4692 φεύγων,
2927 4623 3170 4689 ἐξέτασιν
3201 4624 3378 4699 ἀληθῆ
3410 4627 3660 4698 γενέσθαι
3679 4624 3738 4677 οὐ

2162 4714 2430 4786 βούλεται.
2473 4713 2638 4768 Ὅθεν
2675 4715 2786 4784 ἐγὼ
2818 4717 2884 4786 τῇ
2915 4716 3065 4782 τάξει
3094 4716 3400 4791 χρώμενος,
3434 4722 3527 4774 καὶ
3559 4717 3738 4791 βουλό-

2167 4823 2325 4878 μενος
2349 4805 2564 4875 πρῶτον
2580 4806 2671 4859 τὸν
2693 4807 3013 4877 συγγραφέα
3037 4807 3311 4880 νοηθῆναι,
3346 4811 3611 4884 πρόδηλός
3628 4811 3737 4879 εἰμι

2161 4893 2258 4974 τὴν
2282 4893 2496 4954 εὐθεῖαν
2520 4894 2725 4950 ὁδεύειν
2749 4896 2937 4950 θέλων.
2961 4898 3112 4951 Καὶό
3135 4899 3314 4970 Σίμων
3330 4918 3346 4936 ι
3385 4902 3739 4973 Ὀμολόγησον

2164 4987 2399 5058 πρῶτον,
2430 4985 2482 5039 εῐ
2501 5003 2564 5055 γε
2590 4986 2658 5040 τὰ
2698 4987 2837 5041 κατὰ
2874 4987 2969 5041 τοῦ
3011 4989 3342 5070 δημιουργοῦ
3381 4991 3737 5065 γεγραμμένα

2165 5078 2342 5149 ἀληθῆ
2360 5080 2495 5143 ἐστι,
2526 5079 2735 5136 καὶούκ
2756 5079 2901 5133 ἐστιν
2924 5080 2952 5134 6
2979 5079 3248 5135 «cavam
3282 5084 3572 5156 ἀνώτερος,
3601 5082 3737 5138 κατά

2162 5171 2261 5235 τὰς
2303 5171 2526 5243 Γραφάς
2553 5172 2702 5244 πάσῃ
2724 5171 3079 5242 ὑποκείμενος
3111 5173 3406 5246 μοχθηρίᾳ,
3458 5177 3554 5230 καὶ
3580 5175 3736 5228 ὔστε-

1771 5285 2004 5341 ῩΑιὶῐίΕ
2042 5287 2380 5345 LECTIONE
2390 5289 2446 5344 S.

564 5393 694 5477 τοι.
767 5394 1079 5477 adds-mal"
1108 5398 1308 5477 γνῶσιν
1350 5398 1552 5477 ἀγαθοῦ
1585 5407 1744 5477 "cpbe
1789 5403 1822 5471 ἢ
1863 5403 2034 5477 κακοῦ
2091 5404 2163 5475 μὴ
2198 5406 2337 5475 ἔχων
2358 5406 2699 5477 γνωρίζεται.

491 5463 1233 5543 {.ditinoparadiso-Clitae.“
1284 5473 1305 5504 "
1335 5463 1413 5543 al.
1453 5463 1801 5543 παραδείσου.

739 5531 780 5566 ’θ’
811 5537 882 5589 al.
924 5538 1018 5590 καὶ
1051 5538 1250 5606 φθονεῖ.
1333 5539 1376 5572 ⁸³
1416 5540 1485 5594 al.

1908 5475 1930 5504 ⁸
1969 5474 2102 5546 Gen.
2132 5474 2286 5546 xviii,
2323 5477 2411 5530 ‘21.
2478 5474 2510 5508 “⁹
2544 5477 2678 5531 Gen.
2718 5492 2802 5541 ιιι,
2836 5477 2927 5532 22.
3017 5480 3060 5511 ¹⁰
3095 5478 3230 5534 Gen.
3283 5497 3360 5546 vt,
3417 5474 3472 5536 6.

588 5549 708 5617 [ηκ-
739 5541 898 5617 "_al_.'
924 5541 1018 5617 διαὶ
1051 5541 1250 5617 φθονεῖ.
1333 5541 1376 5572 ⁸⁸
1416 5541 1485 5594 al.
1534 5541 1606 5613 μὴ
1633 5543 1799 5617 nata.
1840 5545 1910 5597 al.
1953 5546 2076 5598 κατέ

2193 5545 2237 5577 ⁵⁸
2276 5547 2346 5600 al.
2397 5546 2850 5617 μεταμελομένου.
2931 5548 2974 5580 ⁸⁵
3003 5549 3070 5604 al.
3109 5551 3234 5611 Καί.

495 5600 636 5665 Si."
666 5607 708 5641 "
747 5607 818 5659 al.
856 5607 984 5661 Καί.
1063 5600 1108 5641 ³⁸
1140 5607 1276 5664 Gen.
1313 5625 1446 5678 χχιι,
1479 5600 1546 5665 1.’
1594 5600 1654 5645 ἰ’
1684 5613 1755 5667 al.
1801 5616 1894 5686 μή.
1975 5617 2018 5648 ²⁰
2053 5632 2076 5669 a

2166 5617 2327 5672 κακά.
2397 5601 2446 5649 ⁸³⁸
2501 5600 2736 5670 ὐῖιτὲδοῖλε
2805 5600 3062 5684 σίεηιειιί.Ξ

2817 5415 2838 5444 ⁸
2875 5405 3038 5463 Forte
3069 5407 3164 5462 τοῦ
3211 5408 3354 5463 θείου
3387 5409 3730 5482 παραδείσου,

2836 5477 2927 5532 22.
3017 5480 3060 5511 ¹⁰
3095 5478 3230 5532 Gen.
3283 5497 3360 5532 vt.
3417 5483 3472 5532 6.
3570 5481 3613 5512 “
3659 5478 3730 5532 al.

3358 5551 3404 5584 “
3440 5552 3577 5607 Gen.
3603 5563 3728 5614 vni.
