4040 6146
371 188 471 248 ⁸01

1162 181 1618 241 CLEMENTINA.
1651 213 1718 224 -—
1758 180 2054 239 EPI'I‘OME
2089 181 2179 238 DE
2212 180 2456 248 GESTIS
2490 182 2548 239 S.
2587 181 2808 240 PETRI.

3485 173 3586 234 503

373 328 464 385 ρον
481 309 786 383 ζητήσομεν
820 312 869 344 ¹⁹
899 310 991 368 τὸν
1031 310 1436 383 συγγράψαντα.
1491 313 1602 367 Kal
1626 313 1656 365 6
1692 311 1926 382 Πέτροςο

2031 314 2242 366 autem:
2274 306 2352 363 Ne
2383 307 2440 364 id
2459 308 2528 364 de
2564 323 2652 364 me
2680 307 2954 372 videatur,
2981 299 3306 376 respondeo.
3333 298 3446 372 Ego
3475 298 3584 363 aio,

373 405 491 459 Ἵνα
518 401 593 474 μὴ
637 401 772 470 δόξω
807 403 890 469 ³³,
919 403 1300 476 ἀποκρίνομαι.
1360 401 1499 472 Ἐγώ
1552 419 1690 474 φημι
1739 403 1822 457 ὅτι
1861 402 1932 457 τὰ

369 493 626 549 δοκοῦντά
654 511 736 548 σοι
771 493 946 550 ταῦτα
972 494 1115 549 κατὰ
1138 493 1272 549 Θεοῦ
1289 494 1618 566 γεγράφθαι,
1635 494 1807 568 ἀληθῆ
1831 494 1930 566 μέν

370 589 544 642 ἔστιν’
578 584 714 639 ἀλλὰ
741 585 836 640 καὶ
861 584 1054 650 οὕτως,
1073 584 1225 641 οῦπω
1250 587 1342 641 τὸν
1363 586 1492 640 Θεὸν
1517 586 1754 642 δείκνυσι
1790 579 1928 659 ’μοχ-

371 677 553 749 θηρόν.
571 677 680 732 Kal
714 678 744 731 6
772 678 973 750 Σίμων’
1015 678 1142 743 Πῶς
1173 673 1287 743 οὖν,
1316 677 1442 750 ἔφη,
1471 679 1631 734 τοῦτο
1666 681 1929 753 συστῆσαι

367 768 586 825 δύνασαι
607 785 623 837 ;

435 861 552 916 XL.
577 862 688 916 Kal
713 864 741 918 6
760 862 992 936 Πέτρος⁹
1027 862 1131 918 Τὸν
1170 862 1340 937 Ἀδὰμ
1376 864 1576 936 τυφλὸν
1601 863 1782 934 λέγεις
1805 881 1929 935 γεν-

365 951 608 1024 νηθῆναι,
641 953 777 1025 ὅπερ
794 954 894 1008 οὐκ
920 949 1008 1026 ἦν.
1050 955 1126 1008 Οὐ
1152 955 1261 1028 γὰρ
1287 954 1355 1010 ἂν
1395 955 1580 1028 τυφλῷ
1617 955 1928 1030 ἐντελλόμε-

365 1059 451 1106 νος
469 1042 708 1096 ἐδείκνυε
734 1042 936 1113 λέγων⁹
996 1043 1126 1100 Ἀπὸ
1154 1043 1223 1098 δὲ
1253 1044 1356 1100 τοῦ
1385 1045 1574 1110 ξύλου
1619 1046 1725 1101 τοῦ
1755 1047 1926 1116 γινώ-

364 1149 532 1188 σκειν
550 1133 739 1188 καλὸν
765 1134 864 1188 καί
891 1135 1176 1204 πονηρὸν,
1201 1135 1286 1206 μὴ
1313 1137 1632 1206 γεύσησθε.
1665 1139 1776 1192 Kal
1792 1140 1821 1193 6
1839 1139 1927 1193 Σί-

364 1240 477 1296 μων
504 1223 839 1296 μεταϐαλών·
876 1224 1086 1299 Τυφλὸν
1114 1225 1309 1294 ἐλεγεει
1351 1227 1442 1281 τὸν
1465 1228 1590 1282 νοῦν
1616 1226 1926 1283 αὑτοῦ.Καὶ

358 1317 388 1368 6
406 1315 628 1388 Πέτρος·
655 1315 779 1382 Πῶς
806 1317 900 1372 καὶ
929 1315 1020 1370 τὸν
1063 1315 1187 1372 νοῦν
1221 1317 1420 1386 τυφλὸς
1459 1319 1687 1389 ἠδύνατο
1708 1317 1868 1386 εἶναι,
1895 1323 1924 1375 6

357 1404 462 1476 πρὸ
486 1403 581 1458 τοῦ
605 1404 902 1475 γεύσασθαι
928 1403 1022 1458 τοῦ
1052 1405 1239 1476 φυτοῦ,
1268 1405 1570 1478 συμφώνως
1583 1408 1661 1480 τῷ
1679 1410 1923 1465 κτίσαντι

355 1493 514 1549 αὑτὸν
531 1497 705 1549 οίκεῖα
731 1497 895 1551 πᾶσιν
919 1495 1127 1559 ἐπιθεὶς
1167 1499 1280 1560 τοῖς
1321 1497 1481 1563 ζώοις
1511 1499 1782 1571 ὀνόματα;
1814 1501 1922 1554 Kal

352 1585 609 1658 ὁΣίμων·
638 1589 700 1642 Εί
732 1587 1038 1658 πρόγνωσιν
1068 1585 1214 1660 εῖχεν
1255 1589 1454 1662 Ἀδὰμ,
1484 1590 1638 1645 διὰτί
1670 1592 1732 1646 οὐ
1760 1591 1921 1664 προέ-

2029 399 2154 468 ista,
2205 415 2328 470 qua:
2371 399 2467 455 tibi
2513 409 2802 455 censentur
2832 399 3092 463 adversus
3133 395 3302 450 Deum
3359 391 3582 461 scripta,

2026 507 2154 547 vera
2187 491 2405 562 quidem
2429 506 2586 558 esse;
2616 505 2807 544 verum
2840 490 3003 546 etiam
3031 491 3132 557 sic,
3152 502 3260 544 non
3298 485 3584 542 ostendere

2027 584 2196 642 Deum
2224 599 2345 640 esse
2382 583 2711 654 improbum.
2730 581 2834 649 Qui
2857 596 3008 651 ergo,
3037 579 3213 651 inquit
3243 576 3454 646 Simon,
3477 573 3583 631 hoc

2024 685 2182 748 potes
2210 677 2524 732 astruere?‘

2095 855 2208 916 XL.
2247 858 2293 891 "
2322 859 2392 914 At
2423 857 2655 915 Petrus:
2697 857 2966 914 Adamum
2991 855 3128 912 dicis
3150 869 3351 910 caacum
3379 852 3581 908 forma-

2026 961 2140 1008 tum
2169 967 2323 1020 esse;
2347 950 2494 1022 quod
2518 961 2696 1006 tamen
2721 951 2810 1006 ille
2837 966 2942 1005 non
2971 959 3106 1005 erat.
3129 945 3246 1003 Non
3271 945 3414 1002 enim
3437 961 3580 1002 caeo

2023 1043 2343 1116 praecipiens
2369 1043 2716 1107 ostendisset,
2742 1058 2807 1099 ac
2834 1043 3096 1100 dixisset:
3133 1040 3218 1094 De
3243 1040 3385 1108 tigno
3409 1047 3581 1093 autent

2023 1135 2256 1189 scientiae
2284 1133 2403 1188 boni
2426 1143 2476 1188 et
2505 1133 2635 1186 mali
2668 1150 2730 1188 ne
2755 1134 2971 1205 gustetis
2997 1133 3065 1188 ”.
3096 1131 3160 1187 Et
3191 1130 3381 1187 Simon
3404 1129 3580 1184 inver-

2023 1236 2143 1282 tens
2173 1224 2484 1293 resliondit:
2535 1223 2748 1280 Caecam
2791 1225 2928 1280 dixit
2981 1234 3214 1280 mentem
3256 1222 3448 1292 ipsius.
3503 1218 3583 1274 Ac

2021 1313 2246 1372 Petrus:
2295 1314 2412 1382 Qua
2450 1315 2665 1374 ratione
2718 1324 2900 1372 mente
2954 1330 3132 1372 caecus
3181 1329 3300 1370 esse
3347 1317 3580 1383 poterat,

2021 1407 2113 1478 qui
2133 1417 2422 1476 antequam
2447 1415 2718 1478 gustasset
2740 1405 3001 1474 fructum,
3021 1406 3404 1463 convenienter
3426 1416 3582 1458 crea-

2021 1499 2127 1555 tori
2155 1499 2350 1569 ipsius,
2401 1498 2616 1570 propria
2648 1499 2902 1554 omnibus
2944 1498 3270 1552 animalibus
3324 1493 3583 1566 imposuit

2021 1591 2282 1646 nomina?
2313 1590 2500 1647 Simon
2527 1606 2690 1647 vero:
2718 1590 2774 1646 Si
2806 1591 3048 1646 Adamus
3073 1589 3456 1660 praenotionem
3483 1587 3582 1642 ha-

351 1692 464 1745 γνω
491 1677 584 1732 τὸν
611 1678 710 1743 τὴν
739 1681 970 1748 γυναῖκα
996 1680 1159 1735 αὑτοῦ
1185 1683 1538 1754 ἀπατήσαντα
1564 1683 1720 1754 ὅφιν;
1757 1684 1868 1738 Kal
1886 1686 1915 1739 6

2018 1682 2158 1749 buit,
2189 1697 2359 1752 quare
2396 1696 2504 1736 non
2537 1682 2805 1752 pra‘novit
2832 1690 3138 1752 serpentem
3169 1683 3261 1752 qui
3285 1680 3403 1752 ejus
3438 1695 3578 1735 uxo-

350 1768 586 1840 Πέτρος·
634 1768 699 1823 Εί
726 1769 1030 1842 πρόγνωσιν
1083 1771 1156 1843 μὴ
1200 1766 1344 1842 εἶχεν
1401 1773 1568 1844 Ἀδὰμ
1590 1815 1605 1839 ,
1645 1773 1763 1836 πῶς
1803 1775 1916 1838 τοῖς

350 1860 486 1924 υἱοῖς
507 1859 669 1914 αὐτοῦ
695 1861 830 1933 πρὸς
853 1861 952 1928 τὰς
966 1863 1225 1936 ἐσομένας
1248 1864 1476 1937 πράξεις
1490 1866 1606 1939 ἅμα
1634 1867 1712 1940 τῷ
1726 1884 1916 1939 γεννη-

348 1949 528 2022 θῆναι,
555 1951 743 2006 καὶτὰ
767 1953 1004 2026 ὀνόματα
1050 1956 1385 2026 ὲπιτέθεικες
1419 1957 1512 2012 τὸν
1567 1958 1664 2031 μὲν
1699 1959 1915 2031 πρῶτον

345 2042 583 2108 καλέσας
605 2045 765 2111 Κάῖν,
785 2045 815 2098 6
837 2046 1200 2119 ἑρμηνεύεται
1228 2047 1424 2119 ζῆλος,
1450 2050 1509 2116 ὃς
1541 2051 1638 2105 καὶ
1666 2047 1913 2123 ζηλώσας

345 2137 523 2192 ἀνεῖλε
545 2139 638 2194 τὸν
679 2139 903 2210 ἀδελφὸν
948 2141 1114 2198 αὐτοῦ
1160 2143 1251 2198 τὸν
1281 2143 1465 2211 Ἀὗελ,
1502 2143 1532 2198 6
1557 2145 1913 2217 ἑρμηνεύεται

344 2228 563 2298 πένθος
578 2248 594 2266 ·
629 2231 715 2285 ἐπ’
740 2232 888 2304 αὐτῷ
937 2233 1046 2310 γὰρ
1068 2233 1267 2308 πρώτῳ
1283 2237 1590 2306 φονευθέντι
1607 2238 1911 2311 ἐπένθησαν

342 2321 393 2376 oi
415 2326 610 2392 γονεῖς.
641 2325 704 2378 Εί
729 2325 785 2380 δὲ
817 2326 985 2399 ’Δδάμ
1008 2327 1167 2399 ἔργον
1190 2327 1324 2384 Θεοῦ
1358 2329 1652 2403 ὑπάρρχων
1667 2331 1911 2403 πρόγνω-

345 2427 428 2464 σιν
460 2407 594 2484 εῐχε,
617 2413 798 2488 πολλῷ
831 2415 1030 2488 μᾶλλον
1052 2418 1081 2472 6
1103 2418 1512 2492 δημιουργήσας
1547 2419 1709 2478 αὐτὸν
1755 2423 1906 2488 Θεός.

342 2501 416 2556 Σὺ
432 2502 516 2568 δὲ,
538 2497 582 2558 ὦ
603 2503 804 2578 Σίμων,
831 2506 1020 2573 κακῶς
1045 2509 1182 2564 νοῶν
1211 2509 1312 2576 τὰς
1355 2509 1502 2576 θείας
1524 2511 1747 2586 Γραφὰς
1764 2553 1779 2580 ,
1818 2532 1907 2585 φι-

345 2592 574 2667 iuben“.

405 2765 542 2824 XLI.
575 2768 650 2824 T6
677 2770 735 2826 δὲ
761 2772 1070 2846 γεγράφθαι
1088 2793 1103 2808 ο
1164 2776 1520 2852 Ἐνεθυμήθη
1543 2784 1578 2839 ό
1623 2784 1766 2854 Θεὸς
1785 2827 1801 2856 ,
1829 2784 1907 2852 ὡς

336 2855 581 2949 λογισμῷ
599 2864 946 2936 χρησαμένου
977 2866 1066 2922 διὰ
1093 2868 1192 2940 τὴν
1238 2869 1488 2940 ἄγνοιανο
1513 2873 1594 2928 ἔτι
1636 2875 1743 2949 μὴν
1776 2855 1902 2933 ιιαι·

348 2945 900 3072 ΞῗιειίραζέχΚύριοὶ
931 2957 1322 3072 τὸζλἉϐρααμ
1339 3001 1355 3028 ,
1389 2963 1475 3017 ἵνα
1515 2945 1649 3072 γνῷ-
1677 2945 1741 3072 εἰ.
1769 2968 1903 3072 ὑπε-
1928 3011 1972 3072 c

333 3040 504 3115 νέγκῃ
521 3060 535 3075 ’
580 3047 675 3099 καὶ
715 3046 801 3099 τό·
847 3048 1223 3117 Καταϐάντες
1256 3051 1472 3122 ῑδωμεν
1510 3056 1563 3110 εί
1603 3057 1752 3112 κατὰ
1787 3057 1903 3129 τὴν

333 3133 603 3204 κραυγὴν
649 3137 847 3193 αὐτῶν
901 3138 1018 3208 τὴν
1042 3140 1375 3212 ἐρχομένην
1398 3145 1546 3214 πρὸς
1595 3147 1675 3220 μὲ
1692 3164 1905 3206 συντε-

330 3225 579 3281 λοῦνται
595 3243 607 3257 ·
639 3229 694 3282 εὶ
722 3227 790 3283 δὲ
810 3228 1032 3301 μὴ,ϊνα
1044 3230 1192 3302 γνῶ·
1222 3235 1314 3288 καὶ
1339 3235 1426 3290 ἵνα
1447 3237 1522 3309 μὴ
1540 3240 1618 3302 είς
1641 3239 1777 3296 πολὺ
1799 3258 1904 3314 μη-

331 3316 479 3372 κύνω
502 3318 596 3372 τὸν
623 3319 778 3390 λόγον
796 3361 811 3385 ,
845 3323 987 3395 σαφῆ
1009 3323 1106 3396 τὴν
1127 3323 1363 3382 διάνοιαν
1401 3328 1494 3382 καὶ
1519 3328 1806 3400 διάγνωσιν
1843 3334 1900 3388 al

332 3412 520 3483 ῥήσεις
542 3412 752 3484 ἔχουσιν
777 3410 954 3482 αῦται,
993 3415 1067 3489 μὴ
1093 3419 1592 3488 καταγινώσκουσαι
1638 3423 1734 3478 τοῦ
1763 3424 1897 3480 Θεοῦ

327 3501 570 3569 ἄγνοιαν,
609 3505 713 3560 κᾶν
731 3505 827 3578 τήν
856 3506 954 3580 σήν
977 3508 1133 3563 τοῦτο
1157 3509 1422 3585 διαφεύγῃ
1447 3511 1678 3568 διάνοιαν
1702 3516 1746 3552 ³⁸
1764 3532 1778 3547 ·
1819 3516 1898 3571 ὅτι

326 3593 384 3648 δὲ
403 3595 569 3661 ὅντως
591 3598 975 3670 προγινώσκει,
1003 3601 1150 3672 λέγει
1168 3602 1246 3676 τῷ
1277 3604 1550 3677 Ἀϐραάμ·
1576 3605 1898 3663 Γινώσκων

2013 1788 2126 1828 rem
2157 1773 2406 1844 decepit?
2430 1773 2666 1828 Rursum
2695 1773 2888 1830 Petrus
2914 1790 2927 1827 :
2976 1773 3032 1827 Si
3057 1775 3444 1844 praenotionem
3467 1787 3580 1828 non

2013 1864 2207 1920 habuit
2236 1862 2501 1930 Adamus,
2536 1879 2646 1936 quo
2676 1865 2838 1920 modo
2867 1864 2995 1920 ﬁliis
3026 1862 3163 1930 suis,
3186 1863 3349 1918 simul
3375 1879 3438 1918 ac
3465 1863 3578 1918 nati

2012 1966 2175 2024 sunt,
2219 1956 2384 2013 etiam
2433 1956 2655 2013 nomina
2714 1957 2974 2028 imposuit
3021 1957 3322 2013 secundum
3364 1955 3580 2011 futuras

2011 2049 2294 2106 actiones?
2316 2049 2552 2120 primum
2576 2065 2798 2116 vocans,
2827 2048 2986 2116 Cain,
3015 2049 3162 2120 quod
3192 2050 3578 2119 interpretatur

2011 2140 2321 2220 (emutatio;
2349 2140 2653 2212 quietiam,
2675 2139 3022 2195 aemulatione
3070 2139 3268 2215 ductus
3299 2136 3575 2193 interiecit

2010 2232 2232 2290 fratrem
2273 2249 2432 2303 suum
2455 2232 2610 2301 Abel,
2638 2232 2783 2303 quod
2813 2232 3197 2302 interpretatur
3222 2231 3433 2296 luctus;
3475 2245 3575 2284 su-

2007 2341 2104 2397 per
2131 2340 2196 2381 eo
2226 2325 2495 2396 siquidem
2531 2325 2711 2396 primo
2737 2323 2957 2392 occiso,
3002 2333 3254 2393 parentes
3291 2322 3572 2376 luxerunt.

2008 2415 2163 2485 Quod
2193 2415 2526 2485 siAdamus,
2577 2416 2670 2487 qui
2721 2414 2815 2470 Dei
2845 2430 2984 2485 opus
3041 2422 3179 2480 erat,
3232 2413 3572 2485 praenotione

2006 2505 2265 2577 praeditus
2292 2505 2430 2574 fuit;
2478 2506 2650 2561 multo
2674 2505 2848 2576 magis
2874 2505 2968 2576 qui
2991 2505 3234 2562 condidit
3252 2520 3378 2560 eum
3404 2505 3568 2564 Deus.

2007 2595 2088 2652 Tu
2123 2605 2325 2665 autem,
2361 2612 2394 2653 o
2432 2595 2643 2662 Simon,
2667 2612 2792 2652 cum
2839 2597 2982 2652 male
3038 2595 3312 2668 intelligas
3358 2595 3574 2655 divinas

2009 2689 2342 2761 Scripturas,
2367 2691 2621 2746 obturato
2645 2704 2739 2744 ore
2766 2698 2903 2745 tace.

2074 2779 2213 2839 XLI.
2245 2780 2420 2836 Porro
2452 2779 2602 2852 quod
2640 2779 2905 2851 scriptum
2933 2785 3050 2834 est:
3081 2775 3271 2833 Secum
3310 2785 3570 2848 reputavtt

2005 2873 2147 2928 Deus
2173 2873 2239 2940 ³⁸,
2269 2873 2429 2945 quasi
2464 2881 2652 2928 utatur
2680 2871 3101 2928 ratiocinatione
3145 2880 3366 2942 propter
3409 2871 3569 2942 igno-

2003 2963 2238 3020 rantiam
2256 2981 2271 3031 ;
2296 2973 2349 3019 et
2365 2963 2570 3021 adhuc:
2597 2955 2835 3016 Tentavit
2857 2959 3111 3015 Dominus
3129 2960 3487 3015 Abrahamum
3503 2961 3569 3029 "',

2005 3062 2066 3108 ut
2088 3064 2442 3125 cognosceret
2464 3070 2532 3108 an
2567 3055 2614 3111 is
2641 3054 2805 3110 ferret
2835 3053 3135 3125 patienter:
3183 3052 3316 3107 illud
3365 3051 3567 3107 etiam:

2006 3143 2386 3200 Descendentes
2407 3143 2699 3212 videamus,
2729 3160 2798 3197 an
2819 3124 3108 3199 secundum
3131 3141 3410 3195 clamorem
3426 3141 3570 3210 ipso-

2003 3251 2161 3304 rum,
2210 3237 2299 3306 qui
2353 3237 2490 3291 venit
2541 3235 2610 3289 ad
2661 3252 2759 3303 me,
2815 3236 3121 3306 perﬁciant;
3152 3234 3235 3287 sin
3287 3234 3481 3301 minus,
3506 3241 3567 3286 ut

1999 3330 2169 3385 sciam
2195 3328 2277 3382 '3:
2308 3343 2373 3383 ac
2399 3343 2467 3384 ne
2495 3342 2800 3383 sermonem
2825 3326 3042 3396 longius
3079 3326 3419 3396 protraham,
3449 3325 3564 3381 cla-

1999 3437 2122 3477 rum
2155 3435 2376 3476 sensum
2417 3435 2481 3475 ac
2501 3418 2832 3474 intellectum
2877 3418 3076 3472 habent
3121 3430 3185 3470 ea
3230 3417 3561 3484 testimonia,

2000 3529 2100 3570 nec
2122 3511 2290 3568 Deum
2327 3512 2394 3567 de
2424 3510 2727 3581 ignorantia
2755 3517 3018 3579 arguunt;
3051 3507 3177 3562 licet
3205 3506 3258 3562 id
3283 3516 3433 3562 tuam
3469 3506 3561 3563 fu-

1997 3606 2108 3680 giat
2146 3605 2577 3676 intelligentiam.
2629 3600 2786 3670 Quod
2834 3609 3016 3656 autem
3055 3614 3242 3655 revera
3288 3601 3562 3670 praesciat,

324 3684 532 3756 γνώσῃ
562 3687 648 3742 ὅτι
676 3689 960 3759 πάροικον
987 3693 1158 3749 ἕσται
1187 3695 1252 3750 τὸ
1295 3697 1532 3768 σπέρμα
1571 3715 1686 3754 σου
1717 3699 1787 3754 ἐν
1817 3700 1896 3770 τῇ
1927 3692 1932 3698 ’

2007 3700 2116 3755 ideo
2141 3697 2269 3754 dicit
2285 3697 2631 3753 Abrahamo:
2660 3693 2884 3751 Sciendo
2902 3694 3055 3759 scies,
3080 3693 3217 3764 quod
3231 3695 3560 3765 peregrinum

324 3777 436 3830 οὐκ
469 3776 612 3846 ἰδίᾳ·
635 3780 732 3836 καὶ
756 3781 1174 3840 δουλώσουσιν
1199 3788 1367 3856 αὐτὸ,
1403 3788 1767 3859 κακώσουσι,
1796 3791 1896 3846 καί
1920 3784 1932 3795 ’

2007 3791 2095 3848 erit
2123 3806 2293 3847 semen
2319 3798 2466 3843 tuum
2488 3792 2543 3842 in
2577 3799 2716 3844 terra
2747 3804 2850 3843 non
2883 3805 3015 3854 sua;
3057 3796 3107 3844 et
3154 3787 3208 3842 in
3265 3787 3560 3844 servitutem

321 3869 804 3928 ταπεινώσουσιν
844 3875 1064 3944 αὐτοὺς
1121 3878 1225 3948 ἐτη
1278 3881 1654 3948 τετρακόσια·
1713 3883 1778 3939 τὸ
1825 3883 1894 3937 δὲ

2007 3883 2228 3953 ἐάὶθειιι
2252 3881 2409 3948 illud,
2442 3891 2492 3936 et
2518 3881 2766 3951 alﬂigent,
2793 3888 2843 3935 et
2875 3881 3165 3951 depriment
3185 3897 3272 3934 eos
3299 3879 3559 3950 quadrin-

321 3959 499 4027 eam;
512 3960 559 4026 ᾧ
578 3961 686 4018 ἐὰν
704 3963 1077 4022 δουλεύσωσι
1098 3970 1276 4039 κρινῶ
1290 3971 1405 4042 ἐγώ
1422 3989 1435 4002 ·
1452 3974 1604 4043 μετὰ
1617 3975 1685 4028 δὲ
1709 3977 1895 4032 ταῦτα

2007 3974 2161 4045 gentis
2189 3973 2373 4026 annis:
2425 3957 2648 4043 gentem
2675 3980 2847 4026 autem
2879 3972 2966 4025 cui
2992 3972 3234 4039 servient,
3293 3987 3385 4042 ego
3405 3970 3557 4040 judi-

321 4051 746 4116 ἐξελεύσονται
768 4057 882 4112 ὦδε
893 4061 1044 4130 μετὰ
1065 4063 1412 4134 ἀποσκευῆς
1439 4066 1677 4137 πολλῆς
1694 4086 1708 4099 ο
1730 4066 1812 4123 σὺ
1825 4069 1894 4123 δὲ

2007 4063 2120 4120 :abo
2137 4080 2158 4118 :
2189 4073 2304 4135 post
2327 4064 2437 4118 hazc
2458 4079 2578 4118 vero
2596 4047 2808 4120 exibunt
2832 4062 2931 4116 huc
2953 4080 3069 4118 cum
3089 4063 3255 4117 multo
3273 4072 3556 4134 apparatu:

319 4143 632 4216 ἀπελεύσῃ
661 4149 808 4217 πρὸς
835 4151 976 4218 τοὺς
1009 4153 1266 4222 πατέρας
1304 4172 1420 4211 σου
1458 4158 1585 4228 μετ’
1627 4159 1889 4231 εἰρήνης,

317 4235 648 4304 τραφεὶςὲν
688 4239 839 4310 γήρᾳ
879 4243 1042 4309 καλῷ
1062 4261 1074 4276 ·
1123 4247 1368 4318 τετάρτῃ
1407 4248 1476 4302 δὲ
1517 4251 1695 4321 γενεᾷ
1738 4253 1886 4307 ἀπο-

1995 4165 2054 4210 tu
2083 4164 2257 4210 autem
2292 4154 2458 4209 abibis
2484 4154 2554 4207 ad
2587 4163 2760 4223 patres
2785 4161 2900 4208 tuos
2929 4171 3048 4208 cum
3063 4171 3210 4225 pace,
3241 4156 3474 4210 nutritus
3501 4157 3556 4209 iu

1993 4259 2255 4307 senectute
2281 4248 2448 4303 bona:
2471 4254 2667 4320 quarta
2706 4263 2821 4301 vero
2859 4247 3192 4317 generatione
3237 4257 3556 4302 revertentur

317 4328 768 4398 στραφήσονται
803 4333 935 4390 ὦδε.
966 4337 1151 4393 Ταῦτα
1196 4339 1252 4394 δὲ
1304 4343 1519 4406 πάντως
1569 4343 1705 4416 μετὰ
1757 4345 1884 4398 πολ·
1915 4358 1932 4414 ι

2007 4342 2176 4396 rme”.
2216 4341 2282 4396 Et
2308 4355 2442 4397 sane
2468 4341 2573 4396 ista
2615 4348 2888 4410 quaepost
2934 4337 3134 4392 multas
3179 4337 3554 4407 generationes

317 4417 415 4482 λὰς
437 4419 480 4451 ⁸⁸
512 4421 623 4493 ἄρα
643 4425 1010 4498 συμϐήσεσθαι
1037 4430 1293 4500 μέλλοντα
1321 4436 1512 4503 γενεὰς
1533 4438 1598 4501 ³²,
1617 4440 1884 4510 προγινώ-

319 4514 540 4582 σκοντρς
565 4516 681 4569 ἐστι
705 4519 797 4572 καὶ
823 4520 1132 4588 σαφέστατα
1157 4523 1376 4588 εἰδότος.

384 4604 546 4660 XLII.
588 4608 651 4662 Ἠ
673 4611 770 4681 μὲν
802 4607 895 4665 οῦν
916 4615 1262 4685 περὶτούτων
1291 4617 1536 4688 ζήτησις,
1567 4621 1756 4684 καὶείς
1769 4622 1884 4692 τρί-

312 4714 412 4768 την
448 4703 790 4772 παρετείνετο
822 4704 919 4778 τὴν
957 4707 1190 4780 ἡμέραν,
1244 4710 1658 4784 ἐπιφωσκούσης
1702 4714 1758 4768 δὲ
1786 4715 1883 4784 τῆς

311 4793 601 4864 τετάρτης,
633 4797 810 4865 φυγὰς
833 4800 861 4851 6
885 4800 1064 4870 Σίμων
1103 4804 1184 4866 είς
1220 4801 1393 4874 Τύρον
1438 4801 1626 4875 ᾤχετο.
1682 4805 1792 4860 Καὶ
1820 4807 1880 4860 οὐ

308 4884 454 4953 μετὰ
480 4885 682 4950 πολλὰς
711 4889 926 4961 ἡμέρας
975 4891 1231 4960 ἀφίκοντό
1274 4910 1417 4957 τινες
1457 4895 1665 4949 ἐκεῖθεν
1711 4899 1883 4967 ἑπαγ-

313 4975 590 5042 γέλλοντες
621 4979 667 5011 ³⁵
695 4979 774 5052 τῷ
814 4982 1023 5055 Πέτρῳ,
1049 4984 1128 5038 ὅτι
1169 4984 1346 5062 Σίμων
1372 4987 1582 5058 μεγάλα
1603 4988 1880 5060 θαυμάσια

310 5063 366 5120 ὶν
387 5067 550 5140 Τύρῳ
579 5071 767 5137 ποιῶν,
791 5072 1017 5139 πολλοὺς
1048 5076 1156 5130 τῶν
1185 5079 1299 5131 ἐκεῖ
1326 5079 1647 5151 κατέπληξε,
1693 5080 1785 5134 καὶ
1819 5079 1880 5133 σέ

383 5184 636 5242 ’Μειιειιι
659 5188 837 5260 legere
859 5190 1062 5260 ἔλεγον,
1095 5191 1304 5262 Latine,
1333 5194 1467 5250 disi.
1501 5193 1661 5251 Eorr.
1693 5197 1929 5253 Ριτιιοι..

1989 4443 2250 4492 eventura
2277 4441 2454 4500 erant,
2475 4431 2766 4488 ostendunt
2809 4430 2953 4500 quod
2983 4437 3305 4499 praenoscat,
3338 4437 3392 4484 et
3436 4443 3544 4484 ma-

1992 4525 2346 4582 nifestissime
2368 4524 2764 4580 ac-certissime
2791 4522 2946 4578 sciat.

2059 4614 2220 4670 XLII.
2248 4615 2293 4647 ³³
2327 4617 2516 4685 Itaque
2537 4615 2605 4670 de
2635 4614 2755 4670 istis
2795 4614 2958 4669 rebus
2996 4611 3279 4681 inquisitio
3331 4610 3399 4665 ad
3441 4619 3549 4665 ter-

1987 4709 2122 4765 tium
2157 4725 2374 4780 quoque
2397 4709 2539 4764 diem
2572 4709 2833 4778 producta
2858 4713 2961 4762 est.
2987 4704 3192 4773 Quarto
3214 4712 3394 4760 autem
3425 4705 3549 4759 illne-

1983 4813 2229 4859 cescente
2253 4845 2268 4868 ,
2302 4802 2492 4856 Simon
2544 4801 2597 4856 in
2643 4799 2844 4872 Tyrum
2875 4798 3002 4871 fuga
3052 4813 3111 4856 se
3150 4797 3407 4868 abripuit.
3437 4795 3548 4853 Nec

1982 4895 2170 4950 multis
2202 4903 2327 4964 post
2354 4893 2546 4947 diebus
2571 4891 2793 4962 quidam
2841 4889 2990 4946 illinc
3017 4899 3300 4957 venerunt,
3354 4889 3430 4946 ita
3456 4904 3545 4944 re-

1981 4987 2295 5042 nuntiantes
2331 4984 2525 5041 Petro:
2563 4983 2772 5050 Simon,
2801 4998 3024 5053 magnas
3046 4981 3364 5058 \pra‘stigias
3417 4979 3544 5056 Tyri

1980 5078 2211 5146 edendo,
2243 5077 2444 5135 multos
2466 5077 2766 5132 incolarum
2798 5074 3062 5147 perculit;
3103 5085 3262 5144 teque
3293 5072 3542 5145 pluribus

1567 5310 1801 5365 VARUE
1837 5311 2240 5368 LECTIONES.

371 5393 527 5471 ’Lal.
589 5395 938 5471 ζητήσωμεν.

300 5467 353 5540 ς,
384 5465 476 5540 ξε,
509 5475 614 5523 etc.
644 5465 654 5468 ⁷
697 5465 744 5503 ³³
784 5465 920 5526 Gen.
957 5487 1018 5535 ιι,
1051 5471 1139 5526 I7.
1218 5476 1264 5507 “
1304 5475 1437 5530 Gen.
1462 5491 1537 5540 VI,
1574 5465 1627 5531 θ’.

297 5530 348 5610 ξ’
387 5534 642 5610 (ἔθη-χχιι,
670 5540 757 5599 I5.
868 5541 911 5572 ³¹
953 5530 1023 5596 aI.
1069 5545 1162 5597 καὶ
1207 5544 1276 5599 τὰ
1331 5530 1569 5610 πολλαῖς.

299 5601 746 5677 ἀπαγγέλλοντες.

1049 5401 1095 5433 ’³
1133 5401 1204 5457 al.
1247 5403 1370 5459 add.
1413 5404 1709 5474 ἀντιλέγειν
1769 5424 1861 5460 σου
1901 5409 1968 5478 τῇ
2012 5406 2199 5480 ἀταξίᾳ

1051 5471 1139 5526 I7.
1218 5476 1264 5507 “
1304 5475 1437 5530 Gen.
1462 5491 1537 5540 VI,
1574 5475 1627 5531 6.
1705 5478 1751 5510 π
1791 5477 1927 5533 Gen.
1967 5495 2104 5543 xxn,
2147 5481 2199 5533 1.

1678 5546 1721 5581 ³³
1763 5549 1833 5602 al.
1877 5537 2107 5617 γενεαῖς.
2186 5550 2232 5582 ⁸³
2266 5537 2518 5606 Clement.
2569 5537 2719 5604 hom.
2770 5566 2853 5616 ιιι,
2913 5565 2962 5605 c.
3015 5549 3103 5614 58,
3163 5537 3264 5606 istc.

1935 5409 1968 5478 ᾗ
2012 5406 2226 5480 ἀταξίᾳ,
2278 5409 2351 5481 μὴ
2382 5408 2566 5481 θέλων
2604 5407 2803 5480 ζητεῖν.
2883 5410 2928 5441 ³⁵
2975 5406 3415 5481 σΙεηιεηιειιοω.
3450 5423 3536 5470 ttt,

2918 5482 2962 5512 ’⁸
3002 5483 3070 5531 al.
3127 5477 3535 5549 ἁμϐλυμπίαιέ
3595 5487 3602 5496 ’

2277 5480 2501 5575 ξθϐειι.
2558 5496 2718 5544 xvm,
2745 5481 2836 5534 21.
2918 5482 2962 5512 ’⁸
3127 5480 3512 5600 ἀμωυςιπίανί

2277 5540 2518 5603 -Iement.
2569 5551 2719 5603 hom.
2770 5566 2853 5603 ιιι.
2913 5565 2962 5603 e.
3015 5549 3103 5603 58.
3163 5559 3264 5603 etc.
3374 5549 3422 5590 ³⁸
3460 5548 3512 5603 al
