4040 6146
451 213 554 272 505

1289 219 1345 274 S.
1387 218 1776 278 CLEMENTIS
1811 221 1834 278 I
1871 217 2256 281 ROM.PONT.
2297 228 2528 285 OPEHA
2566 230 2792 288 DUBIA.

3563 237 3668 295 504

449 331 736 386 calumniis
758 334 1015 393 odiosum
1051 339 1247 397 effecit.
1294 340 1428 408 Quae
1471 351 1754 414 postquam
1809 347 2009 402 audivit

2110 352 2328 418 πολλαῖς
2349 355 2620 420 διαϐολαῖς
2649 357 2872 428 μισητὸν
2907 355 3149 428 ἐποίησε.
3179 356 3363 410 Ταῦτα
3385 354 3618 417 ἀκούσας
3636 354 3668 407 ό

449 419 670 487 Petrus,
702 423 1006 496 insequenti
1039 439 1216 496 nocte,
1247 434 1399 486 omni
1424 436 1626 503 populo
1647 449 2002 508 congregato:

448 512 491 542 ³⁸
523 513 994 586 Quandoquidem,
1029 522 1225 592 inquit,
1267 538 1392 578 cum
1418 542 1518 595 ego
1549 543 1895 596 properarem
1936 529 2003 584 ad

447 613 653 672 gentes,
685 624 805 677 quae
832 613 1032 666 multos
1063 614 1196 668 deos
1246 625 1520 682 asserunt,
1559 628 1616 673 ut
1656 620 2002 688 praedicarem

445 710 510 748 ac
549 697 799 755 docerem
843 718 1012 756 unum
1035 718 1157 759 esse
1187 703 1355 759 Deum
1391 706 1442 759 in
1499 709 1672 763 tribus
1717 712 1962 780 personis
1985 753 2001 778 ,

408 782 416 789 ’
444 798 744 845 creatorem
773 795 894 848 cmli
922 803 974 849 et
995 804 1170 865 terrai,
1190 800 1542 869 omniumque
1567 818 1687 870 qum.
1709 803 1758 855 in
1793 802 1858 857 iis
1873 818 2004 858 con-

447 878 703 945 tinentur,
735 897 845 951 quo
877 884 1143 954 homines,
1175 889 1371 944 dilecto
1395 904 1480 954 eo,
1510 899 1731 962 possent
1772 891 2002 947 salutem

445 976 700 1044 consequi
724 993 737 1042 ;
763 979 1097 1045 praeveniens
1125 980 1396 1045 diabolus,
1421 983 1694 1038 Simonem
1719 985 2000 1052 praemisit,

446 1075 505 1120 ut
526 1068 880 1135 persuaderet
917 1070 1232 1128 hominibus
1262 1075 1496 1136 cunctis,
1545 1075 1722 1129 colere
1749 1077 1879 1130 deos
1909 1077 2000 1144 qui

443 1173 550 1210 non
582 1169 732 1222 sunt,
762 1171 926 1230 utque
958 1172 1272 1218 recusarent
1299 1165 1517 1220 credere
1547 1166 1598 1220 in
1624 1183 1792 1222 unum
1831 1166 2000 1247 Deum

441 1251 534 1318 qui
568 1251 817 1307 universa
843 1255 1107 1321 condidit,
1135 1264 1246 1310 tum
1275 1257 1532 1320 visibilis,
1552 1267 1664 1312 tum
1689 1258 1998 1326 invisibilia;

444 1341 648 1398 idcirco
674 1353 887 1412 Oportet
917 1360 1003 1399 me
1046 1346 1159 1402 cito
1210 1348 1426 1418 assequi
1458 1365 1605 1416 cum,
1653 1366 1720 1405 ne
1755 1351 2000 1406 doctrina

443 1430 706 1499 Simonis,
733 1436 1263 1505 diutiusimmorata,
1285 1455 1473 1495 omnes
1496 1441 1714 1511 penitus
1735 1442 1972 1496 invadat.

507 1544 690 1601 XLIII.
730 1547 908 1614 Quare
955 1564 1177 1605 necesse
1204 1559 1286 1605 est
1335 1551 1533 1621 aliquis
1560 1569 1657 1622 pro
1703 1569 1786 1608 me
1819 1553 1998 1608 locum

439 1652 618 1691 meum
642 1638 907 1708 suppleat.
933 1638 1112 1710 Atque
1132 1642 1315 1697 cuncti
1340 1641 1507 1696 Deum
1531 1643 1733 1698 intente
1755 1660 1997 1710 oremus,

2108 445 2330 517 Πέτρος,
2347 451 2413 520 τῇ
2433 449 2659 522 ἐπιούσῃ
2676 451 2829 503 νυκτὶ
2844 449 3019 503 πάντα
3039 448 3130 502 τδν
3151 447 3274 502 λαὸν
3293 445 3453 501 συναθ
3462 444 3663 517 ροίσαςο

2117 537 2350 608 Ἐπειδὴ,
2397 539 2578 608 φησὶν,
2621 539 2894 610 ὁρμῶντός
2931 556 3030 610 μου
3057 541 3136 601 είς
3171 537 3241 591 τὰ
3277 537 3404 608 ἔθνη
3434 535 3504 590 τά
3539 534 3668 589 πολ-

2103 629 2229 692 λοὺς
2257 628 2412 692 θεοὺς
2444 629 2688 698 λέγοντα,
2715 629 2946 702 κηρύξαι
2967 632 3060 684 καὶ¹
3091 629 3297 696 διδάξαι
3330 630 3413 682 ὅτι
3449 624 3528 691 εἷς
3551 627 3665 680 ἐστι

2103 721 2236 784 Θεὸς
2263 722 2320 775 ἐν
2338 723 2514 792 τρισὶν
2539 723 2916 789 ὑποστάσεσιν,
2970 722 3030 786 δς
3063 723 3287 796 οὐρανὸν
3317 722 3494 776 ἔκτισε
3514 761 3530 787 ,
3571 719 3666 774 καῖ⁸

2101 811 2347 884 τὴνιγῆν,
2371 814 2465 867 καὶ
2494 814 2562 867 τά
2605 816 2661 866 ἐν
2691 815 2871 878 αὐτοῖς
2896 815 3091 879 πάντα,
3119 816 3264 878 ὅπως
3288 815 3664 885 ἀγαπήσαντες

2102 905 2264 958 αὐτὸν
2294 907 2345 958 oi
2388 907 2658 978 ἄνθρωποι
2694 906 2926 977 σωθῆναι
2975 906 3270 978 δυνηθῶσν
3308 903 3600 978 προλαϐὼν
3635 904 3665 956 ό

2101 997 2361 1061 διάϐολος,
2406 997 2625 1068 Σίμωνα
2661 999 3103 1070 προαπέστειλεν,
3150 1001 3236 1053 ἵνα
3276 999 3437 1070 πείσῃ
3487 997 3663 1050 πάντα

2102 1090 2385 1162 ἄνθρωπον
2411 1090 2691 1162 λατρεύειν
2713 1095 2826 1155 τοῖς
2856 1091 2929 1164 μὴ
2972 1088 3089 1146 οὖσι
3123 1092 3297 1156 θεοῖς,
3351 1090 3448 1144 καὶ
3497 1089 3666 1159 ἀρνή-

2104 1199 2296 1236 σωνται
2324 1184 2594 1238 πιστεύειν
2627 1187 2704 1248 εἰς
2735 1185 2828 1237 ἕνα
2853 1184 2982 1238 Θεὸν
3015 1184 3106 1238 τὸν
3139 1186 3436 1256 ποιήσαντα
3465 1183 3658 1244 πάντα,

2100 1274 2168 1326 τά
2198 1292 2254 1327 τε
2279 1275 2450 1345 ὁρατά
2471 1277 2562 1328 καὶ
2584 1275 2650 1328 τὰ
2669 1275 2900 1346 ἀόρατα·
2927 1277 3031 1347 χρή
3059 1292 3124 1346 με
3149 1275 3360 1344 ταχέως
3380 1271 3539 1326 αὐτὸν
3562 1287 3661 1324 κα-

2098 1366 2371 1431 ταλαϐεῐν,
2413 1369 2499 1421 ἵνα
2523 1369 2596 1440 μὴ
2624 1369 2656 1438 ἡ
2681 1368 2990 1422 διδασκαλία
3023 1367 3116 1421 τοῦ
3148 1368 3385 1438 Σίμωνος
3416 1363 3660 1436 ἐγχρονί-

2103 1475 2260 1520 σασα,
2290 1459 2565 1523 παντελῶς
2593 1460 2810 1513 πάντων
2846 1461 3207 1530 ἐπικρατήσῃ.

2104 1541 2111 1549 ’
2171 1550 2355 1605 XLIII.
2391 1554 2482 1604 Δεῖ
2509 1548 2602 1605 οῦν
2629 1552 2744 1604 ἀντ’
2775 1551 2908 1622 ἐμοῦ
2929 1551 3050 1605 τινά
3097 1550 3192 1604 τὸν
3239 1549 3374 1621 ἐμδν
3423 1546 3664 1617 ἀναπλη-

2103 1643 2272 1712 ρῶσαι
2291 1643 2474 1698 τόπον.
2494 1645 2604 1698 Kal
2627 1645 2826 1708 πάντες
2846 1644 2939 1697 τοῦ
2963 1643 3096 1696 Θεοῦ
3117 1641 3349 1704 ἐκτενῶς
3361 1639 3659 1712 δεηθῶμεν,

439 1739 495 1783 ιιι
532 1746 653 1783 cum
707 1731 801 1801 qui
853 1731 1055 1802 dignus
1093 1733 1185 1797 sit,
1232 1733 1376 1790 Deus
1419 1735 1682 1806 designet.
1717 1737 1760 1767 ³⁸
1788 1735 1998 1802 Quibus

2099 1734 2247 1799 ὅπως
2276 1737 2368 1788 τὸν
2388 1735 2515 1789 δντα
2543 1736 2690 1803 ἀξιον
2717 1737 2746 1789 ό
2765 1735 2895 1799 Θεὸς
2925 1734 3192 1807 ἀναδείξῃ.
3222 1734 3332 1788 Kal
3375 1731 3547 1787 ταῦτα
3583 1733 3662 1785 εξ-

435 1820 596 1875 dictis
618 1865 633 1887 ,
662 1821 923 1891 imposuit
943 1839 1136 1880 manus
1163 1823 1442 1893 Zacehaeo,
1473 1836 1528 1880 et
1563 1827 1639 1881 ait
1665 1845 1679 1882 :
1717 1826 1856 1882 Here
1886 1826 1995 1882 Do-

436 1911 606 1978 mine,
655 1910 815 1966 Pater
865 1911 1079 1968 Domini
1131 1912 1336 1986 Deique
1365 1932 1430 1972 ac
1467 1915 1765 1973 Salvatoris
1820 1919 1996 1974 nostri

431 1999 562 2057 Jesu
599 2001 829 2071 Christi;
862 2020 959 2076 per
999 2004 1262 2077 Spiritum
1322 2016 1477 2064 tuum
1503 2018 1748 2066 sanctum
1776 2026 1841 2065 ac
1865 2011 1996 2066 ado-

432 2092 680 2162 rabilem,
718 2107 773 2150 tu
802 2097 948 2153 hunc
977 2107 1147 2166 tuere,
1179 2101 1272 2170 qui
1299 2111 1490 2171 pastor
1540 2103 1614 2158 sit
1662 2105 1846 2175 populi
1891 2104 1993 2171 tui,

430 2202 593 2257 quem
634 2189 867 2260 elegisti.
909 2189 1034 2248 Haec
1065 2194 1156 2249 ubi
1179 2193 1428 2261 dixisset,
1452 2196 1518 2250 ad
1541 2197 1800 2266 populum
1833 2197 1950 2254 infit
1976 2215 1991 2253 :

432 2282 756 2355 Quicunque
781 2286 1044 2357 baptizari
1073 2289 1257 2355 vultis,
1282 2305 1346 2344 ex
1369 2289 1610 2346 crastino
1637 2291 1724 2345 die
1746 2291 1994 2362 jejunare

433 2374 672 2446 incipite.
702 2375 832 2433 Post
855 2388 966 2436 tres
987 2388 1166 2435 autem
1186 2381 1322 2448 dies,
1340 2398 1466 2436 cum
1498 2382 1769 2451 baptizare
1795 2384 1994 2454 coepis-

430 2476 546 2536 set,
585 2470 796 2525 vocavit
823 2486 909 2527 me
937 2470 1293 2540 Clementem,
1324 2471 1589 2537 Nicetam,
1619 2485 1674 2529 et
1693 2475 1944 2546 Aquilam
1971 2514 1988 2541 ,

429 2574 492 2614 ac
519 2559 688 2614 dixit:
1974 2614 1980 2619 _

497 2647 685 2704 XLIV.
713 2649 914 2722 Tyrum
943 2651 1290 2722 profecturus
1309 2660 1432 2722 post
1456 2663 1658 2722 septem
1683 2655 1800 2710 dies
1821 2699 1836 2722 ,
1867 2654 1992 2710 volo

431 2739 507 2794 uti
541 2755 638 2794 vos
685 2741 931 2796 celeriter
979 2758 1046 2796 eo
1096 2743 1466 2812 advenientes,
1497 2755 1552 2800 et
1603 2745 1746 2814 apud
1773 2745 1990 2800 Chana-

431 2847 600 2886 naaam
629 2832 948 2901 Berenicen,
994 2834 1165 2891 Justae
1188 2836 1356 2892 ﬁliam
1378 2838 1516 2893 clam
1549 2838 1830 2909 hospitali,
1873 2855 1992 2894 om-

428 2922 520 2976 nia
551 2937 673 2993 quae
692 2922 757 2976 ad
786 2921 1061 2978 Simonem
1095 2926 1367 2994 pertinent
1393 2929 1746 3000 investigetis,
1776 2944 1841 2985 ac
1867 2929 1991 2984 dili-

2099 1825 2235 1891 πὼν,
2267 1827 2498 1898 ἐπέθηκε
2518 1831 2706 1898 χεῖρας
2723 1827 2801 1898 τῷ
2822 1828 3091 1898 Ζακχαίῳ,
3118 1826 3211 1881 καί
3232 1843 3392 1897 φησι·
3417 1824 3659 1878 Δέσποτα

2097 1918 2268 1990 Κύριε
2287 1921 2314 1972 ό
2336 1919 2523 1991 Πατὴρ
2537 1918 2631 1972 τοῦ
2654 1918 2858 1990 Κυρίου
2881 1918 2974 1972 καὶ
2991 1917 3126 1972 Θεοῦ
3138 1918 3230 1971 καὶ
3245 1918 3490 1989 Σωτῆρος
3505 1916 3662 1988 ἡμῶν

2107 2010 2280 2082 Ἰησοῦ
2312 2011 2569 2082 Χριστοῦ,
2589 2010 2675 2064 διὰ
2697 2010 2790 2063 τοῦ
2815 2009 3129 2082 Πνεῦματός
3151 2026 3244 2064 σου
3269 2007 3362 2062 τοῦ
3389 2008 3545 2077 ἁγίου
3566 2020 3660 2060 καλ

2095 2102 2490 2173 προσκυνητοῦ,
2523 2103 2586 2156 σὺ
2630 2100 2948 2171 διαφύλαξον
2983 2102 3192 2166 τοῦτον,
3236 2100 3541 2172 ποιμαίνειν
3567 2098 3663 2153 τὸν

2094 2194 2218 2248 λαόν
2260 2212 2352 2248 σου
2379 2236 2393 2259 ,
2451 2194 2511 2248 ὂν
2545 2193 2791 2261 ἐξελέξω.
2820 2195 2932 2248 Kal
2979 2193 3154 2248 ταῦτα
3183 2191 3371 2259 εἰπὼν,
3393 2193 3530 2264 πρὸς
3565 2192 3658 2247 τὸν

2093 2286 2219 2340 λαὸν
2242 2286 2342 2359 ἔφη
2363 2304 2376 2317 ·
2417 2287 2569 2340 Ὅσοι
2604 2285 2956 2356 βαπτισθῆναι
2984 2285 3185 2352 θέλετε,
3209 2283 3316 2338 ἀπὸ
3347 2284 3446 2355 τῆς
3471 2283 3659 2357 αὔριον

2093 2376 2373 2450 νηστεύειν
2407 2375 2662 2448 ἀρξασθε.
2695 2376 2847 2430 Μετά
2870 2375 2926 2428 δὲ
2953 2378 3101 2447 τρεῖς
3135 2375 3347 2447 ἡμέρας
3379 2371 3660 2444 βαπτίζειν

2093 2469 2412 2540 ἀρξάμενος,
2443 2468 2544 2540 ἐμὲ
2573 2467 2864 2540 Κλήμεντά
2899 2469 3151 2540 φωνήσας
3171 2468 3264 2522 καὶ
3286 2467 3528 2540 Νικήτην
3563 2466 3659 2520 καὶ

2106 2559 2352 2621 Ἀκύλαν,
2387 2558 2510 2628 ἔφη’

2158 2650 2344 2706 XLIV.
2379 2650 2638 2705 Μέλλοντί
2683 2667 2773 2721 μοι
2812 2649 2949 2720 πρὸς
2983 2651 3083 2722 τὴν
3112 2650 3285 2722 Τύρον
3331 2652 3509 2722 όρμᾷν
3537 2649 3658 2722 μεθ’

2091 2744 2303 2817 ἡμέρας
2326 2742 2485 2806 ἐπτὰ,
2518 2742 2772 2814 βούλομαι
2813 2743 2873 2795 τὸ
2901 2742 3060 2813 τάχος
3093 2745 3238 2814 ὑμᾶς
3279 2745 3396 2796 ἐκεῖ
3431 2741 3658 2816 γενομέ-

2090 2853 2234 2900 νους,
2263 2836 2358 2890 καὶ
2380 2834 2532 2906 παρὰ
2576 2837 2642 2905 τῇ
2667 2834 3012 2888 Χαναανίτιδι
3037 2836 3077 2866 ³⁷
3109 2835 3342 2909 Βερνίκῃ
3362 2875 3377 2899 ,
3420 2834 3658 2904 Ἰούστης

2091 2925 2320 2996 θυγατρὶ
2339 2923 2707 2988 λανθανόντως
2727 2922 3167 2991 ἐπιξενωθέντας,
3198 2924 3266 2978 τά
3287 2923 3426 2978 κατά
3448 2924 3539 2977 τὸν
3569 2923 3660 2975 Σί-

428 3024 614 3087 genter
636 3015 766 3069 mihi
798 3017 1169 3085 perscribatis.
1199 3018 1544 3091 Quapropter
1591 3021 1816 3092 jamjam
1864 3037 1987 3078 cum

2095 3035 2247 3089 μωνα
2271 3017 2448 3072 πάντα
2469 3016 3000 3089 διερευνησαμένους,
3032 3017 3274 3088 ἀκριϐῶς
3302 3017 3506 3090 γράψαι
3542 3029 3654 3088 μοι.

427 3120 560 3175 pace
592 3106 819 3176 pergite.
851 3105 1018 3177 Igitur
1046 3109 1416 3181 relinquentes
1445 3127 1566 3167 eum
1604 3114 1988 3183 haptizantem,

428 3197 483 3252 in
515 3196 719 3268 Tyrum
743 3196 1036 3256 Phoenicia:
1053 3200 1277 3271 profecti
1300 3219 1521 3259 sumus:
1549 3207 1595 3237 ³⁸
1610 3215 1660 3260 ct
1687 3208 1826 3275 apud
1855 3223 1991 3276 pra:-

427 3288 626 3342 dictam
675 3287 1039 3346 Chananaeam
1094 3293 1354 3349 diversati
1384 3337 1398 3361 ,
1446 3299 1759 3366 acceptique
1806 3299 1873 3353 ab
1926 3315 1990 3354 ea

428 3378 708 3446 splendide
736 3393 802 3435 ac
850 3380 1171 3449 honoriﬁce,
1201 3386 1382 3439 statim
1431 3387 1499 3441 de
1545 3386 1769 3444 Simone
1823 3389 1989 3445 locuti

426 3484 638 3536 sumus,
661 3469 747 3526 his
780 3471 987 3527 verbis:
1027 3472 1214 3528 Simon
1265 3476 1365 3530 iste
1401 3476 1608 3548 Magus,
1646 3479 1700 3533 in
1743 3479 1989 3551 disputa-

427 3561 604 3626 tione,
653 3577 814 3632 quam
853 3579 975 3618 cum
1005 3564 1230 3621 domino
1285 3575 1474 3631 nostro
1529 3567 1690 3624 Petro
1728 3568 1989 3628 Caesarea:

425 3648 635 3716 habuit,
660 3664 967 3721 superatus,
994 3655 1177 3710 statim
1213 3670 1278 3712 eo
1308 3657 1496 3713 habitu
1535 3676 1644 3723 quo
1695 3671 1832 3730 erat,
1880 3663 1988 3719 huc

424 3755 482 3794 se
513 3741 774 3811 profugus
809 3745 1071 3807 contulit;
1100 3755 1262 3814 atque
1290 3745 1344 3800 in
1371 3763 1495 3802 eum
1548 3750 1829 3806 maledicta
1857 3765 1989 3806 con-

420 3830 616 3900 jicieus
664 3833 1057 3901 simpliciorum
1093 3837 1304 3891 animas
1335 3839 1564 3909 abripit:
1608 3857 1841 3913 cumque
1869 3843 1986 3914 ipse

425 3939 616 3993 magus
644 3926 732 3990 sit,
763 3926 913 3980 illum
946 3942 1164 3998 magum
1195 3930 1460 3999 appellat;
1486 3942 1537 3990 et
1566 3948 1690 3987 cum
1715 3935 1786 3990 sit
1811 3936 1986 4006 impo-

423 4021 560 4075 stor,
585 4016 1262 4086 apostolumimpostorem
1312 4021 1644 4089 proclamat;
1692 4025 1896 4094 quique
1929 4027 1982 4080 in

423 4107 679 4161 omnibus
703 4108 948 4163 devictus
1003 4108 1146 4174 fuit,
1205 4125 1372 4180 seque
1421 4111 1478 4166 in
1524 4112 1707 4183 fugam
1755 4115 1984 4185 turpiter

423 4198 675 4266 conjecit,
707 4199 908 4259 vicisse
926 4215 983 4255 se
1009 4202 1313 4270 profitetur.

491 4288 654 4346 XLV.
686 4289 944 4346 Berenice
972 4302 1151 4347 autem
1173 4335 1188 4358 ,
1223 4295 1339 4365 ipsa
1386 4311 1602 4366 quoque
1636 4296 1711 4351 ita
1743 4312 1853 4352 rem
1883 4299 1982 4354 ha-

2090 3109 2180 3162 Διὸ
2218 3109 2447 3181 ἐξαυτῆς
2485 3108 2782 3181 πορεύεσθε
2814 3109 2927 3179 μετ’
2957 3110 3197 3180 εἰρήνης.
3219 3110 3328 3164 Kal
3370 3107 3434 3181 δὴ
3464 3109 3658 3180 βαπτί-

2089 3203 2249 3268 ζοντα
2295 3201 2684 3266 καταλιπόντες
2717 3203 2897 3268 αὺτὺν,
2928 3204 3007 3267 είς
3049 3202 3222 3274 Τύρον
3270 3202 3370 3272 τῆς
3403 3201 3659 3272 Φοινίκης

2088 3294 2490 3367 ἐπορευόμεθα·
2529 3295 2623 3348 καὶ
2674 3295 2826 3366 παρὰ
2862 3297 2929 3367 τῇ
2973 3295 3346 3369 προειρημένῃ
3387 3295 3656 3348 Χαναανί-

2086 3388 2190 3441 τιδι
2245 3388 2290 3419 ³⁹
2325 3387 2702 3458 καταχθέντες,
2751 3390 2842 3442 καὶ
2881 3387 3133 3458 δαψιλοῦς
3162 3389 3208 3420 ⁸⁸
3236 3387 3365 3458 παρ’
3402 3388 3537 3458 αὐτῇ
3569 3385 3655 3452 ξε-

2089 3488 2207 3550 νίας
2239 3485 2282 3519 δί
2313 3487 2406 3539 καὶ
2434 3485 2714 3558 φιλοτίμου
2735 3485 3010 3557 τυχόντες,
3038 3485 3165 3556 περὶ
3181 3483 3274 3538 τοῦ
3296 3483 3537 3555 Σίμωνος
3557 3481 3656 3534 αὐα-

2086 3580 2212 3632 τίκα
2267 3577 2613 3649 διελεγόμεθα
2631 3595 2646 3608 ·
2675 3578 2855 3649 Σίμων
2882 3571 3034 3641 οὗτος
3073 3577 3102 3628 ὁ
3127 3575 3316 3645 Μάγος
3335 3617 3349 3642 ,
3388 3573 3652 3636 εἰπόντες,

2086 3673 2180 3725 ἐπὶ
2198 3673 2297 3744 τῆς
2328 3673 2386 3726 ἐν
2414 3671 2719 3742 Καισαρείᾳ
2755 3669 2891 3743 πρὸς
2910 3669 3000 3722 τὸν
3039 3666 3226 3738 κύριον
3261 3664 3417 3738 ἡμῶν
3450 3665 3654 3737 Πέτρον

2086 3762 2366 3836 ζητήσεως
2398 3763 2670 3833 ἡττηθεὶς,
2721 3762 2896 3830 φυγὰς
2930 3759 3160 3814 ἐνταῦθα
3188 3761 3264 3823 ῶς
3312 3755 3454 3829 εἶχεν
3495 3758 3656 3822 εὐθὺς

2083 3855 2310 3926 ἀπέδρα,
2344 3856 2438 3909 καὶ
2460 3854 2859 3926 λοιδορούμενος
2883 3854 3046 3926 αὐτῷ,
3083 3855 3414 3925 συναρπάζει
3431 3852 3529 3917 τὰς
3546 3851 3657 3907 τῶν

2083 3948 2463 4018 ἁπλουστέρων
2487 3946 2682 4018 ψυχάς·
2703 3949 2795 4000 καὶ
2815 3948 2988 4018 μάγος
3010 3947 3084 4001 ῶν
3108 3946 3289 4010 αὐτὸς,
3315 3947 3485 4017 μάγον
3513 3946 3656 3998 ἐκεῖ-

2083 4057 2170 4092 νον
2196 4039 2482 4092 ἀποκαλεῖ·
2510 4040 2602 4092 καὶ
2625 4038 2822 4102 πλάνος
2837 4038 2910 4092 ῶν
2929 4034 3082 4102 οὗτος
3104 4038 3193 4091 τὸν
3213 4035 3506 4091 ἀπόστολον
3525 4034 3658 4088 πλά-

2083 4147 2170 4183 νον
2186 4129 2552 4201 ἀποκηρύττει
2568 4131 2634 4162 δί·
2656 4132 2750 4184 καὶ
2765 4129 2851 4184 διὰ
2863 4130 3073 4184 πάντων
3086 4131 3246 4193 αὐτὸς
3270 4129 3540 4201 ἡττηθεὶς,
3561 4126 3656 4180 καὶ

2082 4224 2223 4291 φυγῇ
2253 4220 2489 4292 αίσχρῶς
2511 4221 2700 4276 ἑαυτὸν
2729 4222 3045 4294 ἐπιτρέψας,
3077 4221 3272 4292 φάσκει
3292 4219 3652 4292 νενικηκέναι.

2150 4311 2310 4366 XLV.
2361 4314 2425 4365 Ἦ
2446 4314 2676 4385 Βερνίκη
2722 4315 2819 4385 μὲν
2857 4310 2970 4377 οὖν,
2997 4313 3140 4366 οὕτω
3178 4313 3272 4367 καὶ
3302 4311 3438 4382 αὑτὴ
3484 4308 3655 4364 ταῦτα

422 4380 550 4435 here
599 4391 792 4435 testata
853 4391 965 4448 est;
995 4393 1048 4438 et
1100 4385 1304 4456 reliqua
1341 4387 1446 4442 alia
1499 4403 1595 4456 per
1651 4404 1710 4444 se
1753 4390 1978 4446 addidit.

2092 4405 2225 4475 ἔχειν
2273 4401 2391 4458 εἷπε
2419 4380 2809 4459 καὶ-τάλλανδέ
2859 4407 2986 4478 παρ’
3013 4407 3209 4477 ἐαυτῆς
3253 4404 3320 4458 τὰ
3365 4380 3655 4472 λειπόμενα

424 4470 809 4527 Phantasmata
839 4473 1006 4540 enim,
1049 4476 1245 4546 inquit,
1286 4488 1574 4550 postquam
1626 4481 1673 4535 is
1717 4481 1825 4537 huc
1881 4485 1981 4538 ad-

420 4566 588 4631 venit,
610 4574 665 4620 et
688 4575 897 4636 spectra
922 4583 986 4622 ac
1009 4569 1300 4626 simulacra
1323 4573 1564 4642 quotidie
1587 4574 1640 4628 in
1662 4576 1838 4630 medio
1863 4575 1982 4632 foro

422 4655 650 4723 faciens,
675 4666 844 4711 totam
875 4659 1238 4730 obstupefacit
1271 4662 1581 4719 civitatem:
1622 4665 1669 4697 “
1695 4683 1821 4721 nam
1870 4679 1982 4723 sta-

423 4758 528 4803 tuae
574 4749 791 4818 quidem
849 4761 1138 4806 moventur
1159 4754 1378 4823 quando
1426 4757 1540 4824 ipse
1570 4759 1894 4826 pertransit;
1927 4769 1983 4814 et

421 4859 553 4897 vero
583 4859 724 4914 saspe
761 4845 967 4899 umbrte
994 4847 1040 4901 ei
1077 4859 1338 4915 prmum,
1364 4866 1502 4919 quas
1527 4862 1580 4905 et
1601 4852 1981 4910 defunctorum

423 4935 634 4990 animas
668 4937 928 4990 nominat.
964 4937 1161 4994 Multos
1192 4955 1354 5009 porro
1388 4942 1483 5011 qui
1515 4958 1639 4996 eum
1685 4945 1984 5016 praestigia-

424 5040 592 5084 torem
619 5030 900 5098 dicebant,
927 5048 1050 5088 cum
1073 5043 1260 5103 postea
1287 5035 1352 5088 ad
1377 5023 1682 5090 convivium
1714 5049 1980 5103 vocasset,

419 5130 472 5174 et
500 5122 689 5176 bouem
739 5133 1060 5190 mactasset,
1115 5127 1355 5196 ipsisque
1412 5129 1466 5181 in
1491 5143 1672 5182 escam
1701 5131 1935 5186 dedisset
1965 5149 1979 5198 ;

419 5214 588 5268 variis
621 5214 825 5269 morbis
849 5216 1148 5284 implicuit;
1195 5229 1356 5288 atque
1390 5219 1664 5274 dzcmones
1692 5221 1771 5275 eis
1803 5222 1984 5276 immi-

419 5306 519 5358 sit:
555 5305 608 5358 in
635 5321 870 5374 summa,
905 5309 1103 5364 multos
1140 5310 1444 5381 allligendo,
1482 5311 1617 5368 deus
1646 5328 1766 5368 esse
1794 5314 1982 5370 existi-

2087 4497 2414 4567 προσετίθει.
2455 4497 2813 4567 Φαντάσματα
2841 4497 2968 4568 γὰρ,
2990 4497 3127 4566 ἔφη,
3172 4495 3308 4567 μετὰ
3331 4494 3395 4548 τὸ
3413 4493 3539 4565 τῇδε
3559 4493 3657 4546 αύ-

2084 4588 2176 4642 τὸν
2202 4589 2502 4658 ἐπιστῆναι,
2542 4587 2635 4640 καὶ
2667 4587 2958 4658 ἰνδάλματα
2993 4587 3112 4640 καθ’
3149 4582 3384 4658 ἑκάστην
3416 4587 3474 4639 ἐν
3514 4585 3657 4659 μέσῃ

2085 4683 2151 4752 τῇ
2187 4681 2361 4752 ἀγορᾷ
2384 4679 2571 4760 ποιῶν,
2601 4681 2778 4732 πᾶσαν
2803 4679 3091 4750 ἐκπλήττει
3123 4680 3221 4751 τὴν
3255 4678 3410 4733 πόλιν
3429 4695 3442 4708 ·
3466 4677 3543 4740 ὡς
3563 4679 3658 4732 ἀν-

2085 4771 2334 4842 δριάντας
2366 4771 2462 4842 μὲν
2486 4771 2647 4825 αὑτοῦ
2680 4771 3023 4843 διερχομένου
3067 4769 3350 4834 κινεῖσθαι,
3377 4769 3470 4822 καὶ
3498 4767 3657 4830 σκιὰς

2087 4865 2345 4929 πολλάκις
2370 4865 2417 4894 ⁸⁵
2451 4864 2612 4917 αὑτοῦ
2682 4863 3060 4937 προηγεῖσθαι,
3126 4862 3192 4924 ἃς
3256 4863 3351 4914 καὶ
3403 4860 3510 4913 τῶν
3562 4877 3656 4914 τε-

2085 4957 2357 5029 θνηκότων
2407 4957 2583 5034 ψυχάς
2626 4957 2785 5019 αὐτὸς
2825 4956 3097 5026 ὀνομάζει.
3130 4954 3364 5018 Πολλοὺς
3407 4954 3465 5007 δὲ
3494 4952 3654 5006 αὐτὸν

2085 5050 2176 5101 καὶ
2209 5049 2378 5118 γόητα
2406 5050 2678 5116 λέγοντας,
2702 5048 2927 5119 ὕστερον
2953 5049 3032 5110 είς
3060 5047 3290 5115 εὐωχίαν
3307 5045 3462 5116 δῆθεν
3492 5043 3653 5097 καλέ-

2086 5154 2203 5203 σας,
2230 5139 2356 5208 βοῦν
2387 5157 2444 5192 τε
2485 5139 2668 5203 θύσας,
2699 5141 2791 5192 καὶ
2819 5140 3011 5200 αὐτοὺς
3058 5138 3332 5201 ἐστιάσας,
3380 5136 3656 5205 διαφόροις

2084 5231 2371 5301 περιέϐαλε
2394 5231 2585 5294 νόσοις.
2612 5233 2722 5285 Kal
2749 5231 3006 5302 δαίμονας
3029 5231 3085 5283 δὲ
3111 5230 3292 5294 αὐτοῖς
3320 5230 3478 5300 ἐνῆκε
3498 5245 3511 5258 °
3562 5227 3654 5280 καὶ

2082 5321 2218 5386 ὅλως
2250 5324 2478 5388 πολλοὺς
2505 5323 2777 5389 κακώσας,
2819 5323 2937 5386 θεὸς
2970 5319 3109 5378 εἶναι
3136 5324 3459 5394 νενόμισται.
3495 5319 3654 5374 Ὅθεν

1676 5432 1908 5487 VARUS
1947 5435 2072 5492 LEl'
2082 5437 2350 5497 TIOVES.

488 5519 531 5548 ³³
569 5516 691 5572 Rec.
747 5522 778 5573 l.
842 5539 921 5585 ιιι,
982 5540 1028 5577 c.
1056 5525 1152 5587 65,
1191 5535 1295 5580 etc.

417 5601 468 5668 «ξ.
505 5589 552 5648 l,
577 5600 711 5668 etc.“
760 5594 800 5622 "
840 5596 909 5668 al.
951 5594 1277 5649 Χανανίτιδι.
1338 5598 1400 5668 κιο
1443 5596 1512 5650 al.
1551 5597 1814 5668 δαψιλῶς.

423 5658 635 5722 irenus,
673 5659 1024 5730 Nicephorus.
1074 5669 1119 5700 ⁸⁵
1159 5669 1227 5719 al.
1265 5667 1481 5730 πολλάς.

1399 5527 1442 5560 ³⁸
1485 5520 1725 5582 Clement.
1757 5529 1902 5584 hom.
1936 5547 2078 5596 tu,c.
2102 5533 2188 5593 ιι.
2223 5549 2322 5592 etc.
2401 5539 2444 5570 ³⁷
2483 5539 2552 5592 al.
2597 5540 2918 5595 Χανανίτιδι.

1910 5601 1951 5632 ³¹
2009 5603 2162 5665 Deest
2195 5609 2245 5662 in
2279 5611 2349 5662 al.
2441 5609 2482 5640 δ’
2512 5611 2580 5663 al.
2624 5610 3008 5682 ἀνακηρύττει.
3100 5612 3143 5651 δ’
3181 5607 3519 5669 Anastasius,
3555 5608 3654 5661 (Ic-

3025 5541 3068 5572 ³⁸
3117 5533 3364 5593 Clement.
3399 5538 3543 5588 hom.
3579 5553 3651 5601 Iv,
