4048 6146
332 294 438 355 505

1116 273 1577 338 CLEMENTINA.
1615 302 1685 312 —
1718 262 2027 326 EPITOME
2070 256 2158 317 DE
2195 214 2434 320 CESTIS
2462 262 2519 318 S.
2558 260 2784 317 PETRI.

3472 255 3577 314 506

324 413 431 472 οὔκ
450 413 633 485 οίομαι
678 406 996 481 δυνήσεσθαί
1032 422 1177 471 τινα,
1204 401 1457 458 τοσοῦτον
1496 397 1609 470 πῦρ
1665 392 1904 464 ἀναφθὲν

2007 396 2192 445 matus
2226 396 2330 445 est.
2371 385 2641 454 Quocirca
2674 400 2785 441 non
2813 391 2946 455 puto
2992 391 3323 454 quemquam
3374 374 3580 431 valitu-

328 502 687 563 κατασϐέσαι.
736 502 826 556 Διὸ
868 499 962 554 τοῦ
1004 499 1080 572 μὴ
1119 495 1452 551 κινδυνεύειν
1499 492 1643 563 ὑμᾶς
1670 489 1716 521 ⁸³
1744 486 1905 558 χάριν

337 597 654 673 παρακαλῶ,
687 595 852 667 μηδὲν
893 592 1251 663 ἐγχειρήσητε
1275 587 1411 661 πρὸς
1454 584 1638 649 αὐτὸν,
1682 581 1813 653 πρὶν
1840 578 1906 633 ἂν

333 695 363 748 ὁ
412 690 707 752 ἀπόστολος
756 687 959 758 Πέτρος
1006 684 1295 755 ἀφίκηται,
1329 682 1390 745 ὃς
1419 679 1514 733 τοῦ
1556 674 1765 749 Κυρίου
1812 677 1907 728 καὶ

334 782 468 838 Θεοῦ
490 784 523 855 ἠ
531 783 643 854 μῶν
681 777 852 852 Ἰησοῦ
875 775 1110 849 Χριστοῦ
1134 773 1499 845 δοκιμώτατος
1524 767 1784 841 ὑπάρχων
1805 785 1909 839 μα-

334 875 521 947 θητὴς,
572 873 853 944 δυνήσεται
894 867 1053 941 μόνος
1100 865 1237 939 πρὸς
1278 862 1544 934 τοσαύτην
1591 858 1908 915 δυναστείαν

333 962 818 1034 ἀνταγωνίσασθαι.

400 1056 583 1112 XLVI.
610 1053 792 1109 Ταῦτα
818 1053 920 1124 τῆς
945 1051 1210 1123 Βερνίκης
1246 1046 1525 1117 εἰπούσης,
1548 1044 1711 1118 ἡμεῖς
1738 1040 1907 1097 ἕωθεν

330 1149 507 1203 πάντα
526 1146 595 1200 τά
618 1145 758 1199 κατά
781 1144 873 1198 τὸν
901 1143 1119 1215 Σίμωνα
1149 1140 1477 1213 γράψαντες,
1500 1138 1580 1200 είς
1607 1134 1909 1206 περίπατον

329 1237 696 1312 ἐτραπόμεθα.
716 1236 826 1290 Καὶ
837 1235 901 1308 δὴ
914 1235 1007 1288 καὶ
1021 1233 1266 1287 Ἀππίων
1279 1232 1493 1303 ὑπαντᾷ
1505 1232 1636 1301 ἡμῖν
1653 1228 1771 1301 μεθ’
1790 1227 1909 1281 ἑτέ-

330 1349 442 1405 ρων
452 1329 763 1400 τριάκοντα,
782 1325 1024 1380 Ἀππίων
1054 1326 1277 1389 ἐκεῖνος,
1292 1316 1354 1378 οὗ
1380 1321 1613 1393 πρόσθεν
1640 1317 1848 1391 ὲμνήσθ
1858 1334 1911 1389 η-

330 1439 453 1494 μεν.
489 1420 599 1474 Καὶ
612 1419 727 1491 άμα
738 1417 816 1489 τῷ
832 1418 957 1472 ἰδεῖν
977 1434 1064 1489 με,
1081 1412 1525 1489 προσαγορεύσας
1541 1429 1603 1466 τε
1628 1412 1721 1465 καὶ
1745 1427 1911 1464 κατα-

329 1508 696 1581 σπασάμενοςο
724 1503 889 1571 Οὗτός
911 1508 1028 1560 ἐστι
1051 1508 1297 1580 Κλήμης,
1327 1504 1430 1575 ἔφη
1450 1505 1561 1566 τοῖς
1587 1501 1703 1572 μετ’
1722 1498 1908 1564 αὐτοῦ,

327 1600 458 1672 περὶ
472 1599 565 1654 τοῦ
594 1612 622 1641 ι
653 1598 818 1652 πολὺν
848 1600 906 1652 ὲν
933 1597 1183 1668 εὐγενείᾳ
1206 1614 1267 1650 τε
1287 1596 1380 1650 καὶ
1404 1589 1911 1667 τρόπωνιλευθερίᾳ.

326 1691 468 1765 πρὸς
492 1692 634 1763 ὑμᾶς
660 1689 956 1762 ἐποιούμην
983 1688 1141 1758 λόγον
1159 1705 1172 1718 ·
1195 1688 1277 1742 ὅτι
1295 1686 1433 1759 ἀνὴρ
1460 1685 1616 1757 γένος
1627 1702 1687 1738 τε
1702 1684 1778 1738 ὢν
1800 1682 1909 1737 ἀπὸ

325 1783 609 1853 Καίσαρος
651 1781 925 1852 Τιϐερίου,
963 1781 1056 1834 καὶ
1092 1781 1273 1834 πᾶσαν
1305 1776 1619 1850 Ἑλληνικὴν
1659 1774 1908 1830 παιδείαν

326 1873 718 1945 ἐξησκημένος,
758 1871 863 1927 ὑπὸ
894 1870 1170 1944 βαρϐάρου
1211 1870 1357 1934 τινὸς
1395 1868 1496 1941 τὴν
1533 1866 1908 1941 προσηγορίαν

326 1964 562 2037 Πέτρου,
589 1964 656 2017 τὰ
684 1963 1023 2036 Χριστιανῶν
1051 1965 1222 2017 ποιεῖν
1258 1962 1354 2016 καὶ
1392 1961 1569 2030 λέγειν
1607 1959 1905 2032 ἡπάτηται.

328 2057 493 2111 Ὅθεν
522 2056 676 2123 ἀξιῶ,
702 2057 1139 2127 συναγωνίσασθέ
1167 2074 1255 2128 μοι
1274 2053 1411 2128 πρὸς
1431 2054 1529 2127 τὴν
1548 2053 1736 2108 τούτου
1765 2052 1910 2123 διόρ-

327 2147 511 2202 θωσιν.
531 2149 643 2219 Ἐφ’
672 2148 826 2221 ὑμῶν
860 2148 968 2220 γάρ
992 2148 1157 2202 αὐτοῦ
1188 2147 1549 2217 πυνθάνομαι,
1580 2146 1674 2199 καὶ
1701 2143 1908 2213 λεγέτω

329 2254 423 2308 μοι
451 2253 463 2266 ·
498 2236 682 2309 ἐπειδὴ
728 2236 865 2308 πρὸς
905 2235 968 2289 τὸ
1008 2234 1253 2289 εὐσεϐεῖν
1294 2234 1484 2289 ἑαυτὸν
1515 2230 1909 2287 ἀποδεδωκέναι

326 2327 558 2401 νομίζει,
593 2327 711 2392 πῶς
737 2327 859 2399 οὐχὶ
891 2327 988 2381 καὶ
1021 2327 1091 2381 τά
1120 2327 1351 2399 μέγιστα
1380 2324 1584 2391 ἀσεϐεῖ,
1608 2324 1677 2379 τά
1701 2323 1908 2395 πάτρια

330 2421 430 2493 μὲν
470 2419 802 2486 καταλιπὼν,
830 2419 1126 2486 ἀποκλίνας
1166 2419 1223 2475 δὲ
1258 2420 1339 2484 είς
1378 2417 1477 2489 ἔθη
1520 2416 1771 2491 βάρϐαρα
1813 2416 1908 2470 καὶ

326 2512 614 2568 ἀλλόκοτα.

398 2681 608 2738 XLVII.
623 2680 794 2751 Κάγὼ
807 2680 944 2754 πρὸς
958 2680 1138 2735 αὐτόν’
1154 2679 1266 2752 Τὴν
1282 2679 1379 2751 μὲν
1395 2678 1532 2751 πρὸς
1542 2678 1568 2732 ὲ
1575 2678 1642 2750 μέ
1660 2696 1775 2743 σου,
1801 2697 1907 2753 φη-

325 2778 409 2849 μὶ,
445 2778 652 2849 ἀγαθὴν
681 2775 997 2848 προαίρεσιν
1029 2774 1358 2844 ἀποδέχομαι
1376 2789 1391 2803 ο
1411 2772 1513 2844 τὴν
1546 2771 1602 2826 δὲ
1630 2772 1909 2842 ἀγνωσίαν

321 2871 675 2942 ἀποσείομαι.
694 2871 757 2924 Ἡ
774 2870 869 2941 μὲν
892 2867 1001 2940 γάρ
1015 2865 1330 2938 προαίρεσις
1342 2863 1540 2936 ἀγαθὴ,
1554 2864 1743 2939 ὅτιπερ
1755 2867 1811 2917 ὲν
1822 2860 1907 2932 οἷς

320 2965 503 3027 δοκεῖς
530 2962 733 3027 καλοῖς,
760 2962 818 3015 ὲν
849 2959 1057 3024 τούτοις
1081 2953 1219 3011 εἷναί
1249 2974 1316 3029 με
1343 2956 1515 3021 θέλεις
1531 2972 1546 2988 ·
1566 2958 1601 3027 ἠ
1622 2956 1679 3011 δὲ
1703 2956 1905 3026 γνῶσις

321 3057 423 3109 οὐκ
476 3052 652 3126 ὀρθῶς
703 3051 922 3123 ἔχουσα,
958 3050 1229 3122 προφάσει
1261 3048 1369 3120 γὰρ
1408 3047 1589 3119 φιλίας
1623 3038 1906 3112 λανθάνεις

2007 497 2131 537 rum
2156 480 2497 551 exstinguere
2511 485 2723 532 tantum
2747 475 2923 546 ignem
2945 485 3257 529 accensum.
3280 467 3483 533 Quare,
3512 478 3578 520 ea

2006 573 2183 647 gratia
2210 581 2271 628 ut
2311 586 2411 625 vos
2439 570 2494 625 in
2533 566 2837 640 periculum
2864 581 2971 619 non
3003 563 3256 625 veniatis,
3295 560 3486 615 hortor
3508 570 3580 611 ne

2005 663 2307 735 quidquam
2349 662 2613 717 adversus
2645 672 2771 713 eum
2812 654 3063 721 tentetis,
3100 664 3394 721 antequam
3441 662 3576 717 apo-

2007 756 2183 813 stolus
2212 753 2405 809 Petrus
2427 751 2656 817 venerit,
2670 749 2788 820 qui,
2814 745 3028 803 Domini
3046 760 3111 800 ac
3136 743 3232 801 Dei
3254 740 3428 797 nostri
3450 739 3580 796 Iesu

2007 847 2212 905 Christi
2242 843 2663 917 probatissimus
2691 839 3017 909 discipulus,
3045 835 3245 909 poterit
3267 833 3420 891 solus
3444 848 3582 888 con-

2006 950 2091 997 tra
2116 949 2323 995 tantam
2355 936 2654 1006 potentiam
2681 932 2966 989 dimicare.

2078 1029 2264 1086 XLVI.
2304 1029 2402 1083 uis
2449 1042 2479 1082 a
2527 1025 2788 1081 Berenice
2818 1021 2999 1089 dictis,
3044 1033 3148 1075 nos
3179 1030 3341 1073 mane
3384 1024 3583 1070 cuncta

2008 1122 2079 1180 de
2129 1121 2355 1177 Simone
2398 1133 2522 1175 cum
2566 1115 3004 1186 scripsissemus,
3043 1110 3113 1166 ad
3154 1106 3582 1164 ambulationem

2010 1212 2380 1271 convertimus
2408 1207 2660 1281 gradum.
2692 1205 2759 1261 Et
2789 1204 3054 1260 continuo
3071 1199 3283 1271 Appion
3307 1213 3432 1253 cum
3460 1195 3585 1250 aliis

2008 1303 2233 1376 triginta
2256 1299 2503 1358 occurrit
2531 1285 2715 1362 nobis,
2744 1293 2961 1364 Appion
2995 1292 3065 1358 is,
3094 1289 3254 1360 cujus
3283 1295 3408 1343 ante
3431 1300 3587 1340 men-

2012 1397 2214 1452 tionem
2246 1392 2498 1448 fecimus.
2523 1389 2604 1445 Ac
2625 1386 2793 1444 simul
2826 1392 2990 1455 atque
3014 1398 3102 1438 me
3133 1381 3290 1447 vidit,
3336 1377 3587 1435 salutans

2010 1474 2077 1545 ac
2120 1485 2423 1552 osculatus,
2460 1482 2562 1539 llic
2594 1488 2699 1547 est,
2730 1478 2807 1534 ait
2852 1474 2964 1532 illis
3011 1472 3106 1544 qui
3153 1487 3281 1528 cum
3313 1485 3381 1526 eo
3405 1476 3583 1533 erant,

2010 1579 2284 1644 Clemens,
2313 1576 2382 1631 de
2422 1588 2531 1644 quo
2562 1570 2800 1626 multum
2831 1568 2898 1623 ad
2924 1580 3022 1622 vos
3053 1576 3362 1619 sermonem
3392 1559 3584 1624 habui,

2011 1672 2080 1729 de
2113 1669 2261 1725 illius
2307 1664 2590 1722 nobilitate
2631 1658 2709 1716 ac'
2743 1658 2991 1714 moribus
3038 1652 3394 1719 liberalibus;
3434 1646 3584 1721 quod

2012 1762 2116 1830 vir,
2146 1777 2213 1817 ex
2230 1773 2427 1831 genere
2447 1752 2651 1810 Tiberii
2672 1750 2925 1814 Caesaris,
2942 1747 3069 1804 etin
3096 1744 3248 1801 omni
3278 1743 3467 1800 Graeca
3495 1741 3583 1796 di-

2010 1848 2240 1920 sciplina
2281 1845 2632 1909 exercitatus,
2678 1856 2711 1896 a
2760 1839 2996 1895 barbaro
3031 1835 3270 1908 quodam
3297 1832 3391 1905 qui
3419 1845 3586 1888 voca-

2013 1949 2102 1995 tur
2130 1938 2345 2004 Petrus,
2374 1934 2567 1991 fraude
2589 1931 2904 2002 compulsus
2937 1937 3083 1984 esset
3128 1927 3199 1982 ad
3247 1923 3585 1996 peragendos

2009 2047 2077 2087 ac
2107 2028 2484 2102 praedicandos
2513 2024 2958 2082 Christianorum
3007 2023 3165 2075 ritus.
3203 2016 3383 2085 Quare
3427 2030 3586 2086 rogo,

2010 2123 2264 2196 adiuvate
2291 2135 2381 2177 me
2423 2119 2481 2175 in
2525 2118 2620 2174 illo
2664 2114 3011 2185 corrigendo.
3042 2111 3177 2166 Nam
3215 2124 3402 2166 coram
3431 2107 3587 2163 vobis

2008 2225 2135 2267 eum
2170 2209 2481 2279 interrogo;
2507 2222 2574 2262 ac
2602 2204 2929 2276 respondeat
2956 2201 3115 2268 mihi,
3140 2198 3586 2270 quandoquidem

2010 2300 2310 2356 arbitratur
2340 2297 2491 2369 quod
2518 2312 2579 2354 se
2619 2306 2680 2351 ut
2726 2296 2979 2365 pietatem
3016 2292 3244 2358 coleret,
3272 2286 3584 2354 dediderit,

2011 2406 2123 2464 quo
2150 2391 2313 2448 modo
2356 2403 2467 2445 non
2505 2397 2563 2445 et
2604 2388 2845 2445 maxime
2886 2384 3089 2457 impius
3129 2382 3224 2451 sit,
3250 2381 3344 2453 qui
3378 2379 3590 2453 patrios

2007 2483 2382 2555 dereliquerit,
2424 2480 2781 2538 declinaverit
2821 2492 2953 2533 vero
2995 2476 3062 2530 ad
3109 2473 3373 2531 barbaros
3420 2481 3589 2543 atque

2008 2575 2221 2632 alienos
2248 2582 2305 2629 et
2334 2580 2677 2628 monstrosos
2708 2585 2911 2626 mores.

2078 2664 2289 2721 XLVII.
2327 2663 2395 2720 Et
2420 2679 2523 2734 ego
2551 2663 2617 2719 ad
2649 2663 2801 2717 illum
2838 2658 3055 2716 :Tuam
3100 2657 3323 2730 quidem
3369 2655 3422 2711 in
3473 2670 3585 2720 me,

2006 2759 2256 2829 inquam,
2288 2756 2605 2828 przeclaram
2639 2754 3000 2820 voluntatem,
3047 2757 3329 2820 acceptam
3368 2748 3584 2815 habeo;

2007 2859 2067 2906 at
2095 2850 2494 2922 ignorationem
2522 2846 2777 2900 amolior.
2814 2843 3037 2901 Scilicet
3070 2830 3334 2913 praeclara
3361 2840 3585 2912 quidem

2005 2944 2261 2999 voluntas
2308 2950 2412 3009 est,
2443 2940 2575 2995 dum
2618 2940 2675 2993 in
2704 2938 2796 3005 iis,
2819 2952 2941 3008 quae
2981 2936 3079 2991 tibi
3122 2935 3267 2990 bona
3309 2933 3585 3000 videntur,

2010 3050 2098 3089 me
2119 3032 2324 3088 versari
2355 3031 2551 3100 cupis:
2583 3045 2773 3085 verum
2803 3028 3043 3099 cognitio
3075 3042 3185 3081 non
3229 3035 3375 3081 recte
3398 3025 3584 3095 habet;

321 3147 461 3220 πρὸς
510 3114 916 3216 etiam,
952 3114 1365 3212 ἐκκαλούμενος..
1411 3114 1521 3194 kat
1568 3140 1597 3193 ι
1642 3139 1904 3193 Ἀππίων·

2010 3124 2230 3194 ignoras
2258 3123 2402 3177 enim
2440 3121 2583 3192 quod
2607 3128 2871 3191 praetextu
2907 3117 3185 3184 amicitias,
3214 3133 3316 3173 nos
3344 3117 3400 3172 in
3432 3116 3585 3174 frau-

318 3239 540 3294 Οὐκοῦν
568 3238 833 3308 ἀγνωσία-
850 3253 931 3289 σοι
959 3236 1105 3289 δοκεῖ
1133 3233 1202 3286 τὰ
1223 3233 1448 3304 πάτρια,
1481 3231 1585 3304 ἔφη
1604 3231 1670 3296 ⁸⁸,
1708 3230 1909 3301 φυλάτ-

310 3347 510 3394 τοντα,
556 3330 627 3383 τά
664 3327 930 3397 Ἑλλήνων
972 3326 1224 3395 φρονεῖν;
1268 3321 1474 3391 Κάγώ·
1521 3322 1625 3376 Τδν
1668 3321 1908 3376 εὐσεϐεῖν

313 3420 729 3495 προῃρημένον,
760 3414 1160 3487 ἀπεκρινάμην,
1192 3414 1253 3466 οὐ
1283 3414 1499 3477 πάντως
1523 3413 1814 3483 φυλάσσειν
1841 3412 1911 3468 τὰ

320 3514 536 3585 πάτρια
565 3512 677 3564 δεῖ·
720 3507 853 3563 ἀλλά
880 3505 1173 3578 φυλάσσειν
1204 3504 1432 3576 μὲν,ὲάν
1527 3504 1741 3576 εὐσεϐῆ,
1770 3504 1909 3557 ἀπο-

325 3605 572 3660 σείεσθαι
607 3603 683 3666 δὲ,
722 3600 797 3672 μὴ
835 3598 1007 3664 οὕτως
1050 3598 1257 3669 ἔχοντα.
1292 3598 1589 3669 Ἐνδέχεται
1643 3598 1751 3669 γάρ
1790 3615 1910 3651 τινα

324 3695 536 3767 πατρὸς
558 3692 839 3757 ἀσεϐοὖςδτ
872 3693 1022 3755 ὄντα,
1053 3690 1148 3744 καὶ
1186 3674 1506 3762 βουλόμενον
1539 3689 1801 3753 εὐσεϐεῖν,
1835 3689 1910 3763 μὴ

322 3790 394 3843 τά
424 3786 519 3841 τοῦ
540 3785 746 3858 πατρὸς
761 3784 964 3838 ἐθέλειν
988 3782 1288 3854 μιμεῖσθαι,
1312 3782 1405 3835 καὶ
1426 3783 1547 3836 κατ’
1565 3780 1709 3852 ἴχνος
1730 3782 1912 3845 αὐτοῖς

323 3876 573 3933 ἔπεσθαι.
595 3876 705 3929 Kal
730 3876 758 3927 ό
786 3873 1030 3927 Ἀππίων
1051 3892 1062 3903 ·
1083 3871 1147 3925 Τί
1175 3868 1296 3937 οὗνς
1320 3872 1411 3926 τὸν
1441 3871 1532 3925 σὺν
1560 3872 1773 3944 πατέρα
1804 3872 1913 3943 φῂς

322 3970 428 4022 οὐκ
454 3965 657 4035 ἀγαθοῦ
682 3964 962 4034 γεγονέναι
992 3962 1143 4033 βίου;
1185 3961 1356 4031 Κάγὼ
1390 3962 1544 4034 ἔφην,
1574 3965 1657 4016 ὅτι
1678 3981 1691 3994 ο
1724 3962 1910 4017 Κακοῦ

328 4062 427 4131 μὲν
454 4058 615 4112 αὐτὸν
645 4058 744 4111 οὐκ
771 4055 836 4109 ἂν
870 4055 1103 4125 εἴποιμι,
1132 4053 1272 4125 πλὴν
1308 4055 1389 4107 ὅτι
1421 4057 1533 4119 τοῖς
1562 4055 1781 4125 ψευδέσι
1818 4056 1912 4110 καὶ

322 4151 517 4213 κακοῖς
551 4148 658 4201 τῶν
693 4146 955 4217 Ἑλλήνων
981 4146 1231 4199 ἐπίστευε
1257 4145 1465 4217 μύθοις.
1500 4148 1610 4200 Καὶ
1645 4149 1721 4211 ὃς·
1756 4146 1912 4213 Τίνες

321 4241 372 4293 οἱ
410 4238 568 4310 μῦθοι
597 4232 777 4303 οὗτοις
803 4238 984 4309 φησίν.
1014 4236 1154 4306 Ἐγὼ
1184 4237 1240 4291 δὲ
1266 4237 1569 4293 ὑπολαϐών·
1598 4240 1661 4293 Ἠ
1674 4243 1802 4312 περὶ
1821 4241 1913 4295 τὸν

322 4329 477 4393 Θεὸν,
514 4324 683 4393 εἷπον,
723 4328 819 4381 οὐκ
856 4328 990 4399 ὀρθὴ
1020 4328 1257 4400 δόκησις,
1285 4329 1352 4401 ἢν
1392 4328 1488 4384 ὲάν
1532 4331 1911 4404 μκροθυμῇς,

325 4420 467 4492 μετά
490 4420 598 4474 τῶν
625 4419 797 4474 ἄλλων
828 4419 1038 4495 ἀκούσῃ
1060 4420 1370 4493 φιλομαθῶν
1384 4422 1449 4477 ⁵⁸.

378 4608 609 4664 XLVIII.
625 4609 713 4663 Διὸ
725 4609 832 4680 πρὸ
843 4609 951 4663 τῶν
971 4608 1251 4679 διαλόγων,
1265 4612 1343 4675 εἰς
1362 4611 1483 4664 τινά
1496 4610 1718 4665 πλείονα
1732 4629 1899 4683 παρε-

320 4698 385 4769 χό
392 4714 550 4768 μενον
564 4698 789 4769 ἡσυχίαν
804 4698 1061 4770 ύποχωρή
1070 4716 1249 4771 σωμεν
1268 4701 1450 4756 τόπον.
1473 4702 1584 4755 Καὶ
1601 4702 1665 4774 δὴ
1680 4704 1897 4775 προῖόν-

319 4808 412 4853 τες
446 4789 575 4844 ἔνθα
608 4790 862 4861 ναμάτων
888 4786 955 4862 ἦν
986 4790 1210 4861 ψυχρῶν
1253 4792 1467 4865 καθαρὰ
1502 4794 1768 4866 ῥεύματα,
1803 4796 1897 4849 καὶ

319 4878 553 4948 δένδρων
586 4880 852 4934 παντοίων
895 4880 1132 4951 χλοερῶν
1179 4881 1367 4953 τέρψις
1397 4883 1463 4946 ⁸³,
1507 4883 1894 4955 ἐκαθεζόμεθα.

334 4971 489 5023 Ἐπεὶ
521 4972 581 5024 δὲ
612 4972 810 5035 πάντες
840 4968 979 5043 ἦσαν
1011 4972 1246 5045 ὁρῶντες
1266 4974 1471 5039 ἀτενῶς
1501 4977 1580 5039 είς
1614 4975 1892 5048 ὲμὲ,οὖτω

319 5062 416 5115 τοῦ
449 5062 583 5133 πρὸς
613 5063 807 5126 αὐτοὺς
839 5062 1078 5134 ἄρχομαι
1111 5063 1290 5132 λόγου.

393 5152 764 5225 ΧΙΛΧᾞΟλλή
794 5172 894 5218 τις,
923 5148 967 5207 ὦ
987 5154 1197 5226 ἀνδρες,
1225 5155 1455 5229 διαφορά
1477 5158 1732 5228 τυγχάνει
1762 5158 1894 5231 ἀλη-

321 5247 474 5309 Θείας
501 5264 561 5299 τε
589 5247 681 5299 καὶ
706 5246 1008 5316 συνηθείας.
1040 5248 1217 5318 Οἱμὲν
1234 5250 1341 5320 γάρ
1353 5249 1459 5301 τῶν
1490 5249 1755 5321 Ἑλλήνων
1767 5251 1895 5304 πολ-

319 5341 447 5402 λοὺς
484 5339 639 5402 θεοὺς
680 5339 882 5402 κακοὺς
921 5340 1014 5392 καὶ
1045 5341 1371 5405 πολυπαθεῖς
1403 5344 1692 5415 ἡγήσαντο,
1727 5345 1811 5397 ἵνα
1843 5347 1892 5399 οἱ

330 5432 387 5485 τά
414 5432 570 5500 ὃμοια
589 5430 844 5501 πράττειν
860 5429 1121 5495 θέλοντες,
1134 5432 1369 5497 ἐκείνους
1400 5434 1563 5505 ἔχωσι
1595 5435 1688 5488 τοῦ
1722 5435 1893 5489 κακοῦ

401 5532 427 5560 ⁸
456 5520 593 5593 Lege
623 5523 747 5594 περὶ
766 5520 847 5574 οὗ.
880 5519 1037 5576 Εσιτ.
1066 5521 1310 5582 ΡΑτιιοι..

2007 3217 2129 3272 dem
2155 3230 2334 3270 voces.
2363 3212 2427 3267 Et
2449 3212 2663 3283 Appion
2695 3230 2709 3265 :
2737 3209 2878 3265 Num
2907 3226 3039 3281 ergo
3068 3209 3340 3281 ignoratio
3368 3208 3465 3263 tibi
3497 3209 3582 3263 vi-

2006 3307 2186 3372 detur,
2218 3305 2416 3374 inquit,
2449 3305 2655 3375 patrios
2698 3304 2839 3359 ritus
2876 3302 3172 3366 schando,
3203 3317 3329 3359 cum
3375 3299 3580 3357 Graecis

2007 3397 2340 3456 sentire?Ad
2369 3412 2499 3467 qua)
2519 3410 2621 3469 ego
2652 3394 2912 3465 respondi
2946 3392 3082 3460 :Qui
3108 3394 3272 3449 vitam
3301 3393 3390 3463 pie
3420 3408 3583 3464 agere

2007 3493 2218 3558 statuit,
2248 3506 2357 3546 non
2386 3489 2720 3545 omnimodis
2749 3488 2910 3542 debet
2949 3487 3123 3557 patria
3171 3484 3421 3542 instituta
3463 3502 3585 3543 ser-

2006 3598 2171 3651 vare;
2206 3583 2299 3640 sed
2329 3595 2550 3637 servare
2569 3579 2815 3650 quidem,
2834 3578 2880 3634 si
2908 3579 2995 3649 pia
3026 3576 3415 3648 sint,abjicere
3431 3593 3583 3646 vero,

2008 3677 2057 3734 si
2099 3676 2185 3731 ita-
2227 3691 2285 3731 se
2334 3690 2442 3729 non
2478 3672 2736 3728 habeant.
2769 3669 2889 3727 Usu
2929 3671 3074 3726 enim
3119 3669 3307 3725 venire
3337 3669 3495 3737 solet,
3525 3680 3587 3726 ut

2009 3767 2209 3839 aliquis
2234 3774 2387 3836 patre
2415 3763 2585 3834 impio
2620 3769 2810 3837 natus,
2836 3770 2892 3819 et
2920 3761 3108 3818 volens
3136 3762 3319 3818 vivere
3340 3760 3447 3832 pie,
3477 3776 3585 3816 no-

2009 3861 2073 3915 lit
2096 3858 2268 3929 patris
2297 3871 2480 3911 mores
2517 3855 2742 3923 imitari,
2771 3869 2979 3924 eosque
3007 3854 3075 3909 ad
3105 3852 3393 3925 vestigium
3443 3868 3581 3909 con-

2008 3948 2229 4006 sectari.
2267 3946 2348 4001 Ad
2376 3946 2492 4002 haec
2521 3947 2737 4018 Appion
2758 3969 2779 4004 .-
2805 3945 2947 4013 Quid
2991 3946 3158 4016 ergo?
3186 3954 3395 4016 patrem
3427 3955 3580 4001 tuum

2010 4041 2092 4097 ais
2119 4055 2228 4095 non
2257 4039 2400 4094 bona
2430 4038 2542 4093 vita
2569 4038 2763 4094 fuisse.
2808 4036 3081 4109 Respondi
3112 4054 3213 4108 ego
3241 4055 3254 4092 :
3282 4036 3422 4093 Mala
3453 4038 3582 4109 qui-

2009 4133 2132 4188 dem
2162 4147 2289 4187 eum
2316 4131 2425 4186 vita
2464 4130 2638 4185 fuisse
2665 4146 2775 4185 non
2809 4129 3079 4195 dixerim;
3117 4129 3223 4183 nisi
3250 4128 3580 4199 quodifalsis

2010 4239 2075 4279 ac
2107 4224 2288 4295 pravis
2320 4222 2632 4277 Graecorum
2672 4221 2877 4278 fabulis
2907 4221 3099 4276 habuit
3131 4220 3313 4277 tidem.
3344 4222 3409 4276 Et
3444 4221 3576 4276 ille:

2010 4313 2290 4382 Quaenam,
2324 4312 2520 4383 inquit,
2546 4320 2677 4368 sunt
2701 4313 2821 4368 ista;
2858 4312 3093 4367 fabulae?
3128 4310 3242 4382 Ego
3270 4326 3401 4367 vero
3430 4311 3580 4367 exci-

2012 4408 2187 4479 piens,
2233 4406 2347 4461 dixi
2382 4424 2396 4460 :
2430 4404 2547 4462 Non
2601 4414 2747 4460 recta
2778 4406 2845 4461 de
2888 4405 2995 4461 Deo
3044 4405 3250 4476 opinio,
3298 4420 3485 4476 quam,
3530 4404 3576 4459 si

2003 4512 2161 4568 aequo
2186 4498 2370 4552 animo
2397 4497 2526 4564 fers,
2551 4513 2674 4553 cum
2705 4498 2826 4553 aliis
2848 4497 3094 4552 discendi
3123 4496 3337 4568 cupidis
3361 4496 3572 4551 audies.

2074 4587 2309 4644 XLVIII.
2347 4587 2529 4656 Quare
2573 4598 2702 4645 ante
2746 4589 3211 4655 dissertationem,
3253 4588 3578 4644 secedamus

1996 4682 2055 4736 in
2099 4681 2336 4751 aliquem
2376 4681 2578 4747 locum,
2612 4682 2707 4751 qui
2742 4683 3004 4749 majorem
3036 4680 3271 4752 quietem
3308 4680 3567 4750 praebeat.

2002 4770 2159 4827 Eteo
2195 4772 2492 4842 progressi,
2525 4768 2616 4824 ubi
2664 4785 2800 4840 pura
2842 4778 2999 4824 erant
3026 4768 3323 4839 gelidorum
3349 4767 3571 4822 laticum

1997 4861 2221 4925 ﬂuenta,
2251 4869 2308 4914 et
2334 4860 2591 4915 viridium
2636 4857 2816 4916 omnis
2862 4857 3081 4928 generis
3123 4856 3384 4912 arborum
3414 4854 3569 4911 oble-

1999 4953 2187 5017 ctatio,
2218 4950 2589 5006 consedimus.
2621 4949 2870 5019 Cumque
2894 4963 3085 5003 omnes
3116 4961 3202 5002 me
3247 4946 3367 5002 IIIIS
3394 4946 3569 5002 oculis

1998 5045 2362 5109 intuerentur,
2402 5042 2547 5098 hunc
2579 5042 2633 5096 in
2664 5042 2885 5096 modum
2919 5040 3120 5110 alloqui
3145 5056 3241 5096 eos
3272 5040 3433 5110 ccepi.

2071 5131 2260 5188 XLIX.
2304 5136 2351 5166 ⁸⁰
2375 5134 2542 5189 Multa
2572 5143 2674 5201 est,
2703 5149 2737 5188 ο
2760 5133 2883 5199 viri,
2917 5132 3223 5188 differentia
3254 5132 3396 5187 inter
3418 5133 3565 5187 veri-

2002 5236 2166 5282 tatem
2211 5235 2375 5295 atque
2421 5227 2891 5283 consuetudinem.
2922 5224 3003 5279 Ex
3026 5224 3230 5281 Graecis
3278 5224 3424 5279 enim
3469 5224 3562 5279 alii

2002 5317 2204 5371 multos
2247 5316 2379 5371 deos
2428 5318 2600 5373 malos
2658 5317 3013 5387 pluribusque
3060 5316 3563 5386 perturbationibus

2000 5405 2267 5462 obnoxios
2295 5406 2659 5477 induxerunt;
2689 5417 2747 5463 ut
2772 5408 2865 5479 qui
2897 5408 3095 5464 similia
3133 5418 3345 5479 patrare
3370 5408 3560 5480 ve‘int,

1580 5595 1816 5652 VARLE
1854 5598 2263 5658 LECTIONES.

396 5684 442 5716 ιι
482 5685 549 5737 al.
564 5685 737 5758 ὐμῶν.
814 5688 861 5721 δε
886 5686 955 5743 al.
985 5686 1099 5758 ἔθη.

336 5753 372 5806 I.
409 5770 459 5807 κ.
494 5772 539 5810 (;.
560 5753 647 5810 50,

1188 5694 1230 5725 ⁸⁷
1256 5692 1324 5746 al.
1360 5694 1431 5766 μὴ
1470 5694 1672 5767 πατρὸς
1702 5694 1979 5760 εὐσεϐοῦς.

2060 5706 2105 5738 ⁸⁸
2139 5699 2207 5753 al.
2252 5693 2579 5767 φιλομαθῶς.
2658 5691 2701 5721 ⁴⁹
2737 5690 2806 5743 al.
2848 5688 3080 5760 τέρψεις.
3161 5690 3207 5721 ³⁸
3249 5690 3283 5744 l.
3334 5684 3561 5755 Recogn.
