4040 6146
451 236 552 295 507

1296 240 1356 297 δ.
1396 240 1784 301 CLEMENTIS
1822 240 1843 296 ι
1881 241 2047 299 ROB.
2084 240 2282 302 PONT.
2319 240 2547 303 OPERA
2581 239 2808 300 DUBIA.

3577 244 3683 303 508

450 357 573 414 illos
600 356 820 414 malitiae
841 367 1099 429 patronos
1128 359 1381 418 habeant.
1411 362 1517 417 Alii
1540 377 1671 418 vero
1700 361 1869 417 fatum
1905 378 2002 418 seu

2107 360 2647 433 συνηγόρους.”Λλλοι
2697 360 2752 425 δὲ
2802 357 3141 433 εἱμαρμένην
3183 358 3539 432 εἰσηγήσαντο
3585 360 3685 432 τὴν

448 447 677 519 genesin
703 456 759 503 et
785 449 966 504 natale
1007 448 1358 517 invexerunt;
1401 466 1467 505 ac
1499 459 1691 521 prazter
1733 451 1886 517 illud,
1914 466 2011 507 nc-

448 554 557 608 que
598 539 706 609 pati
749 555 927 610 neque
954 539 1132 596 facere
1160 555 1491 612 quemquam
1534 558 1693 613 posse
1722 543 1905 612 aiunt;
1952 552 2012 600 ut

446 645 572 685 cum
603 633 1042 689 existimaverint
1089 634 1362 691 neminem
1393 645 1588 705 printer
1606 637 1827 707 genesin
1851 636 2010 707 quid-

448 736 612 791 quam
661 724 745 779 vel
792 723 973 782 facere
1015 726 1099 781 vel
1132 726 1242 797 pati
1286 742 1466 797 posse,
1495 727 1653 783 facile
1683 728 1750 784 ad
1781 743 2013 800 peccan-

447 817 576 871 dum
605 817 887 886 accedant,
916 827 971 875 et
991 828 1115 891 post
1140 829 1421 889 peccatum
1461 835 1566 874 non
1593 821 1864 876 ducantur
1893 834 2011 891 pm-

446 907 674 963 nitentia
711 908 872 978 impie
900 919 1198 980 gestorum.
1229 911 1335 969 Alii
1366 920 1544 967 autem
1575 920 1896 982 praesentem
1925 928 2009 968 re-

445 1014 568 1053 rum
598 1008 800 1054 statum
837 1000 1186 1070 providentiae
1214 1011 1487 1072 expertem
1523 1017 1645 1057 esse
1673 1000 2005 1071 decernunt;

451 1099 615 1161 atque
656 1108 755 1147 sua
783 1104 974 1164 sponte
1002 1094 1408 1151 universitatem
1442 1094 1582 1151 hanc
1609 1094 1736 1153 ferri
1763 1103 2007 1167 censent,

447 1182 679 1238 Domino
713 1184 864 1239 nullo
892 1186 1215 1255 praesidente
1244 1203 1256 1240 :
1286 1184 1430 1254 quod
1472 1200 1604 1243 sane
1638 1185 1883 1242 omnium
1928 1195 2011 1243 est

444 1274 835 1344 durissimum;
880 1277 951 1331 ita
1005 1277 1175 1333 Deum
1225 1278 1623 1349 blasphemare,
1655 1287 1709 1333 et
1740 1278 1808 1333 ab
1853 1277 2005 1332 omni

444 1367 713 1423 universae
740 1380 949 1424 natura:
976 1369 1243 1439 expellere
1271 1370 1636 1440 providentia,
1666 1377 1726 1423 ut
1760 1380 1813 1424 et
1846 1384 2004 1425 asse-

390 1517 395 1526 .
443 1469 600 1513 ratur
626 1460 897 1516 neminem
926 1477 1047 1517 esse
1067 1462 1159 1531 qui
1188 1460 1476 1532 praefectus
1508 1461 1599 1527 sit,
1622 1476 1686 1517 ac
1708 1460 2008 1531 provideat,

391 1532 396 1565 ξ
442 1556 500 1604 ct
539 1548 811 1607 universis
855 1566 954 1620 pro
990 1551 1184 1606 merito
1226 1551 1507 1606 attribuat.
1540 1548 1720 1616 Quare
1763 1550 1856 1620 qui
1904 1550 2010 1607 ista

443 1642 757 1713 opinantur,
822 1658 929 1699 non
983 1642 1141 1699 facile
1190 1644 1478 1700 honestam
1526 1642 1694 1697 vitam
1752 1641 2004 1700 ducunt:

442 1734 569 1804 quia
598 1733 913 1805 impendens
942 1736 1243 1804 periculum
1275 1751 1381 1792 non
1411 1734 1726 1805 prevident.

514 1822 577 1881 L.
617 1825 687 1880 At
715 1842 844 1882 vero
867 1827 1115 1883 doctrina
1137 1842 1349 1893 eorum,
1386 1841 1526 1897 quos
1565 1825 1826 1882 barbaros
1848 1840 2010 1881 voca—

442 1914 535 1980 tis,
568 1916 805 1973 maxime
834 1917 920 1987 pia
949 1926 1068 1984 est;
1098 1932 1219 1988 quae
1251 1933 1419 1973 unum
1448 1916 1641 1987 Deum,
1666 1926 1719 1972 et
1759 1917 2008 1987 Opiﬁcem

445 2008 611 2063 totius
657 2008 823 2079 hujus
868 2008 1057 2063 mundi
1109 2008 1431 2074 introducit;
1475 2016 1673 2065 natura
1713 2008 1915 2064 bonum
1944 2021 2009 2062 ac

437 2100 647 2171 justum
681 2118 693 2154 :
728 2101 932 2154 bonum
975 2100 1218 2170 quidem,
1249 2108 1310 2155 ut
1340 2101 1437 2171 qui
1479 2100 1867 2171 paenitentibus
1909 2099 2006 2155 de-

440 2191 567 2246 licta
615 2189 886 2246 condonet
917 2207 932 2245 :
959 2189 1167 2260 justum
1217 2199 1421 2257 autem,
1453 2199 1514 2245 ut
1559 2190 1654 2260 qui
1708 2188 2007 2258 unicuique

438 2296 549 2339 non
575 2282 879 2352 prnnitenti,
909 2297 1007 2352 pro
1038 2282 1301 2337 factorum
1326 2282 1536 2339 meritis
1564 2281 1849 2339 retribuat.
1883 2279 2011 2337 Sin-

438 2373 550 2444 guli
592 2388 853 2443 namque,
894 2373 1026 2428 dum
1057 2382 1373 2443 exspectant
1415 2372 1659 2429 futurum
1687 2387 1815 2443 erga
1858 2371 2009 2442 ipsos

439 2462 539 2519 Dei
560 2472 755 2521 cuncta
783 2464 1049 2519 intuentis
1080 2464 1369 2532 judicium,
1398 2463 1467 2518 ad
1496 2472 1793 2533 temperate
1821 2462 2008 2518 viveu-
2060 2510 2075 2537 γλ

438 2554 567 2609 dum
609 2554 869 2624 majorem
898 2556 1162 2624 impetum
1197 2555 1462 2625 capiunt:
1494 2564 1547 2609 ct
1574 2555 1668 2625 qui
1701 2555 1867 2611 vitam
1890 2567 2009 2609 Ilo-

438 2643 683 2699 t‘eratam
719 2642 979 2709 traduxit,
1006 2651 1212 2701 aeterno
1240 2643 1510 2713 supplicio
1539 2643 1822 2698 liberatur.

508 2748 595 2804 Ll.
635 2750 683 2784 “
717 2749 909 2817 Porro,
945 2751 1075 2805 dum
1128 2751 1561 2822 uniuscujusque
1615 2767 1843 2817 eorum,
1908 2751 2005 2823 qui

438 2842 579 2911 apud
610 2858 709 2897 vos
744 2843 819 2896 dii
862 2844 1236 2909 nominantur,
1284 2844 1484 2912 impios
1527 2852 1682 2900 actus
1715 2845 2003 2915 redarguo,

437 2929 610 2996 Jovis,
634 2930 889 3003 Neptuni,
922 2932 1192 2999 Plutonis,
1219 2934 1509 3004 Apollinis,
1549 2933 1768 3003 Bacchi,
1799 2934 2006 2993 Heron-

438 3024 529 3090 lis,
559 3040 623 3081 ac
656 3024 994 3095 singulorum
1042 3023 1204 3097 (quos
1244 3041 1420 3096 neque
1451 3027 1552 3096 ipsi
1596 3027 1881 3097 ignoratis,
1912 3036 2002 3085 ut-
2029 3056 2073 3115 α

437 3126 564 3188 pote
593 3115 648 3171 in
684 3116 995 3173 Graecorum
1023 3118 1217 3175 litteris
1242 3119 1510 3185 instituti;
1544 3118 1682 3189 quas
1706 3119 1845 3175 vitas
1865 3120 2002 3177 edo-

438 3208 512 3263 cti
550 3208 708 3275 estis,
744 3217 806 3264 ut
847 3217 1107 3281 tanquam
1137 3211 1364 3266 deorum
1407 3212 1756 3267 aemulatores
1801 3212 2004 3268 similia

437 3300 732 3374 peragatis)
782 3310 838 3357 et
876 3303 945 3357 ab
969 3302 1090 3372 ipso
1126 3303 1385 3372 primum,
1420 3303 1466 3359 si
1498 3302 1731 3369 videtur,
1764 3303 2006 3361 maximo

439 3404 566 3462 rege
609 3390 741 3447 Jove
781 3392 986 3449 ordiar.
1014 3394 1058 3427 ⁵⁷
1087 3394 1238 3449 Illius
1278 3395 1494 3465 quidem
1526 3403 1677 3464 pater
1709 3393 2003 3462 Saturnus,

438 3482 627 3541 liberis
648 3485 786 3549 suis,
810 3494 869 3539 ut
893 3485 1082 3553 fertur,
1108 3487 1406 3555 devoratis,
1425 3496 1479 3541 et
1498 3486 1845 3543 adamantina
1867 3487 2007 3545 falce

438 3573 709 3631 demessis
750 3576 889 3647 patri
926 3578 1254 3647 genitalibus
1275 3622 1289 3646 ,
1322 3578 1539 3649 pietatis
1572 3594 1699 3650 erga
1730 3587 2005 3650 parentes,

437 3674 495 3723 et
514 3668 716 3723 amoris
746 3668 802 3724 in
834 3668 1057 3735 liberos,
1084 3669 1152 3726 iis
1180 3671 1273 3740 qui
1298 3670 1525 3726 deorum
1549 3671 1806 3743 mysteria
1837 3687 2009 3727 aemu-

439 3757 624 3813 lantur
652 3758 953 3827 specimina
994 3774 1059 3815 ac
1091 3760 1423 3831 exemplaria
1445 3761 1693 3831 praebuit.
1726 3758 1846 3832 Ipse
1878 3776 2008 3818 vero

438 3847 652 3918 Jupiter
684 3858 893 3919 patrem
930 3864 1090 3905 suum
1116 3850 1384 3916 vinctum,
1418 3852 1471 3906 in
1498 3850 1788 3906 Tartarum
1818 3850 2009 3922 praeci-

439 3941 652 4011 pitavit,
681 3950 736 3995 et
762 3942 899 3997 alios
922 3941 1054 3997 deos
1077 3942 1253 4011 punit.
1283 3943 1328 3976 ⁵⁸
1344 3941 1453 3997 Pro
1480 3942 1549 3997 iis
1570 3949 1754 3998 autem
1785 3942 1881 4013 qui
1908 3957 2007 3997 ne-

440 4031 657 4086 fandam
688 4040 906 4101 patrant
932 4033 1344 4100 obscenitatem,
1380 4032 1545 4088 Metin
1575 4049 1700 4089 cum
1733 4035 2010 4105 genuisset

439 4121 714 4191 absorpsit
739 4140 754 4177 :
784 4137 946 4192 porro
980 4121 1134 4177 Metis
1159 4130 1278 4177 erat
1316 4137 1535 4191 semen;
1568 4122 1831 4179 infantem
1860 4126 2007 4179 enim

440 4210 721 4266 absorberi
758 4211 1114 4281 impossibile.
1155 4209 1218 4265 in
1243 4210 1616 4268 defensionem
1655 4226 1787 4268 vero
1816 4228 2007 4269 eorum

439 4300 533 4370 qui
565 4315 858 4371 puerorum
888 4300 1171 4371 indulgent
1195 4301 1496 4369 amoribus,
1530 4302 1897 4375 Ganymedem
1920 4320 2011 4360 ra-

2111 453 2405 525 λεγομένην
2436 454 2667 522 γένεσιν,
2687 454 2779 505 καὶ
2811 453 2939 524 παρ’
2956 452 3123 523 αὐτὴν
3153 450 3273 505 ούτε
3307 452 3535 522 πάσχειν
3561 452 3683 507 τινά

2109 545 2329 599 δυνατὸν
2362 544 2499 599 εἷναί
2533 562 2714 615 φασιν,
2750 543 2872 597 οὔτε
2905 544 3110 596 ποιεῖν·
3138 542 3224 597 ἴνα
3254 541 3569 613 νομίσαντες
3599 543 3680 597 δτι

2110 634 2261 706 παρά
2291 634 2502 703 γένεσιν
2533 635 2708 698 οὐδεὶς
2738 634 2859 688 οὔτε
2892 635 3085 699 ποιεῖν,
3118 632 3239 686 οὔτε
3272 632 3499 703 πάσχειν
3545 630 3679 703 ἔχει,

2113 726 2311 799 ῥαδίως
2342 727 2435 781 ἐπὶ
2464 727 2525 782 τὸ
2556 728 2889 799 ἁμαρτάνειν
2922 725 3205 797 ἐρχωνται,
3230 727 3323 782 καὶ
3352 727 3683 798 ἁμαρτάνον-

2108 836 2220 883 τες,
2261 818 2335 891 μὴ
2371 819 2774 892 μεταμέλωνται
2807 820 2893 891 ἐφ’
2925 816 3006 886 οἷς
3038 819 3390 897 ησεϐήκασιν.
3412 818 3592 879 ’Δλλοι
3624 818 3682 874 δὲ

2110 910 2419 981 ἀπρονόητα
2449 911 2833 983 δογματίζουσι
2863 912 2931 967 τὰ
2964 913 3222 983 παρόντα,
3244 912 3343 965 καὶ
3366 910 3683 982 αὐτομάτως

2110 1000 2367 1072 φέρεσθαι
2397 1001 2457 1055 τὸ
2489 1003 2597 1055 πᾶν
2628 1001 2921 1072 είσάγουσι,
2949 1000 3173 1074 μηδενὸς
3205 1000 3562 1070 ἐφεστηκότος
3592 1000 3684 1052 Δε-

2112 1091 2309 1146 σπότου
2333 1110 2347 1123 σ
2384 1093 2411 1146 6
2442 1093 2505 1165 δὴ
2527 1093 2571 1126 ’ί
2604 1095 2697 1147 καὶ
2731 1094 2945 1148 πάντων
2978 1093 3090 1146 ἐστὶ
3122 1090 3520 1163 χαλεπώτατον,
3537 1090 3680 1144 οὓτω

2109 1181 2200 1239 τὸν
2231 1182 2361 1237 Θεὸν
2395 1183 2751 1257 βλασφημεῖν,
2788 1186 2882 1238 καὶ
2912 1185 3013 1254 τῆς
3043 1183 3137 1236 τοῦ
3172 1183 3368 1247 παντὸς
3400 1181 3679 1236 ἐκϐάλλειν

2111 1276 2383 1347 προνοίας,
2418 1275 2557 1331 ὥστε
2605 1277 2738 1349 μηδὲ
2784 1273 2920 1331 εἶναι
2951 1276 3129 1345 λέγειν
3159 1275 3250 1328 τὸν
3282 1274 3557 1344 ἐφεστῶτα
3588 1275 3679 1327 καὶ

2110 1366 2521 1443 προνοούμενον,
2554 1370 2648 1424 καὶ
2667 1370 2713 1400 ⁵³
2744 1368 2811 1423 τὰ
2842 1370 2963 1423 κατ’
2995 1369 3150 1436 ἀξίαν
3183 1369 3259 1440 τῷ
3292 1368 3449 1421 παντὶ
3482 1366 3676 1420 ἀπονέ-

2113 1472 2311 1527 μοντα·
2336 1456 2457 1512 ὅθεν
2490 1457 2551 1511 ού
2588 1458 2783 1534 ῥᾳδίως
2814 1460 2863 1513 oi
2895 1459 2965 1514 τά
2996 1459 3217 1513 τοιαῦτα
3239 1454 3555 1531 φρονοῦντες
3577 1474 3681 1510 σω-

2110 1545 2585 1616 φρονίζονται,Τὸν
2618 1548 2725 1623 γάρ
2758 1551 3119 1625 ἐπερχόμενον
3152 1549 3392 1604 κίνδυνον
3423 1550 3482 1603 οὐ
3516 1566 3678 1621 προο-

2115 1654 2328 1709 ρωνται.

2180 1815 2243 1873 L.
2271 1818 2328 1871 Ὀ
2342 1818 2397 1873 δὲ
2417 1817 2545 1884 τῶν,
2570 1818 2645 1883 ὡς
2665 1819 2820 1892 ὑμεῖς
2844 1836 2997 1889 φατε,
3021 1818 3307 1893 βαρϐάρων
3327 1816 3501 1886 λόγος,
3522 1817 3678 1870 εὐσε-

2108 1906 2365 1973 ϐὲστατός
2397 1910 2562 1976 ἐστιν,
2585 1909 2681 1970 ενα
2711 1910 2841 1964 Θεὸν
2872 1910 3201 1982 δημιουργὸν
3230 1908 3383 1965 τοῦδε
3415 1908 3509 1962 τοῦ
3543 1924 3677 1962 παν-

2106 1997 2199 2061 τὸς
2230 1998 2449 2070 είσηγού
2457 2017 2634 2071 μενος,
2654 2003 2721 2072 τῇ
2757 2000 2915 2071 φύσει
2946 2001 3146 2069 ἀγαθὸν
3168 2001 3261 2054 καὶ
3280 2001 3485 2055 δίκαιον
3503 2017 3519 2031 ο
3542 2001 3680 2069 ἀγα-

2109 2086 2200 2144 θδν
2235 2089 2352 2160 μὲν,
2386 2088 2460 2153 ὡς
2507 2090 2961 2163 μεταμελομένοις
2993 2090 3374 2162 συγχωροῦντα
3403 2089 3471 2144 τά
3503 2091 3685 2161 ἀμαρ-

2105 2181 2351 2252 τήματαο
2374 2182 2579 2241 δίκαιον
2610 2182 2685 2248 δὲ,
2708 2182 2783 2245 ὼς
2814 2182 3025 2253 ἑκάστῳ
3048 2182 3122 2254 μὴ
3153 2180 3516 2253 μετανοοῦντι,
3553 2182 3677 2234 κατ’

2107 2271 2264 2338 ἀξίαν
2308 2273 2414 2328 τῶν
2459 2274 2878 2346 πεπραγμένων,
2912 2274 3243 2329 ἀποδιδόντα.
3264 2275 3531 2336 Ἕκαστος
3570 2270 3680 2343 γάρ

2109 2364 2405 2436 προσδοκίᾳ
2453 2365 2547 2419 τοῦ
2600 2365 2953 2437 κριθήσεσθαι
3005 2365 3109 2419 ὑπὸ
3158 2364 3251 2421 τοῦ
3302 2364 3679 2418 παντεπόπτου

2108 2454 2264 2521 Θεοῦ,
2300 2457 2439 2528 πρὸς
2480 2457 2541 2511 τὸ
2589 2460 2881 2529 σωφρονεῖν
2918 2456 3114 2529 μᾶλλον
3145 2456 3244 2529 τὴν
3273 2456 3449 2528 ὁρμὴν
3464 2456 3511 2487 ⁸⁸
3540 2454 3678 2525 λαμ-

2107 2546 2259 2601 ϐάνει
2292 2550 2387 2601 καὶ
2406 2549 2435 2600 6
2456 2549 2747 2620 σωφρόνως
2771 2546 3065 2619 βεϐιωκὼς,
3085 2549 3186 2619 τῆς
3210 2545 3680 2617 αἰωνίου-λυτροῦ-

2106 2656 2198 2692 ται
2229 2638 2520 2703 κολάσεως.

2174 2749 2269 2807 ιι.
2294 2750 2425 2805 Έκά
2435 2768 2560 2806 στου
2584 2753 2642 2807 δὲ
2665 2752 2774 2806 τῶν
2790 2752 2917 2825 παρ’
2941 2752 3069 2823 ὑμῖν
3088 2750 3393 2823 λεγομένων
3414 2749 3552 2806 θεῶν
3581 2749 3683 2814 τάς

2105 2841 2321 2905 ἀσεϐεῖς
2363 2840 2652 2912 διελέγχων
2702 2840 2947 2914 πράξεις,
2982 2840 3074 2895 τοῦ
3120 2841 3240 2905 Διός
3270 2858 3330 2895 τε
3363 2841 3456 2893 καὶ
3487 2841 3682 2893 Ποσει-

2105 2930 2271 2995 δῶνος
2284 2932 2351 2997 ⁸⁸,
2385 2929 2696 2995 Πλούτωνός
2744 2947 2805 2986 τε
2850 2930 2943 2985 καὶ
2982 2929 3331 2996 Ἀπόλλωνος,
3365 2929 3618 2983 Διονύσου
3634 2929 3684 2961 ⁸⁸
3776 2940 3779 2941 ⁷

2105 3039 2165 3076 τε
2216 3022 2311 3077 καὶ
2353 3022 2702 3094 Ἡρακλέους,
2736 3022 2833 3077 καὶ
2876 3021 2984 3076 τῶν
3015 3021 3147 3081 ,καθ’
3181 3022 3276 3075 ἕνα
3325 3021 3548 3074 ἕκαστον
3588 3012 3683 3091 (ὧν

2104 3111 2223 3166 οὐδὲ
2242 3110 2394 3165 αὐτοὶ
2424 3110 2685 3179 ἀγνοεῖτε,
2709 3110 2773 3164 ὲκ
2805 3108 3049 3175 παιδείας
3092 3106 3407 3179 Ἑλληνικῆς
3427 3103 3686 3177 ὁρμώμε-

2104 3220 2203 3268 νοι,
2226 3200 2320 3266 οὓς
2352 3201 2703 3273 ἑπαιδεύθητε
2738 3200 2905 3272 βίους,
2924 3202 3009 3255 ῖνα
3030 3200 3106 3264 ὡς
3129 3198 3366 3283 ζηλωταὶ
3394 3196 3501 3249 τῶν
3523 3194 3682 3261 θεῶν,

2103 3294 2175 3351 τὰ
2203 3295 2364 3366 ὃμοια
2408 3292 2742 3366 πράττητε),
2770 3293 2870 3365 ’καὶ
2894 3292 2989 3350 ἀπ’
3023 3290 3187 3346 αὑτοῦ
3217 3307 3282 3361 γε
3317 3288 3601 3359 πρότεῳν,
3634 3288 3684 3340 εί

2102 3386 2270 3452 δοκεῖ,
2303 3384 2399 3441 τοῦ
2446 3384 2871 3456 βασιλικωτάτου
2917 3383 3038 3449 Διὸς
3083 3383 3337 3455 ἄρξομαι.
3372 3379 3477 3433 Τοῦ
3521 3380 3549 3431 6
3584 3378 3684 3450 μὲν

2106 3476 2288 3547 πατὴρ
2319 3474 2528 3546 Κρόνος
2556 3473 2626 3531 τὰ
2660 3473 2768 3527 ἴδια
2797 3472 2983 3541 τέκνα,
3015 3472 3089 3536 ὡς
3121 3471 3356 3540 λέγεται,
3381 3465 3681 3532 καταπιὼν,

2105 3570 2176 3645 τῇ
2207 3567 2265 3636 ἑξ
2297 3566 2601 3639 ἀδάμαντος
2632 3566 2785 3638 άρπῃ
2813 3564 2909 3619 τοῦ
2942 3564 3146 3637 πατρὸς
3164 3562 3235 3616 τά
3257 3562 3417 3635 μόρια
3442 3558 3680 3631 θερίσας,

2104 3659 2205 3730 τῆς
2237 3658 2374 3733 πρὸς
2404 3658 2582 3727 γονεῖς
2611 3655 2894 3722 εὐσεϐείας
2908 3658 3003 3713 καὶ
3021 3654 3121 3725 τῆς
3153 3653 3288 3726 πρὸς
3309 3651 3377 3704 τὰ
3408 3650 3575 3703 τέκνα
3598 3666 3684 3717 φι-

2106 3750 2249 3818 λίας,
2284 3750 2395 3815 τοῖς
2442 3749 2512 3805 τὰ
2560 3748 2797 3821 μυστικὰ
2826 3747 2936 3803 τῶν
2980 3747 3118 3802 θεῶν
3164 3745 3435 3817 ζηλοῦσιν,
3470 3743 3683 3807 εἰκόνας

2104 3840 2200 3896 καὶ
2240 3838 2445 3902 τύπους
2488 3837 2809 3910 παρέσχετο.
2834 3836 3008 3901 Δύτδς
3054 3836 3110 3891 δὲ
3156 3837 3184 3890 6
3229 3836 3363 3899 Ζεὺς
3393 3835 3484 3888 τὸν
3516 3834 3680 3889 αὐτοῦ

2105 3929 2316 4002 πατέρα
2366 3929 2544 3993 δείσας
2588 3928 2657 3994 ⁸³,
2709 3926 3042 4000 κατέῤῥαξεν
3093 3927 3174 3991 είς
3224 3925 3541 3997 Τάρταρον,
3588 3924 3680 3981 καὶ

2103 4021 2230 4084 τοὺς
2250 4021 2295 4054 ⁶⁰
2326 4020 2517 4084 ἄλλους
2559 4017 2775 4083 κολάζει
2808 4017 2978 4081 θεούς.
3017 4017 3142 4080 Τοῖς
3185 4015 3243 4068 δὲ
3289 4017 3680 4089 ἀρῤητουργεῖν

2106 4110 2373 4176 ἐθέλουσι,
2392 4111 2493 4182 τὴν
2522 4109 2707 4180 Μῆτιν
2737 4108 3002 4178 γεννήσας
3032 4106 3310 4171 κατέπιεν,
3330 4101 3397 4178 ἦν
3429 4106 3484 4159 δὲ
3511 4108 3544 4175 ἡ
3567 4105 3679 4176 Μῆ-

2104 4219 2189 4266 τις
2220 4203 2383 4275 γονή⁶
2423 4201 2617 4274 βρέφος
2648 4199 2757 4272 γὰρ
2787 4200 3093 4263 καταπιεῖν,
3130 4197 3589 4267 ἀδύνατον.’Υπὲρ
3621 4197 3677 4249 δὲ

2106 4293 2400 4362 ἀπολογίας
2460 4290 2852 4364 παιδεραστῶν,
2900 4290 3220 4361 Γανυμήδην
3265 4288 3517 4360 ἁρπάζει.
3568 4290 3679 4344 Καὶ

439 4396 541 4467 pit.
572 4393 640 4449 Ει
659 4394 922 4450 adulteris
954 4396 1006 4448 in
1037 4394 1305 4449 adulterio
1336 4408 1494 4465 Opem
1527 4394 1727 4463 ferens,
1759 4396 1875 4466 ipse
1902 4412 2004 4452 sae-

2109 4385 2315 4454 petxoi;
2368 4383 2509 4454 ὑπὲρ
2542 4382 2783 4454 μοιχείας
2815 4378 3044 4453 βοηθῶν,
3079 4379 3238 4443 αὐτὸς
3270 4379 3525 4443 πολλάκις
3561 4397 3677 4451 μοι-

439 4501 507 4556 pe
537 4487 786 4542 mcechus
826 4485 1120 4540 invenitur.
1161 4485 1243 4540 Ad
1287 4500 1502 4542 sorores
1536 4486 1699 4542 etiam
1724 4488 2003 4546 ducendas

442 4576 652 4641 invitat,
681 4576 796 4646 ipse
826 4575 1183 4645 congrediens
1207 4590 1331 4629 cum
1365 4577 1665 4644 sororibus,
1694 4576 1926 4646 Junone,
1952 4591 2005 4635 et

440 4669 657 4736 Cerere,
687 4677 743 4725 et
763 4666 972 4723 Venere
993 4667 1200 4723 ctelesti
1233 4684 1397 4739 quam
1442 4670 1688 4725 nonnulli
1721 4669 2001 4742 Dodonam

440 4771 657 4817 vocant.
687 4760 758 4817 lis
797 4776 928 4816 vero
974 4762 1068 4832 qni
1112 4777 1235 4818 eum
1272 4761 1487 4817 filiabus
1536 4763 1878 4829 commisceri
1906 4779 2003 4820 vo-

441 4854 595 4921 lunt,
632 4870 757 4910 cum
803 4853 1128 4924 Proserpina
1172 4841 1517 4926 congressus,
1546 4856 1850 4926 exemplum
1897 4857 2004 4912 im-

441 4949 671 5020 probum
716 4963 782 5002 ex
825 4946 1034 5002 fabulis”
1052 4946 1301 5002 eﬂicitur.
1332 4945 1450 5002 Alia
1479 4963 1696 5018 quoque
1719 4950 2003 5005 innumera

442 5041 604 5110 impie
628 5038 830 5110 gessit;
856 5047 916 5093 ut
941 5040 1009 5093 ab
1032 5038 1213 5108 impiis
1239 5039 1553 5095 hominibus
1594 5049 1813 5110 propter
1839 5055 2004 5095 exsu.

439 5140 717 5202 perantem
734 5129 1207 5199 intemperantiam
1230 5128 1536 5186 fabulosum
1552 5130 1745 5200 dogma
1767 5130 1834 5185 de
1855 5129 2002 5187 illius

2101 4474 2192 4544 χὸς
2260 4473 2587 4544 εὑρίσκεται.
2646 4472 3058 4544 Ἀδελφογαμεῖν
3086 4474 3129 4504 “
3150 4474 3207 4527 δὲ
3272 4474 3673 4547 προτρέπεται,

2101 4565 2353 4635 ἀδελφαῖς
2384 4556 2545 4629 αὐτὸς
2578 4564 2951 4631 συνεισελθὼν,
2970 4567 3137 4639 Ἥρᾳ,
3174 4566 3267 4621 καὶ
3297 4568 3561 4638 Δήμητρί,
3584 4567 3676 4620 καὶ

2113 4658 2398 4730 Ἀφροδίτη
2442 4659 2508 4730 τῇ
2554 4658 2799 4729 οὐρανίᾳ,
2831 4658 2898 4730 ἦν
2944 4676 3086 4721 τινες
3133 4656 3390 4730 Δωδώνην
3436 4658 3671 4728 λέγουσι.

2100 4749 2224 4814 Τοῖς
2254 4747 2311 4800 δὲ
2345 4747 2645 4819 θυγατράσι
2692 4747 2981 4819 μίγνυσθαι
3014 4747 3375 4819 βουλομένοις,
3409 4749 3676 4821 Περσεφόλ

2104 4856 2171 4911 νη
2204 4837 2593 4909 συνεληλυθὼς,
2611 4838 2957 4910 παράδειγμα
2989 4839 3221 4912 πονηρὸν
3254 4841 3317 4893 ἐκ
3346 4839 3454 4893 τῶν
3489 4840 3672 4911 μύθων

2103 4928 2507 4996 γίνεται.¹Ἀλλα
2538 4945 2596 4982 τε
2631 4928 2799 5001 μυρία
2832 4928 3120 5000 ἠσέϐηκεν,
3156 4929 3243 4983 ἵνα
3277 4931 3381 4985 ὑπὸ
3410 4930 3518 4985 τῶν
3548 4930 3671 4984 δυσ·

2105 5019 2298 5085 σεϐὦν,
2322 5019 2411 5073 διὰ
2457 5020 2556 5092 τὴν
2608 5018 3047 5093 ὑπερϐάλλουσαν
3091 5021 3377 5093 ἀκρασίαν,
3412 5022 3504 5075 καὶ
3550 5020 3669 5085 θεὸς

2102 5119 2241 5177 εἶναι
2272 5126 2384 5189 τοῖς
2418 5122 2650 5188 ίδιώταις
2678 5124 2707 5176 6
2740 5121 2907 5193 μῦθος
2936 5122 3287 5197 δογματισθῇ.
3323 5125 3537 5181 Τούτων
3568 5124 3665 5196 οὐχ

1699 5270 1930 5327 ἼΑΙὶΙᾸΕ
1970 5267 2365 5326 LECTIONES.

584 5429 723 5506 "al.
754 5430 969 5506 Sﬂjtou.
1040 5435 1088 5466 δ’
1126 5434 1277 5506 deest
1298 5434 1351 5488 in
1377 5434 1446 5488 al.
1526 5435 1571 5467 ⁸³
1611 5435 1682 5489 al.
1726 5428 1995 5506 ἀφορμήν.
2094 5437 2144 5472 ⁸⁵
2182 5435 2305 5493 Rea.
2328 5438 2367 5491 1.
2394 5453 2449 5501 ι,
2472 5450 2520 5491 c.
2551 5435 2645 5506 A17,
2680 5443 2782 5506 etc.

2883 5433 2931 5467 "
2974 5433 3049 5490 al.
3087 5432 3407 5495 Ποσιδῶνος.
3497 5430 3543 5464 ⁸⁸
3590 5424 3695 5484 εἰ(

444 5500 752 5586 ιὲιονυσίουζ
778 5498 875 5586 si
904 5498 1267 5586 (Ῑίςηιεειιὶιιαι
1282 5506 1426 5559 hom.
1462 5520 1514 5586 ν,
1554 5521 1602 5586 c‘.
1642 5498 1905 5586 ig,_étc.',
1930 5498 2093 5586 hom.
2142 5507 2194 5586 θ,
2244 5508 2397 5586 (πλε.
2437 5498 2511 5537 ’⁵⁸
2549 5504 2884 5586 Epiphanius
2963 5504 3094 5586 hnzer.
3122 5503 3214 5586 g6,
3262 5520 3318 5557 n.
3351 5502 3437 5555 16.
3515 5500 3559 5532 ⁸³
3586 5501 3659 5586 al:

444 5568 632 5638 δήσας.
663 5641 676 5648 _
710 5573 1053 5648 Kalfodc.
1080 5574 1221 5648 Lege
1242 5575 1488 5648 ὅπουκαὶ
1519 5576 1647 5648 τους
1676 5568 2005 5640 ἀλλους,ἰιὺὶ
2040 5587 2089 5630 et
2116 5568 2252 5648 alios
2295 5577 2431 5631 Deus
2466 5568 2673 5648 punit}
2712 5591 2837 5648 nam
2875 5574 3206 5648 κατέρραξεν
3246 5587 3353 5628 non
3410 5570 3662 5628 convenit

446 5652 571 5697 Cum
600 5641 833 5706 κολάζει.
876 5642 1006 5699 Vide.
1036 5645 1140 5701 hac
1162 5640 1229 5701 ac
1258 5660 1315 5700 re
1340 5640 1557 5711 Hesiodi
1588 5644 1956 5718 Theogoniam.
1991 5648 2154 5705 (Itan.

2233 5647 2274 5679 ⁶¹
2313 5648 2380 5701 al.
2424 5644 2847 5717 ἀδελφοκτονεῖν.
