4040 6146
400 245 500 302 309

1139 245 1597 304 CLEMENTINA.
1638 277 1707 289 —-
1743 245 2040 304 ΕΡΙΤΟΜΕ
2078 245 2165 302 DE
2198 245 2444 303 GESTIS
2478 247 2539 303 S.
2580 245 2806 303 PETRI.

3534 245 3638 303 510

395 372 471 437 ὡς
490 371 678 444 ἔτυχεν
700 372 810 442 ἐγὼ
830 372 1148 441 καταγνοὺς,
1167 374 1244 445 τῷ
1276 372 1422 445 μόνῳ
1453 373 1645 445 ἀγαθῷ
1664 373 1782 446 Θεῷ
1806 390 1967 446 προσ-

2067 371 2350 427 divinitate
2373 370 2645 440 imperitis
2669 385 2992 442 persuasum
3023 367 3207 426 fuerit.
3233 370 3277 403 ⁶¹
3293 366 3389 425 His
3404 384 3505 440 ego
3525 385 3635 425 non

394 464 612 534 ἔφυγον,
652 461 1008 527 ἀποδεδωκὼς
1053 463 1151 534 τὴν
1186 465 1371 518 πίστιν
1402 463 1634 533 ἀσφαλεῖ
1662 466 1729 535 τῇ
1763 462 1962 534 κρίσει,

392 556 473 610 δτι
505 555 571 609 ὲκ
599 554 700 626 τῆς
729 554 821 609 τοῦ
855 554 988 609 Θεοῦ
1021 556 1233 621 δικαίας
1257 556 1490 627 κρίσεως
1522 556 1617 609 καὶ
1646 554 1806 625 νόμος
1835 554 1964 625 ὥρι-

394 666 537 712 σται,
572 649 666 701 καὶ
694 649 728 719 ἡ
762 647 921 721 ψυχὴ
942 648 1156 712 πάντως
1186 648 1247 702 τὸ
1288 648 1406 702 κατ’
1438 648 1595 715 ἀξίαν
1625 641 1701 704 ὧν
1733 646 1965 716 ἔπραξεν

392 740 526 796 ὅπου
556 740 619 813 δή
654 758 784 794 ποτε
816 739 1207 811 ἀπολαμϐάνει,

459 912 570 969 LII.
596 912 781 969 Ταῦτά
806 931 909 986 μου
936 914 1198 979 εἰπόντος,
1215 915 1243 967 6
1267 912 1511 969 Ἀππίων
1532 914 1579 947 ⁸³
1593 914 1863 987 ἐπήνεγκε
1886 915 1963 986 τῷ

390 1006 533 1078 λόγῳ
555 1023 570 1039 ο
606 1005 672 1059 Τί
704 1005 848 1078 γάρ;
881 1006 1002 1077 οὐχὶ
1032 1007 1125 1061 καὶ
1160 1006 1419 1078 Ἕλληνες
1453 1007 1548 1061 καὶ
1578 1006 1843 1079 Ἑλλήνων
1874 1008 1961 1061 νό-

393 1117 482 1170 μοι
527 1098 925 1169 ἀπαγορεύουσι
970 1096 1039 1151 τά
1082 1097 1323 1163 τοιαῦτα,
1357 1099 1453 1151 καὶ
1494 1098 1621 1161 τοὺς
1655 1100 1873 1169 μοιχούς
1902 1116 1962 1152 τε

391 1191 483 1243 καὶ
514 1190 688 1253 ἄλλως
718 1190 787 1244 τὰ
818 1188 1031 1243 ἐναντία
1063 1189 1399 1262 πράττοντας
1428 1190 1786 1262 τιμωρεῖσθαι
1807 1207 1964 1261 νομο-

390 1282 635 1349 θετοῦσι;
684 1282 839 1351 κάγὼ
884 1281 1039 1355 ἔφην’
1076 1282 1286 1336 Οὐκοῦν
1333 1282 1383 1335 oi
1426 1281 1692 1353 Ἐλλήνων
1735 1280 1847 1335 θεοὶ
1892 1281 1963 1335 τά

385 1374 601 1428 ἐναντία
648 1375 761 1437 τοῖς
806 1372 990 1445 νόμοις
1039 1372 1487 1446 διαπραξάμενοι,
1521 1372 1743 1427 κόλασιν
1772 1373 1832 1428 οὐ
1863 1373 1961 1444 τὴν

385 1460 652 1530 τυχοῦσαν
696 1459 989 1530 ὀφείλουσι.
1027 1461 1151 1525 Πῶς
1196 1462 1253 1515 δὲ
1313 1461 1664 1533 σωφρονίζειν
1725 1462 1960 1532 ἐμαυτὸν

384 1546 703 1619 δυνήσομαι,
737 1549 1133 1621 ὑπολαμϐάνων
1176 1551 1258 1605 ὅτι
1308 1552 1357 1604 οί
1410 1551 1523 1605 θεοὶ
1562 1550 1715 1605 αὐτοὶ
1747 1552 1963 1623 πρῶτοι

383 1638 501 1708 ἅμα
532 1641 600 1709 τῇ
637 1639 873 1710 μοιχείᾳ,
904 1640 972 1694 τὰ
1002 1640 1214 1711 χαλεπά
1247 1641 1424 1695 πάντα
1456 1640 1829 1712 διεπράξαντο,
1865 1642 1958 1695 καί⁵

2066 472 2268 519 temere
2304 461 2702 529 condemnatis,
2728 462 2793 517 ad
2824 460 2993 516 Deum
3024 462 3117 533 qui
3160 462 3313 518 solus
3354 461 3531 517 bonus
3554 472 3639 518 est

2063 554 2321 625 confugi;
2362 569 2487 609 cum
2516 552 2676 608 tidem
2711 561 2862 608 certo
2878 552 3090 621 judicio
3116 553 3455 620 habuissem,
3486 552 3634 623 quod

2062 660 2129 701 ex
2174 645 2267 701 Dei
2304 645 2454 716 justo
2494 644 2722 715 judicio,
2750 652 2805 699 et
2843 643 2929 698 lex
2957 642 3065 698 ﬁxa
3101 643 3174 699 sit
3213 659 3278 701 ac
3308 644 3554 711 deﬁnita,
3578 655 3637 699 et

2063 736 2245 791 anima
2287 737 2515 792 omnino
2542 751 2641 807 pro
2668 734 2937 807 dignitate
2964 750 3158 791 eorum
3191 751 3312 806 quas
3340 737 3508 807 gessit
3534 736 3635 793 ali-

2062 828 2283 899 quando
2306 839 2590 898 receptura
2618 828 2706 884 sit.

2134 919 2242 977 LII.
2285 919 2411 977 Haec
2447 937 2570 976 cum
2607 921 2892 987 dixissem,
2926 920 3139 991 Appion
3184 920 3418 975 orationi
3450 919 3633 989 subje-

2062 1010 2138 1066 cit
2165 1028 2179 1064 :
2212 1008 2352 1077 Quid
2382 1011 2565 1065 enim?
2591 1025 2771 1066 nonne
2807 1010 2982 1066 Graeci
3006 1008 3634 1078 etiam,Gr:ecorumque

2062 1102 2206 1173 leges
2238 1102 2339 1158 ista
2376 1102 2697 1172 prohibent;
2726 1111 2781 1157 et
2807 1102 3107 1169 adulteros,
3153 1116 3359 1171 eosque
3401 1101 3493 1171 qui
3524 1100 3633 1154 alia

2062 1194 2421 1266 repugnantia
2466 1194 2839 1261 committunt,
2869 1194 3051 1265 puniri
3092 1193 3390 1250 sanciunt?
3422 1190 3488 1246 Et
3530 1205 3632 1260 ego

2062 1285 2316 1355 respondi
2350 1304 2363 1341 :
2393 1285 2561 1355 Igitur
2601 1284 2916 1340 Graecorum
2970 1284 3045 1339 dii
3095 1284 3371 1339 contraria
3420 1281 3631 1352 legibus

2061 1374 2341 1439 facientes,
2368 1388 2476 1428 non
2507 1373 2621 1428 leve
2642 1372 2965 1443 supplicium
2996 1380 3293 1427 merentur.
3313 1370 3435 1438 Quo
3466 1369 3631 1425 modo

2060 1474 2240 1521 autem
2268 1480 2356 1520 me
2378 1478 2631 1520 coercere
2653 1472 2862 1532 potero,
2887 1465 3017 1517 dum
3047 1462 3304 1518 existimo
3328 1463 3462 1518 deos
3480 1462 3632 1531 ipsos

2059 1558 2265 1629 primos
2295 1572 2403 1612 una
2430 1570 2554 1611 cum
2577 1555 2847 1610 adulterio
2870 1562 3066 1610 cuncta
3084 1553 3285 1625 ﬂagitia
3309 1552 3626 1622 perfecisse,

2060 1664 2162 1704 nec
2188 1663 2378 1719 pmnas
2404 1646 2640 1715 dedisse,
2663 1662 2802 1717 quas
2827 1646 2947 1701 ideo
2979 1646 3153 1717 magis
3181 1646 3312 1701 dare
3335 1644 3627 1712 debebant,

382 1729 536 1803 δίκην
573 1732 634 1783 οὐ
667 1731 949 1799 δεδώκασι,
982 1732 1151 1805 ταύτῃ
1189 1733 1388 1805 μᾶλλον
1417 1710 1719 1803 ὀφείλοντες
1748 1733 1950 1801 δοῦναι,

2056 1710 2205 1808 quia'
2232 1753 2341 1793 non
2376 1710 2635 1793 serviunt
2664 1710 2947 1807 cupiditati
2978 1754 2991 1792 :
3022 1710 3171 1806 quod
3223 1736 3269 1792 si
3311 1736 3360 1790 ei
3403 1710 3627 1791 obnoxii

379 1820 455 1885 ὡς
488 1822 563 1893 μὴ
596 1822 934 1887 δουλεύοντες
966 1823 1231 1896 ἐπιθυμίᾳ
1253 1842 1266 1854 ·
1303 1825 1353 1879 εί
1398 1824 1455 1878 δὲ
1499 1825 1804 1889 ὑπέκειντο,
1838 1825 1954 1890 πῶς

378 1906 517 1984 ἦσαν
564 1913 709 1981 θεοί;
746 1914 855 1968 Καὶ
898 1915 926 1967 6
970 1915 1214 1969 ’Δππίων
1238 1917 1552 1970 ’Ἔστωσαν
1585 1918 1715 1987 ἡμῖν
1761 1919 1952 1973 σκοποὶ

381 2005 638 2077 μηκέτι⁶¹⁵
671 2006 800 2071 θεοὶ,
833 2007 969 2061 ἀλλά
989 2009 1034 2041 ⁸⁸
1065 2008 1332 2072 δικασταὶ,
1366 2009 1447 2073 εἰς
1488 2007 1583 2071 οὓς
1622 2008 1949 2080 ἀφορῶντες,

378 2094 795 2167 φοϐηθησόμεθα
842 2098 1195 2175 ἁμαρτάνειν.
1230 2097 1401 2168 Κάγὼ
1446 2097 1599 2170 ἔφην·
1647 2100 1761 2154 Οὐκ
1805 2098 1951 2153 ἔστιν

377 2187 580 2263 ὅμοιον,
613 2182 660 2243 ὦ
691 2189 951 2247 Ἀππίων.
982 2190 1039 2244 '0
1084 2190 1181 2261 μὲν
1225 2190 1333 2263 γὰρ
1379 2191 1516 2263 πρὸς
1546 2190 1829 2263 ἄνθρωπον
1857 2191 1951 2246 τὸν

379 2282 579 2334 σκοπὸν
611 2282 771 2352 ἔχων,
806 2283 983 2340 ἑλπίδι
1014 2285 1109 2340 τοῦ
1141 2285 1344 2352 λαθεῖν,
1367 2287 1702 2358 ἁμαρτάνειν
1733 2286 1951 2351 πάντως

377 2376 694 2447 τολμήσειεν
714 2393 728 2409 ⁸
764 2380 792 2432 6
824 2377 881 2433 δὲ
904 2379 1034 2433 Θεὸν
1067 2379 1450 2450 παντεπότπην
1479 2383 1548 2452 τῇ
1582 2379 1772 2433 ἑαυτοῦ

376 2471 716 2543 ὁρισάμενος,
751 2471 908 2537 εἰδὼς
938 2472 1100 2528 αὑτὸν
1130 2473 1310 2528 λαθεῖν
1346 2474 1423 2547 μὴ
1453 2474 1731 2540 δύνασθαι,
1764 2478 1859 2529 καὶ
1888 2474 1950 2531 τδ

375 2562 547 2633 λάθρα
578 2563 909 2634 ἁμαρτάνειν
940 2566 1357 2637 παραιτήσεται.

442 2652 575 2708 LIII.
596 2654 781 2708 Ταῦτα
799 2656 828 2709 6
862 2655 1106 2711 Ἀππίων
1125 2656 1381 2721 ἀκούσας.
1412 2658 1617 2730 ᾝδειν,
1636 2658 1760 2729 ἔφη,
1777 2657 1835 2725 ἐξ
1858 2658 1947 2713 ὅτε

373 2746 579 2817 ἤκουσα
608 2746 950 2819 Χριστιανοῖς
982 2765 1041 2803 σε
1075 2749 1523 2821 προσομιλοῦντα,
1557 2751 1881 2821 ἠλλοιῶσθαι
1902 2753 1947 2785 ⁸⁸

369 2838 468 2909 τὴν
499 2836 742 2909 γνώμην.
774 2838 973 2904 Καλῶς
1015 2840 1124 2912 γάρ
1168 2842 1381 2912 εἴρηται
1421 2860 1560 2896 τινι·
1596 2844 1949 2912 Φθείρουσιν

369 2930 483 2999 ἢθη
512 2930 744 3000 χρηστὰ
771 2932 992 3001 ὁμιλίαι
1020 2934 1217 2987 κακαί.
1239 2933 1410 3003 Κάγὼ
1424 2934 1561 3006 πρὸς
1592 2935 1770 2989 αὐτόν·
1800 2937 1944 2990 Οὐκ-

2051 1824 2294 1893 fuerunt,
2320 1840 2430 1895 quo
2449 1834 2611 1895 pacto
2638 1824 2714 1880 dii
2750 1826 2941 1880 erant?
2972 1825 3039 1880 Et
3077 1824 3289 1895 Appion
3322 1843 3335 1880 :
3368 1825 3491 1880 Sint
3524 1841 3627 1881 no-

2051 1914 2137 1969 bis
2158 1930 2257 1984 pro
2282 1929 2471 1985 scopo,
2503 1931 2612 1971 non
2637 1915 2733 1981 dii,
2779 1915 2873 1969 sed
2906 1914 3149 1986 judices;
3179 1918 3233 1971 in
3265 1931 3404 1986 quos
3447 1918 3623 1987 respi-

2050 2004 2263 2072 ciendo,
2297 2020 2524 2076 peccare
2547 2014 2875 2062 metuemus.
2900 2006 2972 2061 At
2992 2022 3093 2079 ego
3125 2009 3311 2077 excepi
3348 2025 3363 2063 :
3393 2007 3513 2062 Non
3540 2017 3625 2064 est

2050 2093 2248 2162 simile,
2292 2110 2328 2151 o
2367 2095 2601 2167 Appian.
2628 2096 2730 2163 Qui
2758 2099 2905 2153 enim
2931 2099 2998 2153 ad
3033 2098 3311 2155 hominem
3339 2099 3582 2157 collimat
3602 2140 3620 2169 ,

2049 2201 2146 2255 spe
2187 2186 2410 2253 latendi,
2439 2186 2757 2257 delinquere
2798 2190 3022 2244 omnino
3067 2190 3289 2246 audebit
3320 2190 3455 2260 :qui
3492 2205 3623 2247 vero

2049 2275 2220 2333 Deum
2252 2278 2497 2334 omnium
2531 2280 2893 2349 inspectorem
2933 2290 3091 2337 meus
3133 2282 3255 2338 loco
3282 2283 3480 2339 animae
3508 2297 3625 2339 sua:

2047 2370 2352 2439 proposuit,
2374 2384 2577 2440 gnarus
2607 2370 2751 2440 quod
2778 2385 2903 2427 eum
2927 2371 3092 2429 latere
3120 2387 3229 2428 non
3256 2371 3449 2442 possit,
3477 2372 3621 2427 clam

2047 2474 2271 2531 quoque
2297 2475 2526 2532 peccare
2552 2463 2947 2532 supersedebit.

2116 2655 2250 2713 Llll.
2304 2657 2437 2725 Quae
2475 2673 2600 2713 cum
2637 2658 2880 2715 audisset
2908 2658 3143 2729 Appion,
3198 2656 3618 2727 Intellexeram,

2047 2745 2243 2818 inquit,
2265 2762 2333 2803 ex
2355 2763 2466 2819 quo
2490 2749 2673 2804 audivi
2703 2748 2802 2804 tibi
2830 2766 2956 2806 cum
2988 2748 3317 2805 Christianis
3344 2765 3466 2806 esse
3489 2765 3622 2806 con-

2047 2837 2432 2905 suetudinem,
2487 2839 2786 2896 mutavisse
2840 2850 2894 2894 te
2944 2841 3293 2895 sententiam.
3354 2839 3623 2897 Pmclarc

2044 2931 2189 2986 enim
2227 2946 2257 2986 a
2286 2932 2523 3001 quodam
2564 2932 2771 2988 dictum
2796 2941 2881 2988 est
2912 2952 2925 2987 :
2959 2932 3134 2987 Mores
3168 2934 3326 2989 bonos
3358 2934 3621 3006 colloquia

367 3021 461 3075 οῦν
511 3022 899 3110 ἐπανορθοῦσιν
950 3023 1056 3096 ἢθη
1110 3025 1185 3096 μὴ
1244 3025 1454 3097 χρηστά
1492 3027 1696 3098 ὁμιλίαι
1758 3028 1939 3082 καλαί.

2047 3031 2384 3092 corrumpunt
2423 3022 2570 3076 mala
2589 3024 2654 3077 °'.
2698 3022 2765 3076 Et
2798 3039 2900 3093 ego
2925 3024 2991 3078 ad
3024 3024 3176 3079 illum
3212 3041 3228 3079 :
3263 3022 3407 3095 Ergo
3437 3040 3619 3081 mores

366 3114 553 3168 Ταῦτά
588 3107 689 3185 μου
720 3113 982 3181 εἰπόντος,
1004 3116 1055 3168 ol
1074 3116 1336 3188 παρόντες
1356 3117 1581 3191 φανεροὶ
1598 3113 1737 3189 ἦσαν
1756 3120 1945 3193 ὥσπερ

366 3207 616 3278 ἡδόμενοι
647 3209 762 3270 τοῖς
794 3208 886 3261 ὑπ’
907 3205 1040 3279 ἐμοῦ
1072 3208 1410 3279 λεγομένοιςο
1432 3210 1553 3264 ὅθεν
1585 3212 1679 3266 καὶ
1700 3213 1765 3283 τῇ
1788 3213 1945 3267 ὑστε-

276 3365 292 3379 ,
370 3298 498 3368 ραία
546 3297 877 3364 ἀξιώσαντες
924 3300 1214 3368 ἀφικέσθαι
1262 3300 1443 3367 πάλιν,
1475 3302 1537 3354 τό
1582 3320 1644 3371 γε
1685 3302 1780 3357 νῦν
1822 3304 1946 3375 ἔχον

367 3388 684 3461 ὑπεχώρουν
706 3391 771 3443 ⁸⁸.
808 3391 887 3461 Τῇ
920 3391 977 3445 δὲ
1023 3392 1282 3463 ἐπαύριον
1315 3394 1701 3465 προεληλυθότι
1732 3395 1811 3467 τῷ
1842 3395 1946 3448 Πέ-

363 3494 479 3549 τρῳ
512 3478 784 3549 ἀπήντουν
805 3480 853 3511 ’θ
886 3479 1251 3553 πλησιόχωροί
1280 3500 1338 3535 τε
1372 3483 1470 3537 οὐκ
1501 3483 1689 3553 ὀλίγοι,
1725 3485 1817 3539 καὶ
1847 3486 1945 3539 αὐ-

364 3571 467 3641 τῆς
496 3570 554 3622 δὲ
585 3571 688 3641 τῆς
719 3570 894 3643 Τύρου
929 3572 1143 3625 πολλοί·
1178 3574 1273 3627 καὶ
1304 3573 1615 3643 ἐπεφώνουν
1660 3575 1905 3645 λέγοντες
1924 3593 1940 3609 ο

374 3648 438 3714 Ὀ
458 3660 592 3725 Θεὸς
614 3662 702 3715 διὰ
725 3663 818 3716 σοῦ
841 3664 987 3734 ἡμᾶς
1018 3663 1317 3731 ἐλεείτωτί,
1350 3666 1438 3719 διά
1463 3666 1556 3719 σοῦ
1573 3668 1619 3699 τ’
1644 3665 1943 3738 θεραπευὲ-

362 3770 463 3807 τω.
498 3753 636 3816 Στάς
667 3749 759 3808 οὖν
789 3756 819 3807 ὁ
850 3755 1053 3827 Πέτρος
1084 3757 1176 3810 ἐπὶ
1208 3748 1358 3810 λίθὸυ
1387 3758 1534 3822 τινὸς
1568 3758 1772 3829 ὑψηλοῦ
1806 3758 1943 3831 πρὸς

361 3842 425 3896 τὸ
456 3841 715 3897 δύνασθαι
748 3846 881 3898 πᾶσι
913 3846 1227 3917 καταφανὴς
1258 3842 1417 3913 εῖναι,
1452 3848 1544 3901 καὶ
1576 3848 1943 3922 προσαγορεύει

366 3951 467 3999 σας
499 3934 738 3991 θεοσεϐεῖ
768 3936 937 4009 νόμῳ,
970 3936 1143 4001 οὕτως
1173 3937 1397 4010 ἤρξατο·

435 4112 570 4167 LIV.
611 4112 729 4183 Θεῷ
772 4112 852 4183 τῷ
883 4114 1167 4186 ποιήσαντι
1194 4115 1287 4170 τὸν
1314 4117 1540 4189 οὐρανὸν
1578 4120 1674 4173 καὶ
1713 4120 1811 4191 τὴν
1838 4121 1942 4193 γῆν

364 4205 459 4258 καὶ
477 4206 576 4277 τὴν
605 4205 898 4272 θάλασσαν,
917 4208 977 4261 οὐ
1007 4208 1182 4261 λείπει
1213 4210 1483 4279 πρόφασις
1503 4209 1640 4282 πρὸς
1669 4213 1942 4285 σωτηρίαν

361 4299 471 4353 τῶν
501 4296 766 4361 σώζεσθαι
800 4297 1135 4370 βουλομένων
1159 4316 1171 4329 ·
1200 4299 1421 4364 δυνατὸς
1446 4300 1554 4372 γάρ
1585 4303 1699 4354 ἐστι
1732 4305 1824 4356 καὶ
1841 4304 1941 4368 τὰς

2044 3123 2153 3162 non
2181 3109 2358 3166 bonos
2379 3110 2648 3179 colloquia
2678 3112 2821 3166 bona
2846 3114 3147 3180 corrigunt.
3184 3114 3229 3146 ⁸⁸
3257 3113 3382 3169 Haec
3416 3130 3503 3169 me
3530 3115 3620 3171 ιιι-

2043 3205 2230 3264 cente,
2274 3199 2368 3268 qui
2412 3199 2661 3264 aderant,
2695 3215 2805 3257 non
2836 3201 3069 3257 obscure
3112 3203 3440 3259 videbantur
3472 3205 3621 3261 dele-

2043 3291 2178 3347 ctari
2208 3291 2277 3347 iis
2299 3308 2423 3362 qua:
2448 3309 2477 3347 a
2500 3308 2589 3347 me
2611 3292 2933 3348 dicebantur
2962 3312 2977 3347 :
3012 3294 3155 3349 unde
3182 3303 3237 3350 et
3276 3311 3400 3350 cuin
3426 3314 3620 3369 rogas-

2042 3389 2183 3449 sent,
2210 3393 2270 3438 ut
2317 3383 2580 3452 postridie
2626 3384 2824 3439 iterum
2863 3384 3268 3452 conveniretur,
3295 3387 3618 3457 impraesen-

2042 3473 2242 3530 tiarum
2257 3474 2645 3531 discesserunt.
2660 3475 2887 3531 Postero
2904 3485 3085 3530 autem
3099 3476 3207 3543 die,
3220 3477 3311 3533 Pet
3320 3482 3381 3533 ro
3396 3496 3618 3550 egresso

2042 3573 2441 3634 processerunt
2464 3564 2675 3619 obviam
2702 3580 2808 3619 non
2833 3567 2989 3635 pauci
3021 3566 3261 3634 ﬁnitimi,
3295 3584 3359 3624 ac
3381 3586 3448 3625 ex
3471 3571 3619 3642 Tyro

2042 3658 2160 3726 ipsa
2209 3658 2559 3727 complures;
2611 3667 2665 3713 et
2704 3658 3100 3727 acclamabant,
3150 3661 3391 3720 dicentes
3426 3683 3440 3718 :
3473 3664 3618 3721 Deus

2041 3764 2139 3818 per
2171 3757 2221 3803 te
2266 3749 2439 3803 nostri
2486 3750 2831 3816 misereatur,
2858 3765 2953 3820 per
2982 3758 3036 3807 te
3072 3767 3175 3807 nos
3208 3757 3397 3809 curet!
3456 3754 3620 3813 Stans

2041 3853 2170 3909 ergo
2210 3839 2404 3895 Petrus
2456 3840 2512 3895 in
2554 3842 2773 3898 excelso
2806 3842 3003 3912 lapide,
3052 3854 3111 3899 ut
3146 3847 3403 3904 omnibus
3432 3859 3619 3918 posset

2040 3946 2163 3987 esse
2184 3933 2513 4001 conspicuus
2533 3972 2548 3999 ,
2580 3941 2867 4005 postquam
2898 3936 3154 4006 religioso
3185 3954 3338 3994 more
3379 3942 3615 3997 salutas-

2041 4033 2142 4090 set,
2176 4024 2248 4078 ita
2275 4040 2506 4081 exorsus
2532 4036 2650 4082 est:

2111 4113 2245 4169 LIV.
2286 4114 2418 4180 Deo,
2454 4116 2723 4173 conditori
2754 4119 2909 4185 coeli,
2954 4128 3133 4188 terrae,
3166 4137 3232 4178 ac
3266 4124 3464 4191 maris,
3491 4143 3605 4181 non

2041 4205 2195 4262 deest
2217 4207 2436 4263 occasio
2455 4209 2521 4263 ad
2546 4200 2784 4264 salutcn’i'
2799 4225 2990 4266 eorum
3015 4214 3109 4282 qui
3133 4216 3337 4269 servari
3357 4218 3606 4287 cupiunt:

2041 4307 2219 4368 potest
2255 4298 2403 4353 enim
2448 4309 2501 4354 et
2535 4303 2749 4354 animas
2778 4311 2996 4357 nostras
3020 4311 3076 4357 et
3115 4320 3343 4374 corpora
3369 4323 3611 4364 servare.

362 4392 540 4463 ψυχὰς
563 4394 596 4463 ὴ
605 4391 719 4463 μῶν
740 4392 835 4445 καὶ
857 4391 927 4445 τά
952 4391 1178 4463 σώματα
1214 4392 1403 4447 σῶσαι.
1438 4393 1709 4448 Μανθάνω
1730 4390 1844 4459 οὖν,
1865 4396 1942 4460 ὡς

2047 4391 2221 4445 Audio
2248 4391 2456 4460 utique,
2494 4391 2775 4446 Simonem
2815 4392 3031 4463 Magum
3058 4396 3195 4452 bove
3230 4408 3466 4454 mactato
3489 4416 3618 4455 cun-

366 4483 699 4554 βουθυτήσας
731 4482 913 4553 Σίμων
942 4481 1193 4551 ὀΜάγος,
1240 4484 1509 4537 εἱστίασεν
1535 4484 1678 4555 ὑμᾶς
1700 4487 1757 4539 ὲν
1789 4486 1931 4561 μέσῃ

359 4578 427 4648 τῇ
447 4577 641 4648 ἀγορᾷ,
665 4577 758 4629 καὶ
788 4575 915 4646 οἴνῳ
953 4574 1131 4645 πολλῷ
1156 4575 1409 4645 κορέσας,
1440 4575 1703 4648 ὀλεθρίοις
1739 4576 1935 4631 πάθεσι

361 4668 456 4722 καὶ
482 4668 699 4738 δαίμοσι
734 4666 1134 4737 παραδέδωκεν.
1182 4664 1318 4720 Ἀλλ’
1345 4666 1534 4737 ὥσπερ
1568 4661 1661 4720 οὖν
1684 4667 1792 4720 τῶν
1823 4667 1938 4721 δαί-

364 4777 520 4831 μοσιν
542 4759 946 4829 ἀποδεδομένων
975 4758 1231 4829 θυμάτων
1265 4758 1660 4828 μεταλαϐόντες
1682 4798 1697 4821 ,
1728 4757 1806 4829 τῷ
1836 4759 1937 4830 τῆς

362 4853 560 4916 κακίας
600 4851 827 4923 ἡγεμόνι
876 4851 1310 4923 κατεδουλώθητε
1338 4870 1351 4885 ο
1394 4853 1568 4916 οὕτως
1622 4853 1688 4906 ἂν
1728 4852 1934 4907 τούτων

362 4944 698 5014 παυσάμενοι
748 4943 827 5013 τῷ
861 4942 981 5015 Θεῷ
1024 4944 1111 4997 διά
1159 4944 1255 4997 τοῦ
1302 4945 1508 5016 Κυρίου
1549 4946 1707 5016 ἡμῶν
1756 4944 1931 5015 Ἰησοῦ

362 5034 598 5108 Χριστοῦ
627 5033 984 5105 προσέλθητε,
1013 5030 1072 5089 εὖ
1103 5034 1215 5088 ίστε
1240 5076 1254 5101 ,
1282 5035 1364 5089 ὅτι
1402 5037 1498 5089 σὺν
1534 5038 1601 5105 τῇ
1627 5035 1723 5089 τοῦ
1757 5035 1934 5107 σώμα-

360 5142 451 5190 τος
483 5126 643 5189 ἰάσει,
668 5126 762 5178 καὶ
788 5125 887 5188 τάς
922 5126 1099 5196 ψυχὰς
1131 5126 1478 5194 ὑγιαινούσας
1524 5127 1693 5193 ἕξετε,
1728 5127 1798 5181 τά
1817 5128 1937 5197 Θεῷ

362 5216 662 5287 ἀρέσκοντα
707 5217 1105 5294 μετερχόμενοι.
1139 5219 1293 5274 Ἔστι
1320 5220 1378 5272 δὲ
1418 5219 1489 5273 τὰ
1531 5220 1832 5288 ἀρέσκοντα
1859 5219 1937 5289 τῷ

361 5308 503 5379 Θεῷ,
523 5309 586 5362 τδ
612 5308 761 5380 αὐτῷ
782 5325 842 5361 τε
866 5310 1302 5381 προσεύχεσθαι,
1329 5311 1423 5365 καὶ
1445 5309 1725 5383 τραπέζης
1743 5312 1935 5384 δαιμο-

2039 4481 2241 4536 vivium
2269 4483 2426 4538 vobis
2457 4483 2511 4536 in
2537 4483 2717 4537 medio
2755 4482 2875 4537 Iuro
2902 4485 3150 4551 dedisse,
3181 4503 3245 4542 ac
3278 4488 3404 4543 vino
3434 4492 3609 4546 multo

2036 4574 2278 4643 expletos
2313 4573 2638 4644 perniciosis
2693 4574 2900 4629 morbis
2938 4590 3001 4629 ac
3056 4576 3396 4633 daemonibus
3439 4581 3608 4634 tradi-

2034 4662 2199 4719 disse.
2245 4664 2314 4719 At
2343 4672 2492 4719 certe
2540 4664 2685 4719 sicut
2726 4666 2993 4733 perceptis
3025 4667 3309 4721 sacriﬁciis
3351 4684 3471 4739 qua:
3500 4670 3612 4724 ἀθει-

2037 4757 2300 4812 monibus
2327 4757 2509 4812 oblata
2537 4758 2774 4821 fuerant,
2796 4757 3017 4812 malitiae
3050 4757 3175 4812 duci
3197 4758 3405 4813 servire
3430 4761 3611 4815 coacti

2036 4848 2199 4903 estis:
2221 4848 2293 4901 ita
2311 4849 2380 4911 si,
2399 4848 2466 4901 iis
2496 4848 2719 4912 relictis,
2749 4847 2815 4903 ad
2843 4847 3033 4913 Deum,
3060 4864 3156 4918 per
3187 4848 3474 4904 Dominum
3499 4867 3600 4906 no-

2038 4949 2212 4995 strum
2239 4937 2425 4993 Jesum
2453 4938 2765 5003 Christum,
2812 4940 3181 5003 accesseritis,
3219 4939 3461 5009 profecto
3493 4942 3605 4997 sci-

2041 5041 2186 5099 tote,
2216 5046 2316 5086 vos
2342 5046 2466 5086 cum
2511 5031 2757 5099 corporis
2787 5030 3038 5097 sanitate,
3070 5031 3233 5085 etiam
3273 5031 3486 5086 animas
3519 5048 3610 5087 εει

2038 5140 2139 5179 nas
2199 5123 2481 5179 habituros
2535 5139 2687 5189 esse;
2768 5122 2879 5179 Deo
2948 5125 3147 5194 placita
3216 5127 3605 5181 consectando.

2038 5220 2308 5275 (laterum
2336 5217 2446 5273 Deo
2468 5219 2667 5289 placita
2690 5228 2852 5285 sunt;
2878 5233 3001 5274 eum
3043 5219 3274 5289 precari,
3304 5219 3608 5275 daemonio-

2038 5327 2163 5367 rum
2194 5327 2383 5367 mensa
2412 5310 2713 5377 abstinere,
2746 5309 3066 5380 sanguinem
3096 5327 3205 5366 non
3222 5311 3490 5382 attingere
3510 5327 3607 5367 seu

1629 5406 1862 5463 VARIJE
1902 5405 2302 5462 LECTIONES.

506 5518 551 5552 “
590 5518 847 5575 Clemcnt.
880 5520 1028 5575 hom.
1076 5536 1149 5585 IV,
1183 5535 1233 5575 c.
1255 5520 1349 5585 22,
1370 5532 1474 5578 etc.

368 5655 635 5735 ἀπήντων.
712 5662 755 5693 ⁷³
791 5661 859 5719 al.
904 5661 1109 5731 ὲλεήτο.
1187 5655 1245 5696 τί
1268 5663 1335 5719 al.
1380 5663 1544 5721 inscr.
1600 5665 1707 5725 καί.

1580 5521 1627 5554 ⁸⁸
1664 5524 1734 5577 aI.
1785 5524 1997 5579 Ἀπίων.
2081 5516 2134 5555 ⁸⁵
2164 5526 2234 5578 al.
2278 5542 2317 5596 μ

365 5590 416 5663 '_"
451 5588 760 5663 Menander.
796 5595 835 5663 Ιἶ
868 5589 967 5663 ιςᾉι
985 5588 1109 5663 Cor.
1148 5607 1251 5657 xv,
1281 5592 1369 5647 53.
1439 5593 1482 5624 "
1511 5588 1772 5652 Clement.
1802 5596 1947 5653 hom.
1991 5612 2064 5663 iv,
2095 5610 2144 5651 c.
2166 5596 2253 5650 25.

2397 5524 2497 5577 ἔτι.
2575 5522 2621 5553 ⁸⁸
2643 5521 2713 5593 al.
2750 5520 2885 5574 ἀλλὰ
2935 5522 2996 5593 ἧ.
3047 5520 3093 5559 ⁸ο
3132 5521 3203 5593 al.
3242 5518 3602 5593 ἡλλοιοῦᾼσθαι.

2362 5596 2381 5627 ³
2420 5596 2489 5650 al.
2532 5590 2854 5663 ἀνεχώρουν.
2871 5590 3368 5665 ιιΙ.’ύπανεχώρουν.
3445 5591 3493 5623 ⁷⁸
3530 5592 3602 5649 aL
