4048 6146
431 231 527 286 5H

1286 232 1343 289 S.
1387 232 1773 290 CLEMENTIS
1806 233 1827 288 l
1864 232 2028 289 ROM.
2068 233 2268 292 PONT.
2304 232 2531 291 OPERA
2568 232 2795 289 DUBIA.

3571 232 3671 286 512

425 365 679 425 gustare,
733 356 804 413 ab
849 357 999 413 omni
1045 356 1465 428 inquinamento
1512 358 1895 415 inmaculatos
1947 374 1990 414 St

2104 359 2233 414 νίων
2287 358 2624 429 ἀπέχεσθαι,
2676 355 2751 429 μὴ
2798 353 2993 426 ψαύειν
3049 352 3308 424 αἵματος,
3363 349 3428 404 ὲκ
3478 348 3670 413 παντὸς

424 462 783 516 conservare;
838 450 892 504 in
938 451 1125 506 multis
1155 451 1478 520 corporibus
1523 466 1630 505 una
1669 460 1848 505 mente
1880 466 2001 519 gra-

425 541 661 608 dientes,
709 543 852 611 quod
892 543 1277 612 unusquisque
1310 542 1414 597 sibi
1442 543 1579 609 vult,
1606 542 1657 597 id
1687 551 1741 596 et
1764 542 1831 597 de
1870 557 1988 611 pro-

427 635 579 689 ximo
603 636 845 705 cogitare
877 651 941 689 ac
964 649 1183 704 cupere.
1229 634 1320 689 Ait
1352 633 1498 688 enim
1530 653 1544 688 :
1578 635 1625 666 "
1651 632 1769 689 Non
1800 633 1884 688 vis
1917 633 2000 687 in-

428 727 634 793 terfici,
664 728 898 781 alterum
941 743 1051 780 non
1100 726 1397 781 interﬁcias
1435 742 1447 779 :
1483 740 1593 780 non
1641 724 1723 780 vis
1772 740 1996 780 uxorem

424 827 571 873 tuam
600 820 669 874 ab
699 819 809 872 alio
832 818 1178 887 constuprari
1200 858 1214 883 ,
1247 816 1476 871 alterius
1506 826 1731 885 nuptam
1769 830 1837 870 ne
1867 829 2000 869 con-

424 921 608 983 stupra
648 930 661 967 :
705 926 815 965 non
861 911 943 966 vis
984 910 1264 980 quidpiam
1309 910 1536 963 omnino
1567 924 1746 964 rerum
1780 918 1997 962 tuarum

424 1001 573 1059 furto
612 1003 858 1069 auferri,
892 1002 1031 1056 nihil
1078 1003 1304 1057 alterius
1335 1000 1537 1056 furare.
1585 1000 1762 1069 Atque
1809 1001 1883 1054 ita
1930 1014 1999 1054 ex

423 1097 579 1151 vobis
611 1097 745 1165 ipsis
776 1095 923 1164 quod
958 1094 1158 1148 rationi
1197 1104 1628 1149 consentaneum
1659 1099 1742 1148 est
1792 1093 1997 1148 intelli-

423 1195 630 1255 gentes,
658 1200 724 1239 ac
749 1182 1071 1250 consectati,
1106 1182 1216 1237 Deo
1247 1182 1400 1237 chari
1425 1178 1599 1247 eritis,
1632 1190 1685 1237 et
1709 1180 1996 1237 sanitatem

423 1272 818 1343 assequemini.

494 1364 605 1419 LV.
635 1366 681 1397 ⁷⁸
702 1364 829 1419 Haec
864 1379 893 1417 a
922 1362 1084 1418 Petro
1127 1363 1319 1434 paucis
1341 1362 1535 1418 diebus
1560 1362 1736 1417 edocti
1756 1404 1772 1428 ,
1802 1360 1998 1417 deinde

421 1460 475 1505 et
496 1454 835 1507 curationem
868 1452 1069 1523 adepti,
1096 1452 1163 1506 ad
1211 1467 1429 1507 sacrum
1456 1452 1790 1522 baptismum
1819 1466 2001 1507 acces-

422 1552 632 1596 serunt.
662 1541 795 1609 Quae
821 1558 946 1598 cum
983 1541 1197 1597 Sidonii
1231 1543 1561 1611 audiissent,
1592 1543 1996 1613 supplicaturos

420 1632 488 1687 ad
522 1632 739 1688 Petrum
766 1636 1052 1700 miserunt,
1087 1644 1141 1690 et
1162 1635 1483 1691 acciverunt
1510 1649 1635 1689 eum
1660 1634 1728 1690 ad
1751 1649 1842 1701 se;
1866 1634 1994 1705 quia

2105 453 2410 525 μιάσματος
2450 452 2709 514 ἀσπίλους
2747 450 2971 512 ἑαυτοὺς
3016 449 3300 518 συντηρεῖν
3325 484 3341 509 ,
3373 445 3433 499 έν
3463 443 3671 507 πολλοῖς

2102 542 2311 614 σώμασι
2341 544 2438 614 μιᾷ
2466 540 2660 614 γνώμῃ
2686 538 3047 610 στοιχοῦντας,
3075 539 3210 609 ὅπερ
3238 537 3467 599 ἕκαστος
3498 533 3669 605 ἑαυτῷ

2101 634 2271 701 θέλει,
2312 635 2470 689 τοῦτο
2500 634 2595 688 καὶ
2630 633 2758 706 περὶ
2798 631 2892 685 τοῦ
2939 630 3163 702 πλησίον
3206 630 3440 701 φρονεῖν.
3467 628 3516 659 ’⁸
3533 629 3667 697 Φησὶ

2098 728 2236 800 γάρ·
2272 728 2347 781 Οὐ
2388 726 2560 790 θέλεις
2614 724 2972 795 φονευθῆναι,
3015 722 3202 794 ἕτερον
3253 720 3327 793 μὴ
3378 718 3665 791 φονεύσῃς·

2098 818 2160 870 ού
2190 817 2363 880 Θέλεις
2400 816 2500 888 τὴν
2535 816 2633 886 σὴν
2669 816 2761 885 ὑφ’
2787 815 2976 886 ἑτέρου
3025 812 3370 884 μοιχευθῆναι
3397 812 3629 890 γυναῖκα
3648 848 3664 873 ,

2098 910 2197 979 τὴν
2244 909 2431 979 ἑτέρου
2484 908 2558 979 μὴ
2601 905 2819 978 μοίχευε
2870 906 3142 977 γαμετήν·
3177 904 3238 955 ού
3273 901 3447 965 θέλεις
3474 918 3528 954 τι
3560 899 3666 953 τῶν
3720 962 3727 965 π

2101 1001 2209 1055 σῶν
2235 1001 2372 1064 ὅλως
2399 999 2666 1070 κλαπῆναι
2690 1039 2704 1064 ,
2756 997 2941 1068 ἑτέρου
2984 996 3058 1067 μὴ
3105 994 3303 1048 κλέπτε
3345 991 3533 1083 μηδέν.
3560 989 3667 1045 Καὶ
3718 1070 3723 1083 .

2097 1092 2272 1155 οὓτως
2316 1091 2407 1161 ἀφ’
2447 1089 2599 1163 ὑμῶν
2645 1088 2823 1143 αὐτῶν
2858 1087 2919 1140 τὸ
2962 1084 3179 1154 εὔλογον
3225 1079 3569 1143 συννοοῦντές
3607 1096 3668 1133 τε

2098 1183 2193 1237 καὶ
2217 1183 2509 1254 μετιόντες,
2533 1181 2652 1252 Θεῷ
2672 1180 2987 1254 προσφιλεῖς
3004 1179 3212 1242 ἔσεσθε,
3233 1178 3326 1233 καὶ
3348 1177 3447 1249 τῆς
3475 1175 3670 1240 ἰάσεως

2097 1275 2460 1342 ὲπιτεύξεσθε.

2168 1365 2277 1420 LV.
2322 1356 2556 1421 Τοιαῦτα
2582 1364 2687 1420 ὑπὸ
2715 1363 2809 1418 τοῦ
2847 1364 3056 1437 Πέτρου
3098 1362 3156 1415 ὲν
3191 1360 3401 1430 ὀλίγαις
3436 1355 3671 1431 ἡμέραις

2097 1457 2530 1528 κατηχηθέντες,
2570 1453 2688 1511 εἶτα
2729 1456 2824 1510 καὶ
2855 1455 3149 1527 θεραπείας
3187 1451 3509 1519 ἀξιωθέντες
3532 1490 3547 1515 ,
3590 1449 3672 1521 τῷ

2101 1549 2232 1620 ἱερῲ
2258 1548 2560 1621 προσῆλθον
2590 1547 2945 1619 βαπτίσματι.
2980 1544 3164 1599 Ταῦτα
3184 1545 3277 1599 καὶ
3296 1543 3536 1598 Σιδώνιοι
3569 1559 3673 1613 μα-

2098 1643 2300 1709 θόντες,
2338 1641 2523 1705 ἱκέτας
2547 1641 2682 1711 πρὸς
2711 1639 2802 1694 τὸν
2826 1638 3031 1711 Πέτρον
3056 1635 3379 1699 ἕστελλονπ,
3411 1631 3672 1705 μετάκλη-

422 1739 623 1794 netnpe
654 1724 753 1794 ipsi
784 1735 1003 1795 prepter
1027 1727 1249 1782 morbos
1273 1726 1341 1780 ad
1372 1726 1523 1780 illum
1550 1726 1737 1781 venire
1766 1702 1990 1798 non—po-

2095 1752 2189 1787 τον
2223 1702 2515 1795 ποιοῦντες
2538 1702 2674 1800 πρὸς
2705 1730 2905 1793 αὐτοὺς
2926 1702 2951 1795 ,’
2976 1728 3073 1782 ἆτε
3103 1726 3167 1799 δὴ
3207 1723 3298 1779 διὰ
3333 1702 3433 1787 τὰς
3480 1702 3670 1785 νόσους

416 1823 615 1872 terant.
665 1818 833 1887 Igitur
879 1819 1071 1873 Petrus
1116 1829 1407 1889 postquam
1453 1833 1659 1889 paucos
1710 1818 1827 1873 dies
1862 1818 1991 1891 Tyri

416 1917 790 1964 commoratus
839 1919 1004 1975 esset,
1038 1909 1355 1979 morbisque
1405 1908 1712 1979 omnigenis
1735 1924 1829 1965 eos
1856 1909 1994 1966 libe-

415 1999 668 2062 rat-isset,
696 2008 751 2053 et
784 2000 1113 2055 instituisset
1142 1998 1464 2065 Ecclesiam,
1486 2007 1652 2070 atque
1676 2015 1742 2055 ex
1764 2001 1993 2072 presby-

416 2090 552 2146 teris
578 2092 671 2161 qui
704 2106 829 2146 eum
862 2092 1232 2162 sequebantur
1271 2092 1587 2162 episcopum
1616 2092 1751 2163 ipsis
1781 2094 1991 2151 consti-

415 2185 634 2251 tuisset,
671 2182 931 2239 Sidonem
969 2185 1247 2254 profectus
1286 2193 1390 2239 est.
1424 2182 1749 2256 Rursusque
1799 2186 1991 2244 Simon

418 2276 634 2347 Magus,
680 2286 961 2347 comperto
982 2277 1094 2347 jam
1121 2278 1416 2333 adventare
1448 2278 1689 2345 Petrum,
1723 2280 1865 2335 ultro
1893 2296 1991 2335 au-

412 2367 572 2439 fugit,
600 2378 654 2424 et
676 2368 742 2423 ad
775 2356 1031 2440 Berytum
1061 2385 1186 2425 cum
1216 2370 1463 2440 Appione
1489 2371 1718 2442 ejusque
1741 2374 1908 2429 sociis
1931 2389 1990 2430 se

412 2466 660 2521 contulit.

486 2554 621 2611 LVI.
651 2556 921 2612 Caeterum
952 2559 1044 2615 ubi
1069 2557 1266 2615 Petrus
1292 2558 1554 2615 Sidonem
1582 2558 1862 2631 ingressus
1882 2570 1986 2629 est,

412 2649 619 2704 multos
653 2649 706 2703 in
735 2651 891 2705 lectis
926 2660 1315 2720 portaverunt,
1345 2666 1410 2707 ac
1436 2651 1490 2705 in
1530 2663 1824 2722 conspectu
1866 2654 1988 2723 ejus

412 2748 731 2808 posuerunt.
763 2740 831 2792 At
866 2739 1063 2796 Petrus
1104 2743 1170 2796 ad
1215 2757 1311 2798 eos
1357 2758 1372 2796 :
1420 2741 1498 2798 Ne
1524 2744 1875 2811 existimetis,
1905 2746 1987 2799 in-

413 2830 551 2898 quit,
586 2844 671 2883 me
696 2828 902 2899 aliquid
927 2845 1089 2900 posse
1115 2831 1184 2885 ad
1212 2832 1553 2887 curationem
1578 2842 1817 2888 vestram
1842 2874 1857 2899 ,
1889 2834 1985 2905 qui

416 2935 539 2975 sum
566 2920 683 2990 ipse
714 2935 935 2991 quoque
980 2922 1145 2977 homo
1171 2924 1439 2990 mortalis,
1464 2939 1528 2980 ac
1561 2924 1746 2981 multis
1772 2941 1991 2997 perpes-

2092 1823 2369 1887 ἀδυνάτως
2398 1823 2550 1876 αὐτοὶ
2583 1822 2797 1892 ἔχοντες
2829 1819 2966 1888 πρὸς
3007 1819 3209 1871 ἐκεῖνον
3241 1816 3449 1886 φοιτᾷν.
3483 1814 3540 1867 '0
3575 1814 3651 1866 Πέ

2090 1931 2217 1986 τρος
2243 1912 2422 1968 τοίνυν
2450 1912 2662 1985 ἡμέρας
2689 1912 2875 1980 ὀλίγας
2897 1908 3241 1981 ὲνδιατρίψας
3268 1910 3336 1979 τῇ
3369 1905 3551 1979 Τύρῳ,
3575 1906 3669 1959 καὶ

2091 2002 2447 2057 παντοδαπῶν
2490 2002 2689 2064 αὐτοὺς
2730 1998 3045 2063 ἀπαλλάξας
3086 1997 3306 2061 παθῶν,
3346 1995 3669 2067 Ἐκκλησίαν

2088 2113 2151 2151 τε
2176 2094 2600 2166 συστησάμενος,
2622 2092 2715 2147 καὶ
2745 2091 2852 2146 ἀπὸ
2876 2090 2983 2144 τῶν
3014 2089 3297 2161 ἑπομένων
3342 2088 3489 2159 αύτῷ
3532 2103 3668 2157 πρε-

2092 2183 2368 2255 σϐυτέρων
2392 2182 2686 2236 ἐπίσκοπον
2702 2182 2885 2244 αὐτοῖς
2908 2181 3282 2251 καταστήσας,
3306 2178 3563 2251 ὥρμησεν
3589 2178 3669 2241 είς

2091 2275 2321 2331 Σιδῶνα·
2345 2274 2525 2346 Σίμων
2554 2273 2612 2327 δὲ
2642 2273 2803 2329 πάλιν
2822 2274 2853 2328 6
2876 2272 3065 2341 Μάγος
3098 2272 3301 2343 ἥκοντα
3326 2270 3424 2342 ήδη
3445 2269 3539 2323 τὸν
3564 2268 3670 2322 Πέ-

2088 2385 2216 2439 τρον
2242 2364 2599 2441 μεμαθηκὼς,
2634 2364 2855 2435 φεύγειν
2879 2361 3089 2433 ἠγάπα,
3121 2362 3215 2415 καὶ
3261 2360 3398 2432 πρὸς
3424 2359 3666 2431 Βηρυτὸν

2087 2456 2285 2529 ἐχώρει
2314 2456 2453 2528 μετά
2494 2454 2797 2519 Ἀππίωνος
2831 2452 2929 2508 καὶ⁵
2957 2452 3067 2507 τῶν
3101 2451 3331 2523 ἑταίρων
3358 2448 3543 2504 αὑτοῦ.

2158 2570 2290 2627 LVI.
2350 2569 2457 2624 Τοῦ
2506 2569 2563 2623 δὲ
2608 2568 2819 2638 Πέτρου
2854 2566 3114 2630 εἰσιόντος
3159 2565 3240 2629 είς
3285 2564 3385 2636 τὴν
3420 2562 3667 2629 Σιδῶνα,

2086 2663 2313 2729 πολλοὺς
2340 2665 2432 2716 ἐπὶ
2454 2660 2650 2716 κλινῶν
2680 2661 2945 2734 φέροντες
2982 2660 3062 2724 είς
3088 2658 3209 2731 ὄψιν
3231 2656 3494 2712 ἐτίθεσαν.
3523 2656 3581 2710 '0
3607 2657 3666 2710 δὲ

2087 2757 2291 2828 Πέτρος
2320 2755 2455 2827 πρὸς
2484 2752 2681 2817 αύτούς
2699 2770 2713 2784 ·
2752 2754 2844 2825 Μή
2879 2771 2945 2824 με
2966 2753 3243 2824 νομίσητε,
3263 2751 3389 2823 ἔφη,
3409 2748 3665 2805 δύνασθαί

2085 2865 2138 2901 τι
2172 2847 2308 2920 πρὸς
2333 2845 2604 2917 ὑμετέραν
2643 2844 2786 2899 ῖασιν
2806 2883 2822 2908 ,
2860 2844 3146 2917 ἄνθρωπον
3186 2843 3314 2897 ὄντα
3349 2842 3539 2914 θνητὸν
3570 2841 3667 2895 καὶ

2087 2940 2281 3006 αὐτὸν,
2324 2939 2418 2993 καὶ
2474 2937 2689 3001 πολλοῖς
2746 2935 2978 2991 πάθεσιν
3029 2935 3410 3008 ὑποκείμενον·
3456 2933 3670 3006 ὑφηγή-

413 3010 664 3065 sionibus
695 3012 1007 3068 obnoxius:
1034 3013 1233 3069 docere
1276 3022 1458 3069 autem
1493 3031 1592 3070 vos
1629 3018 1849 3073 modum
1877 3034 1987 3089 quo

2092 3030 2283 3083 σασθαι
2318 3030 2374 3083 δὲ
2405 3030 2534 3101 ύμῖν
2577 3028 2666 3082 τὸν
2717 3027 2917 3100 τρόπον
2964 3025 3034 3079 δι’
3072 3019 3133 3080 οὗ
3180 3025 3418 3098 σωθῆναι
3450 3025 3668 3079 δυνατοὶ

413 3103 549 3159 salvi
577 3119 699 3159 esse
723 3105 995 3174 poteritis,
1025 3120 1137 3160 non
1166 3107 1473 3176 gravabor;
1502 3116 1690 3178 utpote
1725 3110 1819 3180 qui
1868 3110 1987 3181 ipse

412 3208 633 3264 quoque
662 3209 690 3248 a
722 3194 945 3250 Christo
968 3195 1195 3252 edoctus
1225 3195 1326 3251 sim
1349 3238 1365 3263 ,
1414 3206 1468 3253 et
1507 3198 1811 3269 discipulus
1850 3192 1987 3255 Boni

414 3285 560 3337 Hlius
585 3285 965 3341 exstiterim."
1004 3286 1131 3343 Ilaec
1153 3296 1209 3343 et
1237 3288 1292 3343 in
1319 3289 1521 3345 Sidone
1543 3289 1704 3346 Petro
1725 3285 2009 3350 suadente

412 3373 481 3428 iis
506 3374 596 3443 qui
632 3388 1037 3443 convenerant,
1087 3392 1209 3432 cum
1246 3380 1436 3448 paucis
1479 3380 1669 3438 diebus
1706 3383 1861 3438 multi
1911 3382 1987 3439 ibi

414 3481 634 3537 quoque
669 3466 992 3536 poenitentia
1015 3469 1163 3525 ducti
1207 3468 1461 3538 fuissent,
1511 3486 1576 3526 ac
1606 3474 1985 3543 credidissent,

414 3557 536 3611 dein
561 3568 613 3612 et
636 3560 869 3615 sanitate
913 3561 1101 3616 donati
1147 3548 1354 3629 essent,
1386 3560 1688 3619 Eeclesiam
1721 3565 1984 3635 instituit;

413 3657 468 3703 et
519 3658 813 3719 postquam
842 3652 1082 3723 aliquem
1113 3668 1180 3708 ex
1207 3654 1541 3725 presbyteris
1572 3656 1665 3727 qni
1700 3672 1825 3712 eum
1854 3673 1988 3728 con-

414 3741 765 3795 sectabantur
792 3745 1171 3801 constituisset
1216 3746 1533 3819 episcopum
1552 3791 1569 3818 ,
1601 3748 1805 3805 Sidone
1834 3765 1989 3823 egre-

414 3829 580 3884 ditur.

485 3920 641 3977 LVII.
677 3922 873 3978 Statim
903 3936 1083 3981 autem
1125 3943 1190 3983 ac
1220 3927 1475 4000 Berytum
1502 3933 1783 4001 pervenit,
1825 3944 1982 3993 terrae

414 4024 599 4068 motus
631 4013 809 4071 factus
836 4026 920 4072 est
945 4034 959 4072 :
984 4027 1147 4089 atque
1173 4020 1327 4089 plebs
1356 4024 1624 4078 accedens
1648 4026 1714 4079 ad
1743 4024 1984 4094 Petrum,

337 4126 351 4137 η
415 4115 476 4159 nt
502 4104 669 4161 ferret
696 4122 855 4177 opem
889 4110 1133 4181 rogabat.
1164 4110 1474 4170 Titnuimus
1502 4114 1668 4182 enim,
1711 4116 1984 4186 dicebant,

416 4210 485 4249 ne
513 4193 761 4251 funditus
804 4198 1130 4266 periremus.
1185 4198 1339 4263 Tubc
1390 4212 1446 4258 et
1496 4204 1710 4272 Simon,
1758 4207 1987 4263 audacia

416 4300 665 4358 sumpta,
714 4300 769 4346 et
804 4303 1120 4349 commento
1158 4311 1266 4350 una
1309 4311 1433 4351 cum
1483 4295 1762 4367 Appione,
1804 4299 1988 4357 Annu—

2089 3121 2278 3177 ἔσεσθε
2301 3164 2316 3189 ,
2359 3121 2421 3176 ού
2449 3120 2627 3191 φθονῶ
2643 3120 2711 3187 ⁷⁷,
2742 3120 2819 3184 ὡς
2861 3119 2928 3173 ἂν
2966 3119 3061 3173 καὶ
3102 3118 3264 3182 αὐτὸς
3293 3118 3401 3172 ὑπὸ
3426 3114 3665 3189 Χριστοῦ

2087 3214 2356 3285 διδαχθεὶς
2380 3255 2395 3280 ,
2430 3214 2524 3267 καὶ
2555 3211 2805 3284 μαθητὴς
2829 3211 3038 3265 ἐκείνου
3073 3209 3166 3263 τοῦ
3194 3207 3401 3278 ἀγαθοῦ
3439 3207 3668 3279 γενόμε-

2086 3319 2193 3365 νος.
2225 3299 2459 3355 Τοιαῦτα
2487 3301 2579 3354 καὶ
2604 3301 2663 3353 ὲν
2697 3295 2886 3352 Σιδῶνι
2908 3298 3004 3353 τοῦ
3035 3299 3243 3371 Πέτρου
3273 3296 3667 3370 παραινοῦντος

2086 3394 2199 3455 τοῖς
2245 3390 2514 3445 συνιοῦσιν
2538 3431 2553 3457 ,
2607 3393 2666 3444 ἐν
2706 3388 2914 3459 ὀλίγαις
2964 3389 3198 3461 ἡμέραις
3240 3388 3452 3443 πολλῶν
3505 3390 3667 3443 κάκεῖ

2090 3484 2347 3556 μετανοίᾳ
2382 3482 2742 3555 χρησαμένων
2783 3481 2876 3536 καὶ
2918 3481 3358 3547 πιστευσάντων,
3408 3475 3527 3534 εἶτα
3567 3481 3662 3535 καὶ

2088 3574 2381 3647 θεραπείας
2410 3573 2781 3653 ἀξιωθέντων,
2841 3572 3166 3642 Ἐκκλησίαν
3212 3573 3538 3643 συνέστησε,
3568 3573 3662 3626 καὶ

2085 3667 2194 3720 τῶν
2251 3666 2627 3738 συνεπομένων
2682 3663 2830 3736 αὺτῷ
2882 3663 3267 3737 πρεσϐυτέρων
3326 3665 3448 3719 τινὰ
3492 3680 3660 3718 κατα-

2089 3759 2355 3814 caricae"
2383 3757 2702 3821 ἐπίσκοπον,
2731 3755 2896 3823 ἔξεισι
2924 3756 3022 3827 τῆς
3046 3756 3293 3819 Σιδῶνος.

2158 3934 2313 3990 LVII.
2367 3936 2453 3999 Ὠς
2493 3935 2550 3988 δὲ
2590 3934 2749 3998 εὐθὺς
2797 3934 2969 4005 ἐπέϐη
2997 3934 3097 4005 τῆς
3124 3934 3406 4008 Βηρυτοῦ,
3439 3935 3658 4008 σεισμὸς

2087 4028 2302 4096 ἐγένετο
2318 4043 2332 4056 ·
2364 4027 2458 4079 καὶ
2482 4026 2532 4077 οῖ
2564 4024 2711 4096 ὄχλοι
2753 4024 3072 4096 προσιόντες
3098 4024 3176 4096 τῷ
3198 4027 3390 4098 Πέτρῳ
3407 4067 3421 4092 ,
3447 4023 3656 4098 βοηθεῖν

2087 4119 2310 4173 ἐδέοντο.
2342 4115 2709 4188 Πεφοὸήμεθα
2734 4115 2843 4187 γὰρ
2865 4155 2879 4181 ,
2909 4115 3114 4185 ἔλεγον,
3142 4116 3216 4188 μὴ
3249 4118 3342 4172 καὶ
3380 4118 3659 4183 παντελῶς

2087 4209 2429 4281 ἀπολώμεθα.
2467 4206 2601 4262 Τότε
2642 4209 2735 4263 καὶ⁹
2774 4210 2803 4261 6
2843 4207 3023 4279 Σίμων
3071 4209 3347 4281 τολμήσας
3393 4209 3657 4264 Ἀππίωνι

2088 4303 2202 4373 ἂμα
2230 4302 2322 4355 καὶ
2355 4298 2852 4362 Ἀννουϐίωνι⁸⁰-⁸¹,
2897 4297 3244 4371 Ἀθηνοδώρῳ
3276 4317 3371 4367 τε,
3407 4303 3503 4356 καὶ
3541 4302 3655 4356 ὅσοι

413 4379 596 4447 bione,
620 4380 990 4451 Athenodoro,
1033 4387 1353 4458 caeterisque
1398 4389 1656 4446 omnibus
1707 4392 1988 4450 sodalibus

2092 4394 2265 4465 ἕτεροι
2303 4388 2443 4463 ἦσαν
2488 4390 2635 4462 αὑτῷ
2682 4390 3225 4463 προσηταιρισμένοι,
3268 4392 3503 4466 δημοσίᾳ
3544 4397 3657 4458 τοῖς

413 4473 754 4542 excogitato,
784 4476 996 4544 publice
1033 4479 1370 4536 multitudini
1400 4481 1700 4551 clamabat,
1758 4482 1979 4540 Petrum

412 4564 744 4621 ostendens:
776 4565 966 4638 Fugite
1007 4569 1154 4623 hunc
1182 4611 1197 4637 ,
1240 4585 1274 4625 ο
1316 4571 1450 4639 viri,
1503 4573 1651 4626 omni
1690 4574 1871 4630 studio
1919 4591 1984 4632 ac

414 4653 797 4723 festinatione,
848 4659 1047 4730 fugite,
1072 4661 1293 4731 dicens,
1328 4662 1519 4736 Magus
1549 4673 1667 4728 est,
1703 4668 1834 4723 mibi
1872 4683 1986 4725 cre-

413 4745 554 4813 dite;
582 4757 638 4803 et
666 4758 823 4806 teme
850 4761 1063 4807 motum
1101 4753 1149 4809 is
1179 4756 1296 4825 ipse
1323 4756 1468 4827 apud
1498 4772 1597 4813 vos
1627 4756 1755 4814 fecit
1775 4800 1791 4825 ,
1835 4775 1983 4815 mor-

416 4839 623 4909 bosque
648 4844 924 4909 excitavit,
973 4856 1032 4901 ut
1061 4862 1159 4903 vos
1200 4856 1520 4918 perterreat,
1558 4847 1811 4921 Deusque
1838 4851 1985 4922 apud

416 4947 517 4988 vos
544 4935 723 5003 palam
758 4937 1043 4995 habeatur.
1096 4940 1346 5011 Cumque
1386 4944 1623 5013 populus
1651 4942 1877 5011 seintra
1907 4945 1985 4999 si-

414 5024 646 5080 lentium
700 5029 999 5098 tenuisset,
1032 5029 1226 5088 Petrus
1250 5034 1558 5097 subridens,
1588 5034 1822 5104 plurima
1860 5051 1985 5091 cum

418 5114 671 5171 libertate
715 5118 885 5185 :Viri,
925 5122 1132 5191 inquit,
1165 5139 1287 5193 qua:
1316 5125 1384 5178 ab
1431 5122 1553 5181 istis
1584 5126 1860 5193 dicuntur,
1900 5142 1988 5183 me

422 5222 604 5277 posse,
641 5208 751 5264 Deo
774 5214 1008 5281 volente,
1037 5217 1271 5287 elIicere,
1297 5217 1502 5275 fateor:
1532 5220 1599 5275 ad
1628 5221 1744 5275 haec
1765 5228 1988 5290 paratus

2089 4486 2265 4557 ὄχλοις
2305 4485 2463 4549 ὲόόα,
2505 4485 2709 4555 Πέτρον
2738 4482 3055 4547 ὑποδεικνύς
3074 4501 3088 4514 ·
3111 4483 3342 4553 Φεύγετε
3374 4485 3581 4555 τοῦτον,
3610 4480 3657 4540 ὦ

2090 4579 2280 4651 ἄνδρες
2300 4619 2315 4643 ,
2346 4578 2495 4650 πάσῃ
2526 4576 2762 4647 σπουδῇ,
2794 4575 3050 4646 φεύγετε·
3088 4577 3260 4647 μάγος
3285 4579 3424 4644 ἐστὶ,
3460 4578 3653 4649 λέγων,

2092 4668 2445 4723 πιστεύσατε·
2494 4667 2588 4720 καὶ
2630 4667 2721 4721 τὸν
2766 4665 2986 4735 σεισμὸν
3031 4667 3191 4731 αὐτὸς
3226 4662 3380 4734 οὗτος
3425 4671 3483 4725 ὲν
3529 4672 3655 4742 ὑμῖν

2092 4761 2384 4833 εἰργάσατο
2406 4799 2419 4822 ,
2453 4758 2667 4823 καὶτὰς
2696 4759 2880 4824 νόσους
2909 4760 3177 4831 ἐκίνησεν,
3208 4762 3294 4815 ἵνα
3321 4762 3465 4833 ὑμᾶς
3491 4780 3636 4819 κατα

2093 4855 2292 4928 πλήξῃ,
2322 4853 2415 4907 καὶ
2449 4852 2569 4915 θεὸς
2604 4852 2858 4923 ἄντικρυς
2887 4853 3015 4924 παρ’
3041 4853 3168 4923 ύμῖν
3196 4854 3441 4925 νομισθῇ.
3493 4855 3654 4909 Ἡσυ-

2092 4946 2214 5018 χίαν
2245 4945 2301 4997 δὲ
2335 4941 2428 4998 τοῦ
2452 4942 2580 4997 λαοῦ
2616 4942 3005 5015 παρασχόντος,
3035 4945 3063 4996 6
3086 4944 3289 5014 Πέτρος
3325 4941 3495 5016 βραχῦ
3521 4947 3654 4999 ὑπο·

2098 5035 2377 5108 μειδιάσας
2399 5077 2413 5100 ,
2448 5034 2585 5106 μετὰ
2613 5035 2809 5105 πολλῆς
2841 5033 2984 5105 μάλα
3028 5034 3127 5105 τῆς
3170 5036 3502 5106 παρρησίας·
3531 5039 3655 5091 Ἀν-

2094 5126 2235 5197 δρες,
2260 5124 2362 5194 ἔφη
2382 5167 2396 5191 ,
2425 5127 2567 5199 ἆπερ
2590 5121 2733 5180 οὗτοι
2758 5125 2992 5194 λέγουσι,
3024 5125 3157 5178 Θεοῦ
3188 5125 3445 5192 θέλοντος,
3484 5131 3655 5184 ποιεῖν

2096 5219 2316 5283 δυνατὸς
2343 5215 2480 5275 εἶναι
2502 5219 2771 5291 ὁμολογῶ·
2811 5219 2947 5291 πρὸς
2971 5220 3028 5274 δὲ
3066 5218 3271 5284 τούτοις
3298 5220 3512 5293 ἕτοιμός
3539 5224 3654 5296 είμι

1686 5376 1920 5432 vanus
1960 5376 2357 5434 LECTIONES.
3652 5365 3673 5454 ‘1'

514 5488 560 5571 ξ³
593 5488 782 5571 Matth.
812 5491 1119 5571 vll,‘19.l,l.
1150 5492 1471 5571 [iecognLL
1494 5512 1630 5571 _v1n_,_
1658 5512 1709 5551 c.
1744 5496 1856 5571 56._
1909 5497 1981 5571 “7

2096 5499 2255 5571 deest
2288 5499 2453 5571 in_al.
2509 5500 2556 5535 ⁷⁵
2588 5497 2776 5564 Clem.,
2799 5498 2980 5571 Ahom.
3007 5513 3101 5571 vn,
3132 5513 3182 5571 c.
3217 5496 3277 5571 5.
3305 5504 3411 5552 etc.
3480 5498 3527 5571 'f
3558 5498 3629 5571 al.

422 5558 769 5621 ἀπέστελλον,
811 5563 882 5615 al.
923 5562 1268 5617 ἀπέστειλαν.

1371 5569 1416 5601 ⁷⁷
1458 5561 1631 5638 31.ᾲεῦ
1686 5566 1885 5638 φρονῶ.
1962 5570 1981 5601 ⁷

2092 5569 2299 5627 lentem.
2356 5568 2503 5622 hom.
2544 5584 2618 5621 νη
2645 5609 2661 5633 ,
2703 5561 2846 5632 c.'8,
2871 5578 2973 5623 etc.
3049 5570 3094 5600 τ’
3136 5568 3413 5638 διηὶιιεετ.
3442 5563 3646 5638 αὐτοῖς.

422 5628 468 5659 ³⁰
490 5630 533 5659 ⁸¹
566 5630 634 5683 al.
679 5631 1007 5710 ’ᾼνουϐίωνι,
1040 5634 1252 5710 melius.
1290 5634 1425 5689 Tres
1456 5636 1643 5710 scripti
1674 5628 1888 5710 codices
1930 5639 1990 5710 'A_

2092 5639 2237 5710 J6ltp,
2270 5654 2369 5708 pro
2410 5628 2687 5710 ῗΑνουϐίῳ.
2723 5628 2939 5710 Anubio
2962 5639 3184 5710 enimet
3207 5636 3454 5710 Anubius
3512 5628 3651 5692 idem

426 5714 646 5767 nomen,
679 5702 747 5755 ab
789 5703 962 5760 Αωὺὲ
1023 5701 1399 5773 {Egi-ptimum
1454 5701 1582 5762 deo'
1615 5708 1923 5764 deductum.
1961 5707 2073 5764 Sub
2104 5701 2496 5779 Iiném'capitis
2528 5701 2670 5767 unus
2698 5709 2952 5779 scriptus,
2984 5705 3240 5777 πεισθῆτέ
3262 5721 3371 5777 μοι.
3404 5705 3540 5762 Cor.
