4048 6146
419 338 527 398 Si?)

1188 292 1201 306 ’
1242 331 1699 389 CLEMENTINA.
1730 360 1801 373 -
1837 316 2144 385 EPITOME
2180 326 2265 384 DE
2295 327 2535 385 assus
2574 330 2632 384 s.
2674 326 2899 383 perm.

3573 325 3678 383 5η

422 457 701 529 (πείθεσθέ
714 461 758 493 ⁸¹
793 479 881 532 μοι
904 462 1030 533 περί
1059 455 1133 514 ὧν
1154 460 1316 531 λέγω)
1339 459 1436 530 τὴν
1452 460 1615 512 πᾶσιν
1640 455 1794 529 ὑμῶν
1823 456 1887 509 ὲκ
1912 452 1992 526 βά-

2112 465 2233 507 sum
2256 452 2438 524 (ﬁdem
2466 447 2601 507 mihi
2629 452 2823 508 habete
2846 451 2900 506 in
2928 450 3014 507 bis
3045 467 3168 522 quae
3211 452 3429 524 loquor)
3462 452 3678 510 univer-

423 551 572 626 θρων
597 552 773 606 αὐτῶν
798 551 1129 621 ἀναστρέψαι
1160 552 1331 605 πόλιν.

496 730 675 788 LVIII.
718 730 836 785 Τῶν
860 731 915 785 δὲ
944 730 1117 801 ὄχλων
1154 729 1578 800 ύποπληξάντων
1596 746 1609 758 '
1643 723 1763 782 εἶτα
1781 727 1828 759 ⁸³
1858 743 1993 798 προ-

420 824 611 896 θύμως
657 823 1138 895 ἐπαγγελλομένων
1185 822 1255 876 τὰ
1310 823 1401 875 ὑπ’
1446 820 1611 875 αὐτοῦ
1663 819 1997 892 κελευόμενα

416 915 697 989 πράττειν,
744 916 773 968 ὁ
799 915 1022 987 Πέτρος
1058 914 1263 984 Μηδεὶς
1289 914 1463 985 ὑμῶν,
1489 914 1614 983 ἔφη,
1636 913 1696 966 τὸ
1721 912 1845 983 ἑξῆς
1874 912 1997 983 ὁμι-

414 1008 577 1061 λείτω
598 1008 644 1039 ⁸⁸
670 1007 864 1079 μάγοις
882 1048 897 1071 ,
926 1008 1047 1079 μηδ’
1066 1007 1113 1040 ⁸⁸
1143 1008 1276 1071 ὅλως
1304 1009 1383 1071 εἰς
1419 1006 1611 1075 λόγους
1640 1005 1907 1077 ἐρχέσθω.
1931 1006 1993 1058 Ol

408 1099 471 1153 δὲ
500 1098 645 1170 ϐχλοι
673 1100 797 1152 ἐπεὶ
825 1098 997 1153 ταῦτα
1024 1100 1293 1171 ήκουσαν,
1320 1102 1432 1162 τοῖς
1473 1100 1601 1171 περί¹
1640 1098 1731 1151 τὸν
1776 1098 1995 1169 Σίμωνα

408 1190 580 1255 εὐθὺς
604 1190 911 1246 ἐπετίθεντο
933 1233 947 1257 ,
977 1192 1072 1244 καὶ
1118 1192 1324 1253 πάντας
1376 1193 1431 1244 ὲν
1461 1191 1627 1261 ὀλίγῳ
1654 1188 1995 1262 τραυματίας

406 1284 763 1355 ποιήσαντες,
785 1285 885 1338 οὐκ
909 1284 1114 1354 ἀνῆκαν
1139 1284 1335 1347 αὐτοὺς
1364 1282 1634 1346 παίοντες,
1666 1283 1771 1345 ἓως
1798 1297 1996 1334 παντε-

405 1373 523 1438 λῶς
554 1375 656 1444 τῆς
684 1375 889 1439 πόλεως
917 1374 1221 1440 ὲξεδίωξαν.
1254 1376 1485 1429 Ἔπειτα
1524 1373 1840 1446 προσιόντες
1879 1372 1995 1426 ὅσοι

405 1466 591 1531 νόσοις
627 1465 807 1520 αὐτῶν
853 1467 947 1520 καὶ
983 1467 1199 1538 δαίμοσι
1247 1466 1649 1537 προσεπάλαιον
1673 1506 1688 1531 ,
1741 1465 1847 1536 πρὸ
1886 1464 1995 1518 τῶν

406 1557 581 1611 αὐτοῦ
606 1558 779 1612 ποδῶν
802 1558 1028 1612 ἔκειντο.
1066 1560 1121 1613 '0
1146 1558 1204 1613 δὲ
1224 1560 1305 1622 εἰς
1330 1558 1561 1631 οὐρανὸν
1590 1557 1727 1629 ἄρας
1751 1556 1849 1620 τὰς
1884 1558 1997 1627 χεῖ-

411 1667 518 1722 ρας
538 1690 551 1713 ,
583 1650 679 1705 καὶ
707 1650 784 1722 τῷ
824 1651 943 1722 Θεῷ
980 1652 1418 1725 προσευξάμενος
1436 1692 1451 1714 ,
1491 1652 1677 1705 ἰάσατο
1698 1650 1903 1713 πάντας
1930 1649 1995 1702 ὲκ

412 1744 587 1816 μόνης
606 1745 785 1816 εὐχῆς.
812 1747 925 1799 Οὐκ
953 1746 1138 1815 ὀλίγας
1158 1747 1215 1799 δέ
1238 1763 1388 1810 τινας
1414 1746 1629 1817 ἡμέρας
1653 1743 1994 1816 παραμείνας

406 1836 526 1897 τοῖς
548 1834 829 1905 Βηρυτίοις
849 1874 863 1897 ,
890 1835 983 1889 καί
1014 1835 1243 1899 πολλοὺς
1270 1838 1339 1906 τῇ
1368 1837 1449 1899 εἰς
1479 1836 1699 1907 Πατέρα
1729 1836 1821 1887 καὶ
1863 1831 1992 1887 Υίὺν

411 1925 511 1979 καὶ
534 1925 687 1994 ἅγιον
703 1925 930 1997 Πνεῦμα
954 1926 1134 1979 πίστει
1157 1926 1491 1997 καταρτίσας
1504 1943 1563 1979 τε
1587 1927 1681 1979 καὶ
1704 1924 1989 1996 βαπτίσας,

410 2015 524 2069 ἀπὸ
548 2015 656 2069 τῶν
684 2016 963 2088 ἑπομένων
989 2017 1137 2088 αύτῷ
1159 2017 1546 2091 πρεσϐυτέρων
1572 2018 1669 2073 ἕνα
1698 2017 1993 2071 ἐπίσκοπον

409 2107 598 2172 αὐτοῖς
617 2111 985 2181 καταστήσας,
1018 2111 1097 2174 εἰς
1121 2108 1219 2182 τήν
1252 2108 1453 2164 Βύϐλον
1472 2110 1518 2143 ⁸⁷
1543 2108 1708 2182 ἐξῄει.

484 2283 620 2347 LIX.
663 2284 775 2340 Καὶ
798 2286 1085 2357 γενόμενος
1114 2286 1248 2352 ἐκεῖ,
1271 2287 1365 2341 καί
1392 2287 1583 2359 μαθὼν
1608 2287 1690 2342 ὅτι
1714 2287 1894 2359 Σίμων
1913 2289 1994 2353 είς

409 2374 670 2448 Τρίπολιν
695 2376 983 2449 ὥρμησεν,
1022 2377 1183 2442 αὐτὸς
1213 2377 1387 2449 βραχὺ
1415 2378 1761 2451 παραμείνας
1788 2378 1990 2442 αὐτοῖς,

408 2469 507 2523 καὶ
546 2468 891 2543 θεραπεύσας
937 2469 1046 2523 τῶν
1085 2471 1143 2523 έν
1171 2471 1359 2542 Βύϐλῳ
1376 2472 1421 2503 ⁸⁹
1464 2471 1721 2537 πολλοὺς,
1769 2472 1861 2525 καὶ
1894 2472 1992 2542 τὴν

408 2558 694 2614 εὐσέϐειαν
730 2559 926 2622 αὐτοὺς
944 2560 989 2590 ’⁸
1020 2559 1304 2626 ὲκδιδάξας
1323 2601 1337 2623 ,
1369 2561 1489 2614 κατ’
1516 2560 1661 2631 ίχνος
1688 2559 1783 2613 τοῦ
1814 2559 1994 2631 Σίμω-

403 2668 504 2715 νος
531 2652 612 2715 εἰς
642 2648 902 2721 Τρίπολιν
934 2650 1260 2721 ἐπορεύετο,
1292 2649 1644 2722 μεταδιώκειν
1665 2650 1827 2704 αὑτὸν
1858 2649 1992 2721 μᾶλ-

398 2740 521 2805 λον,
551 2740 649 2811 οὐχ
673 2738 1005 2809 ὑποφεύγειν
1034 2741 1432 2814 προῃρημένος.
1464 2741 1558 2804 Εἰς
1582 2740 1641 2793 δὲ
1668 2740 1768 2812 τὴν
1794 2739 1994 2812 Τρίπο-

394 2831 493 2885 λιν
524 2831 744 2885 εἰσιόντι
780 2830 857 2901 τῷ
900 2826 1110 2902 Πέτρῳ,
1146 2832 1255 2886 τῶν
1291 2832 1767 2903 φιλομαθεστέρων
1809 2832 1993 2887 πολλοὶ

396 2922 671 2993 συνῆλθον
694 2922 757 2977 εκ
782 2940 841 2977 τε
867 2923 964 2995 τῆς
995 2921 1194 2996 Τύρου,
1220 2925 1312 2978 καὶ
1336 2923 1584 2989 Σιδῶνος,
1604 2924 1698 2978 καὶ
1724 2925 1989 2997 Βηρυτοῦ,

393 3014 507 3070 καὶ
533 3014 738 3070 Βύϐλου
755 3015 796 3047 ’ί
817 3033 829 3044 ·
857 3017 955 3086 οὐχ
981 3016 1183 3087 ἥκιστα
1210 3015 1266 3069 δὲ
1304 3016 1399 3069 καὶ
1426 3015 1537 3070 τῶν
1563 3017 1658 3070 ἀπ’
1686 3018 1854 3089 αὐτῆς
1893 3018 1994 3090 τῆς

394 3105 618 3169 πόλεως
654 3106 827 3177 ϐχλων
860 3107 1080 3172 πλείους
1114 3107 1438 3180 συνέρρεον,
1474 3108 1758 3180 ἰστορῆσαι
1788 3110 1992 3181 Πέτρον

399 3197 743 3270 βουλόμενοι.
770 3200 942 3253 Ἔνιοι
964 3200 1020 3252 δὲ
1039 3200 1150 3253 τῶν
1178 3198 1422 3267 ἀδελφῶν
1448 3239 1463 3262 ,
1511 3199 1561 3253 οἳ
1603 3200 1695 3253 καὶ
1721 3196 1859 3271 ἦσαν
1897 3202 1989 3254 ὑπ’

398 3288 622 3342 ἐκείνου
644 3290 1185 3361 προεκπεμφθέντες,
1208 3288 1492 3360 διηγοῦντο
1522 3292 1655 3363 ήμῖν
1680 3292 1751 3345 τά
1773 3310 1832 3345 τε
1853 3291 1994 3347 κατὰ

396 3382 507 3453 τὴν
535 3379 689 3434 πόλιν
711 3423 722 3435 .
756 3380 851 3435 καὶ
892 3382 961 3433 τὰ
1002 3382 1350 3454 πραττόμενα
1388 3382 1541 3454 παρὰ
1570 3384 1811 3455 Σίμωνος
1835 3387 1994 3457 ἀκρι-

403 3472 521 3536 εῶς
541 3489 555 3503 ·
585 3472 977 3543 ἀποδεξάμενοί
1005 3490 1065 3526 τε
1100 3476 1247 3545 ήμᾶς
1270 3512 1286 3539 ,
1323 3474 1414 3527 ἐπὶ
1451 3475 1549 3546 τήν
1583 3475 1878 3546 Μαροώνου
1915 3478 1990 3551 (9)

403 3560 544 3634 ἦγον
573 3562 766 3616 οἰκίαν.

481 3653 594 3709 LX.
646 3654 704 3709 '0
725 3656 781 3710 δὲ
808 3657 1013 3729 Πέτρος
1039 3659 1125 3712 ἐπ’
1149 3658 1299 3729 αύτῷ
1324 3658 1421 3731 ἤδη
1442 3657 1520 3730 τῷ
1546 3660 1645 3731 τῆς
1675 3659 1854 3726 ξενίας
1886 3679 1992 3715 πυ-

406 3747 539 3801 λῶνι
558 3747 816 3818 γεγονὼς,
840 3750 1221 3822 ἐπιστραφεὶς,
1244 3753 1356 3814 τοῖς
1383 3750 1562 3820 ὄχλοις
1600 3752 1867 3824 ὑπέσχετο
1891 3750 1957 3805 αὖ
1972 3780 1991 3791 -

410 3862 528 3916 ριον
544 3846 671 3918 περί
688 3846 996 3910 θεοσεϐείας
1016 3846 1380 3917 διαλεχθῆναι.
1403 3846 1553 3901 Ἐπεὶ
1566 3848 1623 3902 δὲ
1640 3849 1733 3902 καὶ
1752 3849 1988 3919 εἰσῆλθε,

413 3937 489 4008 μή
518 3938 837 4008 μεταλαϐεῖν
878 3937 1142 4010 πρότερον
1186 3938 1290 4010 ἔφη
1315 3940 1522 4011 τροφῆς
1546 3982 1562 4008 ,
1608 3940 1737 4012 πρὶν
1788 3941 1820 4012 ἥ
1863 3943 1991 4008 τοὺς

412 4026 837 4097 συνεληλυθότας
854 4027 1214 4082 διαναπαύσει
1233 4045 1246 4058 ’
1272 4030 1724 4101 ἀποκριναμένων
1738 4031 1794 4083 δὲ
1811 4033 1843 4102 ἡ
1851 4032 1987 4102 μῶν,

409 4122 493 4175 ὅτι
516 4121 717 4192 σπουδῇ
746 4121 952 4185 πάντας
973 4122 1170 4184 αὐτοὺς
1184 4121 1624 4194 διαναπαύσομεν
1640 4124 1707 4187 ⁸³,
1732 4125 1760 4177 ό
1786 4125 1990 4198 Πέτρος

411 4214 651 4277 ἀκούσας
686 4214 778 4268 καὶ
801 4214 1097 4284 εὐλογήσας
1114 4215 1283 4284 ἡμᾶς,
1312 4214 1522 4285 ἐξῆλθε,
1548 4216 1642 4269 καί⁵
1658 4215 1991 4288 λουσάμενος

412 4308 471 4359 ὲν
504 4309 569 4378 τῇ
599 4306 869 4380 θαλάσσῃ,
896 4308 991 4360 καὶ
1030 4306 1307 4369 εἰσελθὼν,
1339 4301 1457 4359 εἶτα
1486 4308 1580 4361 καί¹
1606 4310 1790 4364 σιτίων
1825 4329 1990 4381 μετα-

412 4397 613 4462 λαϐὼν,
636 4400 874 4470 ἑσπέρας
903 4396 1309 4468 καταλαϐούσης
1338 4397 1602 4453 ὕπνωσεν.

486 4573 619 4628 LXI.
665 4576 821 4647 Ι’Λρτι
852 4573 909 4627 δὲ
936 4573 1064 4643 περί
1085 4572 1184 4636 τὰς
1212 4573 1530 4645 δευτεραίας
1565 4572 1677 4628 τῶν
1704 4574 1992 4647 ἀλεκτρυό-

414 4684 518 4745 νων
540 4667 681 4738 ᾠδὰς
699 4665 956 4745 ἀναστᾲς,
975 4665 1068 4718 καὶ
1089 4664 1261 4736 εὑρὼν
1291 4666 1437 4737 ἡμᾶς
1468 4665 1565 4738 ήδη
1593 4666 1986 4739 ἐγρηγορότας,

2097 558 2215 598 sam
2270 552 2509 599 vestram
2565 543 2634 599 ab
2691 543 2826 614 ipsis
2883 543 3256 602 fundamentis
3308 554 3553 603 evertere
3600 547 3679 604 ci-

2096 634 2344 689 vitatem.

2166 725 2347 779 LVIII.
2390 724 2529 780 Tum
2559 724 2720 779 turba
2744 732 3093 780 consternata
3124 733 3207 779 est
3234 744 3248 779 :
3277 726 3401 780 dein
3425 739 3677 799 prompto

2095 818 2280 872 animo
2331 816 2598 888 promittit
2633 832 2691 871 se
2721 817 2789 871 ab
2816 817 2935 886 ipso
2979 815 3242 885 imperata
3272 816 3581 887 facturam;
3622 830 3678 875 et

2094 906 2291 963 Petrus
2318 927 2331 963 :
2358 906 2530 964 Nemo
2559 918 2828 976 vestrum,
2852 907 3051 978 inquit,
3086 909 3318 977 posthac
3348 924 3475 965 cum
3500 913 3676 983 magis

2096 1000 2491 1055 commercium
2522 1000 2741 1067 habeat,
2793 1016 2971 1070 neque
2999 1015 3235 1072 usquam
3261 1000 3317 1055 in
3340 1000 3675 1072 colloquium

2096 1094 2295 1149 veniat.
2322 1092 2530 1165 Vulgus
2555 1106 2736 1149 autem
2778 1103 3068 1165 postquam
3096 1094 3211 1149 haec
3263 1093 3507 1162 audivit,
3544 1111 3677 1151 con-

2095 1184 2279 1240 festim
2311 1185 2593 1241 Simonem
2633 1186 2925 1255 sociosque
2951 1186 3074 1255 ejus
3126 1186 3304 1240 adorti
3331 1195 3496 1253 sunt;
3541 1202 3676 1241 cun-

2096 1279 2309 1348 ctisque
2338 1277 2487 1333 brevi
2520 1277 2823 1332 vulneratis
2842 1318 2858 1344 ,
2888 1291 2987 1332 eos
3029 1277 3321 1332 verberare
3352 1292 3462 1332 non
3510 1278 3678 1334 desti-

2095 1378 2315 1435 terunt,
2364 1369 2540 1423 donec
2570 1369 2789 1438 penitus
2831 1370 2969 1424 urbe
3022 1367 3449 1439 expulissent.“
3478 1369 3676 1425 Postea

2096 1460 2418 1515 accedentes
2448 1461 2769 1530 quicunque
2793 1476 2860 1516 ex
2894 1462 2963 1516 iis
2994 1477 3119 1516 cum
3148 1462 3358 1517 morbis
3382 1478 3445 1516 ac
3470 1462 3676 1517 dzemo-

2096 1551 2258 1606 nibus
2297 1550 2767 1618 colluctabantur,
2809 1560 2937 1606 ante
2990 1552 3154 1621 pedes
3207 1552 3355 1606 illius
3396 1552 3673 1621 jacebant.

2096 1643 2189 1697 Ille
2227 1658 2382 1710 vero,
2429 1643 2660 1699 sublatis
2704 1644 2759 1697 in
2804 1643 3002 1699 coelum
3059 1644 3347 1710 manibus,
3396 1642 3676 1714 Deumque

2097 1743 2499 1804 comprecatus,
2534 1746 2765 1789 cunctos
2794 1733 3105 1803 precatione
3142 1733 3259 1789 sola
3284 1734 3515 1788 curavit.
3556 1732 3674 1788 Non

2094 1839 2298 1893 paucos
2317 1834 2499 1879 autem
2532 1825 2647 1880 dies
2681 1825 2825 1896 apud
2856 1824 3103 1896 Berytios
3133 1833 3527 1891 commoratus,
3546 1838 3673 1879 cum

2093 1918 2294 1972 multos
2324 1917 2426 1971 [ide
2452 1918 2506 1971 in
2538 1916 2776 1986 Patrem,
2806 1917 3027 1985 Filium,
3053 1926 3103 1972 et
3132 1915 3395 1988 Spiritum
3424 1927 3672 1973 sanctum

2092 2018 2560 2069 consummasset.
2594 2025 2804 2065 necnon
2836 2011 3199 2081 baptizasset;
3222 2026 3332 2065 uno
3358 2025 3424 2065 ex
3449 2011 3674 2081 presby-

2095 2099 2226 2155 tcris
2262 2099 2353 2169 qui
2382 2116 2507 2153 eum
2541 2103 2911 2171 sequebantur
2936 2102 3069 2173 ipsis
3103 2102 3155 2155 in
3190 2102 3508 2172 episcopum
3540 2118 3677 2158 cou-

2092 2196 2305 2252 stituto,
2350 2191 2403 2243 in
2434 2189 2659 2261 Byblum
2691 2191 2844 2246 abiit.

2162 2283 2300 2340 LIX.
2364 2284 2410 2317 ⁸⁸
2441 2285 2561 2352 Quo
2615 2296 2908 2357 postquam
2968 2286 3343 2358 pervenisset,
3392 2296 3673 2357 comperto

2093 2374 2243 2443 quod
2275 2372 2463 2430 Simon
2490 2375 2546 2430 in
2575 2374 2843 2448 Tripolim
2870 2388 3145 2445 evaserat,
3177 2381 3296 2450 ipse
3336 2380 3501 2436 breve
3533 2390 3676 2436 tem-

2091 2482 2197 2536 pus
2223 2467 2367 2538 apud
2395 2482 2493 2524 eos
2521 2479 2924 2534 commoratus.
2950 2472 3267 2543 curatisque
3297 2473 3486 2527 multis
3517 2471 3672 2543 Byin

2094 2558 2309 2621 incolis,
2341 2574 2407 2615 ac
2429 2559 2679 2615 doctrina
2709 2562 2926 2632 pietatis
2954 2564 3035 2619 eis
3063 2564 3287 2630 tradita,
3310 2564 3375 2618 ad
3402 2562 3671 2636 Tripolim

2090 2665 2189 2722 per
2218 2651 2447 2723 vestigia
2472 2651 2714 2709 Simonis
2739 2654 3036 2723 processit;
3066 2663 3251 2711 certus
3276 2671 3402 2710 eum
3429 2656 3669 2728 insequi,

2092 2757 2199 2797 non
2248 2742 2648 2815 subterfugere.
2693 2743 2867 2800 Porro
2908 2760 3031 2801 cum
3063 2745 3260 2802 Petrus
3286 2745 3550 2817 Tripolim
3590 2748 3673 2801 in-

2090 2831 2425 2902 grederetur,
2479 2834 2638 2889 multi
2684 2848 2876 2890 eorum
2928 2835 3025 2905 qui
3071 2835 3317 2891 discendi
3360 2836 3673 2907 cupidiores

2090 2932 2267 2988 erant,
2298 2939 2365 2979 ex
2391 2922 2556 2996 Tyro,
2608 2923 2835 2993 Sidone,
2880 2925 3097 2998 Beryto,
3128 2942 3194 2983 ac
3220 2925 3390 3000 Byblo
3439 2944 3674 2995 concur-

2092 3025 2283 3071 rerunt
2327 3032 2440 3072 :ex
2494 3018 2611 3087 ipsa
2662 3019 2825 3074 etiam
2882 3020 3119 3075 maxime
3159 3020 3381 3076 civitate
3428 3021 3674 3092 plerique

2019 3138 2060 3197 ο
2094 3121 2285 3164 omnes
2316 3108 2630 3164 conﬂuxere
2652 3150 2667 3175 ,
2704 3110 2981 3166 desiderio
3005 3110 3224 3166 videndi
3254 3111 3499 3169 Petrum.
3538 3113 3676 3184 Qui-

2096 3201 2221 3255 dam
2252 3210 2438 3255 autem
2465 3200 2721 3268 fratrum,
2747 3202 2843 3272 qui
2874 3213 2927 3257 et
2952 3202 3021 3260 ab
3045 3217 3113 3258 eo
3136 3204 3404 3272 praemissi
3430 3204 3671 3272 fuerant,

2093 3292 2426 3346 enarrabaut
2461 3292 2621 3348 nobis
2656 3304 2935 3359 accurate,
2966 3302 3081 3350 tum
3117 3304 3320 3351 statum
3356 3297 3530 3363 urbis,
3556 3307 3670 3353 tum

2096 3378 2335 3436 Simonis
2361 3391 2551 3452 gesta:
2585 3391 2639 3438 et
2666 3383 3003 3455 excipientes
3033 3400 3135 3442 nos
3154 3425 3171 3453 ,
3218 3386 3272 3441 in
3300 3387 3526 3445 domum
3557 3390 3670 3445 Ma-

2092 3472 2281 3528 roouis
2300 3473 2592 3531 duxerunt.

2165 3649 2276 3707 LX.
2317 3650 2512 3707 Petrus
2537 3668 2667 3709 vero
2704 3653 2817 3724 jam
2850 3652 2998 3711 fores
3026 3655 3249 3726 hospitii
3274 3664 3469 3713 tenens
3489 3698 3504 3723 ,
3534 3676 3668 3715 con-

2091 3755 2303 3809 versus,
2335 3742 2589 3813 promisit
2621 3744 2962 3800 multitudini
2983 3786 2998 3810 .
3031 3761 3156 3801 cras
3200 3763 3259 3803 se
3285 3748 3352 3803 de
3382 3748 3478 3804 Dei
3519 3753 3669 3808 cultu

2090 3836 2257 3891 verba
2290 3834 2584 3892 facturum.
2637 3839 2717 3893 Ac
2747 3847 3036 3909 postquam
3075 3840 3326 3910 introiit,
3361 3859 3471 3898 non
3511 3847 3668 3915 prius

2092 3942 2152 3983 se
2198 3928 2500 3998 quidquam
2557 3929 2663 3984 cibi
2720 3946 2841 3986 esse
2905 3941 3292 4001 pereepturum
3359 3933 3666 3999 afﬁrmavit,

2091 4033 2256 4089 quam
2287 4034 2384 4075 eos
2411 4020 2505 4090 qui
2532 4031 2906 4077 convenerant
2936 4023 3219 4079 refecisset
3251 4040 3265 4076 :
3299 4026 3462 4082 nobis
3485 4038 3667 4083 autem

2092 4112 2568 4181 respondentibus,
2599 4113 2747 4183 quod
2775 4128 2871 4169 eos
2898 4130 3093 4171 omnes
3137 4115 3383 4172 studiose
3413 4132 3668 4175 essemus
3718 4162 3734 4181 .

2089 4203 2367 4270 refecturi,
2404 4204 2595 4259 Petrus
2626 4206 2810 4259 audita
2844 4222 2921 4270 re,
2953 4216 3008 4261 et
3058 4206 3299 4262 laudatis
3344 4223 3409 4263 ac
3445 4210 3666 4267 benedi-

2089 4294 2192 4351 ctis
2224 4295 2403 4361 nobis,
2452 4294 2654 4361 exivit;
2688 4311 2923 4365 cumque
2949 4296 3170 4351 lavisset
3208 4297 3263 4351 in
3291 4298 3461 4366 mari,
3489 4316 3554 4355 ac
3584 4303 3669 4355 in-

2091 4404 2311 4459 gressus
2337 4397 2523 4456 esset,
2566 4398 2863 4460 posteaque
2892 4390 3077 4445 cibum
3110 4391 3466 4461 sumpsisset,
3508 4408 3667 4453 nocte

2022 4472 2067 4528 D
2094 4478 2433 4543 adveniente,
2469 4496 2663 4536 somno
2696 4497 2754 4536 se
2784 4482 2952 4536 dedit.

2160 4569 2296 4625 LXI.
2338 4568 2457 4624 Jam
2493 4586 2623 4626 vero
2668 4572 2734 4626 ad
2766 4572 3064 4628 secundum
3115 4574 3380 4645 gallorum
3432 4585 3592 4630 cantu
3609 4593 3659 4629 III

2088 4676 2341 4734 surgens,
2389 4663 2783 4735 inveniensque
2831 4681 2931 4721 nos
2976 4665 3087 4735 jam
3132 4666 3449 4737 vigilantes;
3485 4669 3579 4738 qui
3612 4677 3668 4723 et

412 4758 463 4811 οἳ
494 4758 587 4812 καὶ
612 4754 751 4829 ἦμεν
783 4760 878 4812 σὺν
905 4757 1054 4827 αύτῷ
1084 4757 1283 4819 πάντες
1307 4757 1619 4821 ἑκκαίδεκα,
1644 4759 1809 4823 αὐτός
1844 4778 1987 4833 φημι

2091 4770 2310 4809 eramus
2338 4770 2464 4809 cum
2492 4770 2559 4810 eo
2592 4771 2782 4811 omnes
2815 4758 3051 4811 sedecim
3078 4775 3091 4822 ;
3122 4758 3259 4827 ipse,
3286 4758 3536 4829 inquam,
3560 4759 3664 4816 Pe-

414 4850 640 4923 Πέτρος,
663 4849 817 4918 κάγὼ
838 4848 1086 4921 Κλήμης,
1118 4848 1361 4918 Νικήτης
1384 4865 1444 4901 τε
1470 4848 1563 4901 καὶ
1604 4849 1834 4914 ’Δκύλας
1852 4892 1866 4915 ,
1897 4853 1989 4905 καὶ

2091 4855 2230 4914 trus,
2259 4856 2313 4902 et
2340 4862 2440 4917 ego
2465 4845 2741 4914 Clemens,
2769 4845 2986 4902 Nicetas
3009 4856 3064 4902 et
3094 4848 3313 4915 Aquila,
3341 4858 3505 4919 atque
3526 4851 3665 4905 duo-

413 4941 466 4994 οἰ
501 4940 922 5012 προοδεύσαντες
963 4937 1172 4993 δώδεκα
1197 4978 1212 5001 ,
1266 4936 1404 5007 μετὰ
1448 4938 1510 4991 τὺ
1552 4940 1991 5014 προσαγορεῦσαι

2093 4940 2268 4997 decim
2294 4940 2386 5011 qui
2415 4939 2702 5011 praegressi
2752 4938 3004 5007 fuerant;
3040 4948 3330 5011 postquam
3372 4942 3664 4997 salutavis-

418 5031 660 5095 πάντας,
688 5030 857 5102 εἰσῄει
896 5047 980 5093 τις
1008 5027 1117 5081 τῶν
1149 5026 1390 5099 συνήθων
1427 5027 1789 5098 ἀπαγγέλλων
1814 5031 1984 5103 αὐτῷ,

2098 5042 2181 5089 set
2209 5048 2431 5100 omnes;
2480 5032 2760 5104 ingressus
2819 5041 2903 5088 est
2926 5033 3147 5103 quidam
3175 5048 3239 5089 ex
3273 5032 3661 5100 familiaribus,

1686 5146 1917 5204 VARIAZ
1956 5148 2357 5206 LECTIONES.

490 5240 539 5273 ⁸⁸
578 5239 649 5294 al.
673 5252 910 5333 praeppgt.
962 5236 1060 5333 ὲὰέ
1105 5231 1643 5333 μήὶξιιίςλπείθηξθιέῑ

426 5311 578 5367 hom.
611 5306 707 5373 νει,
736 5306 902 5363 (δέη.
1019 5308 1060 5338 ⁸⁷
1103 5307 1153 5359 al
1200 5306 1407 5358 Βίϐλον.

430 5383 481 5437 1.
513 5392 618 5437 etc.
724 5380 768 5411 ”
806 5378 877 5430 al.
919 5376 1110 5446 Βίϐλῳ.
1190 5377 1235 5446 ξ’
1270 5377 1339 5428 δί.
1376 5375 1579 5446 αὐτοῖς.

434 5451 885 5524 Recogm'tiouibus'
913 5487 927 5511 ,
954 5443 1406 5516 διανεπαύσαμεν.
1437 5443 1573 5498 ϐοτ.

1526 5302 1551 5378 ἔ
1583 5299 1855 5371 (Σιεηιεηιη
1897 5299 2058 5365 ἰιέηη.⁸
2088 5328 2186 5374 vn,
2252 5325 2352 5378 cap

1677 5379 1719 5409 ⁹¹
1762 5379 1833 5433 aI.
1871 5377 2076 5433 Βίϐλου.

1753 5239 1799 5270 ⁸³
1825 5240 1905 5311 al.
1932 5256 2169 5311 praapou.
2191 5241 2304 5294 καί.
2382 5239 2429 5279 ⁸⁸
2457 5239 2527 5311 al.
2561 5237 2820 5311 όμιλήτω.
2867 5237 2947 5311 ’⁸⁸
2984 5236 3068 5311 al._
3100 5234 3248 5305 μηθ’.
3288 5234 3373 5311 ﬁ“
3411 5225 3661 5311 (lentem.

2361 5351 2375 5364 .
2414 5310 2537 5370 ult..
2581 5302 2634 5362 et
2665 5302 2810 5362 hom.
2861 5306 2916 5369 8,
2963 5323 3011 5361 c.
3050 5302 3113 5371 I,
3140 5302 3242 5360 etc.
3282 5302 3403 5359 Περ.
3434 5305 3471 5361 I.
3501 5321 3574 5365 tv,
3609 5324 3658 5361 c.

2179 5383 2224 5413 ⁹¹
2260 5371 2725 5449 Διαναπαύσομεν.
2781 5376 2905 5446 Legi
2959 5387 3122 5447 queat
3169 5389 3235 5429 ex
3257 5371 3660 5435 Clementimsct

1690 5557 2049 5614 VARIORUM
2080 5558 2306 5613 NOTAE.

502 5664 579 5733 (9)
615 5663 955 5734 Mapodrrov.
985 5658 1196 5734 Nomen
1222 5671 1305 5717 est
1335 5661 1617 5734 Syriacum
1644 5666 1744 5734 sat-
1770 5668 1984 5721 notum,

2101 5658 2531 5735 Batricides,_qui
2560 5657 2970 5735 Monothelitam
3006 5658 3176 5735 fuisse
3202 5662 3337 5730 vult,
3365 5678 3394 5719 a
3427 5679 3539 5735 quo
3573 5680 3660 5720 re-

433 5736 513 5789 vel
544 5728 757 5804 propter
782 5733 1290 5804 monacbum‘illum
1313 5772 1328 5793 ,
1360 5728 1473 5804 sive
1504 5731 1664 5804 male,
1690 5728 1815 5804 sive
1842 5736 1988 5804 r_e_cte
2092 5740 2359 5787 cenuorcs
2387 5730 2663 5787 Maronila:
2688 5731 3037 5788 dissentiunt.
3074 5732 3243 5789 CLER.

433 5796 772 5876 sentientem,
804 5821 832 5859 a
864 5820 972 5875 quo
1001 5801 1127 5859 dicti
1164 5802 1462 5857 Maronitae.
1510 5800 1585 5858 De
1609 5815 1675 5856 eo
1690 5796 1986 5883 Eutychius
