4048 6146
1185 302 1245 361 s.
1274 299 1670 363 cenamus
1712 299 1735 358 ι
1768 295 1937 357 ιιοιι.
1978 274 2446 359 aeternorum
2479 300 2709 361 uuam.

3504 300 3606 360 ιιι

359 433 510 491 hunc
533 434 789 490 nuntium
833 430 884 490 ei
928 430 1163 489 aferens
1191 448 1206 486 :
1237 400 1439 486 Slmon'
1471 428 1690 500 Magna,
1721 427 1815 486 ubi
1847 426 1931 485 di-

2043 427 2117 481 ὅτι
2143 428 2329 502 Σίμων
2364 430 2597 505 ό-Μάγος
2639 429 2823 504 μαθών
2859 445 2919 484 σε
2946 429 3014 500 τῇ
3055 422 3313 499 Τριπόλει
3337 423 3607 495 ἐπιδημή-

358 525 494 584 dlcit
531 534 587 582 te
610 523 820 597 Tripoli
846 538 992 590 esse,
1036 524 1091 579 in
1145 521 1362 595 Syriam
1398 520 1516 594 ipse
1534 520 1683 578 abiit
1707 539 1722 577 :
1747 519 1927 576 multi-

360 617 497 672 tudo
524 625 708 691 autem
734 629 900 671 unam
931 613 1074 668 hanc
1096 620 1312 667 noctem
1342 626 1466 669 esse
1504 611 1635 666 anni
1666 608 1932 671 ambitum

303 764 309 774 ,
360 708 628 765 arbitrata
647 748 664 773 ,
690 721 793 763 nec
827 705 1015 760 valens
1038 703 1404 775 pratstitutum
1436 714 1466 758 a
1495 710 1548 759 te
1594 708 1811 773 tempus
1834 717 1934 758 ex-

362 808 631 871 spectare,
662 814 763 869 pro
792 795 1006 852 foribus
1029 804 1174 859 stat,
1209 808 1306 864 per
1327 801 1502 850 coetus
1530 805 1585 848 et
1608 792 1845 849 circulos
1866 790 1935 848 de

364 888 609 946 Simonis
651 885 996 958 improbitate
1043 891 1236 940 mutuo
1271 883 1625 955 colloquens;
1667 882 1761 955 qui
1805 896 1932 938 cum

362 999 461 1040 eos
489 984 545 1038 in
575 996 726 1052 spem
755 978 1096 1044 adduxisset,
1124 986 1290 1049 atque
1311 973 1588 1049 pollicitus
1620 984 1765 1034 esset
1787 975 1935 1047 quod

364 1085 419 1132 te
446 1083 768 1145 praesentem
799 1074 988 1131 multis
1017 1076 1084 1131 de
1105 1075 1434 1131 criminibus
1462 1084 1612 1131 esset
1644 1073 1932 1130 convictu-

364 1182 486 1235 rus,
519 1167 741 1238 cognito
773 1166 1009 1223 adventu
1044 1177 1140 1223 tuo
1164 1181 1225 1223 se
1254 1167 1322 1224 de
1352 1175 1513 1223 nocte
1540 1167 1594 1221 in
1625 1165 1810 1238 fugam
1841 1166 1936 1222 de—

363 1257 544 1313 derit:
582 1256 677 1311 sed
702 1257 969 1312 eteadem
995 1258 1148 1328 plebs
1176 1267 1229 1313 te
1250 1258 1441 1313 audire
1465 1255 1757 1312 desiderat.

435 1346 596 1402 LXII.
631 1346 699 1403 Et
725 1348 939 1417 Petrus,
992 1350 1297 1406 admiratus
1342 1349 1490 1421 vulgi
1541 1350 1808 1413 studium,
1848 1364 1937 1405 re-

364 1439 587 1511 spondit
614 1456 630 1495 :
664 1438 896 1507 Videtis,
925 1439 1143 1507 fratres,
1186 1456 1297 1513 quo
1325 1453 1486 1513 pacto
1516 1441 1733 1499 Domini
1764 1442 1935 1500 nostri

362 1531 533 1587 verba
582 1531 869 1589 manifeste
905 1533 1306 1604 compleantur.
1337 1532 1560 1590 Memini
1612 1535 1760 1590 enim
1808 1551 1935 1591 eum

362 1622 547 1678 dicere
578 1635 592 1674 :
628 1622 789 1679 Multi
839 1624 1044 1680 uenient
1085 1623 1150 1679 ab
1185 1624 1420 1693 Oriente,
1445 1636 1496 1681 et
1542 1624 1854 1695 Occidente,
1886 1636 1935 1682 et

363 1714 642 1786 Aquilone,
676 1724 728 1770 et
783 1718 955 1782 mari,
988 1732 1051 1771 ac
1114 1717 1409 1773 recumbam
1456 1732 1575 1773 cum
1611 1717 1933 1784 Abrahamo,

367 1801 560 1858 Isaaco
601 1812 653 1858 et
703 1802 904 1860 Iacobo
925 1805 995 1860 ".
1033 1803 1140 1861 Sed
1169 1815 1223 1863 et
1267 1806 1450 1876 Multi,
1499 1808 1696 1880 inquit,
1727 1812 1934 1877 uocati;

364 1898 523 1966 pauci
561 1913 682 1953 vero
736 1897 981 1955 electi".
1011 1900 1197 1971 Itaque
1243 1900 1390 1972 quod
1441 1903 1686 1970 veniant,
1719 1918 1829 1959 non
1855 1911 1940 1961 est

364 2005 554 2048 eorum
586 1994 893 2065 proprium,
928 1996 1024 2052 sed
1068 2006 1154 2053 est
1184 1996 1280 2053 Dei
1311 1997 1405 2070 qui
1434 1998 1652 2054 vocavit
1683 2014 1697 2054 :
1729 1996 1775 2055 si
1808 2011 1940 2053 vero

364 2092 492 2155 post
532 2085 871 2142 vocationem
923 2076 1078 2143 bona'
1112 2104 1277 2159 opera
1322 2087 1574 2156 fecerint,
1614 2089 1718 2145 hoc
1744 2102 1936 2143 eorum

364 2176 472 2232 erit
497 2179 804 2248 proprium,
828 2189 882 2235 et
902 2180 1315 2237 convenientem
1344 2188 1708 2251 assequentur
1732 2193 1940 2235 merce-

364 2268 451 2327 dis
477 2271 915 2327 retributionem.
941 2270 986 2302 ’⁷
1012 2270 1140 2329 Haec
1175 2270 1316 2328 dixit
1345 2289 1362 2328 :
1393 2286 1629 2343 cumque
1667 2272 1940 2344 ingentem

365 2360 584 2417 turbam
623 2361 854 2429 videret,
904 2360 1101 2418 leniter
1160 2362 1313 2418 velut
1359 2361 1633 2433 placidum
1672 2359 1938 2416 ﬂuentum

364 2455 545 2511 amnis
568 2453 809 2522 affluere,
843 2453 1088 2511 Μαι-θοιιί
1123 2454 1202 2511 ait
1233 2471 1247 2509 :
1275 2450 1377 2509 Ubi
1410 2453 1501 2509 hic
1525 2453 1622 2508 tibi
1650 2453 1805 2509 locus
1833 2462 1938 2520 est,

364 2545 462 2616 qui
493 2546 638 2601 hanc
679 2544 1083 2601 multitudinem
1113 2559 1311 2616 capere
1358 2542 1566 2615 possit?
1584 2542 1653 2599 Et
1680 2542 1941 2600 Marcone

364 2636 596 2693 ducente
646 2650 775 2691 eum
806 2635 864 2689 in
901 2635 1081 2690 locum
1110 2633 1273 2690 horto
1305 2635 1583 2690 excultum
1616 2648 1683 2690 ac
1708 2633 1933 2691 subdia-

364 2724 495 2793 lem,
521 2734 723 2780 secutae
752 2732 880 2780 sunt
908 2733 964 2780 et
987 2725 1180 2780 turbae.

439 2815 621 2872 LXIII.
671 2814 865 2871 Petrus
913 2824 1119 2882 antem,
1158 2828 1319 2886 super
1357 2815 1532 2871 basim
1581 2820 1777 2871 stature
1826 2829 1941 2870 non

366 2906 667 2962 admodum
706 2908 977 2968 excelsam
1023 2916 1207 2975 stans;
1239 2907 1404 2963 simul
1455 2917 1623 2979 atque
1676 2907 1938 2979 populum

368 3012 523 3054 more
564 2997 819 3068 religioso
856 2999 1184 3067 salutasset;
1230 2999 1705 3056 cernensmultos
1752 3008 1940 3056 astan-

2037 538 2225 586 σαντα,
2256 524 2357 596 τὴν
2378 524 2473 578 ἐπὶ
2491 524 2564 578 Συ
2574 523 2695 597 ρίαν
2711 522 2876 587 αὐτὸς
2904 520 3095 594 ᾤχετοο
3112 517 3183 574 τὰ
3200 518 3260 574 δέ
3309 516 3491 590 πλήθη
3509 516 3608 589 τὴν

2038 615 2168 686 μίαν
2210 614 2413 689 ταύτην
2445 615 2618 671 νύκτα
2658 611 2910 669 ἐνιαυτοῦ
2960 611 3210 685 περίοδον
3236 608 3608 682 ἡγησάμενοι,

2034 705 2135 778 τὴν
2162 706 2407 762 δοθεῖσαν
2433 705 2540 761 ὑπὸ
2578 706 2674 761 σοῦ
2719 704 3059 778 προθεσμίαν
3085 702 3147 757 ού
3172 699 3458 773 δυνάμενοι
3483 700 3612 754 ἀνα-

2037 799 2240 871 μένειν,
2269 798 2376 870 πρὸ
2392 798 2502 854 τῶν
2521 797 2704 872 θυρῶν
2731 797 3013 870 ἑστήκασι,
3034 793 3174 849 κατά
3207 793 3494 857 συστάσεις
3520 794 3613 848 καὶ

2037 892 2348 963 συλλόγους,
2378 890 2631 963 ἀλλήλοις
2649 890 2778 962 περὶ
2805 889 2905 961 τῆς
2923 883 3017 941 τοῦ
3044 885 3284 958 Σίμωνος
3312 880 3612 957 μοχθηρίας

2033 982 2401 1056 διομιλοῦντες
2418 1023 2433 1049 ,
2460 980 2541 1036 διὸ
2556 979 2604 1013 ’³
2641 979 2978 1052 μετεωρίσας
3019 977 3233 1043 αὐτοὺς,
3256 975 3352 1029 καὶ
3376 973 3612 1045 ὑποσχό-

2040 1093 2201 1149 μενος
2223 1076 2317 1129 ἐπὶ
2344 1073 2559 1138 πολλοῖς
2595 1090 2655 1127 σε
2695 1072 2886 1136 κακοῖς
2924 1069 3145 1125 ἐλθόντα
3174 1065 3413 1137 ἐλέγξειν
3431 1106 3447 1132 ,
3490 1067 3616 1120 ἐπι-

2035 1168 2352 1241 δημήσαντα
2374 1165 2565 1235 γνοὺς,
2593 1164 2812 1237 νύκτωρ
2858 1164 3114 1234 διέφυγε⁸
3144 1159 3286 1233 πλὴν
3321 1157 3622 1243 ἐπιθυμοῦτ

2038 1273 2123 1310 σιν
2152 1256 2312 1310 αὐτοὶ¹
2335 1254 2567 1310 ἀκοῦσαί
2599 1271 2713 1308 σου.

2106 1349 2285 1406 ιλιι(
2309 1350 2420 1405 Καὶ
2466 1349 2496 1403 ό
2550 1346 2757 1421 Πέτρος
2802 1344 3087 1417 θαυμάσας
3141 1342 3253 1397 τῶν
3292 1340 3467 1413 ὖχλων
3515 1341 3617 1413 τὴν

2039 1443 2295 1515 σπουδὴν,
2330 1440 2683 1514 ἀπεκρίνατοο
2744 1438 2959 1511 ὐρᾶτε,
2998 1435 3252 1505 ἀδελφοὶ,
3286 1434 3405 1498 πῶς
3440 1434 3493 1487 οἱ
3519 1432 3615 1487 τοῦ

2038 1533 2244 1607 Κυρίου
2288 1531 2445 1605 ἡμῶν
2475 1532 2622 1602 λόγοι
2646 1531 2904 1604 ἐμφανῶς
2932 1526 3281 1583 τελειοῦνται.
3315 1525 3616 1598 Μέμνημαι

2036 1627 2146 1700 γὰρ
2183 1625 2348 1681 αὑτοῦ
2372 1624 2673 1698 εἰρηκότος,
2710 1623 2811 1678 ὅτι·
2836 1620 3063 1677 Πολλοὶ
3102 1619 3455 1675 ἐλεύσονται
3498 1616 3616 1673 ἀπὸ

2036 1718 2366 1783 ἀνατολῶν,
2420 1718 2521 1772 καὶ
2563 1716 2831 1786 δυσμῶν,
2873 1715 2974 1770 καί
3013 1713 3211 1785 ,ϐορῤᾱ
3261 1711 3360 1768 καὶ
3387 1711 3616 1767 θαλάσ-

2037 1828 2156 1880 σης
2180 1813 2252 1844 ’δ’
2318 1810 2418 1865 καί
2461 1809 2969 1876 ἀνακλιθήσονται
3019 1808 3169 1879 μετὰ
3221 1804 3478 1875 Ἀϐραὰμ
3520 1801 3619 1858 cca!

2051 1903 2258 1960 Ἰσαὰκ
2297 1901 2397 1958 καί
2443 1900 2662 1958 Ἰακώϐ.
2706 1901 2865 1955 Ἀλλὰ
2889 1901 2985 1955 καὶ
3022 1897 3263 1963 πολλοὶ,
3294 1897 3448 1970 φησὶ,
3472 1898 3618 1965 tam

2037 1997 2360 2067 toi,d.llr0t
2396 1995 2464 2051 δὲ
2490 1994 2780 2051 ἐκλεκτοί.
2811 1987 2885 2048 Th
2925 1993 3024 2066 μὲν
3057 1986 3149 2048 οῦν
3173 1990 3350 2045 ἐλθεῖν
3373 1988 3474 2043 οὐκ
3518 1987 3639 2069 αύέ

2039 2089 2148 2143 τῶν
2193 2089 2340 2144 ἐστιν
2373 2085 2525 2152 ἴδιον,
2569 2086 2706 2141 ἀλλὰ
2743 2084 2839 2140 τοῦ
2884 2082 3216 2155 κεκληκότος
3255 2082 3412 2137 Θεοῦ*
3437 2080 3532 2135 ἐὰν
3561 2079 3618 2134 δέ

2044 2178 2181 2253 μετὰ
2207 2178 2268 2233 τὸ
2307 2178 2569 2251 κληθῆναι
2593 2177 2663 2230 τὰ
2704 2176 2884 2247 ἀγαθὰ
2928 2174 3194 2248 πράξωσι,
3246 2173 3405 2227 τοῦτο
3442 2172 3618 2227 αὐτῶν

2040 2270 2190 2336 ῐδιον,
2212 2273 2304 2325 καὶ
2326 2271 2426 2343 τῆς
2451 2268 2834 2342 προσηκούσης
2861 2264 3144 2333 τεύξονται
3175 2262 3614 2338 μισθαποδοσίας.

2038 2365 2226 2420 Ταῦτα
2247 2359 2508 2429 εἶπεηιαὶ
2525 2362 2616 2417 τὸν
2641 2362 2807 2416 πολὺν
2825 2360 2982 2433 ὄχλον
3007 2359 3130 2416 ἰδὼν
3151 2360 3341 2433 πράως
3369 2357 3619 2430 καθάπερ

2037 2458 2238 2530 ἢσυχόν
2262 2475 2315 2510 τι
2351 2456 2526 2529 ῥεῦμα
2560 2453 2805 2526 ποταμοῦ
2831 2453 3177 2526 ἐπιρρέοντα,
3200 2452 3304 2523 ἐφη
3332 2448 3409 2520 τῷ
3435 2450 3621 2521 Μαρο-

2039 2548 2172 2621 ώνῃ·
2192 2546 2303 2601 Ποῦ
2326 2563 2406 2599 σοι
2431 2546 2591 2608 τόπος
2612 2546 2761 2598 ἐστὶν
2795 2543 3048 2609 ἐνταῦθα,
3066 2543 3192 2606 τοὺς
3215 2542 3405 2613 ὄχλους
3426 2541 3621 2614 χωρ-ϊν

2038 2636 2335 2710 δυνάμενος
2354 2652 2369 2704 ;
2392 2635 2499 2690 Τοῦ
2520 2636 2578 2690 δὲ
2598 2633 2895 2709 Μαροώνου
2921 2637 3002 2701 είς
3030 2633 3442 2706 κεκηπευμένον
3457 2634 3620 2687 τόπον

2040 2728 2135 2780 καὶ
2163 2725 2428 2798 ὕπαιθρον
2456 2726 2618 2780 αὐτὸν
2632 2726 2877 2795 άγοντος,
2905 2725 3116 2779 εἵποντο
3146 2725 3242 2779 καὶ
3271 2726 3320 2779 oi
3347 2723 3510 2796 ὄχλοι.

2112 2816 2295 2872 LXIII.
2337 2815 2446 2871 Καὶ
2477 2821 2506 2872 ὁ
2544 2817 2751 2891 Πέτρος
2784 2817 2879 2871 ἐπί
2904 2835 3052 2883 τινος
3076 2817 3285 2890 βάσεως
3308 2817 3622 2890 ἀνδριάντος

2041 2897 2110 2965 ού
2138 2911 2279 2965 πάνυ
2324 2909 2599 2983 μετεώρου
2644 2909 2795 2975 στὰς,
2831 2910 2947 2980 ἅμα
2969 2909 3048 2981 τῷ
3072 2909 3165 2964 τὸν
3195 2910 3350 2987 θχλον
3383 2904 3625 2964 θεοσεϐεῖ

2041 3001 2152 3056 ἔθει
2196 2999 2651 3074 προσαγορεῦσαι,
2679 3000 2803 3057 ίδὼν
2853 3002 3079 3066 πολλοὺς
3110 3001 3219 3055 τῶν
3262 2999 3623 3074 παρεστώτων

369 3090 529 3153 tium,
557 3104 587 3144 a
616 3089 960 3145 daemonibus
977 3090 1091 3160 jam
1117 3089 1208 3146 diu
1237 3090 1586 3159 molestatos;
1616 3106 1682 3149 ac
1701 3089 1958 3150 stridere.

2043 3095 2140 3152 ύπδ
2153 3094 2417 3166 δαιμόνων
2435 3110 2497 3148 τε
2522 3096 2618 3149 καὶ
2640 3094 2851 3149 πολλῶν
2874 3095 2921 3128 ’⁸
2946 3095 3152 3168 χρόνων
3186 3094 3621 3167 ἐνοχλουμένους,

369 3199 495 3240 cum
544 3183 779 3252 ululatu,
807 3193 862 3239 et
907 3184 1190 3255 procidere
1231 3197 1357 3239 cum
1391 3185 1944 3256 supplicatione;ln-

371 3276 719 3346 crepitis'lis,
753 3275 1146 3348 silentiumque
1196 3286 1381 3334 tenere
1424 3277 1631 3349 jussis,
1669 3278 1944 3349 pollicitus

369 3369 710 3424 curationem
763 3374 888 3439 post
938 3368 1186 3425 habitum
1246 3384 1590 3440 sermonem,
1656 3369 1734 3426 ita
1789 3370 1942 3442 loqui

369 3459 537 3529 coepit
562 3478 577 3515 :

441 3553 629 3611 LXIV.
680 3554 845 3623 Deus,
903 3555 997 3627 qui
1048 3555 1200 3611 solus
1253 3554 1435 3611 bonus
1482 3563 1588 3619 est.
1636 3561 1945 3626 cunctaque

370 3647 633 3717 praeclare
683 3644 835 3711 fecit,
897 3653 1123 3716 propter
1178 3645 1412 3702 salutem
1457 3645 1670 3718 generis
1693 3644 1941 3714 humani,
1987 3689 1996 3695 .

370 3737 523 3794 misit
556 3726 896 3808 unigeiiitum
925 3735 1122 3793 Filium
1173 3750 1336 3791 suum
1365 3736 1657 3793 Dominum
1689 3744 1942 3793 nostrum

368 3825 557 3885 Iesum
599 3826 902 3890 Christum,
937 3826 1031 3896 qui
1061 3825 1110 3880 ei
1141 3824 1339 3896 placita
1363 3827 1631 3899 vulgaret,
1662 3827 1946 3899 legemque

346 3918 526 3973 daret
547 3928 840 3986 aeternam;
867 3925 928 3972 ut
957 3916 1107 3972 illam
1153 3925 1419 3986 perpetuo
1473 3920 1868 3988 custodientes,
1890 3927 1947 3974 et

371 4010 633 4079 baptizati
686 4010 741 4063 in
785 4011 1164 4067 remissionem
1208 4022 1578 4083 peccatorum.
1604 4013 1713 4068 vita
1743 4014 1946 4083 sempi-

318 4127 325 4137 -
374 4109 526 4156 terna
544 4101 828 4156 donemur.
853 4100 1198 4158 "Enitimini
1235 4114 1415 4158 autem
1440 4103 1640 4173 primo,
1673 4112 1734 4159 ut
1762 4103 1945 4159 sordi~

372 4194 502 4249 dum
538 4193 919 4248 indumentum
963 4202 1233 4262 vestrum,
1294 4196 1523 4281 sciliqet,
1588 4194 1944 4262 inﬁdelitatis,

373 4282 620 4351 eruatis;
652 4283 798 4354 quod
853 4299 964 4338 non
1021 4283 1127 4339 alia
1171 4284 1383 4341 ratione
1412 4285 1640 4356 potestis
1656 4284 1943 4357 deponere,

376 4374 478 4430 nisi
512 4374 666 4445 prius
717 4374 770 4428 in
816 4375 975 4431 bonis
1012 4375 1323 4432 actionibus
1344 4377 1694 4448 baptizemini
1731 4396 1746 4433 :
1780 4386 1945 4448 atque

2047 3192 2343 3265 βρύχοντάς
2373 3206 2433 3246 τε
2465 3191 2582 3263 μετ’
2602 3192 2849 3264 οἰμωγῆς
2882 3194 2976 3246 καὶ
3020 3190 3317 3254 πίπτοντας
3347 3190 3482 3263 μετὰ
3513 3191 3624 3243 ίκε-

2048 3282 2187 3347 σίας,
2222 3284 2552 3353 ἐπιτιμήσας
2581 3282 2766 3346 αὐτοῖς
2792 3281 2888 3335 καὶ
2920 3279 3148 3353 ἡσυχίαν
3170 3279 3312 3352 ἔχειν
3340 3280 3620 3346 ἐπιτάξας,

2044 3376 2139 3429 καὶ
2169 3375 2267 3446 τὴν
2297 3374 2440 3428 ίασιν
2470 3372 2611 3444 μετὰ
2636 3375 2699 3427 τὸ
2729 3372 3075 3444 διαλεχθῆναι
3122 3371 3619 3443 καθυποσχόμενος,

2042 3465 2136 3520 τοῦ
2162 3465 2343 3535 λέγειν
2374 3465 2575 3537 ῆρξατο
2618 3465 2812 3529 οὕτως·

2084 3612 2089 3617 .
2115 3557 2375 3614 LXIV.'O
2411 3558 2568 3630 μόνος
2605 3557 2808 3627 άγαθὸς
2834 3555 2986 3622 Θεὸς,
3018 3557 3091 3610 τὰ
3122 3557 3300 3611 πάντα
3330 3556 3510 3623 καλῶς
3533 3575 3623 3611 πε-

2044 3650 2288 3722 ποιηκὼς
2329 3652 2421 3705 ἐπὶ
2471 3650 2714 3723 σωτηρίᾳ
2759 3647 2852 3702 τοῦ
2898 3644 3088 3720 γένους
3138 3648 3246 3703 τῶν
3298 3648 3621 3720 ἀνθρώπων,

2044 3744 2389 3812 ἐξαπέστειλε
2440 3741 2531 3797 τὸν
2587 3742 2847 3815 μονογενῆ
2909 3742 3073 3796 αύτοῦ
3119 3742 3253 3797 ’Υῐὸν
3284 3739 3374 3797 τὸν
3419 3743 3620 3815 Κύριον

2045 3834 2202 3908 ἡμῶν
2241 3832 2447 3906 Ἰησοῦν
2476 3832 2730 3904 Χριστὸν,
2763 3832 2833 3886 τά
2855 3830 3046 3904 ἐκείνῳ
3069 3833 3327 3887 δοκοῦντα
3369 3834 3617 3903 ἐκφάναι,

2045 3925 2138 3980 καὶ
2168 3924 2330 3996 νόμον
2356 3923 2568 3985 αἰώνιον
2600 3921 2803 3987 δοῦναι,
2836 3922 2922 3976 ἴνα
2957 3924 3319 3992 φυλάσσοντες
3343 3923 3504 3977 αὐτὸν
3534 3922 3621 3976 διὰ

2044 4015 2262 4081 παντὸς,
2297 4016 2389 4069 καὶ
2422 4012 2806 4086 βαπτισθέντες
2846 4014 2928 4077 είς
2960 4013 3152 4083 ἄφεσιν
3183 4013 3489 4086 ἁμαρτιῶν,
3522 4013 3619 4085 τῆς

2044 4107 2263 4164 αἰωνίου
2280 4107 2425 4177 ζωῆς
2454 4105 2895 4175 καταξιωθῶμεν.
2915 4106 3256 4160 Σπουδάσατε
3277 4106 3334 4159 δὲ
3357 4106 3617 4178 πρότερον

2045 4197 2371 4252 ἐκδύσασθαι
2416 4196 2477 4250 τὸ
2514 4195 2754 4268 ῥυπαρόν
2787 4194 2940 4265 ὑμῶν
2986 4195 3189 4266 ἔνδυμα
3213 4196 3312 4266 τῆς
3340 4194 3613 4259 ἀπιστίας,

2044 4291 2181 4362 ὅπερ
2206 4289 2307 4343 ούκ
2322 4288 2495 4352 άλλως
2522 4287 2891 4341 ἀποδύσασθαι
2911 4282 3157 4351 δύνασθε,
3179 4288 3228 4340 εί
3255 4286 3329 4359 μὴ
3355 4288 3615 4359 πρότερον

2046 4383 2138 4437 ἐπὶ
2183 4382 2376 4444 καλαῖς
2423 4378 2654 4451 πράξεσι
2705 4377 3052 4449 βαπτισθῆτεο
3083 4378 3178 4431 καὶ
3215 4376 3358 4431 οῦτω
3389 4377 3616 4450 καθαροὶ

377 4467 478 4532 ita,
510 4443 635 4537 puri
662 4481 893 4538 corpore
924 4482 992 4523 ac
1020 4467 1204 4523 anima
1238 4443 1441 4534 effecti,
1474 4464 1661 4526 loturo
1687 4443 1945 4542 perpetuo

2048 4472 2260 4544 σώματι
2292 4443 2387 4525 καὶ
2410 4443 2564 4541 ψύχῇ-
2588 4443 2889 4541 γενόμενοι,
2922 4443 3021 4541 τῆς
3038 4469 3300 4541 ἐσομένης
3331 4469 3500 4545 ἀϊδίου
3525 4443 3616 4541 βαι

376 4572 546 4630 regno
557 4556 835 4615 fruemini.
855 4556 1042 4629 Itaque
1063 4573 1165 4615 nec
1187 4560 1347 4618 idolis
1373 4562 1594 4631 credite,
1616 4578 1716 4619 nec
1743 4580 1946 4621 mensae

376 4665 567 4705 eorum
593 4649 884 4721 participes
909 4658 1118 4717 estote;
1151 4666 1258 4707 non
1293 4652 1551 4720 occidite;
1581 4668 1689 4708 non
1736 4654 1946 4711 adulte-

376 4750 523 4803 rate,
550 4756 658 4796 non
686 4742 910 4812 ﬂagrate
942 4743 1072 4799 odio
1101 4751 1328 4811 mutuo;
1359 4759 1460 4799 nec
1501 4742 1706 4801 furtum
1745 4745 1942 4814 facile;

378 4849 555 4904 neque
584 4835 814 4889 omnino
849 4835 1209 4905 aggredimini
1242 4836 1351 4891 ulla
1378 4850 1541 4905 prava
1574 4834 1835 4893 facinora.

448 4923 612 4980 LXV.
666 4923 793 4981 Haec
847 4940 974 4982 cum
1025 4926 1272 4991 dixisset,
1329 4934 1491 4998 atque
1528 4941 1596 4983 ex
1647 4926 1943 4999 Scripturis

379 5015 687 5071 monuisset
722 5017 919 5079 multa,
943 5030 1134 5072 omnes
1167 5027 1619 5087 permanserunt;
1642 5018 1733 5073 alii
1761 5028 1821 5073 ut
1849 5035 1947 5074 cu-

381 5118 657 5175 rarentur,
687 5109 781 5164 alii
811 5122 871 5164 ut
894 5109 1145 5183 viderent
1167 5124 1264 5165 eos
1295 5109 1388 5180 qui
1418 5110 1706 5165 sanitatem
1737 5111 1945 5182 recipe-

382 5210 523 5257 rent.
545 5200 741 5257 Petrus
777 5210 958 5255 autem
988 5200 1258 5256 duntaxat
1280 5201 1568 5271 imponens
1598 5202 1944 5271 illis'manus,

382 5305 437 5351 et
465 5300 863 5367 comprecatus,
899 5292 1197 5363 unicuique
1250 5293 1671 5351 immunitatem.
1694 5310 1725 5349 a
1757 5295 1949 5350 morbo

2047 4563 2251 4625 στλείας
2297 4559 2650 4614 ἀπολαύσετε.
2697 4560 2848 4630 Μήτε
2894 4554 2989 4612 οὖν
3041 4557 3280 4621 εἰδώλοις
3312 4558 3613 4621 πιστεύετε,

2048 4655 2184 4726 μήτε
2228 4651 2509 4723 τραπέζης
2550 4649 2729 4704 αὐτῶν
2775 4653 3080 4705 κοινωνεῖτε
3105 4650 3193 4683 ³ου·
3229 4650 3303 4722 μὴ
3343 4649 3613 4719 φονεύετε,

2049 4747 2123 4818 μὴ
2155 4744 2453 4817 μοιχεύετε,
2501 4742 2574 4814 μὴ
2610 4746 2814 4814 μισεῖτε
2847 4743 3125 4814 ἀλλήλους,
3163 4743 3299 4813 μηδέ
3334 4742 3614 4806 κλέπτετε,

2050 4838 2185 4909 μηδέ
2208 4838 2403 4901 κακαῖς
2433 4854 2543 4890 τισι
2574 4835 2833 4906 πράξεσιν
2865 4834 3000 4898 ὅλως
3023 4837 3369 4905 ἐπιχειρεῖτε.

2066 4942 2069 4945 ·
2120 4925 2281 4981 LXV.
2309 4924 2494 4979 Ταῦτα
2516 4925 2758 4986 εἰπόντος
2786 4922 2976 4986 αὐτοῦ,
3007 4921 3099 4976 καὶ
3130 4922 3236 4975 ἀπὸ
3257 4922 3364 4975 τῶν
3386 4920 3616 4993 Γραφῶν

2048 5016 2219 5073 πολλὰ
2264 5015 2706 5087 παραινέσαντος,
2730 5015 2782 5068 οἱ
2814 5014 3013 5077 πάντες
3065 5012 3420 5085 παρέμειναν,
3442 5014 3492 5066 oi
3520 5012 3616 5083 μὲν

2046 5107 2141 5160 τοῦ
2164 5106 2561 5177 θεραπευθῆναι
2583 5100 2767 5176 χάριν,
2788 5104 2837 5157 οί
2862 5104 2919 5157 δὲ
2949 5103 3042 5157 τοῦ
3075 5104 3354 5176 ἱστορῆσαι
3375 5104 3500 5166 τοὺς
3517 5102 3617 5172 τῆς

2049 5196 2344 5271 θεραπείας
2368 5193 2740 5267 ἐπιτυχόντας.
2787 5196 2843 5248 '0
2867 5194 2924 5248 δὲ
2946 5194 3152 5266 Πέτρος
3170 5195 3269 5259 τὰς
3304 5198 3490 5267 χεῖρας
3518 5194 3615 5247 αύ-

2050 5290 2164 5355 τοῐς
2198 5288 2404 5353 ἐπιθεὶς
2461 5284 2638 5360 μόνον,
2667 5288 2759 5341 καὶ
2803 5285 3258 5358 προσευξάμενος,
3303 5286 3401 5358 τὴν
3442 5283 3618 5344 dm)-

1646 5413 1878 5472 VARIE
1914 5410 2319 5472 LECTIONES.

456 5578 503 5611 "
531 5579 599 5632 al.
639 5579 740 5633 ὅτι.
816 5581 862 5615 ³⁸
891 5576 1001 5631 Καὶ
1051 5573 1379 5640 θαλάσσης,

1428 5589 1527 5644 pro
1573 5577 1666 5629 καὶ
1705 5577 1876 5631 νότου.
1913 5578 2044 5636 Luc.
2080 5596 2178 5635 xm
2204 5620 2219 5643 ,
2249 5578 2318 5633 29
2340 5620 2354 5643 ,
2389 5592 2451 5631 ex
2509 5575 2705 5639 psalm.
2737 5591 2845 5633 ενι.
2879 5577 2933 5640 5,
2986 5572 3075 5629 ubi
3104 5573 3321 5628 videndi
3351 5572 3618 5644 Interpre-

389 5657 487 5704 tcs.
521 5649 655 5704 Cor.
732 5650 777 5683 ’⁵
795 5648 981 5702 Matth.
1023 5663 1139 5707 vm,
1172 5645 1270 5708 II;
1311 5636 1441 5698 Luc:
1475 5661 1591 5709 xm,
1627 5646 1715 5701 29.
1792 5649 1836 5681 ’⁸
1867 5648 2054 5705 Matth.
2089 5667 2179 5713 xx,
2207 5636 2301 5703 vlli.
2344 5636 2354 5643 ’
2400 5647 2444 5679 ’⁷
2490 5636 2930 5707 δίθηιεηιηιιοιιιξ
2959 5661 3075 5708 vnn,
3098 5659 3147 5698 c.
3174 5645 3228 5705 8,
3259 5652 3363 5699 etc.
3400 5636 3543 5707 Red,
3579 5642 3615 5698 Ι.

391 5734 529 5783 tv,c.
561 5718 612 5785 7,
630 5728 732 5774 ctc.
809 5720 854 5753 ’⁸
884 5718 955 5773 al.
982 5716 1188 5769 πολλῶν
1230 5714 1416 5767 παθῶν
1431 5715 1495 5766 ἐκ
1523 5715 1740 5771 πολλῶν.

1855 5720 1900 5751 '9
1943 5713 2223 5785 Clcmmt.,
2249 5719 2395 5774 hom.
2431 5733 2548 5781 vm,
2582 5733 2699 5785 cap.
2732 5717 2819 5770 2'5.

2904 5717 2971 5747 ¹⁰⁰
2993 5717 3062 5771 al.
3101 5715 3267 5772 inser.
3303 5715 3528 5785 μιαρᾶς.
