4048 6146
446 321 555 380 819

1324 324 1381 380 S.
1422 322 1808 381 CLEMENTIS
1847 324 2012 380 ROM.
2053 314 2254 382 PONT.
2298 327 2525 384 OPERA
2564 330 2791 388 DUBIA.

3580 333 3684 389 520

444 440 602 498 Jcsus
640 441 889 499 Christus
915 442 1051 499 dixit
1079 461 1092 499 :
1119 443 1205 499 Va:
1233 449 1399 511 vobis,
1430 447 1630 503 Scriba:
1671 459 1718 503 et
1753 449 1997 504 Pharisa-

2120 452 2427 520 Φαρισαῖοι
2480 456 2810 522 ὑποκριταίο
2869 454 2957 508 ὅτι
3014 451 3348 521 καθαρίζετε
3375 450 3479 505 τοῦ
3510 467 3688 519 ποτη-

443 535 761 605 hypocritw;
792 537 916 605 quia
949 537 1219 593 mundatis
1257 540 1439 593 salicis
1468 550 1517 592 et
1551 540 1849 609 paropsidis
1872 540 2010 610 quod

441 628 672 680 exterius
694 636 769 680 est
794 668 809 693 ,
838 628 980 681 intus
999 638 1173 683 autem
1197 647 1259 683 ea
1278 630 1432 699 plena
1453 640 1573 684 sunt
1592 632 1854 685 sordibus.
1881 631 2016 685 Pha-

444 720 595 769 riam
616 718 980 783 cwce,munda
1005 720 1153 788 prius
1179 721 1359 774 salicis
1381 730 1431 774 et
1445 722 1743 791 paropsidis
1766 723 2009 788 interius,

444 816 501 859 ut
540 816 588 860 et
631 808 776 862 illius
813 811 1045 863 exterius
1072 813 1324 864 mundum
1352 812 1524 880 ﬁat".
1562 811 1695 866 Vere
1725 814 1869 866 enim
1914 812 2009 882 qui

443 899 703 953 interiora
750 900 1082 970 purgaverit,
1112 902 1382 956 exteriora
1409 918 1625 973 quoque
1656 919 1888 974 purgare
1914 920 2012 975 po-

442 1000 545 1046 test
575 1009 588 1045 :
619 991 712 1061 qui
742 1006 870 1045 vero
904 995 1175 1048 exteriora
1217 1003 1443 1065 purgat,
1476 994 1541 1048 ad
1576 995 1859 1049 hominum
1890 995 2010 1050 lau-

438 1081 536 1137 des
585 1082 877 1152 aspiciens,
911 1084 964 1138 id
1006 1085 1153 1155 agit;
1181 1086 1275 1140 sed
1302 1084 1443 1155 apud
1489 1083 1655 1139 Deum
1698 1086 2003 1142 mercedem

439 1191 548 1230 non
582 1176 762 1230 habet.

508 1265 695 1321 LXIX.
718 1267 759 1305 ³ο
776 1265 871 1321 His
885 1266 1065 1331 dictis,
1090 1276 1143 1320 et
1166 1267 1290 1321 aliis
1304 1268 1551 1337 pluribus
1565 1271 1631 1325 de
1649 1270 2005 1338 castimonia;

435 1371 561 1410 cum
588 1357 701 1426 jam
726 1366 835 1412 tres
868 1373 1106 1423 menses,
1132 1359 1600 1429 quibusjejunare
1624 1378 1710 1418 me
1738 1377 2008 1432 praecepe-

436 1460 542 1517 rat,
573 1452 829 1521 completi
883 1459 1098 1515 essent,
1133 1452 1340 1506 ducens
1389 1468 1475 1507 me
1521 1453 1587 1508 ad
1631 1451 1808 1507 fontes
1836 1453 2005 1507 maris

434 1543 647 1598 vicinos
702 1546 927 1613 perenni
959 1560 1100 1614 aqua
1125 1544 1442 1614 baptizavit,
1473 1544 1527 1599 in
1556 1545 1778 1600 nomine
1802 1544 2003 1613 Patris,

433 1644 488 1689 et
516 1633 658 1702 Filii,
688 1643 743 1689 et
772 1634 1012 1705 Spiritus
1059 1635 1232 1690 sancti
1266 1653 1279 1688 :
1316 1650 1550 1705 cumque
1600 1652 1796 1705 panem
1850 1651 2006 1691 acce-

433 1726 624 1794 pisset.
681 1726 1070 1793 benedixisset,
1113 1740 1177 1781 ac
1241 1725 1519 1796 fregisset;
1577 1727 2006 1782 communicavit

2107 542 2245 608 plov
2276 542 2372 596 καὶ
2396 541 2505 612 τῆς
2530 545 2865 613 παροψίδος
2892 545 2957 598 τὸ
2978 545 3220 608 ἔξωθεν,
3244 543 3473 596 ἔσωθεν
3496 541 3563 594 δὲ
3586 540 3673 610 γέι

2106 649 2207 702 μει
2251 634 2473 701 ῥύπου.
2519 636 2799 703 Φαρισαῖε
2839 636 3050 705 τυφλέ,
3081 633 3408 701 καθάρισον
3454 631 3687 701 πρῶτον⁹

2111 724 2217 778 τοῦ
2266 728 2551 794 ποτηρίου
2588 727 2685 781 καὶ
2724 728 2834 797 τῆς
2860 727 3194 797 παροψίδος
3221 725 3284 779 τὸ
3316 726 3561 787 ἔσωθεν,
3584 726 3686 777 ἵνα

2110 815 2348 883 γένηται
2377 816 2473 870 καὶ
2501 817 2567 871 τὸ
2610 818 2724 883 ἔξω
2759 818 2945 873 αὑτοῦ
2989 819 3264 885 καθαρόν.
3317 815 3553 885 Ἀληθῶς
3578 815 3686 889 γὰρ

2109 907 2137 957 ό
2175 904 2419 976 καθάρας
2451 905 2511 959 τὸ
2556 906 2682 972 ἔσω,
2720 909 2812 961 καὶ
2856 908 2918 960 τὸ
2958 907 3063 974 ἔξω
3110 907 3347 977 καθᾶραι
3387 904 3626 959 δύναται·
3655 906 3689 958 ὁ

2109 996 2165 1048 δέ
2190 996 2257 1050 τά
2282 996 2385 1063 ἔξω
2406 997 2703 1070 καθαίρων,
2720 999 2855 1070 πρὸς
2878 998 3177 1071 ἀνθρώπων
3202 997 3419 1051 ἔπαινον
3442 997 3683 1068 ἀφορῶν,

2107 1087 2268 1141 τοῦτο
2290 1091 2453 1153 ποιεῖ,
2485 1089 2636 1161 παρά
2662 1090 2719 1142 δὲ
2743 1089 2822 1161 τῷ
2850 1089 2970 1160 Θεῷ
3004 1089 3191 1161 μισθὸν
3219 1089 3318 1143 οὐκ
3349 1088 3482 1160 ἔχει.

2182 1264 2368 1318 LXIX.
2397 1265 2578 1318 Ταῦτα
2612 1264 2781 1318 εἰπὼν
2809 1265 2903 1319 καὶ
2930 1264 3091 1337 ἔτερα
3124 1266 3344 1320 πλείονα
3378 1266 3505 1337 περὶ
3531 1268 3685 1335 ἁγνι-

2115 1356 2273 1427 σμοῦ,
2295 1356 2404 1408 τῶν
2420 1356 2586 1427 τριῶν
2602 1357 2701 1427 ήδη
2727 1356 2910 1427 μηνῶν
2932 1356 3342 1428 πληρωθέντων,
3362 1349 3435 1409 ὧν
3460 1356 3689 1426 νηστεῦ-

2109 1448 2196 1501 σαί
2234 1466 2300 1518 με
2336 1447 2642 1510 ἐκέλευσεν,
2671 1445 2894 1515 ἀγαγών
2924 1464 2991 1517 με
3021 1448 3100 1511 είς
3126 1447 3223 1510 τὰς
3251 1449 3308 1500 ἐν
3334 1450 3400 1519 τῇ
3442 1446 3687 1521 Θαλάσσῃ

2108 1540 2331 1612 πλησίον
2382 1539 2548 1603 οὔσας
2591 1539 2792 1609 πηγάς,
2845 1538 2921 1602 ὡς
2973 1539 3051 1602 εἰς
3113 1539 3339 1592 ἀένναον
3391 1538 3687 1592 ἐϐάπτισεν

2107 1627 2271 1700 ὕδωρ,
2300 1632 2379 1694 είς
2401 1631 2463 1683 τὸ
2498 1630 2670 1701 ὄνομα
2705 1629 2800 1682 τοῦ
2829 1630 3041 1701 Πατρὸς
3065 1631 3157 1684 καὶ
3181 1630 3277 1683 τοῦ
3307 1630 3438 1683 Υίοῦ
3468 1632 3561 1684 καὶ
3588 1629 3685 1683 τοῦ

2112 1723 2273 1790 ἁγίου
2308 1722 2640 1793 Πνεύματος·
2672 1721 2766 1774 καὶ
2795 1720 2973 1774 λαϐὼν
2997 1722 3157 1793 ἄρτον
3186 1722 3481 1795 εὐλογήσας
3497 1724 3565 1787 ³³,
3591 1724 3687 1776 καὶ

434 1830 536 1871 nos
598 1817 935 1874 intemeratis
973 1834 1037 1873 ac
1086 1818 1346 1874 vitalibus
1393 1820 1773 1874 sacramentis.
1822 1821 2000 1890 Atque

2113 1814 2338 1879 κλάσας,
2374 1814 2674 1885 μετέδωκεν
2698 1816 2829 1885 ἡμῖν
2849 1814 2956 1867 τῶν
2980 1814 3261 1886 ἀχράντων
3287 1816 3380 1868 καί
3407 1813 3687 1879 ζωοποιῶν

433 1906 507 1960 ita
538 1905 715 1961 feriati
737 1923 802 1962 ac
827 1909 931 1963 laeti
963 1907 1158 1963 fratres
1188 1910 1358 1964 nostri
1383 1925 1481 1979 pro
1507 1910 1642 1964 mihi
1673 1925 1704 1965 a
1731 1909 1842 1965 Deo
1867 1927 2001 1967 con-

431 2016 586 2056 cessa
636 2002 875 2056 secunda
927 2001 1247 2067 nativitate,
1310 2002 1539 2072 gloriam
1594 2014 1647 2059 et
1698 2005 1998 2074 gratiarum

431 2091 701 2146 actionem
752 2090 862 2147 Deo
908 2091 1225 2148 detulimus.
1259 2091 1324 2147 Et
1356 2093 1525 2148 multa
1562 2094 1720 2149 turba
1774 2110 2000 2167 congre-

431 2191 587 2253 gata,
638 2181 833 2238 Petrus
894 2183 1136 2253 depulsis
1189 2185 1419 2252 morbis,
1474 2186 1885 2257 amictionibus,
1936 2204 2001 2244 ac

429 2273 806 2344 daemonibus,
858 2292 960 2332 nec
1009 2292 1118 2331 non
1158 2277 1443 2347 baptizatis
1478 2279 1873 2349 compluribus,
1906 2281 1998 2336 ubi

428 2364 740 2423 Maroonem
792 2368 1060 2438 hospitem
1114 2384 1297 2435 suum,
1340 2370 1452 2439 jam
1496 2372 1755 2426 omnibus
1801 2387 1996 2427 nume-

428 2458 505 2514 ris
548 2460 883 2527 absolutum,
936 2462 994 2516 in
1051 2461 1369 2533 episcopum
1410 2464 1812 2530 constituisset,
1862 2466 1999 2520 duo-

426 2550 603 2606 decim
647 2553 997 2623 presbyteros
1043 2554 1402 2625 designasset,
1439 2556 1700 2611 diaconos
1743 2556 1995 2623 fecisset;

424 2641 735 2697 collocutus
785 2659 909 2698 cum
964 2645 1228 2715 episcOpo
1282 2645 1349 2700 de
1396 2648 1676 2702 communi
1734 2648 1879 2702 bono
1934 2663 1998 2703 ac

427 2732 678 2797 utilitate,
699 2735 875 2805 deque
894 2736 1270 2793 ecclesiastico
1288 2738 1480 2793 ordine
1503 2747 1668 2809 atque
1692 2748 1958 2794 concentu
1977 2780 1997 2808 ,

424 2823 546 2877 vale
586 2824 724 2879 dixit
780 2825 1137 2896 Tripolitanis
1192 2825 1503 2894 thnices,
1548 2837 1605 2883 et
1660 2829 1762 2884 iter
1806 2845 1996 2887 versus

426 2919 774 2976 Antiochiam
805 2917 975 2990 Syriae
1001 2918 1281 2986 ingressus
1315 2927 1417 2972 est.

2104 1907 2430 1978 μυστηρίων.
2460 1907 2569 1959 Καὶ
2591 1905 2762 1970 οὕτως
2790 1906 3157 1978 εὐωχηθέντες
3202 1908 3252 1960 οί
3287 1908 3505 1977 ἀδελφοὶ
3551 1910 3685 1980 ἡμῖν

2100 1998 2191 2051 ἐπὶ
2222 2001 2289 2069 τῇ
2329 1997 2644 2069 θεοδωρήτῳ
2673 2014 2775 2067 μου
2810 1998 3182 2069 ἀναγεννήσει,
3201 1997 3357 2065 δόξαν
3394 1999 3489 2053 καὶ
3515 2000 3677 2069 εὐχα-

2103 2090 2310 2165 ριστίαν
2353 2091 2770 2162 ἀποδεδώκαμεν
2789 2092 2833 2123 ³⁸
2863 2092 2939 2163 τῷ
2976 2091 3129 2162 Θεῷ.Δ
3160 2093 3360 2146 Πολλοῦ
3418 2112 3477 2147 τε
3517 2095 3679 2165 ὄχλου

2101 2162 2588 2253 συναθροισθέντος,
2658 2181 2866 2247 νόσους,
2913 2162 3099 2254 πάθη,
3172 2184 3429 2255 δαίμονας
3476 2162 3683 2242 ἀπελά-

2102 2290 2199 2337 σας
2232 2276 2261 2327 ὁ
2302 2274 2534 2346 Πέτρος,
2597 2274 2690 2327 καὶ
2757 2272 3024 2344 βαπτίσας
3079 2273 3324 2339 πολλοὺς,
3378 2276 3681 2349 Μαροώνην

2097 2366 2188 2418 τὸν
2242 2365 2636 2435 ἀποδεξάμενον
2652 2366 2697 2397 ’⁸
2743 2365 2925 2429 αὑτὸν,
2981 2365 3081 2437 ἤδη
3148 2365 3326 2419 λοιπὸν
3402 2367 3606 2421 τέλειον
3626 2369 3672 2399 ’³

2098 2459 2225 2512 ὅντα
2259 2498 2275 2523 ,
2352 2459 2650 2512 ἐπίσκοπον
2735 2459 3115 2528 καταστήσας,
3198 2458 3292 2510 καὶ
3371 2458 3674 2529 πρεσϐυτέ-

2101 2568 2229 2622 ρους
2272 2549 2478 2603 δώδεκα
2551 2549 2761 2621 ὁρίσας,
2822 2549 2917 2603 καὶ
2960 2548 3235 2612 διακόνους
3293 2548 3493 2615 δείξας,
3540 2549 3679 2622 ὑπέρ

2096 2660 2157 2696 τε
2193 2642 2287 2696 τοῦ
2322 2640 2498 2696 κοινοῦ
2530 2642 2622 2694 καὶ
2671 2640 3059 2712 συμφέροντος,
3083 2640 3176 2693 καὶ
3218 2641 3351 2712 περὶ
3386 2640 3488 2711 τῆς
3526 2641 3671 2694 κατά

2097 2735 2197 2807 τὴν
2245 2731 2579 2803 Ἐκκλησίαν
2635 2730 2841 2797 τάξεώς
2901 2748 2961 2784 τε
3012 2731 3107 2785 καὶ
3158 2732 3422 2804 ἁρμονίας
3480 2731 3674 2785 συλλα-

2098 2828 2268 2899 λήσας
2314 2823 2395 2897 τῷ
2452 2823 2756 2895 ἐπισκόπῳ,
2788 2826 2900 2887 τοῖς
2924 2823 2982 2877 ἐν
3006 2824 3260 2895 Τριπόλει
3293 2824 3393 2894 τῆς
3421 2824 3676 2895 Φοινίκης

2099 2915 2527 2988 ἀποταξάμενος,
2551 2916 2651 2988 τὴν
2682 2916 2777 2969 ἐπὶ
2820 2914 3156 2987 Ἀντιόχειαν
3190 2915 3292 2987 τῆς
3321 2916 3520 2987 Συρίας
3560 2916 3676 2969 όδδν

2101 3008 2411 3083 ἐπορεύετο.

496 3118 659 3174 LXX.
684 3118 731 3151 ”
748 3115 963 3188 Egressi
986 3130 1112 3170 vero
1129 3113 1390 3185 Tripolim
1403 3112 1717 3181 Phteniciae,
1729 3122 1789 3170 ut
1802 3113 1994 3168 Antio-

2167 3120 2328 3177 LXX.
2348 3120 2635 3184 Ἐκϐἀντες
2648 3122 2693 3155 ³⁵
2717 3118 2772 3172 δὲ
2799 3120 2899 3191 τὴν
2913 3119 3173 3192 Τρίπολιν
3196 3121 3294 3191 τῆς
3312 3120 3582 3192 Φοινίκης,
3600 3121 3680 3184 ὡς

425 3212 605 3268 chiam
654 3210 822 3282 Syria:
850 3208 1193 3271 veniremus;
1225 3220 1292 3261 eo
1342 3206 1430 3261 die
1464 3204 1736 3262 Orthosia:
1783 3206 1989 3261 mansi—

425 3320 550 3362 mus
585 3324 599 3359 :
636 3313 690 3358 et
719 3302 849 3373 quia
893 3308 978 3355 est
1009 3315 1176 3370 prope
1205 3299 1396 3354 urbem
1432 3314 1464 3354 e
1493 3315 1600 3369 qua
1628 3299 1834 3369 egressi
1871 3298 1989 3353 fue-

425 3412 644 3462 ramus,
669 3408 797 3451 cum
845 3406 1036 3448 omnes
1085 3388 1197 3446 fere
1236 3390 1635 3461 praedicationis
1672 3389 1993 3461 evangelicae

426 3503 734 3544 sermonem
758 3485 913 3556 prius
937 3482 1307 3548 audivissent;
1335 3498 1501 3536 unum
1528 3482 1670 3536 diem
1706 3482 1817 3536 illic
1843 3496 1994 3535 com-

427 3580 645 3643 morati,
696 3576 1034 3631 Antaradum
1087 3576 1345 3630 abiimus.
1379 3575 1541 3628 ‘Cum
1605 3582 1786 3627 autem
1837 3572 1993 3627 multi

424 3680 609 3728 essent
662 3670 945 3723 nobiscum
999 3666 1101 3720 iter
1148 3664 1429 3731 facientes,
1459 3663 1651 3719 Petrus
1679 3661 1920 3717 Nicetam
1942 3669 1997 3716 et

426 3764 679 3834 Aquilam
740 3759 1015 3814 allocutus
1073 3766 1178 3822 est,
1223 3756 1411 3810 dicens
1468 3770 1483 3808 :
1549 3752 1994 3822 Quandoquidem

426 3871 623 3925 magna
668 3851 1048 3907 comitantium
1099 3848 1412 3912 multitudo,
1446 3862 1553 3901 non
1585 3859 1807 3915 parvam
1860 3843 1999 3897 invi-

425 3947 570 4000 diam
598 3944 756 3999 nobis
788 3958 882 4012 per
906 3942 1067 3995 urbes
1096 3938 1427 3993 intrantibus
1452 3937 1710 4003 attrahit;
1747 3950 2000 3990 necessa-

426 4039 511 4095 rio
556 4037 859 4092 curandum
890 4050 1011 4090 esse
1053 4032 1317 4103 iudicavi,
1350 4041 1410 4085 ut
1446 4046 1622 4100 neque
1656 4030 1759 4099 ipsi
1792 4030 1999 4085 contri-

428 4138 662 4193 stentur,
697 4128 826 4183 dum
883 4126 1240 4196 prohibentur
1292 4139 1413 4178 esse
1465 4122 1789 4187 nobiscum;
1823 4137 2001 4192 neque

428 4237 549 4285 nos,
586 4220 713 4274 dum
771 4234 963 4273 sumus
1010 4216 1355 4287 spectabiles,
1388 4214 1512 4269 aliis
1573 4213 1874 4267 efficiamur
1899 4229 2001 4267 auo

429 4322 609 4367 ctores
668 4308 903 4363 invidiae.
974 4304 1243 4371 Quocirca
1298 4303 1424 4355 volo
1468 4311 1519 4356 te
1561 4301 1828 4362 Nicetam,
1895 4316 2001 4355 una

430 4420 555 4460 cum
586 4401 804 4471 Aquila,
837 4408 963 4453 ante
995 4411 1082 4451 me
1113 4396 1215 4451 iter
1241 4394 1459 4458 habere,
1493 4408 1589 4464 per
1617 4392 1756 4448 duos
1791 4393 1999 4463 globos,

429 4494 684 4567 sparsim.

2091 3216 2186 3272 ἐπὶ
2211 3213 2538 3284 Ἀντιόχειαν
2575 3211 2672 3281 τῆς
2696 3210 2895 3283 Συρίας
2921 3211 3119 3276 ἐλθεῖν,
3150 3212 3320 3283 αὐτῆς
3376 3212 3588 3283 ἡμέρας
3617 3212 3678 3263 ἐν

2105 3304 2370 3377 Ὀρθωσίᾳ
2419 3302 2741 3374 ἐμείναμεν’
2779 3302 2872 3355 καὶ
2914 3301 3004 3354 διὰ
3046 3301 3108 3355 τὸ
3154 3300 3385 3372 πλησίον
3439 3296 3577 3354 εἶναι
3609 3294 3677 3370 ἧς

2092 3400 2389 3472 ἐξήλθομεν
2430 3399 2655 3459 πόλεως,
2686 3397 2905 3450 πάντων
2935 3398 3120 3469 σχεδὸν
3149 3396 3572 3469 προακηκοὸτων
3606 3393 3678 3447 τά

2091 3492 2186 3546 τοῦ
2224 3489 2595 3562 κηρύγματος,
2637 3490 2764 3559 μιᾶς
2790 3489 3001 3559 ἡμέρας
3034 3492 3151 3542 ἐκεῖ
3186 3489 3487 3560 μείναντες,
3530 3487 3677 3557 ἀπή-

2095 3602 2267 3659 ραμεν
2292 3585 2371 3647 είς
2404 3582 2739 3653 Ἀντάραὸον.
2769 3582 2984 3637 Πολλῶν
3012 3584 3069 3637 δὲ
3090 3583 3202 3635 τῶν
3244 3580 3677 3652 συνοδοιπορούν-

2092 3692 2201 3728 των
2229 3674 2359 3745 ἡμῖν
2394 3672 2582 3735 ὄντων,
2615 3672 2644 3724 ό
2677 3672 2881 3745 Πέτρος
2914 3673 3127 3745 Νικήτῃ
3156 3674 3249 3727 καὶ
3282 3672 3478 3743 ’Δκύλᾳ
3516 3688 3675 3743 προσ·

2095 3764 2287 3836 ωμίλει
2320 3764 2509 3833 λέγων’
2546 3762 2765 3835 Ἐπειδὴ
2790 3765 2819 3817 ὁ
2852 3764 3018 3827 πολὺς
3046 3764 3201 3835 ὄχλος
3234 3764 3342 3817 τῶν
3373 3762 3676 3816 συνοδοιπο-

2099 3857 2332 3928 ρούντων
2357 3857 2425 3909 ού
2458 3854 2650 3926 μικρὸν
2680 3854 2870 3924 φθόνον
2909 3856 3136 3909 είσιοῦσι
3172 3854 3315 3909 κατὰ
3350 3856 3503 3907 πόαν
3544 3856 3673 3924 ἡμῖν

2098 3948 2414 4009 ἐπισπᾶται,
2448 3945 2757 4014 ἀναγκαίως
2808 3946 3125 4018 ἐσκεψάμην
3178 3946 3477 4016 φροντίσαι,
3527 3945 3668 4009 ὅπως

2103 4035 2237 4105 μήτε
2258 4026 2397 4088 οὗτοι
2419 4033 2697 4104 λυπηθῶσι
2730 4034 3063 4098 κωλυθέντες
3091 4038 3324 4089 συνεῖναι
3357 4036 3510 4106 ἡμῖν,
3536 4035 3668 4105 μήτε

2099 4127 2259 4195 ἡμεῖς
2291 4123 2638 4195 περίϐλεπτοι
2668 4124 2966 4195 γενόμενοι,
2999 4125 3190 4195 φθόνου
3220 4130 3332 4189 τοῖς
3372 4125 3549 4188 ἄλλοις
3571 4142 3668 4177 κα-

2099 4215 2380 4287 ταστῶμεν
2413 4215 2591 4268 αἴτιοι.
2644 4217 2845 4269 Τούτου
2886 4217 3046 4270 ἕνεκα
3080 4216 3337 4289 βούλομαί
3368 4234 3426 4269 σιε
3447 4218 3538 4270 τὸν
3573 4217 3669 4269 Νι-

2102 4311 2273 4382 κήτην
2302 4310 2415 4381 ἅμα
2454 4311 2671 4383 Ἀκύλᾳ,
2709 4310 3014 4382 προοδεύειν
3047 4328 3147 4382 μου
3185 4311 3323 4365 κατὰ
3353 4312 3667 4381 συστήματα

2101 4404 2194 4457 δύο
2231 4403 2521 4475 σποράδην.
3168 4400 3171 4403 ’

500 4585 689 4642 LXXI.
712 4583 820 4639 ista
865 4580 1028 4637 Petro
1069 4579 1304 4646 dicente,
1362 4575 1758 4647 responderunt
1785 4572 2000 4629 Nicetas

2173 4581 2354 4636 LXXI.
2371 4581 2553 4635 Ταῦτα
2575 4581 2667 4634 τοῦ
2690 4581 2893 4652 Πέτρου
2917 4582 3179 4644 εἰπόντος,
3204 4582 3561 4653 ἀπεκρίναντο
3576 4582 3667 4634 Νι-

428 4673 908 4748 et'AquilazNon
943 4672 1097 4727 valde
1148 4684 1270 4735 nos,
1315 4669 1564 4734 domine,
1609 4666 1894 4721 contristat
1945 4666 2000 4720 id

432 4785 614 4841 agere,
654 4766 914 4837 quoniam
962 4778 991 4816 a
1036 4770 1088 4814 te
1138 4760 1460 4828 imperatum
1492 4767 1595 4812 est.
1654 4755 1837 4811 Primo
1878 4755 2002 4825 qui-

433 4864 577 4926 dem,
602 4860 728 4930 quia
753 4856 845 4910 Dei
874 4852 1213 4926 providentia
1234 4851 1475 4905 delectus
1510 4864 1591 4911 es,
1615 4850 1708 4917 qui
1738 4847 1999 4902 merearis

433 4964 631 5009 cuncta
667 4950 929 5020 przeclare
960 4946 1203 5015 cogitare
1233 4951 1396 5012 atque
1434 4940 1719 4995 consulere
1757 4960 1770 4994 :
1799 4940 1995 4995 deinde

436 5042 721 5113 veroqnod
737 5041 1099 5110 utplurimum
1131 5035 1295 5089 biduo
1321 5049 1420 5087 nos
1446 5034 1546 5087 hoc
1570 5032 1747 5087 facere
1778 5048 2000 5086 necesse

436 5138 527 5204 sit,
575 5153 605 5190 a
648 5145 701 5190 te
748 5133 1036 5196 absentes;
1093 5126 1223 5182 illud
1266 5134 1447 5179 autem
1493 5124 1726 5194 spatium
1753 5122 2003 5192 quamvis

438 5230 657 5299 longum
711 5224 801 5289 sit,
847 5223 975 5276 dum
1033 5228 1085 5273 te
1134 5217 1414 5272 dominum
1448 5224 1694 5269 nostrum
1722 5230 1828 5267 non
1854 5213 2004 5266 vide-

439 5336 583 5385 mus,
610 5326 847 5371 attamen
880 5320 938 5366 ut
972 5311 1150 5381 juhrs,
1181 5306 1308 5375 quia
1341 5305 1472 5359 utile
1508 5313 1610 5365 est,
1640 5318 1746 5357 non
1783 5314 2003 5357 contra-

439 5412 691 5465 dicimus.
722 5405 845 5460 Haec
879 5413 1165 5474 postquam
1207 5398 1480 5458 dixerunt,
1513 5394 1809 5463 antegressi
1851 5404 1997 5447 sunt.

2100 4675 2269 4745 κήτης
2290 4675 2379 4726 καὶ
2395 4673 2640 4735 Ἀκύλας·
2671 4674 2744 4725 Οὐ
2768 4673 2907 4726 πάνυ
2937 4675 3104 4744 ἡμᾶς,
3123 4675 3300 4744 κύριε,
3319 4675 3477 4727 λυπεῖ
3506 4674 3665 4727 τοῦτο

2102 4760 2379 4832 πράττειν,
2397 4761 2483 4813 διὰ
2520 4760 2582 4813 τὸ
2608 4761 2712 4815 ὑπὸ
2735 4761 2826 4814 σού
2856 4761 3266 4833 προστετάχθαι.
3294 4762 3510 4833 Πρῶτον
3544 4762 3661 4832 μὲν,

2099 4853 2179 4905 ὅτι
2211 4852 2383 4904 πάντα
2415 4852 2594 4915 καλῶς
2622 4855 2760 4906 νοεῖν
2787 4870 2845 4905 τε
2874 4853 2965 4905 καὶ
2990 4852 3373 4921 συμϐουλεύειν
3400 4853 3546 4917 ἄξιος
3566 4852 3661 4914 ὣν,

2104 4943 2207 4996 ὑπὸ
2234 4943 2330 5012 τῆς
2358 4941 2450 4994 τοῦ
2474 4941 2608 4995 Θεοῦ
2638 4941 2891 5013 προνοίας
2923 4940 3194 5011 ἐξελέγης·
3236 4943 3422 4994 ἔπειτα
3464 4942 3542 5001 δὲ,
3582 4943 3662 4995 ὅτι

2101 5033 2175 5096 ὼς
2202 5034 2430 5087 ἐπιπολὺ
2462 5033 2680 5104 ἡμερῶν
2712 5033 2804 5085 δύο
2828 5033 3035 5103 ἀνάγκη
3064 5031 3220 5085 τοῦτο
3246 5033 3501 5102 πράττειν
3519 5034 3661 5102 ἡμᾶς

2100 5123 2639 5194 ἀπολιμπανομένους
2666 5140 2758 5175 σου
2781 5140 2794 5154 °
2827 5124 2919 5177 καὶ
2961 5120 3116 5177 αὗται
3140 5124 3196 5177 δὲ
3224 5124 3411 5177 πολλαὶ
3433 5124 3567 5195 πρὸς
3602 5124 3663 5176 τὸ

2108 5217 2181 5285 μή
2217 5232 2275 5266 σε
2304 5215 2397 5267 τὸν
2441 5216 2626 5286 κύριον
2652 5212 2806 5285 ήμῶν
2848 5214 3104 5285 καθορᾷν,
3155 5215 3291 5285 πλὴν
3315 5215 3389 5278 ὡς
3425 5215 3665 5278 κελεύεις

2098 5305 2184 5357 διὰ
2220 5305 2280 5357 τὸ
2310 5305 2583 5376 συμφέρον
2631 5307 2729 5358 οὐκ
2752 5305 3119 5372 ἀντιλέγομεν.
3182 5306 3364 5360 Ταῦτα
3395 5307 3654 5369 εἰπόντες,

2106 5414 2143 5446 π
2150 5413 2359 5466 ροηγον.

1720 5559 1948 5613 VARle
1982 5559 2265 5614 ΙΕΕἸἸΟῙΝ
2274 5561 2377 5617 ES.

584 5666 624 5695 ¹⁸
655 5664 837 5717 Matth.
883 5677 1037 5723 mn,
1066 5658 1157 5711 ‘25.

434 5734 823 5811 ἀποδεδώκασι.
881 5735 923 5763 ³³
952 5733 1023 5785 al.
1065 5726 1475 5795 ὑποδεξάμενον.

438 5822 555 5859 ουν.

1237 5659 1277 5687 ἐ’
1330 5660 1556 5715 Clemtut
1592 5698 1603 5714 .
1646 5657 1793 5709 Ιιοιιι.
1854 5671 1908 5719 κ,
1943 5672 1990 5707 ί·
2043 5656 2129 5708 55.
2188 5661 2329 5722 Rea,
2358 5658 2391 5710 l.
2431 5672 2506 5717 vl.
2548 5657 2712 5713 c.15.

1557 5726 1601 5758 ³³
1649 5729 1898 5788 Cleruent,
1912 5766 1925 5789 ,
1976 5726 2000 5779 h

2111 5770 2118 5776 .
2162 5742 2258 5792 xu,
2297 5743 2345 5780 c.
2380 5728 2433 5793 1,
2475 5737 2577 5782 etc.
2645 5731 2891 5803 liccagm,
2928 5730 2961 5781 I.
3015 5726 3111 5795 vit,
3145 5726 3195 5783 c.
3236 5726 3294 5797 l,'
3321 5744 3422 5784 etc.

2825 5658 2871 5689 ’°
2902 5660 2971 5732 al.
3007 5660 3417 5732 εὐχαριστήσας.
3492 5666 3531 5694 ³⁸
3585 5666 3654 5715 at.

3505 5734 3550 5766 “
3580 5739 3655 5787 at.
