4048 6146
252 358 340 414 Eii

1027 339 1489 401 CLEMENTINA.
1530 368 1602 378 ρ-
1637 322 1939 390 ΕΡΙΤΟΜΕ
1979 318 2070 381 DE
2107 313 2349 382 CESTIS
2391 325 2446 379 s.
2487 322 2712 378 PETRI.

3399 321 3502 377 59.9.

320 466 530 525 LXXII.
572 459 952 538 Πορευθέντων
1004 457 1098 516 οῦν
1147 458 1361 522 αὐτῶν,
1422 453 1534 525 ἐγὼ
1594 453 1825 523 Κλήμης

1997 443 2207 498 LXXII.
2252 442 2346 499 His
2373 443 2538 513 igitur
2564 440 2843 512 profectis,
2875 448 2977 507 ego
2997 437 3252 492 Clemens
3280 437 3502 507 gavisus

255 563 489 634 ἔχαιρον,
528 560 613 612 ὅτι
651 559 750 611 σὺν
794 551 944 625 αὐτῷ
985 569 1050 625 με
1087 551 1375 606 ἐκέλευσεν
1406 544 1566 634 εἶναι.
1614 542 1829 614 Ἀμέλει

255 629 347 710 ,ίάι
368 629 504 725 πρὸς
527 651 688 706 αὑτὸν
715 644 884 702 εἶπονο
910 645 1234 718 Εὑχαριστῶ
1253 642 1331 715 τῷ
1358 640 1496 712 Θεῷ,
1526 629 1610 693 ὅτι
1643 655 1708 709 με
1729 636 1830 688 οὐκ

256 743 640 813 ἐξαπέστειλας
679 740 755 804 ὡς
793 739 920 802 τοὺς
956 737 1202 809 ἑταίρους
1222 735 1290 799 ³⁵,
1330 734 1453 786 ἐπεὶ
1499 727 1832 798 ὀδυνώμενος

257 836 320 891 ἂν
358 835 813 906 διαπεφωνήκειν.
865 832 922 886 '0
952 829 1010 883 δὲ
1040 829 1164 901 ἔφη·
1200 826 1266 881 Τί
1306 824 1414 880 δαί·
1450 823 1499 876 εί
1543 821 1637 875 καὶ
1672 817 1833 890 χρεία

255 945 339 992 τις
371 929 524 982 ἔσται
553 923 869 998 πεμφθῆναί
898 921 958 976 σέ
991 937 1116 986 που,
1159 921 1222 974 σὺ
1257 917 1346 972 διὰ
1375 916 1438 969 τὸ
1479 909 1614 986 πρὸς
1654 908 1832 980 ὀλίγον

254 1018 722 1091 ἀπολιμπάνεσθαί
745 1035 848 1090 μου
869 1013 1273 1086 συμφερόντως,
1283 1008 1380 1063 ’διὰ
1399 1007 1558 1061 τοῦτο
1577 1004 1827 1075 τεθνήξῃς

249 1111 370 1181 οὐχὶ
391 1111 450 1164 δὲ
482 1108 888 1182 προσομιλήσας
923 1103 1154 1174 σεαυτῷ,
1188 1098 1376 1172 φέρειν
1404 1097 1474 1151 τὰ
1499 1098 1586 1151 διὰ
1611 1095 1710 1168 τὴν
1741 1095 1834 1148 ἀν-

252 1202 427 1274 άγκην
453 1218 537 1255 σοι
569 1198 1040 1272 προσταττόμενα,
1071 1185 1322 1266 εὐθύμως
1354 1191 1630 1254 ὐποίσεις;
1666 1185 1700 1259 ἢ
1731 1187 1832 1240 οὐκ

253 1291 426 1360 οἶδας,
478 1294 560 1346 ὅτι
597 1291 833 1345 σύνεισιν
875 1289 924 1341 oi
955 1287 1098 1357 φίλοι
1133 1286 1252 1348 ταῖς
1295 1283 1553 1354 μνήμαις,
1589 1279 1691 1332 κᾶν
1722 1279 1834 1339 τοῖς

255 1383 502 1456 σώμασιν
535 1381 757 1436 ἐκείνων
779 1377 1284 1450 ἀπολιμπάνωνται,
1317 1374 1392 1437 ὠς
1422 1372 1551 1425 ἔνιοι
1588 1370 1835 1432 ωνὸντες

261 1478 364 1539 tot;
395 1473 636 1545 σώμασι,
667 1472 882 1546 μακρὰν
915 1471 1254 1542 ἀφεστήκασι
1286 1468 1406 1528 ταῖς
1425 1465 1658 1534 ψυχαῖς-ς

323 1564 557 1618 LXXIII.
598 1563 769 1632 Κάγὼ
807 1561 1206 1634 ἀπεκρινάμηνδ
1255 1557 1411 1610 Ἀλλά
1457 1555 1529 1626 μή
1585 1570 1650 1625 με
1685 1552 1835 1622 νομίι-

253 1667 372 1730 alia
410 1656 591 1728 κύριε,
637 1656 718 1708 ὅτι
752 1655 820 1707 τά
857 1652 1034 1726 λύπης
1064 1651 1292 1723 πάσχειν
1324 1649 1544 1721 ἔμελλον
1576 1644 1833 1717 ἀνοήτως,

253 1751 390 1804 ἀλλά
419 1751 515 1804 καὶ
545 1748 684 1802 πάνυ
714 1745 889 1820 ὀρθῶς
917 1745 1093 1817 ἔχοντι
1136 1742 1401 1814 λογισμῷ.
1441 1735 1594 1795 Ἐπεὶ
1633 1739 1741 1811 γάρ
1777 1755 1834 1791 σε

1930 553 2076 605 sum,
2106 553 2230 592 eum
2265 551 2354 591 me
2383 549 2569 591 secum
2605 546 2726 588 esse
2754 530 3012 585 voluisse.
3044 528 3232 599 Itaque
3271 528 3336 583 ad
3375 543 3502 583 eum

1930 630 2084 686 dixi:
2115 629 2332 684 Gratias
2359 641 2461 699 ago
2501 627 2630 690 Deo,
2673 623 2818 695 quod
2867 636 2955 678 me
2993 625 3100 676 non
3134 620 3406 688 emiseris,
3445 629 3506 676 ut

1932 722 2148 778 sodales
2172 731 2188 788 ‘;
2231 737 2357 775 nam
2382 735 2494 790 prae
2523 719 2710 773 dolore
2733 723 2959 771 enectus
2989 713 3233 769 fuissem.
3280 713 3372 768 Ille
3410 729 3506 770 νου

1932 830 1994 870 ro
2023 830 2037 866 :
2070 813 2213 880 Quid
2242 822 2448 878 autem,
2478 809 2678 882 inquit,
2704 809 2750 865 si
2781 822 2904 879 qua:
2945 805 3244 861 necessitas
3277 806 3504 876 jusserit

1932 915 1991 961 ut
2013 907 2198 976 aliquo
2226 903 2498 971 mittaris;
2525 911 2581 958 tu
2611 903 2739 973 quia
2770 898 3087 970 aliquandiu
3118 913 3147 952 a
3181 911 3268 952 me
3299 898 3504 951 utiliter

1933 997 2044 1052 eris
2068 1005 2376 1067 separatus,
2404 995 2526 1048 ideo
2561 991 2850 1047 morieris?
2878 988 3067 1043 Nonne
3088 989 3290 1058 potius,
3325 995 3502 1041 tecum

1932 1099 2216 1161 reputans,
2235 1089 2455 1146 ferenda
2477 1103 2598 1144 esse
2619 1102 2746 1158 qum
2766 1094 2990 1157 prepter
3015 1085 3393 1140 necessitatem
3415 1084 3507 1152 jn-

1932 1183 2097 1248 beris,
2141 1197 2299 1252 aequo
2326 1181 2512 1237 animo
2550 1174 2727 1235 feres?
2764 1179 2871 1232 Aut
2908 1177 3090 1232 nescis
3155 1176 3361 1230 amicos
3397 1190 3507 1230 una

1933 1289 2056 1330 esse
2086 1266 2487 1336 recordatione,
2525 1273 2652 1328 licet
2681 1270 3007 1340 corporibus
3043 1269 3186 1323 inter
3212 1283 3270 1322 se
3300 1268 3510 1338 disjun-

1943 1375 2144 1439 gantur
2162 1383 2176 1433 ;
2207 1366 2346 1422 sicut
2372 1365 2623 1420 nonnulli
2641 1363 2961 1434 corporibus
2977 1368 3294 1432 presentes,
3310 1361 3510 1417 animis

1933 1459 2127 1527 procul
2149 1467 2278 1514 sunt
2301 1455 2517 1513 dissiti?

2006 1550 2240 1606 LXXIII.
2277 1550 2344 1604 Et
2364 1564 2464 1622 ego
2494 1548 2748 1619 respondi
2787 1565 2800 1601 :
2831 1540 3033 1601 Verum
3058 1561 3127 1602 ne
3149 1545 3217 1602 de
3247 1562 3333 1602 me
3357 1546 3506 1602 arbi-

1937 1641 2135 1706 treris,
2177 1641 2416 1708 domine,
2454 1636 2598 1710 quod
2651 1640 2813 1695 ismm
2859 1651 3149 1694 maerorem
3194 1638 3512 1709 insipienter

1938 1733 2040 1788 sim
2056 1747 2437 1805 perpessurus,
2460 1732 2708 1801 quinimo
2725 1731 3017 1786 admodum
3038 1737 3184 1786 recte
3204 1747 3263 1786 se
3282 1731 3513 1786 habente

253 1842 379 1894 ἀντὶ
414 1840 633 1893 πάντων
668 1837 910 1908 εἱλόμην,
954 1836 1160 1906 πατρὸς
1195 1835 1289 1888 καὶ
1332 1831 1554 1903 μητρὸς,
1595 1829 1838 1898 ἀδελφῶν

1941 1823 2169 1877 ratione.
2208 1822 2481 1888 Quoniam
2537 1821 2684 1876 enim
2726 1829 2778 1877 te
2819 1837 2918 1892 pro
2976 1823 3234 1878 omnibus
3287 1826 3506 1894 accepi,

253 1932 376 2003 ἃμα
415 1930 511 1985 καὶ
564 1929 839 1998 συγγενῶν
861 1969 877 1994 ,
931 1928 1102 1982 αῐτιόν
1148 1939 1239 1998 μοι
1278 1925 1563 1996 γενόμενον
1610 1917 1698 1976 διὰ
1752 1918 1842 1975 τὸν

251 2016 388 2076 Θεὸν
415 2022 516 2093 τῆς
540 2019 814 2091 σωζούσης
839 2019 1112 2090 ἀληθείαςδ
1147 2017 1288 2071 οὕτω
1317 2015 1411 2070 καὶ
1439 2011 1507 2088 ἦς
1533 2013 1755 2086 ἔμελλον
1780 2015 1842 2066 ἐκ

255 2113 480 2167 πάντων
512 2109 804 2163 ἀπολαύειν
833 2099 1204 2180 παραμυθίας,
1237 2105 1325 2159 διὰ
1365 2104 1458 2158 σοῦ
1501 2104 1662 2176 μόνου
1706 2117 1841 2173 καρδ

257 2203 494 2274 ποῦμαι.
526 2203 748 2256 Δέδοικα
780 2201 888 2273 γὰρ
907 2200 1041 2264 ὅλως
1073 2195 1462 2269 ἀπολειφθῆναι
1491 2213 1605 2260 σου,
1635 2196 1841 2267 μήποτε

251 2297 344 2350 διὰ
375 2297 477 2368 τὴν
507 2297 571 2349 ἐκ
601 2295 700 2366 τῆς
728 2289 943 2366 ἡλικίας
977 2293 1181 2365 ἀκμὴν,
1215 2290 1390 2362 ἥττων
1423 2280 1716 2359 ἐπιθυμίας
1754 2277 1844 2355 γέ-

253 2405 458 2460 νωμαι.
481 2387 591 2441 Καὶ
618 2386 708 2439 διά
731 2385 890 2438 τοῦτο
919 2383 1093 2446 οὕτως
1121 2381 1423 2442 ἐνστάσεως
1456 2378 1584 2449 ἔχω,
1615 2372 1690 2440 ὡς
1719 2377 1844 2429 ἀποδ

256 2464 454 2551 στῆναί
504 2494 596 2530 σου
645 2472 904 2530 ἀδύνατον
948 2471 1114 2534 εἶναι,
1167 2473 1215 2525 εί
1257 2472 1330 2542 μὴ
1364 2469 1506 2524 κατά
1533 2484 1656 2522 τινα
1689 2465 1843 2536 χόλον

252 2570 396 2624 Θεοῦ
430 2567 590 2622 τοῦτο
621 2567 863 2638 γένηται.
893 2559 1004 2620 Καὶ
1032 2565 1138 2635 γὰρ
1172 2554 1452 2635 μέμνημαί
1484 2573 1576 2614 σου
1612 2560 1670 2612 ἐν
1702 2560 1840 2613 Και-

254 2659 460 2732 σαρείᾳ
489 2659 750 2722 είπόντοςδ
787 2650 856 2710 EI
879 2656 965 2720 τίς
998 2673 1089 2727 μοι
1123 2649 1370 2725 βούλεται
1398 2651 1733 2714 συνοδεῦσαι,
1762 2647 1843 2704 εὐ⁴

251 2751 434 2814 σεὸῶς
475 2751 570 2804 καὶ
599 2750 944 2803 ωνοδευὲτω.
973 2742 1228 2810 Εὖσεὸῶς
1255 2745 1312 2800 δὲ
1344 2744 1498 2816 ἔφης,
1538 2742 1600 2797 τὺ
1638 2737 1843 2815 μηδένα

247 2838 500 2914 λυπῆσαι
521 2840 662 2894 κατά
679 2836 830 2905 Θεὸν,
859 2835 990 2904 οἷον,
1011 2833 1345 2893 ἀπολιπόντα
1370 2838 1566 2906 γονεῖς,
1587 2837 1838 2906 γυναῖκα,

250 2935 394 3008 πρὸς
423 2934 490 2988 δὲ
510 2971 524 2998 ,
572 2929 666 2987 καὶ
696 2926 918 3005 ἐτέρους
958 2931 1111 2996 τινὰς
1137 2932 1247 2984 τῶν
1275 2929 1516 2984 εὐσεὸεϊν
1552 2925 1837 2999 ἑλομένων.

252 3026 423 3081 Ὅθεν
466 3024 582 3094 ἐγὼ
617 3023 760 3079 κατά
800 3025 979 3079 πάντα
1006 3023 1309 3095 ἐπιτήδειός
1340 3019 1454 3092 είμί
1488 3035 1572 3075 σοι
1607 3019 1841 3073 συνοδοιαι

249 3118 444 3190 ¹πόρος,
562 3109 657 3169 καὶ
687 3115 756 3169 τά
797 3115 1028 3186 μέγιστα
1058 3113 1276 3186 χαρίζῃ,
1317 3115 1365 3166 εί
1387 3109 1432 3146 *⁸
1458 3111 1558 3176 τὰς
1587 3111 1696 3165 τῶν
1725 3109 1843 3166 δού-

247 3202 359 3264 λων
387 3208 697 3278 ὑπηρεσίας
728 3209 1044 3279 ἐπιτρέποις
1063 3209 1255 3259 ποιεῖν.

323 3301 552 3360 LXXIV
611 3304 722 3357 Kal.
749 3305 778 3356 ὁ
809 3300 1016 3374 Πετρος
1060 3301 1324 3364 ἀκούσας,
1369 3299 1507 3372 μετά
1535 3300 1680 3364 τινός
1710 3313 1842 3371 φησι

253 3399 638 3470 μειδιάματοςο
687 3394 752 3447 Τί
779 3389 871 3447 οὖν
897 3393 1029 3455 οἴει,
1062 3392 1258 3462 Κλήμη
1278 3432 1292 3454 ,
1331 3391 1403 3462 μὴ
1435 3384 1527 3444 ὐπ’
1555 3390 1724 3461 αὐτῆς
1753 3391 1846 3442 ἀνι

251 3492 455 3562 άγκης.
490 3489 571 3550 είς
606 3485 807 3540 δούλων
854 3497 911 3537 σε
953 3483 1185 3552 ταγῆναι
1221 3479 1421 3546 τόπον;
1459 3477 1582 3535 ἐπεὶ
1625 3481 1708 3544 τίς
1746 3480 1845 3544 τάς

250 3571 433 3642 καλάς
487 3593 576 3647 μοι
619 3575 714 3628 καὶ
750 3574 950 3636 πολλάς
989 3571 1227 3636 σινδόνας
1262 3571 1399 3643 μετά
1434 3571 1542 3624 τῶν
1568 3569 1846 3642 ἑπομένων

249 3668 566 3726 δακτυλίων
609 3669 703 3721 καὶ
750 3664 860 3719 τῶν
898 3661 1260 3736 ὑποδημάτων
1299 3662 1622 3734 quidam";
1667 3661 1760 3724 Τίς
1787 3657 1845 3715 δὲ

255 3763 360 3818 καὶ
389 3760 465 3813 τὰ
497 3752 629 3829 ἡδέα
659 3753 754 3812 καὶ
785 3754 1048 3828 πολυτελῆ
1079 3755 1185 3826 ὖψα
1207 3755 1624 3828 προετοιμάσει;
1658 3753 1694 3807 ἆ
1724 3770 1844 3806 τινα

251 3849 488 3906 ποικίλα
527 3847 654 3901 ὄντα
699 3846 908 3902 πολλῶν
932 3847 1101 3900 δεῖται
1133 3846 1227 3900 καὶ
1251 3843 1516 3916 τεχνικῶν
1545 3843 1840 3915 μαγείρων·

251 3942 355 3997 καὶ
393 3938 576 3992 πάντα
606 3934 808 4002 ἐκεῖνα,
843 3937 944 3991 ὅσα
983 3929 1059 4000 ὼς
1103 3935 1275 4008 θηρίῳ
1306 3933 1526 4007 μεγάλῳ
1559 3933 1625 4005 τῇ
1659 3931 1845 3986 ἐπιθυε·

254 4034 360 4105 μία
397 4028 908 4101 προευτρεπίζεται.
943 4027 1089 4098 Πλὴν
1185 4025 1407 4098 τοιαύτη
1438 4042 1498 4078 σε
1529 4025 1845 4097 προαίρεσις

251 4115 616 4190 ὖπεισῆλθεν,
669 4119 801 4182 ίσως
848 4118 922 4190 μὴ
970 4117 1241 4181 συνιέντα,
1293 4114 1388 4171 καὶ
1426 4115 1519 4170 τὸν
1564 4116 1694 4187 ἐμὸν
1741 4116 1842 4184 ἀγ·-

248 4214 494 4269 νοοῦντα
539 4212 670 4282 βίον,
715 4212 800 4264 ὅτι
843 4210 993 4282 ᾶρτῳ
1223 4209 1318 4264 καὶ
1359 4207 1563 4272 ἐλαίαις
1601 4209 1840 4280 χρῶμαι,

252 4308 355 4362 καὶ
399 4305 646 4368 σπανίως
663 4304 709 4336 ’⁸
742 4303 1012 4374 λαχάνοις³
1075 4303 1170 4356 καὶ
1218 4304 1299 4356 ὅτι
1347 4295 1564 4374 ἱμάτιόν
1614 4315 1703 4372 μοι
1749 4301 1844 4356 καὶ
1889 4303 1895 4310 “

248 4394 553 4470 τριϐώνιον
584 4394 643 4448 ἓν
673 4395 790 4447 ἐστι
818 4394 976 4447 τοῦτο
997 4395 1040 4428 ’⁸
1074 4386 1224 4455 αὐτὸ,
1245 4393 1274 4446 ὃ
1301 4387 1718 4465 περιϐέϐλημαι,
1748 4392 1844 4446 καὶ

249 4486 457 4560 ἐτέρου
511 4485 700 4558 χρείαν
734 4485 835 4539 οὐκ
871 4482 1000 4555 ἔχω,
1039 4485 1158 4572 οὐδὲ
1185 4484 1360 4539 ἄλλων
1394 4484 1576 4538 τινῶν·
1620 4480 1708 4538 Ἑν
1734 4483 1843 4556 γὰρ
1874 4513 1918 4572 D

248 4579 484 4639 τούτοις
511 4572 606 4631 καὶ
637 4575 1051 4648 περισσεύομαι.
1105 4570 1163 4629 ⁸0
1189 4575 1314 4640 νοῦς
1344 4577 1455 4648 γάρ
1497 4593 1598 4646 μου
1623 4575 1692 4629 τὰ
1729 4576 1845 4629 ἐκεῖ

251 4670 448 4723 πάντα
474 4667 617 4738 ὁρῶν
642 4664 837 4721 αἰώνια
863 4666 1062 4735 ἀγαθὰ,
1090 4666 1199 4720 τῶν
1225 4666 1460 4722 ἐνταῦθα
1484 4667 1696 4729 οὐδενὸς
1721 4670 1843 4724 ἐπι-

252 4759 586 4833 στρέφεται.
621 4758 810 4829 Ὅμως
854 4757 948 4811 σοῦ
999 4751 1098 4829 μὲν
1138 4758 1238 4829 τὴν
1276 4759 1485 4830 ἀγαθὴν
1528 4755 1845 4831 προαίρεσιν

249 4849 625 4918 ἀποδέχομαι,
643 4849 736 4902 καὶ
757 4845 1051 4920 θαυμάζων
1080 4847 1306 4911 ἐπαινῶ,
1339 4847 1454 4911 πῶς
1486 4849 1624 4920 ἀνὴρ
1654 4852 1718 4902 ὲκ
1751 4863 1847 4903 πο-

247 4937 506 4997 λυτελῶν
534 4937 671 4991 ἐθῶν
699 4937 979 5010 ὑπάρχων,
1016 4933 1213 5009 ῥᾳδίως
1241 4940 1354 5000 τοῖς
1395 4938 1710 5006 ἀναγκαίοις
1753 4939 1846 4994 τὸν

253 5027 502 5088 σεαυτοῦ
550 5025 862 5100 ὑπήλλαξας
911 5028 1047 5100 βίον.
1100 5027 1290 5098 Ἡμεῖς
1345 5028 1456 5099 γὰρ
1508 5030 1574 5082 ἐκ
1616 5030 1842 5098 παίδων,

250 5120 373 5194 ἐγώ
391 5139 457 5177 τε
491 5121 586 5176 καὶ
627 5121 876 5192 Ἀνδρέας
904 5122 934 5174 ὁ
960 5119 1235 5190 σύναιμος,
1260 5119 1322 5172 οὐ
1351 5120 1510 5191 μόνον
1535 5122 1594 5175 ἐν
1611 5121 1846 5195 ὀρφανία

249 5211 589 5288 τραφέντες,
623 5213 760 5267 ἀλλά
803 5214 898 5266 καὶ
940 5207 1046 5266 ὑπὸ
1087 5211 1276 5274 πενίας
1315 5212 1398 5275 είς
1440 5212 1699 5282 ἐργασίαν
1731 5213 1842 5266 ἐθι-

249 5309 491 5370 σθέντες
524 5306 601 5372 ³⁸,
650 5303 909 5378 εὐμαρῶς
954 5306 1192 5379 φέρομεν
1222 5306 1317 5361 νῦν
1348 5305 1448 5369 τάς
1480 5307 1695 5378 μακρὰς
1722 5310 1844 5360 ταύα

250 5418 360 5464 τας
392 5397 731 5471 ὁδοιπορίας.
781 5398 942 5452 Ὅθεν
981 5400 1029 5451 εί
1051 5399 1282 5454 ἐπείθου
1315 5415 1428 5470 μοι,
1466 5400 1589 5472 ἐμοὶ
1616 5400 1681 5454 ἂν
1713 5415 1844 5470 συγ·

255 5493 608 5565 κεχωρήκεις
639 5491 708 5546 τὰ
737 5491 936 5545 δούλων
958 5491 1309 5564 ἀποπληροῦν
1341 5509 1441 5546 σοι.

1941 1932 2042 1988 pro
2073 1924 2244 1987 patre,
2282 1925 2477 1983 matre,
2517 1912 2798 1977 fratribus,
2849 1921 2903 1972 et
2956 1917 3232 1990 cognatis;
3281 1919 3373 1990 qui
3417 1935 3513 1990 per

1944 2009 2114 2063 Deum
2151 2016 2344 2064 auctor
2371 2008 2504 2063 mihi
2528 2008 2700 2074 fuisti,
2735 2017 2794 2063 ut
2825 2010 3136 2079 agnoverim
3162 2012 3511 2067 servatricem

1942 2100 2222 2155 veritatem
2256 2099 2376 2156 :sic
2415 2108 2468 2160 et
2503 2101 2898 2166 consolatione,
2942 2115 3107 2171 quam
3145 2102 3213 2158 ab
3257 2102 3513 2157 omnibus

1943 2201 2340 2248 consecuturus
2373 2191 2620 2256 fuissem,
2660 2207 2758 2262 per
2799 2200 2851 2248 te
2891 2205 3060 2248 unum
3095 2193 3267 2247 fruor.
3311 2188 3514 2248 Vereor

1943 2283 2145 2353 quippe
2187 2283 2414 2338 omnino
2437 2299 2465 2338 a
2491 2292 2543 2339 te
2567 2283 2758 2339 abesse
2777 2319 2792 2350 ,
2822 2299 2890 2338 ne
2911 2299 3006 2354 per
3028 2283 3202 2339 aetatis
3224 2284 3511 2353 fervorem,

1945 2389 1976 2428 ιι
1993 2375 2288 2444 cupiditate
2309 2376 2518 2430 vincar.
2539 2374 2604 2430 Et
2629 2375 2750 2430 ideo
2777 2376 2848 2430 ita
2879 2375 2932 2430 in
2964 2375 3207 2429 animum
3228 2376 3436 2441 induxi,
3457 2385 3516 2430 ut

1944 2483 1974 2522 a
2007 2476 2058 2522 te
2080 2484 2190 2522 non
2223 2467 2430 2539 possim
2457 2467 2754 2536 discedere,
2785 2466 2891 2523 nisi
2923 2467 3030 2522 hoc
3069 2467 3251 2523 divina
3266 2467 3512 2538 quadam

1943 2561 2025 2616 ira
2054 2563 2292 2618 eveniat.
2327 2560 2535 2617 Etenim
2562 2560 2784 2616 memini
2811 2568 2864 2616 te
2887 2560 3150 2617 Caesareae
3181 2560 3362 2616 dicere
3402 2572 3415 2613 :
3455 2557 3514 2614 Si

1943 2653 2068 2724 quis
2102 2653 2217 2707 vult
2245 2669 2456 2709 meeum
2497 2653 2599 2707 iter
2632 2650 2834 2720 facere,
2881 2653 2966 2724 pie
3004 2668 3225 2724 quoque
3261 2667 3370 2708 una
3412 2652 3516 2707 iter

1944 2745 2141 2800 habeat
2172 2764 2186 2800 ι
2214 2744 2302 2816 pie
2343 2755 2522 2801 autem
2549 2743 2768 2801 dicebas
2802 2759 2942 2813 esse,
2985 2745 3257 2799 neminem
3277 2729 3514 2801 tristitia

1942 2839 2239 2894 secundum
2269 2835 2440 2893 Deum
2469 2837 2702 2905 allicere,
2735 2837 2900 2892 veluti
2937 2836 3298 2907 relinquendo
3326 2851 3517 2908 paren-

1941 2943 2044 2998 tes,
2085 2945 2334 2998 uxorem,
2369 2944 2472 2986 nec
2501 2946 2609 2985 non
2641 2931 2778 2986 alios
2805 2931 2948 3000 piam
2983 2930 3153 2984 vitam
3190 2940 3516 2986 consectatio

1943 3031 2044 3078 tes.
2075 3017 2230 3078 Unde
2255 3037 2355 3094 ego
2376 3034 2603 3095 prorsus
2624 3023 2720 3080 tibi
2745 3039 2866 3080 sum
2885 3029 3044 3093 aptus
3073 3023 3287 3080 itineris
3307 3039 3512 3090 comes,

1944 3127 1975 3170 a
2003 3130 2113 3185 quo
2143 3123 2198 3169 et
2229 3114 2523 3169 maximam
2545 3113 2709 3170 inibis
2739 3115 2991 3186 gratiam,
3014 3113 3061 3172 si
3077 3113 3379 3171 ministeria
3397 3130 3516 3170 ser-

1942 3221 2136 3260 vorum
2169 3204 2320 3260 obire
2339 3205 2670 3274 permiseris.

2017 3291 2252 3349 LXXIV.
2293 3291 2409 3349 Hoc
2433 3295 2642 3363 audito,
2667 3291 2884 3363 Petrus,
2913 3312 3037 3352 cum
3067 3295 3175 3351 leni
3197 3297 3314 3353 risu
3340 3297 3513 3354 dixit:

1944 3385 2086 3452 Quid
2108 3400 2238 3456 ergo
2268 3395 2449 3456 putas,
2481 3385 2754 3454 Clemens,
2788 3388 2934 3458 quod
2962 3403 3070 3442 non
3095 3396 3149 3444 te
3174 3388 3290 3460 ipsa
3323 3405 3517 3445 neces-

1944 3479 2081 3535 sitas
2110 3477 2162 3532 in
2187 3493 2470 3534 servorum
2505 3478 2750 3535 ordinem
2791 3463 3031 3551 rediget?
3064 3476 3199 3535 Nam
3223 3480 3346 3551 quis
3379 3481 3515 3536 mihi

1943 3571 2216 3638 elegantes
2237 3586 2303 3625 ac
2325 3570 2526 3626 multas
2552 3569 2810 3627 sindones
2834 3587 2927 3628 seu
2952 3582 3131 3628 vestes
3155 3572 3370 3638 linteas,
3387 3589 3514 3630 cum

1945 3661 2214 3732 adjunctis
2244 3662 2461 3719 annulis
2489 3671 2544 3718 et
2565 3661 2761 3720 calceis
2783 3663 3096 3720 custodiet?
3130 3664 3266 3732 Quis
3301 3679 3434 3722 vero
3459 3675 3518 3724 et

1945 3757 2134 3812 suavia
2173 3755 2554 3826 exquisitaque
2590 3755 2819 3812 obsonia
2845 3757 3207 3827 pra-parabit?
3235 3773 3356 3828 quae
3387 3773 3512 3813 cum

1943 3849 2094 3903 varia
2119 3849 2250 3915 sint,
2279 3847 2481 3903 multos
2517 3862 2583 3904 ac
2611 3848 2842 3906 solertes
2869 3863 3079 3919 coquos
3119 3852 3435 3920 postulant:
3460 3862 3515 3907 et

1944 3938 2127 3993 omnia
2150 3937 2263 4005 illa,
2294 3953 2417 4008 qua:
2440 3947 2700 4009 tanquam
2735 3938 2960 3995 immani
2991 3940 3199 4007 bestiae,
3229 3942 3512 4014 cupiditati

1945 4029 2298 4094 apparentur.
2352 4021 2458 4081 Sed
2507 4025 2694 4082 forsan
2745 4027 2861 4083 haec
2913 4035 2966 4084 te
3012 4029 3180 4084 subiit
3221 4033 3512 4098 sententia,

1943 4116 2090 4186 quod
2138 4132 2248 4173 non
2291 4117 2646 4186 intellexeris,
2676 4120 2933 4192 quodque
2975 4121 3193 4192 ignores
3229 4124 3351 4179 vitae
3380 4127 3514 4179 meae

1943 4208 2212 4264 rationem
2235 4227 2250 4276 ;
2273 4209 2367 4281 qui
2389 4211 2508 4266 solo
2543 4225 2682 4281 pane
2709 4220 2764 4266 et
2791 4211 2950 4268 olivis
2976 4219 3121 4281 utor,
3147 4229 3382 4287 raroque
3409 4218 3516 4272 ole-

1942 4301 2125 4370 ribus;
2165 4303 2370 4374 quique
2404 4317 2576 4359 unum
2615 4303 2790 4359 habeo
2825 4287 3232 4373 vestimentum,
3293 4323 3359 4364 ac
3401 4309 3516 4379 pal-

1943 4391 2098 4460 lium,
2129 4393 2236 4450 hoc
2253 4394 2431 4464 ipsum
2461 4410 2572 4466 quo
2597 4397 2829 4454 amictus
2864 4410 3008 4463 sum,
3041 4399 3223 4456 etalio
3244 4416 3382 4472 opus
3404 4417 3513 4455 non

1945 4485 2152 4554 habeo,
2197 4501 2374 4557 neque
2405 4487 2516 4542 ulla
2556 4503 2635 4544 re.
2674 4487 2810 4545 Nam
2857 4489 2921 4546 in
2960 4491 3046 4548 bis
3088 4492 3251 4547 etiam
3299 4493 3514 4550 abunde

1946 4578 2080 4633 mihi
2099 4584 2201 4634 est.
2229 4577 2346 4634 Mea
2371 4580 2572 4650 quippe
2595 4597 2751 4637 mens
2779 4597 3009 4640 cernens
3030 4583 3142 4640 illic
3163 4579 3347 4641 omnia
3371 4585 3515 4644 bona

1945 4679 2168 4736 teterna,
2222 4671 2424 4728 nullius
2461 4687 2649 4728 eorum
2681 4689 2804 4744 quae
2831 4675 2922 4729 hic
2953 4682 3083 4730 sunt
3115 4688 3300 4730 curam
3331 4677 3513 4732 susei»

1943 4764 2043 4832 pit.
2070 4753 2249 4815 Tuum
2271 4769 2451 4816 tamen
2469 4763 2744 4834 egregium
2773 4762 3082 4817 institutum
3110 4763 3382 4833 approbo;
3413 4767 3514 4822 mi-

1945 4868 2144 4923 rorque
2183 4869 2248 4908 ac
2274 4853 2456 4917 laudo,
2501 4866 2612 4924 quo
2655 4854 2818 4909 modo
2858 4854 2943 4909 vir
2974 4857 3027 4909 in
3053 4856 3160 4910 vita
3194 4867 3513 4928 sumptuosa

1946 4943 2230 5010 educatus,
2263 4942 2423 4999 facile
2454 4944 2672 5000 vivendi
2714 4945 2978 5000 rationem
3017 4945 3416 5016 immutaveris,
3458 4960 3512 5004 et

1944 5035 2012 5090 ad
2049 5035 2163 5090 sola
2193 5035 2505 5091 necessaria
2535 5035 2862 5092 traduxeris.
2895 5030 3009 5093 Nos
3030 5036 3229 5109 quippe
3259 5053 3288 5093 a
3321 5054 3510 5109 puero,

1944 5139 2046 5196 ego
2071 5135 2125 5182 et
2156 5125 2402 5183 Andreas
2428 5125 2616 5191 frater,
2651 5144 2760 5183 non
2795 5127 2972 5184 solum
3018 5129 3070 5183 in
3101 5129 3352 5201 pupillari
3381 5147 3513 5187 con-

1945 5214 2150 5274 ditione
2163 5219 2603 5284 educati,verum
2632 5220 2794 5275 etiam
2818 5230 3038 5291 prepter
3071 5221 3310 5292 inopiam
3347 5223 3414 5279 ad
3435 5223 3514 5277 la-

1944 5307 2130 5364 borem
2165 5309 2479 5376 assuefacti,
2506 5311 2754 5380 expedite
2778 5327 2924 5366 nunc
2951 5312 3052 5368 has
3077 5313 3264 5386 longas
3287 5314 3512 5370 ferimus

1943 5399 2427 5468 peregrinationes.
2460 5401 2662 5468 Quare,
2694 5403 2741 5456 si
2762 5401 3015 5458 crederes
3043 5404 3199 5471 mihi,
3227 5419 3508 5460 servorum

1947 5487 2122 5546 oliicia
2146 5507 2231 5547 me
2255 5493 2353 5548 tibi
2375 5492 2685 5564 impendere
2706 5494 3050 5552 concederes.

1559 5626 1788 5686 VAIIII‘E
1828 5627 2231 5691 LECTIONES.

339 5711 756 5800 "_Clenteut_inq
817 5736 869 5800 et
907 5722 1311 5800 Δίῖιῖςοθηίιὲοηρε
1350 5768 1363 5792 ,
1427 5726 1660 5800 ἑτέρους.
1715 5728 1848 5783 ϐυτ.

262 5793 311 5826 ⁸⁹
354 5794 426 5846 al.
468 5793 546 5847 τό.
626 5797 669 5828 ³⁰
708 5798 778 5850 ai.
811 5797 1170 5862 ἐνεθισθέντες

603 5893 874 5955 Parnm“
929 5897 1045 5954 Gn.
1102 5899 1175 5956 Il.

1957 5731 2004 5763 "
2029 5731 2098 5786 al.
2141 5732 2195 5784 εἴ
2231 5749 2339 5803 μοι.
2444 5735 2487 5766 ³⁷
2521 5733 2587 5788 ai.
2631 5734 2961 5806 διαφυλάξει.
3043 5735 3087 5770 ’⁸
3127 5740 3194 5794 al.
3240 5740 3506 5804 σπανίοις.

3113 5909 3221 5967 1Ἰ’
