  <div class='ocr_page' id='page_1' title='image "/cluster/home/n/w/nwhite01/storage/ocr_20150623/2/mdp.39015005182426/271.png"; bbox 0 0 4048 6146; ppageno 0'>
   <div class='ocr_carea' id='block_1_1' title="bbox 505 300 609 356">
    <p class='ocr_par' dir='ltr' id='par_1_1' title="bbox 505 300 609 356">
     <span class='ocr_line' id='line_1_1' title="bbox 505 300 609 356; baseline 0.01 -1"><span class='ocrx_word' id='word_1_1' title='bbox 505 300 609 356; x_wconf 71' lang='lat'><strong>525</strong></span> 
     </span>
    </p>
   </div>
   <div class='ocr_carea' id='block_1_2' title="bbox 1378 298 2891 378">
    <p class='ocr_par' dir='ltr' id='par_1_2' title="bbox 1378 298 2891 378">
     <span class='ocr_line' id='line_1_2' title="bbox 1378 298 2891 378; baseline 0.003 -24"><span class='ocrx_word' id='word_1_2' title='bbox 1378 298 1435 354; x_wconf 92' lang='lat' dir='ltr'><strong>S.</strong></span> <span class='ocrx_word' id='word_1_3' title='bbox 1465 298 1854 355; x_wconf 83' lang='lat' dir='ltr'><strong>CLEMENTIS</strong></span> <span class='ocrx_word' id='word_1_4' title='bbox 1893 299 1910 353; x_wconf 86' lang='grc' dir='ltr'><strong>Ι</strong></span> <span class='ocrx_word' id='word_1_5' title='bbox 1948 300 2112 355; x_wconf 82' lang='lat' dir='ltr'><strong>ROM.</strong></span> <span class='ocrx_word' id='word_1_6' title='bbox 2154 301 2353 356; x_wconf 84' lang='lat' dir='ltr'><strong>PONT.</strong></span> <span class='ocrx_word' id='word_1_7' title='bbox 2395 301 2626 357; x_wconf 82' lang='lat' dir='ltr'><strong>OPERA</strong></span> <span class='ocrx_word' id='word_1_8' title='bbox 2661 303 2891 378; x_wconf 74' lang='lat' dir='ltr'><strong>DUBIA.</strong></span> 
     </span>
    </p>
   </div>
   <div class='ocr_carea' id='block_1_3' title="bbox 3671 307 3778 366">
    <p class='ocr_par' dir='ltr' id='par_1_3' title="bbox 3671 307 3778 366">
     <span class='ocr_line' id='line_1_3' title="bbox 3671 307 3778 366; baseline 0.019 -2"><span class='ocrx_word' id='word_1_9' title='bbox 3671 307 3778 366; x_wconf 61' lang='lat'><strong>526</strong></span> 
     </span>
    </p>
   </div>
   <div class='ocr_carea' id='block_1_4' title="bbox 574 418 2063 492">
    <p class='ocr_par' dir='ltr' id='par_1_4' title="bbox 574 419 2051 492">
     <span class='ocr_line' id='line_1_4' title="bbox 574 419 2051 492; baseline -0.002 -17"><span class='ocrx_word' id='word_1_10' title='bbox 574 419 785 475; x_wconf 78' lang='lat' dir='ltr'><strong>LXXV.</strong></span> <span class='ocrx_word' id='word_1_11' title='bbox 828 419 883 475; x_wconf 87' lang='lat' dir='ltr'><strong>Id</strong></span> <span class='ocrx_word' id='word_1_12' title='bbox 941 435 1045 492; x_wconf 90' lang='lat' dir='ltr'><strong>ego</strong></span> <span class='ocrx_word' id='word_1_13' title='bbox 1068 421 1320 488; x_wconf 76' lang='lat' dir='ltr'><strong>audiens,</strong></span> <span class='ocrx_word' id='word_1_14' title='bbox 1363 423 1673 476; x_wconf 88' lang='lat' dir='ltr'><strong>contremui</strong></span> <span class='ocrx_word' id='word_1_15' title='bbox 1720 431 1774 476; x_wconf 89' lang='lat' dir='ltr'><strong>et</strong></span> <span class='ocrx_word' id='word_1_16' title='bbox 1814 421 2051 492; x_wconf 83' lang='lat' dir='ltr'><strong>collacry</strong></span> 
     </span>
    </p>
   </div>
   <div class='ocr_carea' id='block_1_5' title="bbox 2168 418 3776 492">
    <p class='ocr_par' dir='ltr' id='par_1_5' title="bbox 2258 418 3776 492">
     <span class='ocr_line' id='line_1_5' title="bbox 2258 418 3776 492; baseline 0.003 -20"><span class='ocrx_word' id='word_1_17' title='bbox 2258 418 2471 474; x_wconf 71' lang='lat' dir='ltr'><strong>LXXV.</strong></span> <span class='ocrx_word' id='word_1_18' title='bbox 2520 418 2662 489; x_wconf 85' lang='grc' dir='ltr'>Ἐγὼ</span> <span class='ocrx_word' id='word_1_19' title='bbox 2688 419 2745 472; x_wconf 83' lang='grc' dir='ltr'>δὲ</span> <span class='ocrx_word' id='word_1_20' title='bbox 2773 419 3035 484; x_wconf 87' lang='grc' dir='ltr'>ἀκούσας,</span> <span class='ocrx_word' id='word_1_21' title='bbox 3068 418 3368 490; x_wconf 84' lang='grc' dir='ltr'>σύντρομος</span> <span class='ocrx_word' id='word_1_22' title='bbox 3387 419 3653 492; x_wconf 75' lang='grc' dir='ltr'><strong>ἐγενόμην</strong></span> <span class='ocrx_word' id='word_1_23' title='bbox 3679 422 3776 476; x_wconf 79' lang='grc' dir='ltr'>καὶ</span> 
     </span>
    </p>
   </div>
   <div class='ocr_carea' id='block_1_6' title="bbox 502 507 2063 589">
    <p class='ocr_par' dir='ltr' id='par_1_6' title="bbox 502 511 2063 582">
     <span class='ocr_line' id='line_1_6' title="bbox 502 511 2063 582; baseline -0.001 -16"><span class='ocrx_word' id='word_1_24' title='bbox 502 513 677 566; x_wconf 86' lang='lat' dir='ltr'><strong>mavi:</strong></span> <span class='ocrx_word' id='word_1_25' title='bbox 724 511 853 582; x_wconf 85' lang='lat' dir='ltr'><strong>quia</strong></span> <span class='ocrx_word' id='word_1_26' title='bbox 905 512 1070 566; x_wconf 88' lang='lat' dir='ltr'><strong>talem</strong></span> <span class='ocrx_word' id='word_1_27' title='bbox 1130 512 1413 568; x_wconf 76' lang='lat' dir='ltr'><strong>habuisset</strong></span> <span class='ocrx_word' id='word_1_28' title='bbox 1467 513 1772 568; x_wconf 90' lang='lat' dir='ltr'><strong>orationem</strong></span> <span class='ocrx_word' id='word_1_29' title='bbox 1819 513 1924 580; x_wconf 92' lang='lat' dir='ltr'><strong>vir,</strong></span> <span class='ocrx_word' id='word_1_30' title='bbox 1978 529 2063 582; x_wconf 77' lang='lat' dir='ltr'><strong>QUI</strong></span> 
     </span>
    </p>
   </div>
   <div class='ocr_carea' id='block_1_7' title="bbox 2168 507 3778 589">
    <p class='ocr_par' dir='ltr' id='par_1_7' title="bbox 2190 507 3778 589">
     <span class='ocr_line' id='line_1_7' title="bbox 2190 507 3778 589; baseline 0.002 -23"><span class='ocrx_word' id='word_1_31' title='bbox 2190 513 2510 587; x_wconf 83' lang='grc' dir='ltr'>ἐπίδακρυς,</span> <span class='ocrx_word' id='word_1_32' title='bbox 2540 507 2652 579; x_wconf 75' lang='grc' dir='ltr'>οἷον</span> <span class='ocrx_word' id='word_1_33' title='bbox 2681 513 2839 583; x_wconf 93' lang='grc' dir='ltr'>λόγον</span> <span class='ocrx_word' id='word_1_34' title='bbox 2867 513 3020 567; x_wconf 81' lang='grc' dir='ltr'>εἶπεν</span> <span class='ocrx_word' id='word_1_35' title='bbox 3051 513 3208 585; x_wconf 72' lang='grc' dir='ltr'>ἀνὴρ,</span> <span class='ocrx_word' id='word_1_36' title='bbox 3251 507 3312 567; x_wconf 78' lang='grc' dir='ltr'><strong>οὑ</strong></span> <span class='ocrx_word' id='word_1_37' title='bbox 3350 513 3550 577; x_wconf 87' lang='grc' dir='ltr'>πάντες</span> <span class='ocrx_word' id='word_1_38' title='bbox 3583 516 3633 568; x_wconf 86' lang='grc' dir='ltr'>οἱ</span> <span class='ocrx_word' id='word_1_39' title='bbox 3677 517 3778 589; x_wconf 82' lang='grc' dir='ltr'><strong>τῆς</strong></span> 
     </span>
    </p>
   </div>
   <div class='ocr_carea' id='block_1_8' title="bbox 502 602 2086 676">
    <p class='ocr_par' dir='ltr' id='par_1_8' title="bbox 502 602 2086 676">
     <span class='ocr_line' id='line_1_8' title="bbox 502 602 2086 676; baseline 0.004 -21"><span class='ocrx_word' id='word_1_40' title='bbox 502 602 686 658; x_wconf 83' lang='lat' dir='ltr'><strong>(uncti</strong></span> <span class='ocrx_word' id='word_1_41' title='bbox 718 603 884 673; x_wconf 89' lang='lat' dir='ltr'><strong>hujus</strong></span> <span class='ocrx_word' id='word_1_42' title='bbox 907 605 1082 660; x_wconf 65' lang='lat' dir='ltr'><strong>aetatis</strong></span> <span class='ocrx_word' id='word_1_43' title='bbox 1099 604 1353 660; x_wconf 86' lang='lat' dir='ltr'><strong>homines</strong></span> <span class='ocrx_word' id='word_1_44' title='bbox 1375 606 1589 661; x_wconf 86' lang='lat' dir='ltr'><strong>ratione</strong></span> <span class='ocrx_word' id='word_1_45' title='bbox 1619 606 1860 662; x_wconf 74' lang='lat' dir='ltr'><strong>scientia:</strong></span> <span class='ocrx_word' id='word_1_46' title='bbox 1885 622 1948 661; x_wconf 89' lang='lat' dir='ltr'><strong>ac</strong></span> <span class='ocrx_word' id='word_1_47' title='bbox 1973 607 2086 676; x_wconf 88' lang='lat' dir='ltr'><strong>pie-</strong></span> 
     </span>
    </p>
   </div>
   <div class='ocr_carea' id='block_1_9' title="bbox 503 693 2084 768">
    <p class='ocr_par' dir='ltr' id='par_1_9' title="bbox 503 693 2084 768">
     <span class='ocr_line' id='line_1_9' title="bbox 503 693 2084 768; baseline 0.002 -20"><span class='ocrx_word' id='word_1_48' title='bbox 503 695 633 748; x_wconf 80' lang='lat' dir='ltr'><strong>tatis</strong></span> <span class='ocrx_word' id='word_1_49' title='bbox 670 703 801 749; x_wconf 91' lang='lat' dir='ltr'><strong>sunt</strong></span> <span class='ocrx_word' id='word_1_50' title='bbox 845 693 1160 750; x_wconf 82' lang='lat' dir='ltr'><strong>inferiores.</strong></span> <span class='ocrx_word' id='word_1_51' title='bbox 1211 695 1282 748; x_wconf 88' lang='lat' dir='ltr'><strong>At</strong></span> <span class='ocrx_word' id='word_1_52' title='bbox 1330 696 1439 762; x_wconf 92' lang='lat' dir='ltr'><strong>ille,</strong></span> <span class='ocrx_word' id='word_1_53' title='bbox 1469 711 1700 751; x_wconf 86' lang='lat' dir='ltr'><strong>cernens</strong></span> <span class='ocrx_word' id='word_1_54' title='bbox 1740 711 1826 750; x_wconf 89' lang='lat' dir='ltr'><strong>me</strong></span> <span class='ocrx_word' id='word_1_55' title='bbox 1865 696 2084 768; x_wconf 83' lang='lat' dir='ltr'><strong>illaery-</strong></span> 
     </span>
    </p>
   </div>
   <div class='ocr_carea' id='block_1_10' title="bbox 504 781 2083 854">
    <p class='ocr_par' dir='ltr' id='par_1_10' title="bbox 504 781 2083 854">
     <span class='ocr_line' id='line_1_10' title="bbox 504 781 2083 854; baseline -0.001 -17"><span class='ocrx_word' id='word_1_56' title='bbox 504 792 766 850; x_wconf 87' lang='lat' dir='ltr'><strong>mantem,</strong></span> <span class='ocrx_word' id='word_1_57' title='bbox 799 799 1023 839; x_wconf 84' lang='lat' dir='ltr'><strong>causam</strong></span> <span class='ocrx_word' id='word_1_58' title='bbox 1057 783 1303 854; x_wconf 83' lang='lat' dir='ltr'><strong>rogabat.</strong></span> <span class='ocrx_word' id='word_1_59' title='bbox 1346 781 1458 853; x_wconf 89' lang='lat' dir='ltr'><strong>Ego</strong></span> <span class='ocrx_word' id='word_1_60' title='bbox 1484 792 1666 837; x_wconf 89' lang='lat' dir='ltr'><strong>autem</strong></span> <span class='ocrx_word' id='word_1_61' title='bbox 1688 783 1755 838; x_wconf 90' lang='lat' dir='ltr'><strong>ad</strong></span> <span class='ocrx_word' id='word_1_62' title='bbox 1787 782 1938 836; x_wconf 90' lang='lat' dir='ltr'><strong>illum</strong></span> <span class='ocrx_word' id='word_1_63' title='bbox 1971 799 1984 834; x_wconf 93' lang='lat'><strong>:</strong></span> <span class='ocrx_word' id='word_1_64' title='bbox 2016 781 2083 836; x_wconf 89' lang='lat' dir='ltr'><strong>Et</strong></span> 
     </span>
    </p>
   </div>
   <div class='ocr_carea' id='block_1_11' title="bbox 501 874 2082 945">
    <p class='ocr_par' dir='ltr' id='par_1_11' title="bbox 501 874 2082 945">
     <span class='ocr_line' id='line_1_11' title="bbox 501 874 2082 945; baseline -0.001 -15"><span class='ocrx_word' id='word_1_65' title='bbox 501 876 761 945; x_wconf 88' lang='lat' dir='ltr'><strong>quidnam</strong></span> <span class='ocrx_word' id='word_1_66' title='bbox 787 877 1033 945; x_wconf 82' lang='lat' dir='ltr'><strong>peccavi,</strong></span> <span class='ocrx_word' id='word_1_67' title='bbox 1067 875 1314 945; x_wconf 88' lang='lat' dir='ltr'><strong>inquam,</strong></span> <span class='ocrx_word' id='word_1_68' title='bbox 1340 883 1401 928; x_wconf 92' lang='lat' dir='ltr'><strong>ut</strong></span> <span class='ocrx_word' id='word_1_69' title='bbox 1422 875 1567 930; x_wconf 89' lang='lat' dir='ltr'><strong>hunc</strong></span> <span class='ocrx_word' id='word_1_70' title='bbox 1590 890 1898 930; x_wconf 85' lang='lat' dir='ltr'><strong>sermonem</strong></span> <span class='ocrx_word' id='word_1_71' title='bbox 1923 874 2082 928; x_wconf 72' lang='lat' dir='ltr'><strong>audi—</strong></span> 
     </span>
    </p>
   </div>
   <div class='ocr_carea' id='block_1_12' title="bbox 502 966 2078 1038">
    <p class='ocr_par' dir='ltr' id='par_1_12' title="bbox 502 966 2078 1038">
     <span class='ocr_line' id='line_1_12' title="bbox 502 966 2078 1038; baseline 0 -17"><span class='ocrx_word' id='word_1_72' title='bbox 502 968 656 1023; x_wconf 88' lang='lat' dir='ltr'><strong>rem?</strong></span> <span class='ocrx_word' id='word_1_73' title='bbox 683 967 991 1038; x_wconf 82' lang='lat' dir='ltr'><strong>Statimque</strong></span> <span class='ocrx_word' id='word_1_74' title='bbox 1016 968 1210 1023; x_wconf 88' lang='lat' dir='ltr'><strong>Petrus</strong></span> <span class='ocrx_word' id='word_1_75' title='bbox 1245 987 1258 1022; x_wconf 85' lang='lat'><strong>:</strong></span> <span class='ocrx_word' id='word_1_76' title='bbox 1286 966 1344 1022; x_wconf 90' lang='lat' dir='ltr'><strong>Si</strong></span> <span class='ocrx_word' id='word_1_77' title='bbox 1376 967 1516 1023; x_wconf 89' lang='lat' dir='ltr'><strong>male</strong></span> <span class='ocrx_word' id='word_1_78' title='bbox 1540 967 1758 1024; x_wconf 88' lang='lat' dir='ltr'><strong>locutus</strong></span> <span class='ocrx_word' id='word_1_79' title='bbox 1784 983 1928 1033; x_wconf 90' lang='lat' dir='ltr'><strong>sum,</strong></span> <span class='ocrx_word' id='word_1_80' title='bbox 1955 984 2078 1022; x_wconf 91' lang='lat' dir='ltr'><strong>cum</strong></span> 
     </span>
    </p>
   </div>
   <div class='ocr_carea' id='block_1_13' title="bbox 501 1058 2082 1132">
    <p class='ocr_par' dir='ltr' id='par_1_13' title="bbox 501 1058 2082 1132">
     <span class='ocr_line' id='line_1_13' title="bbox 501 1058 2082 1132; baseline 0 -18"><span class='ocrx_word' id='word_1_81' title='bbox 501 1060 764 1132; x_wconf 81' lang='lat' dir='ltr'><strong>proposui</strong></span> <span class='ocrx_word' id='word_1_82' title='bbox 798 1060 1002 1115; x_wconf 85' lang='lat' dir='ltr'><strong>servire</strong></span> <span class='ocrx_word' id='word_1_83' title='bbox 1029 1060 1160 1128; x_wconf 89' lang='lat' dir='ltr'><strong>tibi;</strong></span> <span class='ocrx_word' id='word_1_84' title='bbox 1194 1068 1253 1114; x_wconf 91' lang='lat' dir='ltr'><strong>tu</strong></span> <span class='ocrx_word' id='word_1_85' title='bbox 1293 1059 1442 1130; x_wconf 87' lang='lat' dir='ltr'><strong>prior</strong></span> <span class='ocrx_word' id='word_1_86' title='bbox 1471 1058 1771 1130; x_wconf 90' lang='lat' dir='ltr'><strong>deliquisti,</strong></span> <span class='ocrx_word' id='word_1_87' title='bbox 1809 1059 1902 1130; x_wconf 86' lang='lat' dir='ltr'><strong>qui</strong></span> <span class='ocrx_word' id='word_1_88' title='bbox 1929 1059 2082 1130; x_wconf 90' lang='lat' dir='ltr'><strong>prior</strong></span> 
     </span>
    </p>
   </div>
   <div class='ocr_carea' id='block_1_14' title="bbox 500 1151 2078 1225">
    <p class='ocr_par' dir='ltr' id='par_1_14' title="bbox 500 1151 2078 1225">
     <span class='ocr_line' id='line_1_14' title="bbox 500 1151 2078 1225; baseline 0.002 -20"><span class='ocrx_word' id='word_1_89' title='bbox 500 1152 554 1205; x_wconf 93' lang='lat' dir='ltr'><strong>in</strong></span> <span class='ocrx_word' id='word_1_90' title='bbox 589 1155 775 1207; x_wconf 90' lang='lat' dir='ltr'><strong>animo</strong></span> <span class='ocrx_word' id='word_1_91' title='bbox 800 1152 1044 1208; x_wconf 87' lang='lat' dir='ltr'><strong>habuisti</strong></span> <span class='ocrx_word' id='word_1_92' title='bbox 1075 1153 1179 1208; x_wconf 92' lang='lat' dir='ltr'><strong>hoc</strong></span> <span class='ocrx_word' id='word_1_93' title='bbox 1203 1168 1382 1225; x_wconf 88' lang='lat' dir='ltr'><strong>agere.</strong></span> <span class='ocrx_word' id='word_1_94' title='bbox 1408 1151 1475 1205; x_wconf 87' lang='lat' dir='ltr'><strong>Et</strong></span> <span class='ocrx_word' id='word_1_95' title='bbox 1495 1166 1594 1222; x_wconf 85' lang='lat' dir='ltr'><strong>ego</strong></span> <span class='ocrx_word' id='word_1_96' title='bbox 1624 1152 1880 1222; x_wconf 85' lang='lat' dir='ltr'><strong>respondi</strong></span> <span class='ocrx_word' id='word_1_97' title='bbox 1917 1169 1929 1204; x_wconf 93' lang='lat'><strong>:</strong></span> <span class='ocrx_word' id='word_1_98' title='bbox 1961 1152 2078 1207; x_wconf 88' lang='lat' dir='ltr'><strong>Non</strong></span> 
     </span>
    </p>
   </div>
   <div class='ocr_carea' id='block_1_15' title="bbox 498 1243 2075 1314">
    <p class='ocr_par' dir='ltr' id='par_1_15' title="bbox 498 1243 2075 1314">
     <span class='ocr_line' id='line_1_15' title="bbox 498 1243 2075 1314; baseline 0 -15"><span class='ocrx_word' id='word_1_99' title='bbox 498 1254 584 1300; x_wconf 91' lang='lat' dir='ltr'><strong>est</strong></span> <span class='ocrx_word' id='word_1_100' title='bbox 613 1245 809 1300; x_wconf 86' lang='lat' dir='ltr'><strong>similis</strong></span> <span class='ocrx_word' id='word_1_101' title='bbox 834 1245 974 1300; x_wconf 85' lang='lat' dir='ltr'><strong>ratio</strong></span> <span class='ocrx_word' id='word_1_102' title='bbox 1001 1263 1014 1298; x_wconf 87' lang='lat'><strong>:</strong></span> <span class='ocrx_word' id='word_1_103' title='bbox 1040 1244 1306 1314; x_wconf 90' lang='lat' dir='ltr'><strong>siquidem</strong></span> <span class='ocrx_word' id='word_1_104' title='bbox 1337 1259 1423 1298; x_wconf 90' lang='lat' dir='ltr'><strong>me</strong></span> <span class='ocrx_word' id='word_1_105' title='bbox 1447 1243 1601 1298; x_wconf 83' lang='lat' dir='ltr'><strong>valde</strong></span> <span class='ocrx_word' id='word_1_106' title='bbox 1625 1243 1778 1299; x_wconf 89' lang='lat' dir='ltr'><strong>decet</strong></span> <span class='ocrx_word' id='word_1_107' title='bbox 1800 1244 1851 1299; x_wconf 90' lang='lat' dir='ltr'><strong>id</strong></span> <span class='ocrx_word' id='word_1_108' title='bbox 1875 1243 2075 1312; x_wconf 79' lang='lat' dir='ltr'><strong>facere;</strong></span> 
     </span>
    </p>
   </div>
   <div class='ocr_carea' id='block_1_16' title="bbox 497 1336 2078 1409">
    <p class='ocr_par' dir='ltr' id='par_1_16' title="bbox 497 1336 2078 1409">
     <span class='ocr_line' id='line_1_16' title="bbox 497 1336 2078 1409; baseline 0.001 -17"><span class='ocrx_word' id='word_1_109' title='bbox 497 1347 550 1392; x_wconf 91' lang='lat' dir='ltr'><strong>te</strong></span> <span class='ocrx_word' id='word_1_110' title='bbox 568 1353 697 1394; x_wconf 87' lang='lat' dir='ltr'><strong>vero</strong></span> <span class='ocrx_word' id='word_1_111' title='bbox 725 1337 1059 1403; x_wconf 81' lang='lat' dir='ltr'><strong>nullatenus,</strong></span> <span class='ocrx_word' id='word_1_112' title='bbox 1086 1338 1180 1408; x_wconf 91' lang='lat' dir='ltr'><strong>qui</strong></span> <span class='ocrx_word' id='word_1_113' title='bbox 1206 1353 1264 1393; x_wconf 89' lang='lat' dir='ltr'><strong>es</strong></span> <span class='ocrx_word' id='word_1_114' title='bbox 1290 1336 1382 1392; x_wconf 91' lang='lat' dir='ltr'><strong>Dei</strong></span> <span class='ocrx_word' id='word_1_115' title='bbox 1413 1353 1613 1408; x_wconf 82' lang='lat' dir='ltr'><strong>praeco,</strong></span> <span class='ocrx_word' id='word_1_116' title='bbox 1640 1338 1839 1409; x_wconf 91' lang='lat' dir='ltr'><strong>cuique</strong></span> <span class='ocrx_word' id='word_1_117' title='bbox 1865 1339 2078 1394; x_wconf 90' lang='lat' dir='ltr'><strong>animas</strong></span> 
     </span>
    </p>
   </div>
   <div class='ocr_carea' id='block_1_17' title="bbox 501 1429 2075 1500">
    <p class='ocr_par' dir='ltr' id='par_1_17' title="bbox 501 1429 2075 1500">
     <span class='ocr_line' id='line_1_17' title="bbox 501 1429 2075 1500; baseline 0 -14"><span class='ocrx_word' id='word_1_118' title='bbox 501 1430 787 1486; x_wconf 90' lang='lat' dir='ltr'><strong>hominum</strong></span> <span class='ocrx_word' id='word_1_119' title='bbox 811 1444 1036 1500; x_wconf 84' lang='lat' dir='ltr'><strong>pascere</strong></span> <span class='ocrx_word' id='word_1_120' title='bbox 1062 1429 1421 1485; x_wconf 84' lang='lat' dir='ltr'><strong>commissum</strong></span> <span class='ocrx_word' id='word_1_121' title='bbox 1450 1439 1552 1485; x_wconf 87' lang='lat' dir='ltr'><strong>est.</strong></span> <span class='ocrx_word' id='word_1_122' title='bbox 1587 1429 1725 1486; x_wconf 92' lang='lat' dir='ltr'><strong>Tum</strong></span> <span class='ocrx_word' id='word_1_123' title='bbox 1766 1429 1960 1488; x_wconf 87' lang='lat' dir='ltr'><strong>Petrus</strong></span> <span class='ocrx_word' id='word_1_124' title='bbox 1995 1433 2075 1488; x_wconf 90' lang='lat' dir='ltr'><strong>di-</strong></span> 
     </span>
    </p>
   </div>
   <div class='ocr_carea' id='block_1_18' title="bbox 496 1521 2073 1598">
    <p class='ocr_par' dir='ltr' id='par_1_18' title="bbox 496 1521 2073 1598">
     <span class='ocr_line' id='line_1_18' title="bbox 496 1521 2073 1598; baseline 0.001 -20"><span class='ocrx_word' id='word_1_125' title='bbox 496 1524 576 1579; x_wconf 75' lang='lat' dir='ltr'><strong>xit</strong></span> <span class='ocrx_word' id='word_1_126' title='bbox 605 1542 619 1578; x_wconf 89' lang='lat'><strong>:</strong></span> <span class='ocrx_word' id='word_1_127' title='bbox 649 1521 915 1578; x_wconf 86' lang='lat' dir='ltr'><strong>Dominus</strong></span> <span class='ocrx_word' id='word_1_128' title='bbox 948 1533 1156 1588; x_wconf 89' lang='lat' dir='ltr'><strong>noster,</strong></span> <span class='ocrx_word' id='word_1_129' title='bbox 1184 1523 1277 1593; x_wconf 92' lang='lat' dir='ltr'><strong>qui</strong></span> <span class='ocrx_word' id='word_1_130' title='bbox 1327 1522 1394 1598; x_wconf 78' lang='lat' dir='ltr'><strong>ad</strong></span> <span class='ocrx_word' id='word_1_131' title='bbox 1419 1523 1650 1578; x_wconf 89' lang='lat' dir='ltr'><strong>salutem</strong></span> <span class='ocrx_word' id='word_1_132' title='bbox 1686 1524 1857 1580; x_wconf 88' lang='lat' dir='ltr'><strong>totius</strong></span> <span class='ocrx_word' id='word_1_133' title='bbox 1887 1526 2073 1582; x_wconf 92' lang='lat' dir='ltr'><strong>mundi</strong></span> 
     </span>
    </p>
   </div>
   <div class='ocr_carea' id='block_1_19' title="bbox 493 1615 2072 1686">
    <p class='ocr_par' dir='ltr' id='par_1_19' title="bbox 493 1615 2072 1686">
     <span class='ocr_line' id='line_1_19' title="bbox 493 1615 2072 1686; baseline 0.003 -19"><span class='ocrx_word' id='word_1_134' title='bbox 493 1616 664 1682; x_wconf 84' lang='lat' dir='ltr'><strong>venit,</strong></span> <span class='ocrx_word' id='word_1_135' title='bbox 705 1615 911 1686; x_wconf 88' lang='lat' dir='ltr'><strong>quique</strong></span> <span class='ocrx_word' id='word_1_136' title='bbox 958 1631 1104 1671; x_wconf 90' lang='lat' dir='ltr'><strong>unus</strong></span> <span class='ocrx_word' id='word_1_137' title='bbox 1138 1630 1305 1685; x_wconf 86' lang='lat' dir='ltr'><strong>supra</strong></span> <span class='ocrx_word' id='word_1_138' title='bbox 1331 1624 1558 1671; x_wconf 90' lang='lat' dir='ltr'><strong>cunctos</strong></span> <span class='ocrx_word' id='word_1_139' title='bbox 1585 1632 1769 1671; x_wconf 80' lang='lat' dir='ltr'><strong>veram</strong></span> <span class='ocrx_word' id='word_1_140' title='bbox 1809 1625 1865 1672; x_wconf 89' lang='lat' dir='ltr'><strong>et</strong></span> <span class='ocrx_word' id='word_1_141' title='bbox 1899 1618 2072 1673; x_wconf 89' lang='lat' dir='ltr'><strong>solam</strong></span> 
     </span>
    </p>
   </div>
   <div class='ocr_carea' id='block_1_20' title="bbox 493 1706 2075 1775">
    <p class='ocr_par' dir='ltr' id='par_1_20' title="bbox 493 1706 2075 1775">
     <span class='ocr_line' id='line_1_20' title="bbox 493 1706 2075 1775; baseline 0.001 -13"><span class='ocrx_word' id='word_1_142' title='bbox 493 1707 833 1764; x_wconf 86' lang='lat' dir='ltr'><strong>nobilitatem</strong></span> <span class='ocrx_word' id='word_1_143' title='bbox 897 1706 1129 1775; x_wconf 86' lang='lat' dir='ltr'><strong>obtinet,</strong></span> <span class='ocrx_word' id='word_1_144' title='bbox 1181 1707 1386 1762; x_wconf 82' lang='lat' dir='ltr'><strong>servire</strong></span> <span class='ocrx_word' id='word_1_145' title='bbox 1441 1722 1506 1762; x_wconf 91' lang='lat' dir='ltr'><strong>ac</strong></span> <span class='ocrx_word' id='word_1_146' title='bbox 1553 1707 1867 1763; x_wconf 89' lang='lat' dir='ltr'><strong>ministrare</strong></span> <span class='ocrx_word' id='word_1_147' title='bbox 1914 1708 2075 1764; x_wconf 89' lang='lat' dir='ltr'><strong>susti-</strong></span> 
     </span>
    </p>
   </div>
   <div class='ocr_carea' id='block_1_21' title="bbox 2188 603 3777 678">
    <p class='ocr_par' dir='ltr' id='par_1_21' title="bbox 2188 603 3777 678">
     <span class='ocr_line' id='line_1_21' title="bbox 2188 603 3777 678; baseline 0.001 -20"><span class='ocrx_word' id='word_1_148' title='bbox 2188 606 2284 659; x_wconf 92' lang='grc' dir='ltr'>νῦν</span> <span class='ocrx_word' id='word_1_149' title='bbox 2319 608 2514 675; x_wconf 75' lang='grc' dir='ltr'>γενεᾶς</span> <span class='ocrx_word' id='word_1_150' title='bbox 2540 606 2841 678; x_wconf 74' lang='grc' dir='ltr'>ἄνθρωποι,</span> <span class='ocrx_word' id='word_1_151' title='bbox 2884 603 2962 674; x_wconf 81' lang='grc' dir='ltr'>τῷ</span> <span class='ocrx_word' id='word_1_152' title='bbox 2995 604 3040 635; x_wconf 81' lang='grc'><strong>³¹</strong></span> <span class='ocrx_word' id='word_1_153' title='bbox 3069 606 3166 676; x_wconf 76' lang='grc' dir='ltr'><strong>τῆς</strong></span> <span class='ocrx_word' id='word_1_154' title='bbox 3205 603 3461 673; x_wconf 85' lang='grc' dir='ltr'>γνώσεως</span> <span class='ocrx_word' id='word_1_155' title='bbox 3499 607 3595 660; x_wconf 70' lang='grc' dir='ltr'>καὶ</span> <span class='ocrx_word' id='word_1_156' title='bbox 3624 608 3777 660; x_wconf 83' lang='grc' dir='ltr'>εὑσε-</span> 
     </span>
    </p>
   </div>
   <div class='ocr_carea' id='block_1_22' title="bbox 2187 694 3771 767">
    <p class='ocr_par' dir='ltr' id='par_1_22' title="bbox 2187 694 3771 767">
     <span class='ocr_line' id='line_1_22' title="bbox 2187 694 3771 767; baseline 0.002 -19"><span class='ocrx_word' id='word_1_157' title='bbox 2187 695 2339 759; x_wconf 72' lang='grc' dir='ltr'>θείας</span> <span class='ocrx_word' id='word_1_158' title='bbox 2368 695 2511 766; x_wconf 85' lang='grc' dir='ltr'>λόγῳ</span> <span class='ocrx_word' id='word_1_159' title='bbox 2533 695 2599 760; x_wconf 85' lang='grc'>⁸¹,</span> <span class='ocrx_word' id='word_1_160' title='bbox 2635 696 2831 766; x_wconf 77' lang='grc' dir='ltr'>ἥττους</span> <span class='ocrx_word' id='word_1_161' title='bbox 2858 694 3015 748; x_wconf 81' lang='grc' dir='ltr'>εἰσίν.</span> <span class='ocrx_word' id='word_1_162' title='bbox 3071 695 3129 747; x_wconf 85' lang='lat'><strong>&#39;0</strong></span> <span class='ocrx_word' id='word_1_163' title='bbox 3177 695 3235 748; x_wconf 89' lang='grc' dir='ltr'><strong>δέ</strong></span> <span class='ocrx_word' id='word_1_164' title='bbox 3285 695 3409 749; x_wconf 79' lang='grc' dir='ltr'>ἰδών</span> <span class='ocrx_word' id='word_1_165' title='bbox 3457 713 3525 767; x_wconf 89' lang='grc' dir='ltr'><strong>με</strong></span> <span class='ocrx_word' id='word_1_166' title='bbox 3577 696 3771 752; x_wconf 82' lang='grc' dir='ltr'>σύνδα-</span> 
     </span>
    </p>
   </div>
   <div class='ocr_carea' id='block_1_23' title="bbox 2187 783 3775 857">
    <p class='ocr_par' dir='ltr' id='par_1_23' title="bbox 2187 783 3775 857">
     <span class='ocr_line' id='line_1_23' title="bbox 2187 783 3775 857; baseline 0.001 -18"><span class='ocrx_word' id='word_1_167' title='bbox 2187 803 2345 857; x_wconf 89' lang='grc' dir='ltr'>κρυν,</span> <span class='ocrx_word' id='word_1_168' title='bbox 2377 785 2706 840; x_wconf 79' lang='grc' dir='ltr'>ἐπυνθάνετο</span> <span class='ocrx_word' id='word_1_169' title='bbox 2732 786 2830 856; x_wconf 81' lang='grc' dir='ltr'>τὴν</span> <span class='ocrx_word' id='word_1_170' title='bbox 2860 785 3060 840; x_wconf 83' lang='grc' dir='ltr'><strong>αἰτίαν.</strong></span> <span class='ocrx_word' id='word_1_171' title='bbox 3094 783 3266 854; x_wconf 85' lang='grc' dir='ltr'><strong>Κάγὼ</strong></span> <span class='ocrx_word' id='word_1_172' title='bbox 3295 785 3430 856; x_wconf 79' lang='grc' dir='ltr'>πρὸς</span> <span class='ocrx_word' id='word_1_173' title='bbox 3455 785 3636 839; x_wconf 85' lang='grc' dir='ltr'>αὑτόν·</span> <span class='ocrx_word' id='word_1_174' title='bbox 3664 788 3775 840; x_wconf 68' lang='grc' dir='ltr'>Καὶ</span> 
     </span>
    </p>
   </div>
   <div class='ocr_carea' id='block_1_24' title="bbox 2183 876 3774 949">
    <p class='ocr_par' dir='ltr' id='par_1_24' title="bbox 2183 876 3774 949">
     <span class='ocr_line' id='line_1_24' title="bbox 2183 876 3774 949; baseline 0.001 -19"><span class='ocrx_word' id='word_1_175' title='bbox 2183 877 2238 930; x_wconf 89' lang='grc' dir='ltr'><strong>τί</strong></span> <span class='ocrx_word' id='word_1_176' title='bbox 2270 877 2510 932; x_wconf 86' lang='grc' dir='ltr'>τοιοῦτον</span> <span class='ocrx_word' id='word_1_177' title='bbox 2540 878 2804 949; x_wconf 76' lang='grc' dir='ltr'>ἥμαρτον,</span> <span class='ocrx_word' id='word_1_178' title='bbox 2837 878 2998 948; x_wconf 72' lang='grc' dir='ltr'>φημὶ,</span> <span class='ocrx_word' id='word_1_179' title='bbox 3029 876 3116 931; x_wconf 85' lang='grc' dir='ltr'>ἵνα</span> <span class='ocrx_word' id='word_1_180' title='bbox 3145 877 3238 930; x_wconf 76' lang='grc' dir='ltr'><strong>καὶ</strong></span> <span class='ocrx_word' id='word_1_181' title='bbox 3263 876 3504 930; x_wconf 91' lang='grc' dir='ltr'>τοιοῦτον</span> <span class='ocrx_word' id='word_1_182' title='bbox 3541 878 3774 935; x_wconf 85' lang='grc' dir='ltr'>ἀκοῦσαί</span> 
     </span>
    </p>
   </div>
   <div class='ocr_carea' id='block_1_25' title="bbox 2187 968 3776 1042">
    <p class='ocr_par' dir='ltr' id='par_1_25' title="bbox 2187 968 3776 1042">
     <span class='ocr_line' id='line_1_25' title="bbox 2187 968 3776 1042; baseline 0.003 -21"><span class='ocrx_word' id='word_1_183' title='bbox 2187 969 2317 1040; x_wconf 84' lang='grc' dir='ltr'>με³³</span> <span class='ocrx_word' id='word_1_184' title='bbox 2344 969 2530 1038; x_wconf 88' lang='grc' dir='ltr'>λόγον;</span> <span class='ocrx_word' id='word_1_185' title='bbox 2563 971 2673 1023; x_wconf 74' lang='grc' dir='ltr'>Καὶ</span> <span class='ocrx_word' id='word_1_186' title='bbox 2706 970 2736 1021; x_wconf 90' lang='lat'><strong>6</strong></span> <span class='ocrx_word' id='word_1_187' title='bbox 2768 969 2973 1041; x_wconf 84' lang='grc' dir='ltr'><strong>Πέτρος</strong></span> <span class='ocrx_word' id='word_1_188' title='bbox 3020 968 3198 1031; x_wconf 70' lang='grc' dir='ltr'>εὐθύςο</span> <span class='ocrx_word' id='word_1_189' title='bbox 3240 969 3303 1022; x_wconf 82' lang='grc' dir='ltr'><strong>Εἰ</strong></span> <span class='ocrx_word' id='word_1_190' title='bbox 3342 969 3529 1033; x_wconf 85' lang='grc' dir='ltr'>κακῶς</span> <span class='ocrx_word' id='word_1_191' title='bbox 3573 971 3776 1042; x_wconf 78' lang='grc' dir='ltr'>εἴρηκα</span> 
     </span>
    </p>
   </div>
   <div class='ocr_carea' id='block_1_26' title="bbox 2181 1060 3770 1136">
    <p class='ocr_par' dir='ltr' id='par_1_26' title="bbox 2181 1060 3770 1136">
     <span class='ocr_line' id='line_1_26' title="bbox 2181 1060 3770 1136; baseline 0.002 -22"><span class='ocrx_word' id='word_1_192' title='bbox 2181 1060 2464 1115; x_wconf 90' lang='grc' dir='ltr'>δουλεῦσαί</span> <span class='ocrx_word' id='word_1_193' title='bbox 2517 1079 2599 1114; x_wconf 90' lang='grc' dir='ltr'><strong>σοι</strong></span> <span class='ocrx_word' id='word_1_194' title='bbox 2651 1060 3041 1132; x_wconf 85' lang='grc' dir='ltr'>προελόμενος,</span> <span class='ocrx_word' id='word_1_195' title='bbox 3108 1061 3170 1114; x_wconf 75' lang='grc' dir='ltr'><strong>σὺ</strong></span> <span class='ocrx_word' id='word_1_196' title='bbox 3224 1061 3440 1133; x_wconf 81' lang='grc' dir='ltr'>πρῶτος</span> <span class='ocrx_word' id='word_1_197' title='bbox 3501 1063 3770 1136; x_wconf 72' lang='grc' dir='ltr'>ἥμαρτες,</span> 
     </span>
    </p>
   </div>
   <div class='ocr_carea' id='block_1_27' title="bbox 2185 1149 3769 1224">
    <p class='ocr_par' dir='ltr' id='par_1_27' title="bbox 2185 1149 3769 1224">
     <span class='ocr_line' id='line_1_27' title="bbox 2185 1149 3769 1224; baseline 0 -20"><span class='ocrx_word' id='word_1_198' title='bbox 2185 1151 2399 1224; x_wconf 85' lang='grc' dir='ltr'>πρῶτος</span> <span class='ocrx_word' id='word_1_199' title='bbox 2422 1151 2580 1204; x_wconf 87' lang='grc' dir='ltr'>τοῦτο</span> <span class='ocrx_word' id='word_1_200' title='bbox 2609 1151 2703 1204; x_wconf 76' lang='grc' dir='ltr'><strong>καὶ</strong></span> <span class='ocrx_word' id='word_1_201' title='bbox 2729 1150 2950 1222; x_wconf 83' lang='grc' dir='ltr'>ποιῆσαι</span> <span class='ocrx_word' id='word_1_202' title='bbox 2977 1149 3365 1221; x_wconf 88' lang='grc' dir='ltr'>προθυμηθείς.</span> <span class='ocrx_word' id='word_1_203' title='bbox 3400 1149 3572 1219; x_wconf 86' lang='grc' dir='ltr'>Κάγὼ</span> <span class='ocrx_word' id='word_1_204' title='bbox 3600 1150 3769 1222; x_wconf 76' lang='grc' dir='ltr'>ἔφην·</span> 
     </span>
    </p>
   </div>
   <div class='ocr_carea' id='block_1_28' title="bbox 2183 1240 3771 1314">
    <p class='ocr_par' dir='ltr' id='par_1_28' title="bbox 2183 1240 3771 1314">
     <span class='ocr_line' id='line_1_28' title="bbox 2183 1240 3771 1314; baseline 0 -18"><span class='ocrx_word' id='word_1_205' title='bbox 2183 1244 2295 1314; x_wconf 86' lang='grc' dir='ltr'>Οὑχ</span> <span class='ocrx_word' id='word_1_206' title='bbox 2326 1244 2526 1314; x_wconf 85' lang='grc' dir='ltr'>ὁμοίως</span> <span class='ocrx_word' id='word_1_207' title='bbox 2559 1242 2694 1314; x_wconf 73' lang='grc' dir='ltr'>ἔχει.</span> <span class='ocrx_word' id='word_1_208' title='bbox 2743 1243 2895 1312; x_wconf 62' lang='grc' dir='ltr'><strong>Ἐμοὶ¹</strong></span> <span class='ocrx_word' id='word_1_209' title='bbox 2926 1243 3024 1313; x_wconf 87' lang='grc' dir='ltr'><strong>μὲν</strong></span> <span class='ocrx_word' id='word_1_210' title='bbox 3065 1241 3174 1313; x_wconf 87' lang='grc' dir='ltr'><strong>γάρ</strong></span> <span class='ocrx_word' id='word_1_211' title='bbox 3213 1241 3309 1296; x_wconf 77' lang='grc' dir='ltr'><strong>καὶ</strong></span> <span class='ocrx_word' id='word_1_212' title='bbox 3354 1240 3472 1295; x_wconf 84' lang='grc' dir='ltr'>λίαν</span> <span class='ocrx_word' id='word_1_213' title='bbox 3503 1243 3771 1314; x_wconf 83' lang='grc' dir='ltr'>προσήκει</span> 
     </span>
    </p>
   </div>
   <div class='ocr_carea' id='block_1_29' title="bbox 2179 1333 3769 1406">
    <p class='ocr_par' dir='ltr' id='par_1_29' title="bbox 2179 1333 3769 1406">
     <span class='ocr_line' id='line_1_29' title="bbox 2179 1333 3769 1406; baseline -0.002 -15"><span class='ocrx_word' id='word_1_214' title='bbox 2179 1337 2337 1391; x_wconf 88' lang='grc' dir='ltr'>τοῦτο</span> <span class='ocrx_word' id='word_1_215' title='bbox 2369 1338 2562 1390; x_wconf 83' lang='grc' dir='ltr'><strong>ποιεῖν·</strong></span> <span class='ocrx_word' id='word_1_216' title='bbox 2609 1335 2692 1389; x_wconf 76' lang='grc' dir='ltr'><strong>σοὶ</strong></span> <span class='ocrx_word' id='word_1_217' title='bbox 2724 1336 2782 1388; x_wconf 84' lang='grc' dir='ltr'>δὲ</span> <span class='ocrx_word' id='word_1_218' title='bbox 2817 1335 3088 1406; x_wconf 83' lang='grc' dir='ltr'><strong>οὐδαμῶς,</strong></span> <span class='ocrx_word' id='word_1_219' title='bbox 3114 1335 3207 1387; x_wconf 58' lang='lat' dir='ltr'><strong>ac;</strong></span> <span class='ocrx_word' id='word_1_220' title='bbox 3241 1333 3375 1388; x_wconf 88' lang='grc' dir='ltr'>Θεοῦ</span> <span class='ocrx_word' id='word_1_221' title='bbox 3399 1336 3599 1406; x_wconf 84' lang='grc' dir='ltr'>κήρυκι</span> <span class='ocrx_word' id='word_1_222' title='bbox 3630 1335 3769 1401; x_wconf 75' lang='grc' dir='ltr'>ὄντι,</span> 
     </span>
    </p>
   </div>
   <div class='ocr_carea' id='block_1_30' title="bbox 2178 1425 3772 1499">
    <p class='ocr_par' dir='ltr' id='par_1_30' title="bbox 2178 1425 3772 1499">
     <span class='ocr_line' id='line_1_30' title="bbox 2178 1425 3772 1499; baseline -0.001 -16"><span class='ocrx_word' id='word_1_223' title='bbox 2178 1429 2271 1483; x_wconf 78' lang='grc' dir='ltr'><strong>καὶ</strong></span> <span class='ocrx_word' id='word_1_224' title='bbox 2299 1427 2476 1499; x_wconf 74' lang='grc' dir='ltr'>ψυχὰς</span> <span class='ocrx_word' id='word_1_225' title='bbox 2505 1425 2807 1499; x_wconf 83' lang='grc' dir='ltr'>ἀνθρώπων</span> <span class='ocrx_word' id='word_1_226' title='bbox 2839 1426 3148 1497; x_wconf 81' lang='grc' dir='ltr'><strong>ποιμαίνειν</strong></span> <span class='ocrx_word' id='word_1_227' title='bbox 3183 1428 3620 1499; x_wconf 83' lang='grc' dir='ltr'>πεπιστευμένῳ.</span> <span class='ocrx_word' id='word_1_228' title='bbox 3656 1429 3772 1484; x_wconf 72' lang='grc' dir='ltr'><strong>Καὶ</strong></span> 
     </span>
    </p>
   </div>
   <div class='ocr_carea' id='block_1_31' title="bbox 2177 1511 3770 1595">
    <p class='ocr_par' dir='ltr' id='par_1_31' title="bbox 2177 1511 3770 1595">
     <span class='ocr_line' id='line_1_31' title="bbox 2177 1511 3770 1595; baseline -0.001 -24"><span class='ocrx_word' id='word_1_229' title='bbox 2177 1521 2206 1572; x_wconf 93' lang='lat'><strong>6</strong></span> <span class='ocrx_word' id='word_1_230' title='bbox 2235 1518 2458 1588; x_wconf 81' lang='grc' dir='ltr'><strong>Πέτρος,</strong></span> <span class='ocrx_word' id='word_1_231' title='bbox 2521 1518 2581 1570; x_wconf 88' lang='lat'>&#39;0</span> <span class='ocrx_word' id='word_1_232' title='bbox 2599 1515 2800 1595; x_wconf 81' lang='grc' dir='ltr'>Κύριος</span> <span class='ocrx_word' id='word_1_233' title='bbox 2827 1515 3006 1588; x_wconf 81' lang='grc' dir='ltr'>ἡμῶν,</span> <span class='ocrx_word' id='word_1_234' title='bbox 3028 1511 3202 1580; x_wconf 71' lang='grc' dir='ltr'>εἶπεν,</span> <span class='ocrx_word' id='word_1_235' title='bbox 3234 1516 3326 1569; x_wconf 79' lang='grc' dir='ltr'><strong>ἐπὶ</strong></span> <span class='ocrx_word' id='word_1_236' title='bbox 3355 1517 3597 1588; x_wconf 74' lang='grc' dir='ltr'>σωτηρία</span> <span class='ocrx_word' id='word_1_237' title='bbox 3626 1535 3770 1572; x_wconf 88' lang='grc' dir='ltr'>παν-</span> 
     </span>
    </p>
   </div>
   <div class='ocr_carea' id='block_1_32' title="bbox 2175 1608 3768 1684">
    <p class='ocr_par' dir='ltr' id='par_1_32' title="bbox 2175 1608 3768 1684">
     <span class='ocr_line' id='line_1_32' title="bbox 2175 1608 3768 1684; baseline -0.001 -19"><span class='ocrx_word' id='word_1_238' title='bbox 2175 1613 2267 1676; x_wconf 82' lang='grc' dir='ltr'><strong>τὸς</strong></span> <span class='ocrx_word' id='word_1_239' title='bbox 2295 1611 2389 1664; x_wconf 90' lang='grc' dir='ltr'><strong>τοῦ</strong></span> <span class='ocrx_word' id='word_1_240' title='bbox 2419 1610 2624 1682; x_wconf 83' lang='grc' dir='ltr'>κόσμου</span> <span class='ocrx_word' id='word_1_241' title='bbox 2655 1608 2947 1682; x_wconf 87' lang='grc' dir='ltr'>ἐληλυθὼς,</span> <span class='ocrx_word' id='word_1_242' title='bbox 2973 1609 3134 1680; x_wconf 87' lang='grc' dir='ltr'>μόνος</span> <span class='ocrx_word' id='word_1_243' title='bbox 3163 1626 3221 1662; x_wconf 91' lang='grc' dir='ltr'><strong>τε</strong></span> <span class='ocrx_word' id='word_1_244' title='bbox 3255 1608 3397 1680; x_wconf 82' lang='grc' dir='ltr'>ὑπὲρ</span> <span class='ocrx_word' id='word_1_245' title='bbox 3429 1609 3640 1674; x_wconf 81' lang='grc' dir='ltr'>πάντας</span> <span class='ocrx_word' id='word_1_246' title='bbox 3663 1611 3768 1684; x_wconf 79' lang='grc' dir='ltr'>τὴν</span> 
     </span>
    </p>
   </div>
   <div class='ocr_carea' id='block_1_33' title="bbox 2175 1700 3769 1775">
    <p class='ocr_par' dir='ltr' id='par_1_33' title="bbox 2175 1700 3769 1775">
     <span class='ocr_line' id='line_1_33' title="bbox 2175 1700 3769 1775; baseline 0.001 -19"><span class='ocrx_word' id='word_1_247' title='bbox 2175 1703 2349 1775; x_wconf 84' lang='grc' dir='ltr'><strong>ἀληθῆ</strong></span> <span class='ocrx_word' id='word_1_248' title='bbox 2406 1703 2500 1757; x_wconf 77' lang='grc' dir='ltr'>καὶ</span> <span class='ocrx_word' id='word_1_249' title='bbox 2561 1703 2728 1774; x_wconf 83' lang='grc' dir='ltr'>μόνην</span> <span class='ocrx_word' id='word_1_250' title='bbox 2783 1701 3060 1771; x_wconf 82' lang='grc' dir='ltr'>εὐγένειαν</span> <span class='ocrx_word' id='word_1_251' title='bbox 3107 1700 3266 1772; x_wconf 76' lang='grc' dir='ltr'>ἔχων,</span> <span class='ocrx_word' id='word_1_252' title='bbox 3319 1700 3589 1755; x_wconf 84' lang='grc' dir='ltr'>δουλεύειν</span> <span class='ocrx_word' id='word_1_253' title='bbox 3637 1705 3769 1774; x_wconf 69' lang='grc' dir='ltr'><strong>ἠνέ-</strong></span> 
     </span>
    </p>
   </div>
   <div class='ocr_carea' id='block_1_34' title="bbox 494 1792 2063 1868">
    <p class='ocr_par' dir='ltr' id='par_1_34' title="bbox 494 1797 2063 1868">
     <span class='ocr_line' id='line_1_34' title="bbox 494 1797 2063 1868; baseline 0 -12"><span class='ocrx_word' id='word_1_254' title='bbox 494 1801 612 1856; x_wconf 90' lang='lat' dir='ltr'><strong>nuit</strong></span> <span class='ocrx_word' id='word_1_255' title='bbox 636 1800 717 1868; x_wconf 77' lang='lat'><strong>“;</strong></span> <span class='ocrx_word' id='word_1_256' title='bbox 749 1807 811 1854; x_wconf 87' lang='lat' dir='ltr'><strong>ut</strong></span> <span class='ocrx_word' id='word_1_257' title='bbox 832 1797 1049 1855; x_wconf 88' lang='lat' dir='ltr'><strong>doceret</strong></span> <span class='ocrx_word' id='word_1_258' title='bbox 1068 1815 1188 1865; x_wconf 93' lang='lat' dir='ltr'><strong>nos,</strong></span> <span class='ocrx_word' id='word_1_259' title='bbox 1221 1814 1288 1853; x_wconf 90' lang='lat' dir='ltr'><strong>ne</strong></span> <span class='ocrx_word' id='word_1_260' title='bbox 1317 1798 1634 1854; x_wconf 87' lang='lat' dir='ltr'><strong>indecorum</strong></span> <span class='ocrx_word' id='word_1_261' title='bbox 1662 1806 1917 1868; x_wconf 90' lang='lat' dir='ltr'><strong>putemus</strong></span> <span class='ocrx_word' id='word_1_262' title='bbox 1952 1814 2063 1856; x_wconf 88' lang='lat' dir='ltr'><strong>scr-</strong></span> 
     </span>
    </p>
   </div>
   <div class='ocr_carea' id='block_1_35' title="bbox 2168 1792 3766 1868">
    <p class='ocr_par' dir='ltr' id='par_1_35' title="bbox 2173 1792 3766 1866">
     <span class='ocr_line' id='line_1_35' title="bbox 2173 1792 3766 1866; baseline 0.001 -20"><span class='ocrx_word' id='word_1_263' title='bbox 2173 1810 2350 1864; x_wconf 87' lang='grc' dir='ltr'>σχετο,</span> <span class='ocrx_word' id='word_1_264' title='bbox 2384 1794 2449 1848; x_wconf 84' lang='grc' dir='ltr'><strong>ἵν’</strong></span> <span class='ocrx_word' id='word_1_265' title='bbox 2484 1795 2631 1866; x_wconf 78' lang='grc' dir='ltr'>ἡμᾶς</span> <span class='ocrx_word' id='word_1_266' title='bbox 2665 1792 2850 1865; x_wconf 80' lang='grc' dir='ltr'>πείσῃ,</span> <span class='ocrx_word' id='word_1_267' title='bbox 2886 1795 2960 1865; x_wconf 83' lang='grc' dir='ltr'>μὴ</span> <span class='ocrx_word' id='word_1_268' title='bbox 2988 1792 3055 1846; x_wconf 83' lang='grc' dir='ltr'>δι’</span> <span class='ocrx_word' id='word_1_269' title='bbox 3089 1793 3349 1865; x_wconf 78' lang='grc' dir='ltr'><strong>αἰσχύνης</strong></span> <span class='ocrx_word' id='word_1_270' title='bbox 3378 1796 3671 1860; x_wconf 87' lang='grc' dir='ltr'>ποιεῖσθαι,</span> <span class='ocrx_word' id='word_1_271' title='bbox 3701 1796 3766 1848; x_wconf 83' lang='grc' dir='ltr'><strong>τὸ</strong></span> 
     </span>
    </p>
   </div>
   <div class='ocr_carea' id='block_1_36' title="bbox 491 1891 2073 1962">
    <p class='ocr_par' dir='ltr' id='par_1_36' title="bbox 491 1891 2073 1962">
     <span class='ocr_line' id='line_1_36' title="bbox 491 1891 2073 1962; baseline -0.001 -13"><span class='ocrx_word' id='word_1_272' title='bbox 491 1895 620 1949; x_wconf 82' lang='lat' dir='ltr'><strong>vilia</strong></span> <span class='ocrx_word' id='word_1_273' title='bbox 649 1891 957 1948; x_wconf 91' lang='lat' dir='ltr'><strong>ministeria</strong></span> <span class='ocrx_word' id='word_1_274' title='bbox 982 1891 1248 1962; x_wconf 83' lang='lat' dir='ltr'><strong>proximis</strong></span> <span class='ocrx_word' id='word_1_275' title='bbox 1263 1891 1521 1946; x_wconf 79' lang='lat' dir='ltr'><strong>exhibere</strong></span> <span class='ocrx_word' id='word_1_276' title='bbox 1540 1932 1556 1956; x_wconf 93' lang='lat'><strong>,</strong></span> <span class='ocrx_word' id='word_1_277' title='bbox 1589 1891 1839 1961; x_wconf 86' lang='lat' dir='ltr'><strong>quamvis</strong></span> <span class='ocrx_word' id='word_1_278' title='bbox 1861 1891 2073 1947; x_wconf 85' lang='lat' dir='ltr'><strong>nobiles</strong></span> 
     </span>
    </p>
   </div>
   <div class='ocr_carea' id='block_1_37' title="bbox 491 1983 2070 2055">
    <p class='ocr_par' dir='ltr' id='par_1_37' title="bbox 491 1983 2070 2055">
     <span class='ocr_line' id='line_1_37' title="bbox 491 1983 2070 2055; baseline -0.001 -15"><span class='ocrx_word' id='word_1_279' title='bbox 491 1988 688 2050; x_wconf 81' lang='lat' dir='ltr'><strong>simus,</strong></span> <span class='ocrx_word' id='word_1_280' title='bbox 718 1985 972 2055; x_wconf 87' lang='lat' dir='ltr'><strong>quamvis</strong></span> <span class='ocrx_word' id='word_1_281' title='bbox 1016 1984 1315 2053; x_wconf 91' lang='lat' dir='ltr'><strong>plurimum</strong></span> <span class='ocrx_word' id='word_1_282' title='bbox 1363 1998 1460 2037; x_wconf 91' lang='lat' dir='ltr'><strong>eos</strong></span> <span class='ocrx_word' id='word_1_283' title='bbox 1499 1983 1909 2039; x_wconf 76' lang='lat' dir='ltr'><strong>antrcellamus.</strong></span> <span class='ocrx_word' id='word_1_284' title='bbox 1957 1983 2070 2054; x_wconf 87' lang='lat' dir='ltr'><strong>Ego</strong></span> 
     </span>
    </p>
   </div>
   <div class='ocr_carea' id='block_1_38' title="bbox 489 2075 2072 2150">
    <p class='ocr_par' dir='ltr' id='par_1_38' title="bbox 489 2075 2072 2150">
     <span class='ocr_line' id='line_1_38' title="bbox 489 2075 2072 2150; baseline -0.001 -16"><span class='ocrx_word' id='word_1_285' title='bbox 489 2079 678 2150; x_wconf 77' lang='lat' dir='ltr'><strong>excepi</strong></span> <span class='ocrx_word' id='word_1_286' title='bbox 705 2095 718 2130; x_wconf 90' lang='lat'>:</span> <span class='ocrx_word' id='word_1_287' title='bbox 759 2075 816 2132; x_wconf 91' lang='lat' dir='ltr'><strong>Si</strong></span> <span class='ocrx_word' id='word_1_288' title='bbox 841 2076 1148 2132; x_wconf 79' lang='lat' dir='ltr'><strong>existimem</strong></span> <span class='ocrx_word' id='word_1_289' title='bbox 1179 2075 1322 2146; x_wconf 89' lang='lat' dir='ltr'><strong>quod</strong></span> <span class='ocrx_word' id='word_1_290' title='bbox 1346 2085 1399 2130; x_wconf 88' lang='lat' dir='ltr'><strong>te</strong></span> <span class='ocrx_word' id='word_1_291' title='bbox 1424 2075 1669 2130; x_wconf 88' lang='lat' dir='ltr'><strong>oratione</strong></span> <span class='ocrx_word' id='word_1_292' title='bbox 1702 2075 1806 2130; x_wconf 91' lang='lat' dir='ltr'><strong>sim</strong></span> <span class='ocrx_word' id='word_1_293' title='bbox 1846 2093 2072 2147; x_wconf 89' lang='lat' dir='ltr'><strong>supera-</strong></span> 
     </span>
    </p>
   </div>
   <div class='ocr_carea' id='block_1_39' title="bbox 489 2164 2067 2235">
    <p class='ocr_par' dir='ltr' id='par_1_39' title="bbox 489 2164 2067 2235">
     <span class='ocr_line' id='line_1_39' title="bbox 489 2164 2067 2235; baseline -0.001 -11"><span class='ocrx_word' id='word_1_294' title='bbox 489 2181 671 2235; x_wconf 86' lang='lat' dir='ltr'><strong>turus,</strong></span> <span class='ocrx_word' id='word_1_295' title='bbox 729 2182 917 2222; x_wconf 84' lang='lat' dir='ltr'><strong>amens</strong></span> <span class='ocrx_word' id='word_1_296' title='bbox 959 2165 1061 2219; x_wconf 88' lang='lat' dir='ltr'><strong>sim</strong></span> <span class='ocrx_word' id='word_1_297' title='bbox 1110 2165 1270 2235; x_wconf 88' lang='lat' dir='ltr'><strong>plane</strong></span> <span class='ocrx_word' id='word_1_298' title='bbox 1309 2180 1375 2220; x_wconf 88' lang='lat' dir='ltr'><strong>ac</strong></span> <span class='ocrx_word' id='word_1_299' title='bbox 1417 2164 1619 2220; x_wconf 88' lang='lat' dir='ltr'><strong>stultus</strong></span> <span class='ocrx_word' id='word_1_300' title='bbox 1649 2180 1662 2217; x_wconf 89' lang='lat'><strong>:</strong></span> <span class='ocrx_word' id='word_1_301' title='bbox 1691 2173 2067 2222; x_wconf 88' lang='lat' dir='ltr'><strong>verumtamen</strong></span> 
     </span>
    </p>
   </div>
   <div class='ocr_carea' id='block_1_40' title="bbox 489 2257 2066 2333">
    <p class='ocr_par' dir='ltr' id='par_1_40' title="bbox 489 2257 2066 2333">
     <span class='ocr_line' id='line_1_40' title="bbox 489 2257 2066 2333; baseline -0.002 -16"><span class='ocrx_word' id='word_1_302' title='bbox 489 2264 696 2333; x_wconf 73' lang='lat' dir='ltr'><strong>gratias</strong></span> <span class='ocrx_word' id='word_1_303' title='bbox 725 2260 921 2315; x_wconf 76' lang='lat' dir='ltr'><strong>divinae</strong></span> <span class='ocrx_word' id='word_1_304' title='bbox 935 2257 1296 2313; x_wconf 65' lang='lat' dir='ltr'><strong>Providentia:</strong></span> <span class='ocrx_word' id='word_1_305' title='bbox 1327 2257 1524 2323; x_wconf 90' lang='lat' dir='ltr'><strong>habeo,</strong></span> <span class='ocrx_word' id='word_1_306' title='bbox 1556 2265 1608 2313; x_wconf 93' lang='lat' dir='ltr'><strong>te</strong></span> <span class='ocrx_word' id='word_1_307' title='bbox 1631 2257 1754 2313; x_wconf 87' lang='lat' dir='ltr'><strong>loco</strong></span> <span class='ocrx_word' id='word_1_308' title='bbox 1783 2268 2066 2328; x_wconf 91' lang='lat' dir='ltr'><strong>parentum</strong></span> 
     </span>
    </p>
   </div>
   <div class='ocr_carea' id='block_1_41' title="bbox 487 2347 1146 2406">
    <p class='ocr_par' dir='ltr' id='par_1_41' title="bbox 487 2347 1146 2406">
     <span class='ocr_line' id='line_1_41' title="bbox 487 2347 1146 2406; baseline -0.008 0"><span class='ocrx_word' id='word_1_309' title='bbox 487 2352 621 2406; x_wconf 84' lang='lat' dir='ltr'><strong>mihi</strong></span> <span class='ocrx_word' id='word_1_310' title='bbox 652 2356 917 2403; x_wconf 84' lang='lat' dir='ltr'><strong>donatum</strong></span> <span class='ocrx_word' id='word_1_311' title='bbox 955 2347 1146 2402; x_wconf 82' lang='lat' dir='ltr'><strong>fuisse.</strong></span> 
     </span>
    </p>
   </div>
   <div class='ocr_carea' id='block_1_42' title="bbox 559 2436 2066 2508">
    <p class='ocr_par' dir='ltr' id='par_1_42' title="bbox 559 2436 2066 2508">
     <span class='ocr_line' id='line_1_42' title="bbox 559 2436 2066 2508; baseline -0.002 -11"><span class='ocrx_word' id='word_1_312' title='bbox 559 2439 796 2497; x_wconf 74' lang='lat' dir='ltr'><strong>LXXVI.</strong></span> <span class='ocrx_word' id='word_1_313' title='bbox 838 2439 977 2494; x_wconf 79' lang='lat' dir='ltr'><strong>Tum</strong></span> <span class='ocrx_word' id='word_1_314' title='bbox 999 2439 1194 2493; x_wconf 89' lang='lat' dir='ltr'><strong>Petrus</strong></span> <span class='ocrx_word' id='word_1_315' title='bbox 1223 2458 1235 2492; x_wconf 92' lang='lat'><strong>:</strong></span> <span class='ocrx_word' id='word_1_316' title='bbox 1272 2437 1496 2503; x_wconf 88' lang='lat' dir='ltr'><strong>Verene,</strong></span> <span class='ocrx_word' id='word_1_317' title='bbox 1527 2436 1730 2508; x_wconf 90' lang='lat' dir='ltr'><strong>inquit,</strong></span> <span class='ocrx_word' id='word_1_318' title='bbox 1759 2439 1945 2494; x_wconf 90' lang='lat' dir='ltr'><strong>nullus</strong></span> <span class='ocrx_word' id='word_1_319' title='bbox 1969 2439 2066 2494; x_wconf 83' lang='lat' dir='ltr'><strong>tibi</strong></span> 
     </span>
    </p>
   </div>
   <div class='ocr_carea' id='block_1_43' title="bbox 483 2530 2066 2604">
    <p class='ocr_par' dir='ltr' id='par_1_43' title="bbox 483 2530 2066 2604">
     <span class='ocr_line' id='line_1_43' title="bbox 483 2530 2066 2604; baseline -0.002 -14"><span class='ocrx_word' id='word_1_320' title='bbox 483 2544 731 2604; x_wconf 79' lang='lat' dir='ltr'><strong>superest</strong></span> <span class='ocrx_word' id='word_1_321' title='bbox 750 2551 814 2588; x_wconf 80' lang='lat' dir='ltr'><strong>ex</strong></span> <span class='ocrx_word' id='word_1_322' title='bbox 845 2533 1083 2603; x_wconf 82' lang='lat' dir='ltr'><strong>genere?</strong></span> <span class='ocrx_word' id='word_1_323' title='bbox 1112 2531 1178 2584; x_wconf 89' lang='lat' dir='ltr'><strong>Et</strong></span> <span class='ocrx_word' id='word_1_324' title='bbox 1205 2547 1306 2600; x_wconf 87' lang='lat' dir='ltr'><strong>ego</strong></span> <span class='ocrx_word' id='word_1_325' title='bbox 1332 2531 1589 2600; x_wconf 86' lang='lat' dir='ltr'><strong>respondi</strong></span> <span class='ocrx_word' id='word_1_326' title='bbox 1617 2548 1631 2584; x_wconf 89' lang='lat'><strong>:</strong></span> <span class='ocrx_word' id='word_1_327' title='bbox 1671 2530 1812 2585; x_wconf 88' lang='lat' dir='ltr'><strong>Sunt</strong></span> <span class='ocrx_word' id='word_1_328' title='bbox 1847 2532 2066 2602; x_wconf 83' lang='lat' dir='ltr'><strong>quidem</strong></span> 
     </span>
    </p>
   </div>
   <div class='ocr_carea' id='block_1_44' title="bbox 481 2621 2062 2694">
    <p class='ocr_par' dir='ltr' id='par_1_44' title="bbox 481 2621 2062 2694">
     <span class='ocr_line' id='line_1_44' title="bbox 481 2621 2062 2694; baseline -0.002 -15"><span class='ocrx_word' id='word_1_329' title='bbox 481 2627 668 2694; x_wconf 88' lang='lat' dir='ltr'><strong>plures</strong></span> <span class='ocrx_word' id='word_1_330' title='bbox 685 2639 749 2678; x_wconf 89' lang='lat' dir='ltr'><strong>ac</strong></span> <span class='ocrx_word' id='word_1_331' title='bbox 771 2624 951 2693; x_wconf 81' lang='lat' dir='ltr'><strong>magni</strong></span> <span class='ocrx_word' id='word_1_332' title='bbox 979 2623 1098 2685; x_wconf 78' lang='lat' dir='ltr'><strong>viri,</strong></span> <span class='ocrx_word' id='word_1_333' title='bbox 1131 2621 1197 2676; x_wconf 93' lang='lat' dir='ltr'><strong>ad</strong></span> <span class='ocrx_word' id='word_1_334' title='bbox 1228 2621 1501 2675; x_wconf 62' lang='lat' dir='ltr'><strong>Caesarem</strong></span> <span class='ocrx_word' id='word_1_335' title='bbox 1532 2636 1728 2690; x_wconf 79' lang='lat' dir='ltr'><strong>genere</strong></span> <span class='ocrx_word' id='word_1_336' title='bbox 1750 2622 2062 2678; x_wconf 87' lang='lat' dir='ltr'><strong>attinentes.</strong></span> 
     </span>
    </p>
   </div>
   <div class='ocr_carea' id='block_1_45' title="bbox 481 2711 2063 2782">
    <p class='ocr_par' dir='ltr' id='par_1_45' title="bbox 481 2711 2063 2782">
     <span class='ocr_line' id='line_1_45' title="bbox 481 2711 2063 2782; baseline 0.001 -16"><span class='ocrx_word' id='word_1_337' title='bbox 481 2713 617 2766; x_wconf 75' lang='lat' dir='ltr'><strong>Nam</strong></span> <span class='ocrx_word' id='word_1_338' title='bbox 637 2713 774 2782; x_wconf 88' lang='lat' dir='ltr'><strong>patri</strong></span> <span class='ocrx_word' id='word_1_339' title='bbox 814 2727 961 2778; x_wconf 89' lang='lat' dir='ltr'><strong>meo,</strong></span> <span class='ocrx_word' id='word_1_340' title='bbox 989 2721 1049 2766; x_wconf 90' lang='lat' dir='ltr'><strong>ut</strong></span> <span class='ocrx_word' id='word_1_341' title='bbox 1074 2719 1196 2780; x_wconf 87' lang='lat' dir='ltr'><strong>pote</strong></span> <span class='ocrx_word' id='word_1_342' title='bbox 1213 2725 1319 2764; x_wconf 92' lang='lat' dir='ltr'><strong>una</strong></span> <span class='ocrx_word' id='word_1_343' title='bbox 1345 2711 1595 2776; x_wconf 89' lang='lat' dir='ltr'><strong>educato,</strong></span> <span class='ocrx_word' id='word_1_344' title='bbox 1628 2711 1811 2766; x_wconf 75' lang='lat' dir='ltr'><strong>Caesar</strong></span> <span class='ocrx_word' id='word_1_345' title='bbox 1839 2728 2063 2768; x_wconf 80' lang='lat' dir='ltr'><strong>uxorem</strong></span> 
     </span>
    </p>
   </div>
   <div class='ocr_carea' id='block_1_46' title="bbox 481 2802 2066 2876">
    <p class='ocr_par' dir='ltr' id='par_1_46' title="bbox 481 2802 2066 2876">
     <span class='ocr_line' id='line_1_46' title="bbox 481 2802 2066 2876; baseline 0 -16"><span class='ocrx_word' id='word_1_346' title='bbox 481 2814 766 2876; x_wconf 73' lang='lat' dir='ltr'><strong>unguatam</strong></span> <span class='ocrx_word' id='word_1_347' title='bbox 796 2804 980 2874; x_wconf 78' lang='lat' dir='ltr'><strong>junxit</strong></span> <span class='ocrx_word' id='word_1_348' title='bbox 1003 2821 1018 2856; x_wconf 87' lang='lat'><strong>:</strong></span> <span class='ocrx_word' id='word_1_349' title='bbox 1044 2819 1110 2857; x_wconf 83' lang='lat' dir='ltr'><strong>ex</strong></span> <span class='ocrx_word' id='word_1_350' title='bbox 1129 2817 1234 2871; x_wconf 91' lang='lat' dir='ltr'><strong>qua</strong></span> <span class='ocrx_word' id='word_1_351' title='bbox 1270 2811 1377 2856; x_wconf 90' lang='lat' dir='ltr'><strong>tres</strong></span> <span class='ocrx_word' id='word_1_352' title='bbox 1407 2802 1561 2856; x_wconf 88' lang='lat' dir='ltr'><strong>liberi</strong></span> <span class='ocrx_word' id='word_1_353' title='bbox 1587 2803 1694 2857; x_wconf 86' lang='lat' dir='ltr'><strong>orti</strong></span> <span class='ocrx_word' id='word_1_354' title='bbox 1717 2805 2066 2871; x_wconf 86' lang='lat' dir='ltr'><strong>sumus;duo</strong></span> 
     </span>
    </p>
   </div>
   <div class='ocr_carea' id='block_1_47' title="bbox 482 2891 2066 2963">
    <p class='ocr_par' dir='ltr' id='par_1_47' title="bbox 482 2891 2066 2963">
     <span class='ocr_line' id='line_1_47' title="bbox 482 2891 2066 2963; baseline 0.001 -16"><span class='ocrx_word' id='word_1_355' title='bbox 482 2896 702 2963; x_wconf 82' lang='lat' dir='ltr'><strong>quidem</strong></span> <span class='ocrx_word' id='word_1_356' title='bbox 731 2905 857 2947; x_wconf 88' lang='lat' dir='ltr'><strong>ante</strong></span> <span class='ocrx_word' id='word_1_357' title='bbox 891 2909 1009 2958; x_wconf 88' lang='lat' dir='ltr'><strong>me;</strong></span> <span class='ocrx_word' id='word_1_358' title='bbox 1042 2891 1135 2962; x_wconf 90' lang='lat' dir='ltr'><strong>qui</strong></span> <span class='ocrx_word' id='word_1_359' title='bbox 1167 2900 1222 2946; x_wconf 89' lang='lat' dir='ltr'><strong>et</strong></span> <span class='ocrx_word' id='word_1_360' title='bbox 1254 2891 1456 2961; x_wconf 83' lang='lat' dir='ltr'><strong>gemini</strong></span> <span class='ocrx_word' id='word_1_361' title='bbox 1486 2908 1610 2946; x_wconf 90' lang='lat' dir='ltr'><strong>cum</strong></span> <span class='ocrx_word' id='word_1_362' title='bbox 1641 2902 1844 2961; x_wconf 86' lang='lat' dir='ltr'><strong>essent,</strong></span> <span class='ocrx_word' id='word_1_363' title='bbox 1877 2895 2066 2948; x_wconf 87' lang='lat' dir='ltr'><strong>admo-</strong></span> 
     </span>
    </p>
   </div>
   <div class='ocr_carea' id='block_1_48' title="bbox 481 2984 2064 3057">
    <p class='ocr_par' dir='ltr' id='par_1_48' title="bbox 481 2984 2064 3057">
     <span class='ocr_line' id='line_1_48' title="bbox 481 2984 2064 3057; baseline 0.003 -18"><span class='ocrx_word' id='word_1_364' title='bbox 481 2986 612 3039; x_wconf 86' lang='lat' dir='ltr'><strong>dum</strong></span> <span class='ocrx_word' id='word_1_365' title='bbox 637 2987 781 3040; x_wconf 89' lang='lat' dir='ltr'><strong>inter</strong></span> <span class='ocrx_word' id='word_1_366' title='bbox 819 3000 879 3039; x_wconf 90' lang='lat' dir='ltr'><strong>se</strong></span> <span class='ocrx_word' id='word_1_367' title='bbox 906 2984 1113 3039; x_wconf 89' lang='lat' dir='ltr'><strong>similes</strong></span> <span class='ocrx_word' id='word_1_368' title='bbox 1137 2993 1294 3038; x_wconf 89' lang='lat' dir='ltr'><strong>erant</strong></span> <span class='ocrx_word' id='word_1_369' title='bbox 1318 3023 1333 3048; x_wconf 88' lang='lat'><strong>,</strong></span> <span class='ocrx_word' id='word_1_370' title='bbox 1365 2984 1506 3039; x_wconf 88' lang='lat' dir='ltr'><strong>sicut</strong></span> <span class='ocrx_word' id='word_1_371' title='bbox 1530 2985 1663 3039; x_wconf 88' lang='lat' dir='ltr'><strong>mihi</strong></span> <span class='ocrx_word' id='word_1_372' title='bbox 1689 2987 1946 3042; x_wconf 88' lang='lat' dir='ltr'><strong>narrabat</strong></span> <span class='ocrx_word' id='word_1_373' title='bbox 1969 3003 2064 3057; x_wconf 86' lang='lat' dir='ltr'><strong>pa-</strong></span> 
     </span>
    </p>
   </div>
   <div class='ocr_carea' id='block_1_49' title="bbox 480 3077 2062 3150">
    <p class='ocr_par' dir='ltr' id='par_1_49' title="bbox 480 3077 2062 3150">
     <span class='ocr_line' id='line_1_49' title="bbox 480 3077 2062 3150; baseline 0.001 -18"><span class='ocrx_word' id='word_1_374' title='bbox 480 3089 562 3133; x_wconf 89' lang='lat' dir='ltr'><strong>ter</strong></span> <span class='ocrx_word' id='word_1_375' title='bbox 588 3095 600 3131; x_wconf 91' lang='lat'>:</span> <span class='ocrx_word' id='word_1_376' title='bbox 638 3093 739 3150; x_wconf 87' lang='lat' dir='ltr'><strong>ego</strong></span> <span class='ocrx_word' id='word_1_377' title='bbox 773 3078 974 3149; x_wconf 90' lang='lat' dir='ltr'><strong>quippe</strong></span> <span class='ocrx_word' id='word_1_378' title='bbox 1002 3092 1176 3147; x_wconf 88' lang='lat' dir='ltr'><strong>neque</strong></span> <span class='ocrx_word' id='word_1_379' title='bbox 1196 3077 1337 3140; x_wconf 91' lang='lat' dir='ltr'><strong>illos,</strong></span> <span class='ocrx_word' id='word_1_380' title='bbox 1369 3093 1547 3146; x_wconf 90' lang='lat' dir='ltr'><strong>neque</strong></span> <span class='ocrx_word' id='word_1_381' title='bbox 1569 3079 1884 3147; x_wconf 88' lang='lat' dir='ltr'><strong>genitricem</strong></span> <span class='ocrx_word' id='word_1_382' title='bbox 1910 3081 2062 3135; x_wconf 85' lang='lat' dir='ltr'><strong>valde</strong></span> 
     </span>
    </p>
   </div>
   <div class='ocr_carea' id='block_1_50' title="bbox 479 3169 2062 3240">
    <p class='ocr_par' dir='ltr' id='par_1_50' title="bbox 479 3169 2062 3240">
     <span class='ocr_line' id='line_1_50' title="bbox 479 3169 2062 3240; baseline 0.003 -18"><span class='ocrx_word' id='word_1_383' title='bbox 479 3170 626 3234; x_wconf 89' lang='lat' dir='ltr'><strong>novi,</strong></span> <span class='ocrx_word' id='word_1_384' title='bbox 659 3169 752 3224; x_wconf 89' lang='lat' dir='ltr'><strong>sed</strong></span> <span class='ocrx_word' id='word_1_385' title='bbox 775 3170 932 3240; x_wconf 91' lang='lat' dir='ltr'><strong>quasi</strong></span> <span class='ocrx_word' id='word_1_386' title='bbox 959 3184 1054 3238; x_wconf 90' lang='lat' dir='ltr'><strong>per</strong></span> <span class='ocrx_word' id='word_1_387' title='bbox 1083 3169 1356 3223; x_wconf 88' lang='lat' dir='ltr'><strong>somnium</strong></span> <span class='ocrx_word' id='word_1_388' title='bbox 1391 3169 1685 3224; x_wconf 88' lang='lat' dir='ltr'><strong>obscuram</strong></span> <span class='ocrx_word' id='word_1_389' title='bbox 1721 3186 1910 3226; x_wconf 89' lang='lat' dir='ltr'><strong>eorum</strong></span> <span class='ocrx_word' id='word_1_390' title='bbox 1950 3170 2062 3226; x_wconf 81' lang='lat' dir='ltr'><strong>for-</strong></span> 
     </span>
    </p>
   </div>
   <div class='ocr_carea' id='block_1_51' title="bbox 477 3260 2059 3334">
    <p class='ocr_par' dir='ltr' id='par_1_51' title="bbox 477 3260 2059 3334">
     <span class='ocr_line' id='line_1_51' title="bbox 477 3260 2059 3334; baseline 0.004 -19"><span class='ocrx_word' id='word_1_391' title='bbox 477 3277 623 3315; x_wconf 88' lang='lat' dir='ltr'><strong>mam</strong></span> <span class='ocrx_word' id='word_1_392' title='bbox 660 3261 797 3315; x_wconf 91' lang='lat' dir='ltr'><strong>mihi</strong></span> <span class='ocrx_word' id='word_1_393' title='bbox 836 3269 1187 3331; x_wconf 73' lang='lat' dir='ltr'><strong>repraesento.</strong></span> <span class='ocrx_word' id='word_1_394' title='bbox 1223 3260 1395 3333; x_wconf 87' lang='lat' dir='ltr'><strong>Igitur</strong></span> <span class='ocrx_word' id='word_1_395' title='bbox 1441 3272 1618 3318; x_wconf 86' lang='lat' dir='ltr'><strong>mater</strong></span> <span class='ocrx_word' id='word_1_396' title='bbox 1665 3262 1886 3334; x_wconf 88' lang='lat' dir='ltr'><strong>quidem</strong></span> <span class='ocrx_word' id='word_1_397' title='bbox 1939 3281 2059 3321; x_wconf 90' lang='lat' dir='ltr'><strong>mea</strong></span> 
     </span>
    </p>
   </div>
   <div class='ocr_carea' id='block_1_52' title="bbox 475 3353 2060 3425">
    <p class='ocr_par' dir='ltr' id='par_1_52' title="bbox 475 3353 2060 3425">
     <span class='ocr_line' id='line_1_52' title="bbox 475 3353 2060 3425; baseline 0.004 -16"><span class='ocrx_word' id='word_1_398' title='bbox 475 3353 760 3409; x_wconf 81' lang='lat' dir='ltr'><strong>Matthidia</strong></span> <span class='ocrx_word' id='word_1_399' title='bbox 795 3353 1100 3420; x_wconf 86' lang='lat' dir='ltr'><strong>dicebatur,</strong></span> <span class='ocrx_word' id='word_1_400' title='bbox 1140 3365 1293 3424; x_wconf 91' lang='lat' dir='ltr'><strong>pater</strong></span> <span class='ocrx_word' id='word_1_401' title='bbox 1322 3363 1508 3410; x_wconf 91' lang='lat' dir='ltr'><strong>autem</strong></span> <span class='ocrx_word' id='word_1_402' title='bbox 1547 3355 1818 3425; x_wconf 88' lang='lat' dir='ltr'><strong>Faustus;</strong></span> <span class='ocrx_word' id='word_1_403' title='bbox 1862 3357 2060 3415; x_wconf 82' lang='lat' dir='ltr'><strong>Iratres</strong></span> 
     </span>
    </p>
   </div>
   <div class='ocr_carea' id='block_1_53' title="bbox 477 3443 2060 3512">
    <p class='ocr_par' dir='ltr' id='par_1_53' title="bbox 477 3443 2060 3512">
     <span class='ocr_line' id='line_1_53' title="bbox 477 3443 2060 3512; baseline 0.004 -14"><span class='ocrx_word' id='word_1_404' title='bbox 477 3462 633 3508; x_wconf 86' lang='lat' dir='ltr'><strong>vero.</strong></span> <span class='ocrx_word' id='word_1_405' title='bbox 680 3445 820 3500; x_wconf 86' lang='lat' dir='ltr'><strong>alter</strong></span> <span class='ocrx_word' id='word_1_406' title='bbox 844 3443 1164 3512; x_wconf 86' lang='lat' dir='ltr'><strong>Faustinus,</strong></span> <span class='ocrx_word' id='word_1_407' title='bbox 1185 3446 1328 3499; x_wconf 81' lang='lat' dir='ltr'><strong>alter</strong></span> <span class='ocrx_word' id='word_1_408' title='bbox 1362 3445 1754 3503; x_wconf 87' lang='lat' dir='ltr'><strong>Faustinianus</strong></span> <span class='ocrx_word' id='word_1_409' title='bbox 1785 3451 2060 3505; x_wconf 84' lang='lat' dir='ltr'><strong>vocaban-</strong></span> 
     </span>
    </p>
   </div>
   <div class='ocr_carea' id='block_1_54' title="bbox 476 3535 2055 3609">
    <p class='ocr_par' dir='ltr' id='par_1_54' title="bbox 476 3535 2055 3609">
     <span class='ocr_line' id='line_1_54' title="bbox 476 3535 2055 3609; baseline 0.006 -24"><span class='ocrx_word' id='word_1_410' title='bbox 476 3548 583 3592; x_wconf 77' lang='lat' dir='ltr'><strong>tur.</strong></span> <span class='ocrx_word' id='word_1_411' title='bbox 614 3536 752 3592; x_wconf 88' lang='lat' dir='ltr'><strong>Cum</strong></span> <span class='ocrx_word' id='word_1_412' title='bbox 799 3535 966 3607; x_wconf 90' lang='lat' dir='ltr'><strong>igitur</strong></span> <span class='ocrx_word' id='word_1_413' title='bbox 1007 3547 1132 3607; x_wconf 87' lang='lat' dir='ltr'><strong>post</strong></span> <span class='ocrx_word' id='word_1_414' title='bbox 1171 3551 1266 3592; x_wconf 90' lang='lat' dir='ltr'><strong>eos</strong></span> <span class='ocrx_word' id='word_1_415' title='bbox 1297 3538 1491 3594; x_wconf 91' lang='lat' dir='ltr'><strong>tertius</strong></span> <span class='ocrx_word' id='word_1_416' title='bbox 1531 3552 1632 3608; x_wconf 89' lang='lat' dir='ltr'><strong>ego</strong></span> <span class='ocrx_word' id='word_1_417' title='bbox 1667 3547 1828 3596; x_wconf 88' lang='lat' dir='ltr'><strong>natus</strong></span> <span class='ocrx_word' id='word_1_418' title='bbox 1857 3556 2055 3609; x_wconf 90' lang='lat' dir='ltr'><strong>essem,</strong></span> 
     </span>
    </p>
   </div>
   <div class='ocr_carea' id='block_1_55' title="bbox 476 3626 2054 3697">
    <p class='ocr_par' dir='ltr' id='par_1_55' title="bbox 476 3626 2054 3697">
     <span class='ocr_line' id='line_1_55' title="bbox 476 3626 2054 3697; baseline 0.004 -16"><span class='ocrx_word' id='word_1_419' title='bbox 476 3637 672 3688; x_wconf 84' lang='lat' dir='ltr'><strong>mater,</strong></span> <span class='ocrx_word' id='word_1_420' title='bbox 707 3627 1168 3696; x_wconf 90' lang='lat' dir='ltr'><strong>quemadmodum</strong></span> <span class='ocrx_word' id='word_1_421' title='bbox 1191 3637 1346 3697; x_wconf 90' lang='lat' dir='ltr'><strong>pater</strong></span> <span class='ocrx_word' id='word_1_422' title='bbox 1364 3626 1658 3694; x_wconf 86' lang='lat' dir='ltr'><strong>referebat,</strong></span> <span class='ocrx_word' id='word_1_423' title='bbox 1678 3629 1952 3686; x_wconf 87' lang='lat' dir='ltr'><strong>somnium</strong></span> <span class='ocrx_word' id='word_1_424' title='bbox 1977 3635 2054 3688; x_wconf 87' lang='lat' dir='ltr'><strong>vi-</strong></span> 
     </span>
    </p>
   </div>
   <div class='ocr_carea' id='block_1_56' title="bbox 473 3719 2057 3790">
    <p class='ocr_par' dir='ltr' id='par_1_56' title="bbox 473 3719 2057 3790">
     <span class='ocr_line' id='line_1_56' title="bbox 473 3719 2057 3790; baseline 0.004 -17"><span class='ocrx_word' id='word_1_425' title='bbox 473 3721 575 3785; x_wconf 85' lang='lat' dir='ltr'><strong>dit,</strong></span> <span class='ocrx_word' id='word_1_426' title='bbox 601 3720 746 3789; x_wconf 81' lang='lat' dir='ltr'><strong>quod</strong></span> <span class='ocrx_word' id='word_1_427' title='bbox 782 3719 890 3772; x_wconf 87' lang='lat' dir='ltr'><strong>nisi</strong></span> <span class='ocrx_word' id='word_1_428' title='bbox 920 3720 1208 3774; x_wconf 76' lang='lat' dir='ltr'><strong>confestim</strong></span> <span class='ocrx_word' id='word_1_429' title='bbox 1236 3720 1534 3790; x_wconf 90' lang='lat' dir='ltr'><strong>assumptis</strong></span> <span class='ocrx_word' id='word_1_430' title='bbox 1557 3721 1772 3776; x_wconf 89' lang='lat' dir='ltr'><strong>duobus</strong></span> <span class='ocrx_word' id='word_1_431' title='bbox 1795 3723 1921 3778; x_wconf 73' lang='lat' dir='ltr'><strong>[iliis</strong></span> <span class='ocrx_word' id='word_1_432' title='bbox 1941 3725 2057 3781; x_wconf 90' lang='lat' dir='ltr'><strong>suis</strong></span> 
     </span>
    </p>
   </div>
   <div class='ocr_carea' id='block_1_57' title="bbox 473 3811 2055 3886">
    <p class='ocr_par' dir='ltr' id='par_1_57' title="bbox 473 3811 2055 3886">
     <span class='ocr_line' id='line_1_57' title="bbox 473 3811 2055 3886; baseline 0.004 -20"><span class='ocrx_word' id='word_1_433' title='bbox 473 3813 728 3882; x_wconf 86' lang='lat' dir='ltr'><strong>geminis,</strong></span> <span class='ocrx_word' id='word_1_434' title='bbox 779 3811 950 3866; x_wconf 77' lang='lat' dir='ltr'><strong>Roma</strong></span> <span class='ocrx_word' id='word_1_435' title='bbox 1001 3812 1326 3867; x_wconf 88' lang='lat' dir='ltr'><strong>decennium</strong></span> <span class='ocrx_word' id='word_1_436' title='bbox 1379 3814 1615 3882; x_wconf 82' lang='lat' dir='ltr'><strong>abesset,</strong></span> <span class='ocrx_word' id='word_1_437' title='bbox 1666 3815 1783 3886; x_wconf 87' lang='lat' dir='ltr'><strong>ipsa</strong></span> <span class='ocrx_word' id='word_1_438' title='bbox 1818 3832 1942 3872; x_wconf 89' lang='lat' dir='ltr'><strong>cum</strong></span> <span class='ocrx_word' id='word_1_439' title='bbox 1989 3819 2055 3874; x_wconf 88' lang='lat' dir='ltr'><strong>iis</strong></span> 
     </span>
    </p>
   </div>
   <div class='ocr_carea' id='block_1_58' title="bbox 473 3903 1425 3972">
    <p class='ocr_par' dir='ltr' id='par_1_58' title="bbox 473 3903 1425 3972">
     <span class='ocr_line' id='line_1_58' title="bbox 473 3903 1425 3972; baseline 0 -15"><span class='ocrx_word' id='word_1_440' title='bbox 473 3913 650 3958; x_wconf 90' lang='lat' dir='ltr'><strong>morte</strong></span> <span class='ocrx_word' id='word_1_441' title='bbox 683 3903 920 3972; x_wconf 88' lang='lat' dir='ltr'><strong>pessima</strong></span> <span class='ocrx_word' id='word_1_442' title='bbox 945 3912 1090 3958; x_wconf 84' lang='lat' dir='ltr'><strong>esset</strong></span> <span class='ocrx_word' id='word_1_443' title='bbox 1119 3905 1425 3959; x_wconf 89' lang='lat' dir='ltr'><strong>interitura.</strong></span> 
     </span>
    </p>
   </div>
   <div class='ocr_carea' id='block_1_59' title="bbox 542 4078 2050 4155">
    <p class='ocr_par' dir='ltr' id='par_1_59' title="bbox 542 4078 2050 4155">
     <span class='ocr_line' id='line_1_59' title="bbox 542 4078 2050 4155; baseline 0.006 -21"><span class='ocrx_word' id='word_1_444' title='bbox 542 4078 802 4134; x_wconf 77' lang='lat' dir='ltr'><strong>LXXVII.</strong></span> <span class='ocrx_word' id='word_1_445' title='bbox 842 4079 1002 4135; x_wconf 85' lang='lat' dir='ltr'><strong>Pater</strong></span> <span class='ocrx_word' id='word_1_446' title='bbox 1034 4081 1226 4150; x_wconf 80' lang='lat' dir='ltr'><strong>igitur,</strong></span> <span class='ocrx_word' id='word_1_447' title='bbox 1253 4083 1345 4152; x_wconf 94' lang='lat' dir='ltr'><strong>qui</strong></span> <span class='ocrx_word' id='word_1_448' title='bbox 1369 4083 1670 4139; x_wconf 90' lang='lat' dir='ltr'><strong>liberorum</strong></span> <span class='ocrx_word' id='word_1_449' title='bbox 1693 4099 1887 4142; x_wconf 90' lang='lat' dir='ltr'><strong>amans</strong></span> <span class='ocrx_word' id='word_1_450' title='bbox 1913 4099 2050 4155; x_wconf 87' lang='lat' dir='ltr'><strong>erat,</strong></span> 
     </span>
    </p>
   </div>
   <div class='ocr_carea' id='block_1_60' title="bbox 469 4173 2050 4246">
    <p class='ocr_par' dir='ltr' id='par_1_60' title="bbox 469 4173 2050 4246">
     <span class='ocr_line' id='line_1_60' title="bbox 469 4173 2050 4246; baseline 0.004 -18"><span class='ocrx_word' id='word_1_451' title='bbox 469 4188 597 4228; x_wconf 84' lang='lat' dir='ltr'><strong>cum</strong></span> <span class='ocrx_word' id='word_1_452' title='bbox 629 4174 803 4228; x_wconf 87' lang='lat' dir='ltr'><strong>servis</strong></span> <span class='ocrx_word' id='word_1_453' title='bbox 833 4183 887 4226; x_wconf 88' lang='lat' dir='ltr'><strong>et</strong></span> <span class='ocrx_word' id='word_1_454' title='bbox 912 4173 1147 4240; x_wconf 82' lang='lat' dir='ltr'><strong>ancillis,</strong></span> <span class='ocrx_word' id='word_1_455' title='bbox 1177 4189 1241 4229; x_wconf 91' lang='lat' dir='ltr'><strong>ac</strong></span> <span class='ocrx_word' id='word_1_456' title='bbox 1266 4175 1394 4228; x_wconf 85' lang='lat' dir='ltr'><strong>dato</strong></span> <span class='ocrx_word' id='word_1_457' title='bbox 1411 4175 1720 4232; x_wconf 74' lang='lat' dir='ltr'><strong>sulﬁciente</strong></span> <span class='ocrx_word' id='word_1_458' title='bbox 1744 4177 1964 4246; x_wconf 86' lang='lat' dir='ltr'><strong>viatico,</strong></span> <span class='ocrx_word' id='word_1_459' title='bbox 1997 4181 2050 4235; x_wconf 93' lang='lat' dir='ltr'><strong>in</strong></span> 
     </span>
    </p>
   </div>
   <div class='ocr_carea' id='block_1_61' title="bbox 469 4263 2048 4333">
    <p class='ocr_par' dir='ltr' id='par_1_61' title="bbox 469 4263 2048 4333">
     <span class='ocr_line' id='line_1_61' title="bbox 469 4263 2048 4333; baseline 0.005 -15"><span class='ocrx_word' id='word_1_460' title='bbox 469 4280 664 4318; x_wconf 88' lang='lat' dir='ltr'><strong>navem</strong></span> <span class='ocrx_word' id='word_1_461' title='bbox 698 4263 1009 4333; x_wconf 83' lang='lat' dir='ltr'><strong>impositos,</strong></span> <span class='ocrx_word' id='word_1_462' title='bbox 1034 4265 1280 4321; x_wconf 86' lang='lat' dir='ltr'><strong>Athenas</strong></span> <span class='ocrx_word' id='word_1_463' title='bbox 1301 4266 1465 4320; x_wconf 89' lang='lat' dir='ltr'><strong>etiam</strong></span> <span class='ocrx_word' id='word_1_464' title='bbox 1497 4267 1825 4325; x_wconf 88' lang='lat' dir='ltr'><strong>erudiendos</strong></span> <span class='ocrx_word' id='word_1_465' title='bbox 1863 4271 2048 4327; x_wconf 88' lang='lat' dir='ltr'><strong>misit:</strong></span> 
     </span>
    </p>
   </div>
   <div class='ocr_carea' id='block_1_62' title="bbox 470 4356 2047 4418">
    <p class='ocr_par' dir='ltr' id='par_1_62' title="bbox 470 4356 2047 4418">
     <span class='ocr_line' id='line_1_62' title="bbox 470 4356 2047 4418; baseline 0.005 -8"><span class='ocrx_word' id='word_1_466' title='bbox 470 4372 559 4410; x_wconf 88' lang='lat' dir='ltr'><strong>me</strong></span> <span class='ocrx_word' id='word_1_467' title='bbox 602 4370 732 4412; x_wconf 83' lang='lat' dir='ltr'><strong>vero</strong></span> <span class='ocrx_word' id='word_1_468' title='bbox 770 4356 950 4410; x_wconf 92' lang='lat' dir='ltr'><strong>solum</strong></span> <span class='ocrx_word' id='word_1_469' title='bbox 988 4357 1056 4411; x_wconf 88' lang='lat' dir='ltr'><strong>ad</strong></span> <span class='ocrx_word' id='word_1_470' title='bbox 1106 4358 1536 4413; x_wconf 86' lang='lat' dir='ltr'><strong>consolationem</strong></span> <span class='ocrx_word' id='word_1_471' title='bbox 1587 4374 1770 4414; x_wconf 91' lang='lat' dir='ltr'><strong>secum</strong></span> <span class='ocrx_word' id='word_1_472' title='bbox 1807 4361 2047 4418; x_wconf 89' lang='lat' dir='ltr'><strong>retinuit.</strong></span> 
     </span>
    </p>
   </div>
   <div class='ocr_carea' id='block_1_63' title="bbox 2172 1885 3767 1960">
    <p class='ocr_par' dir='ltr' id='par_1_63' title="bbox 2172 1885 3767 1960">
     <span class='ocr_line' id='line_1_63' title="bbox 2172 1885 3767 1960; baseline 0.001 -17"><span class='ocrx_word' id='word_1_473' title='bbox 2172 1887 2420 1952; x_wconf 81' lang='grc' dir='ltr'>δουλικὰς</span> <span class='ocrx_word' id='word_1_474' title='bbox 2448 1885 2781 1960; x_wconf 80' lang='grc' dir='ltr'>προσφέρειν</span> <span class='ocrx_word' id='word_1_475' title='bbox 2808 1890 2921 1951; x_wconf 88' lang='grc' dir='ltr'>τοῖς</span> <span class='ocrx_word' id='word_1_476' title='bbox 2948 1886 3170 1958; x_wconf 82' lang='grc' dir='ltr'>πλησίον</span> <span class='ocrx_word' id='word_1_477' title='bbox 3198 1887 3523 1958; x_wconf 84' lang='grc' dir='ltr'>ὑπηρεσίας,</span> <span class='ocrx_word' id='word_1_478' title='bbox 3552 1888 3658 1943; x_wconf 78' lang='grc' dir='ltr'>κᾶν</span> <span class='ocrx_word' id='word_1_479' title='bbox 3679 1891 3767 1944; x_wconf 84' lang='grc' dir='ltr'>εὑ-</span> 
     </span>
    </p>
   </div>
   <div class='ocr_carea' id='block_1_64' title="bbox 2173 1973 3764 2052">
    <p class='ocr_par' dir='ltr' id='par_1_64' title="bbox 2173 1973 3764 2052">
     <span class='ocr_line' id='line_1_64' title="bbox 2173 1973 3764 2052; baseline 0.001 -18"><span class='ocrx_word' id='word_1_480' title='bbox 2173 1983 2350 2050; x_wconf 89' lang='grc' dir='ltr'>γενεῖς</span> <span class='ocrx_word' id='word_1_481' title='bbox 2378 1973 2549 2052; x_wconf 77' lang='grc' dir='ltr'>ὦμεν,</span> <span class='ocrx_word' id='word_1_482' title='bbox 2584 1978 2688 2034; x_wconf 80' lang='grc' dir='ltr'>κᾶν</span> <span class='ocrx_word' id='word_1_483' title='bbox 2715 1977 2964 2033; x_wconf 89' lang='grc' dir='ltr'>πλεῖστον</span> <span class='ocrx_word' id='word_1_484' title='bbox 2990 1979 3168 2033; x_wconf 85' lang='grc' dir='ltr'>αὑτῶν</span> <span class='ocrx_word' id='word_1_485' title='bbox 3190 1979 3556 2051; x_wconf 85' lang='grc' dir='ltr'>διαφέρωμεν.</span> <span class='ocrx_word' id='word_1_486' title='bbox 3589 1981 3764 2050; x_wconf 78' lang='grc' dir='ltr'><strong>Κάγὼ</strong></span> 
     </span>
    </p>
   </div>
   <div class='ocr_carea' id='block_1_65' title="bbox 2170 2069 3762 2145">
    <p class='ocr_par' dir='ltr' id='par_1_65' title="bbox 2170 2069 3762 2145">
     <span class='ocr_line' id='line_1_65' title="bbox 2170 2069 3762 2145; baseline 0.001 -19"><span class='ocrx_word' id='word_1_487' title='bbox 2170 2073 2334 2145; x_wconf 76' lang='grc' dir='ltr'>ἔφην’</span> <span class='ocrx_word' id='word_1_488' title='bbox 2368 2073 2431 2126; x_wconf 89' lang='grc' dir='ltr'>Εἰ</span> <span class='ocrx_word' id='word_1_489' title='bbox 2464 2072 2606 2144; x_wconf 85' lang='grc' dir='ltr'>λόγῳ</span> <span class='ocrx_word' id='word_1_490' title='bbox 2637 2089 2696 2125; x_wconf 89' lang='grc' dir='ltr'><strong>σε</strong></span> <span class='ocrx_word' id='word_1_491' title='bbox 2723 2072 2968 2144; x_wconf 84' lang='grc' dir='ltr'>νικήσειν</span> <span class='ocrx_word' id='word_1_492' title='bbox 3001 2071 3205 2142; x_wconf 75' lang='grc' dir='ltr'>οἴομαι,</span> <span class='ocrx_word' id='word_1_493' title='bbox 3243 2069 3429 2144; x_wconf 80' lang='grc' dir='ltr'>ἄφρων</span> <span class='ocrx_word' id='word_1_494' title='bbox 3470 2073 3587 2143; x_wconf 76' lang='grc' dir='ltr'>εἰμὶ</span> <span class='ocrx_word' id='word_1_495' title='bbox 3616 2073 3762 2127; x_wconf 84' lang='grc' dir='ltr'><strong>κατά</strong></span> 
     </span>
    </p>
   </div>
   <div class='ocr_carea' id='block_1_66' title="bbox 2169 2157 3761 2236">
    <p class='ocr_par' dir='ltr' id='par_1_66' title="bbox 2169 2157 3761 2236">
     <span class='ocr_line' id='line_1_66' title="bbox 2169 2157 3761 2236; baseline 0.001 -20"><span class='ocrx_word' id='word_1_496' title='bbox 2169 2164 2230 2217; x_wconf 84' lang='grc' dir='ltr'><strong>τὸ</strong></span> <span class='ocrx_word' id='word_1_497' title='bbox 2262 2163 2492 2236; x_wconf 80' lang='grc' dir='ltr'>φανερὸν</span> <span class='ocrx_word' id='word_1_498' title='bbox 2524 2164 2619 2217; x_wconf 71' lang='grc' dir='ltr'><strong>καὶ</strong></span> <span class='ocrx_word' id='word_1_499' title='bbox 2651 2162 2904 2234; x_wconf 86' lang='grc' dir='ltr'>ἀνόητος·</span> <span class='ocrx_word' id='word_1_500' title='bbox 2941 2160 3081 2233; x_wconf 83' lang='grc' dir='ltr'>πλὴν</span> <span class='ocrx_word' id='word_1_501' title='bbox 3107 2161 3240 2215; x_wconf 83' lang='grc' dir='ltr'>ἀλλὰ</span> <span class='ocrx_word' id='word_1_502' title='bbox 3261 2161 3415 2232; x_wconf 83' lang='grc' dir='ltr'>χάριν</span> <span class='ocrx_word' id='word_1_503' title='bbox 3436 2157 3554 2216; x_wconf 81' lang='grc' dir='ltr'>οἶδα</span> <span class='ocrx_word' id='word_1_504' title='bbox 3572 2166 3638 2233; x_wconf 78' lang='grc' dir='ltr'>τῇ</span> <span class='ocrx_word' id='word_1_505' title='bbox 3659 2164 3761 2217; x_wconf 89' lang='grc' dir='ltr'><strong>τοῦ</strong></span> 
     </span>
    </p>
   </div>
   <div class='ocr_carea' id='block_1_67' title="bbox 2171 2256 3760 2331">
    <p class='ocr_par' dir='ltr' id='par_1_67' title="bbox 2171 2256 3760 2331">
     <span class='ocr_line' id='line_1_67' title="bbox 2171 2256 3760 2331; baseline 0.001 -21"><span class='ocrx_word' id='word_1_506' title='bbox 2171 2257 2305 2310; x_wconf 83' lang='grc' dir='ltr'>Θεοῦ</span> <span class='ocrx_word' id='word_1_507' title='bbox 2352 2257 2599 2330; x_wconf 77' lang='grc' dir='ltr'>προνοίᾳ,</span> <span class='ocrx_word' id='word_1_508' title='bbox 2635 2258 2717 2312; x_wconf 86' lang='grc' dir='ltr'>ὅτι</span> <span class='ocrx_word' id='word_1_509' title='bbox 2762 2275 2868 2331; x_wconf 88' lang='grc' dir='ltr'><strong>περ</strong></span> <span class='ocrx_word' id='word_1_510' title='bbox 2905 2258 2986 2322; x_wconf 85' lang='grc' dir='ltr'><strong>είς</strong></span> <span class='ocrx_word' id='word_1_511' title='bbox 3025 2258 3226 2328; x_wconf 87' lang='grc' dir='ltr'>γονέων</span> <span class='ocrx_word' id='word_1_512' title='bbox 3266 2256 3460 2330; x_wconf 80' lang='grc' dir='ltr'>μοῖραν</span> <span class='ocrx_word' id='word_1_513' title='bbox 3501 2258 3647 2330; x_wconf 78' lang='grc' dir='ltr'>ἔχειν</span> <span class='ocrx_word' id='word_1_514' title='bbox 3695 2276 3760 2312; x_wconf 88' lang='grc' dir='ltr'><strong>σε</strong></span> 
     </span>
    </p>
   </div>
   <div class='ocr_carea' id='block_1_68' title="bbox 2175 2349 2541 2420">
    <p class='ocr_par' dir='ltr' id='par_1_68' title="bbox 2175 2349 2541 2420">
     <span class='ocr_line' id='line_1_68' title="bbox 2175 2349 2541 2420; baseline -0.003 -17"><span class='ocrx_word' id='word_1_515' title='bbox 2175 2349 2541 2420; x_wconf 79' lang='grc' dir='ltr'>κατηξίωμαι.</span> 
     </span>
    </p>
   </div>
   <div class='ocr_carea' id='block_1_69' title="bbox 2244 2439 3779 2514">
    <p class='ocr_par' dir='ltr' id='par_1_69' title="bbox 2244 2439 3779 2514">
     <span class='ocr_line' id='line_1_69' title="bbox 2244 2439 3779 2514; baseline 0.001 -20"><span class='ocrx_word' id='word_1_516' title='bbox 2244 2439 2476 2494; x_wconf 76' lang='lat' dir='ltr'><strong>LXXVI.</strong></span> <span class='ocrx_word' id='word_1_517' title='bbox 2513 2441 2668 2495; x_wconf 78' lang='grc' dir='ltr'>Καὶό</span> <span class='ocrx_word' id='word_1_518' title='bbox 2697 2441 2924 2514; x_wconf 87' lang='grc' dir='ltr'>Πέτρος,</span> <span class='ocrx_word' id='word_1_519' title='bbox 2948 2441 3136 2505; x_wconf 74' lang='grc' dir='ltr'>Οὐδεὶς</span> <span class='ocrx_word' id='word_1_520' title='bbox 3167 2441 3226 2494; x_wconf 86' lang='grc' dir='ltr'><strong>δέ</strong></span> <span class='ocrx_word' id='word_1_521' title='bbox 3261 2459 3342 2494; x_wconf 91' lang='grc' dir='ltr'><strong>σοι</strong></span> <span class='ocrx_word' id='word_1_522' title='bbox 3371 2441 3603 2512; x_wconf 83' lang='grc' dir='ltr'>ἀληθῶς,</span> <span class='ocrx_word' id='word_1_523' title='bbox 3624 2441 3779 2512; x_wconf 65' lang='lat' dir='ltr'><strong>Egon,‘</strong></span> 
     </span>
    </p>
   </div>
   <div class='ocr_carea' id='block_1_70' title="bbox 2170 2533 3756 2607">
    <p class='ocr_par' dir='ltr' id='par_1_70' title="bbox 2170 2533 3756 2607">
     <span class='ocr_line' id='line_1_70' title="bbox 2170 2533 3756 2607; baseline 0.001 -22"><span class='ocrx_word' id='word_1_524' title='bbox 2170 2533 2307 2604; x_wconf 80' lang='grc' dir='ltr'>πρὸς</span> <span class='ocrx_word' id='word_1_525' title='bbox 2337 2533 2527 2602; x_wconf 84' lang='grc' dir='ltr'>γένους</span> <span class='ocrx_word' id='word_1_526' title='bbox 2552 2534 2821 2605; x_wconf 87' lang='grc' dir='ltr'>ὑπάρχει;</span> <span class='ocrx_word' id='word_1_527' title='bbox 2845 2533 3016 2602; x_wconf 85' lang='grc' dir='ltr'><strong>Κάγὼ</strong></span> <span class='ocrx_word' id='word_1_528' title='bbox 3047 2535 3448 2606; x_wconf 80' lang='grc' dir='ltr'>ἀπεκρινάμην·</span> <span class='ocrx_word' id='word_1_529' title='bbox 3491 2535 3612 2589; x_wconf 68' lang='lat' dir='ltr'><strong>Elei.</strong></span> <span class='ocrx_word' id='word_1_530' title='bbox 3645 2536 3756 2607; x_wconf 81' lang='grc' dir='ltr'>μὴν</span> 
     </span>
    </p>
   </div>
   <div class='ocr_carea' id='block_1_71' title="bbox 2170 2624 3755 2699">
    <p class='ocr_par' dir='ltr' id='par_1_71' title="bbox 2170 2624 3755 2699">
     <span class='ocr_line' id='line_1_71' title="bbox 2170 2624 3755 2699; baseline 0.002 -21"><span class='ocrx_word' id='word_1_531' title='bbox 2170 2625 2352 2678; x_wconf 81' lang='grc' dir='ltr'>πολλοὶ</span> <span class='ocrx_word' id='word_1_532' title='bbox 2410 2625 2504 2679; x_wconf 84' lang='grc' dir='ltr'><strong>καὶ</strong></span> <span class='ocrx_word' id='word_1_533' title='bbox 2555 2624 2778 2696; x_wconf 84' lang='grc' dir='ltr'>μεγάλοι</span> <span class='ocrx_word' id='word_1_534' title='bbox 2824 2625 3035 2698; x_wconf 80' lang='grc' dir='ltr'>ἄνδρες,</span> <span class='ocrx_word' id='word_1_535' title='bbox 3091 2625 3329 2698; x_wconf 86' lang='grc' dir='ltr'>Καίσαρι</span> <span class='ocrx_word' id='word_1_536' title='bbox 3382 2628 3755 2699; x_wconf 80' lang='grc' dir='ltr'>προσήκοντες</span> 
     </span>
    </p>
   </div>
   <div class='ocr_carea' id='block_1_72' title="bbox 2169 2716 3753 2791">
    <p class='ocr_par' dir='ltr' id='par_1_72' title="bbox 2169 2716 3753 2791">
     <span class='ocr_line' id='line_1_72' title="bbox 2169 2716 3753 2791; baseline -0.001 -21"><span class='ocrx_word' id='word_1_537' title='bbox 2169 2716 2311 2770; x_wconf 85' lang='grc' dir='ltr'><strong>κατὰ</strong></span> <span class='ocrx_word' id='word_1_538' title='bbox 2332 2716 2507 2786; x_wconf 83' lang='grc' dir='ltr'>γένος.</span> <span class='ocrx_word' id='word_1_539' title='bbox 2547 2717 2706 2770; x_wconf 83' lang='grc' dir='ltr'>Ὅθεν</span> <span class='ocrx_word' id='word_1_540' title='bbox 2734 2717 2812 2789; x_wconf 81' lang='grc' dir='ltr'>τῷ</span> <span class='ocrx_word' id='word_1_541' title='bbox 2839 2716 2960 2788; x_wconf 84' lang='grc' dir='ltr'>ἐμῷ</span> <span class='ocrx_word' id='word_1_542' title='bbox 2988 2719 3156 2789; x_wconf 85' lang='grc' dir='ltr'>πατρὶ</span> <span class='ocrx_word' id='word_1_543' title='bbox 3185 2718 3261 2781; x_wconf 84' lang='grc' dir='ltr'>ὡς</span> <span class='ocrx_word' id='word_1_544' title='bbox 3287 2719 3382 2773; x_wconf 77' lang='grc' dir='ltr'><strong>καὶ</strong></span> <span class='ocrx_word' id='word_1_545' title='bbox 3403 2720 3682 2791; x_wconf 83' lang='grc' dir='ltr'>συντρόφῳ</span> <span class='ocrx_word' id='word_1_546' title='bbox 3705 2721 3753 2752; x_wconf 81' lang='grc'><strong><em>³⁸</em></strong></span> 
     </span>
    </p>
   </div>
   <div class='ocr_carea' id='block_1_73' title="bbox 2169 2812 3753 2888">
    <p class='ocr_par' dir='ltr' id='par_1_73' title="bbox 2169 2812 3753 2888">
     <span class='ocr_line' id='line_1_73' title="bbox 2169 2812 3753 2888; baseline 0.004 -25"><span class='ocrx_word' id='word_1_547' title='bbox 2169 2812 2384 2882; x_wconf 85' lang='grc' dir='ltr'>Καῖσαρ</span> <span class='ocrx_word' id='word_1_548' title='bbox 2412 2813 2645 2880; x_wconf 87' lang='grc' dir='ltr'>γυναῖκα</span> <span class='ocrx_word' id='word_1_549' title='bbox 2674 2815 2908 2886; x_wconf 70' lang='grc' dir='ltr'>συγγενῆ</span> <span class='ocrx_word' id='word_1_550' title='bbox 2941 2816 3316 2887; x_wconf 89' lang='grc' dir='ltr'>συνηρμόσατο</span> <span class='ocrx_word' id='word_1_551' title='bbox 3333 2833 3347 2846; x_wconf 75' lang='grc' dir='ltr'><strong>ο</strong></span> <span class='ocrx_word' id='word_1_552' title='bbox 3387 2816 3480 2886; x_wconf 85' lang='grc' dir='ltr'>ἀφ’</span> <span class='ocrx_word' id='word_1_553' title='bbox 3508 2812 3575 2888; x_wconf 84' lang='grc' dir='ltr'>ἦς</span> <span class='ocrx_word' id='word_1_554' title='bbox 3601 2820 3753 2888; x_wconf 85' lang='grc' dir='ltr'>τρεῖς</span> 
     </span>
    </p>
   </div>
   <div class='ocr_carea' id='block_1_74' title="bbox 2167 2903 3752 2980">
    <p class='ocr_par' dir='ltr' id='par_1_74' title="bbox 2167 2903 3752 2980">
     <span class='ocr_line' id='line_1_74' title="bbox 2167 2903 3752 2980; baseline 0.005 -25"><span class='ocrx_word' id='word_1_555' title='bbox 2167 2903 2462 2975; x_wconf 76' lang='grc' dir='ltr'>ἐγενόμεθα</span> <span class='ocrx_word' id='word_1_556' title='bbox 2511 2904 2644 2957; x_wconf 67' lang='lat' dir='ltr'><strong>uio!“</strong></span> <span class='ocrx_word' id='word_1_557' title='bbox 2689 2905 2782 2958; x_wconf 87' lang='grc' dir='ltr'><strong>δύο</strong></span> <span class='ocrx_word' id='word_1_558' title='bbox 2835 2907 2934 2977; x_wconf 83' lang='grc' dir='ltr'><strong>μὲν</strong></span> <span class='ocrx_word' id='word_1_559' title='bbox 2981 2908 3085 2979; x_wconf 88' lang='grc' dir='ltr'><strong>πρὸ</strong></span> <span class='ocrx_word' id='word_1_560' title='bbox 3115 2907 3269 2978; x_wconf 86' lang='grc' dir='ltr'>ἐμοῦ,</span> <span class='ocrx_word' id='word_1_561' title='bbox 3317 2909 3366 2961; x_wconf 83' lang='grc' dir='ltr'>οἳ</span> <span class='ocrx_word' id='word_1_562' title='bbox 3405 2909 3498 2962; x_wconf 76' lang='grc' dir='ltr'>καὶ</span> <span class='ocrx_word' id='word_1_563' title='bbox 3539 2909 3752 2980; x_wconf 87' lang='grc' dir='ltr'>δίδυμοι</span> 
     </span>
    </p>
   </div>
   <div class='ocr_carea' id='block_1_75' title="bbox 2166 2994 3750 3070">
    <p class='ocr_par' dir='ltr' id='par_1_75' title="bbox 2166 2994 3750 3070">
     <span class='ocr_line' id='line_1_75' title="bbox 2166 2994 3750 3070; baseline 0.005 -23"><span class='ocrx_word' id='word_1_564' title='bbox 2166 2994 2336 3058; x_wconf 75' lang='grc' dir='ltr'>ὄντες,</span> <span class='ocrx_word' id='word_1_565' title='bbox 2369 2996 2564 3067; x_wconf 77' lang='grc' dir='ltr'>κομιδῇ</span> <span class='ocrx_word' id='word_1_566' title='bbox 2594 2997 2768 3067; x_wconf 83' lang='grc' dir='ltr'>ὅμοιοι</span> <span class='ocrx_word' id='word_1_567' title='bbox 2801 2999 3052 3070; x_wconf 86' lang='grc' dir='ltr'>ἀλλήλοις</span> <span class='ocrx_word' id='word_1_568' title='bbox 3086 2999 3400 3069; x_wconf 83' lang='grc' dir='ltr'>ἐτύγχανον,</span> <span class='ocrx_word' id='word_1_569' title='bbox 3437 3001 3511 3063; x_wconf 86' lang='grc' dir='ltr'>ὡς</span> <span class='ocrx_word' id='word_1_570' title='bbox 3558 3004 3588 3054; x_wconf 93' lang='lat'><strong>6</strong></span> <span class='ocrx_word' id='word_1_571' title='bbox 3644 3019 3750 3056; x_wconf 85' lang='grc' dir='ltr'>πα-</span> 
     </span>
    </p>
   </div>
   <div class='ocr_carea' id='block_1_76' title="bbox 2165 3087 3747 3164">
    <p class='ocr_par' dir='ltr' id='par_1_76' title="bbox 2165 3087 3747 3164">
     <span class='ocr_line' id='line_1_76' title="bbox 2165 3087 3747 3164; baseline 0.006 -26"><span class='ocrx_word' id='word_1_572' title='bbox 2165 3087 2271 3158; x_wconf 79' lang='grc' dir='ltr'><strong>τὴρ</strong></span> <span class='ocrx_word' id='word_1_573' title='bbox 2293 3087 2535 3159; x_wconf 82' lang='grc' dir='ltr'>ἐξηγεῖτό</span> <span class='ocrx_word' id='word_1_574' title='bbox 2569 3106 2677 3159; x_wconf 92' lang='grc' dir='ltr'>μοι.</span> <span class='ocrx_word' id='word_1_575' title='bbox 2722 3089 2861 3160; x_wconf 84' lang='grc' dir='ltr'><strong>Ἐγὼ</strong></span> <span class='ocrx_word' id='word_1_576' title='bbox 2887 3090 2996 3162; x_wconf 86' lang='grc' dir='ltr'>γὰρ</span> <span class='ocrx_word' id='word_1_577' title='bbox 3010 3089 3130 3143; x_wconf 80' lang='grc' dir='ltr'>οὔτε</span> <span class='ocrx_word' id='word_1_578' title='bbox 3151 3091 3366 3156; x_wconf 74' lang='grc' dir='ltr'>αὐτοὺς,</span> <span class='ocrx_word' id='word_1_579' title='bbox 3386 3091 3506 3146; x_wconf 79' lang='grc' dir='ltr'>οὕτε</span> <span class='ocrx_word' id='word_1_580' title='bbox 3535 3093 3637 3164; x_wconf 82' lang='grc' dir='ltr'>τὴν</span> <span class='ocrx_word' id='word_1_581' title='bbox 3655 3112 3747 3147; x_wconf 84' lang='grc' dir='ltr'>τε-</span> 
     </span>
    </p>
   </div>
   <div class='ocr_carea' id='block_1_77' title="bbox 2166 3180 3747 3259">
    <p class='ocr_par' dir='ltr' id='par_1_77' title="bbox 2166 3180 3747 3259">
     <span class='ocr_line' id='line_1_77' title="bbox 2166 3180 3747 3259; baseline 0.006 -28"><span class='ocrx_word' id='word_1_582' title='bbox 2166 3180 2367 3234; x_wconf 88' lang='grc' dir='ltr'>κοῦσαν</span> <span class='ocrx_word' id='word_1_583' title='bbox 2416 3181 2556 3234; x_wconf 84' lang='grc' dir='ltr'>πάνυ</span> <span class='ocrx_word' id='word_1_584' title='bbox 2609 3181 2928 3253; x_wconf 74' lang='grc' dir='ltr'>ἐπίσταμαιο</span> <span class='ocrx_word' id='word_1_585' title='bbox 2989 3183 3102 3236; x_wconf 84' lang='grc' dir='ltr'>ἀλλ’</span> <span class='ocrx_word' id='word_1_586' title='bbox 3157 3183 3346 3256; x_wconf 82' lang='grc' dir='ltr'>ὥσπερ</span> <span class='ocrx_word' id='word_1_587' title='bbox 3395 3185 3464 3238; x_wconf 74' lang='grc' dir='ltr'>δι’</span> <span class='ocrx_word' id='word_1_588' title='bbox 3520 3185 3747 3259; x_wconf 83' lang='grc' dir='ltr'>ὀνείρων</span> 
     </span>
    </p>
   </div>
   <div class='ocr_carea' id='block_1_78' title="bbox 2163 3269 3743 3348">
    <p class='ocr_par' dir='ltr' id='par_1_78' title="bbox 2163 3269 3743 3348">
     <span class='ocr_line' id='line_1_78' title="bbox 2163 3269 3743 3348; baseline 0.003 -22"><span class='ocrx_word' id='word_1_589' title='bbox 2163 3271 2402 3344; x_wconf 80' lang='grc' dir='ltr'>ἀμυδρὸν</span> <span class='ocrx_word' id='word_1_590' title='bbox 2461 3270 2642 3326; x_wconf 81' lang='grc' dir='ltr'>αὐτῶν</span> <span class='ocrx_word' id='word_1_591' title='bbox 2695 3273 2790 3327; x_wconf 64' lang='grc' dir='ltr'><strong>κοιλ⁸</strong></span> <span class='ocrx_word' id='word_1_592' title='bbox 2833 3273 2895 3326; x_wconf 82' lang='grc' dir='ltr'><strong>τὸ</strong></span> <span class='ocrx_word' id='word_1_593' title='bbox 2923 3269 3062 3337; x_wconf 85' lang='grc' dir='ltr'>εἶδος</span> <span class='ocrx_word' id='word_1_594' title='bbox 3099 3274 3374 3346; x_wconf 85' lang='grc' dir='ltr'>ἀναφέρω.</span> <span class='ocrx_word' id='word_1_595' title='bbox 3421 3277 3484 3329; x_wconf 84' lang='grc' dir='ltr'><strong>Ἦ</strong></span> <span class='ocrx_word' id='word_1_596' title='bbox 3520 3277 3619 3348; x_wconf 89' lang='grc' dir='ltr'>μὲν</span> <span class='ocrx_word' id='word_1_597' title='bbox 3650 3275 3743 3332; x_wconf 79' lang='grc' dir='ltr'><strong>οὖν</strong></span> 
     </span>
    </p>
   </div>
   <div class='ocr_carea' id='block_1_79' title="bbox 2165 3365 3738 3441">
    <p class='ocr_par' dir='ltr' id='par_1_79' title="bbox 2165 3365 3738 3441">
     <span class='ocr_line' id='line_1_79' title="bbox 2165 3365 3738 3441; baseline 0.004 -25"><span class='ocrx_word' id='word_1_598' title='bbox 2165 3365 2347 3436; x_wconf 86' lang='grc' dir='ltr'>μήτηρ</span> <span class='ocrx_word' id='word_1_599' title='bbox 2382 3382 2483 3435; x_wconf 90' lang='grc' dir='ltr'><strong>μου</strong></span> <span class='ocrx_word' id='word_1_600' title='bbox 2512 3365 2785 3420; x_wconf 88' lang='grc' dir='ltr'>Ματθιδία</span> <span class='ocrx_word' id='word_1_601' title='bbox 2811 3366 3055 3435; x_wconf 76' lang='grc' dir='ltr'>ἐλέγετο’</span> <span class='ocrx_word' id='word_1_602' title='bbox 3087 3369 3116 3420; x_wconf 98' lang='lat'><strong>6</strong></span> <span class='ocrx_word' id='word_1_603' title='bbox 3147 3368 3204 3420; x_wconf 83' lang='grc' dir='ltr'>δὲ</span> <span class='ocrx_word' id='word_1_604' title='bbox 3232 3369 3434 3441; x_wconf 83' lang='grc' dir='ltr'>πατὴρ,</span> <span class='ocrx_word' id='word_1_605' title='bbox 3468 3369 3738 3434; x_wconf 82' lang='grc' dir='ltr'>Φαῦστος·</span> 
     </span>
    </p>
   </div>
   <div class='ocr_carea' id='block_1_80' title="bbox 2159 3455 3742 3528">
    <p class='ocr_par' dir='ltr' id='par_1_80' title="bbox 2159 3455 3742 3528">
     <span class='ocr_line' id='line_1_80' title="bbox 2159 3455 3742 3528; baseline 0.006 -22"><span class='ocrx_word' id='word_1_606' title='bbox 2159 3455 2208 3506; x_wconf 78' lang='grc' dir='ltr'>οἱ</span> <span class='ocrx_word' id='word_1_607' title='bbox 2257 3455 2504 3525; x_wconf 75' lang='grc' dir='ltr'>ἀδελφοὶ,</span> <span class='ocrx_word' id='word_1_608' title='bbox 2557 3458 2586 3509; x_wconf 88' lang='lat'><strong>6</strong></span> <span class='ocrx_word' id='word_1_609' title='bbox 2635 3457 2735 3528; x_wconf 81' lang='grc' dir='ltr'>μὲν</span> <span class='ocrx_word' id='word_1_610' title='bbox 2788 3459 3114 3523; x_wconf 83' lang='grc' dir='ltr'>Φαυστῖνος,</span> <span class='ocrx_word' id='word_1_611' title='bbox 3170 3461 3198 3512; x_wconf 91' lang='lat'><strong>6</strong></span> <span class='ocrx_word' id='word_1_612' title='bbox 3245 3460 3302 3513; x_wconf 88' lang='grc' dir='ltr'><strong>δέ</strong></span> <span class='ocrx_word' id='word_1_613' title='bbox 3355 3463 3742 3526; x_wconf 79' lang='grc' dir='ltr'>Φαυστινιανὸς</span> 
     </span>
    </p>
   </div>
   <div class='ocr_carea' id='block_1_81' title="bbox 2159 3545 3738 3623">
    <p class='ocr_par' dir='ltr' id='par_1_81' title="bbox 2159 3545 3738 3623">
     <span class='ocr_line' id='line_1_81' title="bbox 2159 3545 3738 3623; baseline 0.006 -23"><span class='ocrx_word' id='word_1_614' title='bbox 2159 3547 2424 3601; x_wconf 87' lang='grc' dir='ltr'>ἐκαλεῖτο.</span> <span class='ocrx_word' id='word_1_615' title='bbox 2482 3548 2646 3620; x_wconf 79' lang='grc' dir='ltr'>Ἑμοῦ</span> <span class='ocrx_word' id='word_1_616' title='bbox 2691 3545 2782 3603; x_wconf 85' lang='grc' dir='ltr'><strong>οῦν</strong></span> <span class='ocrx_word' id='word_1_617' title='bbox 2827 3549 3010 3620; x_wconf 88' lang='grc' dir='ltr'>τρίτου</span> <span class='ocrx_word' id='word_1_618' title='bbox 3047 3552 3489 3623; x_wconf 83' lang='grc' dir='ltr'>ἐπιγεννηθέντος</span> <span class='ocrx_word' id='word_1_619' title='bbox 3534 3556 3738 3619; x_wconf 83' lang='grc' dir='ltr'>αὐτοῖς,</span> 
     </span>
    </p>
   </div>
   <div class='ocr_carea' id='block_1_82' title="bbox 2160 3639 3736 3716">
    <p class='ocr_par' dir='ltr' id='par_1_82' title="bbox 2160 3639 3736 3716">
     <span class='ocr_line' id='line_1_82' title="bbox 2160 3639 3736 3716; baseline 0.005 -25"><span class='ocrx_word' id='word_1_620' title='bbox 2160 3639 2192 3710; x_wconf 82' lang='grc' dir='ltr'>ὴ</span> <span class='ocrx_word' id='word_1_621' title='bbox 2252 3639 2434 3710; x_wconf 84' lang='grc' dir='ltr'>μήτηρ</span> <span class='ocrx_word' id='word_1_622' title='bbox 2486 3639 2695 3711; x_wconf 76' lang='grc' dir='ltr'>ὄνειρον</span> <span class='ocrx_word' id='word_1_623' title='bbox 2751 3641 3007 3712; x_wconf 79' lang='grc' dir='ltr'>ἑωράκει,</span> <span class='ocrx_word' id='word_1_624' title='bbox 3054 3643 3130 3706; x_wconf 85' lang='grc' dir='ltr'>ὡς</span> <span class='ocrx_word' id='word_1_625' title='bbox 3167 3646 3195 3697; x_wconf 94' lang='lat'><strong>6</strong></span> <span class='ocrx_word' id='word_1_626' title='bbox 3236 3645 3418 3716; x_wconf 80' lang='grc' dir='ltr'>πατὴρ</span> <span class='ocrx_word' id='word_1_627' title='bbox 3457 3647 3736 3716; x_wconf 82' lang='grc' dir='ltr'>ὑφηγεῖτο,</span> 
     </span>
    </p>
   </div>
   <div class='ocr_carea' id='block_1_83' title="bbox 2157 3730 3740 3810">
    <p class='ocr_par' dir='ltr' id='par_1_83' title="bbox 2157 3730 3740 3810">
     <span class='ocr_line' id='line_1_83' title="bbox 2157 3730 3740 3810; baseline 0.006 -26"><span class='ocrx_word' id='word_1_628' title='bbox 2157 3732 2238 3784; x_wconf 82' lang='grc' dir='ltr'>ὅτι</span> <span class='ocrx_word' id='word_1_629' title='bbox 2289 3730 2384 3783; x_wconf 82' lang='grc' dir='ltr'><strong>ἐὰν</strong></span> <span class='ocrx_word' id='word_1_630' title='bbox 2439 3731 2513 3802; x_wconf 85' lang='grc' dir='ltr'>μὴ</span> <span class='ocrx_word' id='word_1_631' title='bbox 2570 3731 2696 3794; x_wconf 83' lang='grc' dir='ltr'>τοὺς</span> <span class='ocrx_word' id='word_1_632' title='bbox 2740 3730 2993 3803; x_wconf 87' lang='grc' dir='ltr'>διδύμους</span> <span class='ocrx_word' id='word_1_633' title='bbox 3050 3735 3219 3806; x_wconf 83' lang='grc' dir='ltr'>αὑτῆς</span> <span class='ocrx_word' id='word_1_634' title='bbox 3287 3737 3438 3800; x_wconf 78' lang='grc' dir='ltr'>υἱοὺς</span> <span class='ocrx_word' id='word_1_635' title='bbox 3508 3738 3740 3810; x_wconf 84' lang='grc' dir='ltr'>ἐξαυτῆς</span> 
     </span>
    </p>
   </div>
   <div class='ocr_carea' id='block_1_84' title="bbox 2156 3821 3741 3902">
    <p class='ocr_par' dir='ltr' id='par_1_84' title="bbox 2156 3821 3741 3902">
     <span class='ocr_line' id='line_1_84' title="bbox 2156 3821 3741 3902; baseline 0.006 -28"><span class='ocrx_word' id='word_1_636' title='bbox 2156 3821 2549 3894; x_wconf 78' lang='grc' dir='ltr'>παραλαϐοῦσα</span> <span class='ocrx_word' id='word_1_637' title='bbox 2568 3860 2583 3886; x_wconf 88' lang='grc'><strong>,</strong></span> <span class='ocrx_word' id='word_1_638' title='bbox 2636 3823 2738 3894; x_wconf 83' lang='grc' dir='ltr'>τῆς</span> <span class='ocrx_word' id='word_1_639' title='bbox 2795 3824 3076 3896; x_wconf 86' lang='grc' dir='ltr'>Ῥωμαίων</span> <span class='ocrx_word' id='word_1_640' title='bbox 3145 3827 3473 3902; x_wconf 78' lang='grc' dir='ltr'>ἀποδημήσῃ</span> <span class='ocrx_word' id='word_1_641' title='bbox 3532 3830 3741 3895; x_wconf 84' lang='grc' dir='ltr'>πόλεως</span> 
     </span>
    </p>
   </div>
   <div class='ocr_carea' id='block_1_85' title="bbox 2155 3911 3738 3987">
    <p class='ocr_par' dir='ltr' id='par_1_85' title="bbox 2155 3911 3738 3987">
     <span class='ocr_line' id='line_1_85' title="bbox 2155 3911 3738 3987; baseline 0.008 -25"><span class='ocrx_word' id='word_1_642' title='bbox 2155 3911 2248 3963; x_wconf 77' lang='grc' dir='ltr'><strong>ἐπὶ</strong></span> <span class='ocrx_word' id='word_1_643' title='bbox 2295 3911 2392 3982; x_wconf 75' lang='grc' dir='ltr'><strong>ἐτη</strong></span> <span class='ocrx_word' id='word_1_644' title='bbox 2438 3911 2592 3975; x_wconf 80' lang='grc' dir='ltr'>δέκα,</span> <span class='ocrx_word' id='word_1_645' title='bbox 2645 3912 2984 3987; x_wconf 84' lang='grc' dir='ltr'>πανολεθρίῳ</span> <span class='ocrx_word' id='word_1_646' title='bbox 3025 3917 3121 3970; x_wconf 76' lang='grc' dir='ltr'><strong>σὺν</strong></span> <span class='ocrx_word' id='word_1_647' title='bbox 3154 3917 3336 3983; x_wconf 88' lang='grc' dir='ltr'>αὑτοῖς</span> <span class='ocrx_word' id='word_1_648' title='bbox 3384 3919 3738 3975; x_wconf 85' lang='grc' dir='ltr'>ἀποθανεῖται</span> 
     </span>
    </p>
   </div>
   <div class='ocr_carea' id='block_1_86' title="bbox 2159 4004 2396 4076">
    <p class='ocr_par' dir='ltr' id='par_1_86' title="bbox 2159 4004 2396 4076">
     <span class='ocr_line' id='line_1_86' title="bbox 2159 4004 2396 4076; baseline 0.004 -19"><span class='ocrx_word' id='word_1_649' title='bbox 2159 4004 2396 4076; x_wconf 82' lang='grc' dir='ltr'>θανάτῳ.</span> 
     </span>
    </p>
   </div>
   <div class='ocr_carea' id='block_1_87' title="bbox 2226 4094 3733 4172">
    <p class='ocr_par' dir='ltr' id='par_1_87' title="bbox 2226 4094 3733 4172">
     <span class='ocr_line' id='line_1_87' title="bbox 2226 4094 3733 4172; baseline 0.008 -23"><span class='ocrx_word' id='word_1_650' title='bbox 2226 4094 2484 4150; x_wconf 81' lang='lat' dir='ltr'><strong>LXXVII.</strong></span> <span class='ocrx_word' id='word_1_651' title='bbox 2537 4097 2595 4150; x_wconf 83' lang='lat'><strong>&#39;0</strong></span> <span class='ocrx_word' id='word_1_652' title='bbox 2627 4098 2723 4169; x_wconf 81' lang='grc' dir='ltr'>μὲν</span> <span class='ocrx_word' id='word_1_653' title='bbox 2745 4094 2838 4152; x_wconf 80' lang='grc' dir='ltr'>οὖν</span> <span class='ocrx_word' id='word_1_654' title='bbox 2867 4101 3050 4172; x_wconf 67' lang='grc' dir='ltr'>πατὴρ</span> <span class='ocrx_word' id='word_1_655' title='bbox 3077 4102 3392 4170; x_wconf 88' lang='grc' dir='ltr'>φιλότεκνος</span> <span class='ocrx_word' id='word_1_656' title='bbox 3421 4104 3517 4170; x_wconf 82' lang='grc' dir='ltr'><strong>ὢν,</strong></span> <span class='ocrx_word' id='word_1_657' title='bbox 3553 4105 3646 4160; x_wconf 89' lang='grc' dir='ltr'><strong>σύν</strong></span> <span class='ocrx_word' id='word_1_658' title='bbox 3670 4125 3733 4161; x_wconf 92' lang='grc' dir='ltr'><strong>τε</strong></span> 
     </span>
    </p>
   </div>
   <div class='ocr_carea' id='block_1_88' title="bbox 2153 4188 3732 4261">
    <p class='ocr_par' dir='ltr' id='par_1_88' title="bbox 2153 4188 3732 4261">
     <span class='ocr_line' id='line_1_88' title="bbox 2153 4188 3732 4261; baseline 0.008 -21"><span class='ocrx_word' id='word_1_659' title='bbox 2153 4189 2356 4252; x_wconf 83' lang='grc' dir='ltr'>δούλοις</span> <span class='ocrx_word' id='word_1_660' title='bbox 2387 4188 2483 4242; x_wconf 67' lang='grc' dir='ltr'><strong>καὶ</strong></span> <span class='ocrx_word' id='word_1_661' title='bbox 2505 4188 2722 4252; x_wconf 85' lang='grc' dir='ltr'>δούλαις</span> <span class='ocrx_word' id='word_1_662' title='bbox 2745 4191 3031 4259; x_wconf 88' lang='grc' dir='ltr'>ἐφοδιάσας</span> <span class='ocrx_word' id='word_1_663' title='bbox 3063 4195 3282 4260; x_wconf 76' lang='grc' dir='ltr'>ἱκανῶς,</span> <span class='ocrx_word' id='word_1_664' title='bbox 3314 4197 3409 4251; x_wconf 75' lang='grc' dir='ltr'>καὶ</span> <span class='ocrx_word' id='word_1_665' title='bbox 3439 4199 3520 4261; x_wconf 80' lang='grc' dir='ltr'><strong>είς</strong></span> <span class='ocrx_word' id='word_1_666' title='bbox 3550 4198 3732 4252; x_wconf 87' lang='grc' dir='ltr'>πλοῖον</span> 
     </span>
    </p>
   </div>
   <div class='ocr_carea' id='block_1_89' title="bbox 2154 4282 3732 4362">
    <p class='ocr_par' dir='ltr' id='par_1_89' title="bbox 2154 4282 3732 4362">
     <span class='ocr_line' id='line_1_89' title="bbox 2154 4282 3732 4362; baseline 0.005 -26"><span class='ocrx_word' id='word_1_667' title='bbox 2154 4282 2456 4354; x_wconf 78' lang='grc' dir='ltr'>ἐνθέμενος,</span> <span class='ocrx_word' id='word_1_668' title='bbox 2503 4285 2584 4346; x_wconf 84' lang='grc' dir='ltr'><strong>είς</strong></span> <span class='ocrx_word' id='word_1_669' title='bbox 2626 4283 2725 4346; x_wconf 71' lang='grc' dir='ltr'>τὰς</span> <span class='ocrx_word' id='word_1_670' title='bbox 2775 4284 3002 4357; x_wconf 79' lang='grc' dir='ltr'>Ἀθήνας</span> <span class='ocrx_word' id='word_1_671' title='bbox 3043 4287 3161 4358; x_wconf 72' lang='grc' dir='ltr'><strong>ἅμα</strong></span> <span class='ocrx_word' id='word_1_672' title='bbox 3207 4289 3732 4362; x_wconf 84' lang='grc' dir='ltr'>παιδευθησομένους</span> 
     </span>
    </p>
   </div>
   <div class='ocr_carea' id='block_1_90' title="bbox 2154 4370 3729 4455">
    <p class='ocr_par' dir='ltr' id='par_1_90' title="bbox 2154 4370 3729 4455">
     <span class='ocr_line' id='line_1_90' title="bbox 2154 4370 3729 4455; baseline 0.009 -32"><span class='ocrx_word' id='word_1_673' title='bbox 2154 4370 2492 4443; x_wconf 75' lang='grc' dir='ltr'>ἐξέπεμψενο</span> <span class='ocrx_word' id='word_1_674' title='bbox 2527 4371 2629 4444; x_wconf 82' lang='grc' dir='ltr'><strong>ἐμὲ</strong></span> <span class='ocrx_word' id='word_1_675' title='bbox 2669 4373 2726 4426; x_wconf 82' lang='grc' dir='ltr'>δὲ</span> <span class='ocrx_word' id='word_1_676' title='bbox 2767 4375 2925 4444; x_wconf 88' lang='grc' dir='ltr'>μόνον</span> <span class='ocrx_word' id='word_1_677' title='bbox 2955 4377 3034 4439; x_wconf 79' lang='grc' dir='ltr'><strong>είς</strong></span> <span class='ocrx_word' id='word_1_678' title='bbox 3067 4378 3419 4450; x_wconf 86' lang='grc' dir='ltr'>παραμυθίαν</span> <span class='ocrx_word' id='word_1_679' title='bbox 3442 4381 3565 4452; x_wconf 77' lang='grc' dir='ltr'>ἔσχε</span> <span class='ocrx_word' id='word_1_680' title='bbox 3599 4386 3729 4455; x_wconf 81' lang='grc' dir='ltr'>παρ’</span> 
     </span>
    </p>
   </div>
   <div class='ocr_carea' id='block_1_91' title="bbox 469 4447 2063 4547">
    <p class='ocr_par' dir='ltr' id='par_1_91' title="bbox 469 4447 2050 4524">
     <span class='ocr_line' id='line_1_91' title="bbox 469 4447 2050 4524; baseline 0.006 -25"><span class='ocrx_word' id='word_1_681' title='bbox 469 4449 646 4517; x_wconf 86' lang='lat' dir='ltr'><strong>Atque</strong></span> <span class='ocrx_word' id='word_1_682' title='bbox 685 4462 805 4502; x_wconf 91' lang='lat' dir='ltr'><strong>eam</strong></span> <span class='ocrx_word' id='word_1_683' title='bbox 860 4447 931 4501; x_wconf 90' lang='lat' dir='ltr'><strong>oh</strong></span> <span class='ocrx_word' id='word_1_684' title='bbox 973 4464 1086 4503; x_wconf 87' lang='lat' dir='ltr'><strong>rem</strong></span> <span class='ocrx_word' id='word_1_685' title='bbox 1127 4449 1370 4520; x_wconf 75' lang='lat' dir='ltr'><strong>ingentes</strong></span> <span class='ocrx_word' id='word_1_686' title='bbox 1397 4451 1600 4520; x_wconf 84' lang='lat' dir='ltr'><strong>gratias</strong></span> <span class='ocrx_word' id='word_1_687' title='bbox 1627 4466 1746 4523; x_wconf 87' lang='lat' dir='ltr'><strong>ago,</strong></span> <span class='ocrx_word' id='word_1_688' title='bbox 1789 4455 1932 4524; x_wconf 91' lang='lat' dir='ltr'><strong>quod</strong></span> <span class='ocrx_word' id='word_1_689' title='bbox 1965 4473 2050 4510; x_wconf 85' lang='lat' dir='ltr'><strong>me</strong></span> 
     </span>
    </p>
   </div>
   <div class='ocr_carea' id='block_1_92' title="bbox 2168 4447 3730 4547">
    <p class='ocr_par' dir='ltr' id='par_1_92' title="bbox 2168 4447 3730 4547">
     <span class='ocr_line' id='line_1_92' title="bbox 2168 4447 3730 4547; baseline 0.01 -31"><span class='ocrx_word' id='word_1_690' title='bbox 2168 4465 2352 4536; x_wconf 68' lang='grc' dir='ltr'>ἑαυτῷ.</span> <span class='ocrx_word' id='word_1_691' title='bbox 2385 4466 2494 4519; x_wconf 72' lang='grc' dir='ltr'><strong>Καὶ</strong></span> <span class='ocrx_word' id='word_1_692' title='bbox 2522 4467 2613 4520; x_wconf 79' lang='grc' dir='ltr'>ἐπὶ</span> <span class='ocrx_word' id='word_1_693' title='bbox 2642 4467 2816 4539; x_wconf 84' lang='grc' dir='ltr'>τούτῳ</span> <span class='ocrx_word' id='word_1_694' title='bbox 2845 4447 3159 4542; x_wconf 14' lang='grc' dir='ltr'>εὐχαριστῶή</span> <span class='ocrx_word' id='word_1_695' title='bbox 3182 4447 3375 4538; x_wconf 85' lang='grc' dir='ltr'>πολλὰ,</span> <span class='ocrx_word' id='word_1_696' title='bbox 3413 4447 3730 4547; x_wconf 39' lang='grc' dir='ltr'>ὃτι-κάμὲδ</span> 
     </span>
    </p>
   </div>
   <div class='ocr_carea' id='block_1_93' title="bbox 469 4540 2050 4611">
    <p class='ocr_par' dir='ltr' id='par_1_93' title="bbox 469 4540 2050 4611">
     <span class='ocr_line' id='line_1_93' title="bbox 469 4540 2050 4611; baseline 0.008 -20"><span class='ocrx_word' id='word_1_697' title='bbox 469 4555 689 4610; x_wconf 87' lang='lat' dir='ltr'><strong>quoque</strong></span> <span class='ocrx_word' id='word_1_698' title='bbox 710 4540 986 4594; x_wconf 88' lang='lat' dir='ltr'><strong>somnium</strong></span> <span class='ocrx_word' id='word_1_699' title='bbox 1011 4557 1119 4594; x_wconf 90' lang='lat' dir='ltr'><strong>non</strong></span> <span class='ocrx_word' id='word_1_700' title='bbox 1139 4542 1368 4611; x_wconf 85' lang='lat' dir='ltr'><strong>jusserit</strong></span> <span class='ocrx_word' id='word_1_701' title='bbox 1393 4559 1498 4598; x_wconf 90' lang='lat' dir='ltr'><strong>una</strong></span> <span class='ocrx_word' id='word_1_702' title='bbox 1530 4560 1652 4599; x_wconf 90' lang='lat' dir='ltr'><strong>cum</strong></span> <span class='ocrx_word' id='word_1_703' title='bbox 1686 4555 1877 4610; x_wconf 88' lang='lat' dir='ltr'><strong>matre,</strong></span> <span class='ocrx_word' id='word_1_704' title='bbox 1914 4549 2050 4605; x_wconf 87' lang='lat' dir='ltr'><strong>urbe</strong></span> 
     </span>
    </p>
   </div>
   <div class='ocr_carea' id='block_1_94' title="bbox 473 4630 2048 4709">
    <p class='ocr_par' dir='ltr' id='par_1_94' title="bbox 473 4630 2048 4709">
     <span class='ocr_line' id='line_1_94' title="bbox 473 4630 2048 4709; baseline 0.008 -25"><span class='ocrx_word' id='word_1_705' title='bbox 473 4630 645 4686; x_wconf 78' lang='lat' dir='ltr'><strong>Roma</strong></span> <span class='ocrx_word' id='word_1_706' title='bbox 671 4631 956 4688; x_wconf 79' lang='lat' dir='ltr'><strong>excedere.</strong></span> <span class='ocrx_word' id='word_1_707' title='bbox 984 4630 1170 4702; x_wconf 90' lang='lat' dir='ltr'><strong>Itaque</strong></span> <span class='ocrx_word' id='word_1_708' title='bbox 1191 4649 1257 4688; x_wconf 87' lang='lat' dir='ltr'><strong>eo</strong></span> <span class='ocrx_word' id='word_1_709' title='bbox 1278 4650 1422 4688; x_wconf 85' lang='lat' dir='ltr'><strong>anno</strong></span> <span class='ocrx_word' id='word_1_710' title='bbox 1440 4645 1736 4705; x_wconf 78' lang='lat' dir='ltr'><strong>transacto,</strong></span> <span class='ocrx_word' id='word_1_711' title='bbox 1761 4648 1913 4709; x_wconf 85' lang='lat' dir='ltr'><strong>pater</strong></span> <span class='ocrx_word' id='word_1_712' title='bbox 1933 4641 2048 4697; x_wconf 88' lang='lat' dir='ltr'><strong>suis</strong></span> 
     </span>
    </p>
   </div>
   <div class='ocr_carea' id='block_1_95' title="bbox 2155 4555 3728 4640">
    <p class='ocr_par' dir='ltr' id='par_1_95' title="bbox 2155 4555 3728 4640">
     <span class='ocr_line' id='line_1_95' title="bbox 2155 4555 3728 4640; baseline 0.01 -32"><span class='ocrx_word' id='word_1_713' title='bbox 2155 4555 2364 4628; x_wconf 77' lang='grc' dir='ltr'>ὄνειρος</span> <span class='ocrx_word' id='word_1_714' title='bbox 2395 4558 2470 4628; x_wconf 85' lang='grc' dir='ltr'>μὴ</span> <span class='ocrx_word' id='word_1_715' title='bbox 2508 4559 2822 4613; x_wconf 82' lang='grc' dir='ltr'>κεκελεύκει</span> <span class='ocrx_word' id='word_1_716' title='bbox 2853 4560 2971 4632; x_wconf 72' lang='grc' dir='ltr'>ἅμα</span> <span class='ocrx_word' id='word_1_717' title='bbox 2999 4565 3064 4633; x_wconf 83' lang='grc' dir='ltr'>τῇ</span> <span class='ocrx_word' id='word_1_718' title='bbox 3101 4565 3270 4634; x_wconf 82' lang='grc' dir='ltr'>μητρὶ</span> <span class='ocrx_word' id='word_1_719' title='bbox 3299 4566 3398 4636; x_wconf 79' lang='grc' dir='ltr'>τὴν</span> <span class='ocrx_word' id='word_1_720' title='bbox 3445 4566 3728 4640; x_wconf 87' lang='grc' dir='ltr'>Ῥωμαίων</span> 
     </span>
    </p>
   </div>
   <div class='ocr_carea' id='block_1_96' title="bbox 2153 4645 3726 4733">
    <p class='ocr_par' dir='ltr' id='par_1_96' title="bbox 2153 4645 3726 4733">
     <span class='ocr_line' id='line_1_96' title="bbox 2153 4645 3726 4733; baseline 0.01 -34"><span class='ocrx_word' id='word_1_721' title='bbox 2153 4645 2381 4719; x_wconf 81' lang='grc' dir='ltr'>ἐκϐῆναι</span> <span class='ocrx_word' id='word_1_722' title='bbox 2437 4649 2610 4704; x_wconf 85' lang='grc' dir='ltr'>πόλιν.</span> <span class='ocrx_word' id='word_1_723' title='bbox 2645 4650 2751 4704; x_wconf 93' lang='grc' dir='ltr'><strong>Τοῦ</strong></span> <span class='ocrx_word' id='word_1_724' title='bbox 2798 4654 3044 4707; x_wconf 78' lang='grc' dir='ltr'>ἐνιαυτοῦ</span> <span class='ocrx_word' id='word_1_725' title='bbox 3089 4655 3268 4709; x_wconf 87' lang='grc' dir='ltr'>τοίνυν</span> <span class='ocrx_word' id='word_1_726' title='bbox 3317 4658 3526 4712; x_wconf 80' lang='grc' dir='ltr'>ἐκείνου</span> <span class='ocrx_word' id='word_1_727' title='bbox 3569 4678 3726 4733; x_wconf 91' lang='grc' dir='ltr'>περι-</span> 
     </span>
    </p>
   </div>
   <div class='ocr_carea' id='block_1_97' title="bbox 469 4725 2063 4820">
    <p class='ocr_par' dir='ltr' id='par_1_97' title="bbox 469 4725 2050 4804">
     <span class='ocr_line' id='line_1_97' title="bbox 469 4725 2050 4804; baseline 0.008 -25"><span class='ocrx_word' id='word_1_728' title='bbox 469 4725 712 4780; x_wconf 85' lang='lat' dir='ltr'><strong>Athenas</strong></span> <span class='ocrx_word' id='word_1_729' title='bbox 742 4726 892 4782; x_wconf 90' lang='lat' dir='ltr'><strong>misit</strong></span> <span class='ocrx_word' id='word_1_730' title='bbox 912 4727 1223 4796; x_wconf 89' lang='lat' dir='ltr'><strong>pecuniam,</strong></span> <span class='ocrx_word' id='word_1_731' title='bbox 1267 4727 1428 4783; x_wconf 90' lang='lat' dir='ltr'><strong>simul</strong></span> <span class='ocrx_word' id='word_1_732' title='bbox 1457 4745 1789 4800; x_wconf 89' lang='lat' dir='ltr'><strong>cognoscere</strong></span> <span class='ocrx_word' id='word_1_733' title='bbox 1812 4737 2050 4804; x_wconf 88' lang='lat' dir='ltr'><strong>gestiens</strong></span> 
     </span>
    </p>
   </div>
   <div class='ocr_carea' id='block_1_98' title="bbox 2168 4725 3726 4820">
    <p class='ocr_par' dir='ltr' id='par_1_98' title="bbox 2168 4725 3726 4820">
     <span class='ocr_line' id='line_1_98' title="bbox 2168 4725 3726 4820; baseline 0.013 -36"><span class='ocrx_word' id='word_1_734' title='bbox 2168 4732 2414 4798; x_wconf 69' lang='grc' dir='ltr'>ελθόντος,</span> <span class='ocrx_word' id='word_1_735' title='bbox 2446 4737 2475 4788; x_wconf 93' lang='lat'><strong>6</strong></span> <span class='ocrx_word' id='word_1_736' title='bbox 2505 4737 2688 4810; x_wconf 80' lang='grc' dir='ltr'>πατὴρ</span> <span class='ocrx_word' id='word_1_737' title='bbox 2718 4738 2961 4811; x_wconf 81' lang='grc' dir='ltr'>ἔπεμψεν</span> <span class='ocrx_word' id='word_1_738' title='bbox 2979 4743 3058 4804; x_wconf 85' lang='grc' dir='ltr'><strong>είς</strong></span> <span class='ocrx_word' id='word_1_739' title='bbox 3090 4742 3317 4816; x_wconf 79' lang='grc' dir='ltr'>Ἀθήνας</span> <span class='ocrx_word' id='word_1_740' title='bbox 3343 4749 3598 4820; x_wconf 80' lang='grc' dir='ltr'>χρήματα</span> <span class='ocrx_word' id='word_1_741' title='bbox 3617 4725 3726 4814; x_wconf 69' lang='grc' dir='ltr'>τοῖς</span> 
     </span>
    </p>
   </div>
   <div class='ocr_carea' id='block_1_99' title="bbox 469 4817 2044 4889">
    <p class='ocr_par' dir='ltr' id='par_1_99' title="bbox 469 4817 2044 4889">
     <span class='ocr_line' id='line_1_99' title="bbox 469 4817 2044 4889; baseline 0.008 -17"><span class='ocrx_word' id='word_1_742' title='bbox 469 4832 578 4888; x_wconf 92' lang='lat' dir='ltr'><strong>quo</strong></span> <span class='ocrx_word' id='word_1_743' title='bbox 609 4817 773 4871; x_wconf 91' lang='lat' dir='ltr'><strong>modo</strong></span> <span class='ocrx_word' id='word_1_744' title='bbox 803 4818 968 4872; x_wconf 90' lang='lat' dir='ltr'><strong>vitam</strong></span> <span class='ocrx_word' id='word_1_745' title='bbox 997 4828 1238 4889; x_wconf 88' lang='lat' dir='ltr'><strong>agerent.</strong></span> <span class='ocrx_word' id='word_1_746' title='bbox 1267 4819 1369 4886; x_wconf 87' lang='lat' dir='ltr'><strong>Qui</strong></span> <span class='ocrx_word' id='word_1_747' title='bbox 1404 4831 1586 4876; x_wconf 90' lang='lat' dir='ltr'><strong>autem</strong></span> <span class='ocrx_word' id='word_1_748' title='bbox 1617 4824 1888 4889; x_wconf 88' lang='lat' dir='ltr'><strong>abierant,</strong></span> <span class='ocrx_word' id='word_1_749' title='bbox 1937 4844 2044 4884; x_wconf 89' lang='lat' dir='ltr'><strong>non</strong></span> 
     </span>
    </p>
   </div>
   <div class='ocr_carea' id='block_1_100' title="bbox 467 4907 2045 4984">
    <p class='ocr_par' dir='ltr' id='par_1_100' title="bbox 467 4907 2045 4984">
     <span class='ocr_line' id='line_1_100' title="bbox 467 4907 2045 4984; baseline 0.008 -20"><span class='ocrx_word' id='word_1_750' title='bbox 467 4910 766 4964; x_wconf 87' lang='lat' dir='ltr'><strong>redierunt.</strong></span> <span class='ocrx_word' id='word_1_751' title='bbox 793 4907 978 4965; x_wconf 86' lang='lat' dir='ltr'><strong>Tertio</strong></span> <span class='ocrx_word' id='word_1_752' title='bbox 1002 4926 1198 4966; x_wconf 88' lang='lat' dir='ltr'><strong>rursus</strong></span> <span class='ocrx_word' id='word_1_753' title='bbox 1229 4927 1375 4965; x_wconf 91' lang='lat' dir='ltr'><strong>anno</strong></span> <span class='ocrx_word' id='word_1_754' title='bbox 1401 4923 1553 4981; x_wconf 90' lang='lat' dir='ltr'><strong>pater</strong></span> <span class='ocrx_word' id='word_1_755' title='bbox 1580 4916 1776 4973; x_wconf 82' lang='lat' dir='ltr'><strong>anxius</strong></span> <span class='ocrx_word' id='word_1_756' title='bbox 1796 4919 1932 4974; x_wconf 89' lang='lat' dir='ltr'><strong>alios</strong></span> <span class='ocrx_word' id='word_1_757' title='bbox 1950 4923 2045 4984; x_wconf 86' lang='lat' dir='ltr'><strong>ab-</strong></span> 
     </span>
    </p>
   </div>
   <div class='ocr_carea' id='block_1_101' title="bbox 467 4999 2041 5070">
    <p class='ocr_par' dir='ltr' id='par_1_101' title="bbox 467 4999 2041 5070">
     <span class='ocr_line' id='line_1_101' title="bbox 467 4999 2041 5070; baseline 0.008 -16"><span class='ocrx_word' id='word_1_758' title='bbox 467 5000 669 5070; x_wconf 84' lang='lat' dir='ltr'><strong>legavit</strong></span> <span class='ocrx_word' id='word_1_759' title='bbox 698 4999 950 5056; x_wconf 85' lang='lat' dir='ltr'><strong>similiter</strong></span> <span class='ocrx_word' id='word_1_760' title='bbox 965 5016 1090 5055; x_wconf 94' lang='lat' dir='ltr'><strong>cum</strong></span> <span class='ocrx_word' id='word_1_761' title='bbox 1123 5001 1287 5056; x_wconf 86' lang='lat' dir='ltr'><strong>rebus</strong></span> <span class='ocrx_word' id='word_1_762' title='bbox 1324 5001 1392 5056; x_wconf 90' lang='lat' dir='ltr'><strong>ad</strong></span> <span class='ocrx_word' id='word_1_763' title='bbox 1428 5004 1630 5058; x_wconf 90' lang='lat' dir='ltr'><strong>victum</strong></span> <span class='ocrx_word' id='word_1_764' title='bbox 1672 5010 1997 5065; x_wconf 87' lang='lat' dir='ltr'><strong>necessariis</strong></span> <span class='ocrx_word' id='word_1_765' title='bbox 2027 5030 2041 5066; x_wconf 89' lang='lat'><strong>:</strong></span> 
     </span>
    </p>
   </div>
   <div class='ocr_carea' id='block_1_102' title="bbox 467 5093 2044 5164">
    <p class='ocr_par' dir='ltr' id='par_1_102' title="bbox 467 5093 2044 5164">
     <span class='ocr_line' id='line_1_102' title="bbox 467 5093 2044 5164; baseline 0.007 -17"><span class='ocrx_word' id='word_1_766' title='bbox 467 5095 562 5164; x_wconf 90' lang='lat' dir='ltr'><strong>qui</strong></span> <span class='ocrx_word' id='word_1_767' title='bbox 599 5102 794 5162; x_wconf 90' lang='lat' dir='ltr'><strong>quarto</strong></span> <span class='ocrx_word' id='word_1_768' title='bbox 815 5107 961 5148; x_wconf 88' lang='lat' dir='ltr'><strong>anno</strong></span> <span class='ocrx_word' id='word_1_769' title='bbox 979 5093 1211 5148; x_wconf 92' lang='lat' dir='ltr'><strong>redeunt</strong></span> <span class='ocrx_word' id='word_1_770' title='bbox 1238 5108 1302 5148; x_wconf 92' lang='lat' dir='ltr'><strong>ac</strong></span> <span class='ocrx_word' id='word_1_771' title='bbox 1323 5095 1578 5150; x_wconf 89' lang='lat' dir='ltr'><strong>nuntiant</strong></span> <span class='ocrx_word' id='word_1_772' title='bbox 1602 5112 1661 5152; x_wconf 91' lang='lat' dir='ltr'><strong>se</strong></span> <span class='ocrx_word' id='word_1_773' title='bbox 1690 5115 1791 5155; x_wconf 91' lang='lat' dir='ltr'><strong>nec</strong></span> <span class='ocrx_word' id='word_1_774' title='bbox 1816 5111 2044 5158; x_wconf 88' lang='lat' dir='ltr'><strong>matrem</strong></span> 
     </span>
    </p>
   </div>
   <div class='ocr_carea' id='block_1_103' title="bbox 466 5188 2048 5262">
    <p class='ocr_par' dir='ltr' id='par_1_103' title="bbox 466 5188 2048 5262">
     <span class='ocr_line' id='line_1_103' title="bbox 466 5188 2048 5262; baseline 0.006 -20"><span class='ocrx_word' id='word_1_775' title='bbox 466 5204 668 5253; x_wconf 89' lang='lat' dir='ltr'><strong>meam,</strong></span> <span class='ocrx_word' id='word_1_776' title='bbox 718 5203 819 5244; x_wconf 92' lang='lat' dir='ltr'><strong>nec</strong></span> <span class='ocrx_word' id='word_1_777' title='bbox 869 5188 1065 5245; x_wconf 81' lang='lat' dir='ltr'><strong>fratres</strong></span> <span class='ocrx_word' id='word_1_778' title='bbox 1105 5206 1338 5260; x_wconf 90' lang='lat' dir='ltr'><strong>usquam</strong></span> <span class='ocrx_word' id='word_1_779' title='bbox 1381 5190 1605 5258; x_wconf 84' lang='lat' dir='ltr'><strong>vidisse,</strong></span> <span class='ocrx_word' id='word_1_780' title='bbox 1659 5207 1836 5262; x_wconf 91' lang='lat' dir='ltr'><strong>neque</strong></span> <span class='ocrx_word' id='word_1_781' title='bbox 1883 5195 2048 5252; x_wconf 85' lang='lat' dir='ltr'><strong>ullius</strong></span> 
     </span>
    </p>
   </div>
   <div class='ocr_carea' id='block_1_104' title="bbox 465 5282 2044 5358">
    <p class='ocr_par' dir='ltr' id='par_1_104' title="bbox 465 5282 2044 5358">
     <span class='ocr_line' id='line_1_104' title="bbox 465 5282 2044 5358; baseline 0.004 -22"><span class='ocrx_word' id='word_1_782' title='bbox 465 5296 658 5337; x_wconf 90' lang='lat' dir='ltr'><strong>eorum</strong></span> <span class='ocrx_word' id='word_1_783' title='bbox 687 5282 931 5352; x_wconf 87' lang='lat' dir='ltr'><strong>quicum</strong></span> <span class='ocrx_word' id='word_1_784' title='bbox 967 5282 1036 5338; x_wconf 88' lang='lat' dir='ltr'><strong>iis</strong></span> <span class='ocrx_word' id='word_1_785' title='bbox 1067 5282 1438 5339; x_wconf 90' lang='lat' dir='ltr'><strong>discesserant</strong></span> <span class='ocrx_word' id='word_1_786' title='bbox 1460 5285 1545 5339; x_wconf 87' lang='lat' dir='ltr'><strong>vel</strong></span> <span class='ocrx_word' id='word_1_787' title='bbox 1569 5284 1857 5356; x_wconf 86' lang='lat' dir='ltr'><strong>vestigium</strong></span> <span class='ocrx_word' id='word_1_788' title='bbox 1888 5303 2044 5358; x_wconf 87' lang='lat' dir='ltr'><strong>repe-</strong></span> 
     </span>
    </p>
   </div>
   <div class='ocr_carea' id='block_1_105' title="bbox 466 5374 627 5430">
    <p class='ocr_par' dir='ltr' id='par_1_105' title="bbox 466 5374 627 5430">
     <span class='ocr_line' id='line_1_105' title="bbox 466 5374 627 5430; baseline 0.006 -2"><span class='ocrx_word' id='word_1_789' title='bbox 466 5374 627 5430; x_wconf 90' lang='lat' dir='ltr'><strong>risse.</strong></span> 
     </span>
    </p>
   </div>
   <div class='ocr_carea' id='block_1_106' title="bbox 538 5463 2034 5540">
    <p class='ocr_par' dir='ltr' id='par_1_106' title="bbox 538 5463 2034 5540">
     <span class='ocr_line' id='line_1_106' title="bbox 538 5463 2034 5540; baseline 0.005 -20"><span class='ocrx_word' id='word_1_790' title='bbox 538 5463 820 5522; x_wconf 74' lang='lat' dir='ltr'><strong>LXXVIII.</strong></span> <span class='ocrx_word' id='word_1_791' title='bbox 863 5466 988 5523; x_wconf 64' lang='lat' dir='ltr'><strong>[late</strong></span> <span class='ocrx_word' id='word_1_792' title='bbox 1017 5482 1145 5538; x_wconf 83' lang='lat' dir='ltr'><strong>ergo</strong></span> <span class='ocrx_word' id='word_1_793' title='bbox 1174 5467 1404 5524; x_wconf 90' lang='lat' dir='ltr'><strong>audiens</strong></span> <span class='ocrx_word' id='word_1_794' title='bbox 1429 5477 1604 5539; x_wconf 88' lang='lat' dir='ltr'><strong>pater,</strong></span> <span class='ocrx_word' id='word_1_795' title='bbox 1631 5480 1686 5524; x_wconf 91' lang='lat' dir='ltr'><strong>et</strong></span> <span class='ocrx_word' id='word_1_796' title='bbox 1716 5484 1829 5540; x_wconf 72' lang='lat' dir='ltr'><strong>prae</strong></span> <span class='ocrx_word' id='word_1_797' title='bbox 1863 5472 2034 5528; x_wconf 90' lang='lat' dir='ltr'><strong>multo</strong></span> 
     </span>
    </p>
   </div>
   <div class='ocr_carea' id='block_1_107' title="bbox 2151 4826 3722 4910">
    <p class='ocr_par' dir='ltr' id='par_1_107' title="bbox 2151 4826 3722 4910">
     <span class='ocr_line' id='line_1_107' title="bbox 2151 4826 3722 4910; baseline 0.012 -33"><span class='ocrx_word' id='word_1_798' title='bbox 2151 4826 2366 4890; x_wconf 80' lang='grc' dir='ltr'>ἑαυτοῦ,</span> <span class='ocrx_word' id='word_1_799' title='bbox 2395 4827 2585 4898; x_wconf 88' lang='grc' dir='ltr'>μαθεῖν</span> <span class='ocrx_word' id='word_1_800' title='bbox 2617 4829 2734 4901; x_wconf 76' lang='grc' dir='ltr'><strong>ἅμα</strong></span> <span class='ocrx_word' id='word_1_801' title='bbox 2771 4832 3088 4904; x_wconf 86' lang='grc' dir='ltr'>γλιχόμενος</span> <span class='ocrx_word' id='word_1_802' title='bbox 3128 4835 3246 4900; x_wconf 85' lang='grc' dir='ltr'>πῶς</span> <span class='ocrx_word' id='word_1_803' title='bbox 3287 4838 3397 4910; x_wconf 81' lang='grc' dir='ltr'>ἄρα</span> <span class='ocrx_word' id='word_1_804' title='bbox 3425 4840 3722 4909; x_wconf 85' lang='grc' dir='ltr'>διάγουσιν.</span> 
     </span>
    </p>
   </div>
   <div class='ocr_carea' id='block_1_108' title="bbox 2150 4918 3723 5004">
    <p class='ocr_par' dir='ltr' id='par_1_108' title="bbox 2150 4918 3723 5004">
     <span class='ocr_line' id='line_1_108' title="bbox 2150 4918 3723 5004; baseline 0.013 -33"><span class='ocrx_word' id='word_1_805' title='bbox 2150 4918 2210 4971; x_wconf 79' lang='lat' dir='ltr'><strong>Oi</strong></span> <span class='ocrx_word' id='word_1_806' title='bbox 2243 4919 2302 4972; x_wconf 84' lang='grc' dir='ltr'>δὲ</span> <span class='ocrx_word' id='word_1_807' title='bbox 2339 4920 2682 4988; x_wconf 85' lang='grc' dir='ltr'>ἀπελθόντες,</span> <span class='ocrx_word' id='word_1_808' title='bbox 2729 4926 2830 4979; x_wconf 90' lang='grc' dir='ltr'><strong>οὑκ</strong></span> <span class='ocrx_word' id='word_1_809' title='bbox 2866 4927 3184 4999; x_wconf 78' lang='grc' dir='ltr'>ἐπανῆλθον.</span> <span class='ocrx_word' id='word_1_810' title='bbox 3237 4933 3417 5004; x_wconf 86' lang='grc' dir='ltr'>Τρίτῳ</span> <span class='ocrx_word' id='word_1_811' title='bbox 3459 4934 3517 4988; x_wconf 85' lang='grc' dir='ltr'>δὲ</span> <span class='ocrx_word' id='word_1_812' title='bbox 3563 4935 3723 4990; x_wconf 86' lang='grc' dir='ltr'>πάλιν</span> 
     </span>
    </p>
   </div>
   <div class='ocr_carea' id='block_1_109' title="bbox 2148 5011 3723 5098">
    <p class='ocr_par' dir='ltr' id='par_1_109' title="bbox 2148 5011 3723 5098">
     <span class='ocr_line' id='line_1_109' title="bbox 2148 5011 3723 5098; baseline 0.011 -35"><span class='ocrx_word' id='word_1_813' title='bbox 2148 5011 2382 5084; x_wconf 85' lang='grc' dir='ltr'>ἐνιαυτῷ</span> <span class='ocrx_word' id='word_1_814' title='bbox 2421 5015 2451 5066; x_wconf 90' lang='lat'><strong>6</strong></span> <span class='ocrx_word' id='word_1_815' title='bbox 2500 5015 2682 5087; x_wconf 79' lang='grc' dir='ltr'>πατὴρ</span> <span class='ocrx_word' id='word_1_816' title='bbox 2721 5015 2966 5088; x_wconf 84' lang='grc' dir='ltr'>ἀθυμῶν,</span> <span class='ocrx_word' id='word_1_817' title='bbox 3007 5019 3224 5092; x_wconf 79' lang='grc' dir='ltr'>ἐτέρους</span> <span class='ocrx_word' id='word_1_818' title='bbox 3255 5021 3499 5096; x_wconf 79' lang='grc' dir='ltr'>ἔπεμψεν</span> <span class='ocrx_word' id='word_1_819' title='bbox 3524 5027 3723 5098; x_wconf 80' lang='grc' dir='ltr'>ὁμοίως</span> 
     </span>
    </p>
   </div>
   <div class='ocr_carea' id='block_1_110' title="bbox 2153 5104 3725 5190">
    <p class='ocr_par' dir='ltr' id='par_1_110' title="bbox 2153 5104 3725 5190">
     <span class='ocr_line' id='line_1_110' title="bbox 2153 5104 3725 5190; baseline 0.011 -34"><span class='ocrx_word' id='word_1_820' title='bbox 2153 5104 2251 5157; x_wconf 81' lang='grc' dir='ltr'>σὺν</span> <span class='ocrx_word' id='word_1_821' title='bbox 2285 5105 2512 5176; x_wconf 81' lang='grc' dir='ltr'>ἐφοδίοις</span> <span class='ocrx_word' id='word_1_822' title='bbox 2535 5125 2548 5138; x_wconf 92' lang='grc'><strong>·</strong></span> <span class='ocrx_word' id='word_1_823' title='bbox 2593 5108 2644 5160; x_wconf 83' lang='grc' dir='ltr'>οἰ</span> <span class='ocrx_word' id='word_1_824' title='bbox 2669 5125 2815 5172; x_wconf 88' lang='grc' dir='ltr'>τινες</span> <span class='ocrx_word' id='word_1_825' title='bbox 2840 5111 3084 5183; x_wconf 86' lang='grc' dir='ltr'>τετάρτῳ</span> <span class='ocrx_word' id='word_1_826' title='bbox 3111 5113 3342 5186; x_wconf 78' lang='grc' dir='ltr'>ἐνιαυτῷ</span> <span class='ocrx_word' id='word_1_827' title='bbox 3380 5112 3515 5189; x_wconf 82' lang='grc' dir='ltr'>ἧκον</span> <span class='ocrx_word' id='word_1_828' title='bbox 3544 5119 3725 5190; x_wconf 82' lang='grc' dir='ltr'>ἀπαγ-</span> 
     </span>
    </p>
   </div>
   <div class='ocr_carea' id='block_1_111' title="bbox 2150 5197 3723 5282">
    <p class='ocr_par' dir='ltr' id='par_1_111' title="bbox 2150 5197 3723 5282">
     <span class='ocr_line' id='line_1_111' title="bbox 2150 5197 3723 5282; baseline 0.01 -32"><span class='ocrx_word' id='word_1_829' title='bbox 2150 5197 2448 5266; x_wconf 85' lang='grc' dir='ltr'>γέλλοντες,</span> <span class='ocrx_word' id='word_1_830' title='bbox 2485 5202 2620 5273; x_wconf 86' lang='grc' dir='ltr'>μήτε</span> <span class='ocrx_word' id='word_1_831' title='bbox 2659 5219 2760 5274; x_wconf 86' lang='grc' dir='ltr'><strong>μου</strong></span> <span class='ocrx_word' id='word_1_832' title='bbox 2797 5203 2894 5274; x_wconf 84' lang='grc' dir='ltr'>τὴν</span> <span class='ocrx_word' id='word_1_833' title='bbox 2930 5207 3213 5273; x_wconf 89' lang='grc' dir='ltr'>τεκοῦσαν,</span> <span class='ocrx_word' id='word_1_834' title='bbox 3247 5208 3281 5280; x_wconf 81' lang='grc' dir='ltr'>ἢ</span> <span class='ocrx_word' id='word_1_835' title='bbox 3309 5211 3435 5274; x_wconf 80' lang='grc' dir='ltr'>τοὺς</span> <span class='ocrx_word' id='word_1_836' title='bbox 3463 5211 3723 5282; x_wconf 82' lang='grc' dir='ltr'>ἀδελφοὺς</span> 
     </span>
    </p>
   </div>
   <div class='ocr_carea' id='block_1_112' title="bbox 2148 5290 3722 5366">
    <p class='ocr_par' dir='ltr' id='par_1_112' title="bbox 2148 5290 3722 5366">
     <span class='ocr_line' id='line_1_112' title="bbox 2148 5290 3722 5366; baseline 0.011 -24"><span class='ocrx_word' id='word_1_837' title='bbox 2148 5290 2285 5354; x_wconf 84' lang='grc' dir='ltr'>ὅλως</span> <span class='ocrx_word' id='word_1_838' title='bbox 2314 5291 2617 5363; x_wconf 78' lang='grc' dir='ltr'>ἑωρακέναι</span> <span class='ocrx_word' id='word_1_839' title='bbox 2651 5294 2717 5358; x_wconf 80' lang='grc'><strong>³⁸,</strong></span> <span class='ocrx_word' id='word_1_840' title='bbox 2744 5294 2878 5366; x_wconf 86' lang='grc' dir='ltr'>μηδὲ</span> <span class='ocrx_word' id='word_1_841' title='bbox 2919 5295 3077 5350; x_wconf 78' lang='grc' dir='ltr'>ἄλλου</span> <span class='ocrx_word' id='word_1_842' title='bbox 3113 5297 3257 5363; x_wconf 85' lang='grc' dir='ltr'>τινδς</span> <span class='ocrx_word' id='word_1_843' title='bbox 3281 5301 3390 5355; x_wconf 82' lang='grc' dir='ltr'>τῶν</span> <span class='ocrx_word' id='word_1_844' title='bbox 3420 5303 3516 5357; x_wconf 83' lang='grc' dir='ltr'><strong>σὺν</strong></span> <span class='ocrx_word' id='word_1_845' title='bbox 3539 5306 3722 5366; x_wconf 83' lang='grc' dir='ltr'>αὐτοῖς</span> 
     </span>
    </p>
   </div>
   <div class='ocr_carea' id='block_1_113' title="bbox 2148 5381 3177 5460">
    <p class='ocr_par' dir='ltr' id='par_1_113' title="bbox 2148 5381 3177 5460">
     <span class='ocr_line' id='line_1_113' title="bbox 2148 5381 3177 5460; baseline 0.01 -27"><span class='ocrx_word' id='word_1_846' title='bbox 2148 5381 2559 5454; x_wconf 86' lang='grc' dir='ltr'>ἀπεληλυθότων</span> <span class='ocrx_word' id='word_1_847' title='bbox 2583 5385 2686 5439; x_wconf 82' lang='grc' dir='ltr'>κᾶν</span> <span class='ocrx_word' id='word_1_848' title='bbox 2704 5386 2846 5456; x_wconf 74' lang='grc' dir='ltr'>ἴχνος</span> <span class='ocrx_word' id='word_1_849' title='bbox 2869 5389 3177 5460; x_wconf 84' lang='grc' dir='ltr'>εὑρηκέναι.</span> 
     </span>
    </p>
   </div>
   <div class='ocr_carea' id='block_1_114' title="bbox 2214 5472 3720 5554">
    <p class='ocr_par' dir='ltr' id='par_1_114' title="bbox 2214 5472 3720 5554">
     <span class='ocr_line' id='line_1_114' title="bbox 2214 5472 3720 5554; baseline 0.011 -28"><span class='ocrx_word' id='word_1_850' title='bbox 2214 5472 2493 5528; x_wconf 68' lang='lat' dir='ltr'><strong>LXXVIII.</strong></span> <span class='ocrx_word' id='word_1_851' title='bbox 2548 5476 2603 5528; x_wconf 91' lang='lat'><strong>&#39;0</strong></span> <span class='ocrx_word' id='word_1_852' title='bbox 2638 5476 2737 5547; x_wconf 82' lang='grc' dir='ltr'>μὲν</span> <span class='ocrx_word' id='word_1_853' title='bbox 2765 5473 2860 5532; x_wconf 82' lang='grc' dir='ltr'><strong>οῦν</strong></span> <span class='ocrx_word' id='word_1_854' title='bbox 2888 5481 3090 5554; x_wconf 78' lang='grc' dir='ltr'>πατὴρ,</span> <span class='ocrx_word' id='word_1_855' title='bbox 3123 5483 3296 5538; x_wconf 88' lang='grc' dir='ltr'>ταῦτα</span> <span class='ocrx_word' id='word_1_856' title='bbox 3319 5485 3578 5551; x_wconf 81' lang='grc' dir='ltr'>ἀκούσας,</span> <span class='ocrx_word' id='word_1_857' title='bbox 3623 5488 3720 5542; x_wconf 81' lang='grc' dir='ltr'>καὶ</span> 
     </span>
    </p>
   </div>
   <div class='ocr_carea' id='block_1_115' title="bbox 1761 5610 2441 5672">
    <p class='ocr_par' dir='ltr' id='par_1_115' title="bbox 1761 5610 2441 5672">
     <span class='ocr_line' id='line_1_115' title="bbox 1761 5610 2441 5672; baseline 0.009 -6"><span class='ocrx_word' id='word_1_858' title='bbox 1761 5610 1995 5668; x_wconf 65' lang='grc' dir='ltr'><strong>ἾΑΒΙᾹΞ</strong></span> <span class='ocrx_word' id='word_1_859' title='bbox 2035 5614 2441 5672; x_wconf 74' lang='lat' dir='ltr'><strong>LECTIONES.</strong></span> 
     </span>
    </p>
   </div>
   <div class='ocr_carea' id='block_1_116' title="bbox 540 5697 2553 5781">
    <p class='ocr_par' dir='ltr' id='par_1_116' title="bbox 540 5697 2553 5781">
     <span class='ocr_line' id='line_1_116' title="bbox 540 5697 2553 5781; baseline 0.007 -28"><span class='ocrx_word' id='word_1_860' title='bbox 540 5697 581 5730; x_wconf 73' lang='grc' dir='ltr'>ἰ</span> <span class='ocrx_word' id='word_1_861' title='bbox 622 5700 691 5755; x_wconf 85' lang='lat' dir='ltr'><strong>al.</strong></span> <span class='ocrx_word' id='word_1_862' title='bbox 732 5701 860 5754; x_wconf 88' lang='grc' dir='ltr'>τῶν.</span> <span class='ocrx_word' id='word_1_863' title='bbox 891 5775 912 5781; x_wconf 68' lang='lat'><strong><em>_</em></strong></span> <span class='ocrx_word' id='word_1_864' title='bbox 951 5703 1100 5781; x_wconf 62' lang='grc' dir='ltr'><strong>’ξ</strong></span> <span class='ocrx_word' id='word_1_865' title='bbox 1137 5703 1325 5781; x_wconf 72' lang='grc' dir='ltr'>λόγων.</span> <span class='ocrx_word' id='word_1_866' title='bbox 1365 5705 1450 5781; x_wconf 42' lang='lat' dir='ltr'><strong>ff</strong></span> <span class='ocrx_word' id='word_1_867' title='bbox 1491 5706 1563 5760; x_wconf 89' lang='lat' dir='ltr'><strong>al.</strong></span> <span class='ocrx_word' id='word_1_868' title='bbox 1604 5707 1918 5781; x_wconf 79' lang='grc' dir='ltr'>ἀκούσαιμι.</span> <span class='ocrx_word' id='word_1_869' title='bbox 1982 5711 2070 5781; x_wconf 43' lang='grc' dir='ltr'><strong>ζι³⁶</strong></span> <span class='ocrx_word' id='word_1_870' title='bbox 2098 5712 2285 5768; x_wconf 76' lang='lat' dir='ltr'><strong>Matth.</strong></span> <span class='ocrx_word' id='word_1_871' title='bbox 2330 5731 2419 5774; x_wconf 73' lang='lat' dir='ltr'><strong>xx.</strong></span> <span class='ocrx_word' id='word_1_872' title='bbox 2463 5715 2553 5770; x_wconf 73' lang='grc'><strong>28.</strong></span> 
     </span>
    </p>
   </div>
   <div class='ocr_carea' id='block_1_117' title="bbox 469 5755 2018 5848">
    <p class='ocr_par' dir='ltr' id='par_1_117' title="bbox 469 5755 2018 5848">
     <span class='ocr_line' id='line_1_117' title="bbox 469 5755 2018 5848; baseline -0.013 -5"><span class='ocrx_word' id='word_1_873' title='bbox 469 5786 605 5842; x_wconf 80' lang='grc' dir='ltr'>μητε</span> <span class='ocrx_word' id='word_1_874' title='bbox 624 5781 732 5842; x_wconf 76' lang='grc' dir='ltr'><strong>μην</strong></span> <span class='ocrx_word' id='word_1_875' title='bbox 751 5775 941 5836; x_wconf 62' lang='lat' dir='ltr'><strong>avrai;</strong></span> <span class='ocrx_word' id='word_1_876' title='bbox 981 5755 1918 5848; x_wconf 43' lang='lat' dir='ltr'><strong>mem3asiaeangﬁxéﬁf.”&quot;&quot;&quot;</strong></span> <span class='ocrx_word' id='word_1_877' title='bbox 1982 5755 2018 5783; x_wconf 69' lang='grc' dir='ltr'><strong>τ’</strong></span> 
     </span>
    </p>
   </div>
   <div class='ocr_carea' id='block_1_118' title="bbox 2665 5715 3696 5793">
    <p class='ocr_par' dir='ltr' id='par_1_118' title="bbox 2665 5715 3696 5793">
     <span class='ocr_line' id='line_1_118' title="bbox 2665 5715 3696 5793; baseline 0.008 -23"><span class='ocrx_word' id='word_1_878' title='bbox 2665 5715 2708 5749; x_wconf 80' lang='grc'><strong>³⁸</strong></span> <span class='ocrx_word' id='word_1_879' title='bbox 2749 5717 2816 5771; x_wconf 89' lang='lat' dir='ltr'><strong>al.</strong></span> <span class='ocrx_word' id='word_1_880' title='bbox 2864 5718 3027 5774; x_wconf 87' lang='lat' dir='ltr'><strong>inser.</strong></span> <span class='ocrx_word' id='word_1_881' title='bbox 3084 5719 3269 5774; x_wconf 82' lang='grc' dir='ltr'>αὑτοῦ.</span> <span class='ocrx_word' id='word_1_882' title='bbox 3376 5721 3424 5754; x_wconf 80' lang='grc'><strong>³⁸</strong></span> <span class='ocrx_word' id='word_1_883' title='bbox 3445 5722 3696 5793; x_wconf 77' lang='lat' dir='ltr'><strong>al._inser</strong></span> 
     </span>
    </p>
   </div>
  </div>
