4040 6146
333 324 439 379 525

1110 317 1564 376 CLEMENTINA.
1603 347 1672 356 ——
1706 307 2127 368 EPITOME-DE
2164 303 2408 363 GESTIS
2446 303 2503 358 S.
2544 301 2766 357 PETRI.

333 443 437 498 ὑπὸ
453 441 648 511 πολλῆς
678 441 852 513 λύπης
880 443 1152 514 ἕκθαμϐος
1177 442 1485 513 γενόμενος,
1509 443 1604 495 καὶ
1622 443 1723 494 οὐκ
1748 439 1904 499 εἰδὼς
1932 493 1933 497 η

2012 431 2192 486 dolore
2223 425 2649 495 obstupefactus,
2689 421 3046 491 nesciensque
3067 434 3176 490 quo
3202 432 3392 473 eorum
3422 432 3573 488 qua:-

333 535 434 589 ποῦ
464 537 711 606 ὁρμήσας
738 536 878 590 κατὰ
901 538 1126 608 ζήτησιν
1153 538 1374 590 ἐκείνων
1411 535 1636 602 ἐξέλθοι,
1664 535 1763 605 ἐμὲ
1795 551 1898 586 πα-

337 625 604 698 ραλαϐὼν,
652 627 746 679 καὶ
799 629 880 690 εἰς
933 627 1128 699 πόρτον
1174 627 1216 658 ³⁷
1258 625 1518 690 καταϐὰς,
1575 624 1902 694 πυκνότερον

334 716 681 782 ἐπυνθάνετο,
709 717 811 770 ποῦ
835 735 920 780 τις
945 717 1096 788 ἴδοιῆ
1125 719 1407 772 ἀκούσειεν
1438 717 1588 780 ἐντὸς
1624 714 1903 786 τεσσάρων

334 809 594 862 ἐνιαυτῶν
617 811 933 880 ἀπαντῆσαν
958 811 1233 878 ναυάγιον.
1257 811 1366 863 Καὶ
1389 809 1544 872 ἄλλος
1562 808 1763 878 ἀλλαχῆ
1787 807 1904 860 ἕλε-

334 916 448 971 γευ.
489 899 547 954 '0
572 901 629 954 δέ
653 901 814 955 πάλιν
850 902 1299 965 ἀπεπυνθάνετο,
1340 903 1389 954 εί
1431 901 1706 972 ἑωράκασι
1747 898 1906 969 σῶμα

335 987 590 1061 γυναικὸς
613 993 751 1064 μετά
776 993 991 1066 βρεφῶν
1017 992 1452 1065 ἐκϐεϐρασμένον
1475 995 1543 1065 τῇ
1571 995 1662 1064 γῇ.
1691 991 1906 1045 Πολλῶν

335 1081 428 1140 οὗν
458 1085 628 1139 πολλά
650 1086 912 1155 λεγόντων
932 1086 1234 1157 ἑωρακέναι
1261 1084 1528 1155 πτώματα
1553 1084 1696 1138 κατά
1719 1080 1906 1152 διιῖφό-
1927 1121 1932 1124 -

341 1195 465 1251 ρους
499 1179 742 1249 καιροὺς,
775 1179 804 1231 ὁ
837 1179 1018 1250 πατὴρ
1060 1175 1270 1231 ἀκούων
1311 1175 1582 1241 ἐστέναξε.
1621 1176 1767 1246 Πλὴν
1805 1175 1909 1229 ὑπὸ

337 1269 445 1324 τῶν
471 1269 791 1339 σπλάγχνων
819 1269 1170 1342 νενικημένος
1185 1270 1251 1333 ³⁸,
1277 1268 1539 1337 ἀλόγιστα
1558 1268 1905 1331 ἐπυνθάνετο,

337 1362 588 1415 τοσοῦτον
620 1363 893 1432 θαλάσσης
917 1360 1074 1430 βυθὸν
1105 1357 1441 1431 πειρώμενος
1473 1362 1698 1432 ἐρευνᾷν
1717 1377 1730 1391 °
1763 1361 1911 1431 ὅμως

341 1454 683 1523 συγγνωστὸς
713 1450 801 1525 ἦν,
838 1455 920 1506 ὅτι
957 1451 1047 1506 διὰ
1093 1452 1191 1522 τὴν
1221 1451 1355 1523 πρὸς
1389 1452 1514 1516 τοὺς
1549 1452 1911 1524 ζητουμένους

343 1545 593 1615 στοργὴν,
615 1544 824 1597 ἐλπίσιν
847 1541 1178 1595 ἐϐουκολεῖτο
1207 1544 1406 1604 κεναῖς.
1437 1542 1546 1596 Καὶ
1569 1542 1632 1613 δή
1655 1558 1785 1595 ποτε
1806 1541 1911 1594 ὑπὸ

341 1638 684 1706 φροντισταῖς
724 1632 1035 1688 καταλιπών
1061 1651 1126 1703 με
1147 1634 1240 1686 καὶ
1258 1633 1591 1704 ἐπιτρόποις,
1614 1633 1912 1686 δωδέκατον

339 1724 440 1795 ἤδη
488 1724 746 1793 γεγονότα
785 1723 934 1787 ἔτος,
965 1724 1126 1788 αὐτὸς
1172 1723 1420 1796 δακρύων
1458 1725 1536 1786 είς
1565 1722 1759 1794 πόρτον
1781 1739 1913 1776 κατ-

2002 521 2294 576 rendorum
2321 533 2486 574 causa
2516 516 2776 579 tenderet,
2809 520 3088 583 assumpto
3118 527 3225 575 me,
3267 526 3331 566 ac
3363 511 3415 564 in
3441 525 3570 580 por-

2002 625 2115 668 tum
2172 612 2541 676 descendens,
2597 606 2936 676 frequentius
2997 605 3414 670 sciscitabatur,
3475 598 3570 656 ubi

2001 704 2276 774 quispiam
2300 702 2525 756 vidisset
2551 701 2632 754 vel
2664 697 2929 752 audiisset
2954 696 3095 749 intra
3130 704 3364 766 quatuor
3397 709 3572 749 annos

2005 794 2349 866 naufragium
2381 792 2694 862 contigisse.
2719 789 2894 858 Atque
2921 787 3055 842 varii
3086 787 3237 841 vario
3262 787 3313 840 in
3332 787 3450 841 loco
3476 801 3571 840 ac-

2003 886 2206 942 cidisse
2228 884 2554 946 referebant.
2590 883 2680 937 llle
2714 889 2895 936 autem
2937 879 3134 934 iterum
3163 877 3406 949 rogabat,
3441 893 3570 932 num

2003 979 2272 1034 vidissent
2303 992 2502 1046 corpus
2547 974 2792 1030 mulieris
2833 987 2956 1028 cum
2995 971 3182 1042 pueris
3212 971 3265 1024 in
3304 981 3507 1026 terram
3539 987 3570 1025 a

2005 1069 2145 1124 mari
2171 1069 2424 1139 ejectum.
2447 1067 2694 1136 Cumque
2721 1064 2875 1121 multi
2899 1079 2958 1120 se
2985 1063 3155 1118 multa
3181 1061 3414 1119 diversis
3439 1073 3576 1118 tem-

2005 1161 2234 1232 poribus
2265 1160 2527 1216 cadavera
2555 1168 2831 1229 spectasse
2859 1157 3121 1221 dicerent,
3155 1163 3306 1226 pater
3350 1155 3575 1211 audiens

2008 1253 2415 1325 ingemiscebat.
2451 1251 2651 1307 Verum
2674 1249 2906 1304 naturali
2923 1247 3116 1304 affectu
3139 1249 3402 1315 devictus,
3434 1265 3575 1320 prae-

2009 1357 2092 1404 ter
2117 1347 2384 1404 rationem
2409 1344 2845 1415 percontabatur,
2884 1343 2977 1413 qui
3015 1350 3225 1397 tantum
3254 1341 3419 1396 maris
3449 1357 3576 1412 pro—

2010 1439 2240 1495 fundum
2289 1437 2523 1493 scrutari
2570 1443 2866 1491 conaretur
2913 1452 2927 1488 :
2968 1442 3148 1488 tamen
3183 1434 3339 1488 venia
3378 1432 3575 1502 dignus

2009 1539 2148 1596 erat,
2176 1529 2322 1600 quod
2347 1528 2611 1583 charitate
2646 1543 2832 1581 eorum
2871 1540 3010 1596 quos
3046 1524 3340 1596 quaerebat,
3375 1525 3574 1595 spebus

2013 1621 2312 1676 laetabatur
2343 1618 2615 1673 inanibus.
2661 1616 2898 1688 Denique
2943 1632 3031 1672 me
3066 1617 3168 1672 sub
3221 1614 3498 1687 magistris
3523 1623 3577 1673 et

2012 1711 2454 1783 procuratoribus
2484 1710 2812 1780 relinquens,
2837 1711 2948 1779 jam
2978 1706 3263 1764 duodecim
3285 1724 3458 1765 annos
3483 1725 3578 1763 nao

341 1813 496 1884 ἦλθε·
535 1815 629 1868 καὶ
671 1817 751 1878 εἰς
795 1815 974 1868 πλοῖον
1005 1814 1195 1886 ἐμϐὰς,
1223 1817 1303 1879 είς
1329 1814 1647 1886 ἐπιζήτησιν
1688 1815 1910 1868 ἐκείνων

2013 1813 2160 1871 tum,
2200 1803 2326 1874 ipse
2375 1803 2428 1856 in
2489 1811 2712 1872 portum
2770 1800 2904 1856 ﬂens
2963 1801 3281 1868 descendit;
3345 1801 3576 1872 navique

342 1905 631 1968 ἐξέπλευσε
652 1923 665 1935 ·
710 1907 802 1960 καὶ
841 1906 897 1973 ἐξ
921 1907 1126 1959 ἐκείνου
1157 1905 1317 1978 μέχρι
1344 1907 1439 1960 καὶ
1467 1907 1562 1960 νῦν
1580 1905 1702 1960 οὒτε
1731 1907 1909 1979 γράμ-

344 2007 489 2062 ματα
521 1996 649 2064 παρ’
673 1996 835 2049 αὐτοῦ
859 1995 1149 2067 ἐδεξάμην,
1188 1995 1308 2049 οὔτε
1344 1997 1388 2028 ³⁸
1433 1999 1490 2050 ἐν
1539 1997 1704 2061 ζῶσιν
1746 1995 1909 2052 αὐτὸν

343 2078 481 2136 εἶναι
519 2084 550 2154 ἦ
590 2084 906 2157 τεθνηκόσιν
941 2087 1074 2152 ὅλως
1120 2089 1436 2160 ἐπίσταμαι.
1499 2089 1666 2161 Ῥοπὴ
1705 2089 1764 2142 δέ
1820 2109 1909 2164 μοι

345 2173 545 2227 πλείων
581 2176 715 2247 πρὸς
754 2176 911 2230 τοῦτο
939 2179 1040 2249 τῆς
1076 2180 1332 2243 διανοίας,
1356 2181 1438 2232 ὅτι
1461 2180 1687 2252 τέθνηκέ
1725 2199 1847 2244 που,
1876 2183 1907 2254 ἢ

345 2265 449 2318 ὑπὸ
479 2265 654 2338 λύπης
687 2268 863 2338 ἥττων
894 2269 1203 2340 γενόμενος,
1225 2270 1259 2340 ἢ
1284 2271 1530 2342 ναυαγίῳ
1560 2272 1869 2342 περιπεσών
1893 2293 1906 2305 ο

344 2356 528 2410 τούτου
557 2357 616 2410 δέ
642 2359 924 2431 τεκμηρίῳ
943 2359 1182 2431 χρῶμαι,
1226 2362 1305 2414 ὅτι
1344 2361 1403 2428 ἐξ
1442 2361 1649 2415 ἐκείνου
1675 2363 1774 2434 ήδη
1797 2364 1911 2416 λοι·

345 2445 444 2499 πδν
472 2447 713 2500 εἰκοστὸν
733 2447 850 2511 ἔτος
890 2449 1055 2512 ἐστὶν,
1093 2443 1186 2518 ἀφ’
1213 2443 1274 2502 οὗ
1304 2447 1445 2518 ἴχνος
1475 2448 1625 2502 οὐδὲν
1657 2448 1910 2522 ἀληθείας

346 2539 465 2608 ἐμοὶ
493 2539 620 2610 περὶ
660 2535 821 2592 αύτοῦ
849 2534 1130 2610 ἣκουσται.

417 2649 651 2703 LXXIX.
684 2651 864 2704 Ταῦτα
895 2652 1106 2705 ἀκούων
1136 2654 1164 2705 ὁ
1184 2653 1386 2724 Πέτρος
1406 2693 1420 2716 ,
1444 2650 1548 2705 ὑπὸ
1573 2652 1913 2723 συμπαθείας

348 2741 571 2811 ἐδάκρυε
619 2743 713 2795 καὶ
743 2742 943 2807 εὐθέως
972 2744 1085 2807 τοῖς
1117 2743 1333 2798 συνοῦσι
1365 2745 1606 2815 γνησίοις
1644 2742 1817 2799 εἶπεν·
1847 2744 1919 2798 El

347 2852 430 2897 τις
474 2834 738 2888 πέπονθεν
777 2835 1005 2907 εὐσεϐὴς
1053 2837 1192 2908 ἀνὴρ
1246 2831 1334 2890 οἷα
1388 2839 1417 2890 ὁ
1463 2837 1653 2890 τούτου
1708 2837 1910 2909 πατὴρ,

347 2925 544 2988 εὐθέως
583 2927 649 2980 ἂν
676 2925 753 2996 τῷ
776 2926 876 2996 τῆς
907 2926 1210 2992 θεοσεϐείας
1240 2928 1379 3000 λόγῳ
1396 2969 1411 2994 ,
1445 2929 1523 3001 τῷ
1547 2930 1766 3002 πονηρῷ
1785 2931 1912 2985 ἐπέ-

349 3031 524 3087 γράφε
548 3018 648 3088 τὴν
674 3018 872 3072 αἰτίαν.
909 3019 1066 3072 Οὕτω
1101 3021 1194 3074 καὶ
1218 3024 1332 3084 τοῖς
1350 3021 1717 3094 ταλαιπώροις
1735 3018 1913 3077 ἔθνεσι

2009 1907 2336 1958 conscensa,
2387 1891 2454 1946 ad
2514 1893 2731 1947 illorum
2793 1891 3200 1962 inquisitionem
3225 1893 3572 1963 enavigavit:

2009 1994 2173 2055 atque
2200 1999 2264 2040 ex
2289 2000 2353 2039 eo
2393 1993 2634 2055 tempore
2659 1999 2831 2054 usque
2858 1984 3037 2039 adhuc
3054 1999 3156 2040 nec
3186 1983 3393 2041 litteras
3418 1985 3486 2039 ab
3510 2000 3575 2040 eo

2009 2077 2213 2146 accepi,
2237 2091 2338 2132 nec
2360 2077 2501 2132 inter
2527 2078 2703 2141 vivos,
2729 2092 2797 2130 an
2820 2077 2959 2132 inter
2987 2085 3232 2132 mortuos
3253 2080 3324 2133 sit
3351 2091 3576 2148 prorsus

2011 2169 2133 2223 novi
2162 2185 2175 2221 :
2199 2184 2265 2224 eo
2289 2179 2465 2224 tamen
2501 2169 2622 2239 plus
2652 2183 2805 2223 mens
2834 2184 2952 2222 mea
2974 2169 3270 2239 propendet
3298 2177 3358 2222 ut
3388 2169 3577 2223 existi-

2011 2277 2151 2315 mem
2184 2277 2310 2315 eum
2336 2261 2553 2326 obiisse,
2581 2261 2664 2315 vel
2693 2260 2910 2315 tristitia
2954 2269 3292 2330 superatum,
3333 2261 3416 2315 vel
3445 2276 3578 2315 nau-

2013 2351 2185 2424 fragio
2219 2353 2564 2407 involutum:
2594 2367 2701 2422 qua
2745 2352 2799 2406 in
2848 2367 2906 2406 re
2943 2351 3048 2407 hoc
3085 2362 3208 2407 utor
3235 2362 3575 2423 argumento,

2010 2448 2154 2515 quod
2173 2445 2284 2514 jam
2307 2445 2375 2498 ab
2397 2459 2463 2498 eo
2481 2453 2720 2514 tempore
2744 2443 3037 2514 vigesimus
3057 2458 3234 2501 annus
3257 2445 3350 2512 sit,
3371 2461 3434 2500 ex
3470 2461 3579 2515 quo

2011 2535 2220 2589 nullum
2254 2533 2498 2589 veritatis
2523 2533 2812 2604 vestigium
2850 2533 2918 2588 de
2943 2548 3009 2590 eo
3029 2533 3233 2603 accepi.

2081 2643 2317 2698 LXXIX.
2335 2643 2472 2698 Cum
2495 2644 2612 2700 haec
2629 2644 2890 2700 audiisset
2903 2643 3120 2712 Petrus,
3145 2643 3579 2700 commiseratio-

2015 2731 2100 2787 nis
2128 2732 2324 2787 allectu
2347 2733 2619 2806 lacrymas
2648 2732 2812 2801 fudit,
2843 2733 3134 2804 statimque
3161 2733 3228 2788 ad
3263 2733 3577 2801 familiares,

2011 2824 2108 2894 qui
2148 2823 2414 2891 aderant,
2459 2824 2598 2880 dixit
2630 2842 2644 2879 :
2678 2822 2737 2879 Si
2768 2824 2893 2894 quis
2932 2823 3037 2894 pia:
3077 2823 3327 2893 religioni
3369 2823 3582 2878 deditus

2013 2914 2118 2981 vir,
2144 2929 2207 2969 ea
2237 2913 2568 2984 pertulisset,
2595 2928 2716 2985 quae
2744 2914 2908 2984 hujus
2937 2924 3124 2984 pater;
3165 2914 3424 2970 continuo
3453 2913 3582 2970 reli-

2015 3003 2164 3074 gioni
2192 3013 2246 3059 et
2272 3005 2488 3060 diabolo
2517 3005 2862 3075 ascripsisset
2890 3019 3134 3060 causam.
3169 3004 3244 3060 lta
3285 3007 3449 3060 etiam
3477 3006 3581 3060 mi‘

352 3105 631 3194 συμϐαίνει
673 3107 930 3178 πάσχειν,
959 3109 1052 3161 καὶ
1084 3109 1380 3181 ἀγνοοῦμεν
1401 3113 1450 3164 οἱ
1485 3093 1769 3176 θεοσεϐεῖς.
1809 3116 1915 3167 Τα-

2016 3093 2154 3149 seris
2195 3094 2488 3164 gentilibus
2531 3094 2640 3162 pati
2683 3094 2974 3164 contingit;
3016 3103 3071 3150 et
3111 3094 3451 3166 ignoramus,
3483 3095 3580 3166 qui

350 3193 722 3266 λαιπώρουςδέ
745 3198 936 3262 αὐτοὺς
959 3198 1194 3267 εὐλόγως
1214 3199 1429 3272 εἴρηκα,
1465 3202 1545 3256 ὃτι
1569 3205 1662 3258 καὶ
1687 3204 1914 3258 ἐνταῦθα

351 3287 674 3352 πλανῶνται,
707 3289 802 3341 καὶ
837 3289 936 3359 τῆς
979 3289 1184 3344 ἐκεῖθεν
1217 3291 1425 3356 ἐλπίδος
1462 3294 1909 3366 ἀποτυγχάνουσι·

349 3380 459 3442 τοῖς
481 3377 590 3450 γάρ
622 3379 680 3431 ἐν
706 3379 982 3451 θεοσεϐείᾳ
1011 3381 1078 3434 τά
1103 3381 1322 3454 λυπηρά
1357 3385 1672 3455 πάσχουσιν,
1712 3387 1915 3452 ἐκτισις

352 3470 490 3525 αὐτά
511 3471 717 3541 γίνεται
741 3472 851 3526 τῶν
875 3477 1353 3545 παραπτωμάτων.

425 3641 636 3699 LXXX.
685 3645 868 3711 Οὕτως
913 3648 1156 3712 εἰπόντος
1184 3648 1279 3702 τοῦ
1321 3650 1526 3722 Πέτρου
1545 3689 1562 3715 ,
1597 3647 1676 3716 εἷς
1697 3671 1782 3718 τις
1810 3655 1916 3707 τῶν

352 3737 409 3788 ἐν
435 3736 565 3806 ήμίν
600 3735 875 3808 τολμήσας
910 3738 1030 3792 ἀντὶ
1071 3740 1286 3794 πάντων
1323 3741 1692 3812 παρεκάλεσεν
1733 3744 1916 3808 αὐτὸν,

351 3827 542 3900 αὔριον
590 3827 960 3901 ὀρθριαίτερον
1012 3830 1093 3894 είς
1134 3831 1362 3902 Ἀραδον
1403 3832 1449 3865 ⁸⁸
1495 3835 1594 3906 τὴν
1633 3835 1917 3889 κατέναντι

351 3919 514 3989 νῆσον
537 3918 850 3984 ἐκπλεῦσαι,
877 3921 1171 3992 τριάκοντα
1184 3918 1336 3994 οἶμαι
1361 3923 1484 3977 οὐδὲ
1505 3925 1657 3989 ὅλους
1677 3926 1918 3990 σταδίους

351 4011 680 4081 ἀπέχουσαν,
722 4013 812 4066 ἐπὶ
845 4013 1052 4085 ίστορίᾳ
1089 4014 1196 4067 τῶν
1241 4017 1416 4070 ἐκεῖσε
1468 4017 1778 4088 ἀμπελίνων
1827 4019 1920 4072 δύο

353 4103 559 4157 στύλων
593 4103 825 4174 μέγιστα
856 4104 1003 4176 πάχη
1038 4106 1323 4177 φερόντων.
1381 4108 1438 4162 Ὁ
1478 4108 1608 4176 γοῦν
1651 4109 1920 4181 πειθήνιος

355 4186 560 4264 Πέτρος
604 4193 910 4259 ἐπένευσεν,
948 4194 1119 4259 οὕτως
1151 4195 1349 4250 εἰπών’
1398 4197 1564 4251 Ἐπὰν
1598 4198 1692 4252 τοῦ
1733 4199 1919 4252 πλοίου

354 4281 554 4352 ἐκϐῆτε
575 4322 590 4348 ,
622 4283 696 4354 μὴ
732 4285 848 4355 ἅμα
886 4286 1086 4350 πάντες
1116 4287 1432 4359 εἰσέρχησθε
1457 4291 1538 4353 εἰς
1560 4290 1660 4360 τὴν
1691 4290 1922 4361 θεωρίαν

353 4371 427 4428 ὧν
460 4374 806 4445 ἐπιθυμεῖτε·
845 4377 908 4430 οὐ
939 4373 1340 4450 γὰρ’βούλομαι
1368 4381 1512 4451 ὑμᾶς
1541 4380 1640 4445 τὰς
1675 4383 1780 4436 τῶν
1819 4400 1920 4436 πο-
1953 4417 1956 4420 ~

353 4464 512 4518 λιτῶν
566 4465 716 4535 ὄψεις
755 4467 891 4538 πρὸς
930 4470 1155 4534 ἑαυτοὺς
1206 4472 1570 4544 ἐπιστρέφειν.
1627 4476 1736 4529 Καὶ
1779 4475 1920 4531 οὕτω

2022 4475 2213 4530 oculos
2263 4475 2318 4528 in
2368 4488 2466 4528 vos
2505 4473 2856 4528 convcrtatis.
2901 4472 3080 4543 Atque
3119 4474 3199 4530 sic
3245 4475 3580 4546 navigantes,
3685 4472 3694 4538 ξ

354 4555 719 4622 πλεύσαντες,
755 4561 882 4630 μιᾶς
917 4560 1068 4631 ὥρας
1109 4563 1454 4636 κατήχθημεν
1498 4566 1578 4628 είς
1607 4567 1705 4638 τὴν
1736 4567 1916 4637 νῆσον.

365 4645 657 4710 Ἐκϐάντες
699 4647 756 4700 δὲ
797 4647 892 4702 τοῦ
929 4651 1167 4720 σκάφους
1191 4654 1472 4733 ,εἰσῄειμεν
1499 4655 1628 4710 ἔνθα
1659 4658 1708 4710 οἱ
1740 4657 1918 4729 ἀμπέ-

350 4735 485 4790 λινοι
525 4736 704 4790 στῦλοι
737 4733 904 4808 ἦσαν·
939 4739 1089 4811 ὁμῶς
1119 4741 1214 4794 καὶ
1251 4742 1386 4813 μετὰ
1415 4743 1522 4797 τῶν
1556 4745 1790 4811 στύλων,
1824 4746 1920 4802 ἀλ-

350 4823 444 4890 io;
477 4826 576 4898 μὲν
607 4826 734 4880 ἄλλο
764 4844 818 4880 τι
849 4828 957 4881 τῶν
989 4828 1192 4882 Φειδίου
1216 4829 1390 4902 ἔργων
1419 4831 1658 4904 ἐθεώρει.

423 4943 658 5000 LXXXI.
697 4946 900 5014 Πέτρος
929 4946 987 5001 δέ
1023 4948 1182 5019 μόνος
1221 4951 1320 5004 οὐκ
1354 4953 1646 5022 ἀναγκαῖον
1678 4959 1920 5028 ήγήσατο

349 5037 446 5090 ἐπὶ
473 5039 572 5108 τὴν
613 5037 851 5109 ἱστορίαν
878 5039 985 5092 τῶν
1023 5035 1142 5094 ἐκεῖ
1170 5044 1443 5110 γενέσθαιο
1475 5050 1692 5114 γυναικὶ
1729 5049 1786 5102 δέ
1816 5068 1920 5105 τινι

348 5128 460 5194 ἔξω
507 5125 614 5194 πρὸ
656 5125 763 5179 τῶν
800 5127 979 5199 θυρῶν
1008 5131 1362 5204 καθεζομένῃ,
1401 5135 1494 5187 καὶ¹
1526 5136 1736 5206 τροφῆς
1764 5139 1922 5210 χάριν

349 5215 686 5288 μταιτούσῃ
713 5217 791 5282 ⁶¹,
826 5219 1078 5289 προσχὼν
1114 5219 1216 5292 ἐφη
1237 5237 1250 5252 ⁸
1291 5222 1473 5287 Γύναι,
1513 5223 1567 5276 τί
1602 5241 1682 5277 σοι
1706 5225 1814 5280 τῶν
1847 5226 1924 5280 οἰ-

346 5309 516 5364 κείων
548 5306 783 5362 ἐλλείπει
815 5310 1025 5380 μελῶν,
1067 5311 1146 5366 ὅτι
1176 5315 1440 5386 τοσαύτην
1474 5314 1628 5388 ὓϐριν
1672 5318 1922 5385 ἀνεδέξω,

345 5399 494 5467 λέγω
523 5397 590 5468 δὴ
621 5397 682 5451 τὸ
707 5402 1039 5469 προσαιτεῖν,
1068 5403 1160 5455 καὶ
1192 5403 1267 5475 μὴ
1303 5403 1502 5474 μᾶλλον
1533 5405 1654 5468 ταῖς
1687 5401 1791 5459 ὑπὸ
1825 5404 1920 5460 τοῦ

2015 3185 2091 3256 pii
2133 3199 2261 3256 erga
2292 3183 2462 3239 Deum
2505 3200 2716 3240 sumus.
2749 3184 2858 3239 Eos
2893 3193 3074 3240 autem
3105 3187 3337 3242 miseros
3387 3189 3582 3242 merito

2015 3275 2316 3347 appellavi;
2355 3276 2484 3346 quia
2521 3284 2576 3330 et
2610 3275 2699 3330 hic
2739 3277 2793 3328 in
2842 3290 3026 3331 errore
3050 3284 3358 3344 versantur,
3395 3287 3581 3347 et-spc

2016 3369 2203 3424 futura
2224 3367 2506 3424 excidunt.
2535 3366 2766 3434 Quando
2787 3367 2932 3422 enim
2955 3366 3056 3420 viri
3080 3367 3316 3438 religiosi
3344 3367 3581 3425 alliciun-

2013 3473 2106 3520 tur
2135 3460 2520 3526 incommodis,
2554 3477 2618 3515 ea
2657 3459 2762 3516 illis
2804 3459 2871 3515 ad
2905 3459 3221 3515 delictorum
3254 3462 3578 3530 persolutio-

2017 3573 2139 3614 nem
2169 3557 2388 3613 cedunt.

2087 3649 2301 3705 LXXX.
2341 3645 2496 3703 Hunc
2536 3648 2591 3702 in
2632 3649 2852 3704 modum
2891 3649 3072 3704 locuto
3113 3648 3272 3705 Petro
3303 3691 3318 3718 ,
3350 3667 3490 3708 unus
3512 3667 3580 3708 ex

2019 3744 2241 3807 nostris,
2271 3741 2499 3796 audacia
2525 3751 2760 3811 sumpta,
2786 3756 2886 3811 pro
2916 3741 3172 3798 omnibus
3202 3744 3408 3813 rogavit
3429 3758 3576 3810 eum,

2018 3843 2080 3888 ut
2107 3833 2366 3903 postridie
2395 3832 2632 3888 diluculo
2670 3831 2726 3886 in
2754 3833 2992 3888 Aradum
3017 3835 3315 3904 oppositam
3347 3835 3577 3904 insulam

2021 3926 2165 3995 (quae
2205 3923 2427 3994 triginta
2453 3963 2469 3991 ,
2510 3923 2727 3993 opinor,
2771 3939 2874 3981 nec
2898 3925 3048 3988 totis,
3095 3927 3284 3982 stadiis
3321 3926 3579 3997 distabat)

2019 4017 2422 4085 navigaremus,
2453 4015 2522 4071 ad
2545 4015 2806 4072 videndas
2832 4016 2908 4072 ibi
2934 4018 3070 4072 duas
3088 4018 3369 4075 columnas
3388 4020 3579 4084 viteas,

2020 4108 2314 4162 maximam
2347 4107 2545 4162 molem
2578 4108 2936 4164 continentes.
2958 4107 3150 4165 Petrus
3177 4126 3327 4182 ergo,
3344 4111 3439 4182 qui
3464 4121 3582 4168 erat

2020 4198 2347 4270 morigerus,
2378 4197 2592 4266 annuit,
2621 4199 2695 4253 ita
2721 4201 2910 4257 dicens
2939 4219 2953 4255 :
2985 4199 3122 4255 Cum
3146 4218 3212 4256 ex
3237 4204 3359 4258 navi
3375 4206 3581 4276 egressi

2021 4290 2252 4357 fueritis,
2299 4305 2368 4346 ne
2397 4298 2503 4345 una
2531 4305 2723 4346 omnes
2749 4291 3054 4361 procedatis
3095 4294 3163 4348 ad
3194 4297 3580 4364 spectationem

2021 4397 2210 4438 eorum
2256 4396 2378 4451 quae
2425 4380 2624 4451 cupitis
2659 4399 2673 4435 :
2709 4395 2885 4450 neque
2925 4382 3069 4437 enim
3118 4385 3237 4438 volo
3279 4396 3339 4439 ut
3381 4386 3581 4441 civium

2019 4567 2154 4622 hora
2188 4581 2292 4619 una
2323 4565 2375 4619 in
2401 4564 2638 4620 insulam
2663 4564 2824 4620 delati
2851 4579 3063 4621 sumus.
3095 4565 3160 4621 Et
3195 4567 3584 4626 descendentes

2019 4675 2087 4715 ex
2129 4659 2356 4728 scapha,
2391 4672 2456 4712 eo
2490 4656 2765 4728 progressi
2792 4673 2980 4714 sumus
3013 4658 3106 4714 ubi
3135 4647 3404 4716 columna:
3425 4662 3582 4718 viteae
3633 4651 3642 4661 ’

2020 4758 2176 4807 erant
2209 4769 2222 4804 :
2255 4749 2526 4820 simulque
2550 4764 2674 4804 cum
2697 4749 2990 4817 columnis,
3014 4751 3156 4808 alius
3184 4753 3402 4822 quidem
3435 4754 3580 4812 aliud

2021 4844 2314 4916 quodpiam
2343 4858 2411 4898 ex
2449 4841 2654 4898 Phidiae
2688 4843 2944 4913 operibus
2976 4846 3275 4914 spectabat.

2093 4954 2329 5011 LXXXI.
2362 4953 2516 5010 Unus
2538 4964 2719 5010 autem
2754 4953 2950 5012 Petrus
2970 4970 3196 5013 necesse
3225 4973 3335 5013 non
3374 4961 3582 5028 putavit

2017 5063 2139 5119 quae
2155 5049 2227 5102 ibi
2249 5054 2404 5102 erant
2428 5046 2660 5102 invisere
2686 5065 2699 5101 :
2725 5048 2818 5103 sed
2841 5047 3278 5106 animadvertens
3299 5053 3580 5108 mulierem

2017 5139 2313 5210 quamdam
2358 5147 2510 5194 extra
2554 5154 2653 5210 pro
2702 5136 2912 5194 foribus
2953 5137 3227 5197 sedentem
3255 5183 3271 5207 ,
3313 5150 3370 5198 et
3406 5144 3582 5199 victus

2019 5229 2191 5300 gratia
2220 5224 2616 5283 mendicantem
2650 5250 2662 5284 :
2691 5224 2904 5295 Mulier,
2932 5229 3131 5300 inquit,
3154 5247 3392 5303 quonam
3411 5249 3580 5290 mem-

2021 5319 2241 5374 brorum
2285 5326 2502 5373 tuorum
2546 5333 2721 5382 cares,
2749 5319 2895 5388 quod
2942 5329 3147 5376 tantam
3191 5325 3580 5381 contumeliam

2021 5409 2329 5480 suscepisti,
2379 5409 2744 5477 mendicandi,
2793 5410 3036 5482 inquam,
3061 5429 3146 5486 .ac
3191 5431 3302 5472 non
3341 5419 3521 5488 potius
3548 5435 3580 5475 a

1647 5535 1880 5592 VARUS
1914 5536 2312 5595 LECTIONES.

430 5623 486 5721 Ἴ.
531 5624 1461 5721 litigaremkﬁomanuanempe,
1505 5627 2042 5721 tadfst‘ia‘il‘iberis.
2094 5630 2226 5688 Vide
2270 5633 2338 5688 ad
2387 5651 2535 5691 num.
2595 5637 2922 5695 vm.‘CLaa.
3001 5642 3044 5676 ⁸³
3093 5645 3164 5699 al.
3205 5647 3579 5721 κεκινημένος.
3625 5617 3627 5621 Ι

350 5695 397 5727 ³⁹
440 5696 510 5750 al.
553 5697 676 5750 οὔτ’
705 5695 815 5773 ὼς.ι

881 5695 1032 5750 “.al.
1088 5695 1426 5769 Ἀντάραδον.
1503 5701 1547 5738 δ¹
1588 5699 1656 5754 al.
1701 5700 2025 5776 ἐπαιτούσῃ,

3471 292 3573 349 5'26
