4048 6146
435 335 533 390 59.7

1317 338 1380 394 S.
1414 333 1802 393 LLEMENTIS
1841 334 1860 389 I
1907 332 2074 391 80M.
2115 327 2316 389 PONT.
2347 332 2590 390 'OPERA
2625 334 2856 394 DUBIA.

3570 337 3674 394 59.8

433 455 546 512 Deo
582 454 675 511 libi
703 441 1000 512 concessis
1029 457 1283 511 manibus
1312 455 1588 522 laborans,
1619 452 1995 525 quotidianum

2101 450 2235 504 Θεοῦ
2259 467 2340 504 σοι
2366 450 2769 524 δεδωρημέναις
2802 437 2990 521 χερσὶν
3023 443 3387 518 ἐργαζομένην
3421 443 3519 509 τὰς
3549 447 3652 518 ἐφη

430 547 613 602 cibum
662 547 988 618 comparas?
1043 545 1135 600 Illa
1168 561 1298 600 vero
1342 547 1673 616 profundum
1717 559 1781 600 ac
1826 543 1994 598 vehe-

431 648 669 696 mentem
703 639 966 711 gemitum
1001 638 1246 707 trahens,
1278 637 1596 709 respondit:
1628 636 1846 691 Utinam
1868 635 1994 705 qui-

430 731 550 787 dem
582 730 711 785 mihi
741 739 926 786 essent
949 745 1165 797 manus,
1191 745 1313 800 qua:
1327 737 1472 783 certe
1490 734 1710 798 possent
1740 726 1950 797 operari
1977 744 1992 781 :

429 837 575 877 nunc
605 831 784 877 autem
820 823 955 878 mihi
987 822 1158 878 solam
1189 837 1446 876 manuum
1481 821 1708 892 ﬁguram
1751 827 1992 886 servant,

430 920 671 990 ipsaeque
709 927 974 974 emortua}
1023 925 1171 974 sunt.
1227 917 1304 972 Ac
1354 915 1558 970 Petrus“
1593 914 1992 986 interrogavit:

429 1011 561 1079 Quae.
609 1026 739 1066 vero
770 1025 936 1067 causa
985 1009 1110 1077 fuit,
1149 1017 1210 1064 ut
1241 1018 1348 1064 tam
1388 1023 1551 1078 grave
1589 1008 1792 1062 malum
1824 1007 1995 1062 susti-

428 1103 622 1158 neres?
641 1101 710 1156 At
739 1102 830 1157 illa
852 1103 918 1158 ad
941 1117 1064 1157 eum
1103 1118 1118 1156 :
1149 1099 1331 1154 Animi
1361 1099 1724 1167 imbecillitas,
1751 1099 1996 1169 nihilque

427 1193 594 1250 aliud.
640 1192 697 1247 Si
743 1195 896 1249 enim
931 1191 1060 1247 forti
1097 1192 1283 1248 animo
1320 1190 1545 1246 fuissem
1591 1190 1835 1261 praedita,
1879 1204 1997 1246 erat

428 1285 808 1357 praecipitium,
859 1293 955 1339 aut
981 1283 1241 1354 pelagus;
1266 1297 1435 1353 quare
1458 1297 1544 1336 me
1571 1280 1856 1350 dejiciens,
1896 1295 1996 1352 po-

427 1382 597 1427 teram
628 1371 786 1426 malis
823 1371 1066 1428 dolorem
1113 1371 1465 1427 afferentibus
1496 1370 1658 1426 finem
1691 1369 1991 1440 imponere.

502 1479 756 1537 LXXXII.
783 1481 922 1536 Tum
953 1481 1146 1537 Petrus
1176 1481 1294 1536 infit
1330 1499 1342 1535 :
1372 1479 1514 1548 Quid
1540 1479 1721 1533 enim?
1741 1487 1994 1550 putasne,

428 1576 647 1640 mulier,
695 1589 886 1628 omnes
936 1573 1021 1628 sui
1055 1572 1454 1635 interfectores,
1499 1571 1770 1640 supplicio
1794 1571 1992 1626 libera-v

428 1678 541 1722 tum
568 1667 673 1721 iri?
699 1683 768 1722 an
811 1681 920 1720 non
965 1665 1147 1735 potius
1176 1664 1388 1718 animas
1417 1678 1604 1717 eorum
1636 1663 1728 1732 qui
1765 1661 1840 1716 ita
1873 1675 1990 1716 mo-

427 1755 662 1821 riuntur,
693 1753 888 1824 majori
920 1753 1187 1822 supplicio
1224 1753 1277 1806 in
1315 1749 1504 1806 inferis
1532 1759 1754 1822 propter
1781 1751 1992 1805 suillo-

425 1844 706 1899 micidium
731 1843 1084 1900 afliciendas?
1111 1843 1179 1897 At
1203 1843 1292 1897 illa
1326 1860 1340 1896 :
1377 1841 1615 1908 Utinam,
1645 1841 1845 1912 inquit,
1872 1857 1992 1911 per-

423 1951 645 1991 suasum
676 1935 810 1989 mihi
848 1942 1027 2000 esset,
1065 1948 1254 1988 revera
1282 1934 1336 1988 in
1373 1930 1562 1988 inferis
1588 1932 1800 1987 animas
1840 1932 1992 1986 vivas

425 2025 685 2095 reperiri;
715 2024 906 2094 utique
956 2022 1112 2076 nihili
1138 2029 1398 2092 reputans
1418 2033 1608 2090 poenas
1627 2059 1642 2086 ,
1673 2019 1814 2073 mori
1835 2017 1994 2088 elige-

423 2129 559 2180 rem,
597 2127 708 2184 quo
734 2113 817 2168 vel
858 2111 1056 2182 exiguo
1086 2121 1330 2182 tempore
1373 2109 1616 2165 intuerer
1643 2108 1780 2164 mihi
1818 2123 1991 2178 exop-

422 2205 742 2262 tatissimos.
775 2205 857 2260 Ad
896 2205 1011 2260 haec
1039 2203 1237 2260 Petrus
1275 2220 1288 2258 :
1332 2201 1398 2258 Et
1435 2202 1698 2274 quidnam
1735 2209 1818 2258 est
1843 2201 1990 2272 quod

418 2306 472 2352 te
495 2297 806 2354 excruciat?
835 2295 988 2353 Scire
1016 2296 1162 2352 enim
1202 2295 1358 2351 valde
1383 2307 1536 2350 aveo.
1567 2293 1648 2352 Ac
1675 2308 1761 2348 me
1797 2292 1844 2348 si
1866 2307 1987 2348 cer-

419 2389 614 2444 tiorem
639 2387 858 2454 feceris,
898 2387 995 2443 tibi
1035 2387 1191 2442 ﬁrma
1227 2386 1438 2441 tradam
1467 2385 1815 2450 documenta,
1842 2383 1988 2454 quod

418 2482 618 2538 animae
649 2482 707 2537 in
737 2481 926 2536 inferis
950 2481 1166 2548 vivant;
1195 2489 1249 2535 et
1278 2495 1377 2550 pro
1409 2477 1712 2550 praecipitio
1741 2477 1825 2533 vel
1855 2490 1988 2547 pro-

417 2573 612 2641 fundo,
652 2572 748 2628 tibi
778 2573 922 2628 dabo
949 2573 1311 2639 medicamen,
1357 2586 1452 2642 per
1475 2572 1624 2641 quod
1653 2585 1685 2626 a
1715 2570 1826 2626 vita
1868 2569 1989 2626 sine

417 2667 602 2722 dolore
628 2666 879 2720 decedas.

489 2753 774 2809 LXXXIII.
805 2753 872 2809 Et
907 2754 1126 2820 mulier,
1161 2769 1284 2825 quae
1311 2767 1618 2808 sermonem
1649 2752 1986 2808 non-intelli-

417 2859 588 2920 geret,
638 2863 875 2919 eumque
921 2849 1188 2904 duntaxat
1236 2857 1397 2919 prout
1442 2849 1665 2918 optabat
1698 2848 1982 2919 arriperet,

418 2943 493 2997 ita
521 2942 789 2998 disserere
810 2940 974 3012 cmpit
995 2959 1008 2996 :
1031 2939 1217 2997 Genus
1243 2939 1462 3012 quidem
1481 2950 1534 2995 et
1549 2941 1779 3011 patriam
1810 2941 1856 2996 si
1889 2940 1986 2995 tibi

417 3046 769 3100 exponerem,
798 3045 907 3087 non
937 3030 1174 3087 arbitror
1196 3046 1282 3086 me
1312 3047 1553 3103 unquam
1577 3048 1738 3103 posse
1766 3047 1986 3103 persua-

2099 542 2298 615 μέρους
2343 541 2540 618 πορίζῃ
2585 543 2822 615 τροφάς;
2869 543 2933 595 Ἦ
2965 541 3022 594 δὲ
3059 538 3237 610 βύθιόν
3278 556 3330 591 τι
3379 537 3672 604 στενάξασα

2097 635 2189 687 καὶ
2220 635 2538 706 περιπαθὲς,
2578 635 2932 706 ἀπεκρίνατο·
2976 631 3086 686 εἴθε
3122 629 3230 701 γὰρ
3264 625 3404 701 ἦσάν
3440 647 3528 700 μοι
3559 633 3670 700 χεῖ-

2097 743 2192 798 ρες
2241 727 2534 798 ὑπουργεῖν
2580 727 2718 790 ὅλως
2769 725 3094 797 δυνάμεναι·
3137 723 3232 778 νῦν
3262 723 3319 776 δέ
3360 739 3449 793 μοι
3491 722 3673 792 σχῆμα

2100 815 2260 888 μόνον
2292 817 2490 888 χειρῶν
2519 815 2866 880 ἀποσώζουσι
2887 857 2902 881 ,
2936 814 3128 887 νεκραί¹
3157 815 3250 868 καὶ
3281 809 3441 867 αῦται
3473 814 3672 882 τυγχά-

2096 924 2300 963 νουσαι.
2335 909 2446 961 Καὶ
2476 910 2506 962 ὁ
2537 909 2762 981 Πέτρος,
2799 909 2895 972 Τίς
2928 908 2984 961 δὲ
3015 910 3048 979 ἡ
3091 908 3259 970 αἰτία,
3296 908 3480 978 ἤρετο,
3518 907 3677 960 τοῦτό

2099 1017 2158 1053 σε
2202 1000 2263 1054 τὸ
2295 999 2674 1072 χαλεπώτατον
2707 999 3063 1064 πεπονθέναι;
3112 999 3176 1056 Ἦ
3209 999 3265 1053 δὲ
3298 999 3434 1072 πρὸς
3473 1001 3667 1053 αὐτόν’

2097 1090 2290 1166 Ψυχῗῇ
2334 1094 2618 1160 ἀσθένεια,
2653 1095 2748 1148 καὶ
2782 1094 2944 1148 πλέον
2975 1093 3146 1148 οὐδέν.
3189 1095 3253 1147 El.
3293 1093 3400 1166 γὰρ
3430 1094 3674 1166 ἀνδρεῖον

2097 1181 2240 1256 εἶχον
2289 1187 2558 1258 φρόνημα,
2574 1183 2642 1258 ἦν
2674 1184 3004 1258 κρημνὸς,’ἢ
3040 1183 3218 1256 βυθὸς,
3265 1185 3390 1239 ὅθεν
3432 1184 3674 1256 ἐμαυτὴν

2099 1278 2301 1350 ῥίψασα
2323 1320 2338 1343 ,
2388 1278 2500 1333 τῶν
2547 1277 2856 1332 ὁδυνώντων
2913 1293 2982 1349 με
3033 1276 3342 1330 παύσασθαι
3392 1277 3673 1348 ἠδυνάμην

2098 1388 2285 1424 κακων
2292 1413 2305 1426 .

2195 1482 2452 1538 LXXXII.
2483 1483 2592 1538 Καὶ
2624 1485 2653 1537 ὁ
2686 1482 2889 1554 Πέτρος
2910 1481 3042 1554 ἔφη·
3080 1482 3144 1535 Τί
3176 1476 3300 1549 οὗνς
3336 1483 3456 1549 οἴει,
3487 1484 3668 1553 γύναι,

2095 1573 2177 1626 ὅτι
2219 1573 2417 1637 πάντες
2453 1574 2502 1626 οἱ
2537 1572 2884 1644 ἀναιροῦντες
2918 1573 3140 1636 ἑαυτοὺς
3187 1571 3458 1636 κολάσεως
3496 1573 3672 1626 ἀπαλ-

2096 1663 2404 1727 λάσσονται,
2437 1663 2536 1735 ἧδ’
2569 1663 2642 1734 μὴ
2675 1665 2741 1733 τῇ
2775 1662 2978 1734 χείρονι
3009 1662 3226 1716 κολάσει
3257 1663 3316 1716 ἐν
3346 1663 3471 1734 ᾅδου
3493 1664 3671 1717 αίτῶν

2097 1752 2269 1816 οὕτως
2312 1752 2653 1825 θνησκόντων
2681 1753 2852 1825 ψυχαὶ
2889 1753 2988 1823 τῆς
3013 1753 3360 1818 αὑτοκτονίας
3392 1755 3550 1826 χάριν
3580 1773 3670 1809 κο-

2096 1844 2379 1911 λάξονται;
2422 1845 2487 1898 Ἦ
2522 1845 2615 1909 δέ,
2653 1844 2778 1898 Εἴθε
2817 1844 3178 1917 ἐπεπείσμην,
3227 1846 3350 1918 ἔφη,
3385 1848 3464 1901 ὅτι
3503 1848 3670 1912 ὅντως

2095 1938 2153 1989 ὲν
2185 1936 2312 2008 ᾅδου
2346 1935 2392 1968 ⁸³
2419 1936 2590 2008 ψυχαὶ
2612 1935 2954 2009 εὑρίσκονται
2995 1936 3166 2002 ζῶσαι
3185 1955 3200 1968 ·
3231 1941 3324 1992 καὶ
3351 1939 3579 2009 ἠγάπων
3604 1941 3669 1994 ἂν

2094 2029 2224 2100 παρ’
2253 2028 2403 2081 οὐδὲν
2437 2024 2486 2060 ⁸⁵
2517 2027 2716 2100 θεμένη
2745 2028 2844 2099 τὴν
2869 2027 3158 2098 τιμωρίαν,
3187 2029 3494 2096 ἀποθανεῖν,
3528 2031 3666 2084 ῶστε

2091 2117 2220 2180 τοὺς
2245 2117 2369 2189 ἐμοὶ
2392 2119 2788 2191 περιποθήτους
2817 2118 3111 2172 θεάσασθαι
3137 2119 3240 2173 κᾶν
3283 2119 3474 2191 βραχύ.
3512 2123 3668 2176 Καὶὸ

2091 2209 2300 2280 Πέτρος
2345 2209 2482 2282 πρὸς
2513 2209 2706 2264 ταῦτα’
2741 2211 2851 2264 Καὶ
2881 2211 2934 2264 τί
2959 2212 3068 2282 ἄρα
3101 2211 3217 2264 ἐστὶ
3246 2211 3308 2264 τὸ
3338 2211 3538 2266 λυποῦν
3573 2231 3667 2281 σε;

2089 2300 2240 2372 Διψῶ
2273 2299 2381 2372 γάρ
2413 2302 2458 2332 ⁸⁵
2494 2302 2703 2373 μαθεῖν.
2745 2304 2854 2356 Καὶ
2887 2301 2942 2355 εἴ
2967 2321 3033 2375 με
3069 2303 3321 2369 διδάξεις,
3349 2305 3556 2370 πίστεις
3586 2324 3668 2360 σοι

2089 2391 2315 2466 παρέξω
2363 2392 2608 2463 βεσαίας,
2652 2394 2735 2448 ὅτι
2769 2394 2826 2446 ἐν
2867 2394 2996 2466 ᾆδον
3029 2395 3194 2460 ζῶσιν
3235 2397 3292 2449 αί
3333 2397 3519 2468 ψυχαὶ,
3576 2399 3669 2451 καὶ

2088 2485 2210 2539 ἀντὶ
2247 2483 2493 2556 κρημνοῦ
2535 2483 2567 2556 ἢ
2606 2483 2789 2556 βυθοῦ,
2833 2485 3008 2558 ὀρέξω
3041 2504 3122 2540 σοι
3159 2487 3470 2560 φάρμακον,
3510 2490 3580 2543 δι’
3607 2485 3667 2546 οὗ

2086 2576 2181 2632 τοῦ
2203 2576 2302 2649 ζῇν
2318 2577 2600 2641 ἀνωδύνως
2631 2577 3012 2653 ἀπαλλαγήσῃ.

2159 2751 2443 2809 LXXXIII.
2481 2754 2588 2807 Καὶ
2620 2755 2654 2825 ἡ
2685 2755 2821 2826 γυνὴ
2847 2755 2910 2809 τὸ
2936 2754 3100 2828 ῥηθὲν
3131 2755 3193 2808 ού
3225 2756 3464 2819 συνεῖσα,
3500 2754 3667 2826 ἡδέως

2087 2847 2144 2901 δὲ
2179 2847 2337 2919 μόνον
2373 2846 2665 2918 ἁρπάσασα
2693 2849 2754 2900 τὸ
2785 2847 2994 2919 λεχθὲν,
3029 2849 3204 2918 λέγειν
3229 2847 3429 2920 ἦρξατο
3460 2847 3662 2911 οὕτως·

2087 2939 2248 3006 Γένος
2284 2941 2384 3014 μὲν
2425 2940 2520 2992 καὶ
2558 2941 2793 3012 πατρίδα
2835 2959 2916 2996 σοι
2944 2941 3340 3014 διηγήσασθαι,
3384 2942 3483 2994 οὐκ
3515 2937 3668 3012 οἶμαί

2087 3052 2218 3089 ποτε
2244 3029 2456 3090 πείσειν
2489 3035 2732 3106 ἐμαυτὴν
2761 3035 3075 3107 δυνηθῆναι·
3121 3035 3260 3106 πλὴν
3298 3033 3432 3087 άλλά
3461 3035 3557 3087 καὶ
3586 3033 3669 3086 σοι

417 3123 546 3178 dere
585 3141 600 3178 :
634 3122 730 3178 sed
758 3133 813 3179 et
848 3121 977 3193 quid
1000 3122 1140 3178 adte
1165 3123 1353 3179 attinet
1393 3123 1444 3178 id
1474 3123 1841 3195 cognoscere?
1878 3125 1983 3181 nisi

2089 3126 2138 3180 τί
2165 3127 2409 3200 διαφέρει
2429 3123 2589 3180 τοῦτο
2622 3125 2811 3196 μαθεῖν
2830 3125 2900 3197 {ﬂ
2927 3125 3083 3196 μόνον
3096 3127 3196 3198 τὴν
3207 3127 3382 3182 αἰτίαν
3395 3121 3463 3199 ἧς
3484 3126 3668 3180 ἕνεκεν

418 3223 628 3270 tantum
657 3230 903 3283 causam,
933 3215 1002 3271 ob
1031 3229 1196 3286 quam
1222 3216 1408 3270 dolore
1451 3215 1664 3282 affecta,
1711 3215 1987 3272 morsibus

416 3323 613 3363 manus
644 3324 794 3364 meas
822 3317 1068 3366 mortuas
1091 3309 1320 3364 reddidi.
1349 3307 1601 3364 Attamen
1633 3323 1775 3376 mea,
1805 3309 1984 3379 quoad

417 3399 606 3456 audire
630 3408 807 3471 potes,
835 3399 1089 3456 referam.
1121 3398 1234 3470 Ego
1259 3399 1620 3456 nobilissimis
1649 3409 1771 3454 orta
1791 3415 1986 3470 paren-

415 3490 595 3554 tibus,
641 3491 876 3561 potentis
926 3489 1213 3561 cujusdam
1245 3491 1498 3560 imperio,
1547 3491 1707 3561 nupsi
1737 3491 1854 3546 viro
1889 3491 1984 3562 qui

413 3589 531 3637 erat
553 3581 700 3637 illius
731 3582 1072 3652 propinquus
1096 3599 1110 3636 :
1134 3593 1188 3636 et
1209 3582 1346 3636 duos
1371 3581 1618 3653 geminos
1639 3581 1839 3637 liberos
1860 3597 1986 3637 sus-

416 3671 1111 3743 tuli,tertiumqueinsuper
1128 3672 1291 3726 edidi.
1317 3671 1488 3727 Porro
1520 3688 1645 3728 cum
1674 3672 1853 3728 mariti
1877 3673 1981 3728 mei

415 3763 579 3819 frater
605 3764 839 3819 formam
875 3779 1051 3819 meam
1074 3764 1363 3835 deperiret,
1397 3774 1450 3819 et
1471 3779 1659 3820 amore
1685 3779 1806 3820 meo
1831 3779 1984 3820 sum-

415 3871 636 3927 mopere
665 3864 857 3926 captus
883 3864 1058 3924 esset,
1089 3865 1254 3927 atque
1277 3857 1474 3912 misera
1497 3872 1596 3927 ego
1623 3865 1773 3912 caste
1801 3857 1983 3912 vivere

415 3947 713 4001 admodum
741 3961 995 4017 cuperem
1022 3987 1036 4014 ,
1073 3954 1128 4001 et
1159 3963 1334 4017 neque
1365 3948 1555 4002 vellem
1584 3948 1815 4002 amatori
1843 3963 1980 4005 con-

415 4035 638 4101 sentire,
667 4050 843 4104 neque
876 4035 1040 4092 etiam
1071 4036 1190 4090 viro
1221 4051 1344 4091 meo
1367 4051 1610 4092 amorem
1645 4036 1830 4094 fratris
1851 4053 1979 4110 erga

414 4139 502 4180 me
519 4140 788 4195 exponere
802 4143 821 4190 ;
843 4141 1080 4197 cumque
1093 4140 1308 4181 mecum
1325 4135 1749 4196 reputassem,ut
1762 4143 1860 4184 nec
1876 4128 1979 4182 viri

419 4222 596 4268 torum
624 4215 954 4270 contumelia
983 4214 1278 4281 afticerem,
1304 4230 1404 4271 nec
1430 4215 1653 4271 fratrem
1677 4215 1831 4271 fratri
1856 4217 1982 4272 red-

413 4305 596 4361 derem
624 4306 928 4373 inimicum,
965 4315 1019 4362 et
1053 4321 1264 4376 magna:
1285 4305 1504 4362 familia}
1524 4307 1784 4377 probrum
1812 4306 1981 4362 infer-

415 4419 529 4458 rem
553 4421 568 4469 ;
618 4400 808 4468 statui,
831 4401 900 4456 ab
931 4400 1064 4455 urbe
1093 4412 1218 4455 cum
1261 4399 1493 4470 geminis
1532 4399 1668 4455 meis
1696 4399 1881 4471 pueris
1910 4400 1976 4455 ad

2087 3217 2419 3290 ὀδυνωμένη,
2474 3217 2720 3289 δήγμασι
2771 3217 2872 3280 τὰς
2930 3217 3069 3288 ὲμάς
3127 3217 3405 3289 ὲνέκρωσα
3457 3221 3663 3289 χεῖρας.

2089 3303 2277 3376 Ὅμως
2313 3305 2381 3359 τά
2409 3306 2529 3360 κατ’
2563 3303 2806 3376 ἐμαυτὴν
2839 3304 2917 3367 ὼς
2949 3305 3170 3360 δυνατὸν
3201 3307 3428 3361 ἀκοῦσαί
3463 3325 3520 3360 σε
3547 3308 3666 3378 διη-

2086 3395 2344 3467 γήσομαι.
2392 3395 2533 3464 Ἐγὼ
2558 3395 2700 3450 πάνυ
2735 3392 2794 3460 ἐξ
2821 3394 3055 3464 εὐγενῶν
3087 3391 3241 3459 οὖσα,
3274 3396 3498 3450 δυνατοῦ
3523 3396 3666 3460 τινὸς

2087 3489 2398 3559 προσταγῇ,
2437 3487 2594 3560 ἀνδρὶ
2640 3485 2781 3559 πρὸς
2811 3486 3000 3554 γένους
3032 3487 3180 3558 αύτῷ
3215 3489 3527 3557 τυγχάνοντι
3555 3489 3666 3557 ὲγε-

2085 3577 2256 3648 νόμην
2289 3577 2424 3650 γυνή
2494 3577 2588 3631 κα)⁵
2625 3577 2883 3650 διδύμους
2918 3577 3066 3640 υίοὺς
3097 3577 3324 3648 ἔχουσα,
3362 3581 3454 3632 καὶ
3483 3581 3663 3651 τρίτον

2084 3667 2179 3720 ἐπὶ
2207 3667 2419 3732 τούτοις
2447 3667 2564 3723 υἱὸν
2583 3668 2757 3739 ἔσχον.
2795 3671 2852 3724 '0
2866 3667 2926 3723 δὲ
2945 3667 3039 3720 τοῦ
3061 3668 3195 3738 ἐμοῦ
3223 3670 3412 3740 ἀνδρὸς
3439 3671 3663 3740 ἀδελφὸς

2084 3759 2370 3830 ὲπιμανείς
2406 3776 2507 3831 μου
2529 3763 2597 3832 τῇ
2619 3761 2760 3830 ὕψει,
2795 3763 2889 3816 καὶ
2906 3761 2984 3833 τῷ
3012 3759 3136 3835 ἐμῷ
3160 3759 3322 3831 ἔρωτι
3355 3763 3475 3815 κατ’
3491 3763 3662 3834 ἄκρας

2081 3849 2266 3916 ἁλοὺς,
2318 3851 2412 3906 καί
2457 3867 2540 3904 τοι
2587 3855 2884 3923 σωφρονεῖν
2931 3853 3134 3926 σφόδρα
3173 3852 3275 3927 τῆς
3316 3853 3660 3924 ταλαιπώρου

2083 3940 2343 4014 φιλούσης
2371 3981 2386 4006 ,
2423 3942 2516 3996 καὶ
2556 3944 2692 4014 μήτε
2721 3944 3011 4000 συνθέσθαι
3049 3945 3130 4017 τῷ
3161 3949 3364 4020 ἐραστῇ
3403 3946 3660 4019 βουλομέ-

2081 4048 2200 4104 νης,
2239 4033 2375 4105 μήτε
2411 4031 2470 4086 δὲ
2501 4032 2581 4104 τῷ
2616 4033 2734 4105 ἐμῷ
2763 4035 2918 4106 ἀνδρὶ
2949 4036 3108 4090 πάλιν
3140 4038 3434 4092 ἀναθέσθαι
3464 4040 3554 4092 τὸν
3572 4041 3656 4092 ἐπ’

2081 4123 2205 4194 ἐμοὶ
2234 4123 2328 4176 τοῦ
2359 4124 2590 4194 ἀδελφοῦ
2619 4125 2795 4196 έρωτα
2814 4165 2828 4189 ,
2861 4127 3070 4198 πρέπον
3101 4125 3238 4182 εἶναι
3270 4129 3651 4203 λογισαμένης,

2080 4213 2158 4276 ὼς
2179 4212 2246 4267 ἀν
2280 4213 2418 4286 μήτε
2449 4214 2550 4286 τὴν
2577 4215 2673 4269 τοῦ
2707 4216 2898 4288 ἀνδρὸς
2932 4217 3122 4289 κοίτην
3157 4218 3380 4292 ὑϐρίσω,
3418 4224 3552 4293 μήτε
3577 4221 3656 4292 τῷ

2081 4304 2295 4378 ἀδελφῷ
2336 4305 2428 4360 τὸν
2467 4304 2697 4376 ἀδελφὸν
2753 4307 3146 4380 ὲκπολεμώσω,
3187 4312 3282 4365 καὶ
3323 4313 3401 4384 τῷ
3449 4312 3653 4366 ἐκείνου

2079 4399 2224 4468 γένει
2275 4399 2496 4471 μεγάλῳ
2540 4400 2654 4454 ὄντι
2693 4397 2996 4473 ’ὀνειδισμὸν
3041 4403 3324 4473 ἐπαγάγω,
3372 4406 3472 4478 τὴν
3503 4406 3653 4458 πόλιν

411 4493 688 4566 quoddam
732 4501 948 4564 tempus
990 4491 1202 4557 abesse,
1237 4492 1409 4548 donec
1442 4493 1690 4563 impurus
1717 4507 1872 4547 amor
1913 4493 1980 4548 il-
2010 4489 2011 4492 “

2089 4490 2410 4563 ἑλογισάμην
2444 4491 2583 4563 μετά
2605 4492 2714 4546 τῶν
2736 4490 2883 4563 ἐμῶν
2909 4493 3145 4565 διδύμων
3169 4495 3374 4550 παίδων
3408 4497 3499 4549 ἐπὶ
3530 4498 3654 4569 χρό-

411 4585 517 4640 lius
553 4583 648 4656 qui
679 4582 812 4638 mihi
837 4585 904 4638 ad
929 4583 1168 4639 dedecus
1200 4583 1602 4648 assentabatur,
1636 4584 1797 4639 tinem
1829 4587 1979 4640 acci-

412 4684 563 4748 peret
593 4693 608 4732 :
645 4683 700 4731 at
729 4675 960 4731 alterum
995 4676 1188 4742 tilium,
1233 4684 1293 4730 ut
1322 4676 1464 4746 apud
1491 4685 1700 4747 patrem
1738 4678 1792 4732 in
1829 4679 1978 4734 sola-

411 4770 548 4826 tium
571 4777 833 4834 maneret,
856 4768 1272 4838 relinquendum
1299 4769 1508 4824 censui.

478 5009 764 5068 LXXXIV.
794 5007 995 5064 Verum
1019 5021 1128 5077 quo
1152 5007 1266 5061 haec
1303 5010 1375 5060 ita
1403 5005 1615 5074 tierent,
1647 5005 1703 5061 in
1727 5005 1972 5060 animum

2081 4598 2169 4636 νον
2194 4581 2315 4637 τινὰ
2347 4583 2663 4638 καταλιπεῖν
2685 4623 2700 4648 ,
2735 4585 2840 4648 ἕως
2871 4586 2964 4638 καὶ
2994 4587 3024 4638 δ
3062 4583 3256 4658 μιαρὸς
3286 4587 3426 4658 ἔρως
3452 4589 3654 4642 παύσε-

2079 4692 2170 4728 ται
2201 4674 2248 4708 ⁸⁸
2276 4674 2372 4728 τοῦ
2405 4674 2543 4746 πρὸς
2576 4674 2730 4746 ὓϐριν
2766 4692 2833 4747 με
2865 4677 3291 4742 κολακεύσαντος
3325 4679 3392 4710 "-
3426 4680 3517 4733 τὸν
3552 4681 3652 4751 μέν

2080 4785 2162 4822 τοι
2199 4769 2382 4840 ἕτερον
2417 4769 2532 4824 υἱὸν
2580 4771 2733 4843 παρὰ
2771 4773 2851 4845 τῷ
2887 4774 3052 4845 πατρὶ
3081 4775 3256 4845 μεῖναι
3298 4775 3379 4838 είς
3406 4792 3657 4848 παραμυ-

2082 4858 2200 4912 θίαν
2231 4858 2402 4929 ἔγνων
2434 4861 2770 4916 καταλιπεῖν.

2148 4990 2434 5048 LXXXIV.
2463 4992 2610 5066 Πλὴν
2639 4995 2726 5048 ἵνα
2752 4995 2920 5049 ταῦτα
2951 4995 3092 5050 οὕτω
3114 4995 3358 5069 γένηται,
3379 4998 3651 5068 ἐπενόησα

409 5105 633 5171 induxi,
666 5102 940 5160 somnium
974 5099 1194 5168 lingere,
1226 5099 1382 5168 quasi
1415 5097 1614 5167 aliquis
1641 5098 1773 5152 mihi
1809 5107 1972 5152 noctu

2089 5084 2170 5137 ιιαὶ
2199 5081 2405 5156 ὄνειρον
2433 5083 2768 5151 πλάσασθαι,
2801 5086 2877 5150 ὡς
2907 5087 2969 5158 δή
2998 5104 3143 5152 τινος
3163 5087 3377 5159 νύκτωρ
3405 5088 3650 5142 ἐπιστάν-

409 5193 690 5257 astitisset,
713 5205 800 5246 .ac
824 5189 1052 5244 dixisset
1084 5207 1097 5243 :
1129 5187 1428 5242 Confestim
1460 5202 1568 5240 una
1596 5200 1720 5241 cum
1745 5186 1976 5257 geminis

2089 5193 2166 5240 ιος
2207 5193 2295 5248 μοι
2329 5178 2424 5231 καὶ
2468 5177 2730 5243 εἰπόντος·
2801 5175 3060 5250 Ἐξαυτῆς
3093 5180 3210 5250 ἅμα
3248 5183 3361 5243 τοῖς
3410 5180 3649 5252 διδύμοις

410 5287 518 5341 tuis
558 5283 760 5355 pueris,
808 5297 842 5336 ο
890 5282 1117 5345 mulier,
1157 5278 1328 5333 Roma
1363 5279 1580 5334 discede
1633 5278 1700 5332 ad
1748 5277 1972 5347 aliquod

2089 5284 2170 5321 του
2201 5268 2430 5335 τέκνοις,
2480 5264 2525 5324 ὦ
2561 5269 2740 5340 γύναι,
2781 5270 2873 5323 ἐπὶ
2918 5269 3105 5342 χρόνον
3151 5269 3273 5322 τινὰ
3319 5270 3508 5342 μέχρις
3557 5273 3645 5323 ὅτε

411 5383 646 5442 tempus,
691 5372 866 5425 donec
917 5370 1013 5424 tibi
1062 5385 1258 5425 rursus
1298 5368 1608 5423 indicavero
1647 5376 1706 5422 ut
1749 5368 1970 5433 redeas;

2089 5358 2302 5432 μηνύσω
2332 5375 2411 5413 σοι
2437 5359 2596 5414 πάλιν
2627 5359 2957 5424 ἐπανελθεῖν,
2986 5358 3290 5431 ἕκῦηθιτὴν
3329 5359 3642 5430 Ῥωμαίων·

408 5464 610 5534 alioqui
655 5479 781 5519 cum
814 5464 931 5519 viro
961 5463 1281 5534 cunctisque
1320 5462 1426 5518 tuis
1458 5461 1644 5516 liberis
1685 5460 1974 5530 derepente

2089 5455 2201 5510 ἐπεὶ
2237 5455 2354 5526 ἅμα
2396 5455 2549 5526 ἀνδρὶ
2599 5456 2692 5509 καὶ
2724 5455 2857 5509 πᾶσί
2893 5471 2985 5508 σου
3022 5457 3136 5518 τοῖς
3171 5454 3380 5518 τέκνοις
3404 5495 3419 5520 ,
3454 5455 3518 5508 ὲκ
3549 5453 3642 5508 τοῦ

406 5557 608 5627 peribis
638 5554 798 5613 male.
829 5554 1005 5611 Simul
1030 5559 1210 5611 autem
1239 5569 1305 5610 ac
1330 5553 1605 5610 somnium
1643 5552 1964 5606 ementitum

2089 5547 2326 5617 ιίφνιδίου
2359 5547 2546 5612 κακῶς
2577 5547 2935 5619 τελευτήσεις.
2969 5546 3120 5618 "Atta
3138 5546 3196 5600 δὲ
3218 5545 3296 5618 τῷ
3317 5546 3408 5600 τὸν
3436 5547 3644 5620 δνειρόν

1670 5685 1900 5742 VARUE
1941 5683 2335 5741 LECTIONEF.

2229 5795 2275 5828 “
2314 5796 2384 5851 al.
2428 5796 2710 5866 παύσηται.
2824 5796 2866 5829 ⁸⁷
2907 5798 2977 5852 al.
3021 5797 3420 5855 κολακεύοντος.

481 5810 522 5849 δ’
553 5809 605 5863 al
656 5807 806 5865 deest
837 5807 891 5861 in
915 5806 986 5860 al.
1064 5804 1110 5837 “
1145 5803 1216 5857 al.
1259 5802 1377 5873 ᾄδῃ.
1459 5801 1505 5844 ιλ
1542 5801 1770 5864 οὐδενός.
1838 5801 1880 5840 ⁸⁵
1922 5799 1991 5853 al.
2023 5798 2135 5851 τοῦ.
