4048 6146
389 309 494 368 5'29

1200 298 1666 358 CLEMENTINA.
1707 328 1775 342 —-—
1812 287 2121 350 EPITOME
2156 292 2242 350 DE
2279 290 2523 350 GESTIS
2561 291 2618 346 S.
2659 285 2884 343 PETRI.
3517 275 3620 332 .550

397 444 463 498 με
503 418 804 497 ξίεῦσαέθαι
831 417 880 461 ³⁸
923 426 1055 500 πρὸς
1114 425 1205 478 τὸν
1237 424 1407 497 ἄνδρα
1429 463 1444 488 ,
1478 421 1638 484 αὐτὸς
1664 417 1946 498 περίφοϐος

2058 415 2177 471 viro
2200 416 2416 470 narravi
2444 456 2460 481 ,
2490 415 2685 468 timore
2713 423 2910 481 magno
2931 410 3258 469 commotus,
3285 412 3372 454 me
3400 410 3452 450 ct
3480 396 3616 452 duos

389 518 696 590 γενόμενος,
729 519 854 584 τούς
885 536 948 572 τε
987 517 1080 572 δύο
1113 517 1292 580 υἱοὺς,
1325 513 1542 576 δούλους
1567 529 1626 564 τε
1655 511 1747 565 καὶ
1778 507 1954 563 παιδί-

391 624 545 674 σκας,
579 611 674 663 καὶ
706 612 957 682 χρήματα
1005 606 1171 678 συχνὰ
1210 607 1289 672 ἐν⁵
1317 604 1484 674 πλοίῳ
1525 602 1828 673 ἐνθέμενος,
1876 601 1957 666 εἰς

400 696 627 771 Ἀθήνας
656 700 958 772 ἐξέπεμψεν
980 740 1001 763 ,
1029 696 1400 768 ἐντειλάμενος
1434 694 1560 756 τοὺς
1587 693 1737 756 υἱοὺς
1764 693 1957 745 ἐκπαι-

386 792 571 846 δεῦσαί
605 810 693 863 με,
718 793 924 864 Μέχρις
962 790 1049 856 ἂν,
1094 787 1260 860 φησὶ,
1291 787 1376 859 τῷ
1408 783 1803 859 χρηματίσαντι
1828 781 1958 857 δόξῃ

388 885 661 943 ἐπανιέναι
704 902 783 939 σε.
832 886 940 939 Καὶ
995 885 1060 957 δὴ
1096 885 1194 938 σὺν
1240 881 1355 952 ἅμα
1397 881 1606 944 τέκνοις
1646 880 1680 951 ή
1731 877 1954 932 τάλαινα

387 981 658 1045 πλέουσα,
708 981 812 1035 ὑπὸ
844 980 1059 1053 ἀνέμων
1097 975 1322 1044 ἀταξίας
1361 979 1441 1042 εἰς
1465 975 1686 1038 τούτους
1722 973 1954 1045 ἀπορρι-

385 1076 544 1142 φεῐσα
585 1072 710 1136 τοὺς
748 1073 981 1138 τόπους,
1027 1070 1220 1134 νυκτὸς
1262 1071 1364 1141 τῆς
1423 1068 1548 1140 νηὸς
1591 1065 1951 1136 διαλυθείσης,

382 1164 622 1236 ναυαγίῳ
652 1164 1065 1236 περιεπέσομεν.
1102 1163 1322 1221 Πάντων
1351 1160 1410 1215 δέ
1437 1159 1702 1213 θανόντων
1720 1196 1736 1222 ,
1761 1157 1795 1228 ἡ
1826 1156 1954 1210 ἀτυ-

379 1255 483 1327 χὴς
513 1255 623 1325 ἐγὼ
657 1255 790 1326 μόνη
827 1255 932 1309 ὑπὸ
961 1254 1190 1327 σφοδροῦ
1223 1254 1465 1324 κύματος
1499 1249 1826 1324 ῥιπισθεῖσα,
1861 1247 1954 1300 ἐπὶ

377 1347 590 1417 πέτρας
633 1347 898 1418 ἐρῤίφην·
944 1345 1028 1415 ἐφ’
1072 1339 1142 1417 ἧς
1189 1343 1509 1398 καθεσθεῖσα
1553 1339 1725 1394 ἐλπίδι
1757 1336 1851 1390 τοῦ
1884 1335 1952 1391 τὰ

373 1439 548 1493 τέκνα
599 1454 665 1508 με
693 1435 870 1502 ζῶντα
898 1436 1100 1508 εὑρεῖν,
1144 1435 1225 1497 είς
1261 1434 1352 1486 τὸν
1390 1430 1547 1504 βυθὸν
1580 1428 1828 1501 ἐμαυτὴν
1853 1427 1952 1480 οὐκ

373 1527 580 1600 ερριψα
602 1527 744 1594 τότε,
778 1527 867 1581 ὅτε
887 1527 980 1580 καὶ
998 1526 1096 1596 τὴν
1123 1523 1298 1597 ψυχὴν
1329 1518 1476 1594 εἶχον
1506 1524 1620 1584 τοῖς
1642 1519 1743 1591 τῆς
1775 1517 1952 1589 λύπης

373 1619 616 1690 κύμασιν
635 1618 736 1692 ήδη
771 1616 1205 1690 μεμεθυσμένην,
1238 1615 1332 1670 καὶ
1363 1613 1566 1686 πρᾶξαι
1594 1610 1753 1666 τοῦτο
1787 1611 1949 1666 εὐπε-

372 1709 488 1774 τῶς
516 1709 816 1781 ἠδυνάμην.

2053 508 2224 575 ﬁlios,
2243 521 2541 576 servosque
2564 517 2616 560 et
2639 502 2885 567 ancillas,
2904 508 3067 568 atque
3087 495 3311 549 multam
3332 489 3615 560 pecuniam

2052 599 2110 657 in
2142 614 2332 653 navem
2369 598 2680 667 imponens,
2734 593 2975 647 Athenas
3010 586 3196 658 ~misit,
3232 582 3504 654 jussitque
3559 585 3618 633 ut

2050 700 2310 752 natorum
2340 687 2636 744 eruditioni
2677 698 2957 746 vacarem,
2983 678 3193 744 Quoad,
3221 675 3416 745 inquit,
3446 671 3616 726 visio-

2047 785 2142 842 nis
2181 782 2393 839 auctori
2434 779 2699 851 placuerit
2737 777 2913 832 redire
2957 783 3028 828 te.
3059 771 3242 840 Itaque
3269 783 3368 838 ego
3394 766 3615 828 misera,

2049 891 2160 932 una
2185 857 2309 930 cum
2340 873 2522 930 liberis
2551 870 2779 942 navigo,
2819 875 2874 923 et
2901 871 3186 921 ventorum
3207 861 3259 915 vi
3281 859 3536 930 projicior
3561 855 3617 908 in

2053 967 2170 1022 haec
2197 966 2316 1020 loca
2335 1004 2352 1032 ,
2393 963 2628 1034 navique
2657 969 2825 1017 noctu
2856 956 3142 1022 dissoluta,
3173 954 3226 1008 in
3269 950 3615 1023 naufragium

2051 1058 2365 1114 incidimus.
2397 1054 2628 1110 Mortuis
2661 1061 2842 1114 autem
2876 1048 3152 1115 omnibus,
3182 1061 3292 1102 una
3335 1060 3433 1113 ego
3475 1042 3617 1097 infe—

2052 1151 2149 1216 lix,
2181 1149 2392 1218 magnis
2410 1148 2611 1218 jactata
2651 1144 2926 1210 ﬂuctibus,
2955 1142 3009 1198 iu
3040 1154 3233 1197 saxum
3257 1137 3429 1208 ejecta
3460 1150 3614 1191 sum:

2053 1242 2108 1298 in
2145 1255 2256 1312 quo
2304 1239 2525 1306 sedens,
2566 1237 2696 1310 quia
2747 1250 2835 1293 me
2882 1242 3040 1290 natos
3082 1232 3236 1287 vivos
3278 1237 3616 1300 reperturam

2052 1330 2339 1400 sperabam
2368 1370 2385 1396 ,
2434 1328 2488 1382 in
2531 1328 2758 1400 pelagus
2784 1340 2871 1380 me
2901 1339 3014 1379 non
3041 1323 3210 1393 dejeci
3290 1331 3405 1378 tum
3428 1355 3450 1382 ,
3484 1332 3612 1374 cum

2050 1428 2106 1476 et
2145 1419 2387 1474 animum
2422 1418 2687 1472 habebam
2717 1415 2921 1470 doloris
2957 1413 3212 1470 ﬂuctibus
3235 1412 3348 1482 jam
3382 1409 3615 1478 ebrium,

2049 1524 2105 1570 et
2131 1515 2239 1571 hoc
2259 1514 2440 1574 facere
2469 1513 2628 1569 facile
2653 1521 2921 1582 poteram.

447 1777 641 1856 LXXX
651 1777 861 1873 V.II)tl;v
873 1800 1056 1872 ἐπειδὴ
1072 1799 1263 1872 ὄρθρος
1277 1798 1508 1884 ἐγένετο,
1525 1795 1733 1868 μεγάλα
1748 1793 1946 1867 βοῶσα,

2116 1779 2384 1838 LXXXV.
2419 1779 2621 1836 Verum
2671 1779 2765 1835 ubi
2805 1779 3006 1847 illuxit,
3049 1779 3342 1849 plurimum
3375 1777 3618 1836 clamans

377 1895 472 1948 καὶ
523 1892 690 1964 γοερὰ
731 1893 1016 1946 κωκύουσα
1056 1891 1526 1964 περιεὸλεπόμην,
1577 1886 1814 1960 ζητοῦσα
1844 1885 1951 1939 τῶν

377 1985 526 2056 ἐμῶν
552 1984 908 2058 ταλαιπώρων
941 1983 1155 2056 βρεφῶν
1182 1983 1251 2037 τὰ
1280 1983 1449 2061 νεκρὰ
1476 1980 1722 2053 σώματα.
1770 1979 1951 2051 Ἐλεή-

379 2095 572 2142 σαντες
615 2073 709 2132 οῦν
755 2095 822 2149 με
881 2078 930 2131 οἱ
980 2075 1282 2149 ἐπιχώριοι,
1334 2075 1429 2129 καὶ
1477 2072 1688 2144 γυμνὴν
1730 2071 1948 2135 ἰδόντες,

375 2171 648 2226 ἐνέδυσαν.
702 2167 833 2226 Εἶτα
875 2171 968 2226 καὶ
1011 2170 1103 2225 τὸν
1153 2163 1312 2241 βυθὸν
1356 2165 1688 2239 ἀνηρεύνων,
1732 2163 1801 2216 τὰ
1842 2161 1952 2233 ἐμὰ

372 2263 538 2317 τέκνα
569 2261 870 2334 ζητοῦντες.
916 2262 1076 2316 Ἐπεὶ
1107 2261 1164 2314 δὲ
1303 2257 1575 2331 εὕρισκον,
1606 2253 1952 2328 παραμυθίας

373 2351 536 2423 χάριν
576 2352 720 2414 τινές
752 2351 862 2404 τῶν
907 2350 1198 2421 φιλοξένων
1231 2347 1500 2418 γυναικῶν
1535 2342 1948 2418 προσελθοῦσαι,

369 2442 654 2516 διηγοῦντο
675 2443 878 2514 ἑκάστη
910 2442 980 2497 τὰ
1011 2441 1209 2512 ἐαυτῆς
1231 2438 1397 2504 κακὰ,
1427 2440 1514 2494 ἵνα
1539 2440 1606 2510 τῇ
1621 2436 1730 2490 τῶν
1749 2435 1949 2508 ὁμοίων

373 2536 665 2606 συμφορᾷ,
705 2533 1056 2606 παραμυθίας
1091 2533 1257 2604 μέρος
1283 2533 1340 2585 ἐν
1371 2533 1485 2595 τοῖς
1515 2531 1668 2602 ἐμοῖς
1698 2528 1914 2600 εὕροιμι
1932 2545 1948 2561 ·

367 2625 399 2677 ὃ
431 2625 495 2697 δή
531 2643 598 2696 με
630 2627 726 2684 καὶ
759 2625 958 2696 μᾶλλον
980 2623 1190 2689 ἐλύπει,
1222 2621 1316 2677 καὶ
1340 2622 1440 2694 τὴν
1459 2620 1638 2692 ψυχὴν
1657 2619 1748 2672 ἐπὶ
1767 2618 1949 2677 πλεῖον

368 2720 630 2792 κατήσθιε
649 2761 664 2784 ,
716 2719 987 2790 γυναικῶν
1028 2720 1122 2774 καὶ
1173 2718 1348 2776 ἄλλων
1389 2716 1692 2772 ἀκούουσαν
1741 2731 1952 2786 συμφο-

367 2811 488 2884 ράς.
525 2812 637 2866 Ka‘t
665 2812 728 2882 δὴ
765 2813 860 2868 καὶ
883 2812 964 2875 είς
1011 2809 1186 2876 ξενίαν
1225 2808 1435 2863 πολλῶν
1475 2826 1541 2880 με
1575 2807 1730 2877 ἄγειν
1769 2807 1949 2873 ἀξιου-

363 2904 498 2968 σῶν,
525 2904 623 2974 μία
644 2921 730 2967 τις
757 2903 864 2959 τῶν
892 2902 1123 2957 ἐνταῦθα
1153 2899 1404 2972 πενιχρὰ,
1435 2899 1604 2954 πολλὰ
1621 2897 1946 2970 βιασαμένη,

360 2998 446 3060 είς
486 2996 547 3050 τὸ
581 2997 780 3067 ἐαυτῆς
816 2995 988 3050 ἐλθεῖν
1032 2994 1286 3049 ἀνέπεισε
1318 2991 1684 3062 καταγώγιον,
1723 2990 1945 3062 Θάρσει,

359 3089 628 3158 λέγουσαο
665 3089 758 3144 καὶ
783 3089 891 3160 γὰρ
917 3090 946 3141 ὁ
977 3086 1108 3158 ἐμὸς
1138 3087 1298 3158 ἀνὴρ,
1337 3083 1538 3154 ναύτης
1567 3083 1624 3136 δὲ
1661 3073 1813 3144 οὗτος
1852 3076 1945 3153 ἦν.

535 3138 1106 3249 τθᾎλᾷξξαξξέόνῆἆέ
1285 3138 1570 3247 ’νεώτερος
1605 3174 1680 3227 ὢν
1704 3190 1718 3205 ·
1754 3138 1849 3227 καὶ
1969 3138 2012 3198 C

357 3273 581 3333 ἐκείνου
607 3272 816 3326 πολλῶν
861 3289 930 3342 με
956 3269 1247 3336 ἀξιούντων
1277 3269 1358 3331 εἰς
1389 3267 1564 3338 γάμον
1603 3265 1796 3329 ἐλθεῖν,
1831 3261 1943 3332 ἐγὼ

358 3365 620 3438 χηρεύειν
650 3363 892 3432 εἱλόμην,
926 3361 1017 3414 τὸν
1049 3359 1180 3430 ἐμὸν
1207 3358 1378 3429 ἄνδρα
1403 3353 1672 3411 ποθοῦσα·
1703 3355 1853 3408 ἐσται
1883 3353 1941 3407 δὲ

361 3455 522 3511 κοινὰ
543 3455 694 3525 ἡμῖν,
739 3450 776 3505 ἃ.
805 3449 892 3504 διὰ
925 3449 1122 3522 χειρῶν
1146 3447 1453 3519 ἀμφότεραι
1496 3445 1740 3518 πορίζειν
1779 3443 1939 3500 δυνά-

367 3549 529 3620 μεθα.
558 3545 670 3600 Καὶ
696 3542 868 3596 ταῦτα
909 3541 1010 3614 μὲν
1048 3540 1250 3611 ἐκείνη.

437 3831 623 3887 LXXX
634 3830 719 3887 γι.
755 3829 896 3901 Ἐγὼ
905 3829 984 3894 δὲ,
1011 3828 1097 3883 ἵνα
1110 3827 1183 3900 μή
1200 3843 1280 3882 σοι
1294 3825 1519 3898 μηκύνω
1529 3822 1657 3887 τοὺς
1669 3821 1810 3893 ὑπὲρ
1820 3819 1941 3875 106'-

359 3945 456 3981 του
466 3923 892 3996 λόγους,συνιξ›κη
899 3941 966 3977 σα
973 3922 1145 3993 ταύτῃ
1157 3921 1247 3979 διὰ
1259 3921 1358 3991 τὴν
1377 3914 1704 3989 φιλανδρίαν.
1718 3914 1792 3971 Ού
1805 3913 1939 3968 πολὺ

359 4020 424 4073 τὸ
447 4019 513 4072 ἐν,
545 4017 714 4089 μέσῳ,
746 4017 840 4070 καὶ
871 4017 971 4087 τῆς
995 4012 1340 4083 ταλαιπώρου
1374 4010 1472 4082 μὲν
1507 4009 1564 4062 αἱ
1598 4009 1780 4080 χεῖρες
1805 4003 1939 4078 ἐμοῦ

360 4110 470 4165 ὑπὸ
502 4109 612 4164 τῶν
643 4109 936 4180 δηγμάτων
971 4106 1326 4177 παρείθησαν,
1363 4103 1457 4157 καὶ
1495 4103 1530 4173 ἠ
1569 4097 1938 4170 ὑποδεξαμένη

364 4219 433 4273 με
459 4200 596 4271 αῦτη
623 4199 760 4271 γυνὴ
795 4199 900 4252 ὑπὸ
921 4197 1124 4259 πάθους
1153 4193 1299 4257 τινὸς
1324 4192 1419 4264 ὅλη
1450 4187 1782 4253 συνδεθεῐσα,
1812 4205 1938 4258 σχε-

356 4293 450 4347 δὸν
488 4292 739 4364 ἀκίνητος
776 4290 867 4344 ἐπὶ
905 4290 1003 4361 τῆς
1042 4287 1220 4349 οἰκίάς
1258 4285 1532 4358 ἔρριπται.
1598 4280 1750 4334 Ἐπεὶ
1781 4275 1875 4334 οῦν
1909 4280 1940 4334 ὁ

354 4385 470 4439 τῶν
501 4385 667 4438 πάλαι
699 4381 972 4452 γυναικῶν
1011 4378 1290 4449 ἐλεοςιῗιδη
1327 4375 1713 4448 παρήκμασεν,
1742 4370 1854 4441 ἐγὼ
1875 4370 1935 4426 δὲ

2050 1882 2106 1930 et
2129 1872 2516 1930 miserabiliter
2539 1871 2776 1942 ejulans,
2809 1871 3340 1942 circumspiciebam,
3369 1884 3618 1940 quaerens

2049 1968 2351 2024 infelicium
2387 1968 2686 2024 liberorum
2724 1982 2970 2029 meorum
3003 1967 3288 2022 cadavera.
3321 1964 3488 2035 Igitur
3511 1964 3619 2018 mi-

2051 2057 2349 2127 sericordia
2379 2055 2527 2112 ducti
2570 2055 2811 2126 regionis
2859 2055 3005 2110 illius
3029 2054 3303 2119 homines,
3336 2060 3391 2108 et
3415 2050 3616 2107 nudam

2049 2149 2253 2216 intuiti,
2312 2148 2627 2203 induerunt.
2679 2146 2759 2202 Ac
2819 2145 3015 2202 deinde
3070 2145 3238 2201 maris
3285 2142 3615 2214 profundum

2051 2239 2278 2298 scrutati
2310 2247 2462 2304 sunt,
2513 2244 2820 2309 quaerentes
2858 2244 3017 2291 natos
3045 2251 3215 2291 meos.
3263 2234 3326 2288 Et
3353 2236 3479 2302 quia
3508 2248 3616 2286 non

2051 2331 2420 2398 inveniebant,
2467 2329 2746 2384 nonnullae
2794 2328 3095 2397 hospitales
3141 2325 3394 2380 mulieres
3422 2339 3617 2378 conso—

2049 2421 2200 2477 landi
2230 2421 2337 2476 mei
2365 2420 2539 2492 gratia
2577 2425 2928 2475 accesserunt
2954 2461 2970 2486 ,
3000 2427 3055 2472 et
3085 2431 3182 2471 sua
3213 2416 3440 2486 singulae
3474 2415 3615 2468 mala

2050 2512 2387 2568 enarrabant
2405 2552 2420 2579 ,
2453 2520 2516 2566 ut
2545 2510 2810 2566 similium
2850 2508 3160 2565 calamitate
3180 2516 3394 2578 partem
3421 2521 3616 2562 conso-

2048 2605 2271 2660 lationis
2320 2604 2374 2658 in
2415 2604 2554 2659 meis
2586 2601 3011 2658 adversitatibus
3049 2600 3397 2656 nanciscerer
3427 2617 3440 2652 :
3469 2597 3615 2668 quod

2048 2707 2195 2753 certe
2223 2711 2311 2750 me
2337 2696 2512 2768 magis
2536 2695 2847 2766 torquebat,
2881 2693 3234 2762 animumque
3255 2691 3376 2761 plus
3403 2690 3614 2746 lacera-

2046 2789 2162 2854 bat,
2205 2787 2334 2849 dum
2372 2787 2605 2842 aliarum
2651 2786 2943 2841 mulierum
2982 2782 3320 2839 calamitates
3341 2783 3610 2837 audirem.

2047 2878 2314 2936 Caeterum
2361 2895 2488 2935 cum
2533 2879 2719 2934 multae
2748 2893 2836 2934 me
2880 2877 3119 2948 hospitio
3165 2877 3404 2946 recipere
3446 2891 3613 2945 cupe-

2047 2978 2190 3038 rent,
2217 2970 2465 3042 quaadam
2491 2969 2613 3040 ejus
2647 2969 2754 3025 loci
2777 2968 3105 3040 paupercula
3131 3009 3148 3036 ,
3185 2969 3356 3023 multa
3381 2968 3430 3022 vi
3458 2967 3614 3022 adhi-

2048 3061 2159 3117 bita
2207 3062 2484 3132 persuasit
2525 3069 2586 3116 ut
2629 3061 2695 3116 ad
2727 3076 2887 3118 suum
2916 3060 3252 3116 domicilium
3290 3074 3610 3132 pergerem:

2044 3153 2290 3220 Conﬁde,
2307 3154 2516 3219 dicens,
2541 3153 2744 3208 etenim
2765 3153 2851 3207 vir
2870 3167 3027 3214 meus
3046 3159 3165 3206 erat
3211 3147 3332 3220 ipse
3402 3158 3567 3204 nauta
3591 3194 3607 3217 ,

2040 3241 2097 3298 in
2127 3243 2262 3297 mari
2306 3243 2599 3298 admodum
2635 3242 2854 3312 juvenis
2895 3242 3060 3307 obiit,
3094 3250 3257 3310 atque
3281 3241 3351 3295 ab
3379 3255 3443 3295 eo
3476 3249 3610 3295 tem-

2039 3349 2194 3404 pore,
2243 3333 2369 3389 licet
2409 3333 2566 3389 multi
2595 3333 2842 3405 rogarint
2871 3348 2958 3388 me
2988 3344 3049 3388 ut
3076 3332 3294 3403 nuptias
3322 3331 3610 3386 contrahe-

2040 3441 2179 3495 rem,
2203 3441 2304 3498 ego
2333 3425 2435 3482 viri
2463 3427 2572 3481 mei
2607 3425 2906 3492 desiderio,
2937 3439 3096 3496 agere
3124 3423 3179 3477 in
3203 3423 3461 3478 viduitate
3492 3437 3610 3477 mar

2040 3517 2118 3572 lui
2147 3537 2160 3574 :
2193 3525 2358 3574 erunt
2388 3525 2569 3572 autem
2598 3517 2742 3572 inter
2769 3531 2870 3572 nos
2901 3515 3235 3580 communia,
3270 3530 3609 3586 quacunque

2041 3608 2294 3663 manibus
2337 3607 2508 3663 amba?
2547 3606 2856 3677 poterimus
2895 3591 3232 3676 cOmparare.
3273 3606 3450 3677 Atque
3490 3605 3606 3677 ipsa

2041 3699 2326 3757 hactenus.

2114 3809 2404 3871 LXXXVI.
2428 3810 2541 3882 Ego
2566 3825 2697 3868 vero
2728 3809 2844 3868 :Ne
2880 3812 2976 3867 tibi
3004 3828 3312 3868 sermonem
3345 3813 3413 3870 de
3438 3813 3524 3869 his
3551 3814 3604 3868 in

2039 3901 2262 3974 longum
2285 3904 2594 3972 protraham
2613 3944 2639 3971 ,,
2671 3919 2798 3959 eum
2838 3919 2907 3960 ea
2928 3904 3186 3966 habitavi,
3211 3914 3432 3976 propter
3452 3921 3604 3962 amo-

2039 4007 2157 4048 rem
2199 4008 2310 4062 quo
2358 3992 2616 4051 maritum
2669 3993 3118 4064 prosequebatur.
3202 3994 3312 4051 Nec
3371 3999 3601 4055 multum

2029 4091 2256 4155 tempus
2292 4084 2674 4144 intermedium
2708 4084 2830 4152 fuit,
2874 4087 3095 4157 quando
3119 4096 3178 4143 et
3213 4105 3345 4145 meae
3385 4107 3603 4158 manus,

2040 4174 2274 4232 infelicis
2311 4177 2579 4242 mulieris,
2616 4179 2895 4234 morsibus
2923 4179 3218 4236 debilitatae
3249 4191 3406 4251 sunt,
3455 4193 3511 4240 et
3538 4202 3606 4242 ea

2033 4266 2239 4322 mulier
2259 4282 2382 4337 qua:
2412 4283 2500 4324 me
2527 4277 2866 4338 susceperat,
2891 4270 3089 4326 morbo
3108 4273 3346 4342 quodam
3375 4283 3487 4330 tota
3508 4292 3604 4331 oc-

2035 4367 2256 4429 cupata,
2292 4359 2404 4416 fere
2445 4359 2742 4417 immobilis
2769 4359 2919 4416 domi
2951 4361 3144 4431 jacuit.
3177 4362 3445 4430 Quoniam
3471 4382 3610 4439 ergo

357 4478 455 4532 καὶ
479 4479 513 4548 ἠ
547 4476 667 4530 κατ’
713 4450 887 4538 οἶκον,
921 4472 1228 4544 ἀμφότεραι
1269 4467 1572 4538 συμφοραῖς
1609 4463 1804 4534 ἐπίσης
1838 4480 1934 4517 κε-

2043 4450 2416 4512 misericordia
2460 4451 2780 4518 mulierum,
2823 4467 2945 4523 qua:
2984 4453 3114 4509 olim
3154 4456 3600 4513 commiseresce-

355 4567 628 4640 χρήμεθα,
666 4563 964 4636 καθέζομαι
989 4560 1106 4627 νῦν,
1141 4561 1218 4624 ὡς
1253 4559 1405 4630 ὁρᾷς,
1439 4553 1673 4611 ἐνταῦθα
1700 4570 1935 4624 προσαιε

351 4659 547 4725 τοῦσα,
579 4659 672 4714 καὶ
707 4651 782 4712 ὧν
801 4656 868 4711 ἂν
901 4655 1210 4726 εὐπορήσω,
1239 4649 1390 4704 κοινὰ
1417 4645 1710 4718 ποιουμένη
1742 4643 1834 4700 καὶ
1861 4646 1928 4716 τῇ

356 4750 804 4824 συν-ταλαιπώρῳ.
841 4748 952 4804 Καὶ
972 4747 1042 4800 τὰ
1077 4743 1176 4816 μὲν
1206 4740 1317 4813 ἐμὰ
1343 4739 1531 4794 τοῦτον
1563 4737 1675 4809 ἔχει
1694 4736 1785 4791 τὸν
1807 4736 1935 4807 τρόη

352 4861 481 4899 πον.
533 4842 730 4898 Λοιπὸν
749 4842 793 4874 δ’
827 4839 892 4894 σὺ
939 4838 1013 4910 μὴ
1049 4835 1302 4908 κωλύσῃς
1343 4833 1444 4904 τὴν
1476 4829 1766 4902 ὑπόσχεσιν
1791 4828 1930 4900 πλην

358 4933 532 5008 ρῶσαι
561 4931 654 4986 τοῦ
686 4930 866 4986 δοῦναι
908 4929 970 4982 τὸ
1002 4927 1313 4998 φάρμακον,
1361 4923 1510 4986 ὅπως
1552 4920 1646 4976 καὶ
1687 4922 1756 4992 τῇ
1802 4935 1928 4974 συν-

351 5026 494 5096 οίκῳ
525 5025 704 5079 θανεῖν
751 5020 1090 5093 ἐπιθυμούσῃ
1111 5059 1127 5083 ,
1187 5015 1282 5070 τοῦ
1313 5013 1554 5076 δοθέντος
1585 5012 1928 5084 κοινωνήσω,

352 5117 494 5188 αὐτή
521 5133 581 5169 τε
618 5111 980 5187 μετασχοῦσα,
1011 5111 1110 5181 τῆς
1142 5107 1289 5177 ζωῆς
1313 5103 1521 5176 ταύτης
1546 5103 1738 5158 θᾶττον
1761 5101 1934 5158 ἀπαλ-

355 5222 527 5278 λαγω.

428 5403 737 5461 LXXXVII.
763 5400 947 5456 Ταῦτα
972 5400 1074 5470 τῆς
1090 5397 1344 5468 γυναικὸς
1361 5397 1644 5469 εἰπούσης,
1666 5398 1696 5451 ὁ
1718 5396 1921 5468 Πέτρος

2035 4542 2188 4607 bant,
2218 4542 2332 4611 jam
2358 4542 2599 4613 vigorem
2628 4543 2832 4607 amisit,
2865 4557 2930 4599 ac
2953 4558 3076 4616 ego,
3107 4553 3160 4600 et
3181 4544 3271 4601 illa
3293 4546 3477 4603 clausa
3499 4548 3601 4604 do-

2036 4634 2132 4699 mi,
2157 4633 2332 4688 ambae
2358 4633 2594 4690 miseriis
2612 4649 2680 4690 ex
2705 4649 2862 4702 atquo
2885 4634 3120 4701 utimur;
3153 4651 3316 4702 nunc,
3343 4646 3406 4694 ut
3426 4639 3598 4708 vides,

2031 4723 2125 4781 hic
2145 4724 2308 4782 sedeo
2329 4725 2523 4796 stipem
2552 4734 2760 4796 petens,
2783 4734 2838 4782 et
2862 4741 2984 4797 quae
3001 4726 3134 4782 mihi
3163 4730 3598 4803 suppeditantur,

2029 4816 2351 4875 communia
2372 4815 2527 4885 jacio
2552 4832 2679 4873 cum
2711 4819 2801 4872 illa
2850 4819 3054 4887 pariter
3078 4818 3300 4876 misera.
3343 4821 3422 4878 Ac
3463 4839 3612 4881 mea»

2032 4908 2251 4978 quidem
2272 4923 2363 4965 res
2380 4909 2485 4964 hoc
2501 4909 2664 4965 modo
2686 4925 2746 4966 se
2769 4910 2989 4966 habent.
3015 4909 3296 4983 Superest,
3316 4923 3376 4971 ut
3404 4924 3456 4970 te
3485 4931 3596 4972 non

2031 5001 2284 5060 inhibeas
2307 5001 2362 5059 in
2385 5001 2709 5072 complenda
2733 5017 2798 5058 eo
2821 5003 2965 5072 quod
2992 5006 3313 5074 promisisti,
3339 5008 3608 5065 daturum,

2028 5101 2085 5149 te
2115 5094 2506 5163 pharmacum;
2542 5109 2654 5166 quo
2686 5103 2742 5150 et
2775 5109 2901 5150 cum
2940 5097 3340 5167 contubernali,
3367 5111 3594 5158 mortem

2033 5197 2278 5258 optante,
2330 5187 2477 5258 quod
2518 5187 2733 5245 dederis
2779 5191 3200 5260 communicem,
3247 5202 3303 5249 et
3346 5211 3447 5267 ego
3500 5212 3596 5252 su-

2035 5295 2210 5343 mens,
2240 5279 2349 5337 hac
2377 5279 2486 5336 vita
2512 5278 2678 5335 citius
2715 5279 2930 5337 liberer.

2108 5387 2414 5445 LXXXVII.
2458 5387 2583 5449 Hac
2611 5389 2823 5451 dicente
2858 5390 3117 5463 muliere,
3152 5393 3360 5458 Petrus.
3389 5397 3609 5472 cogitato.

1627 5535 1860 5595 VARIIE
1898 5533 2299 5592 LECTIONES.

438 5697 488 5734 ’⁵⁸
528 5697 598 5756 al.
622 5697 1029 5769 διαψεύσασθαι.
1105 5699 1154 5736 δν
1194 5697 1261 5754 al.
1289 5699 1453 5756 inscr.
1489 5693 1600 5753 οὖν.
