4048 6146
429 316 523 371 εει

1310 317 1367 372 S.
1412 315 1802 372 CLEMENTIS
1839 316 1858 370 l
1909 315 2076 373 ROM.
2117 315 2320 373 ΡΟΝΓ.
2359 317 2590 373 OPERA
2631 318 2858 376 DUBM.

3569 315 3672 368 53?.

426 429 670 486 tionibus
700 437 847 486 stare
882 445 1182 501 suspensus
1227 426 1533 481 videbatur.
1573 425 1682 496 Ego
1721 441 1852 480 vero
1900 431 2036 490 su—l

2120 428 2197 481 υπὸ
2206 427 2478 501 λογισμῶν
2491 428 2736 483 ἵστασθαι
2751 429 3017 500 μετέωρος
3026 428 3214 482 ἐδόκει.
3235 426 3374 497 Ἐγὼ
3383 425 3440 480 δὲ
3451 425 3672 489 ἐπιστὰς

428 523 771 592 perveniens,
806 531 862 578 et
892 524 1212 594 magistrum
1245 535 1372 575 cum
1421 519 1648 573 muliere
1677 519 1995 589 colloquen-

431 621 538 667 tem
589 614 662 670 ita
712 624 906 670 nactus
946 632 961 669 :
1011 612 1377 677 Jamdudum,
1429 610 1683 680 inquam,
1734 611 1998 668 oberrans

429 708 738 774 quaerebam
769 717 847 774 te;
892 716 946 763 et
974 722 1118 764 nunc
1145 704 1274 775 quid
1312 703 1618 758 faciendum
1661 704 1776 760 est?
1806 703 1998 761 Petrus

431 801 610 849 autem
658 795 962 864 imperavit,
1006 803 1066 851 ut
1114 795 1494 865 praecederem,
1529 810 1593 848 ac
1632 793 1686 848 in
1735 794 1855 849 navi
1899 811 1999 849 ex-

432 894 759 954 spectarem.
790 885 856 941 Et
885 886 1013 956 quia
1045 900 1152 940 non
1192 885 1388 940 licebat
1419 885 1790 941 contradicere
1823 887 1870 940 ei
1906 886 2000 956 qui

433 975 507 1030 ita
537 987 882 1047 praeceperat,
910 979 1053 1047 quod
1087 976 1261 1033 fuerat
1281 976 1497 1047 jussum
1538 975 1661 1033 feci.
1693 977 1764 1032 At
1784 977 1999 1047 Petrus,

434 1076 493 1120 ut
542 1067 655 1136 ipse
703 1067 838 1121 mihi
895 1076 1090 1123 cuncta
1137 1078 1325 1138 postea
1367 1070 1653 1139 exposuit.
1691 1069 2005 1140 suSpicioue

432 1159 626 1227 exigua
657 1159 709 1212 in
739 1169 956 1229 pectore
979 1161 1248 1231 pulsatus,
1281 1162 1650 1233 interrogabat
1697 1163 2001 1228 mulierem,

433 1249 621 1304 dicens
651 1269 664 1304 :
698 1249 862 1307 Refer
893 1252 1045 1319 mihi,
1077 1250 1300 1320 femina,
1325 1269 1496 1324 genus
1519 1265 1573 1308 et
1603 1254 1899 1320 civitatem,
1931 1263 2008 1310 at-

434 1358 542 1413 que
583 1343 745 1398 etiam
793 1343 1088 1400 liberorum
1129 1347 1388 1414 nomina,
1431 1347 1724 1416 statimque
1766 1347 2005 1402 mediea~

434 1444 676 1491 mentum
711 1438 808 1492 tibi
841 1440 1071 1495 tradam.
1101 1439 1197 1496 Illa
1246 1455 1398 1505 vero,
1442 1456 1566 1512 qua:
1596 1449 1899 1510 cogeretur,
1945 1455 2009 1497 ac

436 1526 604 1583 nollet
633 1527 852 1598 quidem
873 1529 1078 1599 dicere,
1102 1539 1158 1586 et
1178 1540 1358 1587 tamen
1390 1532 1742 1602 pharmacum
1767 1535 2011 1602 accipere

436 1629 678 1686 cuperet,
706 1620 759 1676 id
801 1633 1108 1679 commenta
1133 1634 1238 1692 est,
1271 1632 1332 1678 ut
1357 1639 1458 1693 pro
1486 1624 1609 1679 aliis
1647 1625 1846 1680 diceret
1879 1624 2008 1690 alia,

438 1704 711 1776 simulque
737 1722 796 1762 se
826 1708 1115 1779 Ephesiam
1146 1727 1268 1770 esse
1290 1714 1681 1781 pronuntiavit,
1713 1714 1890 1769 virum
1925 1713 2012 1770 Si-

2099 522 2194 574 καὶ
2218 522 2308 575 τὸν
2335 521 2653 575 διδάσκαλον
2677 524 2742 592 τῇ
2774 522 2993 590 γυναικὶ
3028 523 3508 589 κοινολογούμενον
3532 515 3673 570 οὕτω

2099 612 2437 677 καταλαϐών,
2466 613 2560 666 Ἐκ
2589 611 2782 666 πολλοῦ
2808 630 2868 666 σε
2898 613 3336 684 περιερχόμενος.
3364 610 3520 681 ἔφην,
3549 609 3675 678 ἐζή-

2097 721 2242 759 τουν·
2294 706 2386 758 καὶ
2407 702 2477 758 τὰ
2501 705 2616 770 νῦν,
2650 705 2704 758 τί
2731 706 3018 777 ποιητέονς
3059 705 3116 759 '0
3141 703 3197 757 δὲ
3236 703 3441 774 Πέτρος
3480 700 3676 772 προσέο

2099 796 2228 860 ταξέ
2270 814 2359 868 μοι
2402 797 2766 868 προαγαγόντι
2816 798 2996 869 μένειν
3039 796 3130 848 ἐπὶ
3173 793 3266 847 τοῦ
3317 793 3524 845 πλοίου.
3567 790 3675 843 Καὶ

2101 888 2287 960 ἐπειδὴ
2324 889 2596 942 ἀντειπεῖν
2629 885 2818 961 οὑκ-ἦν
2859 888 3002 941 οὕτω
3052 885 3386 949 κελεύσαντι,
3421 883 3674 956 τὺιπροσ-

2102 979 2298 1049 ταχθὲν
2353 980 2590 1034 ἐποίουν.
2645 980 2701 1034 Ὀ
2747 979 2805 1032 δὲ
2843 979 3047 1050 Πέτρος
3088 977 3260 1049 μικρᾷ
3303 993 3411 1028 τινι
3451 971 3674 1042 ὑποψίᾳ,

2101 1071 2178 1133 ὡς
2209 1071 2372 1133 αὐτὸς
2401 1088 2492 1141 μοι
2519 1071 2696 1124 πάντα
2731 1069 2956 1142 ὕστερον
2996 1070 3304 1139 διεγήσατο,
3347 1065 3678 1135 παλλόμενος

2104 1165 2201 1235 τὴν
2229 1163 2472 1235 καρδίαν,
2502 1160 2829 1216 ἐπυνθάνετο
2850 1161 2952 1231 τῆς
2986 1159 3242 1229 γυναικὸς
3290 1157 3486 1226 λέγων·
3545 1155 3679 1208 Εἰπέ

2111 1273 2224 1326 μοι,
2252 1255 2431 1323 γύναι,
2462 1254 2522 1307 τὸ
2557 1253 2713 1323 γένος
2746 1254 2840 1307 καὶ
2863 1253 2960 1324 τὴν
3005 1242 3176 1316 πόλιν,
3207 1252 3300 1305 καὶ
3338 1249 3446 1303 τῶν
3477 1249 3682 1300 τέκνων

2106 1347 2170 1417 δὴ
2208 1345 2276 1400 τὰ
2317 1347 2575 1417 ὀνόματα,
2606 1346 2700 1400 καὶ
2728 1345 3070 1417 παραχρῆμα
3106 1342 3298 1414 δίδωμί
3341 1357 3420 1395 σοι
3466 1356 3518 1393 «ο
3546 1339 3683 1411 φάρ-

2112 1456 2304 1509 μακον.
2348 1439 2413 1492 Ἦ
2442 1439 2498 1492 δὲ
2536 1437 2828 1509 βιαζομένη
2861 1438 2980 1508 μὲν,
3008 1438 3101 1492 καὶ
3125 1438 3298 1489 εἰπεῖν
3337 1446 3436 1488 οιιι
3473 1433 3684 1486 ἐθέλου-

2111 1547 2199 1594 σα,
2229 1530 2289 1583 τὸ
2315 1515 2603 1602 φάρμακον
2626 1531 2682 1583 δὲ
2710 1531 2858 1601 ὅμως
2888 1529 3147 1600 ἐφιεμὲνη
3171 1527 3375 1590 λαϐεῖν,
3403 1525 3686 1594 ἐσοφίσατο

2111 1624 2230 1676 ἀντὶ
2265 1622 2438 1676 ἄλλων
2467 1625 2639 1675 εἰπεῖν
2663 1622 2844 1695 ἐτερα,
2873 1623 2967 1676 καὶ
3002 1624 3154 1691 ὁμῶς
3180 1620 3348 1690 αὐτὴν
3394 1619 3492 1689 μὲν
3532 1618 3689 1686 Ἐφε-

2115 1713 2233 1766 σίαν
2260 1710 2395 1767 εἶναι
2422 1713 2611 1784 ἔφησε,
2646 1713 2738 1766 τὸν
2780 1713 2948 1784 ἄνδρα
2974 1712 3032 1766 δὲ
3071 1711 3287 1765 Σικελὸν
3307 1749 3321 1773 ,
3351 1710 3590 1773 ὁσαύτως
3627 1708 3686 1762 δέ

438 1794 656 1862 culum;
689 1794 938 1853 similiter
979 1815 1199 1870 quoque
1245 1801 1407 1856 trium
1453 1817 1748 1873 puerorum
1788 1805 2008 1858 nomina

2120 1805 2206 1859 ml
2234 1805 2341 1858 τῶν
2384 1804 2566 1875 τριῶν
2596 1803 2795 1858 παίδων
2836 1803 3034 1874 ἠμειψε
3082 1803 3150 1856 τά
3197 1803 3456 1873 ὀνόματα.
3509 1803 3618 1856 Kal
3657 1802 3688 1854 6

439 1887 817 1942 commutavit.
862 1886 1000 1943 Tum
1050 1889 1267 1954 Petrus.
1315 1891 1612 1947 arbitratus
1657 1909 1777 1947 eam
1821 1909 2007 1949 verum

440 1975 664 2031 dicere:
694 1976 831 2045 Heu,
867 1980 1081 2047 mulier,
1114 1981 1312 2050 inquit,
1345 1983 1729 2038 existimabam
1772 2001 1859 2040 me
1898 2001 2012 2040 ma-

435 2082 602 2138 gnam
633 2068 872 2124 laetitiam
893 2072 1160 2128 hodierno
1177 2074 1265 2129 die
1283 2074 1601 2142 allaturum,
1626 2078 1937 2152 suspicatus
1963 2091 2014 2135 te

440 2160 734 2228 quamdam
753 2176 894 2229 esse,
912 2163 1070 2233 cujus
1082 2180 1172 2220 res
1193 2165 1398 2232 audivi,
1417 2174 1469 2220 et
1484 2167 1650 2236 probe
1672 2169 1818 2224 novi.
1836 2171 1903 2224 At
1924 2170 2014 2225 illa

443 2251 713 2320 ndjuravit
730 2269 876 2320 eum,
896 2255 1114 2312 dicens:
1136 2255 1246 2312 Oro
1264 2267 1334 2326 te,
1350 2258 1491 2313 refer
1515 2261 1670 2328 mihi,
1692 2277 1802 2330 quo
1819 2262 2012 2330 sciam,

445 2351 628 2401 utrum
657 2344 796 2399 inter
816 2347 1072 2404 mulieres
1093 2348 1163 2404 sit
1192 2348 1297 2403 alia
1326 2352 1594 2420 quaepiam
1615 2368 1701 2407 me
1723 2352 2010 2409 infelicior.

520 2434 850 2491 LXXXVIII.
895 2437 961 2492 Et
986 2437 1201 2507 Petrus,
1233 2441 1449 2494 mentiri
1490 2443 1757 2507 nesciens,
1793 2452 1848 2497 et
1881 2443 2018 2498 alio-

446 2527 539 2594 qui
572 2529 944 2584 misericordia
977 2547 1104 2600 erga
1136 2532 1284 2586 illam
1318 2533 1607 2600 adductus,
1639 2535 1783 2604 quod
1824 2551 2014 2592 verum

447 2625 566 2670 erat
595 2618 757 2685 cmpit
787 2619 969 2673 dicere
995 2619 1118 2675 :Est
1154 2621 1286 2674 mihi
1329 2621 1551 2692 quidam
1571 2625 1812 2694 juvenis,
1838 2643 1871 2681 ο
1896 2643 2018 2681 mu-

449 2709 570 2773 lier,
595 2724 908 2764 sermonum
935 2711 1002 2764 ad
1027 2713 1231 2765 cultum
1257 2712 1350 2766 Dei
1377 2716 1738 2783 spectantium
1761 2715 2015 2786 cupidus,

450 2808 505 2854 et
527 2799 661 2854 civis
703 2799 1009 2868 Romanus,
1035 2802 1149 2872 ,qui
1197 2803 1332 2856 mihi
1391 2803 1631 2858 narravit
1677 2818 1786 2873 quo
1830 2805 2016 2872 modo,

451 2903 574 2942 cum
607 2888 830 2944 haberet
871 2900 1102 2960 patrem,
1134 2906 1200 2946 ac
1224 2891 1365 2947 duos
1407 2892 1601 2946 fratres
1630 2893 1894 2962 geminos,
1923 2910 2019 2950 ne-

453 2981 652 3037 minem
675 2996 866 3038 eorum
892 2983 1117 3040 videret.
1155 2982 1290 3039 Nam
1321 2995 1513 3052 mater,
1541 2986 2017 3056 quemadmodum,

454 3071 652 3140 inquit,
684 3072 814 3127 mihi
853 3076 1317 3130 commemorabat
1360 3085 1533 3145 pater,
1561 3077 1680 3132 viso
1723 3078 2016 3145 insomnio,

451 3177 520 3217 ex
550 3164 684 3219 urbe
715 3163 886 3221 Roma
914 3167 980 3221 ad
1011 3167 1285 3237 quoddam
1311 3176 1526 3237 tempus
1559 3184 1666 3223 una
1696 3183 1818 3224 cum
1852 3171 2023 3242 gemi-
2050 3161 2092 3218 C

453 3256 540 3312 nis
583 3257 699 3312 suis
725 3259 869 3314 natis
913 3260 1103 3324 exivit,
1136 3275 1206 3316 ne
1238 3259 1438 3315 misera
1483 3271 1659 3317 morte
1707 3261 2019 3333 decederet;

455 3358 621 3418 atque
646 3365 772 3405 cum
805 3350 911 3406 illis
950 3367 1192 3424 egressa,
1234 3368 1382 3407 nunc
1425 3369 1531 3406 non
1565 3354 1877 3409 invenitur:
1903 3355 2024 3425 ejus

455 3449 639 3495 autem
677 3441 780 3506 vir,
813 3451 967 3512 pater
997 3460 1129 3499 vero
1161 3459 1343 3511 meus,
1370 3444 1414 3499 is
1443 3459 1662 3515 quoque
1689 3448 1754 3500 ad
1783 3464 1999 3518 quaeren
2018 3478 2025 3481 --

358 3531 366 3569 ί
456 3533 582 3588 dam
611 3551 732 3590 eam
756 3537 1056 3608 digressus,
1093 3555 1192 3594 nec
1224 3539 1340 3610 ipse
1365 3540 1597 3594 inveniri
1629 3549 1824 3610 potest.

529 3625 815 3682 LXXXIX.
855 3627 933 3683 Ita
964 3645 1087 3686 cum
1134 3629 1328 3685 Petrus
1380 3629 1632 3696 dixisset,
1664 3634 1879 3696 mulier,
1907 3651 2026 3707 quae

458 3719 526 3772 ad
557 3734 619 3773 ea
646 3719 889 3774 animum
925 3723 1281 3792 applicuerat,
1312 3731 1535 3793 stupore
1567 3727 1874 3782 exanimata
1919 3736 2025 3782 est.

457 3807 652 3863 Petrus
689 3816 892 3877 autem,
952 3820 1011 3864 ut
1053 3811 1515 3883 expergisceretur
1550 3815 1723 3885 ipsam
1759 3817 2026 3885 hortatus,

458 3902 722 3972 quidnam
786 3911 931 3958 esset
993 3905 1140 3974 quod
1192 3915 1468 3975 pateretur
1534 3909 1909 3980 interrogavit.
1956 3912 2028 3966 At

461 3996 572 4060 illa,
603 3995 758 4063 quasi
788 4010 854 4050 ex
886 3995 1148 4052 ebrietate
1182 4012 1242 4055 se
1273 4000 1594 4071 recolligens
1613 4042 1628 4068 ,
1659 4017 1786 4057 cum
1835 4018 1898 4059 os
1925 4003 2029 4060 fri-

459 4083 664 4139 cuisset
690 4102 704 4140 :
729 4083 794 4138 Et
821 4084 914 4141 ubi
938 4095 1042 4151 est,
1070 4085 1268 4155 inquit,
1293 4087 1385 4142 ubi
1419 4098 1756 4144 memoratus
1780 4089 2030 4160 juvenis?

461 4175 771 4246 lntelligens
808 4185 990 4232 autem
1032 4193 1146 4232 rem
1180 4177 1376 4233 Petrus
1405 4195 1419 4232 :
1454 4178 1535 4234 Tu
1564 4179 1698 4234 mihi
1728 4180 1817 4235 dic
1855 4183 2028 4251 prius,

463 4268 870 4337 inquitzaliter
911 4270 1056 4324 enim
1107 4284 1231 4324 eum
1282 4269 1464 4325 videre
1513 4284 1623 4324 non
1669 4272 1892 4341 poteris.
1937 4272 2031 4327 llla

460 4375 593 4416 vero
649 4360 939 4430 festinans,
969 4361 1084 4416 ait:
1115 4360 1228 4432 Ego
1276 4377 1397 4417 sum
1442 4362 1803 4418 adolescentis
1835 4373 2030 4428 mater,

461 4462 517 4508 et
562 4469 763 4508 nomen
812 4454 890 4508 illi
945 4462 1029 4509 est
1056 4454 1330 4508 Clemens.
1360 4452 1479 4520 Quo
1505 4452 1698 4510 Petrus
1725 4455 1912 4510 audito
1938 4474 1952 4510 :
1979 4455 2030 4511 Is

465 4546 582 4617 ipse
603 4556 710 4610 est,
730 4545 927 4616 inquit,
958 4545 1004 4602 is
1032 4547 1147 4616 ipse
1170 4555 1280 4612 est;
1306 4555 1470 4616 atque
1507 4545 1554 4601 is
1583 4557 1720 4616 erat,
1748 4548 1842 4618 qui
1868 4549 2030 4618 paulo

466 4649 596 4696 ante
623 4640 875 4707 accessit,
916 4647 971 4695 et
997 4655 1211 4694 mecum
1256 4640 1470 4697 locutus
1515 4649 1616 4705 est,
1649 4655 1921 4711 quemque
1977 4641 2033 4697 in

468 4733 594 4790 navi
625 4740 940 4802 exspectare
957 4731 1118 4802 jussi.
1155 4730 1292 4786 Tum
1326 4731 1416 4787 illa
1437 4732 1506 4787 ad
1528 4731 1670 4786 Petri
1701 4747 1875 4802 genua
1907 4747 2035 4802 pro-

469 4825 678 4890 cidens,
707 4822 932 4892 rogabat
955 4830 1015 4877 ut
1035 4822 1103 4878 ad
1129 4837 1318 4877 navem
1344 4831 1681 4892 properaret.
1710 4821 1778 4876 Et
1805 4821 2033 4877 Petrus:

470 4918 527 4974 Si
563 4916 730 4986 mihi,
760 4915 967 4986 inquit,
1008 4929 1194 4970 servas
1223 4921 1410 4982 pacta,
1451 4913 1557 4967 hoc
1596 4928 1812 4984 quoque
1854 4929 2034 4982 agam.

473 5012 566 5065 Illa
596 5022 777 5066 autem
808 5007 1126 5079 respondit:
1157 5005 1351 5060 Omnia
1395 5005 1626 5072 faciam;
1659 5013 1869 5060 tantum
1899 5006 2034 5060 mihi

471 5104 642 5158 tilium
677 5102 1012 5172 unigenitum
1048 5098 1273 5154 ostende
1299 5115 1312 5151 :
1343 5112 1440 5166 per
1464 5112 1591 5152 eum
1629 5097 1828 5167 quippe
1852 5097 2036 5152 videre

470 5193 608 5248 mihi
633 5193 858 5247 videbor
884 5201 938 5244 et
965 5188 1106 5244 duos
1130 5201 1282 5242 meos
1308 5185 1402 5256 qui
1429 5186 1519 5240 hic
1543 5185 1741 5240 mortui
1773 5193 1903 5240 sunt
1932 5199 2034 5238 na-

470 5297 577 5344 tos.
594 5288 670 5341 Ac
682 5284 876 5340 Petrus
904 5302 917 5339 :
950 5281 1054 5338 Sed
1081 5297 1205 5336 cum
1233 5279 1444 5335 videbis
1465 5295 1615 5346 eum,
1641 5279 1826 5350 quieta
1852 5292 2032 5343 mane,

471 5379 648 5438 donec
679 5393 747 5437 ex
778 5377 957 5434 insula
983 5373 1187 5446 egressi
1219 5371 1503 5432 fuerimus.

2112 1896 2314 1967 Πέτρος
2343 1895 2543 1967 οἰηθεὶς
2568 1895 2732 1966 αὐτὴν
2765 1894 3067 1965 ἀληθεύειν,
3086 1895 3265 1964 Οίμοι,
3294 1894 3472 1963 γύναι,
3502 1893 3684 1962 φησὶν,

2112 1985 2358 2056 ἐνόμιζον
2386 1986 2627 2057 μεγάλην
2647 1983 2769 2040 τινὰ
2783 1984 2956 2058 χαρὰν
2971 1988 3036 2056 τῇ
3058 1987 3294 2056 σήμερον
3316 1986 3467 2054 ἄγειν
3483 1986 3686 2056 ἡμέρᾳ,

2114 2077 2398 2133 ὑπολαϐών
2437 2079 2497 2132 σέ
2537 2094 2660 2132 τινα
2706 2073 2864 2140 εἶναι,
2892 2070 2958 2147 ἦς
2998 2075 3067 2128 τὰ
3109 2076 3408 2147 πράγματα
3453 2077 3692 2140 ἀκούσας

2114 2171 2358 2244 ἀκριϐῶς
2384 2172 2702 2242 ἐπίσταμαι.
2733 2171 2796 2223 Ἡ
2823 2169 2878 2224 δὲ
2903 2166 3164 2239 ἐξώρκισε
3192 2167 3446 2238 λέγουσαο
3491 2168 3690 2239 Δέομαί

2118 2285 2232 2331 σου,
2266 2267 2387 2320 εἰπέ
2417 2283 2527 2336 μοι,
2573 2265 2660 2319 ἵνα
2696 2265 2821 2319 εἰδῶ
2848 2268 2894 2318 εἰ
2937 2265 3050 2318 ἔστι
3090 2282 3174 2329 τις
3203 2267 3260 2319 ἐν
3289 2262 3533 2333 γυναιξὶν
3557 2262 3690 2331 ἄλλη

2117 2358 2420 2429 ἀθλιωτέρα
2450 2355 2604 2428 ἐμοῦ.

2189 2449 2519 2507 LXXXVIII.
2550 2450 2659 2503 Kal
2687 2451 2714 2502 6
2739 2449 2944 2520 Πέτρος
2957 2447 3246 2518 ψεύδεσθαι
3273 2446 3373 2500 οὐκ
3397 2443 3571 2508 εἰδὼς,
3597 2445 3689 2498 καὶ

2118 2543 2292 2606 ἄλλως
2306 2539 2410 2595 ὑπὸ
2429 2539 2611 2602 ἐλέους
2625 2539 2718 2592 τοῦ
2735 2539 2871 2611 πρὸς
2889 2539 3059 2610 αὐτὴν
3081 2538 3389 2609 ἑλκόμενος,
3413 2537 3475 2590 τὸ
3494 2536 3689 2607 ἀληθὲς

2118 2633 2295 2702 λέγειν
2324 2629 2550 2702 ἦρξατο⁶
2566 2627 2717 2699 Ἐμοί
2733 2645 2818 2690 τις
2846 2627 2962 2680 ἐστὶ
2985 2627 3220 2691 νεανίας,
3241 2618 3287 2680 ὧ
3307 2624 3487 2694 γύναι,
3512 2621 3621 2675 τῶν
3643 2620 3688 2657 ³³

2119 2726 2218 2795 τῆς
2237 2722 2542 2786 θεοσεϐείας
2563 2721 2884 2792 ὀρεγόμενος
2908 2719 3080 2790 λόγων
3102 2719 3170 2783 ⁵¹,
3207 2716 3492 2788 Ῥωμαίων
3518 2713 3691 2785 ὑπάρ-

2119 2834 2230 2888 χων
2242 2815 2481 2886 πολίτης,
2498 2815 2646 2876 ὅστις
2661 2813 3045 2884 μοιδιηγεῖται,
3064 2811 3179 2874 πῶς
3190 2811 3234 2842 ⁸¹
3247 2808 3456 2880 πατέρα
3475 2824 3534 2860 τε
3555 2807 3691 2875 ἔχων

2122 2910 2214 2963 καὶ
2233 2906 2491 2976 ἀδελφοὺς
2514 2905 2606 2958 δύο
2636 2905 2909 2976 διδύμους,
2932 2903 3121 2958 οὐδένα
3151 2901 3355 2956 τούτων
3400 2900 3521 2971 ὁρᾷ.
3557 2899 3690 2950 Ἧτε

2121 3003 2230 3074 γὰρ
2262 3001 2463 3072 μήτηρ,
2496 2999 2572 3062 ὡς
2601 2998 2631 3050 ὀ
2662 2999 2864 3068 πατὴρ,
2891 2996 3042 3067 φησὶ,
3073 2993 3312 3064 διηγεῖτό
3342 3010 3452 3064 μοι,
3490 2992 3691 3061 ὄνειρον

2127 3093 2328 3156 ἰδοῦσα,
2367 3091 2469 3162 τῆς
2508 3089 2791 3160 Ῥωμαίων
2826 3087 3030 3150 πόλεως
3057 3087 3151 3140 ἐπὶ
3185 3085 3378 3157 χρόνον
3403 3082 3528 3136 τινὰ
3549 3079 3694 3150 ἐξῄει

2128 3183 2265 3260 μετά
2285 3183 2393 3236 τῶν
2420 3180 2655 3251 διδύμων
2681 3179 2851 3248 αύτῆς
2877 3177 3100 3241 τέκνων,
3126 3175 3212 3228 ἵνα
3241 3174 3315 3245 μὴ
3343 3170 3498 3242 κακῷ
3511 3171 3694 3260 τελευ-

2123 3278 2266 3349 τήσῃ
2300 3273 2535 3342 θανάτῳ,
2561 3271 2654 3324 καὶ
2684 3271 2780 3323 σὺν
2805 3267 2987 3330 αὐτοῖς
3015 3265 3223 3319 ἐκϐᾶσα
3247 3262 3342 3318 νῦν
3396 3263 3495 3331 οὐχ
3544 3259 3693 3330 εὑρί-

2128 3384 2336 3422 σκεται·
2381 3368 2410 3419 ὁ
2433 3365 2490 3418 δέ
2519 3363 2722 3433 ταύτης
2749 3360 2847 3432 μὲν
2875 3359 3034 3429 ἀνὴρ,
3078 3356 3244 3410 αὐτοῦ
3279 3355 3337 3407 δέ
3375 3353 3576 3424 πατὴρ,
3603 3351 3698 3406 καὶ

2127 3460 2287 3523 αὐτὸς
2315 3459 2394 3522 είς
2426 3456 2743 3525 ἐπιζήτησιν
2784 3451 2955 3522 αὐτῆς
2997 3448 3183 3512 ἐκϐὰς,
3210 3446 3330 3500 οὐδὲ
3357 3440 3508 3507 οὗτος
3536 3444 3583 3476 ⁸³
3606 3444 3696 3496 εὐι-

2130 3552 2396 3623 ρίσκεται.

2198 3637 2487 3694 LXXXIX.
2518 3634 2703 3690 Ταῦτα
2729 3633 2822 3688 τοῦ
2849 3632 3054 3702 Πέτρου
3078 3628 3340 3695 εἰπόντος,
3365 3626 3702 3696 ἐπιστήσασα

2125 3732 2216 3784 τὸν
2238 3730 2363 3784 νοῦν
2378 3731 2559 3791 αὐτοῖς
2573 3727 2640 3790 ⁵³,
2666 3725 2772 3779 ὑπὸ
2796 3721 3106 3795 ἐκπλήξεως
3123 3719 3394 3790 ἀπέψυξεν
3417 3720 3451 3789 ή
3469 3717 3626 3786 γυνή.
3644 3716 3703 3768 Ὀ

2127 3825 2183 3878 δὲ
2207 3823 2413 3894 Πέτρος
2439 3823 2626 3892 νήφειν
2667 3817 2836 3888 αὐτὴν
2877 3812 3443 3888 παρακελευσάμενος,
3470 3810 3536 3861 Τί
3572 3805 3703 3861 ποτέ

2128 3919 2272 3970 ἐστιν
2293 3915 2321 3968 ὃ
2350 3915 2596 3984 πάσχεις,
2617 3909 3018 3966 διεπυνθάνετο.
3048 3907 3111 3960 Ἦ
3135 3905 3213 3970 δὲ,
3235 3905 3423 3974 ὥσπερ
3442 3904 3506 3955 ἐκ
3536 3899 3703 3972 μέθης

2130 4005 2512 4074 ἀνενεγκοῦσα,
2559 4005 2652 4057 καὶ
2693 4001 2754 4054 τὸ
2805 4001 3094 4071 πρόσωπον
3142 3997 3400 4068 τρίψασα·
3439 3995 3549 4046 Καὶ
3600 3990 3701 4044 ποῦ

2130 4099 2297 4162 ἐστιν,
2332 4096 2458 4166 ἐφη,
2487 4093 2588 4148 ποῦ
2613 4093 2658 4131 ⁸⁵
2684 4093 2713 4144 6
2735 4089 3124 4163 θρυλλούμενος
3163 4085 3415 4152 νεανίας;
3442 4083 3624 4144 Συνε¹ις
3647 4079 3701 4132 δὲ

2129 4193 2158 4244 ὁ
2188 4189 2395 4262 Πέτρος
2425 4186 2487 4239 τὸ
2512 4185 2713 4257 δρᾶμα,
2753 4181 2890 4237 Εἰπέ
2927 4199 3016 4252 μοι
3045 4183 3109 4234 σὺ
3152 4179 3385 4250 πρῶτον,
3445 4176 3576 4245 ἔφη·
3611 4173 3703 4226 ἆλ-

2131 4285 2237 4346 λως
2261 4281 2371 4353 γὰρ
2402 4279 2526 4332 ἰδεῖν
2572 4275 2761 4329 τοῦτον
2793 4273 2854 4327 ού
2879 4273 3120 4329 δύνασαι.
3163 4273 3226 4324 Ἠ
3271 4270 3327 4322 δὲ
3369 4267 3700 4325 σπεύδουσα,

2144 4373 2304 4442 Ἐγὼ,
2332 4371 2515 4443 φησὶν,
2550 4369 2587 4439 ἡ
2615 4366 2707 4420 τοῦ
2733 4367 3016 4422 νεανίσκου
3049 4365 3230 4436 μήτηρ
3254 4363 3388 4433 εἰμὶ,
3433 4361 3528 4414 καὶ
3559 4362 3704 4431 Κλήσ-

2136 4483 2241 4538 μης
2258 4463 2403 4534 αὐτῷ
2425 4461 2512 4514 δνο
2519 4478 2606 4532 μα.
2628 4459 2737 4512 Καὶ
2757 4460 2785 4513 6
2802 4457 3006 4528 Πέτρος
3024 4453 3155 4509 ἀκού
3163 4470 3279 4518 σας,
3297 4452 3466 4515 Αὐτός
3481 4453 3625 4505 ἐστιν
3639 4451 3703 4513 ⁵⁸,

2132 4555 2304 4620 εἶπεν,
2333 4553 2494 4617 αὐτός
2524 4555 2665 4604 ἐστι·
2701 4549 2796 4603 καὶ
2818 4543 2972 4611 οὗτος
2996 4543 3065 4618 ἦν
3089 4548 3117 4599 6
3145 4546 3252 4617 πρὸ
3297 4544 3492 4616 μικροῦ
3545 4559 3709 4614 προσ-

2134 4648 2302 4703 ελθὼν
2326 4646 2420 4700 καὶ
2445 4644 2686 4714 λαλήσας
2717 4659 2827 4714 μοι,
2851 4641 2912 4694 ὃν
2935 4640 3029 4693 καὶ
3052 4637 3338 4709 ἀναμένειν
3357 4638 3415 4688 ἐν
3440 4636 3518 4707 τῷ
3541 4633 3710 4705 πλοίῳ

2134 4735 2458 4810 προσέταξα.
2503 4736 2568 4788 Ἦ
2623 4734 2680 4786 δὲ
2726 4731 3112 4805 προσπεσοῦσα
3157 4728 3236 4800 τῷ
3282 4728 3503 4798 Πέτρῳ,
3558 4725 3710 4795 ἠξίου

2137 4830 2384 4885 σπεύδειν
2411 4827 2506 4881 ἐπὶ
2529 4826 2589 4880 τὸ
2613 4825 2816 4881 πλοῖον.
2845 4825 2954 4879 Kal
2979 4826 3007 4877 6
3032 4822 3238 4895 Πέτρος
3257 4861 3270 4884 ,
3297 4822 3362 4874 Ei
3390 4837 3481 4891 μοι
3502 4820 3707 4889 τηρεῖς,

2137 4922 2262 4992 ἔφη,
2292 4919 2391 4984 τὰς
2422 4917 2712 4989 συνθήκας,
2745 4916 2840 4970 καὶ⁹
2875 4912 3034 4967 τοῦτο
3061 4916 3288 4985 ποιήσω.
3322 4910 3384 4963 Ἡ
3420 4909 3499 4975 δὲ,
3526 4908 3711 4961 Πάντα

2142 5011 2302 5076 ποιῶ,
2316 5012 2469 5084 φησὶ,
2486 5011 2644 5081 μόνον
2663 5025 2751 5081 μοι
2766 5007 2828 5060 τὸ
2845 5007 3034 5066 τέκνον
3044 5005 3105 5059 τὸ
3125 5002 3406 5076 μονογενὲς
3422 5001 3706 5074 γνώρισον,

2142 5101 2282 5170 δόξω
2302 5103 2410 5176 γὰρ
2438 5103 2507 5156 δι’
2541 5098 2707 5155 αὐτοῦ
2733 5101 2828 5152 καὶ
2844 5098 2913 5154 τὰ
2940 5097 3032 5159 δύο
3061 5113 3163 5167 μου
3190 5095 3258 5148 τὰ
3284 5093 3514 5149 ἐνταῦθα
3531 5091 3714 5162 τεθνη-

2142 5197 2275 5250 κότα
2316 5194 2481 5248 τέκνα
2524 5194 2676 5266 ὁρᾷν.
2726 5190 2837 5245 Kal
2879 5191 2908 5243 6
2944 5188 3180 5260 Πέτρος·
3223 5186 3359 5240 Ἀλλ’
3395 5182 3713 5248 ὅταναύτὺν

2142 5285 2609 5361 ἴδῃςηήσύχασον,
2643 5282 2836 5356 μέχρις
2859 5280 2926 5336 ἂν
2953 5279 3054 5358 τῆς
3079 5279 3242 5352 νήσου
3265 5277 3532 5350 ἐκΰῶμεν.

1745 5517 1979 5574 νΑιωΕ
2018 5516 2412 5575 LEC‘I‘IONES.

551 5687 599 5722 ⁸⁸
636 5687 707 5743 al.
738 5685 850 5744 τόν.
925 5684 966 5716 ⁸⁸
995 5683 1065 5738 al.
1108 5679 1285 5750 λόγον.
1358 5681 1490 5736 "al.
1523 5680 1618 5746 ὡς.
1693 5679 1941 5755 ³³ιοῦτως.
2019 5680 2036 5714 ³

2120 5680 2146 5734 l.
2193 5678 2387 5746 ἑαυτῆς
2417 5683 2470 5730 et
2503 5671 2691 5744 αὐτῆς.
2770 5672 2899 5728 "al.
2942 5672 3046 5727 ποῦ
3081 5673 3245 5730 ἐστίν.
3323 5673 3530 5730 "deest
3554 5675 3606 5730 in
3637 5673 3706 5730 ai.
