4040 6146
329 270 438 327 555

1157 259 1621 326 CLEMENTI‘NA.
1663 301 1733 311 -—-
1768 269 2074 326 EPITOME
2107 267 2197 325 DE
2233 271 2484 328 GESTIS
2523 273 2582 329 S.
2627 271 2852 329 PETRI.

3492 273 3596 331 534

402 380 514 436 XC.
557 380 870 453 Λαϐόμενος
909 379 1004 437 οὖν
1045 383 1146 455 τῆς
1190 384 1372 457 χειρὸς
1413 383 1586 456 αὐτῆς
1627 384 1656 436 ὁ
1703 382 1917 455 Πέτρος.

2103 381 2218 438 XC.
2260 381 2475 437 Tenens
2500 396 2629 451 ergo
2677 381 2824 437 illius
2863 395 3086 437 manum
3135 379 3349 446 Petrus,
3381 382 3592 436 eamad

331 465 466 544 ἦγεν
494 473 585 526 ἐπὶ
613 473 674 526 τὺ
704 474 904 530 πλοῖον.
949 474 1090 545 Ἐγὼ
1114 476 1170 529 δὲ
1191 474 1313 528 ίδὼν
1345 477 1788 548 χειραγωγοῦντα
1813 491 1914 543 γυ-

333 565 515 627 ναῖκα,
552 563 801 632 ἐγέλασα.
850 567 962 620 Kal
1013 565 1344 638 προσελθὼν,
1391 568 1470 630 είς
1513 566 1682 638 τιμὴν
1727 564 1914 629 αὐτοῦ,

331 655 449 709 ἀντ’
480 654 644 708 αὑτοῦ
684 660 1045 729 χειραγωγεῖν
1071 658 1242 730 αὐτὴν
1281 655 1615 729 ἐπειρώμην.
1663 657 1774 710 Καὶ
1800 657 1917 729 ἅμα

331 747 409 817 τῷ
436 745 674 816 ἅψασθαί
711 765 778 819 με
812 749 914 819 τῆς
941 749 1123 822 χειρὸς
1149 748 1344 820 αὐτῆς,
1375 747 1672 812 ὀλολύξασα
1701 747 1777 812 ὡς
1817 750 1918 821 μή-

331 854 437 908 τηρ
468 838 630 909 μέγα,
667 840 761 893 καὶ
795 840 1230 912 περιπλακεῖσα,
1275 839 1478 911 σφόδρα
1526 838 1805 910 κατεφίλει
1849 857 1916 911 με

330 931 422 985 τὸν
450 931 622 1001 αὐτῆς
647 933 782 986 υἱόν.
825 931 964 1002 Ἐγὼ
988 931 1044 986 δὲ
1074 933 1136 986 τὸ
1161 934 1392 1005 πρᾶγμα
1422 933 1560 1003 ὅπερ
1589 927 1658 1003 ἦν
1687 930 1916 1001 ἀγνοῶν,

333 1025 407 1088 ὼς
458 1025 786 1098 μαινομένην
829 1027 1186 1098 ἀπεσειόμην.
1236 1025 1560 1098 Αίδούμενος
1593 1025 1650 1078 δὲ
1696 1025 1789 1078 καὶ
1827 1023 1919 1078 τὸν

335 1115 561 1186 Πέτρον,
595 1116 821 1193 πικρίας
849 1116 1220 1191 ὲπληρούμην.

401 1226 536 1282 XCI.
591 1227 650 1284 '0
679 1229 736 1282 δὲ
767 1228 1004 1302 Πέτρος,
1041 1229 1167 1294 Ἔα,
1195 1228 1438 1301 φησὶν,ὧ
1462 1230 1683 1303 Κλήμη.
1715 1229 1781 1283 Τί
1810 1230 1919 1300 γὰρ

335 1318 427 1371 καὶ
453 1321 644 1382 ποιεῖς,
661 1317 804 1379 οὕτω
832 1321 932 1392 τήν
958 1336 1019 1374 σε
1040 1320 1303 1377 τεκοῦσαν
1329 1320 1749 1392 ἁποσειόμενοςς
1779 1318 1920 1390 Ἐγὼ

331 1409 388 1462 δὲ
417 1408 574 1463 τοῦτο
595 1410 853 1477 ἀκούσας,
882 1412 1213 1484 περίδακρυς
1265 1411 1574 1484 γενόμενος,
1619 1413 1714 1467 καὶ
1750 1430 1918 1467 κατα-

333 1499 574 1573 πεσούσῃ
614 1503 680 1575 τῇ
731 1504 968 1576 τεκούσῃ
1016 1502 1362 1576 προσπεσὼν,
1417 1505 1758 1575 κατεφίλουν.
1807 1506 1920 1558 Καὶ

330 1590 439 1664 γὰρ
460 1591 576 1663 ἅμα
609 1591 688 1664 τῷ
722 1593 951 1666 ῥηθῆναί
983 1612 1072 1666 μοι
1103 1593 1281 1659 τοῦτο,
1312 1594 1572 1667 ἀμυδρῶς
1606 1614 1726 1660 πως
1759 1595 1822 1649 τὸ
1845 1593 1920 1650 εἴ-

2018 475 2293 546 navigium
2342 472 2523 528 duxit.
2550 471 2723 539 Quem
2762 488 2866 542 ego
2899 472 3090 530 videns
3131 489 3298 528 manu
3327 472 3595 529 deducere

2016 569 2324 635 mulierem,
2355 566 2450 621 risi
2481 584 2494 620 :
2523 574 2578 620 et
2601 566 2892 634 accedens,
2922 566 2978 620 in
3007 567 3272 622 honorem
3299 565 3466 632 illius,
3495 581 3594 636 pro

2019 661 2138 730 ipso
2162 674 2330 713 manu
2362 657 2563 712 ducere
2592 673 2714 712 eam
2742 656 2914 711 volui.
2949 655 3016 710 Et
3039 657 3202 712 simul
3235 665 3397 728 atque
3441 656 3593 727 tetigi

2019 766 2242 806 manum
2296 750 2507 820 ipsius,
2558 763 2758 819 magno
2811 755 3071 817 tanquam
3137 759 3309 805 mater
3355 749 3596 804 clamore

2017 845 2205 910 edito,
2261 857 2457 912 meque
2517 839 2836 911 complexa,
2885 840 3234 895 vehementer
3290 856 3375 895 me
3422 841 3592 894 filium

2019 952 2181 991 suum
2208 934 2522 990 deosculata
2547 941 2649 988 est.
2683 931 2794 1002 Ego
2823 941 3028 1001 autem,
3059 932 3314 1002 ignorans
3335 933 3593 1002 quidnam

2020 1028 2097 1082 rei
2125 1035 2293 1092 esset,
2325 1037 2586 1096 tanquam
2615 1025 2981 1081 insanientem
3016 1025 3378 1094 repellebam;
3408 1025 3598 1078 simul-

2019 1135 2127 1190 que
2159 1120 2431 1174 reveritus
2453 1117 2696 1183 Petrum,
2719 1118 2914 1188 plenus
2944 1134 3092 1172 eram
3121 1117 3503 1172 amaritudine.

2090 1228 2226 1284 XCI.
2270 1227 2409 1283 Tum
2433 1228 2662 1284 Petrus:
2696 1228 2846 1293 Siue,
2877 1228 3074 1299 inquit,
3103 1245 3136 1284 o
3159 1229 3433 1282 Clemens.
3455 1225 3596 1292 Quid

2019 1323 2167 1377 enim
2215 1323 2353 1393 agis,
2403 1322 2476 1376 ita
2526 1323 2793 1392 repellens
2841 1338 2961 1376 eam
3013 1338 3136 1392 quae
3186 1333 3237 1375 te
3270 1321 3509 1392 peperit?
3543 1319 3598 1374 Id

2021 1429 2147 1469 cum
2182 1429 2284 1485 ego
2327 1414 2630 1480 audissem,
2682 1414 2914 1468 multum
2965 1415 3297 1484 lacrymans,
3338 1422 3394 1467 et
3439 1413 3598 1467 matri

2021 1522 2143 1577 quae
2171 1523 2231 1562 se
2278 1506 2548 1576 dejecerat
2587 1506 2859 1573 accidens,
2893 1507 3205 1561 osculabar.
3236 1503 3370 1559 Nam
3414 1505 3599 1559 statim

2021 1615 2088 1654 ac
2111 1599 2162 1653 id
2189 1599 2319 1654 mihi
2355 1600 2560 1654 dictum
2589 1597 2712 1663 fuit,
2742 1598 3082 1655 subobscure
3105 1598 3340 1653 formam
3370 1598 3602 1668 genitri-

329 1680 416 1746 δος
457 1683 852 1757 ἀνεκαλούμην.
899 1686 1092 1741 Πολλοὶ
1138 1687 1236 1759 μὲν
1265 1684 1359 1742 οὖν
1406 1688 1551 1759 ὄχλοι
1600 1690 1917 1763 συνέτρεχον

2025 1689 2102 1744 cis
2149 1689 2476 1743 recolebam.
2520 1687 2715 1760 Magna
2777 1704 2906 1756 ergo
2975 1688 3259 1744 hominum
3310 1688 3602 1743 multitudo

335 1774 616 1848 ἱστορῆσαι
644 1777 704 1831 τὸ
749 1776 953 1851 θαῦμα,
984 1780 1079 1834 καὶ
1117 1781 1282 1834 πᾶσιν
1325 1781 1507 1844 αὐτοῖς
1535 1781 1623 1835 διὰ
1653 1759 1917 1855 στόματος

2021 1782 2304 1837 concurrit
2327 1782 2395 1836 ad
2426 1781 2719 1836 videndum
2753 1782 3116 1849 miraculum;
3144 1780 3321 1851 iisque
3346 1781 3602 1835 omnibus

331 1860 400 1933 ἦν
424 1905 438 1928 ,
473 1867 622 1932 ὅπως
648 1869 790 1942 ἀνὴρ
819 1869 993 1936 οὕτως
1023 1869 1319 1940 ἀξιόλογος,
1362 1873 1461 1945 τὴν
1499 1877 1780 1946 προσαῖτιν
1819 1892 1920 1944 γυ-

332 1959 514 2021 ναῖκα,
549 1959 762 2032 μητέρα
789 1963 982 2017 ἑαυτοῦ
1024 1963 1404 2037 ἀνεγνώρισεν.
1447 1966 1799 2038 Βουλομένοις
1825 1963 1918 2022 οὖν

330 2050 462 2123 ἡμῖν
510 2051 608 2106 σὺν
644 2057 710 2126 τῇ
757 2056 926 2128 μητρὶ
957 2055 1056 2127 τῆς
1099 2056 1263 2126 νήσου
1301 2055 1593 2122 ἐκϐαίνειν,
1623 2058 1657 2128 ή
1695 2058 1876 2129 μήτηρ
1900 2096 1916 2125 ,

324 2144 400 2202 Ὠ
427 2149 615 2203 τέκνον
651 2165 751 2219 μου
780 2147 1049 2216 ποθεινὸν,
1081 2144 1254 2215 εἶπεν,
1296 2147 1517 2217 εὔλογόν
1553 2149 1673 2202 ἐστι
1719 2149 1915 2203 συντά-

334 2242 524 2310 ξασθαι
553 2240 647 2295 καὶ
686 2242 752 2312 τῇ
783 2238 1156 2313 ὑποδεξαμένῃ
1185 2240 1228 2271 ⁸⁷
1271 2239 1510 2308 γυναικὶ,
1534 2239 1656 2310 ἥτις
1687 2239 1918 2311 πενιχρὰ

330 2331 594 2398 οὖσα,καὶ
609 2331 704 2403 ὅλη
727 2332 1052 2404 παρειμένη,
1069 2333 1160 2385 ἐπὶ
1179 2332 1276 2403 τῆς
1304 2332 1480 2395 οἰκίας
1510 2330 1784 2408 ἔρριπται.
1807 2333 1919 2388 Καὶ

329 2430 358 2484 ὁ
383 2427 587 2498 Πέτρος
613 2424 853 2489 ἀκούσας
885 2424 1183 2497 ἐθαύμασε,
1214 2425 1308 2478 καὶ
1330 2424 1377 2456 ⁵⁸
1422 2425 1621 2488 πάντες
1647 2425 1699 2477 οἱ
1737 2441 1918 2498 περιε-

333 2519 590 2592 στηκότες
627 2519 674 2552 ⁸⁸
715 2517 862 2588 ὄχλοι
903 2516 964 2571 τὺ
1002 2516 1104 2588 τῆς
1154 2517 1411 2585 γυναικὸς
1442 2514 1696 2586 φρόνημα
1721 2513 1919 2568 “.Kal

331 2609 532 2674 εὐθέως
562 2601 814 2665 ἐκέλευσέ
850 2625 961 2662 τισι
1002 2605 1354 2679 πορευθῆναι,
1405 2607 1499 2660 καὶ
1542 2606 1640 2677 τὴν
1683 2607 1919 2676 γυναῖκα

331 2705 423 2759 ἐπὶ
461 2702 650 2773 κλίνης
688 2699 943 2771 κομίσαι,
981 2692 1050 2772 ἦς
1089 2699 1408 2770 ὲναχθείσης
1431 2698 1499 2762 ⁶¹,
1549 2697 1770 2769 τεθῆναι
1819 2697 1918 2769 μὲν

331 2795 607 2850 ἐπιτάττει
650 2793 750 2866 τὴν
798 2792 984 2862 κλίνην
1005 2809 1018 2822 ο
1066 2790 1228 2854 αὐτὸς
1286 2790 1343 2844 δὲ
1390 2790 1493 2844 ὑπὸ
1533 2793 1653 2854 ταῖς
1700 2789 1917 2844 πάντων

329 2883 537 2948 ἀκοαῖς,
566 2883 630 2936 Ei
671 2881 926 2954 ἀληθείας
961 2879 1140 2953 κῆρυξ
1182 2879 1312 2949 ἐγὼ,
1344 2879 1470 2951 ἔφη,
1500 2879 1783 2952 ἐγερθήτω
1825 2880 1917 2948 ἐξ-

330 2975 501 3047 αυτῆς
530 2974 711 3047 ὑγιὴς,
754 2976 833 3036 εἰς
873 2973 972 3045 τὴν
1011 2972 1121 3026 τῶν
1168 2971 1534 3045 παρεστώτων
1577 2973 1782 3038 πίστιν,
1831 2973 1918 3027 ἵνα

329 3069 530 3139 γνῶσιν
556 3070 638 3122 ὅτι
682 3063 762 3132 εἷς
789 3067 903 3120 ἔστι
942 3067 1074 3131 Θεὸς
1118 3068 1146 3121 ὁ
1190 3066 1282 3120 τὸν
1325 3066 1527 3138 κόσμον
1566 3067 1817 3139 ποιήσας.
1859 3067 1917 3121 '0

335 3159 431 3232 μὲν
459 3154 552 3213 οὖν
588 3157 761 3212 ταῦτα
790 3154 910 3211 εἷπε
931 3175 944 3188 ο
971 3158 1067 3211 καὶ
1111 3159 1144 3229 ή
1172 3157 1309 3228 γυνὴ
1337 3155 1500 3220 εὐθὺς
1527 3157 1572 3188 ⁸¹
1602 3157 1761 3228 ὑγιής
1786 3157 1921 3212 ἀνα-

333 3251 504 3304 στᾶσα
528 3251 628 3320 τῆς
655 3248 861 3320 κλίνης,
895 3249 972 3320 τῷ
1006 3248 1198 3321 Πέτρῳ
1243 3248 1616 3319 προσέπεσενο
1665 3245 1782 3302 εἶτα
1822 3249 1917 3304 καὶ

330 3339 428 3412 τὴν
469 3338 677 3411 συνήθη
704 3341 796 3392 καὶ
822 3338 981 3408 φίλην
1010 3337 1451 3409 καταφιλήσασα,
1494 3337 1822 3394 ἐπυνθάνετο
1861 3337 1915 3392 τί

333 3431 420 3502 εἴη
445 3429 626 3485 τοῦτο.
679 3430 743 3484 Ἦ
772 3431 828 3484 δὲ
852 3429 970 3484 ὅλον
999 3431 1136 3502 αὐτῇ
1168 3429 1228 3484 τὸ
1272 3431 1505 3503 πρᾶγμα
1541 3429 1636 3484 τοῦ
1669 3432 1915 3501 ἀναγνω-

333 3519 529 3594 ρισμοῦ
557 3519 872 3592 διηγήσατο,
900 3521 994 3573 καὶ
1030 3520 1080 3573 οἱ
1107 3518 1439 3583 ἀκούσαντες
1467 3520 1911 3592 κατεπλάγησαν.

329 3595 466 3664 τότε
518 3612 552 3682 ή
603 3613 786 3683 μήτηρ
827 3612 927 3675 τὴν
973 3611 1245 3682 ξενοδὸχον
1293 3611 1534 3667 ίαθεῖσαν
1596 3611 1925 3684 παραδόξως,

335 3703 540 3768 ἰδοῦσα,
589 3704 885 3776 παρεκάλει
931 3704 1025 3760 καὶ
1079 3704 1218 3776 αὐτὴ
1273 3704 1568 3779 θεραπείας
1609 3707 1813 3776 τυχεῖν.
1857 3705 1914 3758 '0

330 3794 540 3866 Πέτρος
578 3792 636 3847 δὲ
677 3795 776 3867 τὴν
821 3797 994 3880 χεῖρα.
1021 3793 1251 3858 ἐπιθεὶς,
1291 3795 1384 3848 καὶ.
1409 3793 1576 3867 αὐτὴν
1615 3793 1918 3866 ἐθεράπευ-

331 3905 445 3942 σεν.

403 3999 566 4056 XCII.
606 3998 720 4056 Εἶθ’
749 4000 922 4066 οὓτως
972 4000 1101 4073 περὶ
1139 4000 1420 4066 εὐσεϐείας
1461 4001 1780 4074 διαλεχθεὶς,
1821 4002 1916 4059 ἐπὶ

329 4093 409 4166 τῷ
438 4093 583 4148 τέλει
609 4094 664 4147 δὲ
688 4095 784 4148 καὶ
826 4093 1099 4167 προσθείς·
1145 4094 1235 4158 Ὠς
1261 4094 1313 4148 εῐ
1350 4111 1434 4158 τις
1467 4092 1714 4164 βούλεται
1743 4092 1916 4147 ταῦτα

334 4187 524 4260 μαθεῖν
576 4185 851 4258 ἀκριϐῶς,
902 4188 982 4250 είς
1018 4186 1346 4257 Ἀντιόχειαν
1386 4186 1731 4257 ἀφικόμενος,
1778 4185 1914 4239 ὅπου

331 4278 554 4342 πλείους
581 4278 792 4350 ἡμέρας
815 4277 1005 4350 ἔκρινα
1030 4278 1366 4352 παραμένειν
1390 4277 1456 4343 ⁸⁸,
1485 4281 1602 4335 ἐκεῖ
1625 4277 1798 4332 ταῦτα
1821 4277 1916 4332 καὶ

335 4370 671 4441 μανθανέτω.
717 4372 782 4425 El
827 4371 935 4443 γὰρ
978 4371 1247 4444 ἐμπορίας
1293 4371 1478 4424 ἕνεκεν
1523 4369 1557 4442 ἢ
1606 4369 1911 4441 στρατείας,

2021 1873 2075 1928 in
2103 1889 2198 1930 ore
2224 1883 2362 1942 erat,
2387 1889 2498 1945 quo
2529 1875 2692 1929 modo
2718 1875 2857 1930 adeo
2892 1875 3264 1932 memorabilis
3297 1875 3376 1929 vir
3402 1873 3601 1928 mulie-

2020 1983 2134 2022 rem
2165 1968 2475 2023 mcndicam
2500 1981 2658 2022 suam
2689 1975 2919 2022 matrem
2960 1965 3392 2038 recognovisset.
3431 1964 3600 2020 Porro

2018 2057 2365 2127 cupientibus
2397 2057 2556 2113 nobis
2583 2073 2652 2112 ex
2683 2057 2862 2113 insula
2894 2074 3019 2114 cum
3052 2067 3226 2112 matre
3267 2057 3441 2124 exire,
3464 2056 3601 2113 dixit

2019 2157 2195 2204 mater
2230 2169 2242 2203 :
2278 2149 2381 2204 Fili
2425 2150 2501 2205 mi
2543 2151 2917 2221 optatissime,
2948 2166 3164 2220 aequum
3211 2158 3333 2216 est,
3373 2157 3433 2204 ut
3482 2149 3601 2202 vale

2018 2241 2198 2297 dicam
2226 2243 2440 2299 mulieri
2469 2259 2592 2314 quae
2613 2255 2698 2298 me
2739 2243 2999 2312 suscepit,
3029 2257 3260 2312 quaeque
3295 2255 3500 2310 panper
3546 2253 3601 2294 et

2019 2342 2136 2390 tota
2164 2335 2488 2406 paralytica,
2518 2335 2669 2390 domi
2707 2335 2874 2405 jacet.
2912 2334 3066 2400 Quod
3104 2334 3332 2388 audiens
3383 2332 3598 2398 ﬂatu-us,

2019 2441 2147 2481 cum
2172 2427 2377 2498 ingenti
2402 2442 2524 2497 qua:
2559 2425 2748 2482 aderat
2779 2425 3146 2490 multitudine,
3176 2424 3481 2477 admiratus
3518 2431 3603 2476 est

2019 2519 2268 2576 mulieris
2291 2519 2672 2590 prudentiam;
2700 2518 3000 2587 statimque
3021 2517 3300 2570 nonnullis
3324 2515 3599 2584 praecepit,

2020 2621 2082 2668 ut
2113 2612 2278 2676 irent,
2313 2620 2369 2666 et
2393 2610 2679 2669 mulierem
2715 2610 2782 2676 in
2815 2608 3014 2664 lectulo
3049 2617 3350 2678 portarent.
3379 2604 3499 2670 Qua
3525 2604 3599 2658 il—

2021 2705 2161 2772 lata,
2217 2703 2388 2775 jussit
2428 2702 2658 2773 quidem
2678 2701 2805 2771 poni
2837 2701 3075 2766 lectum;
3117 2698 3234 2768 ipse
3277 2711 3405 2751 vcro
3458 2711 3598 2750 cun-

2021 2797 2127 2852 ctis
2157 2795 2548 2850 audientibus:
2581 2791 2662 2860 Si,
2712 2792 2913 2862 inquit,
2948 2789 3197 2846 veritatis
3233 2803 3353 2844 sum
3396 2802 3598 2858 praeco,

2022 2895 2213 2960 surgat
2240 2887 2504 2942 continuo
2536 2899 2704 2950 sana,
2728 2883 2796 2941 ad
2822 2881 2981 2936 fidem
3023 2895 3214 2939 eorum
3251 2878 3345 2951 qui
3396 2888 3596 2944 astant,

2025 2989 2084 3034 ut
2121 2987 2463 3050 cognoscant
2491 2991 2662 3032 unum
2709 2990 2834 3030 esse
2883 2972 3052 3029 Deum
3093 2972 3342 3043 opilicem
3386 2969 3599 3026 mundi.

2023 3069 2202 3141 Atque
2233 3072 2350 3125 hazc
2373 3068 2596 3140 quidem
2640 3068 2729 3122 ille
2757 3065 2918 3135 dixit,
2961 3065 3361 3136 confestimque
3403 3065 3601 3118 mulier

2020 3177 2086 3217 ex
2115 3163 2257 3217 lecto
2282 3161 2523 3217 surrexit
2549 3175 2707 3228 sana,
2730 3172 2786 3215 et
2832 3157 3070 3230 procidit
3113 3159 3179 3212 ad
3225 3158 3388 3227 pedes
3429 3155 3596 3223 Petri,

2019 3270 2084 3309 ac
2112 3262 2300 3324 postea
2329 3251 2657 3307 familiarem
2685 3259 2740 3306 et
2766 3250 3001 3306 amicam
3029 3249 3369 3314 deosculata,
3408 3249 3597 3304 scisci-

2019 3346 2235 3401 tabatur
2259 3344 2522 3416 quidnam
2551 3345 2654 3399 hoc
2681 3353 2847 3400 esset.
2875 3343 2971 3399 Illa
2998 3359 3129 3399 vero
3157 3351 3328 3397 totum
3359 3341 3410 3396 ei
3438 3358 3599 3412 nego-

2021 3439 2157 3491 tium
2207 3436 2596 3506 recognitionis
2624 3435 2910 3506 eXposuit;
2955 3444 3009 3490 et
3042 3435 3226 3489 cuncti
3269 3434 3364 3504 qui
3404 3435 3598 3489 audie-

2019 3538 2149 3583 runt
2179 3525 2541 3599 obstupefacti
2569 3535 2718 3583 sunt.
2744 3525 2901 3582 Tunc
2932 3538 3128 3589 mater,
3166 3526 3434 3595 hospitem
3487 3525 3594 3579 mi-

2018 3622 2264 3677 rabiliter
2287 3629 2535 3677 sanatam
2561 3619 3062 3690 cernens,rogavit,
3093 3619 3208 3688 ipsa
3240 3631 3459 3687 quoque
3484 3632 3598 3670 me-
3673 3609 3676 3612 ’

2017 3716 2194 3772 delam
2227 3714 2517 3784 acciperet.
2547 3714 2739 3772 Petrus
2775 3721 2984 3779 autem,
3011 3728 3173 3771 manu
3199 3711 3480 3782 imposita,
3515 3709 3596 3780 ip-

2019 3822 2139 3866 sam
2163 3806 2328 3886 etiam
2354 3807 2594 3863 curavit.

2090 3987 2258 4050 XCII.
2289 3986 2356 4042 Et
2396 3995 2588 4058 postea
2636 3986 2705 4042 de
2757 3987 2956 4057 pietate
3004 3985 3286 4053 disseruit,
3331 3995 3495 4056 aque
3540 3985 3594 4040 in

2017 4087 2125 4140 ﬁne
2155 4081 2364 4138 addidit
2398 4098 2411 4136 :
2446 4078 2505 4134 Si
2532 4078 2656 4150 quis
2697 4080 2812 4134 haec
2844 4081 2958 4134 vult
2983 4079 3270 4149 diligenter
3297 4092 3600 4150 cognosce~

2017 4194 2096 4243 re,
2121 4175 2470 4232 Antiochiam
2497 4173 2703 4238 veniat,
2730 4173 2822 4228 ubi
2853 4173 3168 4243 complures
3213 4173 3333 4227 dies
3375 4187 3595 4226 manere

2018 4270 2209 4337 statui,
2239 4277 2295 4325 et
2326 4267 2400 4322 ibi
2424 4267 2601 4326 discat
2643 4281 2728 4321 ea.
2761 4263 2818 4319 Si
2841 4266 2984 4319 enim
3016 4264 3402 4336 negotiationis
3429 4279 3595 4319 causa

2021 4364 2102 4418 vel
2132 4361 2369 4428 militiae,
2384 4359 2698 4429 relinquere
2723 4357 2932 4413 domos—
2965 4358 3178 4424 soletis,
3199 4367 3252 4412 et
3289 4356 3358 4411 ad
3400 4356 3595 4427 longos

329 4461 510 4526 οἰκίας
525 4461 573 4493 ⁸⁸
589 4462 1022 4533 καταλιμπάνειν
1046 4461 1242 4525 οἴδατε,
1272 4460 1367 4518 καὶ
1396 4461 1474 4524 είς
1493 4460 1740 4532 μακροὺς
1767 4460 1917 4514 ἀπεῖ-

2019 4456 2235 4517 labores
2261 4451 2569 4525 proficisci,
2605 4465 2674 4506 an
2719 4464 2831 4504 non
2873 4459 3090 4505 aeterna:
3132 4451 3257 4506 vita:
3286 4450 3482 4521 gratia,
3514 4448 3596 4502 vel

331 4572 422 4608 ναι
480 4555 678 4618 πόνους
702 4555 768 4620 ⁸⁸,
808 4553 1033 4618 αίωνίας
1071 4554 1128 4607 δὲ
1174 4553 1335 4626 χάριν
1375 4549 1544 4624 ζωῆς,
1594 4551 1715 4607 οὐδὲ
1753 4551 1922 4623 τριῶν

330 4648 554 4720 ἡμερῶν
579 4648 697 4702 ὁδὸν
718 4647 960 4719 οἴχεσθαι
985 4642 1403 4719 προθυμήσεσθε
1429 4644 1494 4711 66;
1523 4642 1709 4707 Οὕτως
1730 4641 1918 4708 εἰπὼν,

329 4741 446 4794 τῶν
468 4739 646 4809 λόγων
679 4739 1007 4797 κατέπαυσε.
1037 4735 1192 4792 Μετὰ
1228 4735 1288 4793 δὲ
1329 4734 1503 4788 ταῦτα
1530 4732 1639 4804 ἐγῶ
1663 4736 1729 4806 τῇ
1761 4735 1918 4803 ὑγια-

333 4832 528 4905 σθείσῃ
551 4833 772 4901 γυναικὶ
795 4832 888 4886 ἐπὶ
912 4830 1114 4894 παντὸς
1149 4827 1242 4881 τοῦ
1274 4828 1430 4898 ὄχλου
1458 4827 1635 4898 χιλίας
1672 4825 1920 4898 δραχμὰς

331 4925 412 4987 εἰς
437 4924 646 4996 τροφὰς
673 4923 1055 4994 δωρησάμενος
1073 4962 1087 4985 ,
1118 4917 1237 4974 εἶτα
1279 4920 1373 4976 καὶ
1415 4918 1794 4991 παραθέμενος
1821 4916 1919 4970 αὐ-

328 5015 431 5086 τὴν
456 5013 650 5084 ἀγαθῷ
675 5015 783 5067 τινὶ
814 5013 969 5084 ἀνδρὶ
995 5010 1196 5084 πρώτῳ
1217 5010 1319 5081 τῆς
1349 5010 1556 5074 πόλεως
1592 5009 1726 5076 ὄντι,
1760 5009 1918 5078 φύσει

335 5106 474 5178 μετὰ
497 5107 672 5178 χαρᾶς
691 5105 847 5158 τοῦτο
864 5105 906 5137 ⁸⁷
933 5106 1192 5176 πράττειν
1220 5102 1590 5174 προῃρημένῳ
1609 5119 1622 5134 ·
1655 5101 1737 5161 ἔτι
1751 5102 1808 5163 δὲ
1826 5103 1921 5156 καὶ

329 5199 520 5262 ἄλλαις
570 5198 792 5262 πολλαῖς
836 5198 1075 5270 ἀργύρια
1129 5197 1410 5268 διανείμας
1445 5198 1584 5260 ,ταῖς
1645 5212 1777 5255 ποτε
1819 5195 1920 5267 τὴν

334 5293 549 5364 μητέρα
573 5289 1167 5363 παραμυθησαμέναις’
1193 5289 1589 5362 εὐχαριστήσας
1611 5287 1696 5359 τῷ,
1711 5285 1919 5359 Κυρίῳ,

2023 4550 2186 4608 trium
2217 4548 2430 4603 dierum
2461 4546 2566 4602 iter
2588 4543 2811 4615 aggredi
2833 4542 2888 4598 in
2917 4543 3164 4597 animum
3195 4542 3495 4597 inducetis?
3519 4540 3596 4595 lla

2020 4642 2273 4708 loeutus,
2316 4639 2558 4694 sermoni
2609 4637 2785 4694 finem.
2825 4634 3106 4706 imposuit.
3155 4633 3360 4689 Deinde
3413 4644 3594 4688 autem

2019 4742 2142 4797 ego,
2188 4739 2476 4798 postquam
2525 4723 2746 4780 mulieri
2767 4739 2893 4794 qua:
2934 4732 3122 4779 curata
3169 4722 3365 4790 fuerat,
3411 4739 3594 4778 coram

2018 4821 2168 4876 omni
2191 4821 2413 4891 populo,
2442 4820 2590 4875 mille
2617 4819 2910 4875 drachmas
2936 4817 3004 4873 ad
3027 4817 3229 4871 victum
3250 4816 3408 4883 dedi;
3438 4816 3598 4872 insu-

2018 4929 2223 4984 perque
2263 4913 2408 4968 bono
2457 4913 2674 4968 cuidam
2715 4911 2856 4974 viro,
2890 4909 3130 4964 civitatis
3179 4909 3464 4979 primario,
3498 4909 3595 4980 qui

2018 5014 2213 5074 sponte
2254 5004 2305 5057 id
2351 5018 2487 5058 cum.
2526 5001 2725 5073 gaudio
2764 5001 2942 5058 facere
2971 5003 3278 5072 proposuit,
3309 5017 3618 5071 commen-;

2017 5098 2142 5154 davi
2166 5113 2287 5153 eam
2317 5115 2332 5150 :
2359 5106 2413 5151 et
2441 5106 2714 5167 praeterea.
2735 5097 2860 5151 aliis
2886 5096 3048 5152 etiam
3086 5096 3295 5160 multis,
3327 5113 3450 5165 quae
3479 5091 3606 5150 ma?

2020 5193 2086 5247 tri
2113 5190 2391 5262 quondam
2435 5189 2692 5245 solatium
2741 5190 3103 5259 praebuerant,
3151 5188 3436 5258 pecuniam
3479 5189 3592 5244 dis-

2021 5283 2186 5338 tribui
2219 5301 2232 5337 :
2267 5281 2457 5352 gratiis
2494 5280 2607 5336 Deo
2652 5281 2810 5347 actis,
2839 5279 3198 5344 Antaradum,
3225 5295 3352 5334 cum
3400 5291 3591 5344 matre,

1609 5451 1844 5508 νΑῐὶΙκΕ
1873 5447 2271 5506 LECTIONES.

416 5551 460 5582 ⁸⁷
500 5551 571 5604 al.
625 5551 794 5607 inser.

1020 5554 1064 5585 ⁵⁸
1093 5555 1162 5608 al.
1205 5553 1337 5608 ἀλλὰ
1362 5556 1474 5608 καί.
1570 5554 1616 5585 ⁸³
1633 5552 1705 5606 al.
1746 5548 2125 5621 περιεστῶτες.

2238 5547 2282 5578 ⁶⁰
2323 5547 2392 5599 al.
2436 5542 2638 5612 ἀγαθὸν
2671 5541 2944 5612 φρόνημα.
3065 5541 3106 5572 ⁸⁸
3149 5541 3220 5595 al.
3263 5541 3347 5593 ὲνε
3388 5540 3592 5608 θείσης.

2238 5634 2387 5664 παυς.
2457 5616 2502 5646 ⁸⁸
2530 5615 2600 5664 al.
2645 5610 3129 5664 ποοθυιιηθήσεσθε
3158 5621 3212 5664 et
3237 5557 3592 5664 ποοθίυμηῡὴ-

332 5622 382 5654 υ
416 5568 456 5582 ’⁸
500 5568 585 5633 al.-
625 5568 794 5607 uiser.
1020 5568 1064 5585 ’θ
1093 5568 1162 5608 at.
1205 5568 1337 5608 αλλα
1362 5568 1474 5608 και.
1570 5568 1616 5585 ”
1633 5568 1705 5606 al.
1746 5568 2125 5621 περιεστωτες.
2239 5568 2281 5578 "'
2323 5568 2392 5599 at.
2436 5568 2638 5612 αγαυυν
2671 5568 2944 5612 φρυνημυι.
3052 5568 3106 5616 ς’
3149 5568 3220 5595 at.
3263 5568 3592 5664 =v;6uct.utiso

397 5621 548 5696 deest
572 5623 756 5696 tngal._
805 5621 826 5651 ⁸
889 5623 956 5696 al.
1002 5625 1333 5696 περιμένειν.
1413 5625 1458 5657 ⁵⁵
1497 5624 1566 5680 al.
1610 5621 1894 5694 πατρίδας.
1975 5620 2020 5652 ⁸⁸
2061 5618 2130 5672 al.
2171 5617 2387 5680 τύπους.
2457 5616 2502 5691 έθ
2530 5615 2600 5668 al.
2645 5610 3129 5684 προθυμηθήσεσθε
3158 5621 3212 5668 et
3237 5629 3352 5685 προ,
3381 5609 3595 5688 υμηῡή-

334 5690 542 5745 orabat.
625 5693 667 5726 ‘7
708 5692 781 5747 al.
825 5693 1016 5758 τούτῳ.
