4048 6146
454 183 558 241 555

1262 181 1320 238 S.
1361 177 1755 236 CLEMENTIS
1803 176 1821 230 l
1865 175 2032 231 ROM.
2073 174 2274 228 PONT.
2319 173 2553 230 OPERA
2591 173 2822 233 DUBIA.

3585 169 3701 224 536

453 304 548 358 Ριιι
580 318 634 362 o,
664 302 986 370 materiaque
1015 298 1294 356 sodalibus
1320 297 1634 366 enavigavi;
1661 305 1823 364 atque
1852 294 1924 352 ita
1954 293 2018 346 ad
2049 322 2061 350 λ

2127 291 2412 344 διέπλευσα
2443 291 2524 354 εἰς
2564 289 2886 358 Ἀντὰραδον
2914 289 3028 359 ἅμα
3067 289 3134 358 τῇ
3173 285 3340 357 μητρὶ
3375 283 3469 344 καὶ
3505 282 3702 368 Πέτρῳ

453 394 750 464 hospitium
776 391 1166 466 processimus.

525 549 706 606 XCIII.
750 550 796 583 ⁸⁸
820 550 956 606 Cum
981 560 1158 606 autem
1193 565 1299 604 una
1331 563 1578 604 essemus
1603 556 1656 601 et
1698 546 2026 617 sumpsisse-

459 659 581 698 mus
612 644 792 697 cibum
818 684 833 708 ,
883 650 1222 711 restaretque
1271 640 1450 696 adhuc
1493 639 1696 710 aliquid
1738 638 2023 708 temporis,

457 749 556 804 ego
578 735 687 788 dixi
712 733 891 789 Petro:
922 731 1286 788 Humanitatis
1321 748 1478 802 opus,
1506 732 1725 787 domine
1744 731 1814 785 mi
1844 729 2024 794 Petre,

459 826 701 883 exercuit
731 835 903 880 mater
935 841 1077 892 mea,
1111 820 1254 895 qua!
1279 825 1506 894 hospitae
1546 823 1792 881 mulieris
1838 837 2025 877 recor-

462 918 585 972 data
625 917 805 972 fuerit.
860 915 1160 986 Respondit
1208 916 1400 972 Petrus
1432 935 1444 974 :
1480 915 1658 981 Itane,
1690 929 1723 970 ο
1751 914 2024 978 Clemens,

462 1025 589 1063 vere
618 1009 920 1074 existimas,
947 1008 1300 1064 humanitatis
1327 1007 1682 1078 opusIactum
1711 1022 1741 1067 ιι
1768 1003 2028 1076 genitrice

463 1109 577 1164 tua,
610 1099 828 1169 quando
868 1101 918 1155 ei
964 1116 1086 1170 qua:
1127 1100 1299 1170 ipsam
1339 1118 1402 1156 ex
1437 1100 1720 1171 naufragio
1752 1105 2029 1168 receperat

463 1191 666 1262 gratias
719 1191 936 1258 retulit;
988 1208 1055 1247 an
1110 1200 1168 1249 ut
1219 1192 1378 1246 matri
1449 1192 1877 1264 gratiﬁear-cris,
1922 1192 2029 1246 hoc

461 1283 684 1338 dixisti?
717 1283 773 1338 Si
817 1285 962 1338 enim
1006 1299 1113 1338 non
1156 1293 1216 1339 ut
1263 1300 1376 1339 rem
1419 1295 1627 1355 gratam
1670 1284 1903 1350 Iacercs,
1933 1283 2028 1339 sed

463 1385 523 1430 nt
543 1375 823 1431 veritatem
846 1378 1145 1448 loquereris
1162 1376 1357 1434 allatus
1375 1393 1464 1443 es,
1491 1377 1688 1434 videris
1714 1377 1849 1431 mihi
1869 1377 2027 1446 igno-

463 1483 586 1522 rare
618 1484 865 1538 quaenam
899 1470 971 1525 sit
1021 1469 1338 1540 magnitudo
1383 1469 1758 1534 humanitatis,
1785 1485 1907 1540 qua:
1944 1475 2030 1523 est

464 1577 620 1615 amor
653 1562 704 1619 in
735 1563 1052 1631 quemlibet,
1082 1569 1353 1632 quatenus
1389 1562 1687 1627 hominem,
1731 1571 1788 1616 et
1821 1561 2029 1630 absque

466 1653 576 1707 ullo
607 1653 840 1707 naturali
872 1653 1084 1708 aﬂ'eetu.
1114 1652 1218 1708 Sed
1264 1669 1361 1708 nec
1400 1653 1600 1722 hospes
1633 1668 1756 1722 quae
1799 1661 2030 1706 matrem

462 1754 611 1798 tuam
648 1761 716 1799 ex
753 1745 1036 1815 naufragio
1059 1745 1318 1814 suscepit,
1349 1746 1586 1800 humana
1617 1759 1647 1798 a
1684 1759 1769 1798 me
1796 1743 2027 1802 dicetur.

464 1835 832 1892 Misericordia
860 1837 1004 1891 enim
1032 1851 1370 1907 compressa,
1409 1837 1642 1905 impulsa
1670 1836 1849 1892 estad
1893 1837 2034 1892 bene

463 1928 769 1983 faciendum
805 1930 1015 1986 mulieri
1035 1929 1379 2001 naufragium
1403 1947 1593 1999 passm,
1619 1938 1777 1986 natos
1803 1927 2029 1999 lugenti,

465 2021 781 2090 peregrinae,
805 2021 986 2088 nuda},
1018 2023 1308 2091 destitutae,
1333 2023 1674 2096 multumque
1696 2024 2032 2086 calamitates

465 2128 594 2168 snas
622 2113 960 2175 lamentanti,
992 2113 1048 2168 In
1083 2116 1248 2172 tantis
1273 2132 1406 2187 ergo
1446 2117 1868 2175 adversitatibus
1909 2132 2032 2173 ver,

464 2214 694 2268 santem,
723 2207 850 2276 quis
872 2207 1085 2270 videns,
1115 2225 1247 2276 non,
1277 2209 1441 2265 etiam
1468 2224 1536 2265 ex
1564 2210 1768 2281 impiis,
1800 2211 2033 2266 misera-

465 2307 552 2353 tus
595 2295 825 2357 fuisset?
864 2298 1050 2367 Quare
1087 2317 1432 2372 nequaquam
1473 2303 1829 2358 humanitatis
1867 2317 2029 2373 opus.

464 2407 564 2446 nec
609 2395 806 2452 mulier
849 2395 1063 2465 hospita
1115 2411 1242 2466 erga
1296 2411 1416 2452 eam
1460 2397 1737 2468 peregisse
1785 2393 2027 2463 videtur;

2125 383 2218 435 καὶ
2249 387 2363 446 τοῖς
2391 384 2595 446 λοιποῖς
2619 383 2854 453 ἑταίροις
2872 399 2887 414 ·
2917 381 3013 434 καὶ
3050 378 3222 442 οὕτως
3249 377 3328 440 εἰς
3372 373 3548 441 ξενίαν
3585 373 3703 443 ὡρ-

2128 491 2400 544 μησαμεν.

2195 563 2376 623 ΧΟΙΙΙ.
2417 563 2732 636 Γενομένων.
2760 562 2831 618 δέ·
2858 561 3015 635 ήμῶν
3059 560 3152 614 ἐπὶ
3176 561 3237 614 τὺ
3271 558 3421 623 αὐτὸ,
3452 558 3546 612 καὶ
3568 573 3700 628 τρο-

2125 657 2234 728 φῆς
2279 657 2706 728 μεταλαϐόντων,
2743 655 3060 727 τεινομένης
3097 653 3177 713 ἐτι
3219 653 3318 724 τῆς
3352 650 3519 722 ὥρας,
3563 646 3705 716 εφπςν

2125 748 2236 818 ἐγὼ
2260 749 2338 821 τῷ
2362 749 2552 822 Πέτρῳ
2570 767 2582 780 ·
2612 748 3021 821 Φιλανθρωπίας
3045 747 3224 819 ἔργον,
3254 743 3409 816 κύριέ
3452 760 3553 814 μου
3597 741 3707 794 Πέ-

2124 859 2242 914 τρε,
2269 844 2302 914 ή
2329 841 2436 913 ἐμή
2477 840 2741 912 πεποίηκε
2768 842 2969 912 μήτηρ,
2996 839 3098 908 τῆς
3135 837 3409 906 ξενοδόχου
3449 835 3706 905 ὑπομνη-

2128 933 2316 987 σθεῖσα
2364 933 2640 1003 γυναικός.
2677 933 2786 986 Καὶ
2835 933 2864 986 6
2909 929 3114 1002 Πέτρος
3163 927 3527 999 ἀπεκρίνατο·
3555 921 3709 994 Ἀρά

2127 1040 2212 1092 γε,
2242 1016 2287 1076 ὧ
2324 1023 2543 1094 Κλήμη,
2577 1022 2791 1092 ἀληθῶς
2839 1021 3126 1091 νενόμικας
3169 1015 3573 1088 φιλανθρωπίας
3611 1014 3709 1085 έρ-

2126 1131 2223 1183 γον
2255 1115 2610 1183 πεποιηκέναι
2641 1113 2740 1183 τήν
2774 1129 2833 1165 σε
2876 1108 3159 1174 τεκοῦσαν,
3194 1108 3316 1163 καθ’
3343 1108 3371 1161 ὃ
3397 1108 3442 1138 ⁶⁹
3470 1107 3566 1179 τὴν
3601 1105 3712 1159 ὑπὸ

2127 1205 2384 1276 ναυαγίου
2418 1205 2586 1278 αὐτὴν
2621 1203 3022 1275 ὑποδεξαμένην
3059 1200 3358 1273 ἠμείψατο·
3407 1199 3440 1270 ἢ
3476 1199 3551 1262 ὡς
3598 1213 3711 1268 μη-

2125 1297 2216 1370 τρὶ
2242 1297 2594 1369 χαριζόμενος
2619 1295 2779 1348 τοῦτο
2808 1295 3034 1366 εἴρηκας
3062 1310 3077 1361 ;
3117 1294 3180 1346 EI
3213 1292 3270 1344 δέ
3307 1292 3382 1364 μὴ
3416 1289 3716 1362 χαριζόμε-

2127 1407 2236 1458 νος,
2269 1390 2384 1444 ἀλλ’
2415 1390 2491 1453 ὡς
2531 1387 2808 1460 ἀληθεύων
2859 1387 3015 1458 ἔφης,
3063 1384 3244 1448 ἔοικάς
3285 1400 3375 1454 μοι
3413 1383 3626 1451 ἀγνοεῖν
3655 1379 3712 1432 τί

2130 1482 2256 1537 ποτέ
2299 1483 2414 1536 ἐστι
2460 1480 2863 1552 φιλανθρωπίας
2915 1477 3160 1551 μέγεθος,
3215 1475 3358 1547 ἥτις
3398 1475 3548 1527 ἐστὶν
3577 1473 3712 1526 ἄνευ

2129 1571 2224 1627 τοῦ
2251 1572 2495 1642 φυσικῶς
2526 1571 2803 1632 πείθοντος
2841 1570 2874 1640 ή
2921 1568 3058 1639 πρὸς
3079 1561 3191 1621 οἷον
3220 1565 3282 1636 δή
3315 1581 3445 1617 ποτε
3481 1561 3710 1633 στοργὴ,

2059 1628 2104 1684 Β
2133 1628 2310 1722 καθ’,ὃ
2333 1628 2617 1733 ἄνθρωπός
2647 1628 2812 1718 ἐστιν.
2844 1628 2982 1712 ’ζιιλλζ
3004 1628 3124 1710 se.
3155 1658 3188 1727 ή
3223 1628 3504 1725 ξενοδόχος
3535 1628 3712 1725 ne

2132 1756 2388 1828 ναυαγίου
2421 1756 2518 1826 τὴν
2561 1755 2610 1787 ⁷⁸
2638 1752 2902 1807 τεκοῦσαν
2945 1747 3353 1820 ὑποδεξαμένη,
3400 1745 3711 1818 φιλάνθρω-

2131 1865 2232 1911 πος
2261 1847 2327 1901 ἂν
2353 1847 2397 1879 ’⁸
2431 1848 2563 1918 παρ’
2595 1845 2719 1916 ἐμοὶ
2750 1846 2794 1877 τ’
2823 1842 3052 1911 λέγοιτο.
3096 1839 3232 1893 Ὑπὸ
3261 1839 3369 1910 γὰρ
3406 1837 3588 1899 ἐλέους
3612 1853 3709 1889 κο-

2131 1936 2389 1991 λασθεῖσα
2417 1935 2709 1989 ἐπέπειστο
2739 1934 2786 1966 ⁷³
2824 1931 3073 2004 γενέσθαι
3107 1929 3364 2000 γυναικὸς
3410 1926 3708 2000 εὐεργέτις,

2130 2028 2372 2100 ναυαγίῳ
2402 2025 2823 2099 περιπεσούσης,
2851 2025 3016 2079 τέκνα
3049 2021 3367 2092 πενθούσης,
3408 2019 3586 2088 ξένης,
3613 2033 3713 2084 γυ-

2135 2121 2293 2192 μνῆς,
2331 2118 2742 2192 μεμονωμένης,
2778 2118 2870 2171 καὶ
2900 2115 3101 2188 σφόδρα
3138 2115 3228 2168 ἐπὶ
3256 2114 3373 2176 ταῖς
3405 2111 3712 2182 συμφοραῖς

2131 2208 2552 2282 ὀλοφυρομένης.
2597 2208 2684 2262 Ἑν
2726 2205 3016 2269 τοσαύταις
3058 2200 3151 2258 οῦν
3195 2201 3362 2274 αὐτὴν
3405 2202 3712 2271 συμφοραῖς

2131 2304 2295 2362 οὖσαν
2321 2305 2405 2368 τίς
2434 2305 2533 2358 οὐκ
2567 2303 2632 2358 ἂν
2665 2301 2784 2357 ἰδὼν
2819 2301 3057 2373 ἐλεήσειε
3093 2299 3142 2332 ⁷⁸
3169 2297 3261 2350 καὶ
3304 2295 3412 2349 τῶν
3455 2291 3709 2359 ἀσεϐὦν;

2136 2399 2297 2454 Ὥστε
2337 2395 2488 2450 οὔπω
2538 2392 2947 2466 φιλανθρωπίας
2987 2391 3146 2464 ἔργον
3207 2387 3328 2441 οὐδὲ
3367 2389 3400 2458 ή
3441 2383 3712 2454 ξενοδόχος

464 2483 559 2540 sed
581 2486 648 2545 ad
674 2487 995 2543 beneﬁcium
1031 2499 1173 2544 mota
1204 2489 1372 2544 fuisse
1407 2489 1779 2546 misericordia
1816 2505 1880 2543 ex
1910 2491 2033 2559 plu..-

2131 2487 2268 2559 γυνὴ
2298 2487 2631 2556 πεποιηκυῖα
2658 2485 2794 2556 πρὸς
2820 2483 2992 2554 αὐτὴν
3019 2481 3286 2562 φαίνεται,
3330 2478 3443 2532 ἀλλ’
3471 2473 3577 2530 ὑπὸ
3615 2471 3712 2526 τοῦ

466 2578 620 2639 rimis
646 2580 894 2636 adversis
933 2590 1074 2636 orta.
1109 2580 1323 2634 E1enim
1369 2596 1564 2650 parens
1611 2591 1729 2648 tua,
1757 2579 2024 2635 facultati-

2133 2579 2225 2631 ἐπὶ
2254 2577 2475 2650 μυρίαις
2504 2578 2812 2648 συμφοραῖς
2842 2574 2992 2627 ἐλέου
3035 2571 3172 2645 πρὸς
3213 2568 3526 2642 εὐεργεσίαν
3557 2583 3712 2619 κεκι-

465 2669 569 2724 bus
598 2669 904 2738 abundans,
948 2681 1002 2726 et
1047 2672 1317 2740 hospitam
1368 2682 1744 2738 remunerata,
1778 2686 1886 2726 non
1924 2671 2030 2726 hu-

2132 2670 2357 2744 νημένη.
2393 2669 2502 2723 Καὶ
2531 2668 2640 2740 γὰρ
2668 2669 2703 2738 ἥ
2730 2683 2788 2719 σε
2819 2663 3054 2728 τεκοῦσα
3081 2663 3195 2734 βίου
3230 2661 3579 2732 εὐπορήσασα
3617 2655 3714 2708 καὶ

466 2760 768 2827 manitatis,
799 2775 992 2816 verum
1014 2763 1219 2818 amoris
1249 2776 1387 2832 opus
1420 2764 1615 2817 eiii-cit.
1644 2762 1809 2818 Multa
1851 2772 2030 2818 autem

2131 2762 2230 2834 τὴν
2269 2760 2536 2830 ξενοδόχον
2590 2756 2958 2829 ἀμειψαμένη,
2988 2755 3049 2810 οὐ
3099 2752 3286 2825 φιλανθ
3297 2751 3529 2824 ρωπίας,
3577 2747 3715 2803 ἀλλὰ

467 2852 754 2910 intercedit
773 2852 1074 2922 differentia
1099 2868 1339 2909 amorem
1368 2854 1506 2910 inter
1527 2865 1580 2910 et
1605 2853 2028 2917 humanitatem:

2133 2847 2315 2916 φιλίας
2342 2846 2596 2916 ἐποίησεν
2627 2845 2804 2917 ἔργον.
2835 2843 3012 2914 Πολλὴ
3044 2842 3100 2896 δὲ
3132 2840 3360 2913 διαφορὰ
3391 2838 3592 2910 μεταξὺ
3628 2854 3716 2906 φι-

466 2944 592 3013 quia
625 2958 780 3001 amor
806 2945 1023 3013 quidem
1053 2961 1116 3003 ex
1151 2945 1594 3001 remuneratione
1632 2957 1748 3015 est;
1781 2948 2061 3006 humani-i

2132 2938 2250 3002 λίας
2274 2955 2333 3000 τε
2361 2937 2455 2993 καὶ
2483 2934 2914 3008 φιλανθρωπίας·
2955 2934 3036 2988 δτι
3064 2935 3097 3006 ή
3133 2933 3231 3005 μὲν
3275 2931 3427 3002 φιλία
3457 2931 3515 2995 ἐξ
3557 2931 3716 3000 ἀμοι-

471 3042 552 3090 tas
574 3049 705 3092 vero
733 3035 939 3108 absque
961 3035 1070 3091 ulla
1102 3037 1337 3092 naturali
1367 3039 1733 3108 propensionc
1754 3040 2030 3096 hominem

2135 3028 2236 3100 ὖῆς
2275 3031 2514 3099 γίνεται,
2566 3029 2599 3099 ἡ
2651 3024 3028 3108 φιλανθρωπία
3076 3025 3131 3079 δὲ
3173 3025 3303 3080 ἄνευ.
3337 3022 3432 3077 τοῦ
3473 3021 3719 3092 φυσικῶς

469 3141 710 3195 omnem,
752 3137 1024 3198 quatenus
1072 3128 1238 3184 homo
1277 3138 1379 3195 est,
1420 3130 1620 3202 diligit,
1646 3147 1712 3188 ac
1757 3133 2034 3191 beneficiis

2133 3122 2431 3186 πείθοντος,
2481 3119 2658 3174 πάντα
2709 3117 3017 3191 ἄνθρωπον,
3067 3116 3202 3171 καθὸ
3249 3114 3535 3187 ἄνθρωπός
3576 3115 3716 3177 ἐστι,

469 3219 653 3280 allicit.
685 3220 870 3290 Itaque
900 3220 946 3276 si
974 3236 1038 3277 ea
1066 3221 1266 3292 hospes
1291 3239 1413 3294 quae
1455 3224 1678 3280 miserta
1719 3236 1823 3296 est,
1869 3227 2032 3282 etiam

471 3315 654 3369 hostes
680 3314 822 3368 male
846 3314 914 3370 de
958 3329 1022 3374 ea
1063 3314 1288 3372 meritos
1323 3317 1602 3385 miserata,
1630 3315 1894 3394 beneficio
1923 3316 2036 3378 alli-

471 3416 638 3470 ceret,
667 3407 901 3464 humana
931 3416 1074 3462 esset
1090 3407 1196 3474 :sin
1220 3423 1348 3462 vero
1369 3417 1590 3478 propter
1610 3408 1738 3479 quid
1752 3409 1926 3465 amica
1954 3420 2038 3464 est

358 3548 379 3573 ,
470 3497 554 3552 vel
584 3498 835 3563 inimica;
860 3498 977 3554 hac
1013 3498 1215 3566 amica,
1238 3498 1470 3566 alicujus
1498 3500 1571 3553 rei
1597 3514 1718 3576 quae
1749 3515 1912 3554 causa
1942 3501 2032 3563 sit.

469 3591 648 3646 amica
677 3598 760 3644 est
783 3591 863 3645 vel
888 3590 1135 3657 inimica,
1161 3605 1270 3645 non
1295 3600 1476 3645 autem
1504 3591 1762 3646 hominis.

541 3680 726 3743 XCIV.
769 3681 836 3736 Et
878 3697 981 3752 ego
1032 3682 1288 3753 respondi
1318 3701 1330 3736 :
1363 3680 1482 3736 Non
1530 3695 1663 3752 ergo
1689 3681 1788 3736 tibi
1821 3679 2038 3738 videtur

2134 3211 2360 3284 φιλοῦσα
2390 3210 2699 3283 εὐεργετεῖ·
2735 3211 2783 3264 el
2813 3211 2911 3282 μὲν
2940 3205 3034 3263 οὖν
3066 3211 3100 3280 ή
3152 3208 3419 3278 ἐλεήσασα
3450 3203 3720 3275 ξενοδόχος

2135 3301 2298 3374 αὕτη,
2344 3302 2439 3356 καὶ
2487 3301 2848 3371 ἀδικήσαντας
2890 3299 3116 3371 ἐχθροὺς
3162 3295 3385 3352 ἐλεοῦσα
3418 3295 3716 3365 εὐεργετεῖ,

2136 3394 2513 3466 φιλάνθρωπος
2535 3391 2601 3446 ἂν
2643 3391 2749 3458 εἴη·
2787 3392 2836 3444 ει
2873 3390 2928 3444 δὲ
2971 3389 3101 3443 διότι
3123 3389 3170 3422 ⁷⁵
3194 3387 3322 3458 φίλη
3372 3387 3406 3459 ἢ
3467 3385 3636 3457 ἐχθρὰ
3679 3389 3713 3457 ὴ

2137 3487 2265 3558 φίλη
2295 3484 2517 3554 τοιαύτη
2539 3483 2607 3546 ⁷⁸,
2644 3481 2737 3535 τοῦ
2764 3498 2908 3545 τινος
2934 3480 3105 3534 αἰτίου
3132 3477 3264 3548 φίλη
3283 3477 3429 3530 ἐστὶν
3457 3476 3490 3547 ἢ
3521 3475 3714 3548 ἐχθρὰ,

2117 3577 2197 3630 -οὐ
2224 3574 2317 3629 τοῦ
2346 3573 2441 3629 ἀνθ
2452 3572 2647 3644 ρώπου.

2206 3688 2390 3744 XCIV.
2430 3685 2599 3756 Κάγὼ
2625 3683 3033 3757 ἀπεκρινάμην·
3064 3681 3138 3736 Οὐ
3183 3682 3332 3736 δοκεῖ
3360 3698 3442 3734 σοι
3490 3677 3584 3733 οὖν
3614 3697 3709 3748 φι-

479 3791 595 3831 esse
641 3778 902 3840 humana,
929 3774 1120 3828 saltem
1152 3774 1378 3844 hospes,
1411 3789 1534 3844 qua:
1581 3775 1636 3828 in
1692 3775 2034 3845 peregrinam

2147 3782 2465 3852 λάνθρωπος
2487 3773 2623 3832 εἷναι
2649 3777 2755 3832 κᾶν
2784 3778 2816 3848 ή
2850 3775 3144 3844 ξενοδὸχος,
3180 3767 3333 3844 ξένην
3363 3776 3429 3844 ἢν
3450 3775 3551 3826 οὐκ
3580 3773 3714 3841 ἡπί-

474 3884 639 3939 quam
687 3883 794 3922 non
849 3875 1096 3931 noverat,
1124 3865 1449 3924 beneﬁcium
1479 3867 1908 3923 contulit?Tum
1938 3865 2040 3924 Per.

2142 3892 2303 3928 στατο
2334 3871 2740 3943 εὑεργετήσασα
2767 3885 2783 3934 ;
2816 3869 2925 3921 Kal.
2959 3869 2987 3920 6
3020 3869 3252 3939 Πέτρος·
3293 3867 3592 3938 Ἐλεήμονα
3619 3865 3716 3936 μὲν

477 3971 638 4018 trus:
689 3959 822 4012 Eam
870 3958 1088 4029 quidem
1137 3958 1547 4013 misericordem
1583 3961 1859 4030 appellare
1887 3963 2038 4028 novi,

2140 3967 2309 4036 αὐτὴν
2351 3965 2524 4016 εἰπεῖν
2570 3961 2893 4030 ἐπίσταμαι,
2934 3958 3314 4030 φιλάνθρωπον
3340 3958 3395 4012 δὲ
3427 3959 3488 4010 οὐ
3533 3957 3715 4026 τολμῶ

479 4054 774 4110 humanam
799 4059 980 4106 autem
1013 4067 1120 4112 non
1152 4049 1326 4104 audeo
1349 4050 1566 4118 dicere,
1599 4053 2037 4122 quandoquidem

2134 4057 2338 4126 λέγειν,
2371 4055 2466 4109 ἆτε
2493 4053 2556 4124 δὴ
2599 4053 2732 4124 μηδέ
2779 4052 2878 4121 τὴν
2926 4051 3194 4104 τεκοῦσαν
3239 4051 3580 4120 φιλότεκνον·
3612 4051 3717 4103 ὑπὸ

481 4159 583 4199 nec
626 4151 853 4196 matrem
926 4150 1195 4196 amantem
1249 4140 1551 4196 liberorum
1584 4160 1598 4197 :
1626 4142 1826 4212 quippe
1867 4161 2040 4214 quaaa

2139 4151 2344 4204 ὠδίνων
2361 4147 2469 4218 γὰρ
2489 4144 2582 4198 καὶ
2601 4143 2909 4214 ἀνατροφῆς
2935 4143 3182 4215 στέργειν
3199 4143 3505 4196 πέπεισται·
3528 4143 3716 4214 ὥστ-πρ

478 4247 666 4307 partus
695 4234 979 4309 doloribus
1009 4243 1064 4291 et
1109 4233 1177 4287 ab
1217 4233 1542 4292 educatione
1591 4233 1658 4289 ad
1702 4233 2036 4304 diligendum

2140 4241 2306 4313 γὰρό
2349 4237 2493 4310 ἐρῶν
2542 4235 2646 4289 ὑπὸ
2691 4235 2790 4307 τῆς
2837 4234 3122 4306 συνηθείας
3152 4234 3522 4298 κολακεύεται,
3565 4235 3660 4288 καὶ
3688 4236 3717 4288 6

479 4297 758 4396 compulsa
790 4298 878 4386 sit:
910 4323 1376 4390 Quemadmodum
1394 4324 1540 4386 enim
1557 4324 1650 4395 qui
1679 4325 1934 4394 cupidine
1956 4326 2040 4380 in-

2143 4297 2294 4404 φίλος
2329 4297 2436 4384 ὑπὸ
2470 4329 2570 4399 τῆς
2592 4297 2847 4399 ἀῳιέῆς·
2885 4297 3031 4380 οὕτω
3073 4297 3167 4381 καὶ
3193 4329 3222 4380 ὁ
3250 4327 3437 4393 ἐλεῶν,
3469 4297 3574 4383 ὑπὸ
3614 4329 3716 4400 τῆς

480 4421 808 4484 ﬂairimatur,
837 4434 865 4473 a
891 4417 1285 4473 consuetudine
1313 4416 1612 4485 mulcetur;
1647 4428 1702 4474 et
1726 4419 1820 4490 qui
1887 4434 2038 4475 amo-

2145 4423 2448 4496 συμφορᾶς.
2476 4421 2624 4493 Πλὴν
2653 4421 2820 4489 ἐγγὺς
2861 4420 2889 4472 6
2936 4419 3185 4491 ἐλεήμων
3211 4420 3290 4491 τῷ
3319 4421 3712 4495 φιλανθρώπῳ·

480 4531 538 4570 re
565 4512 929 4584 prosequitur,
953 4526 984 4565 a
1019 4509 1500 4566 remuneratione:
1527 4509 1601 4564 ita
1647 4518 1702 4564 et
1749 4511 1843 4580 qui
1876 4511 2041 4566 mise-

2142 4516 2225 4574 ὅτι
2255 4516 2385 4571 ἄνευ
2413 4512 2508 4567 τοῦ
2536 4530 2588 4566 τι
2617 4513 2852 4584 θηρᾶσαι
2901 4509 2996 4566 καὶ
3035 4512 3237 4576 λαϐεῖν,
3263 4514 3569 4586 εὐεργετεῖν
3597 4516 3716 4569 πεί-

481 4617 650 4674 retur,
697 4621 725 4659 a
773 4603 1103 4661 calamitate.
1135 4601 1402 4661 Attamen
1452 4600 1771 4657 misericors
1802 4602 2042 4658 humano

2141 4609 2320 4664 θεται·
2353 4605 2506 4659 οὔπω
2543 4605 2600 4658 δέ
2642 4605 2736 4658 καὶ
2771 4604 3164 4675 φιλάνθρωπος.
3213 4605 3385 4675 Κάγὼ
3422 4608 3719 4678 ἀπεκρινά-

479 4698 696 4753 vicinus
721 4705 804 4751 est
833 4714 845 4749 :
873 4694 1133 4764 quoniam
1166 4693 1372 4762 absque
1401 4691 1513 4748 ullo
1541 4702 1754 4763 quaestu
1798 4708 1863 4755 ac
1914 4708 2040 4747 mu-

2147 4718 2254 4773 μην
2269 4717 2283 4729 ·
2329 4697 2454 4752 Ἐπὶ
2474 4695 2654 4760 ποίαις
2677 4689 2776 4749 οὖν
2799 4695 3033 4767 πράξεσι
3069 4696 3446 4770 φιλάνθρωπός
3468 4717 3554 4763 τις
3579 4697 3718 4756 εἶναι

484 4805 635 4855 nere,
661 4789 726 4843 ad
758 4785 1128 4856 praestandum
1160 4785 1482 4840 beneﬁcium
1518 4783 1720 4851 fertur;
1754 4785 1846 4839 sed
1898 4801 2041 4841 non-

2143 4793 2402 4855 δύναταις
2437 4789 2549 4843 Καὶ
2590 4789 2620 4843 6
2663 4788 2871 4858 Πέτρος
2913 4789 3274 4860 ἀπεκρίνατο·
3318 4791 3469 4844 Ἐπεὶ
3517 4792 3628 4864 ὁρῶ
3659 4811 3717 4846 σε

483 4883 612 4937 dum
647 4883 920 4936 humanus
974 4886 1078 4934 est.
1125 4876 1191 4932 Et
1246 4892 1347 4946 ego
1379 4877 1490 4932 dixi
1531 4876 1651 4934 τοι)
1688 4893 1824 4947 quas
1879 4879 2042 4950 igitur

2140 4883 2454 4954 γλιχόμενον
2478 4879 2730 4944 ἀκοῦσαι,
2752 4880 2803 4933 τί
2825 4881 2954 4933 ποτέ
2975 4882 3089 4934 ἐστι
3111 4883 3516 4955 φιλανθρωπίας
3537 4885 3716 4957 ἔργον,

488 4976 730 5031 actiones
758 4971 1030 5025 humanus
1061 4968 1187 5040 quis
1217 4983 1337 5025 esse
1365 4969 1578 5038 potest?
1605 4968 1907 5038 Respondit
1931 4970 2035 5026 Pe-

2147 4976 2246 5027 οὺκ
2288 4973 2502 5043 ὀκνήσω
2548 4975 2750 5024 εἰπεῖν·
2804 4970 3184 5044 φιλάνθρωπος
3212 4975 3417 5038 ἐκεῖνός
3455 4977 3602 5034 ἐστιν
3628 4980 3718 5031 καὶ⁵

487 5080 605 5124 u-us
632 5085 646 5119 :
671 5065 812 5131 Quia
848 5063 1006 5118 video
1054 5069 1110 5116 te
1155 5059 1412 5131 cupidum
1445 5059 1724 5126 audiendi,
1765 5063 2043 5131 quodnam

2152 5065 2366 5139 ἐχθροῖς
2418 5065 2651 5136 ήμέρως·
2703 5063 2797 5117 καὶ
2837 5065 3200 5136 εὐεργετικῶς
3255 5070 3715 5140 προσφερόμενος.

482 5140 572 5216 ιη’
609 5156 965 5213 humanitatis
1014 5154 1273 5218 oIIIcium,
1327 5167 1436 5207 non
1467 5151 1668 5222 pigebit
1700 5152 1898 5216 dicere,
1930 5153 2043 5209 lin..-

2154 5158 2350 5212 Ὀτιδέ
2379 5158 2552 5221 οὓτως
2576 5157 2708 5227 ἔχει,
2741 5157 2927 5227 σαφῶς
2951 5158 3134 5213 ἄκουε.
3167 5160 3278 5230 Τήν
3311 5161 3718 5233 φιλανθρωπίαν

483 5266 682 5315 manus
730 5249 822 5304 ille
862 5255 967 5314 est,
995 5246 1090 5316 qui
1119 5244 1284 5300 etiam
1311 5259 1437 5314 erga
1467 5242 1717 5298 inimicos
1744 5245 1951 5314 placide
1981 5262 2045 5301 ac

2151 5248 2333 5302 ἐκδύο
2359 5267 2449 5319 μοι
2488 5250 2595 5302 νόει
2639 5248 2954 5317 συγκεῖσθαι
2979 5249 3191 5321 μερῶν·
3218 5244 3293 5306 ὧν
3321 5253 3383 5306 τὸ
3422 5253 3520 5324 μὲν
3549 5254 3718 5323 αὐτῆς

1741 5361 1976 5417 ἾΑΒΙΛΕ
2015 5361 2414 5419 LECTIONES.

564 5464 611 5497 ⁸³
653 5457 930 5522 Clement.,
959 5461 1234 5530 hom.xn_,
1258 5454 1559 5530 _c.\25_etc.
1619 5457 1682 5530 ff
1721 5455 1793 5510 al.
1835 5457 2004 5530 καθό,
2034 5458 2114 5530 al.
2148 5458 2271 5513 καθ’
2313 5460 2394 5513 ὅτι
2429 5458 2540 5513 ἐπί.
2580 5458 2677 5530 Al.
2701 5457 2888 5530 καθότι
2918 5458 3169 5530 τὴνίάπό.
3245 5459 3293 5491 ⁷⁸
3320 5460 3394 5514 al.
3435 5460 3598 5516 inser.
3632 5475 3712 5513 σε.

483 5535 530 5569 ⁷⁸
571 5535 723 5601 deest
759 5534 812 5586 in
858 5530 950 5601 al.
996 5530 1039 5560 ⁷⁸
1082 5522 1590 5601 Hap’Unus
1617 5525 1756 5601 liber
1795 5529 1926 5601 παρξ
1981 5527 2264 5601 ἐμοᾼῦηίιυί
2294 5530 2456 5584 etiam
2489 5522 3211 5601 gazaglactisi'daeshibet,
3239 5531 3330 5601 ubi
3374 5530 3711 5601 κολασθεῖσα.

484 5604 622 5661 ῦοτ.
669 5594 744 5635 ’⁷⁸
772 5602 843 5656 al.
886 5594 1183 5653 πέπειστο.’
1240 5594 1539 5666 τίήλέησε.
1617 5596 1661 5629 ⁷⁸
1696 5597 1765 5651 al.
1807 5594 2110 5665 δι”δτι,’;ιι.
2154 5594 2312 5654 stara.
2393 5601 2438 5638 ⁷⁸
2468 5598 2538 5653 al.
2575 5599 2666 5652 καὶ
2711 5597 2796 5652 διά
2834 5616 2890 5651 τι
2933 5599 3157 5671 exop“,
3201 5594 3358 5671 φίλη,
3395 5602 3427 5672 ἡ
3464 5599 3711 5670 τοιαύτη.
