4040 6146
373 227 473 283 557

1176 229 1635 289 CLEMENTINA.
1672 266 1744 276 —
1780 235 2082 295 EPITOME
2118 238 2205 295 DE
2240 239 2487 299 GESTIS
2524 242 2581 298 S.
2619 242 2845 299 PETRI.

3504 250 3609 310 538

369 340 725 414 ἐλεημοσύνη,
756 341 817 394 τὸ
848 342 904 396 δὲ
934 342 1117 415 ἀγάπη
1141 346 1287 400 ἐστὶν
1313 350 1345 419 ὴ
1378 349 1513 420 πρὸς
1533 351 1626 404 τὸν
1670 351 1932 424 πλησίον·

2033 353 2293 410 munillce
2325 370 2385 410 se
2416 356 2577 426 gerit.
2612 356 2768 423 Quod
2813 366 2993 411 autem
3056 357 3129 412 ita
3178 356 3397 423 habeat,
3420 361 3605 414 maui-

370 432 593 504 πλησὶον
616 433 673 486 δὲ
701 431 970 504 ἀνθρώπῳ
998 435 1163 499 ἐστὶν,
1193 437 1221 488 6
1252 440 1360 503 πᾶς
1406 440 1709 511 ἄνθρωπος,
1733 448 1831 518 οὐχ
1854 449 1935 502 ὅτι

367 524 447 592 εἷς
477 529 788 599 ἅνθρωπος·
820 527 1103 598 ἄνθρωπος
1143 528 1252 601 γάρ
1307 533 1420 585 ἐστι
1467 535 1558 587 καὶ
1589 537 1756 602 κακὸς
1781 543 1874 594 καὶ
1906 543 1935 596 ό

365 620 587 689 ἀγαθὸς,
610 620 703 674 καὶ
728 619 921 692 ἐχθρὸς
942 625 1035 678 καὶ
1057 626 1225 696 φίλος.
1253 627 1372 699 Χρὴ
1394 622 1488 681 οὖν
1508 630 1601 684 τὸν
1636 631 1937 704 φιλανθρω-

366 715 495 766 πίαν
524 714 813 780 ἀσκοῦντα,
855 719 1095 789 μιμητὴν
1124 717 1261 774 εἶναι
1286 720 1442 785 Θεοῦ,
1481 723 1870 796 εὐεργετοῦντα
1887 728 1931 759 ⁷⁷

364 804 421 857 δέ
445 804 686 869 δικαίους
715 823 777 858 τε
825 808 920 862 καὶ
966 809 1203 875 ἀδίκους,
1231 812 1307 876 ὡς
1336 814 1499 879 αὐτὸς
1530 817 1558 868 6
1590 816 1724 881 Θεὸς
1768 819 1827 873 ἐν
1854 820 1935 892 τῷ

365 895 458 948 νῦν
484 896 675 967 κόσμῳ
698 897 789 951 τόν
811 915 870 951 τε
896 899 1046 969 ἥλιον
1089 902 1355 968 καὶτοὺς
1394 906 1582 971 ὑετοὺς
1607 908 1771 963 αὑτοῦ
1798 912 1933 965 πᾶσι

365 986 619 1057 παρέχων
646 988 713 1042 ⁷⁸.
752 989 816 1042 Εί
864 989 922 1043 δὲ
981 990 1153 1055 θέλεις
1199 994 1440 1064 ἀγαθοὺς
1470 997 1570 1069 μὲν
1604 1001 1929 1073 εὐεργετεῖν,

364 1079 564 1143 κακοὺς
588 1079 645 1132 δὲ
677 1079 945 1146 κολάζειν,
973 1084 1160 1157 κριτοῦ
1215 1085 1377 1161 ἔργον
1422 1088 1680 1162 πράττειν
1724 1092 1931 1165 ἐπιχει-

365 1187 491 1240 ρεις.

430 1432 774 1506 Χυν.1(ἀγὼ
803 1436 966 1510 ἔφην·
983 1436 1130 1510 τΑρά
1150 1457 1213 1510 γε
1241 1442 1334 1495 καὶ
1358 1443 1386 1494 ό
1412 1442 1543 1508 Θεὸς
1572 1444 1699 1497 πότε
1711 1443 1779 1477 ’θ’
1804 1446 1929 1516 μέλ-

357 1524 462 1580 λων
505 1526 729 1598 κρίνειν,
786 1529 864 1592 ὡς
911 1529 1181 1594 διδάσκεις
1228 1533 1397 1602 ἡμᾶς,
1444 1532 1505 1585 οὐ
1552 1532 1928 1605 φιλάνθρωπός

357 1621 471 1673 ἐστι
500 1619 647 1690 (10);
677 1620 785 1673 Καὶ
805 1622 834 1673 6
863 1621 1097 1693 Πέτροςο
1125 1623 1446 1678 Τοὺναντῖον
1468 1623 1664 1694 λέγεις.
1710 1626 1925 1700 Ἐπειδὴ

356 1711 463 1781 γάρ
483 1712 680 1783 κρίνει,
705 1692 1083 1784 φιλάνθρωπός
1124 1714 1269 1767 ἐστι’
1307 1715 1475 1785 φιλῶν
1502 1692 1610 1787 γάρ
1641 1718 1734 1771 καὶ
1761 1692 1925 1773 ἐλεῶν
1956 1692 1999 1747 Β

354 1804 478 1866 τοὺς
526 1803 909 1874 ἠδικημένους,
964 1808 1284 1877 τιμωρεῖται
1353 1808 1483 1871 τοὺς
1540 1808 1921 1879 ἀδικήσαντας.

356 1895 525 1965 Κάγὼ
544 1894 680 1966 ἔφην
696 1914 709 1928 ο
744 1895 974 1960 Οὐκοῦν,
1000 1899 1047 1950 εξ
1069 1896 1224 1966 κάγὼ
1245 1898 1485 1967 ἀγαθοὺς
1509 1900 1607 1971 μὲν
1630 1902 1922 1974 εὐεργετῶ,

353 1995 478 2057 τοὺς
505 1993 562 2047 δὲ
593 1992 915 2057 ἀδικοῦντας
943 1993 1065 2046 καθ’
1096 1993 1125 2046 δ
1166 1993 1487 2065 ἀνθρώπους
1528 1995 1801 2066 ἠδίκησαν·
1842 2014 1926 2050 τι-

357 2085 667 2156 μωροῦμαι,
701 2084 1080 2157 φιλάνθρωπός
1098 2087 1231 2156 εἰμι.
1258 2087 1367 2140 Καὶ
1400 2087 1428 2139 6
1466 2087 1674 2159 Πέτρος
1697 2088 1924 2160 ἀπεκρί-

354 2196 479 2233 νατο
497 2195 511 2208 ο
544 2180 607 2231 Εί
634 2177 770 2249 μετά
798 2178 892 2231 τοῦ
925 2179 1232 2250 πρόγνωσιν
1261 2178 1423 2249 ἔχειν,
1450 2179 1629 2248 ὲφεϊτό
1657 2197 1737 2235 σοι
1770 2182 1862 2235 καὶ
1886 2183 1919 2252 ἡ

352 2269 445 2323 τοῦ
474 2272 679 2341 κρίνειν
706 2269 943 2337 ἐξουσία,
972 2270 1147 2343 ὀρθῶς
1166 2271 1231 2325 ἂν
1260 2271 1418 2333 τοῦτο
1440 2271 1665 2335 ἐποίεις·
1702 2271 1789 2325 διά
1821 2272 1920 2343 μὲν
1953 2278 1956 2280 ⁷

352 2362 443 2415 τοῦ
480 2362 759 2434 εἰληφέναι
786 2363 885 2435 τὴν
922 2362 1190 2429 ἐξουσίαν,
1226 2363 1603 2428 καταδικάζων
1624 2363 1718 2428 οὒς
1744 2365 1773 2416 6
1791 2364 1922 2429 Θεὸς

350 2454 777 2528 ἐδημιούργησε*
805 2454 892 2508 διὰ
918 2456 974 2509 δὲ
997 2456 1097 2527 τὴν
1123 2456 1425 2527 πρόγνωσιν
1462 2455 1572 2527 (II)
1612 2455 1923 2520 ἀπταίστως

350 2547 408 2600 ἐν
437 2546 516 2617 τῷ
543 2547 770 2618 κρίνειν,
813 2545 908 2611 οὒς
952 2546 1051 2618 μὲν
1100 2547 1177 2610 ὼς
1204 2547 1448 2610 δικαίους
1475 2546 1721 2611 δικαιῶν,
1748 2547 1842 2612 οὓς
1862 2549 1920 2603 δὲ

350 2641 425 2704 ὼς
452 2640 670 2704 ἀδίκους
700 2641 1095 2707 καταδικάζων.
1128 2640 1298 2709 Κάγὼ
1344 2640 1510 2712 ἔφην’
1550 2640 1755 2713 Ὀρθῶς
1786 2641 1922 2715 ἔφης

350 2735 445 2787 καὶ
473 2732 708 2804 ἀληθῶς·
740 2732 997 2787 ἀδύνατον
1014 2733 1122 2804 γάρ
1146 2750 1266 2786 τινα
1292 2733 1597 2805 πρόγνωσιν
1616 2734 1716 2791 οὐκ
1731 2733 1921 2804 ἔχοντα

350 2826 557 2898 κρίνειν
584 2824 780 2898 ὀρθῶς.
827 2825 1027 2879 Ἐνίοτε
1053 2823 1161 2895 γὰρ
1188 2825 1469 2894 φαίνονταί
1523 2842 1669 2887 τινες
1704 2825 1918 2894 ἀγαθοὶ,

349 2920 582 2991 ἀθέμιτα
639 2918 824 2990 κρύφα
885 2917 1367 2991 διαπραττόμενοι·
1417 2917 1549 2971 ἔνιοι
1592 2918 1650 2971 δὲ
1700 2918 1916 2987 ἀγαθοὶ,

2039 444 2180 501 festo
2235 446 2382 501 audi.
2432 446 2564 501 Mihi
2615 448 2819 516 cogita,
2864 449 3261 503 humanitatem
3294 465 3359 504 ex
3392 451 3605 506 duabus

2039 536 2285 605 partibus
2308 546 2561 593 constare
2584 554 2599 597 ς
2625 552 2858 607 quarum
2892 553 2998 591 una
3029 539 3270 607 quidem,
3294 539 3606 594 misericor—

2040 630 2130 685 dia
2163 630 2266 696 sit;
2304 630 2476 685 altera
2526 645 2679 698 vero,
2707 630 2928 686 dilectio
2957 631 3011 684 in
3042 632 3349 700 proximum
3374 650 3388 687 :
3412 632 3603 702 proxi-

2037 740 2161 779 mus
2204 733 2384 779 autem
2432 723 2643 778 homini
2665 731 2768 791 est,
2802 722 3064 793 quilibet'
3103 720 3307 795 l‘omo,
3391 726 3590 782 nedum

2035 831 2180 870 unus
2224 816 2632 883 homo;‘homo
2663 815 2810 870 enim
2835 822 2940 881 est,
2969 814 3136 868 etiam
3182 816 3380 880 malus,
3421 826 3473 871 et
3499 816 3600 869 ho-

2034 924 2161 974 nus,
2193 910 2367 966 hostis
2411 908 2616 980 pariter
2660 923 2729 963 ac
2772 906 3007 962 amicus.
3047 903 3271 976 Oportet
3316 922 3444 978 ergo
3475 923 3601 963 eum

2033 1001 2129 1072 qui
2179 999 2576 1056 humanitatem
2610 996 2761 1065 colit,
2792 997 3124 1051 imitatorem
3156 995 3251 1050 Dei
3295 1011 3434 1059 esse,
3458 1007 3510 1051 et
3535 999 3606 1053 de

2026 1093 2193 1164 justis
2240 1101 2403 1163 atque
2458 1090 2677 1161 injustis
2706 1088 2849 1144 bene
2878 1086 3077 1143 mereri
3109 1104 3124 1155 ;
3157 1086 3299 1142 sicut
3320 1086 3434 1157 ipse
3461 1086 3602 1142 Deus

2032 1185 2087 1240 in
2120 1184 2223 1239 hoc
2248 1183 2453 1238 mundo
2480 1183 2650 1238 solem
2698 1179 3010 1249 imbresque
3040 1194 3173 1234 suos
3218 1179 3431 1233 cunctis
3463 1194 3601 1248 pra:-

2029 1273 2121 1329 bet
2138 1274 2207 1327 ".
2243 1272 2398 1340 Quod
2436 1273 2482 1328 si
2522 1273 2606 1326 vis
2652 1268 2816 1325 bonis
2862 1267 3082 1338 quidem
3118 1258 3456 1333 benefacere,
3488 1283 3603 1321 ma-

2029 1363 2112 1420 los
2140 1379 2269 1419 vero
2299 1365 2515 1434 punire,
2538 1360 2737 1434 judicis
2762 1376 2962 1421 munus
2990 1360 3216 1429 implere
3242 1357 3454 1413 niteris.

2106 1450 2268 1506 XCV.
2314 1450 2380 1506 Et
2400 1466 2499 1521 ego
2528 1450 2640 1505 dixi
2667 1466 2681 1503 :
2710 1448 2881 1520 Igitur
2906 1455 2960 1504 et
2989 1447 3153 1515 Deus,
3184 1448 3276 1517 qui
3310 1456 3421 1502 tum
3449 1447 3601 1517 judi-

2028 1549 2251 1597 eaturus
2280 1548 2382 1608 est,
2414 1550 2473 1597 ut
2524 1554 2628 1597 nos
2656 1539 2844 1605 doces,
2872 1555 2979 1595 non
3038 1548 3123 1595 est
3175 1539 3493 1595 humanus?
3520 1542 3600 1595 Ac

2029 1634 2257 1691 Petrus:
2285 1632 2587 1706 Pugnantia
2611 1632 2868 1704 loqueris.
2904 1631 3036 1687 Nam
3065 1631 3193 1703 quia
3232 1630 3465 1701 judicat,
3495 1631 3600 1685 hu-

2029 1741 2227 1782 manus
2254 1732 2341 1783 est
2370 1743 2384 1780 :
2411 1724 2645 1796 diligens
2674 1725 2817 1779 enim
2843 1739 2908 1779 ac
2942 1724 3236 1779 miseratus
3281 1723 3481 1794 injuria
3512 1722 3593 1776 af-

2026 1819 2215 1888 fectos,
2242 1819 2500 1892 injuriam
2536 1818 2832 1874 inferentes
2860 1819 3066 1889 plectit.
3108 1816 3172 1872 Et
3216 1833 3339 1889 ego,
3385 1817 3592 1888 Itaque,

2027 1910 2274 1982 inquam,
2307 1912 2353 1967 si
2385 1912 2499 1982 ipse
2530 1910 2691 1966 bonis
2718 1910 3020 1976 benefacio,
3045 1919 3099 1965 et
3129 1910 3429 1979 injuriosos
3462 1911 3594 1980 quia

2026 2002 2210 2073 injurii
2256 2018 2385 2073 erga
2436 2003 2690 2058 homines
2748 2003 2970 2059 fuerunt
3017 2005 3248 2075 castigo,
3309 2006 3586 2060 humanus

2024 2110 2169 2151 sum.
2210 2093 2277 2149 Et
2312 2094 2506 2151 Petrus
2533 2095 2817 2163 reSpondit
2851 2114 2863 2149 :
2899 2094 2956 2149 Si
2990 2112 3096 2150 una
3134 2112 3257 2150 cum
3296 2097 3593 2167 praenotio-

2024 2199 2093 2238 ne
2120 2184 2510 2239 concederetur
2541 2184 2638 2239 tibi
2677 2192 2731 2239 et
2751 2184 3032 2253 judicandi
3062 2194 3325 2255 potestas,
3359 2196 3505 2242 recte
3538 2188 3591 2242 id

2024 2273 2391 2347 faceres:per
2438 2285 2717 2346 acceptam
2764 2277 2982 2346 quidem
3040 2285 3361 2347 potestatem
3392 2318 3407 2343 ,
3462 2294 3595 2332 con-

2022 2369 2289 2424 demnans
2326 2381 2422 2423 eos
2460 2384 2597 2438 quos
2621 2366 2765 2422 Deus
2799 2367 3040 2433 ereavit;
3069 2383 3166 2437 per
3195 2368 3589 2436 praenotionem

2020 2473 2154 2513 vero
2183 2457 2457 2529 ineulpate
2506 2458 2561 2512 in
2615 2458 2932 2529 judicando,
2958 2468 3071 2512 tum
3134 2458 3275 2513 alios
3331 2468 3589 2528 tanquam

2016 2550 2196 2621 justos
2225 2550 2533 2616 absolvens,
2564 2558 2679 2604 tum
2706 2549 2843 2605 alios
2871 2559 3129 2621 tanquam
3168 2550 3403 2620 injustos
3432 2552 3589 2606 dam-

2021 2656 2181 2697 nans.
2223 2639 2288 2694 Et
2313 2656 2413 2711 ego
2440 2640 2552 2695 dixi
2582 2656 2596 2693 :
2630 2638 2796 2695 Recte
2824 2640 3041 2695 locutus
3066 2655 3125 2695 es
3168 2654 3233 2694 ac
3261 2656 3387 2694 vere
3418 2658 3431 2695 :
3466 2641 3582 2694 lieri

2020 2732 2166 2791 enim
2199 2732 2406 2802 nequit,
2436 2739 2497 2786 ut
2516 2732 2610 2801 qui
2636 2731 2977 2801 praenotione
3001 2728 3391 2799 caret,judicet
3421 2740 3588 2785 recte.

2020 2822 2294 2877 Interdum
2325 2823 2530 2893 quippe
2554 2822 2801 2877 nonnulli
2830 2821 3083 2876 videntur
3108 2821 3259 2887 boni,
3286 2820 3379 2893 qui
3404 2820 3588 2875 illicita

2014 2910 2161 2964 clam
2192 2918 2506 2979 perpetrant
2546 2910 2835 2965 :nonnulli
2867 2925 2996 2964 vero
3038 2909 3189 2976 boni,
3223 2910 3462 2965 hostium
3498 2927 3582 2966 ea-

350 3012 453 3065 ὑπὸ
493 3010 749 3081 διαϐολῆς
788 3010 998 3083 ἐχθρῶν
1023 3011 1182 3065 κακοὶ
1214 3010 1736 3082 ὑπολαμϐανόμενοι.
1780 3011 1917 3065 Ἀλλ’
1944 3042 1950 3076 γ

2023 3001 2232 3059 lumnia
2275 3002 2406 3057 mali
2449 3016 2572 3058 esse
2620 3002 2938 3058 creduntur.
2986 2998 3091 3057 Sed
3130 3012 3184 3057 et
3211 3002 3256 3057 si
3287 3003 3410 3072 quis
3438 3009 3589 3073 pole-

348 3107 394 3158 εἰ
413 3103 508 3158 καὶ
530 3102 624 3157 τοῦ
653 3102 957 3174 βασανίζειν
978 3104 1071 3156 καὶ
1085 3103 1395 3174 ἀνακρίνειν
1414 3101 1658 3167 ἐξουσίαν
1679 3120 1763 3167 τις
1781 3103 1918 3174 ἔχων

346 3195 575 3260 δικάζει,
609 3194 729 3248 οὐδὲ
749 3194 923 3258 οὕτως
943 3193 1053 3259 ἕξει
1080 3194 1297 3257 πάντως
1319 3195 1381 3247 τὸ
1399 3195 1623 3259 δικαίως
1643 3196 1884 3262 δικάζειν
1900 3214 1913 3227 ·

346 3288 473 3342 ἔνιοι
526 3287 634 3358 γὰρ
683 3289 863 3357 φονεῖς
911 3286 1080 3349 ὅντες,
1115 3284 1234 3339 εἶτα
1260 3286 1358 3350 τὰς
1389 3286 1655 3356 βασάνους
1691 3289 1917 3358 ὑπενεγ-

346 3382 530 3444 κόντες
552 3420 567 3444 ,
613 3378 912 3449 ἀφείθησαν
946 3378 1021 3440 ὡς
1041 3376 1227 3430 ἀθῶοι·
1267 3377 1442 3448 ἕτεροι
1480 3377 1536 3430 δὲ
1566 3378 1725 3432 πάλιν
1750 3379 1916 3434 ἀθῶοι

345 3471 725 3541 τυγχάνοντες,
759 3468 859 3533 τάς
909 3468 1176 3539 βασάνους
1231 3469 1327 3539 οὐχ
1369 3470 1777 3540 ὑπομείναντες,
1825 3473 1917 3525 καὶ

345 3562 431 3616 διά
467 3561 626 3615 τοῦτο
670 3561 1144 3632 καταψευσάμενοι
1170 3559 1401 3624 ἑαυτῶν,
1428 3560 1503 3625 ὼς
1530 3562 1691 3614 αἴτιοι
1728 3562 1917 3618 ἐκολά-

345 3656 569 3727 σθησαν.

411 3744 596 3802 XCVI.
639 3747 750 3800 Καὶ
778 3746 808 3797 6
838 3745 1066 3816 Πέτρος,
1102 3744 1254 3814 Ἔχει
1304 3743 1538 3815 μετρίως
1586 3745 1679 3799 καὶ
1719 3744 1912 3810 ταῦτα,

342 3841 475 3912 ἔφη⁸
511 3840 573 3893 τὸ
610 3840 667 3893 δὲ
702 3840 886 3911 μεῖζον
910 3840 1157 3894 ἄκουσον.
1194 3838 1379 3891 Ἐνίων
1407 3836 1705 3909 ἀνθρώπων
1744 3840 1918 3911 ἀμαρο

339 3932 613 3985 τανόντων
662 3932 695 4000 ἢ
743 3924 801 3983 εὖ
858 3929 1207 4000 πραττόντων
1229 3967 1244 3993 ,
1292 3928 1329 3983 ἃ
1378 3929 1477 4000 μὲν
1531 3922 1605 3983 ὧν
1668 3931 1914 3987 ποιοῦσιν

343 4025 451 4081 τδιά
501 4026 649 4077 ἐστιν
689 4021 892 4085 αὐτῶν,
941 4022 977 4076 ἀ
1030 4021 1086 4080 δέ
1133 4022 1227 4075 καὶ
1266 4020 1547 4092 ἀλλότρια·
1599 4022 1808 4077 δίκαιον
1855 4023 1914 4078 δέ

342 4121 573 4174 ἕκαστον
612 4117 705 4169 ἐπὶ
747 4118 861 4178 τοῖς
901 4115 1054 4178 ἰδίοις
1083 4114 1442 4185 ἁμαρτήμασι
1471 4115 1850 4185 τιμωρεῖσθαι,
1878 4117 1912 4186 ἢ

341 4213 435 4266 ἐπὶ
468 4213 580 4274 τοῖς
638 4207 1059 4280 κατορθώμασιν
1110 4206 1342 4277 ἀμοιϐῆς
1384 4206 1681 4272 ἀξιοῦσθαι·
1719 4207 1912 4262 ἀδύνα-

338 4324 428 4360 τον
455 4307 513 4361 δέ
532 4322 637 4358 τινι
661 4303 798 4374 πλὴν
818 4302 1069 4373 προφήτῃ
1097 4300 1241 4371 μόνῳ
1269 4300 1572 4371 πρόγνωσιν
1596 4300 1705 4370 (12)
1738 4300 1910 4373 ἔχοντι

2015 3102 2159 3151 state
2192 3094 2481 3163 torquendi
2532 3107 2585 3149 et
2628 3095 2985 3164 quaestionem
3037 3095 3271 3148 habendi
3329 3094 3588 3164 praeditus

2013 3185 2241 3255 judicet,
2278 3200 2455 3255 neque
2497 3184 2579 3239 sic
2604 3185 2805 3253 poterit
2832 3185 3058 3238 omnino
3099 3184 3249 3254 juste
3294 3184 3583 3254 judicare:

2018 3276 2240 3346 quidam
2270 3275 2440 3339 enim,
2477 3291 2600 3331 cum
2644 3275 2937 3331 homicidae
2965 3284 3167 3341 essent,
3208 3286 3393 3343 postea
3433 3293 3585 3345 quae-

2018 3366 2215 3421 stionis
2261 3372 2530 3421 tormenta
2587 3367 2944 3431 sustinentes,
2990 3365 3204 3420 dimissi
3253 3376 3401 3433 sunt,
3441 3369 3587 3422 velut

2018 3455 2255 3523 innoxii;
2286 3464 2342 3511 et
2380 3455 2473 3510 alii
2521 3471 2736 3520 rursus,
2761 3456 2857 3525 qui
2892 3456 3211 3511 innocentes
3250 3466 3427 3523 erant,
3459 3474 3583 3514 cum

2018 3555 2288 3603 tormenta
2321 3545 2464 3602 ferre
2509 3561 2618 3601 non
2662 3547 2990 3616 potuissent,
3032 3546 3261 3616 ideoque
3293 3561 3481 3603 contra
3526 3566 3585 3605 se

2017 3640 2227 3695 mentiti
2253 3640 2508 3708 fuissent,
2540 3648 2798 3709 tanquam
2825 3639 2902 3693 rei
2932 3638 3108 3694 aﬁ‘ecti
3137 3649 3267 3694 sunt
3295 3642 3582 3711 supplicio.

2086 3749 2273 3806 XCVI.
2317 3749 2456 3804 Tum
2485 3749 2681 3806 Petrus
2709 3768 2722 3804 :
2746 3751 2923 3821 Atque
2953 3751 3089 3817 haec,
3124 3750 3319 3822 inquit.
3370 3753 3583 3809 modica

2021 3852 2186 3909 sunt;
2223 3842 2350 3898 audi
2400 3858 2531 3898 vero
2578 3843 2761 3913 majus
2804 3842 3105 3915 quidpiam.
3137 3843 3366 3911 Quando
3414 3846 3582 3916 aliqui

2017 3936 2270 3990 homines
2315 3947 2564 4005 peccant,
2624 3936 2707 3989 vel
2762 3936 2902 3991 bene
2963 3945 3169 4007 agunt;
3223 3953 3414 3992 eorum
3462 3955 3584 4008 quae

2016 4036 2335 4099 operantur,
2382 4030 2489 4083 alia
2542 4029 2787 4099 ipsorum
2838 4029 3057 4099 propria
3102 4040 3252 4098 sunt,
3284 4033 3387 4086 alia
3417 4035 3579 4088 etiam

2013 4121 2191 4176 aliena
2219 4139 2231 4175 :
2258 4136 2473 4191 aequum
2497 4137 2629 4175 vero
2660 4130 2745 4176 est
2775 4137 3222 4192 unumquemque
3250 4140 3348 4195 pro
3372 4125 3581 4182 delictis

2015 4212 2253 4285 propriis
2295 4212 2426 4266 dare
2474 4228 2686 4283 poenas,
2725 4223 2818 4267 aut
2852 4228 2951 4283 pro
2996 4223 3142 4269 rect’e
3172 4215 3331 4273 factis
3359 4221 3581 4287 praemio

2016 4304 2229 4359 donari.
2256 4302 2400 4359 Fieri
2437 4314 2620 4358 autem
2657 4320 2766 4358 non
2814 4314 3014 4375 potest,
3046 4318 3105 4362 ut
3135 4310 3429 4379 quispiam,
3477 4313 3577 4366 nisi

341 4399 447 4453 ὑπό
472 4414 621 4459 τινος
664 4394 929 4465 γενόμενα
977 4392 1173 4445 εἰδέναι
1224 4393 1429 4461 σαφῶς,
1458 4394 1583 4444 ποῖα
1619 4393 1716 4463 μὲν
1747 4392 1908 4447 αὐτοῦ
1939 4389 1950 4447 I

2023 4397 2165 4453 solus
2218 4396 2618 4467 propheta,qui
2660 4396 3053 4467 praenotionem
3089 4400 3272 4470 habet,
3299 4401 3367 4456 ab
3396 4403 3580 4472 aliquo

1604 4503 1837 4565 VARIIE
1877 4504 2278 4565 LECTIONES.

409 4609 619 4663 "deest
651 4606 703 4660 in
720 4605 789 4660 al.
854 4605 899 4635 ⁷⁸
914 4601 984 4665 al.
1024 4601 1270 4676 παρέχει.
1340 4600 1615 4674 "‘Sic.jF.
1638 4603 1737 4673 leg.
1759 4604 2039 4672 πτελέαι.
2055 4622 2185 4663 vero
2208 4609 2493 4680 aliquando
2510 4609 2630 4666 loco
2645 4620 2775 4665 tum.
2797 4610 2895 4665 En.
2914 4607 3087 4664 Pun.
3153 4605 3577 4673 79llriatth.v,«‘.a‘i.

1642 4723 2004 4781 VARIORUM
2038 4725 2267 4789 ΝΟΤᾸΕ.

408 4825 521 4896 (I0)
565 4825 655 4896 06
677 4821 1094 4891 φιλάνθρωπός
1118 4820 1273 4896 ἐστιἶ
1302 4818 1495 4873 Melius
1520 4818 1773 4896 vertisset
1802 4835 1905 4896 _no-

336 4888 446 4953 ster
476 4888 786 4949 {hominum
819 4888 1029 4961 aniens,
1053 4905 1218 4961 quam
1254 4888 1533 4961 humanus,
1575 4889 1904 4961 ambiguita-

333 4968 405 5021 tis
426 4964 660 5019 vitandaa
691 4978 879 5017 causa.
909 4960 1012 5015 Sed
1064 4958 1266 5029 ubique
1310 4959 1483 5029 verba
1502 4958 1687 5013 lectori
1730 4960 1903 5029 adnu-

334 5046 532 5094 merat.
567 5049 671 5088 non
719 5032 994 5100 appendit.
1023 5028 1121 5085 Vir
1142 5028 1358 5100 doctus,
1394 5028 1488 5097 qui
1513 5043 1580 5082 ex
1608 5043 1705 5100 ore
1733 5028 1897 5100 Henr.

345 5104 544 5159 Valesii
571 5098 1112 5171 excepit—versionem
1148 5098 1545 5154 Historicorum
1567 5099 1901 5171 ecclesiasti-

334 5191 549 5239 corum,
583 5167 1044 5233 animadverterat
1088 5172 1266 5225 virum
1308 5183 1583 5239 summum
1625 5167 1899 5239 interdum

333 5236 568 5300 nimium
606 5259 637 5297 a
674 5242 855 5297 verbis
893 5241 1206 5305 abscedere,
1236 5239 1331 5295 sed
1380 5238 1498 5307 ipse
1525 5236 1688 5291 nimis
1718 5238 1899 5299 adhae-

336 5331 463 5371 rens
493 5322 754 5384 perpetuo
793 5310 1133 5384 βαρὸαρίζει,
1164 5325 1263 5365 nec
1292 5306 1771 5384 semper__feliei_ter
1797 5323 1898 5377 po-

2012 4837 2166 4877 cesse
2214 4823 2397 4889 habet,
2451 4823 2543 4878 sed
2603 4832 2813 4879 tantum
2864 4822 3006 4879 scire
3041 4818 3347 4890 praeterita;
3399 4833 3578 4888 neque

2007 4892 2150 4964 enim
2195 4908 2385 4964 poenas
2414 4894 2585 4949 sumit
2628 4895 2695 4949 de
2735 4895 2936 4949 futuris
2964 4891 3204 4961 ﬂagitiis,
3234 4890 3419 4964 sedde
3449 4904 3558 4957 prae

2008 4960 2213 5046 teritis.—
2236 4964 2407 5046 Igitur
2460 4965 2788 5046 πρόγνωσις,
2835 4964 2979 5033 apud
3038 4960 3185 5046 hunc
3234 4960 3572 5046 scriptorem,

2005 5042 2089 5087 est
2137 5034 2240 5106 hoc
2265 5029 2420 5091 'loco
2452 5029 2559 5087 τῶν
2580 5029 2853 5106 ⁷πρότερον
2871 5029 3185 5106 ’γεγονότων
3222 5029 3441 5106 γνῶσις,
3480 5043 3572 5106 seu

2007 5104 2248 5173 cognitio
2272 5120 2461 5173 eorum
2488 5119 2610 5173 quae
2634 5098 2785 5173 prius
2816 5098 3113 5158 facta-sunt
3139 5100 3419 5173 ab__iis,_de
3445 5098 3572 5166 qui-

2008 5170 2109 5243 bus
2133 5175 2397 5228 sententia
2429 5170 2735 5229 {crtum—An
2765 5190 2893 5228 vero
2915 5186 3147 5243 usquam
3169 5170 3297 5224 alibi
3330 5170 3443 5243 haec
3468 5182 3572 5223 vox

2006 5241 2110 5295 hoc
2133 5243 2442 5313 signiﬁcatu
2467 5252 2743 5313 occurrat,
2769 5243 2944 5298 fateor
2972 5241 3059 5295 me
3084 5241 3352 5313 ignorare.
3384 5241 3461 5313 In.

2074 5308 2583 5395 (Iifﬂpdrreimr.
2621 5308 2962 5395 ljicquoque
2991 5314 3090 5365 hac
3103 5308 3267 5395 Lvoce
3294 5308 3569 5395 significa-

336 5331 463 5371 rens
493 5326 754 5384 perpetuo
793 5326 1133 5435 βαᾶοαριςει,
1164 5326 1263 5365 nec
1292 5326 1504 5391 semper
1542 5326 1771 5388 Ieucuer
1797 5326 1898 5377 po-
2074 5326 2186 5395 (η)
2218 5326 2583 5382 Προγνωσιν.
2621 5326 2719 5368 mc
2745 5328 2962 5383 quoque
2991 5326 3090 5365 nac
3124 5326 3267 5392 .voce
3294 5326 3569 5379 sngntuca-

332 5395 583 5440 gestatem
631 5397 825 5454 vocum
890 5396 1166 5454 racemum
1195 5387 1469 5454 exprimit.
1502 5376 1618 5454 Hoc
1647 5378 1821 5454 obiter
1842 5385 1897 5431 et
2002 5393 2091 5454 t_ur
2112 5398 2220 5436 των
2237 5383 2542 5454 γενομένων
2558 5383 2777 5451 γνῶσις,
2806 5392 2865 5437 ut
2891 5390 3180 5454 sequentia
3196 5379 3363 5433 verba
3386 5387 3572 5454 osten-

333 5455 523 5520 semel,
542 5452 688 5525 quod
716 5451 1023 5507 sexcenties
1050 5451 1160 5509 dici
1187 5446 1386 5519 potuit,
1410 5449 1498 5503 hic
1521 5446 1892 5511 adnotandum
1999 5452 2166 5525 dunt;
2204 5446 2381 5525 neque
2414 5446 2580 5525 enim'
2612 5446 2745 5525 eum
2765 5446 3107 5525 praevisione
3157 5449 3465 5525 futurorum
3494 5449 3566 5525 _in

333 5526 542 5580 sensui.
560 5522 749 5577 Cum.

403 5594 515 5664 (11)
553 5592 672 5664 Τὴν
700 5592 1060 5664 πρόγνωσιν.
1091 5589 1190 5645 Ilic
1214 5606 1314 5644 vox
1348 5588 1650 5664 πρόγνωσις
1673 5602 1786 5664 _non
1816 5594 1899 5640 est

334 5657 834 5735 prrindtiajjud'cx'
860 5662 1004 5717 enim
1031 5676 1306 5734 praenosse
1332 5657 1527 5716 delicta
1557 5657 1777 5721 minime
1802 5672 1895 5711 ne-

2005 5520 2598 5591 prophetisconjuncta
2617 5522 2724 5578 fuit
2744 5520 2983 5593 cognitio
3012 5520 3407 5593 praeteritorum
3430 5537 3445 5588 ;
3492 5520 3569 5579 ita,

2004 5601 2063 5647 ut
2100 5593 2421 5663 posteriore
2458 5593 2639 5661 priore
2669 5592 3010 5662 sequeretur.
3038 5592 3207 5649 (ius.
