4048 6146
466 278 577 336 559

1302 281 1361 340 S.
1401 281 1793 339 CLEMENTIS
1831 283 1851 338 I
1891 281 2054 339 ROM.
2099 281 2300 338 PONT.
2343 281 2579 338 OPERA
2616 283 2848 341 DUBIA.

3610 278 3714 334 510

461 377 629 460 gesta.
667 402 818 448 certo
867 391 1038 461 sciat;
1093 410 1346 466 quaenam
1395 399 1614 468 quidem
1655 399 1776 473 ejus
1814 398 2035 472 propria

2139 396 2283 449 ἐστιν
2311 395 2439 460 ῖδια,
2465 399 2590 450 ποῖα
2613 397 2671 450 δὲ
2699 397 2801 450 ούκ
2829 396 2962 451 ἔστι.
2986 397 3159 468 Κάγὼ
3180 395 3344 469 ἔφην’
3388 394 3717 468 Ἐϐουλόμην

462 485 594 551 sint,
623 501 876 556 quzenam
926 503 1056 543 vero
1098 505 1208 544 non
1243 490 1372 548 sint.
1425 489 1493 546 Et
1521 509 1643 564 ego,
1685 491 1911 559 Veliem,
1949 492 2034 545 in-

461 593 649 649 quam,
687 579 898 646 audire,
951 596 1063 650 quo
1121 583 1283 637 modo
1315 598 1378 638 ex
1405 584 1729 638 criminibus
1765 583 1869 638 alia
1906 583 2026 659 qui-

459 670 581 724 dem
623 670 732 726 siut
761 672 1001 741 propria,
1035 671 1141 728 alia
1172 690 1302 729 vero
1333 676 1530 732 aliena.
1581 675 1648 735 Et
1675 673 1869 731 Petrus
1898 676 2032 731 mihi

459 763 739 832 respondit
771 779 784 814 :
821 763 1089 818 Dominus
1140 774 1327 822 noster
1369 764 1529 822 Iesus
1578 767 1833 824 Christus
1862 765 2034 824 Filius

459 851 553 908 Dei
589 853 770 908 dixit:
811 851 1026 923 Oportet
1066 864 1126 911 ut
1152 857 1362 912 veniant
1405 855 1559 915 bona.
1590 857 1788 912 Beatus
1832 866 2031 923 autem,

458 943 659 1016 inquit,
700 962 793 1015 per
839 963 994 1017 quem
1045 948 1277 1002 veniunt.
1325 947 1590 1002 Similiter
1623 965 1825 1004 necesse
1849 960 1949 1012 est,
1975 958 2033 1004 ut

455 1037 620 1093 etiam
663 1038 878 1094 veniant
934 1042 1223 1094 mataww
1274 1050 1452 1098 autem
1499 1039 1583 1098 illi
1615 1057 1709 1112 per
1751 1058 1902 1114 quem
1948 1057 2034 1096 ve-

457 1127 696 1183 niunt“.
729 1127 901 1184 Porro
933 1130 978 1189 si
1031 1146 1127 1202 per
1176 1131 1353 1188 malos
1381 1132 1609 1187 veniunt
1659 1133 1825 1200 mala,
1857 1144 1910 1188 et
1937 1149 2034 1203 per

458 1217 815 1298 bonos_bona
854 1220 1196 1288 inferuntur;
1230 1223 1410 1279 inesse
1451 1223 1748 1296 unicuique
1793 1235 2030 1297 oportet,

457 1308 572 1365 sive
606 1310 807 1366 bonum
847 1313 962 1369 sive
985 1315 1188 1375 malum
1214 1316 1470 1384 gesserit,
1503 1324 1563 1371 ut
1591 1326 1647 1373 et
1674 1319 1820 1390 quod
1849 1336 1878 1374 a
1901 1320 2030 1391 Spi-

459 1401 566 1456 ritu
615 1403 817 1458 dictum
866 1403 1004 1467 fuit:
1035 1407 1143 1472 Qui
1193 1408 1374 1468 reddet
1415 1410 1696 1481 unicuique
1744 1413 2031 1471 secundum

456 1505 614 1558 opera
643 1491 756 1560 ejus
781 1491 828 1524 ⁸³
847 1535 861 1559 ,
885 1509 1073 1553 verum
1101 1496 1173 1552 sit
1194 1513 1421 1567 prorsus
1447 1515 1510 1559 ac
1528 1499 1832 1558 indubium.
1859 1502 1906 1535 ⁸⁸
1924 1501 2031 1558 Sed

457 1588 638 1636 tamen
675 1583 768 1652 qui
799 1584 1054 1640 virtutem
1086 1590 1312 1645 omnino
1359 1591 1594 1655 ali‘ectat,
1625 1593 1806 1659 debet,
1838 1611 2030 1664 quem-

458 1674 753 1728 admodum
781 1676 920 1731 dixit
939 1678 1213 1747 Christus,
1241 1683 1497 1739 inimicos
1521 1699 1740 1756 quoque
1768 1686 2025 1758 diligere;

2141 487 2329 559 μαθεῖν
2360 487 2476 552 πῶς
2503 489 2613 542 τῶν
2649 489 2998 562 ἀδικημάτων
3033 492 3100 557 ⁸⁸,
3129 492 3202 546 τὰ
3242 491 3345 564 μὲν
3396 489 3527 550 τδια.
3558 490 3626 544 τά
3653 490 3711 544 δὲ

2136 580 2409 652 ἀλλότρια.
2441 581 2552 636 Καὶ
2574 582 2606 637 ἁ
2633 583 2840 655 Πέτρος
2884 602 2973 656 μοι
3018 585 3387 658 ἀπεκρίνατο·
3421 584 3480 638 '0
3512 582 3714 658 Κύριος

2133 672 2292 745 ἡμῶν
2357 673 2567 745 Ἰησοῦς
2631 676 2868 748 Χριστὸς
2908 678 2938 731 ὁ
2987 677 3115 743 Υἱὸς
3160 677 3257 735 τοῦ
3287 677 3422 733 Θεοῦ
3455 677 3584 749 ἔφη’
3638 679 3713 732 Τὰ

2134 767 2324 836 ἀγαθὰ
2351 766 2553 822 ἐλθεῖν
2579 767 2688 826 δεῖ.
2717 769 3019 840 Μακάριος
3058 771 3148 837 δὲ,
3177 774 3330 850 φησὶ,
3362 773 3438 827 δι’
3457 771 3529 826 οὗ
3547 773 3716 841 ἔρχε-

2134 879 2227 916 ται
2241 861 2372 934 (15).
2391 863 2635 938 Ὁμοίως
2660 862 2891 934 ἀνάγκη
2925 865 3021 918 καὶ
3048 864 3120 919 τὰ
3145 865 3300 920 κακὰ
3323 864 3522 920 ἐλθεῖν
3538 883 3553 897 ·
3578 864 3713 919 οὐαὶ

2133 953 2202 1007 δὲ
2227 952 2301 1006 δι’
2321 953 2392 1006 οὗ
2423 955 2678 1022 ἔρχεται.
2701 955 2766 1008 El
2795 954 2852 1009 δὲ
2879 955 2966 1009 διὰ
2994 955 3179 1012 κακῶν
3217 955 3432 1028 ἔρχεται
3460 954 3529 1010 τά
3546 955 3713 1018 κακὰ,

2134 1047 2228 1100 καὶ
2243 1043 2330 1100 διὰ
2344 1047 2565 1115 ἀγαθῶν
2579 1047 2758 1116 ἀγαθά
2771 1047 3018 1119 φέρεται,
3032 1053 3309 1120 προσεῖναι
3325 1048 3403 1102 δεῖ
3418 1048 3632 1119 ἑκάστῳ
3643 1050 3711 1111 η’,

2133 1139 2240 1191 εἴτε
2275 1137 2479 1207 ἀγαθὸν
2521 1137 2778 1212 ἔπραξεν,
2804 1140 2912 1193 εἴτε
2943 1139 3164 1210 φαῦλον,
3203 1141 3293 1196 ἵνα
3320 1140 3415 1194 καὶ
3455 1141 3516 1194 τὸ
3563 1143 3717 1212 εἰρη-

2136 1230 2295 1301 μένον
2324 1230 2430 1284 ὑπὸ
2480 1229 2577 1284 τοῦ
2625 1232 2976 1302 Πνεύματος·
3011 1234 3117 1301 ὀς
3153 1232 3451 1292 ἀποδώσει
3476 1233 3716 1296 ἑκάστῳ

2132 1323 2283 1378 κατὰ
2309 1322 2382 1377 τὰ
2416 1323 2562 1394 ἔργα
2611 1325 2819 1388 αὐτοῦ,
2849 1325 3045 1396 ἀληθὲς
3134 1326 3352 1391 πάντως
3401 1327 3496 1380 καὶ
3540 1326 3716 1396 ἀναμι-

2132 1414 2369 1484 φίλογον-
2407 1414 2558 1486 Πλὴν
2579 1413 2714 1491 ἀλλά
2744 1415 2838 1469 τὸν
2867 1416 3069 1489 ἀρετῆς
3093 1417 3228 1481 ὅλως
3248 1417 3711 1489 ἀντιποιούμενον,

2130 1506 2250 1562 δέον
2275 1507 2422 1560 ἐστὶν
2450 1507 2529 1570 ὡς
2565 1510 2595 1568 ὁ
2623 1509 2862 1580 Χριστὸς
2899 1510 3109 1581 εἰρηκε,
3164 1511 3259 1564 καὶ
3311 1512 3439 1575 τοὺς
3485 1511 3714 1583 ἐχθροὺς

2130 1597 2368 1671 ἀγαπᾷν·
2409 1598 2489 1657 ἔτι
2517 1600 2624 1672 μὴν
2650 1601 2744 1654 καὶ
2775 1601 2916 1673 ὑπὲρ
2944 1601 3124 1658 αὐτῶν
3161 1601 3436 1674 εὔχεσθαι,
3472 1603 3715 1668 καὶτοὺς

2129 1688 2502 1762 λοιδοροῦντας
2524 1693 2786 1761 εὐλογεῖν,
2816 1693 2912 1747 καὶ
2940 1696 3054 1758 τοῖς
3086 1695 3452 1767 έπηρεάξουσι
3498 1714 3715 1768 συγχω-

459 1773 514 1816 et
544 1775 802 1833 praeterea
827 1783 927 1837 pro
963 1770 1071 1830 illis
1097 1786 1278 1838 orare,
1311 1782 1366 1828 et
1395 1776 1835 1832 conviciantibus
1866 1778 2030 1834 bene-

2135 1784 2267 1852 ρεῐν.
2306 1781 2463 1836 Οὕτω
2505 1783 2616 1857 γὰρ
2638 1785 2874 1857 ἀκριϐὴς
2915 1785 3068 1847 ἔσται
3103 1786 3276 1856 φύλαξ
3306 1787 3415 1842 τῶν
3457 1787 3711 1851 ἐντολῶν,

455 1854 656 1925 dicere,
687 1866 742 1914 et
784 1861 1249 1923 calumniantibus
1303 1869 1620 1925 condonare
1639 1871 1708 1926 ⁸³.
1741 1871 1834 1929 Sic
1879 1873 2027 1930 enim

453 1951 685 2022 diligens
737 1956 840 2010 erit
901 1958 1288 2020 mandatorum
1359 1973 1594 2033 custos;
1636 1975 1801 2036 atque
1867 1967 2027 2024 venia

453 2047 699 2101 omnium
749 2060 1095 2118 peccatorum
1145 2055 1216 2110 ob
1280 2057 1602 2119 charitatem
1659 2076 1790 2133 erga
1839 2062 2028 2133 proxi-

457 2149 602 2189 tuum
643 2149 886 2208 accepta,
917 2157 947 2195 e
969 2142 1077 2197 vita
1107 2144 1371 2204 discedet.

525 2225 736 2285 XCVII.
777 2231 936 2289 "llis
964 2249 1064 2306 ego
1091 2238 1290 2296 auditis
1318 2259 1334 2302 :
1365 2241 1554 2312 Multa,
1585 2248 2027 2320 inquam,facere

451 2322 782 2391 possumus:
808 2337 862 2383 at
888 2329 1127 2387 inimicis
1147 2331 1487 2406 benefacere,
1505 2355 1696 2396 omnes
1718 2359 1908 2400 eorum
1937 2348 2026 2403 in-

425 2415 623 2486 .jurias
659 2420 978 2491 tolerando,
1028 2435 1088 2480 ut
1131 2427 1264 2483 insit
1301 2428 1358 2483 in
1400 2430 1643 2489 humana
1671 2447 1888 2504 natura,
1921 2439 2025 2494 im-

450 2511 715 2578 possibile
739 2524 892 2582 puto.
930 2515 1066 2571 Tum
1102 2517 1298 2576 Petrus
1323 2525 1642 2593 respondit:
1676 2525 1843 2584 Recte
1865 2529 2021 2585 locu-

454 2605 542 2652 tus
565 2614 643 2656 es.
680 2599 817 2657 Cum
847 2604 993 2660 enim
1034 2609 1348 2666 humanitas
1379 2628 1546 2669 causa
1583 2617 1656 2670 sit
1699 2617 2024 2676 immortali-

454 2691 603 2756 tatis,
633 2693 804 2747 multo
825 2706 1059 2752 constat.
1093 2697 1227 2753 Nam
1260 2701 1306 2756 si
1333 2703 1456 2772 quis
1481 2716 1630 2760 certo
1659 2707 1761 2762 sibi
1789 2725 2022 2779 persua-

450 2784 595 2849 deat,
621 2785 894 2853 inimicos,
941 2789 1070 2843 dum
1111 2806 1251 2860 quos
1297 2795 1532 2850 oderunt
1560 2809 1759 2854 vexant
1789 2801 1858 2856 ad
1887 2811 2024 2858 tem-

453 2889 577 2943 pus,
602 2874 940 2932 liberationis
981 2880 1052 2935 ab
1099 2890 1308 2937 asterno
1329 2887 1602 2955 supplicio
1633 2889 1741 2945 illis
1771 2902 2024 2952 auctores

451 2979 599 3030 esse,
631 2980 725 3022 eos
764 2975 1026 3038 tanquam
1071 2971 1344 3030 beneﬁcos
1381 2991 1568 3034 amore
1605 2983 2020 3052 complectetur.

2131 1874 2228 1927 καὶ
2274 1874 2344 1928 τὰ
2394 1877 2767 1948 ἁμαρτήματα
2801 1879 2980 1932 πάντα
3019 1879 3108 1936 διὰ
3133 1880 3235 1950 τῆς
3264 1883 3344 1945 εἰς
3367 1881 3459 1964 τδν
3487 1881 3715 1954 πλησίον

2135 1964 2356 2038 ἀγάπης
2388 1969 2786 2040 συγχωρηοεὶς,
2818 1971 3196 2028 ἀπελεύσεται.

2206 2240 2410 2300 XCVII.
2435 2244 2652 2302 Τούτων
2671 2247 2912 2315 ἀκούσας
2933 2251 3114 2316 αὐτὸς,
3149 2252 3326 2306 Πολλά
3343 2253 3388 2286 θ’
3412 2255 3513 2326 μὲν
3539 2257 3715 2328 πράτ-

2131 2349 2243 2388 τειν
2261 2335 2307 2367 ⁸³
2340 2336 2579 2404 δυνατὸν,
2601 2339 2756 2413 ἔφην·
2785 2341 3015 2415 ἐχθροὺς
3050 2344 3107 2397 δὲ
3143 2347 3475 2417 εὐεργετεῖν,
3533 2351 3714 2402 πᾶσαν

2129 2428 2308 2484 αὐτῶν
2346 2431 2688 2504 ὑποφέροντα
2716 2434 2818 2503 τὴν
2849 2435 3144 2506 ἐπήρειαν,
3175 2438 3277 2491 οὐκ
3306 2434 3459 2510 οἶμαι
3487 2439 3713 2494 δυνατὸν

2129 2521 2442 2597 ἀνθρωπεία
2481 2529 2764 2596 προσεῖναι
2809 2525 2995 2597 φύσει.
3037 2530 3149 2584 Καὶ
3186 2528 3217 2584 ὁ
3249 2531 3481 2603 Πέτρος,
3508 2532 3714 2605 Ὀρθῶς

2127 2610 2285 2682 ἔφης,
2314 2614 2666 2687 ἀπεκρίνατο.
2711 2618 3037 2684 Ἀθανασὶας
3078 2621 3188 2694 γὰρ
3214 2623 3362 2681 αἰτία
3391 2621 3530 2679 οὖσα
3555 2628 3586 2696 ἡ
3620 2643 3711 2694 φι-

2127 2701 2462 2776 λανθρωπία,
2508 2707 2703 2762 πολλοῦ
2761 2710 2982 2765 δίδοται.
3027 2713 3151 2770 Ἐὰν
3181 2714 3290 2786 γὰρ
3317 2715 3709 2790 πληροφορηθῇ

2128 2813 2234 2859 τις,
2257 2795 2338 2849 ὅτι
2359 2798 2408 2850 ol
2439 2798 2623 2871 ἐχθροὶ
2651 2801 2791 2872 πρὸς
2821 2804 3014 2876 καιρὸν
3052 2807 3446 2878 κακουχοῦντες
3484 2809 3577 2872 οὒς
3623 2829 3712 2881 μι-

2129 2886 2350 2962 σοῦσιν,
2369 2890 2590 2944 αἰωνίου
2618 2893 2893 2959 κολάσεως
2931 2896 3251 2969 ἀπαλλαγῆς
3279 2900 3463 2964 αὐτοῖς
3477 2902 3524 2932 ⁸⁹
3550 2904 3711 2964 αῖτῳι

2127 2979 2390 3048 γίνονται,
2417 2981 2494 3047 ὡς
2525 2986 2819 3058 εὐεργέτας
2858 2987 3057 3054 αὐτοὺς
3080 2990 3475 3063 ἀγαπήσουσιν.
3503 2995 3710 3059 Ἀλλως

452 3055 627 3112 Aliter
652 3068 832 3114 autem
863 3075 1025 3116 nemo
1052 3071 1234 3132 potest
1260 3066 1363 3122 hoc
1387 3071 1702 3127 mandatum
1741 3076 2022 3148 perlicere,

2130 3069 2182 3124 δὲ
2222 3072 2484 3130 ἀδύνατόν
2519 3095 2640 3133 τινα
2669 3079 2770 3150 τὴν
2805 3080 3064 3154 τοιαύτην
3091 3083 3312 3156 ἐντολὴν
3343 3087 3709 3159 κατορθῶσαι,

453 3149 559 3204 nisi
600 3149 758 3206 valde
793 3150 964 3208 Deum
989 3155 1204 3228 diligat,
1234 3167 1289 3214 et
1319 3160 1374 3215 in
1419 3162 1568 3220 illius
1599 3165 1796 3224 timore
1835 3169 1908 3224 sit
1930 3170 2020 3224 in-

451 3242 695 3299 stitutus.
729 3243 818 3300 Ait
842 3235 988 3302 enim
1017 3266 1030 3304 :
1057 3247 1284 3304 Initium
1309 3254 1607 3324 sapientius,
1637 3259 1800 3313 timor
1829 3260 1925 3316 Dei
1948 3263 2016 3318 9°.

451 3332 557 3400 Qui
609 3349 790 3396 autem
824 3339 1024 3396 timore
1052 3339 1146 3398 Dei
1185 3342 1428 3403 imbutus
1459 3347 1643 3420 fuerit,
1670 3353 1739 3408 ad
1782 3355 2023 3412 Charita—

453 3435 558 3482 tem
614 3431 842 3487 omnino
884 3437 1204 3505 perveniet,
1265 3441 1570 3513 eodemque
1615 3444 1736 3500 loco
1803 3446 2023 3504 habebit

449 3518 782 3587 proximum,
804 3537 914 3592 quo
935 3524 1198 3594 seipsum.
1217 3525 1321 3582 Ista
1347 3539 1635 3600 postquam
1651 3530 1845 3588 Petrus
1863 3533 2023 3603 dixit,

449 3603 674 3680 vespera
696 3615 1041 3683 succedente,
1072 3616 1142 3672 ad
1168 3633 1423 3676 somnum
1462 3638 1566 3678 nos
1594 3626 1946 3682 contulimus.

519 3703 754 3760 XCVIII.
797 3705 1065 3763 "Exorto
1107 3720 1288 3767 autem
1346 3728 1528 3779 mane,
1582 3715 1866 3786 ingressus
1920 3718 2023 3774 Pe-

451 3804 594 3862 trus,
648 3795 724 3853 ait
757 3815 770 3851 :
800 3797 1054 3856 Clemens
1100 3819 1226 3858 cum
1281 3811 1459 3860 matre
1499 3821 1599 3865 sua
1645 3807 1926 3868 Matthidia
1967 3823 2023 3867 et

451 3901 573 3940 mea
604 3901 777 3942 uxore
831 3889 996 3945 simul
1016 3891 1070 3946 In
1095 3908 1260 3949 curru
1291 3895 1630 3954 consideant.
1663 3898 2020 3970 Pergentibus

451 3988 632 4035 autem
661 3981 816 4036 nobis
838 3998 934 4052 per
954 3984 1097 4049 viam
1131 4003 1253 4056 quae
1276 3986 1556 4044 Balanzeas
1578 3989 1752 4058 ducit,
1784 3994 2021 4050 interro-

450 4074 598 4143 gavit
623 4088 709 4128 me
733 4085 928 4142 mater,
966 4091 1078 4146 quo
1109 4079 1269 4132 modo
1298 4089 1454 4148 pater
1492 4091 1698 4152 ageret.
1732 4083 1854 4140 Dixi
1879 4102 2018 4159 ego:

449 4165 530 4218 Ad
565 4164 966 4237 indagationem
999 4167 1076 4221 tui
1109 4177 1162 4222 et
1189 4171 1529 4238 geminorum
1551 4172 1849 4231 liberorum
1881 4178 2025 4234 Fau-

450 4256 578 4310 stini
607 4265 661 4312 et
695 4256 1034 4314 Faustiniani
1079 4276 1354 4346 egressus,
1391 4262 1774 4335 incompertus.
1797 4281 2018 4329 manet:

2133 3163 2182 3217 ei
2212 3165 2286 3238 μὴ
2321 3166 2528 3238 σφόδρα
2555 3169 2646 3222 τὸν
2671 3171 2804 3224 Θεὸν
2832 3173 3062 3243 ἀγαπῶν
3096 3175 3203 3248 εἴη,
3226 3178 3305 3249 τῷ
3335 3179 3526 3234 τούτου
3563 3182 3712 3254 φόϐῳ

2133 3257 2665 3332 παιδαγωγούμενος.
2698 3265 2835 3336 Φησὶ
2880 3267 3017 3340 γάρ·
3055 3269 3236 3339 Ἀρχὴ
3268 3273 3491 3341 σοφίας
3526 3277 3709 3344 φόϐος

2136 3350 2282 3408 Θεοῦ
2302 3351 2368 3406 ’⁸.
2408 3353 2500 3424 Τῷ
2523 3355 2732 3412 ἐκείνου
2780 3357 2838 3411 δὲ
2889 3359 3039 3432 φόϐῳ
3082 3362 3447 3433 στοιχειωθείς
3491 3383 3598 3430 τις,
3627 3369 3709 3430 εἰς

2131 3441 2352 3516 ἀγάπην
2379 3444 2495 3516 ἥξει
2523 3446 2761 3512 πάντως,
2792 3452 2888 3505 καὶ
2913 3450 3088 3517 οὕτως
3115 3451 3227 3519 ἕξει
3255 3454 3458 3510 καὶτὸν
3483 3457 3709 3529 πλησίον

2127 3533 2206 3598 ὡς
2226 3535 2435 3594 ἑαυτόν.
2469 3539 2656 3594 Ταῦτα
2673 3541 2772 3594 τοῦ
2802 3545 3010 3616 Πέτρου
3041 3545 3309 3614 εἰπόντος,
3332 3549 3570 3622 ἑσπέρας
3591 3553 3709 3605 ἐπι.

2127 3628 2560 3704 καταλαϐούσης,
2601 3635 2681 3698 εἰς
2702 3633 2869 3688 ὕπνον
2900 3637 3241 3711 ἐτράπημεν.

2198 3720 2430 3778 XCVIII.
2475 3724 2717 3796 Ὄρθρου
2742 3726 2797 3780 δὲ
2824 3731 3116 3801 γενομένου
3136 3732 3204 3797 ⁸³,
3229 3732 3412 3787 εἰσιὼν
3439 3735 3470 3787 ὀ
3507 3736 3708 3808 Πέτρος

2128 3811 2267 3886 ἔφη’·
2309 3814 2367 3867 '0
2396 3815 2495 3885 μὲν
2521 3815 2752 3888 Κλήμης
2785 3820 2924 3890 μετά
2953 3822 3054 3892 τῆς
3097 3824 3290 3880 ἑαυτοῦ
3322 3828 3527 3899 μητρὸς
3554 3831 3704 3882 Ματ-

2129 3903 2324 3969 θιδίας,
2348 3907 2565 3978 καὶτῆς
2597 3909 2738 3980 ἐμῆς
2771 3914 3049 3982 γυναικὸς,
3094 3915 3212 3988 ἅμα
3243 3919 3337 3972 ἐπὶ
3369 3920 3464 3980 τοῦ
3506 3921 3699 3992 ornus.

2126 4013 2217 4060 τος
2245 3996 2681 4063 καθεζέσθωσαν.
2721 4003 3046 4075 ὀρμὼντων
3072 4009 3128 4063 δὲ
3157 4010 3316 4081 ἡμῶν
3361 4012 3460 4084 τὴν
3494 4015 3586 4066 ἐπὶ
3611 4015 3686 4068 Βα

2125 4087 2351 4154 λαναίας
2369 4089 2418 4122 ’⁵
2441 4090 2578 4157 ὁδὸν,
2605 4093 2836 4149 ἐπύθετό
2861 4115 2963 4168 μου
2995 4101 3028 4171 ή
3073 4103 3276 4174 μήτηρ,
3315 4105 3432 4169 πῶς
3463 4107 3491 4158 ὁ
3528 4108 3703 4178 πατὴρ

2123 4178 2315 4250 διάγει.
2341 4182 2512 4252 Κάγὼ
2540 4184 2704 4258 ἔφην·
2745 4188 2867 4246 Ἐπὶ
2897 4191 3120 4262 ζήτησιν
3162 4211 3256 4248 σου
3288 4198 3383 4251 καὶ
3419 4199 3531 4252 τῶν
3572 4199 3703 4253 διδύο

2128 4289 2244 4344 μων
2273 4273 2428 4340 υἱῶν,
2456 4278 2755 4332 Φαυπίνου
2799 4298 2858 4333 τε
2908 4284 3000 4336 καὶ
3037 4287 3421 4343 Φαυστινιανοῦ
3453 4292 3700 4358 ἐξελθὼν,

451 4357 582 4418 puto
602 4359 782 4403 autem
807 4364 933 4406 eum
964 4367 1090 4405 mox
1114 4352 1317 4408 obiisse
1339 4372 1355 4420 ;
1380 4355 1465 4409 vel
1498 4356 1642 4411 enim
1669 4358 1926 4418 incidisse
1963 4364 2016 4418 in

452 4441 795 4463 ,ηρ-,ημῲ
849 4442 998 4463 __-.,__
1512 4448 1528 4463 .
1573 4451 1585 4463 .
1629 4449 1642 4463 .
1878 4454 1890 4463 -

2130 4364 2413 4438 ἀνεύρετος
2439 4369 2608 4440 μένεν
2654 4367 2806 4443 οἶμαι
2824 4373 2880 4427 δὲ
2903 4375 3044 4446 τάχα
3066 4379 3160 4431 καὶ
3181 4352 3507 4453 τελευτῆσαι⁷
3522 4352 3700 4450 αὑτὸν,

450 4441 822 4513 naufragium,
849 4442 1002 4496 velin
1032 4443 1117 4498 via
1151 4445 1416 4502 cecidisse
1447 4448 1530 4504 vel
1555 4449 1742 4507 dolore
1757 4454 2022 4512 exc-dente

2130 4457 2158 4530 ἢ
2190 4461 2422 4532 ναυαγίᾳ
2466 4441 2850 4533 περιπεσόντα,
2880 4465 2912 4536 ἢ
2945 4441 3006 4519 εὖ
3023 4469 3128 4540 ὁδῷ
3157 4441 3424 4539 σφαλέντα
3447 4475 3512 4538 ⁸⁸,
3546 4477 3578 4546 ἢ
3610 4441 3700 4548 τηἐ

451 4533 627 4587 tabem
663 4548 786 4588 esse
824 4548 1069 4602 passum.
1113 4533 1206 4589 Illa
1238 4551 1368 4591 vero
1396 4539 1647 4607 audiens,
1679 4553 1732 4597 et
1757 4543 1809 4596 in
1847 4544 2020 4618 lacry-

452 4641 572 4680 mas
601 4625 796 4692 eﬂusa,
827 4626 1092 4697 ingemuit
1134 4628 1377 4699 quidem,
1407 4646 1471 4687 ac
1496 4647 1638 4703 aegre
1664 4635 1854 4691 habuit
1881 4653 1894 4690 :
1924 4653 2020 4694 ve-

450 4732 571 4771 rum
600 4718 748 4788 quod
798 4734 886 4774 me
922 4719 1241 4788 invenisset,
1280 4723 1510 4779 multum
1555 4725 1623 4781 de
1667 4742 1906 4787 maerore
1931 4731 2020 4786 de-

2127 4551 2305 4605 κεδόνι
2335 4552 2512 4625 λύπης
2538 4557 2827 4627 μαρασμὸν
2873 4558 3241 4632 ὑπομείναντα
3263 4564 3328 4617 ⁸⁸.
3371 4566 3434 4619 Ἦ
3453 4567 3510 4621 δὲ
3542 4568 3695 4622 ἀκού·

2128 4660 2268 4697 σασα
2295 4647 2388 4698 καὶ
2412 4647 2708 4719 ὲπίδακρυς
2731 4651 3018 4724 γενομένη,
3041 4655 3293 4722 ἐστέναξε
3336 4660 3433 4729 μὲν
3475 4661 3569 4714 καὶ
3613 4662 3699 4715 λυ-

2124 4735 2317 4806 πηρῶς
2342 4736 2578 4810 εἶχεοτῇ
2603 4739 2646 4792 δ’
2683 4741 2792 4813 ὲμῇ
2821 4742 3043 4814 εὑρέσει
3083 4747 3142 4800 τὸ
3195 4749 3330 4805 πολὺ
3375 4753 3476 4824 τῆς
3526 4753 3698 4824 λύπης

1708 4874 1944 4931 ἾΑΒῙᾸΕ
1979 4876 2362 4936 LECTIONES

535 5009 583 5040 ⁸ο
622 5010 692 5083 al.
740 5009 862 5064 add.
895 5010 926 5082 ἦ
960 5009 1420 5083 κατορθωμάτων,

447 5089 617 5134 ment.
653 5081 799 5151 hom_.
850 5081 947 5147 ιιι,
973 5081 1225 5151 (ξαρζ52.
1292 5083 1338 5115 ⁸⁵
1375 5082 1565 5139 Matth.
1599 5101 1661 5150 v;
1695 5085 1826 5143 Luc.
1875 5105 1947 5142 vt.

490 5165 692 5220 raapon.
729 5145 892 5223 εἶναι.
935 5145 1014 5184 “⁸⁹
1039 5145 1124 5207 ἰιΙ.
1167 5152 1355 5223 αὐτῆς.
1433 5155 1479 5187 ὀ
1517 5145 1676 5210 Prov.
1719 5174 1772 5218 ι,
1823 5158 1872 5212 7.

490 5165 692 5220 raapon.
737 5165 892 5205 ειναι.
970 5165 1014 5184 θ’
1053 5165 1124 5207 al.
1167 5165 1355 5223 αυτης.
1433 5165 1479 5187 ὐ
1517 5165 1676 5210 Prov.
1719 5174 1772 5218 ι,
1823 5165 1872 5212 7.
1950 5165 1994 5192 ⁹¹

449 5165 486 5278 I’.
515 5237 611 5286 vu,
641 5236 687 5275 c.
722 5220 810 5288 25,
833 5232 937 5278 etc.
1016 5223 1061 5256 "
1078 5223 1476 5294 διαγενομένου.
1555 5226 1602 5258 ⁸⁸
1632 5229 1704 5283 al.
1739 5229 2027 5294 Βαλανέας.

1518 5014 1561 5046 ⁸¹
1593 5013 1761 5070 Matth
1818 5034 1984 5085 xvm;
2014 5017 2148 5074 Luc.
2174 5035 2305 5074 xvu.
2387 5020 2430 5052 ⁸³
2456 5021 2530 5076 al.
2571 5021 2698 5078 add.
2727 5023 2790 5076 τὸ
2819 5023 2971 5077 ἴδιον.
3029 5022 3076 5054 ⁸³
3109 5021 3266 5075 Rom.
3304 5022 3436 5084 11.6.
3503 5023 3550 5055 “
3579 5025 3687 5079 (Ile-

1518 5084 1541 5121 ιι
1599 5101 1660 5121 ιι-
1695 5085 1717 5121 ῐ
1742 5104 1807 5121 nn
1875 5105 1924 5121 ιη
2045 5090 2093 5121 εί
2142 5091 2382 5121 l‘lnmnno
2475 5093 2597 5121 tu“...
2667 5111 2755 5121 ...η
2813 5111 2840 5121 ι.
2916 5096 2982 5121 ἰτ
3103 5094 3146 5121 87
3179 5093 3224 5121 ..I
3282 5094 3332 5121 -‘
3365 5095 3490 5121 ενι-
3555 5097 3601 5121 ιι
3626 5097 3672 5121 ,ι

2045 5091 2093 5126 ⁸⁸
2142 5091 2430 5154 Clement.,
2475 5093 2620 5150 hom.
2667 5111 2780 5160 xxi,
2811 5111 2862 5150 c.
2915 5096 3004 5150 '55.
3103 5094 3146 5124 ⁸⁷
3177 5093 3247 5147 al.
3282 5094 3332 5146 τ’
3360 5095 3514 5150 ἄλλα.
3555 5097 3601 5127 ⁸⁸
3625 5097 3673 5150 al

1950 5161 2007 5249 "L
2029 5159 2470 5249 ala-atumet)...”
2501 5164 2766 5249 Clement.
2796 5167 2946 5249 Itoni.
2979 5179 3095 5249 x'lll.
3122 5164 3257 5249 6.1,
3287 5175 3426 5229 etc.,
3457 5165 3674 5238 liecogn

2143 5180 2208 5214 κυ
2252 5180 2347 5214 ιου.
2426 5180 2470 5195 ’-
2501 5180 2766 5220 metuent.
2798 5180 2946 5219 nom.
2979 5180 3095 5218 xui.
3122 5180 3152 5218 c
3206 5180 3257 5229 ι,
3287 5187 3293 5214 ι

2105 5232 2150 5264 ⁸⁵
2183 5180 2323 5299 Ορυὶἁ
2346 5233 2718 5304 δίσφαγέντα.
2796 5235 2843 5267 ’⁸
2881 5236 2954 5290 al.
2989 5235 3293 5305 ὑπομεῖναι,

3103 5094 3146 5124 ⁸⁷
3177 5093 3247 5147 al.
3282 5094 3332 5146 τ’
3360 5095 3514 5150 ἄλλα.
3555 5097 3601 5127 ⁸⁸
3625 5097 3694 5150 al.

1716 5341 2081 5401 VARIORUM
2117 5345 2351 5404 NOTAE.

668 5475 744 5553 ’ζὰ
793 5476 983 5545 ἀγαθὰ
1027 5477 1227 5553 Mlier??-
1251 5477 1385 5553 δεῖν
1407 5480 1707 5553 Μακάριος
1733 5481 1825 5546 δὲ,
1850 5485 2022 5553 φησι,

2133 5503 2254 5542 nem
2306 5488 2601 5555 Ebionitae;
2651 5490 2807 5561 quasi
2851 5489 3090 5546 diceret:
3146 5488 3213 5547 Ut
3259 5491 3395 5550 dixit
3441 5490 3694 5549 Christus

448 5545 942 5645 ,Oﬂfﬁxﬁafh
968 5555 1073 5630 οἷοι
1103 5546 1202 5645 ξ’ίι
1228 5545 2020 5645 'credideri‘yﬁ:ipfieniplari
2117 5570 2366 5645 oportere
2391 5576 2514 5645 esse
2537 5545 2834 5645 scandala:
2856 5561 3126 5645 si‘cetiam
3150 5571 3361 5645 oportet
3387 5577 3508 5618 esse
3526 5563 3689 5645 bona;

451 5615 1050 5702 E_h_ioniticp‘hiat_tiitei,
1103 5618 1174 5673 ita
1228 5620 1447 5702 lectum.
1482 5615 2012 5702 _Verisimiliusittihi
2119 5615 2656 5702 eiquemadmodum
2681 5615 2818 5687 dixit
2844 5615 2989 5687 sva
3005 5615 3686 5702 segniusiamsucida“;

452 5685 666 5745 videtur
687 5687 842 5742 citari
889 5687 978 5744 hic
1014 5697 1219 5744 textum
1253 5691 1376 5759 loci,
1404 5700 1498 5747 aut
1525 5693 1705 5762 potius
1733 5695 2009 5752 collectio-

2119 5699 2190 5754 ita
2213 5699 2274 5756 ’et
2304 5716 2442 5769 euge
2477 5701 2620 5758 dicet
2656 5720 2839 5760 rerum
2865 5705 3135 5760 bonarum
3168 5705 3401 5760 auctori.
3430 5702 3506 5759 ι».
