4040 6146
323 350 414 406 5M

1137 347 1598 405 CLEMENTINA.
1632 375 1704 386 -—
1733 345 2033 404 EPITOME
2061 345 2147 400 DE
2181 345 2424 402 GESTIS
2465 347 2521 401 S.
2556 348 2780 404 PETRI.

3453 347 3557 402 542

323 467 705 536 παρεμυθεῖτο.
731 467 1160 538 Κατηντήσαμεν
1175 463 1360 531 οῦνείς
1381 464 1684 528 Βαλαναίας
1695 464 1739 496 ’⁷
1755 462 1889 534 (14),
1921 515 1924 523 .

2005 461 2268 516 trahebat.
2309 460 2665 518 Pervenimus
2714 481 2845 535 ergo
2874 467 3152 525 Baianaeas
3179 484 3194 522 :
3223 478 3278 524 et
3309 468 3554 540 sequenti

323 557 415 610 καὶ
443 560 508 627 τῇ
538 557 763 628 ἐπιούσῃ
802 559 883 620 εἰς
923 558 1128 612 Πάλτον
1145 559 1192 591 ⁸⁸
1222 558 1476 630 ἡλθομεν,
1523 555 1778 632 κάκεῖθεν
1813 556 1892 618 εἰς

323 648 556 702 Γάϐαλα.
589 649 666 720 Τῇ
694 649 750 702 δὲ
787 649 948 722 ἑτέρᾳ
996 651 1416 723 κατηντήσαμεν
1439 650 1519 712 εις
1556 646 1889 701 Λαοδίκειαν.

323 741 431 794 Kal.
485 741 593 794 ἰδοὺ
629 741 738 811 πρὸ
791 740 902 796 τῶν
947 740 1127 812 θυρῶν
1174 741 1508 813 Νικήτηςιτε
1538 737 1633 792 καὶ
1667 737 1895 800 Ἀκύλας

321 833 573 903 ἀπήντων
623 833 778 903 ἡμῖν,
836 833 928 886 καὶ
979 833 1440 904 καταφιλήσαντες
1482 825 1616 901 ἦγον
1659 829 1752 882 ἐπὶ
1795 828 1893 901 τὴν

323 927 496 992 ξενίαν
515 927 581 978 ⁸³.
599 926 655 981 '0
671 925 727 979 δὲ
745 925 951 998 Πέτρος
967 924 1136 997 καλὴν
1158 925 1251 979 καὶ
1275 922 1514 995 μεγάλην
1537 920 1688 974 πόλιν
1748 918 1892 986 ἰδὼν,

326 1017 526 1083 Ἀξιον,
573 1015 714 1088 ἔφη,
787 1016 1024 1071 ἐνταῦθα
1079 1017 1291 1092 ἡμέρας
1337 1017 1486 1087 ἡμᾶς
1547 1018 1890 1087 προσμεῖναι.

323 1108 550 1160 Δυνατὸν
572 1107 682 1180 γὰρ
711 1109 768 1161 ἐν
813 1106 894 1178 τῷ
940 1107 1157 1179 πλήθει,
1201 1107 1293 1162 καί
1328 1124 1482 1171 τινας
1507 1105 1767 1178 εὑρέσθαι
1797 1107 1896 1177 τῆς

323 1199 415 1252 τοῦ
445 1200 678 1272 Χριστοῦ
709 1199 927 1272 μερίδος
954 1199 1155 1265 ἀξίους.
1208 1201 1266 1255 '0
1293 1199 1392 1271 μὲν
1415 1194 1509 1254 οὖν
1530 1199 1779 1270 Νικήτης
1802 1198 1896 1252 καὶ

338 1290 565 1354 Ἀκύλας
610 1291 968 1345 ἐπυνθάνοντό
1015 1308 1139 1362 μου,
1186 1290 1272 1354 τίς
1313 1288 1381 1345 ἂν
1431 1290 1570 1370 εῐηὴ
1603 1289 1727 1360 ξένη
1755 1287 1894 1360 αὕτη

323 1383 475 1453 γυνή.
509 1381 678 1453 Κάγὼ
720 1381 881 1454 ἔφην·
926 1381 1062 1458 Ἐμή
1095 1383 1296 1454 μήτηρ,
1332 1381 1398 1451 ἢν
1421 1379 1719 1450 ἐπιγνῶναι
1748 1397 1838 1452 μοι
1867 1379 1896 1432 ὁ

323 1471 454 1534 Θεὸς
485 1471 574 1524 διὰ
600 1471 808 1541 Πέτρου
832 1470 926 1525 τοῦ
958 1471 1162 1541 Κυρίου
1205 1487 1305 1544 μου
1336 1469 1665 1542 ἐδωρήσατο.

389 1561 573 1617 XCIX.
607 1561 790 1616 Ταῦτά
829 1579 929 1634 μου
978 1562 1239 1626 εἰπόντος,
1285 1563 1314 1615 ό
1372 1561 1577 1632 Πέτρος
1627 1561 1808 1624 αὐτοῖς
1838 1562 1897 1614 ἐν

322 1653 599 1724 κεφαλαίῳ
632 1653 807 1707 πάντα
851 1652 1084 1718 ἐξέθετο,
1111 1653 1210 1705 ὅσα
1245 1669 1304 1708 τε
1354 1651 1505 1722 παρὰ
1543 1651 1642 1724 τῆς
1695 1651 1899 1724 μητρὸς

321 1744 592 1809 ἀκούσειε,
622 1745 718 1797 καὶ
752 1744 851 1797 ὅσα
895 1742 1159 1816 πρότερον
1197 1743 1328 1814 παρ’
1362 1741 1497 1814 ἐμοῦ
1546 1742 1726 1812 μάθοι,
1769 1743 1896 1813 περί

317 1852 378 1888 τε
400 1833 492 1887 τοῦ
525 1834 904 1904 πεπλασμένου
928 1833 1138 1905 ὀνείρου
1167 1833 1295 1905 περί
1319 1851 1380 1890 τε
1408 1833 1508 1904 τῆς
1535 1835 1593 1887 ἐν
1620 1833 1698 1905 τῷ
1727 1834 1896 1905 πλοίῳ

322 1924 458 1996 μετὰ
473 1926 566 1984 καὶ
592 1925 700 1982 τῶν
734 1924 866 1978 υἱῶν
886 1924 1168 1998 ναυαγίας,
1197 1925 1292 1978 καὶ
1319 1925 1466 1987 ὅπως
1492 1924 1715 1996 ὕστερον
1737 1926 1766 1978 ό
1793 1942 1898 1978 πα-

319 2016 421 2086 τὴρ
453 2017 532 2078 εἰς
577 2014 911 2088 ἀναζήτησιν
940 2017 1039 2090 τῆς
1080 2015 1337 2087 γυναικὸς
1366 2017 1460 2068 καὶ
1500 2015 1611 2070 τῶν
1664 2015 1898 2088 διδύμων

319 2107 486 2177 αὐτῆς
507 2106 711 2164 παίδων
744 2106 931 2173 ἐκϐὰς,
962 2107 1089 2179 ἄχρι
1115 2109 1215 2178 τῆς
1247 2106 1407 2178 δεῦρο
1433 2106 1696 2178 διέμεινεν
1725 2106 1899 2176 ἄγνω-

323 2214 463 2262 στος,
522 2197 750 2270 κινδύνῳ
789 2198 950 2268 τυχὸν
993 2199 1089 2252 καὶ
1133 2197 1296 2261 αὐτὸς
1350 2195 1620 2267 θαλαττίῳ
1669 2213 1898 2267 περιπε-

323 2307 446 2344 σων,

387 2385 450 2440 C.
492 2385 710 2439 Τούτων
739 2384 881 2439 οὕτω
923 2383 1311 2454 κεφαλαιωδῶς
1356 2382 1627 2455 ῥηθέντων
1666 2381 1771 2435 ὑπὸ
1803 2380 1900 2435 τοῦ

320 2477 546 2548 Πέτρου,
575 2479 604 2530 ὁ
632 2477 871 2548 Νικήτης
890 2476 984 2529 καὶ
1022 2476 1250 2539 Ἀκύλας
1273 2474 1725 2544 καταπλαγέντες·
1753 2469 1902 2545 Ἀρά

319 2585 403 2638 γε,
439 2569 684 2622 Δέσποτα
724 2569 818 2622 καὶ
843 2568 1014 2641 Κύριε
1043 2567 1151 2621 τῶν
1191 2567 1465 2630 ἁπάντων,
1497 2561 1668 2629 εἷπον,
1683 2563 1898 2637 ἀληθὲς,

320 2659 354 2730 ἦ
386 2659 590 2730 ὄνειρός
630 2661 747 2712 ἐστι
789 2659 996 2725 ταῦτα;
1027 2658 1138 2712 Καὶ
1170 2659 1198 2710 ὁ
1234 2658 1456 2730 Πέτρος,
1488 2657 1552 2709 El
1586 2655 1658 2727 μὴ
1693 2651 1902 2725 κοιμώ-

325 2748 482 2819 μεθα,
516 2749 642 2821 ἔφη,
675 2748 872 2821 ἀληθὲς
903 2749 1175 2820 τυγχάνει.
1215 2750 1276 2804 ΟΞ
1313 2749 1369 2802 δὲ
1401 2748 1571 2819 βραχὺ
1605 2746 1900 2817 μείναντες,

322 2840 412 2892 xal.
437 2839 586 2893 ὥσπε
593 2858 624 2911 ρ
644 2840 734 2892 ἐπὶ
755 2840 996 2904 συννοίας
1024 2839 1322 2910 γενόμενοι,
1361 2837 1552 2910 Ἡμεῖς
1573 2838 1740 2908 ἐσμεν
1760 2837 1902 2889 Φαυ-

325 2931 497 2992 στῖνος
527 2930 622 2982 καὶ
649 2929 1047 2994 Φαυστινιανὸς,
1091 2929 1316 2998 ἔφασαν·
1363 2930 1458 2982 καὶ
1493 2927 1768 2999 ἀπαρχῆς,
1803 2924 1898 2979 σοῦ

323 3017 722 3090 διαλεγομένου,
753 3020 1001 3091 ἀλλήλοις
1044 3019 1423 3092 ἐμϐλέποντες,
1452 3019 1622 3074 πολλὰ
1648 3019 1774 3090 περὶ
1807 3018 1905 3072 αύ-

1995 553 2083 608 die
2123 552 2336 608 Paltum
2393 554 2614 622 ivimus,
2663 564 2720 611 et
2766 557 2892 612 inde
2941 558 3174 627 Cabala;
3204 561 3418 632 aliaque
3468 559 3559 616 die

1995 643 2318 702 Laodiceam
2364 645 2704 702 devenimus.
2757 647 2896 702 Cum
2942 666 3071 706 ecce
3098 659 3220 706 ante
3250 660 3436 722 portas
3464 667 3558 707 oc-

1995 745 2227 791 currunt
2279 737 2437 791 nobis
2491 733 2709 793 Nicetas
2732 748 2787 794 et
2815 739 3046 810 Aquila;
3093 751 3149 798 et
3176 744 3428 811 osculati,
3457 745 3553 800 dn-

1995 839 2128 882 cunt
2157 829 2224 884 ad
2255 829 2576 898 hospitium.
2605 828 2801 886 Petrus
2832 840 3016 886 autem
3051 834 3337 904 pulchram
3365 847 3420 891 et
3443 853 3560 890 ma-

1995 935 2156 991 gnam
2206 919 2480 974 civitatem
2536 921 2726 977 videns
2757 938 2770 974 :
2801 922 3041 995 Equum
3081 933 3184 991 est,
3235 925 3429 995 inquit,
3459 943 3560 983 nos

1995 1011 2087 1066 hic
2131 1010 2345 1082 aliquot
2396 1012 2514 1068 dies
2540 1016 2868 1069 commorari
2905 1033 2918 1070 :
2953 1015 3070 1070 ﬁeri
3101 1015 3246 1072 enim
3278 1026 3476 1086 potest,
3500 1025 3560 1072 ut

1996 1103 2052 1158 in
2075 1112 2224 1159 tanta
2238 1104 2586 1160 multitudine
2602 1105 2822 1175 quidam
2842 1107 3181 1176 reperiantur
3200 1107 3403 1163 Christi
3419 1122 3562 1170 sorte

1997 1211 2062 1252 ac
2108 1195 2358 1266 partibus
2385 1196 2557 1267 digni.
2586 1195 2854 1252 Caeterum
2883 1195 3100 1254 Nicetas
3124 1207 3178 1254 et
3219 1199 3416 1269 Aquila
3443 1214 3564 1268 per-

1997 1289 2368 1345 contabantur
2413 1302 2521 1354 me,
2565 1303 2815 1358 quaenam
2846 1299 2993 1344 esset
3016 1290 3108 1344 illa
3133 1290 3329 1344 mulier
3357 1300 3562 1344 extera.

1997 1377 2066 1434 Et
2115 1393 2216 1454 ego
2257 1378 2369 1434 dixi
2399 1395 2412 1432 :
2437 1376 2609 1433 Mater
2638 1394 2760 1433 mea
2789 1388 2893 1448 est,
2920 1397 3083 1452 quam
3111 1394 3170 1439 ut
3191 1395 3562 1455 agnoscerem,

1997 1471 2143 1528 Deus
2164 1470 2298 1525 mihi
2324 1478 2421 1540 per
2446 1469 2728 1526 dominum
2753 1487 2933 1526 meum
2958 1471 3177 1526 Petrum
3205 1472 3493 1527 concessit.

2067 1561 2256 1617 XCIX.
2286 1559 2412 1616 Haec
2460 1569 2747 1634 postquam
2801 1561 2946 1628 dixi;
2991 1561 3185 1616 Petrus
3227 1561 3332 1616 illis
3373 1569 3566 1614 cuncta

2003 1654 2321 1711 summatim
2347 1653 2631 1722 exposuit;
2665 1661 2778 1707 tum
2810 1669 2931 1724 qua:
2952 1669 3019 1708 ex
3047 1660 3219 1707 matre
3248 1651 3566 1714 audivisset.

1999 1753 2114 1800 tum
2151 1759 2273 1814 qua:
2307 1755 2465 1798 antea
2508 1758 2575 1798 ex
2617 1757 2705 1797 me
2729 1745 3122 1814 comperisset;
3175 1743 3458 1808 nimirum,
3503 1741 3572 1797 de

1997 1834 2215 1892 somnio
2237 1832 2491 1898 conﬁcto,
2516 1833 2584 1888 de
2607 1832 2898 1905 naufragio
2915 1849 3026 1889 una
3043 1849 3167 1890 cum
3193 1833 3381 1889 liberis
3405 1832 3570 1895 facto.

1995 1937 2052 1985 et
2077 1926 2532 1998 quemadmodum
2577 1935 2766 1997 postea
2802 1936 2956 1997 pater
2993 1927 3062 1981 ad
3105 1925 3570 1998 investigationem

1998 2019 2189 2074 uxoris
2235 2025 2398 2087 atque
2430 2017 2772 2087 geminorum
2819 2019 2940 2088 ejus
2977 2026 3230 2073 natorum
3275 2016 3570 2087 profectus,

1998 2126 2172 2181 usque
2204 2110 2384 2165 adhuc
2420 2109 2689 2164 manserit
2729 2109 2970 2179 ignotus,
3013 2108 3263 2165 fortassis
3289 2109 3403 2178 ipse
3430 2121 3572 2178 quo-

1998 2216 2105 2274 que
2130 2202 2184 2256 in
2214 2201 2384 2257 maris
2403 2201 2696 2257 discrimen
2719 2201 2992 2270 delapsus.

2069 2382 2132 2438 C.
2165 2380 2262 2439 His
2283 2382 2359 2437 ita
2386 2380 2725 2451 capitulatim
2776 2395 2808 2435 a
2849 2379 3010 2435 Petro
3040 2379 3248 2446 relatis,
3279 2377 3496 2433 Nicetas
3521 2388 3578 2434 et

1999 2475 2196 2546 Aquila
2221 2484 2442 2545 stupore
2467 2473 2710 2545 percussi
2739 2473 3028 2527 dixerunt:
3068 2468 3209 2526 ﬂere
3251 2485 3316 2525 ac
3348 2469 3577 2524 Domine

2002 2569 2274 2636 omnium,
2303 2581 2566 2623 verumne
2595 2573 2680 2620 est
2709 2565 2854 2636 quod
2881 2572 3156 2631 narratur,
3181 2577 3250 2617 an
3271 2562 3578 2618 somnium?

2001 2659 2068 2716 Et
2094 2661 2310 2729 Petrus,
2339 2658 2454 2714 Nisi
2478 2658 2808 2722 dormimus,
2841 2655 3039 2726 inquit,
3062 2670 3153 2710 res
3178 2655 3251 2709 ita
3282 2654 3464 2708 habet.
3508 2652 3578 2709 At

2002 2754 2080 2810 illi
2129 2753 2408 2824 paululum
2457 2751 2677 2816 morati,
2724 2765 2790 2806 ac
2837 2749 2986 2804 velut
3026 2746 3374 2818 co‘gitabundi
3404 2764 3418 2800 :
3445 2743 3577 2812 Nos,

2002 2845 2338 2920 inquierunt,
2359 2857 2552 2898 sumus
2569 2841 2866 2898 Faustinus
2889 2847 2943 2895 et
2962 2837 3350 2893 Faustinianus
3375 2855 3387 2889 :
3418 2846 3580 2905 atque

2003 2935 2072 2990 ab
2096 2935 2250 2990 initio
2278 2943 2384 2989 tua:
2406 2933 2762 3001 narrationis,
2785 2931 2922 2986 alter
2949 2931 3179 2985 alterum
3205 2927 3576 2998 inspicientes,

2001 3027 2297 3099 plurimum
2320 3025 2463 3081 circa
2486 3039 2587 3080 nos
2610 3021 3098 3080 considerabamus
3143 3036 3273 3074 num
3290 3035 3410 3089 quae
3433 3019 3581 3073 dice—

324 3110 429 3200 τῶν
465 3111 990 3184 κατεστοχαζόμεθα,
1025 3113 1098 3185 μὴ
1131 3112 1237 3184 ἄρα
1268 3113 1366 3184 οὐχ
1401 3114 1535 3184 ἡμῖν
1578 3111 1810 3185 διαφέρῃ
1836 3110 1905 3165 τὰ

2005 3120 2208 3175 bantur
2228 3118 2294 3173 ad
2317 3132 2417 3172 nos
2444 3117 2808 3186 pertinerent;
2841 3121 3173 3185 reputantes,
3195 3111 3361 3165 multa
3380 3108 3580 3164 similia

324 3199 613 3274 λεγόμενα,
656 3202 995 3274 λογιζόμενοι
1040 3203 1120 3263 ὅτι
1155 3204 1327 3258 πολλὰ
1375 3202 1651 3275 παρόμοια
1698 3203 1905 3271 γίνεται

323 3294 382 3347 ἐν
409 3294 489 3364 τῷ
520 3293 639 3366 βίῳ·
679 3295 760 3348 διὸ
787 3295 880 3354 καὶ
916 3295 1236 3366 ἐσιωπῶμεν
1278 3294 1603 3366 παλλόμενοι
1628 3293 1727 3358 τὰς
1770 3311 1906 3364 καρ-

325 3376 462 3446 δίας.
499 3383 644 3455 Πρὸς
681 3383 740 3437 δὲ
779 3384 841 3438 τὸ
883 3384 1034 3448 τέλος
1061 3383 1158 3439 νῦν
1197 3384 1306 3438 τῶν
1342 3384 1650 3457 λεγομένων
1691 3384 1906 3450 ἰδόντες,

328 3475 419 3526 καὶ
445 3474 663 3543 γνόντες
692 3474 955 3552 ἀκριϐῶς,
987 3475 1067 3528 ὅτι
1097 3493 1203 3547 περ
1233 3477 1363 3548 ἡμῖν
1397 3475 1643 3546 διαφέρει
1669 3475 1742 3536 τὰ
1767 3475 1909 3546 εἰρη-

332 3565 487 3637 μένα,
509 3565 628 3619 τότε
653 3566 878 3629 ἑαυτοὺς
899 3566 1412 3638 ἀνωμολογήσαμεν.
1436 3567 1542 3620 Καὶ
1561 3565 1719 3620 τοῦτο
1738 3568 1912 3622 εἰπόν-

327 3676 436 3727 τες,
473 3657 610 3730 μετὰ
643 3657 894 3731 δακρύων
923 3658 1240 3730 ἐπεισῆλθον
1264 3661 1330 3729 τῇ
1366 3659 1549 3732 μητρὶ,
1581 3660 1674 3712 καὶ
1704 3677 1908 3729 κοιμω-

331 3749 498 3820 μένην
531 3749 800 3821 εὑρόντες,
828 3749 1250 3822 περιπλέκεσθαι
1285 3749 1386 3821 ήδη
1423 3735 1718 3806 ἐϐούλοντο.
1762 3751 1820 3804 '0
1850 3751 1908 3804 δὲ

330 3842 534 3911 Πέτρος
561 3841 830 3895 ἐκώλυσεν
868 3841 1084 3906 αὐτοὺς,
1116 3841 1303 3894 εἰπών’
1353 3841 1581 3894 Ἑάσατέ
1635 3859 1722 3912 με,
1749 3841 1911 3906 αὐτὸς

330 3935 474 4004 ὑμᾶς
500 3935 566 4003 τῇ
603 3934 768 4005 μητρὶ
810 3932 1162 4003 προσαγάγω,
1201 3931 1396 4002 μήπως
1439 3931 1544 3985 ὑπὸ
1569 3932 1666 4001 τῆς
1711 3932 1912 4003 πολλῆς

330 4024 596 4094 αἰφνιδίου
622 4024 814 4096 χαρᾶς,
858 4023 949 4076 καλ⁴
979 4024 1058 4085 εἰς
1085 4022 1340 4076 ἔκστασιν
1374 4021 1515 4075 ἔλθοι
1547 4021 1781 4094 φρενῶν,
1816 4023 1912 4076 ἆτε

330 4117 393 4187 δὴ
440 4115 533 4168 καὶ
583 4115 921 4184 κοιμωμένη,
966 4113 1059 4166 καὶ
1088 4112 1150 4165 τὺ
1203 4111 1420 4183 πνεῦμα
1449 4112 1554 4165 ὑπὸ
1599 4111 1694 4166 τοῦ
1740 4112 1910 4167 ὕπνου

328 4207 443 4277 ἀπη
452 4206 614 4277 σχολη
623 4206 780 4276 μένον
809 4204 931 4276 ἔχου
939 4221 1023 4257 σα.

401 4298 487 4353 Cl.
523 4299 712 4369 Ὅμως
742 4298 864 4350 ἐπεὶ
894 4297 1052 4366 κόρον
1076 4295 1203 4366 ἔσχε
1229 4294 1322 4349 τοῦ
1356 4295 1545 4361 ὕπνου,
1576 4295 1914 4369 διεγερθείσῃ

328 4393 395 4461 τῇ
431 4391 619 4461 μητρὶ,
651 4392 678 4442 ὁ
713 4390 921 4460 Πέτρος
951 4388 1078 4459 περὶ
1115 4386 1422 4450 θεοσεϐείας
1459 4387 1594 4458 αὐτῇ
1620 4386 1913 4457 διαλεχθεὶς

2008 3211 2063 3266 in
2087 3210 2198 3270 vita
2233 3209 2546 3278 contingere
2577 3225 2589 3260 :
2629 3206 2885 3276 quocirca
2912 3214 2966 3258 et
3006 3202 3281 3267 siluimus,
3317 3214 3442 3254 cum
3485 3211 3584 3253 cor

2009 3310 2253 3356 nostrum
2285 3298 2591 3374 palpitaret.
2623 3295 2781 3350 Nunc
2809 3310 2941 3348 vero
2970 3293 3024 3347 in
3049 3292 3156 3347 ﬁne
3184 3289 3473 3352 sermonis,
3496 3288 3581 3342 vi-

2008 3392 2197 3448 dentes
2227 3405 2290 3445 ac
2333 3389 2503 3460 probe
2544 3388 2798 3453 scientes,
2838 3400 2962 3458 qua:
3002 3400 3032 3438 a
3066 3392 3118 3437 te
3147 3383 3287 3436 dicta
3333 3389 3481 3444 sunt,
3515 3379 3582 3434 ad

2009 3501 2110 3540 nos
2138 3483 2429 3560 pertinere,
2479 3491 2610 3537 tunc
2649 3495 2751 3541 nos
2794 3477 3213 3535 declaravimus.
3257 3474 3434 3544 Atque
3481 3474 3584 3527 hoc

2009 3577 2175 3643 dicto,
2202 3591 2326 3633 cum
2360 3575 2612 3648 lacrymis
2637 3571 3002 3646 properabant
3038 3570 3104 3624 ad
3135 3578 3360 3622 matrem
3385 3608 3400 3632 ,
3432 3581 3584 3620 eam-

2010 3684 2116 3739 que
2141 3651 2498 3722 dormientem
2527 3665 2694 3728 nacti,
2721 3663 2970 3733 protinus
2993 3659 3274 3730 complecti
3309 3659 3582 3712 volebant.

2011 3759 2118 3816 Sed
2145 3757 2339 3814 Petrus
2367 3757 2666 3828 prohibuit,
2711 3755 2940 3810 dicens:
2975 3751 3146 3807 Sinite
3185 3766 3301 3816 me;
3334 3750 3449 3819 ipse
3485 3763 3584 3802 vos

2011 3851 2079 3907 ad
2109 3857 2336 3904 matrem
2364 3848 2662 3913 adducam;
2689 3861 2756 3900 ne
2782 3845 2921 3901 forte
2944 3845 3114 3899 multo
3144 3842 3344 3914 gaudio
3367 3847 3586 3910 repente

2013 3937 2355 4004 adveniente,
2377 3935 2433 3989 in
2467 3936 2635 3989 animi
2664 3945 2940 4004 stuporem
2981 3933 3220 3998 incidat;
3252 3939 3436 4001 utpote
3465 3945 3586 3999 qua:

2011 4032 2176 4088 etiam
2203 4028 2459 4092 dormiat,
2487 4029 2850 4100 spiritumque
2888 4042 3083 4082 somno
3116 4026 3308 4080 habeat
3348 4039 3585 4092 oecupa-

2012 4132 2150 4179 tum.

2085 4279 2172 4336 CI.
2209 4280 2475 4336 Caeterum
2521 4287 2811 4349 postquam
2862 4293 3115 4333 somnum
3159 4276 3226 4330 ad
3276 4277 3584 4331 satietatem

2016 4379 2179 4450 cepit,
2208 4393 2272 4432 ac
2297 4384 2611 4446 experrecta
2636 4384 2720 4430 est
2741 4384 2934 4440 mater,
2955 4373 3148 4428 Petrus
3173 4372 3240 4427 ad
3266 4371 3409 4426 illam
3435 4371 3587 4440 prius

330 4484 597 4555 πρότερον
629 4483 720 4535 καὶ
759 4480 950 4534 εἰπών·
983 4477 1277 4532 Γινώσκειν
1322 4496 1382 4532 σε
1427 4478 1584 4543 θέλω,
1616 4477 1796 4547 γύναι,
1820 4478 1918 4549 τῆς

2021 4465 2323 4526 sermonem
2358 4468 2548 4523 habuit
2571 4468 2637 4522 de
2677 4466 2824 4520 cultu
2858 4464 2976 4532 Dei,
3010 4481 3074 4520 ac
3118 4464 3296 4518 dixit:
3347 4462 3499 4517 Scire
3539 4471 3590 4516 te

329 4569 606 4641 ἡμετέρας
635 4569 868 4631 πίστεως
893 4568 993 4640 τὴν
1016 4567 1320 4640 ἀκρίϐειαν.
1359 4567 1496 4620 Ἕνα
1537 4567 1647 4639 γὰρ
1674 4568 1806 4621 Θεὸν
1839 4567 1921 4620 σέ-

2021 4561 2167 4625 volo,
2183 4559 2396 4623 mulier,
2413 4566 2615 4613 nostra:
2625 4556 2746 4611 ﬁdei
2773 4555 3113 4624 disciplinam
3129 4554 3217 4607 “‘°.
3235 4550 3413 4607 Unum
3443 4551 3588 4604 enim

329 4663 500 4732 6ομεν
533 4663 625 4714 τὸν
663 4660 1001 4731 πεποιηκότα
1043 4660 1268 4732 οὐρανόν
1313 4676 1373 4712 τε
1412 4659 1507 4712 καὶ
1553 4659 1676 4730 γῆν,
1720 4661 1814 4712 καὶ
1859 4657 1920 4712 ὃν

2025 4651 2195 4707 Deum
2229 4650 2483 4715 colimus,
2526 4648 2832 4704 ell‘ectorem
2865 4647 2987 4700 (ια)ιὶ
3024 4653 3079 4700 et
3124 4653 3301 4711 terrae,
3339 4643 3590 4711 ethujus

331 4753 464 4822 ὁρᾷς
499 4751 722 4822 κόσμον·
762 4751 858 4803 καὶ
883 4749 1073 4803 τούτου
1113 4748 1456 4818 φυλάσσομεν
1483 4747 1576 4802 τὸν
1604 4747 1787 4818 νόμον,
1818 4765 1919 4800 πε-

338 4843 586 4914 ριέχοντα
614 4844 671 4894 ἐν
699 4839 938 4912 πρώτοις
983 4840 1146 4894 αὑτὸν
1183 4839 1360 4892 σέϐειν
1394 4839 1574 4910 μόνον,
1607 4839 1701 4892 καὶ
1727 4839 1790 4891 τὸ
1819 4838 1918 4891 αύ-

332 4932 427 4986 τοῦ
458 4932 706 5000 άγιάζειν
751 4932 940 5002 ὄνομα,
971 4933 1135 5002 τιμᾷν
1165 4947 1227 4983 τε
1271 4933 1448 4999 γονεῖς
1476 4931 1570 4982 καὶ
1605 4932 1919 5000 σωφρονεῖν,

337 5023 586 5093 βιοῦντας
606 5023 1001 5093 ἀνεπιλήπτως,
1018 5021 1110 5074 καὶ
1141 5020 1418 5092 τραπέζης
1438 5020 1654 5091 ἐθνικῆς
1688 5020 1762 5091 μὴ
1791 5036 1922 5090 μετ-

2023 4759 2185 4814 quem
2216 4742 2369 4797 vides
2405 4741 2625 4807 mundi;
2665 4739 2892 4808 ejusque
2929 4739 3100 4808 legem
3141 4751 3442 4800 servamus,
3471 4750 3592 4804 quae

2024 4834 2080 4889 in
2106 4833 2298 4904 primis
2345 4831 2607 4896 continet,
2656 4831 2834 4900 ipsum
2881 4829 3058 4884 solum
3113 4828 3396 4883 colendum
3447 4841 3588 4891 esse,

2029 4923 2480 4982 sanctiﬁcandum
2511 4937 2708 4977 nomen
2756 4921 2896 4992 ejus,
2922 4918 3271 4974 honorandos
3317 4926 3589 4987 parentes,

2028 5025 2392 5088 temperanter
2439 5015 2728 5069 vivendum
2767 5022 2818 5066 et
2851 5013 3161 5081 incnlpate;
3202 5025 3303 5066 nec
3346 5024 3588 5063 mensam

336 5115 503 5185 ἐχειν,
545 5113 634 5167 διὰ
663 5115 725 5166 τὸ
762 5112 1082 5184 άκαθάρτως
1115 5112 1308 5174 αὐτοὺς
1336 5109 1725 5163 πολιτεύεσθαι.
1759 5111 1922 5162 Ὅταν

2005 5121 2152 5161 cum
2183 5106 2472 5178 gentilibus
2502 5118 2848 5159 communem
2881 5103 3202 5166 habendam,
3234 5101 3378 5170 quod
3417 5101 3592 5167 impu-

332 5208 392 5261 δὲ
422 5207 700 5278 πείσωμεν
728 5207 926 5268 αὐτοὺς
958 5203 1029 5258 τά
1067 5205 1165 5274 τῆς
1195 5203 1449 5274 ἀληθείας
1479 5203 1694 5273 φρονεῖν
1729 5218 1790 5254 τε
1829 5199 1922 5253 καὶ

2025 5213 2146 5254 ram
2171 5199 2339 5252 vitam
2389 5198 2607 5267 degant.
2639 5195 2776 5250 Cum
2821 5202 2999 5252 autem
3029 5195 3108 5250 eis
3160 5191 3590 5260 persuaserimus

1619 5335 1854 5397 VARUE
1892 5334 2293 5392 LECTIONES.

413 5489 458 5521 97
500 5485 572 5541 al.
613 5481 908 5542 Βαλανέας.
985 5479 1030 5511 ⁸⁸
1067 5479 1138 5533 al.
1195 5476 1426 5533 Πάλταν.
1503 5478 1547 5510 θ’
1587 5477 1658 5531 al.
1700 5474 1894 5528 οἰκίαν.
1975 5435 2043 5508 ¹δ⁰
2081 5475 2118 5530 1.
2151 5473 2282 5532 Rec.
2307 5477 2343 5531 1.
2367 5490 2497 5544 x,c.
2527 5474 2613 5530 47.

1613 5582 1979 5645 VARIORUM
2014 5581 2242 5640 ΝΟΤᾹΞ.

418 5687 1052 5776 (1.1.)ἾΒαλαναιάςὼυιξρ
1087 5682 1160 5737 De
1205 5683 1312 5740 situ
1371 5685 1566 5739 horum
1623 5681 1798 5754 Syrian
1832 5681 2074 5739 locorum
2143 5683 2262 5776 vide
2314 5696 2436 5754 quae
2473 5679 2686 5748 collegit
2737 5679 3047 5749 Christoph.
3081 5675 3365 5738 Cellarius.
3398 5671 3583 5744 Ceoqr.

350 5752 473 5818 4m.
506 5752 600 5817 lib.
631 5775 713 5824 ιιι,
739 5773 858 5826 cap.
888 5755 976 5810 21.
1002 5752 1167 5808 (Σιειι,
