4066 6140
514 279 614 336 543

1386 276 1442 333 s.
1479 275 1869 332 CLEMENTIS
1905 277 1923 330 ι
1968 274 2130 330 non.
2173 268 2374 325 rem.
2413 266 2638 322 OPERA
2675 239 2902 323 eum.

3647 255 3752 312 5H

508 396 711 452 sentire
757 408 822 450 ac
865 391 1047 450 facere
1096 408 1160 448 ea
1205 406 1326 461 quae
1371 389 1439 443 ad
1489 389 1770 443 veritatem
1820 395 2062 455 spectant

2195 381 2386 442 ποιεῖν,
2429 377 2522 430 τοῦ
2563 374 2709 447 ἱεροῦ
2758 373 3125 445 βαπτίσματος
3155 367 3477 436 ἀξιώσαντες
3519 365 3575 418 ὲν
3605 381 3754 434 τρισ·

507 503 665 544 sacro
688 487 961 557 baptismo
985 486 1040 540 in
1073 494 1154 540 ter
1191 485 1344 538 beata
1382 481 1618 552 quadam
1655 479 1889 533 nominis
1919 477 2077 530 invo-

505 580 720 633 catione
745 580 824 634 eis
853 578 1078 641 donato,
1113 585 1225 630 tum
1253 580 1470 628 demum
1501 588 1607 626 una
1637 588 1759 627 cum
1786 571 1891 625 illis
1914 570 2075 624 etiam

504 673 799 726 vescimur.
846 668 1066 739 Alioqui
1091 683 1191 722 nec
1223 668 1266 721 si
1318 674 1470 735 pater
1504 665 1598 729 sit,
1643 672 1737 717 aut
1764 672 1955 725 mater,
1983 669 2078 714 aut

503 777 665 827 uxor,
693 771 789 816 aut
821 761 1022 831 proles,
1057 767 1154 814 aut
1201 757 1388 822 frater,
1413 765 1507 810 aut
1548 754 1728 824 quivis
1751 752 1889 807 alius
1913 761 2076 804 natu-

502 853 601 907 rali
627 867 814 907 amore
841 853 1063 917 cbarus,
1089 865 1214 906 cum
1247 850 1365 918 ipso
1408 848 1588 902 cibum
1623 861 1838 900 sumere
1868 843 2074 898 licitum

500 953 584 998 est
616 943 793 998 nobis.
837 941 952 996 Hoc
979 942 1178 1012 quippe
1208 939 1506 1010 prmscrtim
1535 938 1605 992 ob
1645 937 1803 991 fidem
1840 936 2073 1016 agimus.

501 1033 579 1090 Ne
609 1037 772 1106 igitur
803 1035 1189 1091 contumeliam
1221 1035 1522 1099 existimes,
1554 1032 1698 1102 quod
1728 1047 1872 1086 nunc
1894 1039 2072 1087 tecum

502 1128 646 1185 filius
669 1113 849 1186 cibum
879 1147 985 1186 non
1008 1130 1209 1200 capiat,
1240 1143 1523 1200 usquequo
1561 1136 1619 1182 tu
1660 1127 1846 1183 eadem
1888 1126 2074 1184 nobis-

502 1238 627 1277 cum
665 1223 872 1278 sentias
900 1232 952 1276 et
987 1237 1137 1291 agas.
1992 1236 2008 1254 -‘

569 1331 678 1386 cu.
708 1330 802 1386 llis
831 1333 921 1393 illa
949 1330 1171 1396 auditis,
1204 1329 1322 1392 ait:
1359 1328 1501 1398 Quid
1543 1310 1673 1399 ergo
1704 1327 1928 1399 impedit
1973 1327 2074 1384 ho-

497 1424 585 1478 die
613 1439 699 1478 me
728 1422 1031 1494 baptizari?
1063 1437 1185 1492 quae
1199 1429 1253 1477 et
1268 1431 1394 1476 ante
1418 1436 1584 1495 quam
1612 1419 1852 1493 viderem
1879 1429 1951 1488 te,
1976 1435 2072 1476 eos

498 1515 590 1585 qui
616 1515 872 1570 dicuntur
898 1529 1020 1569 esse
1056 1511 1128 1568 dii
1160 1520 1408 1567 aversata
1445 1527 1588 1577 sum,
1612 1526 1710 1580 per
1729 1510 1872 1568 hanc
1902 1512 2071 1568 ratio-

497 1604 850 1670 cinationem,
880 1603 1024 1674 quod
1057 1619 1182 1658 cum
1211 1602 1381 1657 multa
1406 1601 1516 1656 fere
1533 1601 1773 1672 quotidie
1803 1601 1935 1672 ipsis
1963 1602 2069 1657 im-

498 1699 782 1764 molarem,
809 1699 944 1757 mihi
973 1697 1026 1751 in
1045 1697 1290 1752 adversis
1327 1697 1492 1750 rebus
1523 1711 1629 1750 non
1668 1695 1959 1751 adfuerint.
1992 1695 2069 1752 De

497 1799 688 1860 stupro
713 1802 894 1847 autem
926 1790 1056 1860 quid
1101 1797 1317 1859 oportet
1349 1804 1434 1843 me
1461 1789 1680 1843 dicere?
1719 1787 2065 1858 quandoqui-

495 1885 618 1939 dem
647 1900 747 1943 nec
776 1883 996 1941 divitem
1026 1882 1233 1938 deliciae
1259 1898 1344 1936 me
1368 1881 1432 1935 ad
1461 1883 1564 1935 hoc
1594 1881 1911 1950 pellexerint
1932 1898 1946 1947 ;
1971 1895 2069 1936 nec

495 1976 788 2031 subsecuta
831 1984 1124 2046 paupertas
1168 1989 1233 2029 eo
1264 1975 1448 2028 venire
1497 1989 1581 2027 me
1606 1973 1962 2044 compulerit;
2008 1983 2069 2028 ut

493 2084 616 2138 qua:
659 2068 976 2136 pudicitiam
1026 2067 1171 2130 velut
1220 2065 1520 2121 maximum
1563 2064 1778 2119 bonum
1817 2079 2068 2135 capesse-

491 2173 606 2211 rem
630 2175 644 2224 ;
676 2160 833 2227 cujus
859 2157 1032 2226 gratia
1056 2157 1186 2211 etin
1213 2164 1416 2212 tantam
1453 2155 1816 2210 calamitatem
1850 2154 2063 2211 deveni.

494 2249 597 2304 Sed
630 2264 728 2304 nec
765 2257 815 2304 te
861 2249 1118 2314 arbitror,
1169 2248 1393 2303 domine
1440 2246 1514 2301 mi
1556 2245 1741 2311 Petre,
1788 2245 2063 2315 ignorare,

491 2337 754 2406 majorem
798 2339 1152 2409 cupiditatem
1191 2354 1259 2394 ex
1303 2339 1422 2396 lauta
1456 2337 1674 2392 fortuna
1705 2337 1877 2392 oriri:
1924 2336 2068 2392 unde

488 2445 589 2497 ego
614 2445 737 2499 qua:
779 2429 832 2484 in
862 2431 1116 2486 secundis
1151 2430 1319 2486 rebus
1347 2437 1644 2499 temperate
1679 2428 1810 2494 vixi,
1855 2428 1910 2483 in
1939 2427 2067 2483 afﬂi-

488 2521 669 2576 ctione
697 2537 784 2594 me
820 2522 1192 2592 voluptatibus
1223 2537 1330 2578 non
1365 2521 1524 2578 dedo.
1558 2519 1743 2590 Neque
1767 2535 1895 2575 vero
1920 2534 2067 2576 nunc

488 2611 733 2664 animum
772 2627 952 2666 meum
989 2611 1270 2668 existimes
1295 2610 1614 2681 argritudine
1649 2625 1771 2666 esse
1811 2609 2062 2674 liberum,

490 2701 585 2772 qui
618 2701 962 2770 aliquantum
1008 2701 1400 2760 consolationis
1447 2709 1640 2755 nactus
1685 2709 1770 2755 est
1819 2715 1915 2771 per
1943 2698 2063 2754 Cle-

488 2797 689 2854 mentis
737 2797 1185 2868 recognitionem.
1219 2794 1530 2852 Succedens
1568 2811 1806 2865 namque
1845 2793 2063 2850 tristitia

487 2909 555 2947 ex
581 2893 797 2949 duobus
824 2894 1010 2949 liberis
1052 2892 1188 2947 meis
1218 2901 1366 2958 nata,
1403 2891 1504 2945 hoc
1526 2887 1903 2958 qualecunque
1928 2900 2064 2956 gau-

487 2982 642 3036 dium
673 2982 952 3038 obscurat.
981 2979 1101 3036 Non
1135 2981 1280 3037 enim
1311 2979 1446 3034 adeo
1490 2993 1591 3032 nos
1632 2976 1938 3042 contristat,
1969 2989 2065 3030 eos

2183 468 2427 541 μακαρίᾳ
2468 468 2576 520 τινί⁵
2637 465 2991 536 ὲπονομασία,
3030 463 3152 516 τότε
3187 461 3252 532 δὴ
3295 460 3478 521 αὐτοῖς
3505 457 3598 510 καὶ
3630 472 3754 509 συν-

2178 558 2502 629 αυλιζόμεθα
2527 558 2564 612 ί.
2606 558 2758 610 Ἐπεὶ
2778 556 2886 610 οὐδ’
2926 555 2992 608 ἂν
3027 551 3259 624 πατὴρῆ
3290 551 3472 621 μήτηρ
3489 547 3750 619 τυγχάνῃ.

2170 653 2210 724 -ἢ
2242 652 2398 722 γυνὴ,
2436 651 2470 722 ἢ
2498 651 2707 713 τέκνον,
2735 649 2768 720 ἢ
2800 645 3113 717 ἀδελφὸςφῆ
3142 643 3297 706 ἄλλος
3325 658 3410 705 τις
3444 642 3509 694 ὲκ
3539 639 3752 709 φύσεως

2175 745 2274 817 τὴν
2299 733 2536 815 στοργὴν
2567 743 2724 814 ἔχων,
2763 738 3139 794 συνεστιᾶσθαι
3165 734 3313 806 αὑτῷ
3349 732 3566 804 θεμιτὸν
3595 733 3746 802 ἡμῖν.

2176 837 2223 891 Π
2231 837 2370 898 ίστει,
2389 817 2497 909 γὰρ
2511 834 2870 906 διαφερόντως
2882 830 3040 884 τοῦτο
3065 828 3218 883 ποιοῦ
3227 843 3340 898 μεν·
3367 825 3459 896 Μὴ
3479 819 3572 878 οὖν
3594 821 3749 894 ὓϐριν

2166 927 2471 999 ,ἡγήσῃιτὸ
2519 926 2594 998 μὴ
2621 924 2718 979 νῦν
2755 921 3127 980 συνεστιᾶσθαί
3171 937 3251 972 σοι
3289 917 3378 972 τὸν
3429 917 3566 982 υίὸν,
3593 915 3752 986 ἄχρις

2177 1020 2244 1074 ἂν
2276 1022 2298 1059 ³
2325 1019 2394 1080 τὰ
2424 1019 2562 1074 αὑτά
2589 1020 2724 1091 ἡμῖν
2757 1018 2960 1090 φρονῇς
2988 1015 3084 1070 καὶ
3115 1015 3312 1084 ποιῇς..

2242 1327 2352 1386 Cll.
2400 1328 2464 1384 Ἥ
2496 1327 2554 1382 δὲ
2592 1325 2892 1392 ἀκούσασα,
2928 1325 3053 1399 ἔφη·
3095 1325 3162 1379 Τί
3201 1320 3292 1379 οὖν
3332 1321 3529 1377 κωλύει
3559 1337 3625 1390 με
3654 1321 3752 1392 σή-

2175 1437 2343 1492 μερον
2375 1419 2764 1491 βαπτισθῆναι;
2793 1419 2954 1482 Ἦτις
2980 1417 3074 1471 καὶ
3101 1416 3207 1488 πρὸ
3231 1415 3326 1469 τοῦ
3359 1413 3483 1468 ἰδεῖν
3514 1429 3594 1478 σε,
3619 1412 3745 1474 τοὺς

2171 1513 2497 1588 λεγομένους
2525 1513 2678 1577 θεοὺς
2723 1511 3078 1584 ἀπεστράφην
3105 1509 3346 1580 λογισμῷ
3385 1505 3629 1578 τοιούτῳ,
3659 1505 3744 1558 ὅτι

2172 1605 2343 1662 πολλά
2389 1605 2574 1676 σχεδὸν
2624 1606 2744 1660 καθ’
2787 1604 2998 1677 ἡμέραν
3048 1603 3250 1677 θυούσῃ
3295 1620 3383 1674 μοι
3431 1599 3658 1663 τούτοις,
3688 1601 3748 1652 ὲν

2169 1700 2291 1764 ταῖς
2327 1697 2595 1766 ἀνάγκαις
2630 1697 2690 1750 οὐ
2741 1693 3171 1768 παρεστάθησάν“
3208 1712 3312 1766 μοι.
3349 1691 3484 1765 Περὶ
3528 1692 3585 1745 δὲ
3625 1709 3746 1763 μοι-

2097 1751 2140 1813 B
2168 1751 2319 1858 χείας
2345 1751 2410 1841 τί
2425 1751 2505 1841 έεϊ
2667 1788 2760 1840 καὶ
2789 1751 2995 1856 λέγειν;
3043 1751 3296 1839 θπότίἀν
3334 1751 3455 1837 οὐδέ
3487 1751 3746 1837 πλουτοῦ-

2169 1896 2268 1932 σαν
2297 1880 2474 1951 τρυφή
2521 1896 2589 1950 με
2630 1878 2766 1950 πρὸς
2819 1876 2976 1930 τοῦτο
3016 1876 3315 1948 ἠπάτησεν·
3367 1874 3488 1928 οὐδὲ
3530 1875 3564 1944 ή
3609 1872 3747 1944 μετά

2165 1969 2340 2024 ταῦτα
2368 1968 2529 2023 πενία
2569 1969 2661 2022 ἐπὶ
2697 1967 2852 2029 τοῦτο
2880 1985 2943 2037 γε
2985 1967 3158 2020 ἐλθεῖν
3194 1964 3626 2037 κατηνάγκασεν,
3651 1965 3746 2017 ἆτε

2167 2061 2232 2134 δὴ
2252 2062 2351 2132 τῆς
2389 2059 2740 2132 σωφροσύνης
2768 2059 2845 2124 ὡς
2884 2059 3137 2131 μεγίστου
3174 2055 3339 2116 καλοῦ
3370 2055 3749 2125 ἀντιποιουμέ-

2166 2171 2264 2225 νης
2288 2171 2416 2226 μου’
2449 2147 2517 2225 ἧς
2545 2153 2737 2216 ἕνεκα,
2761 2151 2857 2206 καὶ
2897 2152 2978 2214 είς
3005 2149 3271 2220 τοσαύτην
3297 2145 3456 2220 ἦλθον
3490 2146 3747 2218 περίστα-

2168 2261 2271 2299 σιν.
2326 2245 2464 2298 Ἀλλ’
2496 2245 2616 2299 οὐδέ
2649 2263 2707 2297 σε
2755 2241 2928 2318 οἶμαι,
2960 2243 3116 2317 κύριέ
3151 2260 3250 2314 μου
3287 2242 3477 2312 Πέτρε,
3507 2240 3742 2308 ἀγνοεῖν,

2161 2334 2247 2390 ὅτι
2307 2337 2341 2406 ὴ
2388 2335 2588 2390 πλείων
2641 2334 2903 2407 ἐπιθυμία
2951 2334 3010 2402 ἐξ
3052 2332 3322 2404 εὐθυμιῶν
3359 2331 3580 2400 γίνεται·
3624 2329 3746 2381 ὃθεν

2161 2425 2278 2496 ἐγὼ
2328 2428 2384 2480 ὲν
2431 2427 2667 2499 εὐθυμία
2720 2428 3144 2499 σωφρονήσασα,
3183 2427 3239 2477 ἐν
3293 2423 3559 2494 δυσθυμία
3607 2421 3747 2492 πρὸς

2165 2517 2360 2589 ἡδονάς
2387 2520 2586 2593 ἑαυτὴν
2613 2521 2714 2580 οὐκ
2751 2520 3026 2591 ἐκδίδωμι.
3075 2518 3234 2572 Ἀλλά
3263 2517 3397 2590 μηδὲ
3419 2515 3512 2569 νῦν
3541 2530 3744 2568 κακου-

2163 2610 2288 2682 χίας
2316 2612 2659 2684 ἀπηλλάχθαι
2697 2613 2926 2685 νομίσῃς
2953 2630 3053 2683 μου
3089 2612 3188 2683 τὴν
3217 2610 3412 2682 ψυχὴν,
3441 2608 3538 2678 τὴν
3567 2604 3745 2669 ποσῶς

2166 2700 2518 2772 παραμυθίας
2549 2701 2835 2772 τυχοῦσαν,
2865 2701 2954 2754 διά
2975 2701 3072 2774 τὴν
3101 2701 3413 2770 Κλήμεντος
3445 2694 3744 2767 ἀναγνώρι-

2168 2810 2264 2846 σιν.
2308 2791 2786 2864 Ἀντεισερχομένη
2815 2792 2922 2861 γὰρ
2952 2795 2984 2862 ἡ
3030 2793 3093 2844 ὲκ
3123 2789 3230 2842 τῶν
3270 2786 3363 2840 δύο
3394 2804 3495 2860 μου
3540 2786 3744 2838 τέκνων

2165 2880 2370 2952 ἀθυμία
2395 2882 2436 2948 ³,
2467 2882 2561 2943 καὶ⁴
2587 2882 2686 2954 τὴν
2727 2881 2908 2945 ποσῶς
2941 2883 3180 2955 ἀμαυροῖ
3219 2879 3413 2950 χαράν.
3444 2879 3618 2932 Λυπεί
3636 2874 3745 2948 γάρ

2165 2975 2311 3046 ἡμᾶς
2335 2973 2395 3026 οὑ
2425 2973 2680 3028 τοσοῦτον
2706 2973 2767 3026 τὺ
2796 2975 2852 3027 έν
2879 2976 2945 3046 τῇ
2969 2971 3212 3044 θαλάσσῃ
3248 2970 3470 3033 τούτους
3500 2983 3744 3040 παραπο-

489 3074 543 3128 in
575 3075 712 3128 mari
739 3074 879 3129 male
897 3073 1146 3144 periisse,
1170 3087 1335 3143 quam
1362 3070 1480 3127 sine
1502 3069 1701 3140 pietate
1719 3083 1846 3139 erga
1868 3065 2060 3132 Deum,

2164 3063 2369 3131 λέσθαι,
2401 3065 2524 3118 ὅσον
2552 3064 2647 3119 καὶ
2671 3064 2692 3096 ⁸⁵
2721 3065 2891 3135 χωρὶς
2919 3062 3018 3134 τῆς
3057 3062 3135 3126 είς
3161 3061 3293 3114 Θεὸν
3323 3059 3602 3122 εὐσεϐείας
3631 3057 3746 3110 δια-

488 3182 596 3221 una
629 3182 752 3220 cum
802 3166 1001 3220 animis
1043 3165 1318 3222 interiisse
1365 3177 1556 3219 eorum
1605 3175 1857 3230 corpora.
1905 3157 2066 3213 Pater

485 3267 668 3314 autem
689 3275 904 3322 eorum,
929 3274 1193 3330 meusque
1219 3256 1467 3322 maritus,
1489 3253 1946 3326 quemadmodum
1971 3266 2066 3322 per

485 3349 819 3404 Clementem
859 3350 1119 3419 comperi,
1153 3349 1220 3406 ad
1257 3349 1608 3422 quaerendum
1636 3361 1722 3399 me
1753 3360 1816 3398 ac
1864 3343 2064 3398 liberos

485 3457 835 3514 progressus,
868 3450 947 3497 tot
971 3443 1132 3500 annis
1176 3459 1285 3498 non
1317 3449 1596 3510 comparet
1623 3457 1636 3493 :
1667 3453 1893 3509 prorsus
1932 3451 2063 3490 vero

486 3545 538 3589 et
568 3535 684 3604 ipse
711 3536 866 3590 obiit.
901 3533 1115 3589 Etenim
1145 3534 1331 3599 miser,
1360 3533 1430 3588 ob
1450 3529 1840 3588 continentiam
1869 3527 2063 3598 dilige-

485 3629 577 3684 bat
609 3645 694 3685 me
716 3637 770 3684 et
793 3639 910 3684 erat
937 3645 1129 3684 amans
1155 3628 1450 3682 liberorum
1479 3643 1492 3680 :
1521 3641 1690 3696 quare
1717 3623 1932 3680 cunctis
1966 3637 2065 3678 no—

485 3721 592 3785 bis,
619 3737 648 3775 a
683 3736 740 3775 se
768 3736 932 3790 super
957 3720 1142 3775 omnia
1179 3719 1414 3784 dilectis,
1450 3717 1676 3773 orbatus
1720 3730 1908 3786 senex,
1951 3730 2063 3785 pra:

485 3812 730 3866 maximo
751 3811 940 3866 dolore
963 3809 1243 3866 occubuit.

555 3998 687 4055 Clll.
718 3999 942 4055 Matrem
974 4015 1106 4054 vero
1135 3999 1252 4055 haec
1293 3999 1535 4055 locutam
1569 3999 1852 4058 audientes
1879 4001 2058 4070 liberi,

484 4106 594 4146 non
653 4092 909 4162 amplius,
964 4090 1264 4147 secundum
1312 4091 1460 4147 Petri
1503 4092 1954 4160 admonitionem,
2003 4109 2061 4150 se

483 4183 764 4238 continere
806 4191 1145 4252 potuerunt:
1200 4181 1297 4238 sed
1334 4191 1710 4252 exsurgentes,
1755 4192 1870 4239 tum
1905 4199 2060 4238 com-

483 4275 862 4345 plectebantur
887 4289 1032 4338 eam,
1060 4281 1116 4328 et
1142 4288 1268 4328 cum
1299 4273 1555 4344 lacrymis
1579 4270 2056 4330 deosculabantur.

2168 3153 2434 3226 φθαρῆναι
2467 3154 2603 3227 μετά
2630 3172 2694 3225 γε
2721 3155 2828 3208 τῶν
2859 3153 3046 3225 ψυχῶν
3075 3153 3256 3215 αὐτοῖς
3285 3151 3380 3205 καὶ
3405 3149 3475 3203 τά
3499 3148 3740 3220 σώματα.

2179 3245 2235 3298 Ὀ
2265 3244 2323 3299 δὲ
2372 3245 2579 3298 τούτων
2630 3243 2835 3318 πατὴρ,
2871 3243 3000 3314 ἐμὸς
3045 3241 3102 3296 δὲ
3149 3239 3417 3303 σύνευνος,
3465 3238 3542 3300 ὡς
3597 3237 3746 3309 παρά

2165 3337 2480 3409 Κλήμεντος
2522 3336 2742 3408 ἔμαθον,
2776 3335 2868 3390 ὲπί
2913 3352 2973 3388 τε
3023 3335 3122 3405 τὴν
3150 3333 3286 3405 ἐμὴν
3324 3333 3418 3386 καὶ
3459 3331 3567 3384 τῶν
3614 3329 3744 3382 υἱῶν

2165 3428 2390 3502 ζήτησιν
2434 3426 2622 3492 ὲκὸἀς,
2673 3427 2948 3492 τοσούτοις
2980 3427 3154 3480 ἔτεσιν
3183 3426 3394 3497 ἀφανής
3431 3425 3566 3484 ἐστι·
3613 3424 3744 3478 πάν-

2163 3537 2272 3585 σως
2298 3519 2355 3575 δὲ
2388 3520 2482 3574 xui.
2509 3519 2671 3583 αὐτὸς
2707 3518 3042 3590 ἐτελεύτησε.
3074 3518 3182 3571 Καὶ
3215 3515 3320 3589 γάρ
3349 3518 3376 3568 ὁ
3403 3514 3744 3585 ταλαίπωρος

2167 3611 2272 3665 ὑπὸ
2321 3611 2670 3683 σωφροσύνης
2722 3627 2788 3682 με
2841 3608 3090 3680 ἀγαπῶν,
3128 3608 3438 3678 φιλότεκνος
3487 3602 3575 3678 ἦν·
3625 3606 3743 3659 ὅθεν

2163 3702 2378 3758 πάντων
2410 3703 2565 3775 ἡμῶν
2609 3700 2719 3759 τῶν
2769 3701 2911 3774 ὑπὲρ
2955 3700 3132 3754 πάντα
3186 3699 3555 3771 ὴγαπημένων
3598 3698 3744 3769 αὑτῷ

2164 3794 2443 3866 στερηθεὶς
2471 3795 2500 3848 ὁ
2539 3792 2739 3866 γέρων,
2779 3792 2884 3847 ὑπὸ
2921 3793 3181 3866 μεγίστης
3209 3791 3443 3865 ἀθυμίας
3471 3791 3743 3863 διαπεφώ-

2161 3902 2313 3957 νηκε.

2229 3994 2364 4052 Clll.
2400 3995 2514 4067 Τῆς
2541 3995 2599 4048 δὲ
2641 3995 2848 4069 μητρὸς
2875 3995 3048 4051 ταῦτα
3091 3994 3356 4068 λεγούσης
3382 3993 3670 4057 ἀκούοντες
3692 3995 3740 4048 οἱ

2161 4088 2369 4153 παῖδες,
2399 4087 2584 4142 οὐκέτι
2608 4088 2750 4150 κατά
2777 4088 2878 4161 τὴν
2907 4087 3002 4142 τοῦ
3032 4088 3240 4160 Πέτρου
3274 4087 3593 4159 παραίνεσιν
3618 4087 3743 4157 ἡδύ-

2160 4197 2321 4234 ναντο
2373 4181 2607 4250 στέγειν·
2664 4180 2778 4240 ἀλλ’
2811 4180 3138 4244 ἀναστάντες
3176 4179 3592 4252 περιεπλέκοντο
3619 4181 3739 4233 τότε

2160 4271 2320 4345 αὐτῇ,
2353 4273 2446 4326 καὶ
2469 4273 2702 4346 δάκρυσι
2727 4276 2748 4308 ³
2787 4272 3122 4341 κατεφίλουν.
3167 4270 3282 4341 Ἐφ’
3308 4263 3352 4339 ᾧ
3369 4271 3433 4344 δὴ
3457 4273 3551 4325 καὶ
3579 4274 3612 4344 ἡ
3639 4273 3742 4343 μή·

480 4365 566 4422 01)
592 4366 738 4435 quod
779 4374 952 4420 mater
997 4365 1259 4432 attonita,
1287 4365 1418 4436 quid
1461 4365 1564 4421 hoc
1594 4365 1699 4421 sibi
1742 4366 1924 4432 vellet,
1949 4383 2060 4438 prae

2164 4381 2269 4437 τηρ
2297 4363 2731 4434 καταπλαγεῖσα,
2761 4364 2815 4418 τί
2845 4363 2987 4417 θέλοι
3027 4363 3185 4417 τοῦτο
3210 4359 3372 4428 εἶναι,
3406 4363 3511 4416 ὑπὸ
3548 4362 3742 4416 ἐκστά-

485 4456 885 4527 stuporejuxta
929 4465 1092 4526 atque
1125 4457 1468 4528 ignoratione
1505 4473 1712 4524 rerum,
1758 4457 2060 4530 interroga-

483 4549 597 4603 bat.
651 4545 960 4616 Statimque
997 4545 1194 4601 Petrus
1237 4547 1376 4601 dixit
1413 4564 1429 4602 :
1479 4546 1720 4613 Advoca,
1757 4562 1791 4603 ο
1837 4548 2057 4615 mulier,

471 4636 698 4718 fortiter
725 4647 959 4691 mentem
982 4645 1158 4703 tuam,
1189 4643 1250 4690 ut
1274 4637 1414 4693 natis
1441 4637 1548 4693 tuis
1571 4635 1774 4696 fruaris
1795 4636 2057 4706 jucunde.

484 4727 551 4782 lli
579 4732 724 4784 enim
754 4737 884 4784 sunt
913 4728 1210 4784 Faustinus
1243 4736 1298 4785 et
1336 4727 1744 4797 Faustiuianus,
1777 4747 1915 4801 quos
1946 4732 2062 4789 aie-

482 4823 584 4878 bas
629 4824 683 4877 in
732 4823 923 4895 pelago
950 4823 1174 4889 obiisse,
1218 4839 1467 4895 quosque
1508 4825 1641 4880 dum
1691 4825 1864 4896 luges,
1889 4826 2056 4882 vitam

483 4925 633 4969 tuam
675 4914 724 4970 is
755 4915 936 4970 luctus
969 4931 1081 4970 non
1113 4916 1330 4972 vitalem
1373 4915 1655 4972 efﬁciebat.
1687 4915 1791 4984 Qui
1826 4932 1953 4972 vero
1979 4917 2061 4972 al-

484 5017 566 5061 ter
599 5022 788 5061 eorum
810 5005 1048 5065 Nicetas.
1082 5007 1218 5062 alter
1243 5007 1440 5077 Aquila
1469 5016 1712 5076 vocetur,
1741 5009 1845 5079 ipsi
1873 5009 2058 5078 auspi~

482 5103 607 5148 cato
637 5093 822 5148 dicant
849 5104 904 5149 et
951 5095 1203 5152 doceant.
1233 5094 1362 5151 Haec
1387 5095 1548 5152 Petro
1578 5097 1815 5161 dicente,
1856 5108 2056 5166 mater,

482 5185 684 5256 gaudio
718 5186 1013 5241 immodico
1065 5189 1292 5257 repleta,
1334 5189 1724 5258 propemodum
1761 5197 1816 5244 et
1859 5189 2053 5259 spiritu

482 5279 680 5335 defecit
707 5303 719 5336 :
746 5289 984 5335 attamen
1006 5282 1330 5353 recolligens
1353 5298 1433 5349 se,
1463 5297 1527 5338 ac
1547 5283 1693 5338 velut
1720 5284 1804 5340 sui
1825 5299 2054 5356 compos

485 5373 626 5431 facta
653 5393 666 5430 :
704 5373 825 5429 Filii
857 5375 963 5430 mei
993 5375 1342 5446 optatissimi,
1377 5376 1575 5447 inquit,
1603 5376 1696 5432 ﬁlii
1722 5377 2047 5445 dulcissimi,

2092 4427 2140 4485 D

2167 4473 2310 4520 σεως
2337 4456 2528 4529 ὥσπερ
2554 4456 2650 4512 καὶ
2673 4456 2892 4530 ἀγνοίας
2919 4455 3026 4510 τῶν
3046 4455 3363 4526 γινομένων,
3393 4452 3600 4526 ἠρώτα.
3632 4453 3741 4506 Καὶ

2162 4550 2192 4609 ὁ
2221 4548 2426 4621 Πέτρος
2465 4547 2644 4613 εὐθύς,
2668 4547 3041 4619 Παράστησον,
3073 4540 3118 4601 ὦ
3155 4545 3332 4615 γύναι,
3378 4545 3590 4617 εἴρηκε,
3614 4563 3739 4614 γεν-

2163 4641 2330 4704 ναίως
2356 4640 2448 4694 τὸν
2474 4639 2600 4696 νοῦν
2627 4656 2746 4704 σου,
2776 4639 2917 4694 ὥστε
2953 4639 3064 4694 τῶν
3102 4638 3210 4692 σῶν
3235 4637 3403 4710 ἡδέως
3438 4636 3740 4692 ἀπολαῦσαι

2160 4734 2387 4790 τέκνων.
2416 4727 2575 4788 Οὗτοι
2613 4734 2721 4806 γάρ
2763 4735 2867 4787 εἰσι
2888 4734 3176 4796 Φαυστῖνος
3209 4733 3301 4786 καὶ
3333 4731 3734 4795 Φαυστινιανὸς,

2161 4826 2257 4890 οὒς
2283 4826 2467 4895 ἔλεγες
2488 4829 2544 4880 ὲν
2570 4826 2722 4898 ,βυθῷ
2747 4826 3015 4890 τεθνᾶναι,
3043 4826 3137 4886 καὶ
3160 4818 3235 4880 ὧν
3259 4825 3318 4878 τὸ
3346 4824 3540 4888 πένθος
3577 4823 3739 4877 ἀϐίω-

2163 4935 2255 4972 τον
2283 4919 2451 4972 ἐτίθει
2483 4936 2575 4974 σου
2598 4920 2617 4951 ⁸
2644 4921 2742 4991 τὴν
2767 4918 2930 4991 ζωήν.
2961 4918 3085 4982 Πῶς
3108 4919 3165 4972 δὲ
3195 4916 3360 4978 αὐτοῦ
3379 4920 3408 4972 ὁ
3439 4918 3536 4989 μὲν
3565 4918 3736 4987 Νική-

2159 5027 2280 5082 της,
2305 5013 2333 5064 ὁ
2361 5010 2419 5064 δὲ
2463 5011 2692 5082 ’Διιύλας
2721 5011 2983 5074 καλεῖται,
3014 5010 3168 5064 αὐτοὶ
3209 5009 3389 5073 καλῶς
3428 5008 3733 5077 λεγέτωσάν

2158 5121 2218 5156 τε
2248 5103 2342 5158 καί
2371 5104 2786 5166 διδασκέτωσαν.
2817 5101 3001 5156 Ταῦτα
3036 5101 3133 5155 τοῦ
3180 5103 3384 5178 Πέτρου
3427 5101 3669 5164 εἰπόντος
3697 5103 3730 5172 ἡ

2162 5194 2346 5266 μήτηρ
2373 5195 2616 5268 ἀμέτρου
2651 5192 2946 5265 πλησθείσα
2973 5195 3166 5265 χαρᾶς,
3204 5193 3400 5264 μικροῦ
3436 5193 3505 5247 ἂν
3532 5194 3729 5247 ἀπολε-

2158 5285 2336 5340 λοίπει
2388 5287 2481 5340 καὶ
2515 5286 2614 5357 τὴν
2661 5286 2850 5356 πνοήν⁹
2905 5284 3268 5355 ἀνενεγκοῦσα
3293 5285 3350 5348 δὲ
3401 5285 3571 5356 ὅμως,
3636 5285 3733 5339 καὶ

2155 5377 2344 5450 ὥσπερ
2380 5379 2578 5449 ἑαυτῆς
2606 5380 2626 5411 "
2655 5377 2939 5450 γενομένη,
2975 5377 3151 5431 Τέκνα
3179 5394 3284 5448 μου,
3329 5376 3571 5442 ποθεινὰ,
3601 5377 3725 5447 ἔφη,

1736 5504 1971 5604 unus:
2006 5538 2407 5598 LECTIONES.

565 5635 678 5706 '_al.
723 5633 1147 5706 quvaltgdpsda.
1210 5637 1230 5665 ²
1271 5633 1343 5687 al.
1398 5648 1634 5704 praepon.
1681 5634 1774 5706 μή.

478 5702 513 5778 ,⁷
553 5703 621 5762 al.
663 5705 748 5772 ἐφ’
777 5702 994 5776 ὲαυτῆςζ
1026 5705 1097 5758 al.
1139 5705 1195 5756 ὲν
1228 5706 1416 5775 ἑαυτῇ.

1854 5633 1875 5665 ³
1916 5632 1984 5688 al.
2029 5630 2357 5705 βαρυθυμία.
2439 5634 2459 5665 ⁸
2499 5633 2686 5692 £51.16.

2793 5636 2815 5666 ⁸
2854 5635 2926 5694 al.
2972 5637 3069 5692 σὺν
3095 5636 3343 5709 δάκρυσι»
3453 5634 3478 5668 ⁸
3514 5637 3590 5694 al.
3615 5653 3713 5693 σοι.
