  <div class='ocr_page' id='page_1' title='image "/cluster/home/n/w/nwhite01/storage/ocr_20150623/2/mdp.39015005182426/282.png"; bbox 0 0 4066 6140; ppageno 0'>
   <div class='ocr_carea' id='block_1_1' title="bbox 329 333 436 401">
    <p class='ocr_par' dir='ltr' id='par_1_1' title="bbox 329 333 436 401">
     <span class='ocr_line' id='line_1_1' title="bbox 329 333 436 401; baseline -0.019 0"><span class='ocrx_word' id='word_1_1' title='bbox 329 333 436 401; x_wconf 65' lang='grc'><strong>545</strong></span> 
     </span>
    </p>
   </div>
   <div class='ocr_carea' id='block_1_2' title="bbox 1136 335 2805 396">
    <p class='ocr_par' dir='ltr' id='par_1_2' title="bbox 1136 335 2805 396">
     <span class='ocr_line' id='line_1_2' title="bbox 1136 335 2805 396; baseline -0.002 0"><span class='ocrx_word' id='word_1_2' title='bbox 1136 336 1597 396; x_wconf 78' lang='lat' dir='ltr'><strong>CLEMENTINA.</strong></span> <span class='ocrx_word' id='word_1_3' title='bbox 1635 369 1704 379; x_wconf 94' lang='lat'><strong><em>—</em></strong></span> <span class='ocrx_word' id='word_1_4' title='bbox 1741 335 2041 393; x_wconf 77' lang='grc' dir='ltr'><strong>ΕΡΙΤΟΜΕ</strong></span> <span class='ocrx_word' id='word_1_5' title='bbox 2072 336 2159 391; x_wconf 87' lang='lat' dir='ltr'><strong>DE</strong></span> <span class='ocrx_word' id='word_1_6' title='bbox 2192 336 2442 394; x_wconf 83' lang='lat' dir='ltr'><strong>GESTIS</strong></span> <span class='ocrx_word' id='word_1_7' title='bbox 2480 337 2539 393; x_wconf 89' lang='lat' dir='ltr'><strong>S.</strong></span> <span class='ocrx_word' id='word_1_8' title='bbox 2579 336 2805 394; x_wconf 81' lang='lat' dir='ltr'><strong>PETRI.</strong></span> 
     </span>
    </p>
   </div>
   <div class='ocr_carea' id='block_1_3' title="bbox 3480 333 3589 393">
    <p class='ocr_par' dir='ltr' id='par_1_3' title="bbox 3480 333 3589 393">
     <span class='ocr_line' id='line_1_3' title="bbox 3480 333 3589 393; baseline 0 0"><span class='ocrx_word' id='word_1_9' title='bbox 3480 333 3589 393; x_wconf 64' lang='lat'><strong>546</strong></span> 
     </span>
    </p>
   </div>
   <div class='ocr_carea' id='block_1_4' title="bbox 326 452 1923 530">
    <p class='ocr_par' dir='ltr' id='par_1_4' title="bbox 326 454 1904 530">
     <span class='ocr_line' id='line_1_4' title="bbox 326 454 1904 530; baseline 0.01 -18"><span class='ocrx_word' id='word_1_10' title='bbox 326 458 490 512; x_wconf 85' lang='grc' dir='ltr'>τέκνα</span> <span class='ocrx_word' id='word_1_11' title='bbox 520 457 850 526; x_wconf 86' lang='grc' dir='ltr'>γλυκυτατα,</span> <span class='ocrx_word' id='word_1_12' title='bbox 875 454 1039 510; x_wconf 80' lang='grc' dir='ltr'>τέκνα</span> <span class='ocrx_word' id='word_1_13' title='bbox 1069 457 1597 529; x_wconf 74' lang='grc' dir='ltr'>καρδίας⁶καύσωνες</span> <span class='ocrx_word' id='word_1_14' title='bbox 1622 456 1722 530; x_wconf 75' lang='grc' dir='ltr'>τῆς</span> <span class='ocrx_word' id='word_1_15' title='bbox 1746 456 1904 528; x_wconf 68' lang='grc' dir='ltr'>έμῆςν</span> 
     </span>
    </p>
   </div>
   <div class='ocr_carea' id='block_1_5' title="bbox 2004 452 3556 530">
    <p class='ocr_par' dir='ltr' id='par_1_5' title="bbox 2011 452 3556 526">
     <span class='ocr_line' id='line_1_5' title="bbox 2011 452 3556 526; baseline 0.001 -18"><span class='ocrx_word' id='word_1_16' title='bbox 2011 454 2104 510; x_wconf 85' lang='lat' dir='ltr'><strong>lilii</strong></span> <span class='ocrx_word' id='word_1_17' title='bbox 2132 456 2354 512; x_wconf 87' lang='lat' dir='ltr'><strong>ardores</strong></span> <span class='ocrx_word' id='word_1_18' title='bbox 2399 455 2580 511; x_wconf 81' lang='lat' dir='ltr'><strong>cordis</strong></span> <span class='ocrx_word' id='word_1_19' title='bbox 2610 455 2738 521; x_wconf 91' lang='lat' dir='ltr'><strong>mei,</strong></span> <span class='ocrx_word' id='word_1_20' title='bbox 2781 453 2943 510; x_wconf 92' lang='lat' dir='ltr'><strong>dicite</strong></span> <span class='ocrx_word' id='word_1_21' title='bbox 2974 454 3107 510; x_wconf 91' lang='lat' dir='ltr'><strong>mihi</strong></span> <span class='ocrx_word' id='word_1_22' title='bbox 3136 468 3388 526; x_wconf 79' lang='lat' dir='ltr'><strong>quamam</strong></span> <span class='ocrx_word' id='word_1_23' title='bbox 3421 452 3556 511; x_wconf 83' lang='lat' dir='ltr'><strong>vobi</strong></span> 
     </span>
    </p>
   </div>
   <div class='ocr_carea' id='block_1_6' title="bbox 327 545 1910 622">
    <p class='ocr_par' dir='ltr' id='par_1_6' title="bbox 327 545 1910 622">
     <span class='ocr_line' id='line_1_6' title="bbox 327 545 1910 622; baseline 0 -21"><span class='ocrx_word' id='word_1_24' title='bbox 327 546 517 601; x_wconf 75' lang='grc' dir='ltr'>εἴπατέ</span> <span class='ocrx_word' id='word_1_25' title='bbox 547 563 658 618; x_wconf 90' lang='grc' dir='ltr'>μοι,</span> <span class='ocrx_word' id='word_1_26' title='bbox 690 546 811 599; x_wconf 82' lang='grc' dir='ltr'>τίνα</span> <span class='ocrx_word' id='word_1_27' title='bbox 840 546 904 619; x_wconf 84' lang='grc' dir='ltr'>δὴ</span> <span class='ocrx_word' id='word_1_28' title='bbox 947 545 1017 601; x_wconf 81' lang='grc' dir='ltr'>τὰ</span> <span class='ocrx_word' id='word_1_29' title='bbox 1054 547 1197 603; x_wconf 77' lang='grc' dir='ltr'>κατὰ</span> <span class='ocrx_word' id='word_1_30' title='bbox 1223 548 1247 580; x_wconf 80' lang='grc'>⁸</span> <span class='ocrx_word' id='word_1_31' title='bbox 1272 549 1374 616; x_wconf 78' lang='grc' dir='ltr'><strong>τὴν</strong></span> <span class='ocrx_word' id='word_1_32' title='bbox 1418 548 1663 622; x_wconf 82' lang='grc' dir='ltr'>χαλεπὴν</span> <span class='ocrx_word' id='word_1_33' title='bbox 1695 550 1910 621; x_wconf 84' lang='grc' dir='ltr'>ἐκείνην</span> 
     </span>
    </p>
   </div>
   <div class='ocr_carea' id='block_1_7' title="bbox 326 635 1927 707">
    <p class='ocr_par' dir='ltr' id='par_1_7' title="bbox 326 635 1927 707">
     <span class='ocr_line' id='line_1_7' title="bbox 326 635 1927 707; baseline -0.001 -15"><span class='ocrx_word' id='word_1_34' title='bbox 326 637 497 693; x_wconf 79' lang='grc' dir='ltr'>νύκτα</span> <span class='ocrx_word' id='word_1_35' title='bbox 526 635 808 707; x_wconf 75' lang='grc' dir='ltr'>συμϐάντα</span> <span class='ocrx_word' id='word_1_36' title='bbox 845 637 991 707; x_wconf 79' lang='grc' dir='ltr'>ὑμῖν.</span> <span class='ocrx_word' id='word_1_37' title='bbox 1921 699 1927 706; x_wconf 44' lang='grc'><strong>,</strong></span> 
     </span>
    </p>
   </div>
   <div class='ocr_carea' id='block_1_8' title="bbox 394 724 1909 797">
    <p class='ocr_par' dir='ltr' id='par_1_8' title="bbox 394 724 1909 797">
     <span class='ocr_line' id='line_1_8' title="bbox 394 724 1909 797; baseline 0 -15"><span class='ocrx_word' id='word_1_38' title='bbox 394 724 531 783; x_wconf 79' lang='lat' dir='ltr'><strong>CIV.</strong></span> <span class='ocrx_word' id='word_1_39' title='bbox 562 726 673 778; x_wconf 74' lang='grc' dir='ltr'>Καὶ</span> <span class='ocrx_word' id='word_1_40' title='bbox 708 726 739 778; x_wconf 90' lang='grc' dir='ltr'>ὁ</span> <span class='ocrx_word' id='word_1_41' title='bbox 761 724 1006 797; x_wconf 78' lang='grc' dir='ltr'><strong>Νικήτης</strong></span> <span class='ocrx_word' id='word_1_42' title='bbox 1046 725 1243 781; x_wconf 80' lang='grc' dir='ltr'>αὐτίκα</span> <span class='ocrx_word' id='word_1_43' title='bbox 1269 727 1363 782; x_wconf 82' lang='grc' dir='ltr'>τὸν</span> <span class='ocrx_word' id='word_1_44' title='bbox 1398 727 1561 797; x_wconf 78' lang='grc' dir='ltr'>’λόγον</span> <span class='ocrx_word' id='word_1_45' title='bbox 1608 727 1909 796; x_wconf 77' lang='grc' dir='ltr'>ἀναλαὸὼν,</span> 
     </span>
    </p>
   </div>
   <div class='ocr_carea' id='block_1_9' title="bbox 324 806 1910 896">
    <p class='ocr_par' dir='ltr' id='par_1_9' title="bbox 324 806 1910 896">
     <span class='ocr_line' id='line_1_9' title="bbox 324 806 1910 896; baseline 0.003 -20"><span class='ocrx_word' id='word_1_46' title='bbox 324 821 497 883; x_wconf 80' lang='grc' dir='ltr'>οὕτως</span> <span class='ocrx_word' id='word_1_47' title='bbox 533 819 659 890; x_wconf 76' lang='grc' dir='ltr'>ἔφη’</span> <span class='ocrx_word' id='word_1_48' title='bbox 704 814 966 896; x_wconf 42' lang='grc' dir='ltr'><strong>Ἦμίνηῶ</strong></span> <span class='ocrx_word' id='word_1_49' title='bbox 1022 823 1217 893; x_wconf 88' lang='grc' dir='ltr'>μῆτερ,</span> <span class='ocrx_word' id='word_1_50' title='bbox 1253 823 1330 886; x_wconf 82' lang='grc' dir='ltr'>ὡς</span> <span class='ocrx_word' id='word_1_51' title='bbox 1372 806 1549 890; x_wconf 81' lang='grc' dir='ltr'>οἶσθα,</span> <span class='ocrx_word' id='word_1_52' title='bbox 1591 823 1687 878; x_wconf 82' lang='grc' dir='ltr'>τοῦ</span> <span class='ocrx_word' id='word_1_53' title='bbox 1722 824 1910 881; x_wconf 77' lang='grc' dir='ltr'>πλοίου</span> 
     </span>
    </p>
   </div>
   <div class='ocr_carea' id='block_1_10' title="bbox 326 914 1912 994">
    <p class='ocr_par' dir='ltr' id='par_1_10' title="bbox 326 914 1912 994">
     <span class='ocr_line' id='line_1_10' title="bbox 326 914 1912 994; baseline 0.003 -25"><span class='ocrx_word' id='word_1_54' title='bbox 326 915 465 969; x_wconf 88' lang='grc' dir='ltr'><strong>κατά</strong></span> <span class='ocrx_word' id='word_1_55' title='bbox 500 916 602 988; x_wconf 81' lang='grc' dir='ltr'><strong>τὴν</strong></span> <span class='ocrx_word' id='word_1_56' title='bbox 648 914 819 970; x_wconf 82' lang='grc' dir='ltr'><strong>νύκτα</strong></span> <span class='ocrx_word' id='word_1_57' title='bbox 846 917 867 947; x_wconf 86' lang='lat'>&#39;</span> <span class='ocrx_word' id='word_1_58' title='bbox 895 916 1301 990; x_wconf 79' lang='grc' dir='ltr'>διαρραγέντος,</span> <span class='ocrx_word' id='word_1_59' title='bbox 1332 918 1526 992; x_wconf 74' lang='grc' dir='ltr'>ἄνδρες</span> <span class='ocrx_word' id='word_1_60' title='bbox 1569 921 1711 985; x_wconf 84' lang='grc' dir='ltr'>τινές</span> <span class='ocrx_word' id='word_1_61' title='bbox 1755 922 1811 973; x_wconf 85' lang='grc' dir='ltr'><strong>ἐν</strong></span> <span class='ocrx_word' id='word_1_62' title='bbox 1833 914 1912 994; x_wconf 78' lang='grc' dir='ltr'>τῷ</span> 
     </span>
    </p>
   </div>
   <div class='ocr_carea' id='block_1_11' title="bbox 328 1006 1911 1082">
    <p class='ocr_par' dir='ltr' id='par_1_11' title="bbox 328 1006 1911 1082">
     <span class='ocr_line' id='line_1_11' title="bbox 328 1006 1911 1082; baseline 0.003 -21"><span class='ocrx_word' id='word_1_63' title='bbox 328 1008 473 1080; x_wconf 83' lang='grc' dir='ltr'><strong>βυθῴ</strong></span> <span class='ocrx_word' id='word_1_64' title='bbox 500 1006 782 1079; x_wconf 81' lang='grc' dir='ltr'><strong>λῃστεύειν</strong></span> <span class='ocrx_word' id='word_1_65' title='bbox 811 1007 872 1061; x_wconf 84' lang='grc' dir='ltr'>οὐ</span> <span class='ocrx_word' id='word_1_66' title='bbox 907 1009 1224 1075; x_wconf 82' lang='grc' dir='ltr'><strong>δεδοικότες,</strong></span> <span class='ocrx_word' id='word_1_67' title='bbox 1256 1010 1404 1082; x_wconf 70' lang='grc' dir='ltr'>ἡμᾶς</span> <span class='ocrx_word' id='word_1_68' title='bbox 1446 1008 1779 1082; x_wconf 78' lang='grc' dir='ltr'>ἀνελόμενοι,</span> <span class='ocrx_word' id='word_1_69' title='bbox 1817 1013 1911 1066; x_wconf 81' lang='grc' dir='ltr'><strong>καί</strong></span> 
     </span>
    </p>
   </div>
   <div class='ocr_carea' id='block_1_12' title="bbox 326 1098 1908 1175">
    <p class='ocr_par' dir='ltr' id='par_1_12' title="bbox 326 1098 1908 1175">
     <span class='ocr_line' id='line_1_12' title="bbox 326 1098 1908 1175; baseline 0.005 -25"><span class='ocrx_word' id='word_1_70' title='bbox 326 1115 432 1151; x_wconf 86' lang='grc' dir='ltr'>τινι</span> <span class='ocrx_word' id='word_1_71' title='bbox 463 1098 739 1169; x_wconf 73' lang='grc' dir='ltr'>ἐνθέμενοι</span> <span class='ocrx_word' id='word_1_72' title='bbox 782 1098 1000 1169; x_wconf 80' lang='grc' dir='ltr'>σκάφει,</span> <span class='ocrx_word' id='word_1_73' title='bbox 1045 1098 1234 1153; x_wconf 72' lang='grc' dir='ltr'>ἔπειτα</span> <span class='ocrx_word' id='word_1_74' title='bbox 1262 1101 1321 1154; x_wconf 79' lang='grc' dir='ltr'>δὲ</span> <span class='ocrx_word' id='word_1_75' title='bbox 1367 1101 1580 1166; x_wconf 84' lang='grc' dir='ltr'><strong>κώπαις</strong></span> <span class='ocrx_word' id='word_1_76' title='bbox 1618 1103 1908 1175; x_wconf 86' lang='grc' dir='ltr'>χρώμενοι,</span> 
     </span>
    </p>
   </div>
   <div class='ocr_carea' id='block_1_13' title="bbox 327 1185 1910 1269">
    <p class='ocr_par' dir='ltr' id='par_1_13' title="bbox 327 1185 1910 1269">
     <span class='ocr_line' id='line_1_13' title="bbox 327 1185 1910 1269; baseline 0.007 -29"><span class='ocrx_word' id='word_1_77' title='bbox 327 1190 407 1253; x_wconf 83' lang='grc' dir='ltr'><strong>είς</strong></span> <span class='ocrx_word' id='word_1_78' title='bbox 433 1189 533 1262; x_wconf 79' lang='grc' dir='ltr'>τὴν</span> <span class='ocrx_word' id='word_1_79' title='bbox 563 1189 875 1261; x_wconf 87' lang='grc' dir='ltr'>Στράτωνος</span> <span class='ocrx_word' id='word_1_80' title='bbox 920 1185 1057 1261; x_wconf 79' lang='grc' dir='ltr'>ἦγον</span> <span class='ocrx_word' id='word_1_81' title='bbox 1097 1192 1455 1264; x_wconf 64' lang='grc' dir='ltr'>Καισάρειαν</span> <span class='ocrx_word' id='word_1_82' title='bbox 1502 1194 1665 1249; x_wconf 83' lang='grc' dir='ltr'>κάκεῖ</span> <span class='ocrx_word' id='word_1_83' title='bbox 1707 1196 1910 1269; x_wconf 84' lang='grc' dir='ltr'>σφόδρα</span> 
     </span>
    </p>
   </div>
   <div class='ocr_carea' id='block_1_14' title="bbox 330 1280 1911 1359">
    <p class='ocr_par' dir='ltr' id='par_1_14' title="bbox 330 1280 1911 1359">
     <span class='ocr_line' id='line_1_14' title="bbox 330 1280 1911 1359; baseline 0.004 -24"><span class='ocrx_word' id='word_1_84' title='bbox 330 1282 717 1353; x_wconf 78' lang='grc' dir='ltr'><strong>συνεχομένους</strong></span> <span class='ocrx_word' id='word_1_85' title='bbox 752 1283 903 1355; x_wconf 78' lang='grc' dir='ltr'>ἡμᾶς</span> <span class='ocrx_word' id='word_1_86' title='bbox 955 1280 1034 1354; x_wconf 80' lang='grc' dir='ltr'>τῷ</span> <span class='ocrx_word' id='word_1_87' title='bbox 1062 1281 1226 1356; x_wconf 81' lang='grc' dir='ltr'>λιμῷ,</span> <span class='ocrx_word' id='word_1_88' title='bbox 1257 1284 1396 1355; x_wconf 80' lang='grc' dir='ltr'>πρὸς</span> <span class='ocrx_word' id='word_1_89' title='bbox 1416 1285 1471 1339; x_wconf 85' lang='grc' dir='ltr'>δὲ</span> <span class='ocrx_word' id='word_1_90' title='bbox 1502 1286 1596 1340; x_wconf 76' lang='grc' dir='ltr'>καὶ</span> <span class='ocrx_word' id='word_1_91' title='bbox 1642 1288 1911 1359; x_wconf 83' lang='grc' dir='ltr'><strong>περιδεεῖς</strong></span> 
     </span>
    </p>
   </div>
   <div class='ocr_carea' id='block_1_15' title="bbox 328 1370 1911 1444">
    <p class='ocr_par' dir='ltr' id='par_1_15' title="bbox 328 1370 1911 1444">
     <span class='ocr_line' id='line_1_15' title="bbox 328 1370 1911 1444; baseline 0.003 -20"><span class='ocrx_word' id='word_1_92' title='bbox 328 1370 505 1437; x_wconf 77' lang='grc' dir='ltr'>ὄντας,</span> <span class='ocrx_word' id='word_1_93' title='bbox 539 1373 612 1444; x_wconf 90' lang='grc' dir='ltr'><strong>μή</strong></span> <span class='ocrx_word' id='word_1_94' title='bbox 634 1390 685 1426; x_wconf 89' lang='grc' dir='ltr'><strong>τι</strong></span> <span class='ocrx_word' id='word_1_95' title='bbox 717 1374 809 1427; x_wconf 76' lang='grc' dir='ltr'>καὶ</span> <span class='ocrx_word' id='word_1_96' title='bbox 840 1374 1110 1444; x_wconf 72' lang='grc' dir='ltr'>προπετὲς</span> <span class='ocrx_word' id='word_1_97' title='bbox 1139 1371 1363 1426; x_wconf 77' lang='grc' dir='ltr'>καὶτῶν</span> <span class='ocrx_word' id='word_1_98' title='bbox 1389 1372 1571 1437; x_wconf 79' lang='grc' dir='ltr'>αὐτοῖς</span> <span class='ocrx_word' id='word_1_99' title='bbox 1602 1373 1662 1427; x_wconf 75' lang='grc' dir='ltr'>οὐ</span> <span class='ocrx_word' id='word_1_100' title='bbox 1693 1374 1911 1429; x_wconf 88' lang='grc' dir='ltr'>δοκούν-</span> 
     </span>
    </p>
   </div>
   <div class='ocr_carea' id='block_1_16' title="bbox 328 1462 1909 1538">
    <p class='ocr_par' dir='ltr' id='par_1_16' title="bbox 328 1462 1909 1538">
     <span class='ocr_line' id='line_1_16' title="bbox 328 1462 1909 1538; baseline 0.003 -22"><span class='ocrx_word' id='word_1_101' title='bbox 328 1480 435 1517; x_wconf 91' lang='grc' dir='ltr'><strong>των</strong></span> <span class='ocrx_word' id='word_1_102' title='bbox 478 1462 858 1534; x_wconf 83' lang='grc' dir='ltr'>φθεγξώμεθα,</span> <span class='ocrx_word' id='word_1_103' title='bbox 891 1465 1088 1517; x_wconf 81' lang='grc' dir='ltr'>ἐκεῖνοι</span> <span class='ocrx_word' id='word_1_104' title='bbox 1122 1463 1190 1518; x_wconf 83' lang='grc' dir='ltr'>τὰ</span> <span class='ocrx_word' id='word_1_105' title='bbox 1234 1463 1473 1536; x_wconf 88' lang='grc' dir='ltr'>ὀνόματα</span> <span class='ocrx_word' id='word_1_106' title='bbox 1507 1465 1665 1538; x_wconf 81' lang='grc' dir='ltr'>ἡμῶν</span> <span class='ocrx_word' id='word_1_107' title='bbox 1696 1465 1909 1538; x_wconf 85' lang='grc' dir='ltr'>διαμεί-</span> 
     </span>
    </p>
   </div>
   <div class='ocr_carea' id='block_1_17' title="bbox 328 1554 1910 1630">
    <p class='ocr_par' dir='ltr' id='par_1_17' title="bbox 328 1554 1910 1630">
     <span class='ocr_line' id='line_1_17' title="bbox 328 1554 1910 1630; baseline 0.003 -21"><span class='ocrx_word' id='word_1_108' title='bbox 328 1555 548 1626; x_wconf 74' lang='grc' dir='ltr'>ψαντες,</span> <span class='ocrx_word' id='word_1_109' title='bbox 580 1555 661 1620; x_wconf 83' lang='grc' dir='ltr'><strong>είς</strong></span> <span class='ocrx_word' id='word_1_110' title='bbox 703 1554 945 1610; x_wconf 79' lang='grc' dir='ltr'>δουλείαν</span> <span class='ocrx_word' id='word_1_111' title='bbox 994 1555 1195 1620; x_wconf 82' lang='grc' dir='ltr'><strong>ἀθλίως</strong></span> <span class='ocrx_word' id='word_1_112' title='bbox 1222 1557 1500 1611; x_wconf 81' lang='grc' dir='ltr'><strong>ἀπέδοντο.</strong></span> <span class='ocrx_word' id='word_1_113' title='bbox 1538 1557 1679 1630; x_wconf 82' lang='grc' dir='ltr'>Γυνὴ</span> <span class='ocrx_word' id='word_1_114' title='bbox 1721 1558 1779 1612; x_wconf 89' lang='grc' dir='ltr'><strong>δέ</strong></span> <span class='ocrx_word' id='word_1_115' title='bbox 1827 1576 1910 1625; x_wconf 88' lang='grc' dir='ltr'><strong>τις</strong></span> 
     </span>
    </p>
   </div>
   <div class='ocr_carea' id='block_1_18' title="bbox 330 1647 1911 1725">
    <p class='ocr_par' dir='ltr' id='par_1_18' title="bbox 330 1647 1911 1725">
     <span class='ocr_line' id='line_1_18' title="bbox 330 1647 1911 1725; baseline 0.004 -25"><span class='ocrx_word' id='word_1_116' title='bbox 330 1647 475 1719; x_wconf 71' lang='grc' dir='ltr'>ἡμᾶς</span> <span class='ocrx_word' id='word_1_117' title='bbox 520 1647 793 1711; x_wconf 80' lang='grc' dir='ltr'>Ἰουδαίοις</span> <span class='ocrx_word' id='word_1_118' title='bbox 840 1649 1174 1722; x_wconf 86' lang='grc' dir='ltr'>προσήλυτος</span> <span class='ocrx_word' id='word_1_119' title='bbox 1223 1649 1498 1719; x_wconf 79' lang='grc' dir='ltr'>ἀξιόλογος</span> <span class='ocrx_word' id='word_1_120' title='bbox 1529 1651 1692 1716; x_wconf 88' lang='grc' dir='ltr'>πάνυ,</span> <span class='ocrx_word' id='word_1_121' title='bbox 1742 1650 1911 1725; x_wconf 74' lang='grc' dir='ltr'>ὄνομα</span> 
     </span>
    </p>
   </div>
   <div class='ocr_carea' id='block_1_19' title="bbox 344 1739 1910 1817">
    <p class='ocr_par' dir='ltr' id='par_1_19' title="bbox 344 1739 1910 1817">
     <span class='ocr_line' id='line_1_19' title="bbox 344 1739 1910 1817; baseline 0.004 -24"><span class='ocrx_word' id='word_1_122' title='bbox 344 1739 547 1795; x_wconf 85' lang='grc' dir='ltr'>ἰούστα</span> <span class='ocrx_word' id='word_1_123' title='bbox 591 1742 941 1816; x_wconf 83' lang='grc' dir='ltr'><strong>ὠνησαμένη,</strong></span> <span class='ocrx_word' id='word_1_124' title='bbox 972 1744 1031 1797; x_wconf 88' lang='grc' dir='ltr'><strong>ἐν</strong></span> <span class='ocrx_word' id='word_1_125' title='bbox 1066 1741 1273 1797; x_wconf 84' lang='grc' dir='ltr'>τέκνων</span> <span class='ocrx_word' id='word_1_126' title='bbox 1310 1743 1574 1813; x_wconf 85' lang='grc' dir='ltr'>ἐφύλαττε</span> <span class='ocrx_word' id='word_1_127' title='bbox 1606 1745 1791 1817; x_wconf 75' lang='grc' dir='ltr'>μοίρᾳ,</span> <span class='ocrx_word' id='word_1_128' title='bbox 1816 1753 1910 1800; x_wconf 80' lang='grc' dir='ltr'>καὶ</span> 
     </span>
    </p>
   </div>
   <div class='ocr_carea' id='block_1_20' title="bbox 2014 547 2917 617">
    <p class='ocr_par' dir='ltr' id='par_1_20' title="bbox 2014 547 2917 617">
     <span class='ocr_line' id='line_1_20' title="bbox 2014 547 2917 617; baseline -0.002 -14"><span class='ocrx_word' id='word_1_129' title='bbox 2014 547 2067 603; x_wconf 88' lang='lat' dir='ltr'><strong>in</strong></span> <span class='ocrx_word' id='word_1_130' title='bbox 2099 548 2188 603; x_wconf 89' lang='lat' dir='ltr'><strong>illa</strong></span> <span class='ocrx_word' id='word_1_131' title='bbox 2217 561 2359 604; x_wconf 75' lang='lat' dir='ltr'><strong>saeva</strong></span> <span class='ocrx_word' id='word_1_132' title='bbox 2381 558 2538 604; x_wconf 90' lang='lat' dir='ltr'><strong>nocte</strong></span> <span class='ocrx_word' id='word_1_133' title='bbox 2566 547 2917 617; x_wconf 75' lang='lat' dir='ltr'><strong>contigerint.</strong></span> 
     </span>
    </p>
   </div>
   <div class='ocr_carea' id='block_1_21' title="bbox 2079 718 3563 794">
    <p class='ocr_par' dir='ltr' id='par_1_21' title="bbox 2079 718 3563 794">
     <span class='ocr_line' id='line_1_21' title="bbox 2079 718 3563 794; baseline -0.003 -11"><span class='ocrx_word' id='word_1_134' title='bbox 2079 718 2232 783; x_wconf 45' lang='lat' dir='ltr'><strong>CIV;</strong></span> <span class='ocrx_word' id='word_1_135' title='bbox 2254 724 2391 782; x_wconf 89' lang='lat' dir='ltr'><strong>Tum</strong></span> <span class='ocrx_word' id='word_1_136' title='bbox 2416 724 2653 791; x_wconf 84' lang='lat' dir='ltr'><strong>Nicetas,</strong></span> <span class='ocrx_word' id='word_1_137' title='bbox 2682 723 2968 781; x_wconf 78' lang='lat' dir='ltr'><strong>confestim</strong></span> <span class='ocrx_word' id='word_1_138' title='bbox 3004 736 3280 794; x_wconf 89' lang='lat' dir='ltr'><strong>resumpto</strong></span> <span class='ocrx_word' id='word_1_139' title='bbox 3308 737 3563 779; x_wconf 88' lang='lat' dir='ltr'><strong>sermone</strong></span> 
     </span>
    </p>
   </div>
   <div class='ocr_carea' id='block_1_22' title="bbox 2011 816 3584 885">
    <p class='ocr_par' dir='ltr' id='par_1_22' title="bbox 2011 816 3584 885">
     <span class='ocr_line' id='line_1_22' title="bbox 2011 816 3584 885; baseline -0.002 -12"><span class='ocrx_word' id='word_1_140' title='bbox 2011 819 2085 875; x_wconf 86' lang='lat' dir='ltr'><strong>ita</strong></span> <span class='ocrx_word' id='word_1_141' title='bbox 2135 818 2253 873; x_wconf 80' lang='lat' dir='ltr'><strong>iniit</strong></span> <span class='ocrx_word' id='word_1_142' title='bbox 2278 836 2293 873; x_wconf 86' lang='lat'><strong>:</strong></span> <span class='ocrx_word' id='word_1_143' title='bbox 2323 817 2552 885; x_wconf 85' lang='lat' dir='ltr'><strong>Quando</strong></span> <span class='ocrx_word' id='word_1_144' title='bbox 2600 817 2780 885; x_wconf 89' lang='lat' dir='ltr'><strong>nobis,</strong></span> <span class='ocrx_word' id='word_1_145' title='bbox 2818 832 2854 872; x_wconf 91' lang='grc' dir='ltr'>ο</span> <span class='ocrx_word' id='word_1_146' title='bbox 2892 824 3089 883; x_wconf 83' lang='lat' dir='ltr'><strong>mater,</strong></span> <span class='ocrx_word' id='word_1_147' title='bbox 3126 816 3584 885; x_wconf 82' lang='lat' dir='ltr'><strong>quemadmodum</strong></span> 
     </span>
    </p>
   </div>
   <div class='ocr_carea' id='block_1_23' title="bbox 2012 907 3585 982">
    <p class='ocr_par' dir='ltr' id='par_1_23' title="bbox 2012 907 3585 982">
     <span class='ocr_line' id='line_1_23' title="bbox 2012 907 3585 982; baseline -0.004 -14"><span class='ocrx_word' id='word_1_148' title='bbox 2012 911 2140 979; x_wconf 82' lang='lat' dir='ltr'><strong>scis,</strong></span> <span class='ocrx_word' id='word_1_149' title='bbox 2178 910 2456 982; x_wconf 73' lang='lat' dir='ltr'><strong>navigium</strong></span> <span class='ocrx_word' id='word_1_150' title='bbox 2502 920 2665 965; x_wconf 91' lang='lat' dir='ltr'><strong>noctu</strong></span> <span class='ocrx_word' id='word_1_151' title='bbox 2695 910 3003 979; x_wconf 85' lang='lat' dir='ltr'><strong>disruptum</strong></span> <span class='ocrx_word' id='word_1_152' title='bbox 3042 916 3147 975; x_wconf 87' lang='lat' dir='ltr'><strong>est,</strong></span> <span class='ocrx_word' id='word_1_153' title='bbox 3183 909 3429 963; x_wconf 82' lang='lat' dir='ltr'><strong>homines</strong></span> <span class='ocrx_word' id='word_1_154' title='bbox 3463 907 3585 979; x_wconf 83' lang='lat' dir='ltr'><strong>qui-</strong></span> 
     </span>
    </p>
   </div>
   <div class='ocr_carea' id='block_1_24' title="bbox 2010 1001 3588 1075">
    <p class='ocr_par' dir='ltr' id='par_1_24' title="bbox 2010 1001 3588 1075">
     <span class='ocr_line' id='line_1_24' title="bbox 2010 1001 3588 1075; baseline -0.001 -18"><span class='ocrx_word' id='word_1_155' title='bbox 2010 1001 2136 1057; x_wconf 91' lang='lat' dir='ltr'><strong>dam</strong></span> <span class='ocrx_word' id='word_1_156' title='bbox 2166 1002 2261 1075; x_wconf 85' lang='lat' dir='ltr'><strong>qui</strong></span> <span class='ocrx_word' id='word_1_157' title='bbox 2295 1002 2348 1056; x_wconf 88' lang='lat' dir='ltr'><strong>in</strong></span> <span class='ocrx_word' id='word_1_158' title='bbox 2380 1002 2517 1057; x_wconf 90' lang='lat' dir='ltr'><strong>mari</strong></span> <span class='ocrx_word' id='word_1_159' title='bbox 2548 1001 2759 1072; x_wconf 65' lang='lat' dir='ltr'><strong>praedas</strong></span> <span class='ocrx_word' id='word_1_160' title='bbox 2787 1015 2950 1071; x_wconf 77' lang='lat' dir='ltr'><strong>agere</strong></span> <span class='ocrx_word' id='word_1_161' title='bbox 2981 1016 3091 1056; x_wconf 90' lang='lat' dir='ltr'><strong>non</strong></span> <span class='ocrx_word' id='word_1_162' title='bbox 3122 1006 3399 1067; x_wconf 82' lang='lat' dir='ltr'><strong>verentur,</strong></span> <span class='ocrx_word' id='word_1_163' title='bbox 3430 1016 3588 1070; x_wconf 79' lang='lat' dir='ltr'><strong>cepe-</strong></span> 
     </span>
    </p>
   </div>
   <div class='ocr_carea' id='block_1_25' title="bbox 2010 1095 3588 1167">
    <p class='ocr_par' dir='ltr' id='par_1_25' title="bbox 2010 1095 3588 1167">
     <span class='ocr_line' id='line_1_25' title="bbox 2010 1095 3588 1167; baseline -0.001 -15"><span class='ocrx_word' id='word_1_164' title='bbox 2010 1105 2141 1153; x_wconf 88' lang='lat' dir='ltr'><strong>runt</strong></span> <span class='ocrx_word' id='word_1_165' title='bbox 2162 1112 2283 1164; x_wconf 90' lang='lat' dir='ltr'><strong>nos,</strong></span> <span class='ocrx_word' id='word_1_166' title='bbox 2310 1104 2364 1152; x_wconf 92' lang='lat' dir='ltr'><strong>et</strong></span> <span class='ocrx_word' id='word_1_167' title='bbox 2391 1096 2607 1167; x_wconf 66' lang='lat' dir='ltr'><strong>scapha:</strong></span> <span class='ocrx_word' id='word_1_168' title='bbox 2648 1104 3055 1167; x_wconf 78' lang='lat' dir='ltr'><strong>Imposuerunt;</strong></span> <span class='ocrx_word' id='word_1_169' title='bbox 3089 1102 3389 1165; x_wconf 86' lang='lat' dir='ltr'><strong>posteaque</strong></span> <span class='ocrx_word' id='word_1_170' title='bbox 3419 1095 3588 1151; x_wconf 90' lang='lat' dir='ltr'><strong>remis</strong></span> 
     </span>
    </p>
   </div>
   <div class='ocr_carea' id='block_1_26' title="bbox 2010 1188 3590 1259">
    <p class='ocr_par' dir='ltr' id='par_1_26' title="bbox 2010 1188 3590 1259">
     <span class='ocr_line' id='line_1_26' title="bbox 2010 1188 3590 1259; baseline -0.004 -12"><span class='ocrx_word' id='word_1_171' title='bbox 2010 1190 2120 1259; x_wconf 90' lang='lat' dir='ltr'><strong>usi,</strong></span> <span class='ocrx_word' id='word_1_172' title='bbox 2143 1188 2416 1246; x_wconf 78' lang='lat' dir='ltr'><strong>duxerunt</strong></span> <span class='ocrx_word' id='word_1_173' title='bbox 2457 1188 2763 1244; x_wconf 70' lang='lat' dir='ltr'><strong>Caesaream</strong></span> <span class='ocrx_word' id='word_1_174' title='bbox 2794 1188 3064 1244; x_wconf 82' lang='lat' dir='ltr'><strong>Stratonis</strong></span> <span class='ocrx_word' id='word_1_175' title='bbox 3096 1207 3114 1243; x_wconf 85' lang='lat'><strong>:</strong></span> <span class='ocrx_word' id='word_1_176' title='bbox 3138 1197 3302 1259; x_wconf 90' lang='lat' dir='ltr'><strong>atque</strong></span> <span class='ocrx_word' id='word_1_177' title='bbox 3332 1188 3404 1243; x_wconf 88' lang='lat' dir='ltr'><strong>ibi</strong></span> <span class='ocrx_word' id='word_1_178' title='bbox 3426 1188 3590 1243; x_wconf 83' lang='lat' dir='ltr'><strong>vehe-</strong></span> 
     </span>
    </p>
   </div>
   <div class='ocr_carea' id='block_1_27' title="bbox 2011 1280 3590 1352">
    <p class='ocr_par' dir='ltr' id='par_1_27' title="bbox 2011 1280 3590 1352">
     <span class='ocr_line' id='line_1_27' title="bbox 2011 1280 3590 1352; baseline -0.002 -13"><span class='ocrx_word' id='word_1_179' title='bbox 2011 1292 2222 1339; x_wconf 86' lang='lat' dir='ltr'><strong>menter</strong></span> <span class='ocrx_word' id='word_1_180' title='bbox 2244 1282 2388 1337; x_wconf 82' lang='lat' dir='ltr'><strong>fame</strong></span> <span class='ocrx_word' id='word_1_181' title='bbox 2415 1296 2784 1351; x_wconf 80' lang='lat' dir='ltr'><strong>compressos,</strong></span> <span class='ocrx_word' id='word_1_182' title='bbox 2825 1290 2883 1337; x_wconf 90' lang='lat' dir='ltr'><strong>ut</strong></span> <span class='ocrx_word' id='word_1_183' title='bbox 2918 1289 3064 1337; x_wconf 89' lang='lat' dir='ltr'><strong>metu</strong></span> <span class='ocrx_word' id='word_1_184' title='bbox 3096 1280 3272 1337; x_wconf 77' lang='lat' dir='ltr'><strong>aﬂ‘ecti</strong></span> <span class='ocrx_word' id='word_1_185' title='bbox 3299 1282 3432 1338; x_wconf 90' lang='lat' dir='ltr'><strong>nihil</strong></span> <span class='ocrx_word' id='word_1_186' title='bbox 3452 1294 3590 1352; x_wconf 65' lang='lat' dir='ltr'><strong>prae-</strong></span> 
     </span>
    </p>
   </div>
   <div class='ocr_carea' id='block_1_28' title="bbox 2010 1372 3592 1445">
    <p class='ocr_par' dir='ltr' id='par_1_28' title="bbox 2010 1372 3592 1445">
     <span class='ocr_line' id='line_1_28' title="bbox 2010 1372 3592 1445; baseline -0.001 -15"><span class='ocrx_word' id='word_1_187' title='bbox 2010 1390 2159 1445; x_wconf 90' lang='lat' dir='ltr'><strong>ceps,</strong></span> <span class='ocrx_word' id='word_1_188' title='bbox 2189 1375 2443 1445; x_wconf 82' lang='lat' dir='ltr'><strong>quodque</strong></span> <span class='ocrx_word' id='word_1_189' title='bbox 2481 1374 2549 1430; x_wconf 92' lang='lat' dir='ltr'><strong>iis</strong></span> <span class='ocrx_word' id='word_1_190' title='bbox 2577 1372 2887 1443; x_wconf 70' lang='lat' dir='ltr'><strong>displiceret</strong></span> <span class='ocrx_word' id='word_1_191' title='bbox 2933 1375 3315 1444; x_wconf 84' lang='lat' dir='ltr'><strong>loqueremur;</strong></span> <span class='ocrx_word' id='word_1_192' title='bbox 3348 1373 3449 1445; x_wconf 82' lang='lat' dir='ltr'><strong>illi,</strong></span> <span class='ocrx_word' id='word_1_193' title='bbox 3490 1389 3592 1428; x_wconf 81' lang='lat' dir='ltr'><strong>no-</strong></span> 
     </span>
    </p>
   </div>
   <div class='ocr_carea' id='block_1_29' title="bbox 2010 1465 3589 1534">
    <p class='ocr_par' dir='ltr' id='par_1_29' title="bbox 2010 1465 3589 1534">
     <span class='ocr_line' id='line_1_29' title="bbox 2010 1465 3589 1534; baseline 0.001 -12"><span class='ocrx_word' id='word_1_194' title='bbox 2010 1466 2252 1522; x_wconf 87' lang='lat' dir='ltr'><strong>minibus</strong></span> <span class='ocrx_word' id='word_1_195' title='bbox 2274 1466 2476 1522; x_wconf 89' lang='lat' dir='ltr'><strong>nostris</strong></span> <span class='ocrx_word' id='word_1_196' title='bbox 2508 1467 2753 1534; x_wconf 82' lang='lat' dir='ltr'><strong>mutatis,</strong></span> <span class='ocrx_word' id='word_1_197' title='bbox 2788 1465 2842 1520; x_wconf 93' lang='lat' dir='ltr'><strong>in</strong></span> <span class='ocrx_word' id='word_1_198' title='bbox 2889 1468 3204 1522; x_wconf 75' lang='lat' dir='ltr'><strong>servitutem</strong></span> <span class='ocrx_word' id='word_1_199' title='bbox 3236 1467 3435 1524; x_wconf 86' lang='lat' dir='ltr'><strong>misere</strong></span> <span class='ocrx_word' id='word_1_200' title='bbox 3474 1477 3589 1523; x_wconf 86' lang='lat' dir='ltr'><strong>tra-</strong></span> 
     </span>
    </p>
   </div>
   <div class='ocr_carea' id='block_1_30' title="bbox 2008 1557 3590 1630">
    <p class='ocr_par' dir='ltr' id='par_1_30' title="bbox 2008 1557 3590 1630">
     <span class='ocr_line' id='line_1_30' title="bbox 2008 1557 3590 1630; baseline -0.001 -15"><span class='ocrx_word' id='word_1_201' title='bbox 2008 1558 2285 1615; x_wconf 89' lang='lat' dir='ltr'><strong>diderunt.</strong></span> <span class='ocrx_word' id='word_1_202' title='bbox 2325 1557 2497 1613; x_wconf 87' lang='lat' dir='ltr'><strong>Porro</strong></span> <span class='ocrx_word' id='word_1_203' title='bbox 2526 1558 2724 1613; x_wconf 89' lang='lat' dir='ltr'><strong>mulier</strong></span> <span class='ocrx_word' id='word_1_204' title='bbox 2750 1559 2996 1629; x_wconf 56' lang='lat' dir='ltr'><strong>quaedam</strong></span> <span class='ocrx_word' id='word_1_205' title='bbox 3043 1560 3185 1629; x_wconf 90' lang='lat' dir='ltr'><strong>apud</strong></span> <span class='ocrx_word' id='word_1_206' title='bbox 3215 1558 3433 1614; x_wconf 66' lang='lat' dir='ltr'><strong>Judaeos</strong></span> <span class='ocrx_word' id='word_1_207' title='bbox 3461 1576 3590 1630; x_wconf 89' lang='lat' dir='ltr'><strong>pro-</strong></span> 
     </span>
    </p>
   </div>
   <div class='ocr_carea' id='block_1_31' title="bbox 2009 1650 3588 1723">
    <p class='ocr_par' dir='ltr' id='par_1_31' title="bbox 2009 1650 3588 1723">
     <span class='ocr_line' id='line_1_31' title="bbox 2009 1650 3588 1723; baseline 0.001 -16"><span class='ocrx_word' id='word_1_208' title='bbox 2009 1651 2202 1723; x_wconf 82' lang='lat' dir='ltr'><strong>selyta,</strong></span> <span class='ocrx_word' id='word_1_209' title='bbox 2253 1651 2409 1706; x_wconf 83' lang='lat' dir='ltr'><strong>valde</strong></span> <span class='ocrx_word' id='word_1_210' title='bbox 2459 1651 2770 1719; x_wconf 86' lang='lat' dir='ltr'><strong>laudabilis,</strong></span> <span class='ocrx_word' id='word_1_211' title='bbox 2822 1650 3042 1706; x_wconf 82' lang='lat' dir='ltr'><strong>nomine</strong></span> <span class='ocrx_word' id='word_1_212' title='bbox 3089 1650 3268 1720; x_wconf 82' lang='lat' dir='ltr'><strong>Justa,</strong></span> <span class='ocrx_word' id='word_1_213' title='bbox 3312 1665 3437 1707; x_wconf 93' lang='lat' dir='ltr'><strong>cum</strong></span> <span class='ocrx_word' id='word_1_214' title='bbox 3488 1668 3588 1709; x_wconf 91' lang='lat' dir='ltr'><strong>nos</strong></span> 
     </span>
    </p>
   </div>
   <div class='ocr_carea' id='block_1_32' title="bbox 2010 1743 3588 1814">
    <p class='ocr_par' dir='ltr' id='par_1_32' title="bbox 2010 1743 3588 1814">
     <span class='ocr_line' id='line_1_32' title="bbox 2010 1743 3588 1814; baseline 0.001 -15"><span class='ocrx_word' id='word_1_215' title='bbox 2010 1745 2253 1811; x_wconf 85' lang='lat' dir='ltr'><strong>emisset,</strong></span> <span class='ocrx_word' id='word_1_216' title='bbox 2286 1744 2478 1799; x_wconf 85' lang='lat' dir='ltr'><strong>habuit</strong></span> <span class='ocrx_word' id='word_1_217' title='bbox 2520 1745 2641 1799; x_wconf 87' lang='lat' dir='ltr'><strong>loco</strong></span> <span class='ocrx_word' id='word_1_218' title='bbox 2673 1744 2932 1810; x_wconf 81' lang='lat' dir='ltr'><strong>ﬁliorum,</strong></span> <span class='ocrx_word' id='word_1_219' title='bbox 2966 1745 3334 1814; x_wconf 83' lang='lat' dir='ltr'><strong>omnibusque</strong></span> <span class='ocrx_word' id='word_1_220' title='bbox 3380 1743 3588 1800; x_wconf 63' lang='lat' dir='ltr'><strong>Graecis</strong></span> 
     </span>
    </p>
   </div>
   <div class='ocr_carea' id='block_1_33' title="bbox 332 1823 1923 1908">
    <p class='ocr_par' dir='ltr' id='par_1_33' title="bbox 332 1832 1903 1906">
     <span class='ocr_line' id='line_1_33' title="bbox 332 1832 1903 1906; baseline 0.003 -20"><span class='ocrx_word' id='word_1_221' title='bbox 332 1833 479 1906; x_wconf 78' lang='grc' dir='ltr'>πάσῃ</span> <span class='ocrx_word' id='word_1_222' title='bbox 519 1833 770 1906; x_wconf 80' lang='grc' dir='ltr'>ἐλληνικῇ</span> <span class='ocrx_word' id='word_1_223' title='bbox 805 1833 1022 1905; x_wconf 76' lang='grc' dir='ltr'>παιδείᾳ</span> <span class='ocrx_word' id='word_1_224' title='bbox 1070 1832 1209 1905; x_wconf 79' lang='grc' dir='ltr'>μετὰ</span> <span class='ocrx_word' id='word_1_225' title='bbox 1246 1832 1482 1905; x_wconf 82' lang='grc' dir='ltr'>σπουδῆς</span> <span class='ocrx_word' id='word_1_226' title='bbox 1515 1832 1903 1901; x_wconf 81' lang='grc' dir='ltr'>ἐξεπαίδευσεν.</span> 
     </span>
    </p>
   </div>
   <div class='ocr_carea' id='block_1_34' title="bbox 2004 1823 3584 1908">
    <p class='ocr_par' dir='ltr' id='par_1_34' title="bbox 2011 1835 3584 1908">
     <span class='ocr_line' id='line_1_34' title="bbox 2011 1835 3584 1908; baseline -0.001 -17"><span class='ocrx_word' id='word_1_227' title='bbox 2011 1835 2311 1906; x_wconf 84' lang='lat' dir='ltr'><strong>disciplinis</strong></span> <span class='ocrx_word' id='word_1_228' title='bbox 2349 1836 2592 1892; x_wconf 85' lang='lat' dir='ltr'><strong>studiose</strong></span> <span class='ocrx_word' id='word_1_229' title='bbox 2634 1838 2887 1893; x_wconf 86' lang='lat' dir='ltr'><strong>erudivit.</strong></span> <span class='ocrx_word' id='word_1_230' title='bbox 2920 1835 3032 1893; x_wconf 78' lang='lat' dir='ltr'><strong>Nos</strong></span> <span class='ocrx_word' id='word_1_231' title='bbox 3076 1853 3206 1893; x_wconf 88' lang='lat' dir='ltr'><strong>vero</strong></span> <span class='ocrx_word' id='word_1_232' title='bbox 3231 1853 3326 1908; x_wconf 89' lang='lat' dir='ltr'><strong>per</strong></span> <span class='ocrx_word' id='word_1_233' title='bbox 3370 1845 3584 1892; x_wconf 64' lang='lat' dir='ltr'><strong>aetatem</strong></span> 
     </span>
    </p>
   </div>
   <div class='ocr_carea' id='block_1_35' title="bbox 341 1919 1908 2002">
    <p class='ocr_par' dir='ltr' id='par_1_35' title="bbox 341 1919 1908 2002">
     <span class='ocr_line' id='line_1_35' title="bbox 341 1919 1908 2002; baseline 0.003 -25"><span class='ocrx_word' id='word_1_234' title='bbox 341 1924 530 1996; x_wconf 80' lang='grc' dir='ltr'>Ἡμεῖς</span> <span class='ocrx_word' id='word_1_235' title='bbox 566 1925 623 1979; x_wconf 87' lang='grc' dir='ltr'>δὲ</span> <span class='ocrx_word' id='word_1_236' title='bbox 658 1919 936 1997; x_wconf 78' lang='grc' dir='ltr'><strong>γινόμενοι</strong></span> <span class='ocrx_word' id='word_1_237' title='bbox 987 1926 1072 1995; x_wconf 84' lang='grc' dir='ltr'><strong>ἐφ’</strong></span> <span class='ocrx_word' id='word_1_238' title='bbox 1092 1925 1306 1996; x_wconf 86' lang='grc' dir='ltr'>ήλικίας</span> <span class='ocrx_word' id='word_1_239' title='bbox 1347 1924 1636 1997; x_wconf 75' lang='grc' dir='ltr'>ἔμφρονες,</span> <span class='ocrx_word' id='word_1_240' title='bbox 1676 1927 1770 1981; x_wconf 71' lang='grc' dir='ltr'>καὶ</span> <span class='ocrx_word' id='word_1_241' title='bbox 1808 1928 1908 2002; x_wconf 82' lang='grc' dir='ltr'><strong>τὴν</strong></span> 
     </span>
    </p>
   </div>
   <div class='ocr_carea' id='block_1_36' title="bbox 329 2013 1907 2091">
    <p class='ocr_par' dir='ltr' id='par_1_36' title="bbox 329 2013 1907 2091">
     <span class='ocr_line' id='line_1_36' title="bbox 329 2013 1907 2091; baseline 0.003 -24"><span class='ocrx_word' id='word_1_242' title='bbox 329 2013 625 2087; x_wconf 88' lang='grc' dir='ltr'>θρησκείαν</span> <span class='ocrx_word' id='word_1_243' title='bbox 639 2018 824 2089; x_wconf 82' lang='grc' dir='ltr'>ήγαπή</span> <span class='ocrx_word' id='word_1_244' title='bbox 832 2033 897 2069; x_wconf 93' lang='grc' dir='ltr'><strong>σα</strong></span> <span class='ocrx_word' id='word_1_245' title='bbox 904 2033 1020 2088; x_wconf 89' lang='grc' dir='ltr'>μεν,</span> <span class='ocrx_word' id='word_1_246' title='bbox 1035 2016 1128 2069; x_wconf 75' lang='grc' dir='ltr'>καὶ</span> <span class='ocrx_word' id='word_1_247' title='bbox 1138 2016 1206 2070; x_wconf 76' lang='grc' dir='ltr'><strong>τὰ</strong></span> <span class='ocrx_word' id='word_1_248' title='bbox 1220 2016 1318 2088; x_wconf 90' lang='grc' dir='ltr'><strong>τῆς</strong></span> <span class='ocrx_word' id='word_1_249' title='bbox 1331 2015 1576 2081; x_wconf 86' lang='grc' dir='ltr'>παιδείας</span> <span class='ocrx_word' id='word_1_250' title='bbox 1586 2016 1907 2091; x_wconf 82' lang='grc' dir='ltr'>ἐφιλοπονή-</span> 
     </span>
    </p>
   </div>
   <div class='ocr_carea' id='block_1_37' title="bbox 331 2103 1896 2182">
    <p class='ocr_par' dir='ltr' id='par_1_37' title="bbox 331 2103 1896 2182">
     <span class='ocr_line' id='line_1_37' title="bbox 331 2103 1896 2182; baseline 0.002 -22"><span class='ocrx_word' id='word_1_251' title='bbox 331 2103 521 2178; x_wconf 88' lang='grc' dir='ltr'>σαμεν,</span> <span class='ocrx_word' id='word_1_252' title='bbox 554 2108 701 2172; x_wconf 87' lang='grc' dir='ltr'>ὃπως</span> <span class='ocrx_word' id='word_1_253' title='bbox 730 2109 866 2180; x_wconf 83' lang='grc' dir='ltr'>πρὸς</span> <span class='ocrx_word' id='word_1_254' title='bbox 888 2108 956 2162; x_wconf 84' lang='grc' dir='ltr'>τὰ</span> <span class='ocrx_word' id='word_1_255' title='bbox 978 2107 1139 2162; x_wconf 86' lang='grc' dir='ltr'>λοιπά</span> <span class='ocrx_word' id='word_1_256' title='bbox 1168 2107 1295 2179; x_wconf 74' lang='grc' dir='ltr'>ἔθνη</span> <span class='ocrx_word' id='word_1_257' title='bbox 1334 2107 1722 2182; x_wconf 85' lang='grc' dir='ltr'>διαλεγόμενοι,</span> <span class='ocrx_word' id='word_1_258' title='bbox 1754 2110 1896 2180; x_wconf 80' lang='grc' dir='ltr'>ἐλέγ-</span> 
     </span>
    </p>
   </div>
   <div class='ocr_carea' id='block_1_38' title="bbox 329 2198 1906 2275">
    <p class='ocr_par' dir='ltr' id='par_1_38' title="bbox 329 2198 1906 2275">
     <span class='ocr_line' id='line_1_38' title="bbox 329 2198 1906 2275; baseline 0.004 -24"><span class='ocrx_word' id='word_1_259' title='bbox 329 2216 442 2269; x_wconf 87' lang='grc' dir='ltr'>χειν</span> <span class='ocrx_word' id='word_1_260' title='bbox 466 2198 606 2253; x_wconf 82' lang='grc' dir='ltr'>αύτὰ</span> <span class='ocrx_word' id='word_1_261' title='bbox 626 2200 754 2273; x_wconf 66' lang='grc' dir='ltr'><strong>περὶ¹</strong></span> <span class='ocrx_word' id='word_1_262' title='bbox 783 2200 989 2273; x_wconf 83' lang='grc' dir='ltr'>πλάνης</span> <span class='ocrx_word' id='word_1_263' title='bbox 1002 2199 1240 2263; x_wconf 84' lang='grc' dir='ltr'>δυνατῶς</span> <span class='ocrx_word' id='word_1_264' title='bbox 1264 2199 1496 2272; x_wconf 83' lang='grc' dir='ltr'>ἔχωμεν,</span> <span class='ocrx_word' id='word_1_265' title='bbox 1521 2201 1906 2275; x_wconf 77' lang='grc' dir='ltr'>ήκριϐὡσαμεν</span> 
     </span>
    </p>
   </div>
   <div class='ocr_carea' id='block_1_39' title="bbox 328 2289 1905 2363">
    <p class='ocr_par' dir='ltr' id='par_1_39' title="bbox 328 2289 1905 2363">
     <span class='ocr_line' id='line_1_39' title="bbox 328 2289 1905 2363; baseline 0.003 -20"><span class='ocrx_word' id='word_1_266' title='bbox 328 2289 387 2343; x_wconf 79' lang='grc' dir='ltr'>δὲ</span> <span class='ocrx_word' id='word_1_267' title='bbox 412 2290 505 2344; x_wconf 82' lang='grc' dir='ltr'>καὶ</span> <span class='ocrx_word' id='word_1_268' title='bbox 533 2290 604 2344; x_wconf 83' lang='grc' dir='ltr'>τὰ</span> <span class='ocrx_word' id='word_1_269' title='bbox 649 2292 971 2362; x_wconf 86' lang='grc' dir='ltr'>φιλοσόφων,</span> <span class='ocrx_word' id='word_1_270' title='bbox 1001 2291 1292 2363; x_wconf 76' lang='grc' dir='ltr'>ἐξαιρέτως</span> <span class='ocrx_word' id='word_1_271' title='bbox 1325 2292 1394 2345; x_wconf 80' lang='grc' dir='ltr'><strong>τὰ</strong></span> <span class='ocrx_word' id='word_1_272' title='bbox 1422 2291 1720 2347; x_wconf 84' lang='grc' dir='ltr'>ἀθεώτατα.</span> <span class='ocrx_word' id='word_1_273' title='bbox 1748 2294 1905 2363; x_wconf 83' lang='grc' dir='ltr'><strong>Λέγω</strong></span> 
     </span>
    </p>
   </div>
   <div class='ocr_carea' id='block_1_40' title="bbox 327 2382 1903 2459">
    <p class='ocr_par' dir='ltr' id='par_1_40' title="bbox 327 2382 1903 2459">
     <span class='ocr_line' id='line_1_40' title="bbox 327 2382 1903 2459; baseline 0.003 -22"><span class='ocrx_word' id='word_1_274' title='bbox 327 2382 391 2455; x_wconf 81' lang='grc' dir='ltr'>δὴ</span> <span class='ocrx_word' id='word_1_275' title='bbox 438 2383 508 2437; x_wconf 83' lang='grc' dir='ltr'><strong>τά</strong></span> <span class='ocrx_word' id='word_1_276' title='bbox 549 2383 872 2458; x_wconf 86' lang='grc' dir='ltr'>Ἐπικούρου</span> <span class='ocrx_word' id='word_1_277' title='bbox 919 2385 1013 2439; x_wconf 76' lang='grc' dir='ltr'>καὶ</span> <span class='ocrx_word' id='word_1_278' title='bbox 1065 2386 1376 2457; x_wconf 72' lang='grc' dir='ltr'>Πύρρωνος,</span> <span class='ocrx_word' id='word_1_279' title='bbox 1424 2386 1511 2441; x_wconf 80' lang='grc' dir='ltr'><strong>ἵνα</strong></span> <span class='ocrx_word' id='word_1_280' title='bbox 1561 2388 1653 2441; x_wconf 75' lang='grc' dir='ltr'>καὶ</span> <span class='ocrx_word' id='word_1_281' title='bbox 1705 2386 1903 2459; x_wconf 76' lang='grc' dir='ltr'>μᾶλλον</span> 
     </span>
    </p>
   </div>
   <div class='ocr_carea' id='block_1_41' title="bbox 327 2476 1045 2550">
    <p class='ocr_par' dir='ltr' id='par_1_41' title="bbox 327 2476 1045 2550">
     <span class='ocr_line' id='line_1_41' title="bbox 327 2476 1045 2550; baseline 0.003 -20"><span class='ocrx_word' id='word_1_282' title='bbox 327 2476 715 2543; x_wconf 77' lang='grc' dir='ltr'>ἀνασκευάζειν</span> <span class='ocrx_word' id='word_1_283' title='bbox 740 2477 1045 2550; x_wconf 81' lang='grc' dir='ltr'>δυνώμεθα.</span> 
     </span>
    </p>
   </div>
   <div class='ocr_carea' id='block_1_42' title="bbox 394 2588 1902 2664">
    <p class='ocr_par' dir='ltr' id='par_1_42' title="bbox 394 2588 1902 2664">
     <span class='ocr_line' id='line_1_42' title="bbox 394 2588 1902 2664; baseline -0.001 -18"><span class='ocrx_word' id='word_1_284' title='bbox 394 2589 506 2646; x_wconf 82' lang='lat' dir='ltr'><strong>CV.</strong></span> <span class='ocrx_word' id='word_1_285' title='bbox 528 2590 729 2662; x_wconf 88' lang='grc' dir='ltr'>Σίμωνι</span> <span class='ocrx_word' id='word_1_286' title='bbox 758 2591 815 2644; x_wconf 87' lang='grc' dir='ltr'><strong>δέ</strong></span> <span class='ocrx_word' id='word_1_287' title='bbox 836 2609 940 2645; x_wconf 89' lang='grc' dir='ltr'>τινι</span> <span class='ocrx_word' id='word_1_288' title='bbox 966 2591 1141 2663; x_wconf 82' lang='grc' dir='ltr'>Μάγῳ</span> <span class='ocrx_word' id='word_1_289' title='bbox 1164 2590 1345 2663; x_wconf 81' lang='grc' dir='ltr'>σχεδὸν</span> <span class='ocrx_word' id='word_1_290' title='bbox 1378 2590 1656 2663; x_wconf 84' lang='grc' dir='ltr'>γενόμενοι</span> <span class='ocrx_word' id='word_1_291' title='bbox 1680 2588 1902 2664; x_wconf 86' lang='grc' dir='ltr'>σύντρο-</span> 
     </span>
    </p>
   </div>
   <div class='ocr_carea' id='block_1_43' title="bbox 328 2682 1899 2756">
    <p class='ocr_par' dir='ltr' id='par_1_43' title="bbox 328 2682 1899 2756">
     <span class='ocr_line' id='line_1_43' title="bbox 328 2682 1899 2756; baseline 0 -20"><span class='ocrx_word' id='word_1_292' title='bbox 328 2699 449 2752; x_wconf 80' lang='grc' dir='ltr'>φοι,</span> <span class='ocrx_word' id='word_1_293' title='bbox 500 2682 682 2753; x_wconf 84' lang='grc' dir='ltr'>φιλίας</span> <span class='ocrx_word' id='word_1_294' title='bbox 741 2683 846 2755; x_wconf 78' lang='grc' dir='ltr'><strong>ὁδῷ</strong></span> <span class='ocrx_word' id='word_1_295' title='bbox 900 2684 1243 2756; x_wconf 82' lang='grc' dir='ltr'>ἀπατηθῆναι</span> <span class='ocrx_word' id='word_1_296' title='bbox 1313 2683 1413 2756; x_wconf 78' lang='grc' dir='ltr'><strong>ήδη</strong></span> <span class='ocrx_word' id='word_1_297' title='bbox 1474 2682 1899 2754; x_wconf 82' lang='grc' dir='ltr'>ἐκινδυνεύομεν.</span> 
     </span>
    </p>
   </div>
   <div class='ocr_carea' id='block_1_44' title="bbox 330 2773 1901 2847">
    <p class='ocr_par' dir='ltr' id='par_1_44' title="bbox 330 2773 1901 2847">
     <span class='ocr_line' id='line_1_44' title="bbox 330 2773 1901 2847; baseline -0.002 -19"><span class='ocrx_word' id='word_1_298' title='bbox 330 2774 518 2845; x_wconf 82' lang='grc' dir='ltr'>Ὅμως</span> <span class='ocrx_word' id='word_1_299' title='bbox 551 2774 744 2840; x_wconf 81' lang='grc' dir='ltr'>ταῦτα,</span> <span class='ocrx_word' id='word_1_300' title='bbox 781 2774 977 2847; x_wconf 83' lang='grc' dir='ltr'>μῆτερ,</span> <span class='ocrx_word' id='word_1_301' title='bbox 1018 2776 1110 2827; x_wconf 76' lang='grc' dir='ltr'>ἐπὶ</span> <span class='ocrx_word' id='word_1_302' title='bbox 1156 2773 1350 2847; x_wconf 79' lang='grc' dir='ltr'>καιροῦ</span> <span class='ocrx_word' id='word_1_303' title='bbox 1386 2792 1468 2828; x_wconf 87' lang='grc' dir='ltr'>σοι</span> <span class='ocrx_word' id='word_1_304' title='bbox 1517 2774 1901 2847; x_wconf 81' lang='grc' dir='ltr'>ἀκριϐέστερον</span> 
     </span>
    </p>
   </div>
   <div class='ocr_carea' id='block_1_45' title="bbox 328 2864 1900 2939">
    <p class='ocr_par' dir='ltr' id='par_1_45' title="bbox 328 2864 1900 2939">
     <span class='ocr_line' id='line_1_45' title="bbox 328 2864 1900 2939; baseline 0.002 -22"><span class='ocrx_word' id='word_1_305' title='bbox 328 2864 691 2937; x_wconf 82' lang='grc' dir='ltr'>ἐκτεθήσεται.</span> <span class='ocrx_word' id='word_1_306' title='bbox 719 2867 866 2939; x_wconf 80' lang='grc' dir='ltr'>Πλὴν</span> <span class='ocrx_word' id='word_1_307' title='bbox 891 2866 1172 2938; x_wconf 81' lang='grc' dir='ltr'>μέλλουσιν</span> <span class='ocrx_word' id='word_1_308' title='bbox 1194 2867 1324 2939; x_wconf 79' lang='grc' dir='ltr'>ἡμῖν</span> <span class='ocrx_word' id='word_1_309' title='bbox 1344 2867 1653 2922; x_wconf 77' lang='grc' dir='ltr'>ἀπατᾶσθαι</span> <span class='ocrx_word' id='word_1_310' title='bbox 1678 2867 1782 2921; x_wconf 85' lang='grc' dir='ltr'><strong>ὑπὸ</strong></span> <span class='ocrx_word' id='word_1_311' title='bbox 1806 2866 1900 2920; x_wconf 78' lang='grc' dir='ltr'>τοῦ</span> 
     </span>
    </p>
   </div>
   <div class='ocr_carea' id='block_1_46' title="bbox 328 2957 1901 3032">
    <p class='ocr_par' dir='ltr' id='par_1_46' title="bbox 328 2957 1901 3032">
     <span class='ocr_line' id='line_1_46' title="bbox 328 2957 1901 3032; baseline 0.002 -22"><span class='ocrx_word' id='word_1_312' title='bbox 328 2957 586 3028; x_wconf 85' lang='grc' dir='ltr'>Σίμωνος,</span> <span class='ocrx_word' id='word_1_313' title='bbox 617 2958 828 3031; x_wconf 78' lang='grc' dir='ltr'>ἑταῖρός</span> <span class='ocrx_word' id='word_1_314' title='bbox 860 2976 944 3022; x_wconf 89' lang='grc' dir='ltr'><strong>τις</strong></span> <span class='ocrx_word' id='word_1_315' title='bbox 986 2957 1080 3012; x_wconf 80' lang='grc' dir='ltr'>τοῦ</span> <span class='ocrx_word' id='word_1_316' title='bbox 1114 2960 1304 3032; x_wconf 84' lang='grc' dir='ltr'>κυρίου</span> <span class='ocrx_word' id='word_1_317' title='bbox 1335 2958 1490 3031; x_wconf 82' lang='grc' dir='ltr'>ήμῶν</span> <span class='ocrx_word' id='word_1_318' title='bbox 1523 2957 1731 3031; x_wconf 81' lang='grc' dir='ltr'>Πέτρου</span> <span class='ocrx_word' id='word_1_319' title='bbox 1759 2961 1901 3013; x_wconf 87' lang='grc' dir='ltr'>Ζακ-</span> 
     </span>
    </p>
   </div>
   <div class='ocr_carea' id='block_1_47' title="bbox 327 3050 1903 3124">
    <p class='ocr_par' dir='ltr' id='par_1_47' title="bbox 327 3050 1903 3124">
     <span class='ocr_line' id='line_1_47' title="bbox 327 3050 1903 3124; baseline 0 -20"><span class='ocrx_word' id='word_1_320' title='bbox 327 3055 476 3121; x_wconf 85' lang='grc' dir='ltr'>χαῖος</span> <span class='ocrx_word' id='word_1_321' title='bbox 504 3050 811 3122; x_wconf 82' lang='grc' dir='ltr'>λεγόμενος,</span> <span class='ocrx_word' id='word_1_322' title='bbox 836 3050 1249 3124; x_wconf 82' lang='grc' dir='ltr'>προσηκάμενος</span> <span class='ocrx_word' id='word_1_323' title='bbox 1273 3051 1590 3123; x_wconf 75' lang='grc' dir='ltr'>ἐνουθέτησε</span> <span class='ocrx_word' id='word_1_324' title='bbox 1618 3053 1690 3124; x_wconf 83' lang='grc' dir='ltr'>μὴ</span> <span class='ocrx_word' id='word_1_325' title='bbox 1717 3051 1903 3105; x_wconf 86' lang='grc' dir='ltr'>συνθέ-</span> 
     </span>
    </p>
   </div>
   <div class='ocr_carea' id='block_1_48' title="bbox 2010 1928 3586 2001">
    <p class='ocr_par' dir='ltr' id='par_1_48' title="bbox 2010 1928 3586 2001">
     <span class='ocr_line' id='line_1_48' title="bbox 2010 1928 3586 2001; baseline -0.001 -16"><span class='ocrx_word' id='word_1_326' title='bbox 2010 1929 2135 1985; x_wconf 82' lang='lat' dir='ltr'><strong>facti</strong></span> <span class='ocrx_word' id='word_1_327' title='bbox 2159 1929 2473 2001; x_wconf 84' lang='lat' dir='ltr'><strong>prudentes,</strong></span> <span class='ocrx_word' id='word_1_328' title='bbox 2504 1938 2556 1984; x_wconf 92' lang='lat' dir='ltr'><strong>et</strong></span> <span class='ocrx_word' id='word_1_329' title='bbox 2590 1930 2907 2001; x_wconf 78' lang='lat' dir='ltr'><strong>religionem</strong></span> <span class='ocrx_word' id='word_1_330' title='bbox 2943 1930 3273 1995; x_wconf 84' lang='lat' dir='ltr'><strong>amavimus,</strong></span> <span class='ocrx_word' id='word_1_331' title='bbox 3303 1940 3357 1984; x_wconf 92' lang='lat' dir='ltr'><strong>et</strong></span> <span class='ocrx_word' id='word_1_332' title='bbox 3391 1928 3586 1984; x_wconf 87' lang='lat' dir='ltr'><strong>litteris</strong></span> 
     </span>
    </p>
   </div>
   <div class='ocr_carea' id='block_1_49' title="bbox 2008 2019 3585 2094">
    <p class='ocr_par' dir='ltr' id='par_1_49' title="bbox 2008 2019 3585 2094">
     <span class='ocr_line' id='line_1_49' title="bbox 2008 2019 3585 2094; baseline -0.001 -18"><span class='ocrx_word' id='word_1_333' title='bbox 2008 2022 2252 2094; x_wconf 74' lang='lat' dir='ltr'><strong>gnaviter</strong></span> <span class='ocrx_word' id='word_1_334' title='bbox 2275 2036 2496 2091; x_wconf 88' lang='lat' dir='ltr'><strong>operam</strong></span> <span class='ocrx_word' id='word_1_335' title='bbox 2520 2021 2807 2089; x_wconf 88' lang='lat' dir='ltr'><strong>dedimus;</strong></span> <span class='ocrx_word' id='word_1_336' title='bbox 2838 2029 2896 2077; x_wconf 92' lang='lat' dir='ltr'><strong>ut</strong></span> <span class='ocrx_word' id='word_1_337' title='bbox 2926 2036 3051 2077; x_wconf 89' lang='lat' dir='ltr'><strong>cum</strong></span> <span class='ocrx_word' id='word_1_338' title='bbox 3083 2020 3310 2090; x_wconf 84' lang='lat' dir='ltr'><strong>reliquis</strong></span> <span class='ocrx_word' id='word_1_339' title='bbox 3332 2019 3585 2091; x_wconf 84' lang='lat' dir='ltr'><strong>gentibus</strong></span> 
     </span>
    </p>
   </div>
   <div class='ocr_carea' id='block_1_50' title="bbox 2007 2110 3582 2184">
    <p class='ocr_par' dir='ltr' id='par_1_50' title="bbox 2007 2110 3582 2184">
     <span class='ocr_line' id='line_1_50' title="bbox 2007 2110 3582 2184; baseline -0.002 -16"><span class='ocrx_word' id='word_1_340' title='bbox 2007 2114 2368 2184; x_wconf 84' lang='lat' dir='ltr'><strong>disputantes,</strong></span> <span class='ocrx_word' id='word_1_341' title='bbox 2418 2128 2512 2169; x_wconf 88' lang='lat' dir='ltr'><strong>eas</strong></span> <span class='ocrx_word' id='word_1_342' title='bbox 2561 2128 2850 2184; x_wconf 89' lang='lat' dir='ltr'><strong>possemus</strong></span> <span class='ocrx_word' id='word_1_343' title='bbox 2891 2113 2958 2168; x_wconf 91' lang='lat' dir='ltr'><strong>de</strong></span> <span class='ocrx_word' id='word_1_344' title='bbox 3004 2126 3192 2170; x_wconf 92' lang='lat' dir='ltr'><strong>errore</strong></span> <span class='ocrx_word' id='word_1_345' title='bbox 3242 2114 3472 2182; x_wconf 70' lang='lat' dir='ltr'><strong>arguere</strong></span> <span class='ocrx_word' id='word_1_346' title='bbox 3516 2110 3582 2165; x_wconf 82' lang='lat'><strong>&quot;.</strong></span> 
     </span>
    </p>
   </div>
   <div class='ocr_carea' id='block_1_51' title="bbox 2006 2201 3585 2274">
    <p class='ocr_par' dir='ltr' id='par_1_51' title="bbox 2006 2201 3585 2274">
     <span class='ocr_line' id='line_1_51' title="bbox 2006 2201 3585 2274; baseline -0.003 -16"><span class='ocrx_word' id='word_1_347' title='bbox 2006 2201 2403 2260; x_wconf 89' lang='lat' dir='ltr'><strong>Perdidicimus</strong></span> <span class='ocrx_word' id='word_1_348' title='bbox 2423 2205 2587 2259; x_wconf 89' lang='lat' dir='ltr'><strong>etiam</strong></span> <span class='ocrx_word' id='word_1_349' title='bbox 2614 2204 3064 2274; x_wconf 88' lang='lat' dir='ltr'><strong>philosophorum</strong></span> <span class='ocrx_word' id='word_1_350' title='bbox 3084 2204 3320 2267; x_wconf 89' lang='lat' dir='ltr'><strong>decreta,</strong></span> <span class='ocrx_word' id='word_1_351' title='bbox 3347 2202 3585 2256; x_wconf 73' lang='lat' dir='ltr'><strong>maxime</strong></span> 
     </span>
    </p>
   </div>
   <div class='ocr_carea' id='block_1_52' title="bbox 2007 2293 3582 2366">
    <p class='ocr_par' dir='ltr' id='par_1_52' title="bbox 2007 2293 3582 2366">
     <span class='ocr_line' id='line_1_52' title="bbox 2007 2293 3582 2366; baseline -0.001 -17"><span class='ocrx_word' id='word_1_352' title='bbox 2007 2310 2129 2366; x_wconf 67' lang='lat' dir='ltr'><strong>qua:</strong></span> <span class='ocrx_word' id='word_1_353' title='bbox 2160 2310 2190 2349; x_wconf 90' lang='lat' dir='ltr'><strong>a</strong></span> <span class='ocrx_word' id='word_1_354' title='bbox 2220 2296 2417 2365; x_wconf 88' lang='lat' dir='ltr'><strong>pietate</strong></span> <span class='ocrx_word' id='word_1_355' title='bbox 2456 2295 2511 2349; x_wconf 91' lang='lat' dir='ltr'><strong>in</strong></span> <span class='ocrx_word' id='word_1_356' title='bbox 2552 2294 2722 2351; x_wconf 87' lang='lat' dir='ltr'><strong>Deum</strong></span> <span class='ocrx_word' id='word_1_357' title='bbox 2763 2295 3096 2350; x_wconf 86' lang='lat' dir='ltr'><strong>alienissima</strong></span> <span class='ocrx_word' id='word_1_358' title='bbox 3132 2304 3304 2350; x_wconf 89' lang='lat' dir='ltr'><strong>sunt:</strong></span> <span class='ocrx_word' id='word_1_359' title='bbox 3341 2293 3582 2362; x_wconf 90' lang='lat' dir='ltr'><strong>Epicuri,</strong></span> 
     </span>
    </p>
   </div>
   <div class='ocr_carea' id='block_1_53' title="bbox 2008 2384 3585 2457">
    <p class='ocr_par' dir='ltr' id='par_1_53' title="bbox 2008 2384 3585 2457">
     <span class='ocr_line' id='line_1_53' title="bbox 2008 2384 3585 2457; baseline -0.001 -19"><span class='ocrx_word' id='word_1_360' title='bbox 2008 2385 2253 2455; x_wconf 82' lang='lat' dir='ltr'><strong>inquam,</strong></span> <span class='ocrx_word' id='word_1_361' title='bbox 2278 2396 2330 2440; x_wconf 88' lang='lat' dir='ltr'><strong>et</strong></span> <span class='ocrx_word' id='word_1_362' title='bbox 2358 2384 2689 2457; x_wconf 68' lang='lat' dir='ltr'><strong>Pyrrhonis;</strong></span> <span class='ocrx_word' id='word_1_363' title='bbox 2728 2399 2840 2455; x_wconf 90' lang='lat' dir='ltr'><strong>quo</strong></span> <span class='ocrx_word' id='word_1_364' title='bbox 2862 2393 2915 2439; x_wconf 89' lang='lat' dir='ltr'><strong>et</strong></span> <span class='ocrx_word' id='word_1_365' title='bbox 2938 2384 3112 2454; x_wconf 79' lang='lat' dir='ltr'><strong>magis</strong></span> <span class='ocrx_word' id='word_1_366' title='bbox 3141 2398 3430 2454; x_wconf 83' lang='lat' dir='ltr'><strong>possemus</strong></span> <span class='ocrx_word' id='word_1_367' title='bbox 3457 2400 3585 2438; x_wconf 84' lang='lat' dir='ltr'><strong>con-</strong></span> 
     </span>
    </p>
   </div>
   <div class='ocr_carea' id='block_1_54' title="bbox 2007 2478 2206 2534">
    <p class='ocr_par' dir='ltr' id='par_1_54' title="bbox 2007 2478 2206 2534">
     <span class='ocr_line' id='line_1_54' title="bbox 2007 2478 2206 2534; baseline 0.005 -1"><span class='ocrx_word' id='word_1_368' title='bbox 2007 2478 2033 2533; x_wconf 82' lang='lat' dir='ltr'><strong>f</strong></span> <span class='ocrx_word' id='word_1_369' title='bbox 2035 2488 2206 2534; x_wconf 91' lang='lat' dir='ltr'><strong>utare.</strong></span> 
     </span>
    </p>
   </div>
   <div class='ocr_carea' id='block_1_55' title="bbox 2072 2592 3582 2668">
    <p class='ocr_par' dir='ltr' id='par_1_55' title="bbox 2072 2592 3582 2668">
     <span class='ocr_line' id='line_1_55' title="bbox 2072 2592 3582 2668; baseline 0.004 -19"><span class='ocrx_word' id='word_1_370' title='bbox 2072 2593 2191 2650; x_wconf 82' lang='lat' dir='ltr'><strong>CV.</strong></span> <span class='ocrx_word' id='word_1_371' title='bbox 2224 2592 2493 2649; x_wconf 62' lang='lat' dir='ltr'><strong>Caeterum</strong></span> <span class='ocrx_word' id='word_1_372' title='bbox 2540 2608 2646 2648; x_wconf 90' lang='lat' dir='ltr'><strong>una</strong></span> <span class='ocrx_word' id='word_1_373' title='bbox 2686 2608 2810 2649; x_wconf 90' lang='lat' dir='ltr'><strong>eum</strong></span> <span class='ocrx_word' id='word_1_374' title='bbox 2864 2592 3090 2650; x_wconf 80' lang='lat' dir='ltr'><strong>Simone</strong></span> <span class='ocrx_word' id='word_1_375' title='bbox 3139 2594 3385 2666; x_wconf 84' lang='lat' dir='ltr'><strong>quodam</strong></span> <span class='ocrx_word' id='word_1_376' title='bbox 3422 2594 3582 2668; x_wconf 74' lang='lat' dir='ltr'><strong>Mago</strong></span> 
     </span>
    </p>
   </div>
   <div class='ocr_carea' id='block_1_56' title="bbox 2002 2686 3582 2753">
    <p class='ocr_par' dir='ltr' id='par_1_56' title="bbox 2002 2686 3582 2753">
     <span class='ocr_line' id='line_1_56' title="bbox 2002 2686 3582 2753; baseline 0.001 -9"><span class='ocrx_word' id='word_1_377' title='bbox 2002 2687 2246 2753; x_wconf 84' lang='lat' dir='ltr'><strong>educati,</strong></span> <span class='ocrx_word' id='word_1_378' title='bbox 2276 2687 2488 2742; x_wconf 87' lang='lat' dir='ltr'><strong>ratione</strong></span> <span class='ocrx_word' id='word_1_379' title='bbox 2525 2686 2800 2753; x_wconf 65' lang='lat' dir='ltr'><strong>amicitiae,</strong></span> <span class='ocrx_word' id='word_1_380' title='bbox 2833 2686 2889 2743; x_wconf 90' lang='lat' dir='ltr'><strong>in</strong></span> <span class='ocrx_word' id='word_1_381' title='bbox 2935 2686 3180 2744; x_wconf 75' lang='lat' dir='ltr'><strong>fraudem</strong></span> <span class='ocrx_word' id='word_1_382' title='bbox 3212 2688 3327 2744; x_wconf 83' lang='lat' dir='ltr'><strong>fere</strong></span> <span class='ocrx_word' id='word_1_383' title='bbox 3366 2689 3582 2745; x_wconf 85' lang='lat' dir='ltr'><strong>inducti</strong></span> 
     </span>
    </p>
   </div>
   <div class='ocr_carea' id='block_1_57' title="bbox 2003 2777 3583 2856">
    <p class='ocr_par' dir='ltr' id='par_1_57' title="bbox 2003 2777 3583 2856">
     <span class='ocr_line' id='line_1_57' title="bbox 2003 2777 3583 2856; baseline 0.001 -22"><span class='ocrx_word' id='word_1_384' title='bbox 2003 2778 2230 2835; x_wconf 80' lang='lat' dir='ltr'><strong>fuimus.</strong></span> <span class='ocrx_word' id='word_1_385' title='bbox 2262 2777 2465 2833; x_wconf 81' lang='lat' dir='ltr'><strong>Verum</strong></span> <span class='ocrx_word' id='word_1_386' title='bbox 2491 2778 2594 2833; x_wconf 89' lang='lat' dir='ltr'><strong>ista</strong></span> <span class='ocrx_word' id='word_1_387' title='bbox 2616 2778 2967 2856; x_wconf 42' lang='lat' dir='ltr'><strong>tibi,.mater,</strong></span> <span class='ocrx_word' id='word_1_388' title='bbox 2992 2781 3047 2834; x_wconf 89' lang='lat' dir='ltr'><strong>in</strong></span> <span class='ocrx_word' id='word_1_389' title='bbox 3080 2791 3321 2851; x_wconf 87' lang='lat' dir='ltr'><strong>tempore</strong></span> <span class='ocrx_word' id='word_1_390' title='bbox 3352 2781 3583 2853; x_wconf 81' lang='lat' dir='ltr'><strong>diligen-</strong></span> 
     </span>
    </p>
   </div>
   <div class='ocr_carea' id='block_1_58' title="bbox 2003 2868 3583 2944">
    <p class='ocr_par' dir='ltr' id='par_1_58' title="bbox 2003 2868 3583 2944">
     <span class='ocr_line' id='line_1_58' title="bbox 2003 2868 3583 2944; baseline 0.003 -20"><span class='ocrx_word' id='word_1_391' title='bbox 2003 2871 2113 2926; x_wconf 88' lang='lat' dir='ltr'><strong>tius</strong></span> <span class='ocrx_word' id='word_1_392' title='bbox 2142 2879 2502 2942; x_wconf 81' lang='lat' dir='ltr'><strong>exponentur.</strong></span> <span class='ocrx_word' id='word_1_393' title='bbox 2536 2868 2642 2925; x_wconf 87' lang='lat' dir='ltr'><strong>Sed</strong></span> <span class='ocrx_word' id='word_1_394' title='bbox 2688 2884 2813 2925; x_wconf 88' lang='lat' dir='ltr'><strong>cum</strong></span> <span class='ocrx_word' id='word_1_395' title='bbox 2862 2870 3167 2941; x_wconf 87' lang='lat' dir='ltr'><strong>decipiendi</strong></span> <span class='ocrx_word' id='word_1_396' title='bbox 3211 2888 3460 2928; x_wconf 85' lang='lat' dir='ltr'><strong>essemus</strong></span> <span class='ocrx_word' id='word_1_397' title='bbox 3488 2889 3583 2944; x_wconf 90' lang='lat' dir='ltr'><strong>per</strong></span> 
     </span>
    </p>
   </div>
   <div class='ocr_carea' id='block_1_59' title="bbox 2005 2962 3578 3034">
    <p class='ocr_par' dir='ltr' id='par_1_59' title="bbox 2005 2962 3578 3034">
     <span class='ocr_line' id='line_1_59' title="bbox 2005 2962 3578 3034; baseline 0.003 -17"><span class='ocrx_word' id='word_1_398' title='bbox 2005 2962 2306 3028; x_wconf 86' lang='lat' dir='ltr'><strong>Simonem,</strong></span> <span class='ocrx_word' id='word_1_399' title='bbox 2349 2962 2636 3019; x_wconf 82' lang='lat' dir='ltr'><strong>familiaris</strong></span> <span class='ocrx_word' id='word_1_400' title='bbox 2681 2963 2905 3034; x_wconf 80' lang='lat' dir='ltr'><strong>quidam</strong></span> <span class='ocrx_word' id='word_1_401' title='bbox 2944 2964 3154 3019; x_wconf 89' lang='lat' dir='ltr'><strong>domini</strong></span> <span class='ocrx_word' id='word_1_402' title='bbox 3208 2966 3383 3020; x_wconf 82' lang='lat' dir='ltr'><strong>nostri</strong></span> <span class='ocrx_word' id='word_1_403' title='bbox 3412 2965 3578 3032; x_wconf 86' lang='lat' dir='ltr'><strong>Petri,</strong></span> 
     </span>
    </p>
   </div>
   <div class='ocr_carea' id='block_1_60' title="bbox 2004 3053 3582 3127">
    <p class='ocr_par' dir='ltr' id='par_1_60' title="bbox 2004 3053 3582 3127">
     <span class='ocr_line' id='line_1_60' title="bbox 2004 3053 3582 3127; baseline 0.004 -20"><span class='ocrx_word' id='word_1_404' title='bbox 2004 3053 2298 3109; x_wconf 70' lang='lat' dir='ltr'><strong>Zacchaeus</strong></span> <span class='ocrx_word' id='word_1_405' title='bbox 2322 3053 2522 3121; x_wconf 91' lang='lat' dir='ltr'><strong>dictus,</strong></span> <span class='ocrx_word' id='word_1_406' title='bbox 2557 3055 2821 3110; x_wconf 83' lang='lat' dir='ltr'><strong>accedens</strong></span> <span class='ocrx_word' id='word_1_407' title='bbox 2867 3056 3083 3110; x_wconf 89' lang='lat' dir='ltr'><strong>monuit</strong></span> <span class='ocrx_word' id='word_1_408' title='bbox 3106 3072 3172 3111; x_wconf 91' lang='lat' dir='ltr'><strong>ne</strong></span> <span class='ocrx_word' id='word_1_409' title='bbox 3200 3073 3360 3127; x_wconf 87' lang='lat' dir='ltr'><strong>mago</strong></span> <span class='ocrx_word' id='word_1_410' title='bbox 3392 3075 3582 3113; x_wconf 88' lang='lat' dir='ltr'><strong>assen-</strong></span> 
     </span>
    </p>
   </div>
   <div class='ocr_carea' id='block_1_61' title="bbox 330 3142 1923 3229">
    <p class='ocr_par' dir='ltr' id='par_1_61' title="bbox 330 3142 1901 3217">
     <span class='ocr_line' id='line_1_61' title="bbox 330 3142 1901 3217; baseline 0 -21"><span class='ocrx_word' id='word_1_411' title='bbox 330 3142 450 3197; x_wconf 85' lang='grc' dir='ltr'>σθαι</span> <span class='ocrx_word' id='word_1_412' title='bbox 474 3142 555 3214; x_wconf 82' lang='grc' dir='ltr'>τῷ</span> <span class='ocrx_word' id='word_1_413' title='bbox 590 3142 768 3214; x_wconf 84' lang='grc' dir='ltr'>μάγῳ·</span> <span class='ocrx_word' id='word_1_414' title='bbox 806 3144 1083 3198; x_wconf 72' lang='grc' dir='ltr'>ἐπελθόντι</span> <span class='ocrx_word' id='word_1_415' title='bbox 1123 3143 1180 3198; x_wconf 82' lang='grc' dir='ltr'>δὲ</span> <span class='ocrx_word' id='word_1_416' title='bbox 1205 3144 1283 3215; x_wconf 81' lang='grc' dir='ltr'>τῷ</span> <span class='ocrx_word' id='word_1_417' title='bbox 1304 3144 1497 3215; x_wconf 83' lang='grc' dir='ltr'>Πέτρῳ</span> <span class='ocrx_word' id='word_1_418' title='bbox 1535 3145 1901 3217; x_wconf 83' lang='grc' dir='ltr'>προσήγαγεν,</span> 
     </span>
    </p>
   </div>
   <div class='ocr_carea' id='block_1_62' title="bbox 2004 3142 3581 3229">
    <p class='ocr_par' dir='ltr' id='par_1_62' title="bbox 2006 3145 3581 3220">
     <span class='ocr_line' id='line_1_62' title="bbox 2006 3145 3581 3220; baseline 0.004 -19"><span class='ocrx_word' id='word_1_419' title='bbox 2006 3147 2263 3212; x_wconf 90' lang='lat' dir='ltr'><strong>tiremur,</strong></span> <span class='ocrx_word' id='word_1_420' title='bbox 2296 3145 2569 3216; x_wconf 88' lang='lat' dir='ltr'><strong>Petroque</strong></span> <span class='ocrx_word' id='word_1_421' title='bbox 2601 3148 2914 3202; x_wconf 85' lang='lat' dir='ltr'><strong>advenienti</strong></span> <span class='ocrx_word' id='word_1_422' title='bbox 2959 3149 3174 3216; x_wconf 89' lang='lat' dir='ltr'><strong>obtulit,</strong></span> <span class='ocrx_word' id='word_1_423' title='bbox 3202 3160 3265 3205; x_wconf 86' lang='lat' dir='ltr'><strong>ut</strong></span> <span class='ocrx_word' id='word_1_424' title='bbox 3298 3165 3400 3206; x_wconf 88' lang='lat' dir='ltr'><strong>nos</strong></span> <span class='ocrx_word' id='word_1_425' title='bbox 3424 3153 3581 3220; x_wconf 87' lang='lat' dir='ltr'><strong>plene</strong></span> 
     </span>
    </p>
   </div>
   <div class='ocr_carea' id='block_1_63' title="bbox 327 3234 1900 3310">
    <p class='ocr_par' dir='ltr' id='par_1_63' title="bbox 327 3234 1900 3310">
     <span class='ocr_line' id='line_1_63' title="bbox 327 3234 1900 3310; baseline 0.001 -22"><span class='ocrx_word' id='word_1_426' title='bbox 327 3234 473 3299; x_wconf 75' lang='grc' dir='ltr'>ὅπως</span> <span class='ocrx_word' id='word_1_427' title='bbox 499 3236 645 3306; x_wconf 80' lang='grc' dir='ltr'>ἡμᾶς</span> <span class='ocrx_word' id='word_1_428' title='bbox 680 3234 1100 3308; x_wconf 84' lang='grc' dir='ltr'>πληροφορήσας</span> <span class='ocrx_word' id='word_1_429' title='bbox 1132 3236 1299 3310; x_wconf 77' lang='grc' dir='ltr'>πείσῃ</span> <span class='ocrx_word' id='word_1_430' title='bbox 1326 3237 1453 3307; x_wconf 75' lang='grc' dir='ltr'>περὶ</span> <span class='ocrx_word' id='word_1_431' title='bbox 1485 3236 1595 3289; x_wconf 89' lang='grc' dir='ltr'><strong>τῶν</strong></span> <span class='ocrx_word' id='word_1_432' title='bbox 1619 3239 1686 3308; x_wconf 77' lang='grc' dir='ltr'><strong>τῇ</strong></span> <span class='ocrx_word' id='word_1_433' title='bbox 1719 3235 1900 3290; x_wconf 84' lang='grc' dir='ltr'>θεοσε-</span> 
     </span>
    </p>
   </div>
   <div class='ocr_carea' id='block_1_64' title="bbox 328 3326 1903 3400">
    <p class='ocr_par' dir='ltr' id='par_1_64' title="bbox 328 3326 1903 3400">
     <span class='ocr_line' id='line_1_64' title="bbox 328 3326 1903 3400; baseline 0.001 -21"><span class='ocrx_word' id='word_1_434' title='bbox 328 3326 448 3399; x_wconf 76' lang='grc' dir='ltr'>ϐείᾳ</span> <span class='ocrx_word' id='word_1_435' title='bbox 482 3326 859 3399; x_wconf 86' lang='grc' dir='ltr'>διαφερόντων.</span> <span class='ocrx_word' id='word_1_436' title='bbox 899 3327 991 3381; x_wconf 86' lang='grc' dir='ltr'><strong>Διὸ</strong></span> <span class='ocrx_word' id='word_1_437' title='bbox 1030 3328 1124 3382; x_wconf 78' lang='grc' dir='ltr'>καὶ</span> <span class='ocrx_word' id='word_1_438' title='bbox 1171 3328 1253 3392; x_wconf 81' lang='grc' dir='ltr'>σὲ,</span> <span class='ocrx_word' id='word_1_439' title='bbox 1285 3329 1477 3400; x_wconf 88' lang='grc' dir='ltr'>μῆτερ,</span> <span class='ocrx_word' id='word_1_440' title='bbox 1519 3328 1804 3400; x_wconf 80' lang='grc' dir='ltr'>εὐχόμεθα,</span> <span class='ocrx_word' id='word_1_441' title='bbox 1827 3329 1903 3395; x_wconf 87' lang='grc' dir='ltr'>ὼς</span> 
     </span>
    </p>
   </div>
   <div class='ocr_carea' id='block_1_65' title="bbox 328 3418 1897 3494">
    <p class='ocr_par' dir='ltr' id='par_1_65' title="bbox 328 3418 1897 3494">
     <span class='ocr_line' id='line_1_65' title="bbox 328 3418 1897 3494; baseline 0.001 -22"><span class='ocrx_word' id='word_1_442' title='bbox 328 3419 485 3489; x_wconf 75' lang='grc' dir='ltr'>ἡμεῖς</span> <span class='ocrx_word' id='word_1_443' title='bbox 513 3418 928 3491; x_wconf 83' lang='grc' dir='ltr'>κατηξιώθημεν</span> <span class='ocrx_word' id='word_1_444' title='bbox 964 3420 1202 3489; x_wconf 84' lang='grc' dir='ltr'>ἀγαθῶν,</span> <span class='ocrx_word' id='word_1_445' title='bbox 1226 3420 1433 3475; x_wconf 89' lang='grc' dir='ltr'>τούτων</span> <span class='ocrx_word' id='word_1_446' title='bbox 1470 3422 1564 3475; x_wconf 76' lang='grc' dir='ltr'><strong>καὶ</strong></span> <span class='ocrx_word' id='word_1_447' title='bbox 1600 3421 1770 3494; x_wconf 82' lang='grc' dir='ltr'>αὐτὴν</span> <span class='ocrx_word' id='word_1_448' title='bbox 1804 3439 1897 3492; x_wconf 82' lang='grc' dir='ltr'><strong>με-</strong></span> 
     </span>
    </p>
   </div>
   <div class='ocr_carea' id='block_1_66' title="bbox 327 3512 1901 3586">
    <p class='ocr_par' dir='ltr' id='par_1_66' title="bbox 327 3512 1901 3586">
     <span class='ocr_line' id='line_1_66' title="bbox 327 3512 1901 3586; baseline 0.002 -22"><span class='ocrx_word' id='word_1_449' title='bbox 327 3514 565 3581; x_wconf 87' lang='grc' dir='ltr'>τασχεῖν,</span> <span class='ocrx_word' id='word_1_450' title='bbox 595 3513 743 3574; x_wconf 75' lang='grc' dir='ltr'>ὅπως</span> <span class='ocrx_word' id='word_1_451' title='bbox 774 3512 966 3567; x_wconf 84' lang='grc' dir='ltr'>κοινῶν</span> <span class='ocrx_word' id='word_1_452' title='bbox 990 3513 1133 3567; x_wconf 82' lang='grc' dir='ltr'>ἀλῶν</span> <span class='ocrx_word' id='word_1_453' title='bbox 1159 3513 1252 3567; x_wconf 73' lang='grc' dir='ltr'>καὶ</span> <span class='ocrx_word' id='word_1_454' title='bbox 1283 3512 1562 3586; x_wconf 73' lang='grc' dir='ltr'>τραπέζης</span> <span class='ocrx_word' id='word_1_455' title='bbox 1588 3514 1901 3586; x_wconf 82' lang='grc' dir='ltr'>δυνηθῶμεν</span> 
     </span>
    </p>
   </div>
   <div class='ocr_carea' id='block_1_67' title="bbox 330 3599 1902 3677">
    <p class='ocr_par' dir='ltr' id='par_1_67' title="bbox 330 3599 1902 3677">
     <span class='ocr_line' id='line_1_67' title="bbox 330 3599 1902 3677; baseline 0.002 -21"><span class='ocrx_word' id='word_1_456' title='bbox 330 3602 667 3673; x_wconf 75' lang='grc' dir='ltr'>μεταλαϐεῖν.</span> <span class='ocrx_word' id='word_1_457' title='bbox 698 3603 845 3676; x_wconf 78' lang='grc' dir='ltr'>Αὕτη</span> <span class='ocrx_word' id='word_1_458' title='bbox 878 3599 972 3658; x_wconf 83' lang='grc' dir='ltr'>οὖν</span> <span class='ocrx_word' id='word_1_459' title='bbox 1018 3606 1162 3657; x_wconf 88' lang='grc' dir='ltr'>ἐστιν</span> <span class='ocrx_word' id='word_1_460' title='bbox 1193 3606 1229 3676; x_wconf 87' lang='grc' dir='ltr'><strong>ή</strong></span> <span class='ocrx_word' id='word_1_461' title='bbox 1256 3605 1431 3671; x_wconf 54' lang='grc' dir='ltr'>αἰτίαν,</span> <span class='ocrx_word' id='word_1_462' title='bbox 1450 3603 1516 3659; x_wconf 88' lang='grc' dir='ltr'><strong>δι’</strong></span> <span class='ocrx_word' id='word_1_463' title='bbox 1547 3606 1617 3677; x_wconf 75' lang='grc' dir='ltr'><strong>ἢν</strong></span> <span class='ocrx_word' id='word_1_464' title='bbox 1656 3604 1902 3677; x_wconf 74' lang='grc' dir='ltr'>ἐνόμιζες</span> 
     </span>
    </p>
   </div>
   <div class='ocr_carea' id='block_1_68' title="bbox 328 3694 1298 3768">
    <p class='ocr_par' dir='ltr' id='par_1_68' title="bbox 328 3694 1298 3768">
     <span class='ocr_line' id='line_1_68' title="bbox 328 3694 1298 3768; baseline 0.002 -20"><span class='ocrx_word' id='word_1_465' title='bbox 328 3694 474 3765; x_wconf 80' lang='grc' dir='ltr'>ἡμᾶς</span> <span class='ocrx_word' id='word_1_466' title='bbox 495 3696 552 3749; x_wconf 83' lang='grc' dir='ltr'>ἐν</span> <span class='ocrx_word' id='word_1_467' title='bbox 574 3697 641 3767; x_wconf 76' lang='grc' dir='ltr'><strong>τῇ</strong></span> <span class='ocrx_word' id='word_1_468' title='bbox 668 3694 911 3768; x_wconf 81' lang='grc' dir='ltr'>θαλάσσῃ</span> <span class='ocrx_word' id='word_1_469' title='bbox 942 3695 1194 3749; x_wconf 85' lang='grc' dir='ltr'>τεθνᾶναι</span> <span class='ocrx_word' id='word_1_470' title='bbox 1236 3696 1298 3750; x_wconf 81' lang='lat'><strong>“.</strong></span> 
     </span>
    </p>
   </div>
   <div class='ocr_carea' id='block_1_69' title="bbox 394 3808 1901 3881">
    <p class='ocr_par' dir='ltr' id='par_1_69' title="bbox 394 3808 1901 3881">
     <span class='ocr_line' id='line_1_69' title="bbox 394 3808 1901 3881; baseline -0.004 -15"><span class='ocrx_word' id='word_1_471' title='bbox 394 3809 532 3866; x_wconf 79' lang='lat' dir='ltr'><strong>CVI.</strong></span> <span class='ocrx_word' id='word_1_472' title='bbox 572 3810 757 3865; x_wconf 79' lang='grc' dir='ltr'>Ταῦτα</span> <span class='ocrx_word' id='word_1_473' title='bbox 813 3810 906 3863; x_wconf 82' lang='grc' dir='ltr'>τοῦ</span> <span class='ocrx_word' id='word_1_474' title='bbox 973 3809 1267 3863; x_wconf 85' lang='grc' dir='ltr'>Φαυστίνου</span> <span class='ocrx_word' id='word_1_475' title='bbox 1324 3808 1603 3872; x_wconf 76' lang='grc' dir='ltr'>εἰπόντος,</span> <span class='ocrx_word' id='word_1_476' title='bbox 1642 3812 1676 3879; x_wconf 89' lang='grc' dir='ltr'><strong>ή</strong></span> <span class='ocrx_word' id='word_1_477' title='bbox 1721 3810 1901 3881; x_wconf 84' lang='grc' dir='ltr'>μήτηρ</span> 
     </span>
    </p>
   </div>
   <div class='ocr_carea' id='block_1_70' title="bbox 326 3900 1900 3976">
    <p class='ocr_par' dir='ltr' id='par_1_70' title="bbox 326 3900 1900 3976">
     <span class='ocr_line' id='line_1_70' title="bbox 326 3900 1900 3976; baseline -0.002 -18"><span class='ocrx_word' id='word_1_478' title='bbox 326 3903 485 3976; x_wconf 85' lang='grc' dir='ltr'>ήμῶν</span> <span class='ocrx_word' id='word_1_479' title='bbox 529 3904 829 3976; x_wconf 87' lang='grc' dir='ltr'>προσέπεσε</span> <span class='ocrx_word' id='word_1_480' title='bbox 866 3903 943 3974; x_wconf 82' lang='grc' dir='ltr'>τῷ</span> <span class='ocrx_word' id='word_1_481' title='bbox 982 3902 1191 3973; x_wconf 83' lang='grc' dir='ltr'>Πέτρῳ,</span> <span class='ocrx_word' id='word_1_482' title='bbox 1249 3901 1474 3973; x_wconf 82' lang='grc' dir='ltr'>δεομένη</span> <span class='ocrx_word' id='word_1_483' title='bbox 1524 3901 1616 3955; x_wconf 74' lang='grc' dir='ltr'>καὶ</span> <span class='ocrx_word' id='word_1_484' title='bbox 1654 3900 1900 3968; x_wconf 78' lang='grc' dir='ltr'>ἀξιοῦσα,</span> 
     </span>
    </p>
   </div>
   <div class='ocr_carea' id='block_1_71' title="bbox 327 3989 1899 4065">
    <p class='ocr_par' dir='ltr' id='par_1_71' title="bbox 327 3989 1899 4065">
     <span class='ocr_line' id='line_1_71' title="bbox 327 3989 1899 4065; baseline -0.001 -17"><span class='ocrx_word' id='word_1_485' title='bbox 327 3996 477 4059; x_wconf 83' lang='grc' dir='ltr'>ὅπως</span> <span class='ocrx_word' id='word_1_486' title='bbox 506 3994 674 4065; x_wconf 83' lang='grc' dir='ltr'>αὐτήν</span> <span class='ocrx_word' id='word_1_487' title='bbox 709 4010 769 4046; x_wconf 91' lang='grc' dir='ltr'><strong>τε</strong></span> <span class='ocrx_word' id='word_1_488' title='bbox 792 3993 886 4046; x_wconf 73' lang='grc' dir='ltr'><strong>καὶ</strong></span> <span class='ocrx_word' id='word_1_489' title='bbox 915 3992 1012 4064; x_wconf 79' lang='grc' dir='ltr'><strong>τὴν</strong></span> <span class='ocrx_word' id='word_1_490' title='bbox 1049 3989 1319 4062; x_wconf 78' lang='grc' dir='ltr'>ξενοδόχον</span> <span class='ocrx_word' id='word_1_491' title='bbox 1342 3992 1513 4063; x_wconf 80' lang='grc' dir='ltr'>αὐτῆς</span> <span class='ocrx_word' id='word_1_492' title='bbox 1541 3992 1899 4063; x_wconf 71' lang='grc' dir='ltr'>μεταπεμψά-</span> 
     </span>
    </p>
   </div>
   <div class='ocr_carea' id='block_1_72' title="bbox 331 4083 1902 4158">
    <p class='ocr_par' dir='ltr' id='par_1_72' title="bbox 331 4083 1902 4158">
     <span class='ocr_line' id='line_1_72' title="bbox 331 4083 1902 4158; baseline -0.001 -19"><span class='ocrx_word' id='word_1_493' title='bbox 331 4103 490 4158; x_wconf 89' lang='grc' dir='ltr'>μενος</span> <span class='ocrx_word' id='word_1_494' title='bbox 504 4083 738 4156; x_wconf 79' lang='grc' dir='ltr'>βαπτίσῃ</span> <span class='ocrx_word' id='word_1_495' title='bbox 761 4102 773 4114; x_wconf 91' lang='grc'>·</span> <span class='ocrx_word' id='word_1_496' title='bbox 797 4086 931 4149; x_wconf 85' lang='grc' dir='ltr'>Ἵνα,</span> <span class='ocrx_word' id='word_1_497' title='bbox 949 4084 1101 4156; x_wconf 74' lang='grc' dir='ltr'>φησὶ,</span> <span class='ocrx_word' id='word_1_498' title='bbox 1138 4083 1376 4154; x_wconf 84' lang='grc' dir='ltr'>μηδεμία</span> <span class='ocrx_word' id='word_1_499' title='bbox 1402 4100 1485 4146; x_wconf 90' lang='grc' dir='ltr'><strong>τις</strong></span> <span class='ocrx_word' id='word_1_500' title='bbox 1513 4084 1737 4155; x_wconf 81' lang='grc' dir='ltr'>ἄμοιρος</span> <span class='ocrx_word' id='word_1_501' title='bbox 1765 4084 1902 4155; x_wconf 83' lang='grc' dir='ltr'>ἠμέ-</span> 
     </span>
    </p>
   </div>
   <div class='ocr_carea' id='block_1_73' title="bbox 332 4169 1895 4248">
    <p class='ocr_par' dir='ltr' id='par_1_73' title="bbox 332 4169 1895 4248">
     <span class='ocr_line' id='line_1_73' title="bbox 332 4169 1895 4248; baseline -0.002 -18"><span class='ocrx_word' id='word_1_502' title='bbox 332 4194 399 4248; x_wconf 91' lang='grc' dir='ltr'><strong>ρα</strong></span> <span class='ocrx_word' id='word_1_503' title='bbox 440 4176 701 4248; x_wconf 75' lang='grc' dir='ltr'>γένηται,</span> <span class='ocrx_word' id='word_1_504' title='bbox 760 4175 856 4245; x_wconf 90' lang='grc' dir='ltr'><strong>ἀφ’</strong></span> <span class='ocrx_word' id='word_1_505' title='bbox 893 4169 961 4246; x_wconf 82' lang='grc' dir='ltr'>ἧς</span> <span class='ocrx_word' id='word_1_506' title='bbox 1000 4174 1070 4227; x_wconf 78' lang='grc' dir='ltr'>τὰ</span> <span class='ocrx_word' id='word_1_507' title='bbox 1108 4173 1351 4245; x_wconf 88' lang='grc' dir='ltr'>ἐμαυτῆς</span> <span class='ocrx_word' id='word_1_508' title='bbox 1400 4173 1673 4228; x_wconf 76' lang='grc' dir='ltr'>ἀπέλαϐον</span> <span class='ocrx_word' id='word_1_509' title='bbox 1712 4174 1895 4238; x_wconf 89' lang='grc' dir='ltr'>τέκνα,</span> 
     </span>
    </p>
   </div>
   <div class='ocr_carea' id='block_1_74' title="bbox 329 4265 1899 4341">
    <p class='ocr_par' dir='ltr' id='par_1_74' title="bbox 329 4265 1899 4341">
     <span class='ocr_line' id='line_1_74' title="bbox 329 4265 1899 4341; baseline -0.003 -17"><span class='ocrx_word' id='word_1_510' title='bbox 329 4268 451 4324; x_wconf 88' lang='grc' dir='ltr'>καθ’</span> <span class='ocrx_word' id='word_1_511' title='bbox 485 4269 553 4341; x_wconf 78' lang='grc' dir='ltr'><strong>ἢν</strong></span> <span class='ocrx_word' id='word_1_512' title='bbox 589 4267 658 4325; x_wconf 77' lang='grc' dir='ltr'>ἃν</span> <span class='ocrx_word' id='word_1_513' title='bbox 690 4268 752 4321; x_wconf 80' lang='grc' dir='ltr'><strong>οὐ</strong></span> <span class='ocrx_word' id='word_1_514' title='bbox 799 4267 1201 4338; x_wconf 84' lang='grc' dir='ltr'>συνεστιαθείην</span> <span class='ocrx_word' id='word_1_515' title='bbox 1230 4266 1413 4332; x_wconf 79' lang='grc' dir='ltr'>αὐτοῖς</span> <span class='ocrx_word' id='word_1_516' title='bbox 1438 4266 1498 4318; x_wconf 75' lang='grc'><strong>⁸⁸.</strong></span> <span class='ocrx_word' id='word_1_517' title='bbox 1521 4265 1632 4320; x_wconf 76' lang='grc' dir='ltr'><strong>Καὶ</strong></span> <span class='ocrx_word' id='word_1_518' title='bbox 1656 4266 1815 4337; x_wconf 80' lang='grc' dir='ltr'>ἡμῶν</span> <span class='ocrx_word' id='word_1_519' title='bbox 1841 4266 1899 4320; x_wconf 84' lang='grc' dir='ltr'><strong>δέ</strong></span> 
     </span>
    </p>
   </div>
   <div class='ocr_carea' id='block_1_75' title="bbox 326 4357 1893 4433">
    <p class='ocr_par' dir='ltr' id='par_1_75' title="bbox 326 4357 1893 4433">
     <span class='ocr_line' id='line_1_75' title="bbox 326 4357 1893 4433; baseline -0.003 -17"><span class='ocrx_word' id='word_1_520' title='bbox 326 4361 398 4416; x_wconf 82' lang='grc' dir='ltr'>τὰ</span> <span class='ocrx_word' id='word_1_521' title='bbox 436 4362 683 4433; x_wconf 77' lang='grc' dir='ltr'>δμοιατῇ</span> <span class='ocrx_word' id='word_1_522' title='bbox 718 4359 884 4432; x_wconf 76' lang='grc' dir='ltr'>μητρὶ</span> <span class='ocrx_word' id='word_1_523' title='bbox 930 4358 1399 4423; x_wconf 89' lang='grc' dir='ltr'>συνικετευόντων,</span> <span class='ocrx_word' id='word_1_524' title='bbox 1441 4358 1471 4412; x_wconf 82' lang='grc' dir='ltr'><strong>ὁ</strong></span> <span class='ocrx_word' id='word_1_525' title='bbox 1512 4357 1717 4429; x_wconf 89' lang='grc' dir='ltr'>Πέτρος</span> <span class='ocrx_word' id='word_1_526' title='bbox 1757 4357 1893 4429; x_wconf 70' lang='grc' dir='ltr'>ἔφη·</span> 
     </span>
    </p>
   </div>
   <div class='ocr_carea' id='block_1_76' title="bbox 329 4448 1898 4524">
    <p class='ocr_par' dir='ltr' id='par_1_76' title="bbox 329 4448 1898 4524">
     <span class='ocr_line' id='line_1_76' title="bbox 329 4448 1898 4524; baseline -0.001 -18"><span class='ocrx_word' id='word_1_527' title='bbox 329 4453 395 4507; x_wconf 87' lang='grc' dir='ltr'>Τί</span> <span class='ocrx_word' id='word_1_528' title='bbox 415 4452 612 4519; x_wconf 71' lang='grc' dir='ltr'>οἴεσθε,</span> <span class='ocrx_word' id='word_1_529' title='bbox 644 4453 802 4524; x_wconf 83' lang='grc' dir='ltr'>μόνος</span> <span class='ocrx_word' id='word_1_530' title='bbox 828 4451 938 4521; x_wconf 87' lang='grc' dir='ltr'>ἐγὼ</span> <span class='ocrx_word' id='word_1_531' title='bbox 954 4449 1297 4521; x_wconf 76' lang='grc' dir='ltr'>ἇσπλαγχνός</span> <span class='ocrx_word' id='word_1_532' title='bbox 1326 4452 1463 4521; x_wconf 87' lang='grc' dir='ltr'>είμι,</span> <span class='ocrx_word' id='word_1_533' title='bbox 1491 4448 1573 4503; x_wconf 85' lang='grc' dir='ltr'>ὅτι</span> <span class='ocrx_word' id='word_1_534' title='bbox 1595 4449 1670 4521; x_wconf 78' lang='grc' dir='ltr'>μὴ</span> <span class='ocrx_word' id='word_1_535' title='bbox 1715 4449 1898 4521; x_wconf 83' lang='grc' dir='ltr'>βούλο-</span> 
     </span>
    </p>
   </div>
   <div class='ocr_carea' id='block_1_77' title="bbox 2004 3240 3575 3308">
    <p class='ocr_par' dir='ltr' id='par_1_77' title="bbox 2004 3240 3575 3308">
     <span class='ocr_line' id='line_1_77' title="bbox 2004 3240 3575 3308; baseline 0.003 -15"><span class='ocrx_word' id='word_1_536' title='bbox 2004 3249 2166 3308; x_wconf 84' lang='lat' dir='ltr'><strong>atque</strong></span> <span class='ocrx_word' id='word_1_537' title='bbox 2195 3246 2345 3293; x_wconf 86' lang='lat' dir='ltr'><strong>certo</strong></span> <span class='ocrx_word' id='word_1_538' title='bbox 2387 3253 2509 3307; x_wconf 69' lang='lat' dir='ltr'><strong>quae</strong></span> <span class='ocrx_word' id='word_1_539' title='bbox 2551 3248 2798 3308; x_wconf 88' lang='lat' dir='ltr'><strong>spectant</strong></span> <span class='ocrx_word' id='word_1_540' title='bbox 2831 3240 2899 3294; x_wconf 85' lang='lat' dir='ltr'><strong>ad</strong></span> <span class='ocrx_word' id='word_1_541' title='bbox 2942 3241 3148 3296; x_wconf 87' lang='lat' dir='ltr'><strong>cultum</strong></span> <span class='ocrx_word' id='word_1_542' title='bbox 3198 3241 3292 3296; x_wconf 90' lang='lat' dir='ltr'><strong>Dei</strong></span> <span class='ocrx_word' id='word_1_543' title='bbox 3338 3244 3575 3299; x_wconf 85' lang='lat' dir='ltr'><strong>doceret.</strong></span> 
     </span>
    </p>
   </div>
   <div class='ocr_carea' id='block_1_78' title="bbox 2003 3330 3577 3403">
    <p class='ocr_par' dir='ltr' id='par_1_78' title="bbox 2003 3330 3577 3403">
     <span class='ocr_line' id='line_1_78' title="bbox 2003 3330 3577 3403; baseline 0.004 -19"><span class='ocrx_word' id='word_1_544' title='bbox 2003 3330 2186 3398; x_wconf 82' lang='lat' dir='ltr'><strong>Quare</strong></span> <span class='ocrx_word' id='word_1_545' title='bbox 2216 3330 2380 3385; x_wconf 86' lang='lat' dir='ltr'><strong>etiam</strong></span> <span class='ocrx_word' id='word_1_546' title='bbox 2410 3339 2462 3385; x_wconf 92' lang='lat' dir='ltr'><strong>te</strong></span> <span class='ocrx_word' id='word_1_547' title='bbox 2491 3344 2734 3399; x_wconf 82' lang='lat' dir='ltr'><strong>oramus,</strong></span> <span class='ocrx_word' id='word_1_548' title='bbox 2762 3341 2954 3398; x_wconf 84' lang='lat' dir='ltr'><strong>mater,</strong></span> <span class='ocrx_word' id='word_1_549' title='bbox 2986 3342 3046 3387; x_wconf 90' lang='lat' dir='ltr'><strong>ut</strong></span> <span class='ocrx_word' id='word_1_550' title='bbox 3084 3350 3206 3403; x_wconf 58' lang='lat' dir='ltr'><strong>qua;</strong></span> <span class='ocrx_word' id='word_1_551' title='bbox 3240 3350 3344 3389; x_wconf 89' lang='lat' dir='ltr'><strong>nos</strong></span> <span class='ocrx_word' id='word_1_552' title='bbox 3378 3350 3577 3391; x_wconf 79' lang='lat' dir='ltr'><strong>conse-</strong></span> 
     </span>
    </p>
   </div>
   <div class='ocr_carea' id='block_1_79' title="bbox 2000 3421 3577 3496">
    <p class='ocr_par' dir='ltr' id='par_1_79' title="bbox 2000 3421 3577 3496">
     <span class='ocr_line' id='line_1_79' title="bbox 2000 3421 3577 3496; baseline 0.002 -18"><span class='ocrx_word' id='word_1_553' title='bbox 2000 3421 2115 3479; x_wconf 92' lang='lat' dir='ltr'><strong>cuti</strong></span> <span class='ocrx_word' id='word_1_554' title='bbox 2142 3436 2334 3477; x_wconf 85' lang='lat' dir='ltr'><strong>sumus</strong></span> <span class='ocrx_word' id='word_1_555' title='bbox 2355 3421 2526 3489; x_wconf 86' lang='lat' dir='ltr'><strong>bona,</strong></span> <span class='ocrx_word' id='word_1_556' title='bbox 2558 3421 2647 3477; x_wconf 89' lang='lat' dir='ltr'><strong>illa</strong></span> <span class='ocrx_word' id='word_1_557' title='bbox 2671 3432 2725 3477; x_wconf 90' lang='lat' dir='ltr'><strong>et</strong></span> <span class='ocrx_word' id='word_1_558' title='bbox 2748 3433 2804 3477; x_wconf 92' lang='lat' dir='ltr'><strong>tu</strong></span> <span class='ocrx_word' id='word_1_559' title='bbox 2836 3425 3134 3495; x_wconf 89' lang='lat' dir='ltr'><strong>percipias;</strong></span> <span class='ocrx_word' id='word_1_560' title='bbox 3165 3441 3276 3496; x_wconf 91' lang='lat' dir='ltr'><strong>quo</strong></span> <span class='ocrx_word' id='word_1_561' title='bbox 3296 3428 3577 3483; x_wconf 80' lang='lat' dir='ltr'><strong>communi</strong></span> 
     </span>
    </p>
   </div>
   <div class='ocr_carea' id='block_1_80' title="bbox 2001 3513 3574 3586">
    <p class='ocr_par' dir='ltr' id='par_1_80' title="bbox 2001 3513 3574 3586">
     <span class='ocr_line' id='line_1_80' title="bbox 2001 3513 3574 3586; baseline 0.001 -15"><span class='ocrx_word' id='word_1_562' title='bbox 2001 3516 2216 3578; x_wconf 74' lang='lat' dir='ltr'><strong>sale,ac</strong></span> <span class='ocrx_word' id='word_1_563' title='bbox 2246 3530 2437 3570; x_wconf 90' lang='lat' dir='ltr'><strong>mensa</strong></span> <span class='ocrx_word' id='word_1_564' title='bbox 2490 3513 2566 3568; x_wconf 87' lang='lat' dir='ltr'><strong>uti</strong></span> <span class='ocrx_word' id='word_1_565' title='bbox 2594 3514 2890 3584; x_wconf 88' lang='lat' dir='ltr'><strong>possimus.</strong></span> <span class='ocrx_word' id='word_1_566' title='bbox 2948 3514 3022 3569; x_wconf 82' lang='lat' dir='ltr'><strong>Ea</strong></span> <span class='ocrx_word' id='word_1_567' title='bbox 3066 3515 3233 3583; x_wconf 77' lang='lat' dir='ltr'><strong>igitur</strong></span> <span class='ocrx_word' id='word_1_568' title='bbox 3269 3514 3434 3571; x_wconf 81' lang='lat' dir='ltr'><strong>cauSa</strong></span> <span class='ocrx_word' id='word_1_569' title='bbox 3469 3525 3574 3586; x_wconf 86' lang='lat' dir='ltr'><strong>est,</strong></span> 
     </span>
    </p>
   </div>
   <div class='ocr_carea' id='block_1_81' title="bbox 2002 3606 3430 3679">
    <p class='ocr_par' dir='ltr' id='par_1_81' title="bbox 2002 3606 3430 3679">
     <span class='ocr_line' id='line_1_81' title="bbox 2002 3606 3430 3679; baseline -0.002 -15"><span class='ocrx_word' id='word_1_570' title='bbox 2002 3616 2223 3679; x_wconf 87' lang='lat' dir='ltr'><strong>propter</strong></span> <span class='ocrx_word' id='word_1_571' title='bbox 2253 3621 2419 3677; x_wconf 88' lang='lat' dir='ltr'><strong>quam</strong></span> <span class='ocrx_word' id='word_1_572' title='bbox 2449 3620 2549 3660; x_wconf 89' lang='lat' dir='ltr'><strong>nos</strong></span> <span class='ocrx_word' id='word_1_573' title='bbox 2577 3606 2633 3659; x_wconf 90' lang='lat' dir='ltr'><strong>in</strong></span> <span class='ocrx_word' id='word_1_574' title='bbox 2660 3607 2796 3660; x_wconf 90' lang='lat' dir='ltr'><strong>mari</strong></span> <span class='ocrx_word' id='word_1_575' title='bbox 2830 3606 3057 3676; x_wconf 88' lang='lat' dir='ltr'><strong>periisse</strong></span> <span class='ocrx_word' id='word_1_576' title='bbox 3085 3607 3430 3663; x_wconf 78' lang='lat' dir='ltr'><strong>existimasti.</strong></span> 
     </span>
    </p>
   </div>
   <div class='ocr_carea' id='block_1_82' title="bbox 2070 3780 3570 3852">
    <p class='ocr_par' dir='ltr' id='par_1_82' title="bbox 2070 3780 3570 3852">
     <span class='ocr_line' id='line_1_82' title="bbox 2070 3780 3570 3852; baseline -0.001 -11"><span class='ocrx_word' id='word_1_577' title='bbox 2070 3782 2207 3841; x_wconf 81' lang='lat' dir='ltr'><strong>CVI.</strong></span> <span class='ocrx_word' id='word_1_578' title='bbox 2247 3780 2373 3838; x_wconf 59' lang='lat' dir='ltr'><strong>Haec</strong></span> <span class='ocrx_word' id='word_1_579' title='bbox 2422 3798 2548 3839; x_wconf 93' lang='lat' dir='ltr'><strong>cum</strong></span> <span class='ocrx_word' id='word_1_580' title='bbox 2623 3781 2919 3838; x_wconf 88' lang='lat' dir='ltr'><strong>Faustinus</strong></span> <span class='ocrx_word' id='word_1_581' title='bbox 2974 3782 3295 3852; x_wconf 86' lang='lat' dir='ltr'><strong>prolocutus</strong></span> <span class='ocrx_word' id='word_1_582' title='bbox 3352 3781 3570 3849; x_wconf 78' lang='lat' dir='ltr'><strong>inisset,</strong></span> 
     </span>
    </p>
   </div>
   <div class='ocr_carea' id='block_1_83' title="bbox 2001 3874 3574 3951">
    <p class='ocr_par' dir='ltr' id='par_1_83' title="bbox 2001 3874 3574 3951">
     <span class='ocr_line' id='line_1_83' title="bbox 2001 3874 3574 3951; baseline -0.002 -18"><span class='ocrx_word' id='word_1_583' title='bbox 2001 3886 2177 3951; x_wconf 84' lang='lat' dir='ltr'><strong>mater</strong></span> <span class='ocrx_word' id='word_1_584' title='bbox 2205 3884 2393 3933; x_wconf 87' lang='lat' dir='ltr'><strong>nostra</strong></span> <span class='ocrx_word' id='word_1_585' title='bbox 2424 3875 2656 3946; x_wconf 88' lang='lat' dir='ltr'><strong>procidit</strong></span> <span class='ocrx_word' id='word_1_586' title='bbox 2675 3890 2860 3931; x_wconf 85' lang='lat' dir='ltr'><strong>coram</strong></span> <span class='ocrx_word' id='word_1_587' title='bbox 2891 3874 3074 3942; x_wconf 89' lang='lat' dir='ltr'><strong>Petro,</strong></span> <span class='ocrx_word' id='word_1_588' title='bbox 3107 3891 3306 3947; x_wconf 82' lang='lat' dir='ltr'><strong>rogans</strong></span> <span class='ocrx_word' id='word_1_589' title='bbox 3332 3886 3385 3930; x_wconf 89' lang='lat' dir='ltr'><strong>et</strong></span> <span class='ocrx_word' id='word_1_590' title='bbox 3413 3877 3574 3930; x_wconf 85' lang='lat' dir='ltr'><strong>obsc-</strong></span> 
     </span>
    </p>
   </div>
   <div class='ocr_carea' id='block_1_84' title="bbox 2000 3967 3574 4038">
    <p class='ocr_par' dir='ltr' id='par_1_84' title="bbox 2000 3967 3574 4038">
     <span class='ocr_line' id='line_1_84' title="bbox 2000 3967 3574 4038; baseline -0.003 -12"><span class='ocrx_word' id='word_1_591' title='bbox 2000 3985 2185 4036; x_wconf 88' lang='lat' dir='ltr'><strong>crans,</strong></span> <span class='ocrx_word' id='word_1_592' title='bbox 2237 3968 2313 4023; x_wconf 79' lang='lat' dir='ltr'><strong>uti</strong></span> <span class='ocrx_word' id='word_1_593' title='bbox 2372 3983 2430 4023; x_wconf 93' lang='lat' dir='ltr'><strong>se</strong></span> <span class='ocrx_word' id='word_1_594' title='bbox 2478 3983 2745 4038; x_wconf 91' lang='lat' dir='ltr'><strong>suamque</strong></span> <span class='ocrx_word' id='word_1_595' title='bbox 2785 3967 3056 4037; x_wconf 86' lang='lat' dir='ltr'><strong>hospitem</strong></span> <span class='ocrx_word' id='word_1_596' title='bbox 3106 3969 3451 4033; x_wconf 87' lang='lat' dir='ltr'><strong>accersitam,</strong></span> <span class='ocrx_word' id='word_1_597' title='bbox 3477 3969 3574 4022; x_wconf 84' lang='lat' dir='ltr'><strong>ba-</strong></span> 
     </span>
    </p>
   </div>
   <div class='ocr_carea' id='block_1_85' title="bbox 1999 4059 3568 4133">
    <p class='ocr_par' dir='ltr' id='par_1_85' title="bbox 1999 4059 3568 4133">
     <span class='ocr_line' id='line_1_85' title="bbox 1999 4059 3568 4133; baseline -0.003 -16"><span class='ocrx_word' id='word_1_598' title='bbox 1999 4064 2226 4133; x_wconf 84' lang='lat' dir='ltr'><strong>ptizaret</strong></span> <span class='ocrx_word' id='word_1_599' title='bbox 2263 4079 2277 4115; x_wconf 91' lang='lat'><strong>:</strong></span> <span class='ocrx_word' id='word_1_600' title='bbox 2314 4059 2401 4127; x_wconf 86' lang='lat' dir='ltr'><strong>Ut,</strong></span> <span class='ocrx_word' id='word_1_601' title='bbox 2440 4060 2638 4129; x_wconf 89' lang='lat' dir='ltr'><strong>inquit,</strong></span> <span class='ocrx_word' id='word_1_602' title='bbox 2684 4075 2747 4114; x_wconf 74' lang='lat' dir='ltr'><strong>ex</strong></span> <span class='ocrx_word' id='word_1_603' title='bbox 2804 4074 2914 4129; x_wconf 91' lang='lat' dir='ltr'><strong>quo</strong></span> <span class='ocrx_word' id='word_1_604' title='bbox 2964 4071 3121 4115; x_wconf 87' lang='lat' dir='ltr'><strong>natos</strong></span> <span class='ocrx_word' id='word_1_605' title='bbox 3168 4076 3318 4115; x_wconf 89' lang='lat' dir='ltr'><strong>meos</strong></span> <span class='ocrx_word' id='word_1_606' title='bbox 3368 4063 3568 4132; x_wconf 87' lang='lat' dir='ltr'><strong>recepi,</strong></span> 
     </span>
    </p>
   </div>
   <div class='ocr_carea' id='block_1_86' title="bbox 1999 4152 3569 4223">
    <p class='ocr_par' dir='ltr' id='par_1_86' title="bbox 1999 4152 3569 4223">
     <span class='ocr_line' id='line_1_86' title="bbox 1999 4152 3569 4223; baseline -0.002 -13"><span class='ocrx_word' id='word_1_607' title='bbox 1999 4155 2182 4210; x_wconf 85' lang='lat' dir='ltr'><strong>nullus</strong></span> <span class='ocrx_word' id='word_1_608' title='bbox 2200 4154 2315 4208; x_wconf 90' lang='lat' dir='ltr'><strong>dies</strong></span> <span class='ocrx_word' id='word_1_609' title='bbox 2327 4153 2664 4218; x_wconf 75' lang='lat' dir='ltr'><strong>excludatur,</strong></span> <span class='ocrx_word' id='word_1_610' title='bbox 2684 4152 2737 4205; x_wconf 91' lang='lat' dir='ltr'><strong>in</strong></span> <span class='ocrx_word' id='word_1_611' title='bbox 2753 4168 2863 4222; x_wconf 92' lang='lat' dir='ltr'><strong>quo</strong></span> <span class='ocrx_word' id='word_1_612' title='bbox 2879 4167 3003 4207; x_wconf 90' lang='lat' dir='ltr'><strong>cum</strong></span> <span class='ocrx_word' id='word_1_613' title='bbox 3022 4153 3090 4206; x_wconf 90' lang='lat' dir='ltr'><strong>iis</strong></span> <span class='ocrx_word' id='word_1_614' title='bbox 3111 4168 3217 4206; x_wconf 91' lang='lat' dir='ltr'><strong>non</strong></span> <span class='ocrx_word' id='word_1_615' title='bbox 3241 4155 3569 4223; x_wconf 87' lang='lat' dir='ltr'><strong>sumpserim</strong></span> 
     </span>
    </p>
   </div>
   <div class='ocr_carea' id='block_1_87' title="bbox 2000 4244 3572 4315">
    <p class='ocr_par' dir='ltr' id='par_1_87' title="bbox 2000 4244 3572 4315">
     <span class='ocr_line' id='line_1_87' title="bbox 2000 4244 3572 4315; baseline -0.001 -14"><span class='ocrx_word' id='word_1_616' title='bbox 2000 4247 2204 4301; x_wconf 89' lang='lat' dir='ltr'><strong>cibum.</strong></span> <span class='ocrx_word' id='word_1_617' title='bbox 2249 4245 2499 4314; x_wconf 84' lang='lat' dir='ltr'><strong>Cumque</strong></span> <span class='ocrx_word' id='word_1_618' title='bbox 2529 4260 2629 4299; x_wconf 89' lang='lat' dir='ltr'><strong>nos</strong></span> <span class='ocrx_word' id='word_1_619' title='bbox 2656 4244 2845 4298; x_wconf 90' lang='lat' dir='ltr'><strong>eadem</strong></span> <span class='ocrx_word' id='word_1_620' title='bbox 2898 4260 3020 4313; x_wconf 76' lang='lat' dir='ltr'><strong>qua:</strong></span> <span class='ocrx_word' id='word_1_621' title='bbox 3051 4254 3223 4299; x_wconf 87' lang='lat' dir='ltr'><strong>mater</strong></span> <span class='ocrx_word' id='word_1_622' title='bbox 3250 4260 3572 4315; x_wconf 85' lang='lat' dir='ltr'><strong>compreca-</strong></span> 
     </span>
    </p>
   </div>
   <div class='ocr_carea' id='block_1_88' title="bbox 1999 4336 3570 4407">
    <p class='ocr_par' dir='ltr' id='par_1_88' title="bbox 1999 4336 3570 4407">
     <span class='ocr_line' id='line_1_88' title="bbox 1999 4336 3570 4407; baseline -0.001 -13"><span class='ocrx_word' id='word_1_623' title='bbox 1999 4355 2203 4403; x_wconf 87' lang='lat' dir='ltr'><strong>remur,</strong></span> <span class='ocrx_word' id='word_1_624' title='bbox 2255 4337 2449 4394; x_wconf 86' lang='lat' dir='ltr'><strong>Petrus</strong></span> <span class='ocrx_word' id='word_1_625' title='bbox 2477 4338 2552 4392; x_wconf 88' lang='lat' dir='ltr'><strong>ait</strong></span> <span class='ocrx_word' id='word_1_626' title='bbox 2587 4354 2602 4391; x_wconf 89' lang='lat'><strong>:</strong></span> <span class='ocrx_word' id='word_1_627' title='bbox 2636 4336 2775 4401; x_wconf 82' lang='lat' dir='ltr'><strong>Quid</strong></span> <span class='ocrx_word' id='word_1_628' title='bbox 2804 4336 3005 4406; x_wconf 86' lang='lat' dir='ltr'><strong>putatis</strong></span> <span class='ocrx_word' id='word_1_629' title='bbox 3039 4375 3055 4402; x_wconf 91' lang='lat'><strong>,</strong></span> <span class='ocrx_word' id='word_1_630' title='bbox 3086 4352 3229 4392; x_wconf 89' lang='lat' dir='ltr'><strong>unus</strong></span> <span class='ocrx_word' id='word_1_631' title='bbox 3265 4353 3365 4407; x_wconf 87' lang='lat' dir='ltr'><strong>ego</strong></span> <span class='ocrx_word' id='word_1_632' title='bbox 3388 4340 3570 4392; x_wconf 89' lang='lat' dir='ltr'><strong>immi-</strong></span> 
     </span>
    </p>
   </div>
   <div class='ocr_carea' id='block_1_89' title="bbox 1998 4427 3564 4507">
    <p class='ocr_par' dir='ltr' id='par_1_89' title="bbox 1998 4427 3564 4507">
     <span class='ocr_line' id='line_1_89' title="bbox 1998 4427 3564 4507; baseline -0.003 -20"><span class='ocrx_word' id='word_1_633' title='bbox 1998 4432 2234 4487; x_wconf 86' lang='lat' dir='ltr'><strong>sericors</strong></span> <span class='ocrx_word' id='word_1_634' title='bbox 2286 4445 2430 4497; x_wconf 90' lang='lat' dir='ltr'><strong>sum,</strong></span> <span class='ocrx_word' id='word_1_635' title='bbox 2483 4428 2629 4499; x_wconf 90' lang='lat' dir='ltr'><strong>quod</strong></span> <span class='ocrx_word' id='word_1_636' title='bbox 2688 4427 2855 4481; x_wconf 81' lang='lat' dir='ltr'><strong>nolim</strong></span> <span class='ocrx_word' id='word_1_637' title='bbox 2883 4442 2986 4507; x_wconf 52' lang='grc' dir='ltr'>τοο</span> <span class='ocrx_word' id='word_1_638' title='bbox 3024 4443 3147 4481; x_wconf 91' lang='lat' dir='ltr'><strong>cum</strong></span> <span class='ocrx_word' id='word_1_639' title='bbox 3185 4438 3357 4483; x_wconf 87' lang='lat' dir='ltr'><strong>matre</strong></span> <span class='ocrx_word' id='word_1_640' title='bbox 3384 4441 3564 4483; x_wconf 81' lang='lat' dir='ltr'><strong>vestra</strong></span> 
     </span>
    </p>
   </div>
   <div class='ocr_carea' id='block_1_90' title="bbox 331 4518 1923 4616">
    <p class='ocr_par' dir='ltr' id='par_1_90' title="bbox 331 4518 1899 4616">
     <span class='ocr_line' id='line_1_90' title="bbox 331 4518 1899 4616; baseline -0.002 -18"><span class='ocrx_word' id='word_1_641' title='bbox 331 4561 428 4616; x_wconf 89' lang='grc' dir='ltr'><strong>μαι</strong></span> <span class='ocrx_word' id='word_1_642' title='bbox 466 4518 879 4614; x_wconf 79' lang='grc' dir='ltr'>συνεστιαθῆναι</span> <span class='ocrx_word' id='word_1_643' title='bbox 913 4544 1057 4615; x_wconf 79' lang='grc' dir='ltr'><strong>ὑμᾶς</strong></span> <span class='ocrx_word' id='word_1_644' title='bbox 1092 4518 1394 4614; x_wconf 37' lang='grc' dir='ltr'><strong>’τῇ-μητρὶ,⁷</strong></span> <span class='ocrx_word' id='word_1_645' title='bbox 1422 4518 1671 4613; x_wconf 57' lang='grc' dir='ltr'><strong>σήμερονἶ</strong></span> <span class='ocrx_word' id='word_1_646' title='bbox 1706 4518 1899 4612; x_wconf 70' lang='grc' dir='ltr'>βαπτί-</span> 
     </span>
    </p>
   </div>
   <div class='ocr_carea' id='block_1_91' title="bbox 2004 4518 3567 4616">
    <p class='ocr_par' dir='ltr' id='par_1_91' title="bbox 2004 4518 3567 4590">
     <span class='ocr_line' id='line_1_91' title="bbox 2004 4518 3567 4590; baseline -0.001 -13"><span class='ocrx_word' id='word_1_647' title='bbox 2004 4523 2170 4590; x_wconf 88' lang='lat' dir='ltr'><strong>vesci,</strong></span> <span class='ocrx_word' id='word_1_648' title='bbox 2229 4523 2390 4577; x_wconf 74' lang='lat' dir='ltr'><strong>hodie</strong></span> <span class='ocrx_word' id='word_1_649' title='bbox 2441 4537 2563 4575; x_wconf 87' lang='lat' dir='ltr'><strong>eam</strong></span> <span class='ocrx_word' id='word_1_650' title='bbox 2631 4518 3203 4590; x_wconf 70' lang='lat' dir='ltr'><strong>baptizansi’Minime</strong></span> <span class='ocrx_word' id='word_1_651' title='bbox 3254 4536 3404 4576; x_wconf 85' lang='lat' dir='ltr'><strong>vero.</strong></span> <span class='ocrx_word' id='word_1_652' title='bbox 3460 4519 3567 4576; x_wconf 81' lang='lat' dir='ltr'><strong>Sed</strong></span> 
     </span>
    </p>
   </div>
   <div class='ocr_carea' id='block_1_92' title="bbox 330 4628 1895 4707">
    <p class='ocr_par' dir='ltr' id='par_1_92' title="bbox 330 4628 1895 4707">
     <span class='ocr_line' id='line_1_92' title="bbox 330 4628 1895 4707; baseline -0.001 -18"><span class='ocrx_word' id='word_1_653' title='bbox 330 4653 430 4700; x_wconf 85' lang='grc' dir='ltr'><strong>σας</strong></span> <span class='ocrx_word' id='word_1_654' title='bbox 470 4636 642 4707; x_wconf 78' lang='grc' dir='ltr'>αὑτήν</span> <span class='ocrx_word' id='word_1_655' title='bbox 672 4635 756 4701; x_wconf 81' lang='grc'><strong>¹³;</strong></span> <span class='ocrx_word' id='word_1_656' title='bbox 792 4634 867 4689; x_wconf 75' lang='grc' dir='ltr'>Οὐ</span> <span class='ocrx_word' id='word_1_657' title='bbox 902 4634 1001 4706; x_wconf 84' lang='grc' dir='ltr'>μὲν</span> <span class='ocrx_word' id='word_1_658' title='bbox 1027 4628 1138 4687; x_wconf 83' lang='grc' dir='ltr'>οὖν.</span> <span class='ocrx_word' id='word_1_659' title='bbox 1186 4632 1344 4687; x_wconf 87' lang='grc' dir='ltr'>Ἀλλά</span> <span class='ocrx_word' id='word_1_660' title='bbox 1385 4631 1488 4685; x_wconf 68' lang='grc' dir='ltr'>κᾶν</span> <span class='ocrx_word' id='word_1_661' title='bbox 1534 4631 1895 4703; x_wconf 83' lang='grc' dir='ltr'>μίανήμέραν</span> 
     </span>
    </p>
   </div>
   <div class='ocr_carea' id='block_1_93' title="bbox 329 4724 1895 4800">
    <p class='ocr_par' dir='ltr' id='par_1_93' title="bbox 329 4724 1895 4800">
     <span class='ocr_line' id='line_1_93' title="bbox 329 4724 1895 4800; baseline -0.001 -19"><span class='ocrx_word' id='word_1_662' title='bbox 329 4727 436 4800; x_wconf 81' lang='grc' dir='ltr'>πρὸ</span> <span class='ocrx_word' id='word_1_663' title='bbox 478 4726 575 4781; x_wconf 79' lang='grc' dir='ltr'><strong>τοῦ</strong></span> <span class='ocrx_word' id='word_1_664' title='bbox 624 4726 980 4799; x_wconf 83' lang='grc' dir='ltr'>βαπτισθῆναι</span> <span class='ocrx_word' id='word_1_665' title='bbox 1031 4724 1323 4797; x_wconf 81' lang='grc' dir='ltr'>νηστεῦσαι</span> <span class='ocrx_word' id='word_1_666' title='bbox 1380 4724 1546 4797; x_wconf 81' lang='grc' dir='ltr'>αὐτὴν</span> <span class='ocrx_word' id='word_1_667' title='bbox 1570 4724 1671 4778; x_wconf 85' lang='grc' dir='ltr'>δεῖ·</span> <span class='ocrx_word' id='word_1_668' title='bbox 1710 4725 1895 4779; x_wconf 69' lang='grc' dir='ltr'><strong>ἐπεὶυ⁵</strong></span> 
     </span>
    </p>
   </div>
   <div class='ocr_carea' id='block_1_94' title="bbox 328 4815 1893 4890">
    <p class='ocr_par' dir='ltr' id='par_1_94' title="bbox 328 4815 1893 4890">
     <span class='ocr_line' id='line_1_94' title="bbox 328 4815 1893 4890; baseline -0.001 -18"><span class='ocrx_word' id='word_1_669' title='bbox 328 4818 421 4873; x_wconf 88' lang='grc' dir='ltr'><strong>καί</strong></span> <span class='ocrx_word' id='word_1_670' title='bbox 445 4836 566 4872; x_wconf 87' lang='grc' dir='ltr'>τινα</span> <span class='ocrx_word' id='word_1_671' title='bbox 590 4818 731 4889; x_wconf 75' lang='grc' dir='ltr'>ὑπὲρ</span> <span class='ocrx_word' id='word_1_672' title='bbox 765 4819 963 4889; x_wconf 85' lang='grc' dir='ltr'>ἐαυτῆς</span> <span class='ocrx_word' id='word_1_673' title='bbox 1001 4817 1351 4889; x_wconf 83' lang='grc' dir='ltr'>ἐφθέγξατοή</span> <span class='ocrx_word' id='word_1_674' title='bbox 1378 4817 1579 4888; x_wconf 83' lang='grc' dir='ltr'>μήτηρ·</span> <span class='ocrx_word' id='word_1_675' title='bbox 1626 4815 1765 4887; x_wconf 84' lang='grc' dir='ltr'>τάχα</span> <span class='ocrx_word' id='word_1_676' title='bbox 1785 4816 1893 4890; x_wconf 85' lang='grc' dir='ltr'><strong>γὰρ</strong></span> 
     </span>
    </p>
   </div>
   <div class='ocr_carea' id='block_1_95' title="bbox 326 4904 1892 4981">
    <p class='ocr_par' dir='ltr' id='par_1_95' title="bbox 326 4904 1892 4981">
     <span class='ocr_line' id='line_1_95' title="bbox 326 4904 1892 4981; baseline 0 -20"><span class='ocrx_word' id='word_1_677' title='bbox 326 4909 377 4961; x_wconf 80' lang='grc' dir='ltr'><strong>εί</strong></span> <span class='ocrx_word' id='word_1_678' title='bbox 432 4908 509 4981; x_wconf 83' lang='grc' dir='ltr'><strong>μὴ</strong></span> <span class='ocrx_word' id='word_1_679' title='bbox 552 4906 745 4973; x_wconf 81' lang='grc' dir='ltr'>τοῦτο,</span> <span class='ocrx_word' id='word_1_680' title='bbox 804 4907 1014 4961; x_wconf 90' lang='grc' dir='ltr'>πολλῶν</span> <span class='ocrx_word' id='word_1_681' title='bbox 1061 4906 1288 4979; x_wconf 63' lang='grc' dir='ltr'><strong>⁴ἡμερῶν</strong></span> <span class='ocrx_word' id='word_1_682' title='bbox 1352 4904 1519 4977; x_wconf 81' lang='grc' dir='ltr'>αὐτὴν</span> <span class='ocrx_word' id='word_1_683' title='bbox 1574 4905 1892 4977; x_wconf 81' lang='grc' dir='ltr'>ἀγνισθῆναι</span> 
     </span>
    </p>
   </div>
   <div class='ocr_carea' id='block_1_96' title="bbox 325 5000 528 5055">
    <p class='ocr_par' dir='ltr' id='par_1_96' title="bbox 325 5000 528 5055">
     <span class='ocr_line' id='line_1_96' title="bbox 325 5000 528 5055; baseline 0 -1"><span class='ocrx_word' id='word_1_684' title='bbox 325 5000 433 5055; x_wconf 80' lang='grc' dir='ltr'>εδει</span> <span class='ocrx_word' id='word_1_685' title='bbox 464 5002 528 5054; x_wconf 75' lang='grc'><strong>⁸⁸.</strong></span> 
     </span>
    </p>
   </div>
   <div class='ocr_carea' id='block_1_97' title="bbox 395 5088 1885 5166">
    <p class='ocr_par' dir='ltr' id='par_1_97' title="bbox 395 5088 1885 5166">
     <span class='ocr_line' id='line_1_97' title="bbox 395 5088 1885 5166; baseline 0 -19"><span class='ocrx_word' id='word_1_686' title='bbox 395 5092 551 5147; x_wconf 78' lang='lat' dir='ltr'><strong>CVII.</strong></span> <span class='ocrx_word' id='word_1_687' title='bbox 604 5092 877 5165; x_wconf 87' lang='grc' dir='ltr'>Ἐρομένῳ</span> <span class='ocrx_word' id='word_1_688' title='bbox 921 5088 1014 5146; x_wconf 80' lang='grc' dir='ltr'>οὖν</span> <span class='ocrx_word' id='word_1_689' title='bbox 1063 5109 1172 5163; x_wconf 82' lang='grc' dir='ltr'>μοι,</span> <span class='ocrx_word' id='word_1_690' title='bbox 1203 5091 1258 5144; x_wconf 90' lang='grc' dir='ltr'>τί</span> <span class='ocrx_word' id='word_1_691' title='bbox 1282 5090 1389 5163; x_wconf 79' lang='grc' dir='ltr'>ἄρα</span> <span class='ocrx_word' id='word_1_692' title='bbox 1421 5092 1515 5145; x_wconf 80' lang='grc' dir='ltr'><strong>καὶ</strong></span> <span class='ocrx_word' id='word_1_693' title='bbox 1544 5092 1885 5166; x_wconf 79' lang='grc' dir='ltr'>φθεγξαμένη</span> 
     </span>
    </p>
   </div>
   <div class='ocr_carea' id='block_1_98' title="bbox 324 5168 1889 5259">
    <p class='ocr_par' dir='ltr' id='par_1_98' title="bbox 324 5168 1889 5259">
     <span class='ocr_line' id='line_1_98' title="bbox 324 5168 1889 5259; baseline -0.001 -20"><span class='ocrx_word' id='word_1_694' title='bbox 324 5187 421 5259; x_wconf 78' lang='grc' dir='ltr'>τὴν</span> <span class='ocrx_word' id='word_1_695' title='bbox 445 5187 626 5239; x_wconf 84' lang='grc' dir='ltr'>πίστιν</span> <span class='ocrx_word' id='word_1_696' title='bbox 653 5185 821 5257; x_wconf 78' lang='grc' dir='ltr'>αὐτῆς</span> <span class='ocrx_word' id='word_1_697' title='bbox 848 5186 1106 5255; x_wconf 78' lang='grc' dir='ltr'>ἐξέφηνεν</span> <span class='ocrx_word' id='word_1_698' title='bbox 1136 5184 1198 5249; x_wconf 84' lang='grc'><strong>¹⁸,</strong></span> <span class='ocrx_word' id='word_1_699' title='bbox 1222 5186 1250 5238; x_wconf 86' lang='grc' dir='ltr'><strong>ὁ</strong></span> <span class='ocrx_word' id='word_1_700' title='bbox 1278 5184 1483 5254; x_wconf 88' lang='grc' dir='ltr'>Πέτρος</span> <span class='ocrx_word' id='word_1_701' title='bbox 1502 5184 1605 5255; x_wconf 81' lang='grc' dir='ltr'>ἔφη</span> <span class='ocrx_word' id='word_1_702' title='bbox 1624 5185 1688 5216; x_wconf 79' lang='grc'><strong>¹⁷’</strong></span> <span class='ocrx_word' id='word_1_703' title='bbox 1740 5168 1889 5238; x_wconf 78' lang='grc' dir='ltr'>Ἀπό-</span> 
     </span>
    </p>
   </div>
   <div class='ocr_carea' id='block_1_99' title="bbox 326 5275 1889 5353">
    <p class='ocr_par' dir='ltr' id='par_1_99' title="bbox 326 5275 1889 5353">
     <span class='ocr_line' id='line_1_99' title="bbox 326 5275 1889 5353; baseline -0.004 -18"><span class='ocrx_word' id='word_1_704' title='bbox 326 5299 432 5353; x_wconf 89' lang='grc' dir='ltr'><strong>χρη</strong></span> <span class='ocrx_word' id='word_1_705' title='bbox 472 5282 566 5336; x_wconf 78' lang='grc' dir='ltr'>καὶ</span> <span class='ocrx_word' id='word_1_706' title='bbox 611 5279 767 5350; x_wconf 85' lang='grc' dir='ltr'>μόνον</span> <span class='ocrx_word' id='word_1_707' title='bbox 812 5279 981 5350; x_wconf 74' lang='grc' dir='ltr'>αὐτῆς</span> <span class='ocrx_word' id='word_1_708' title='bbox 1008 5280 1040 5350; x_wconf 86' lang='grc' dir='ltr'><strong>ή</strong></span> <span class='ocrx_word' id='word_1_709' title='bbox 1069 5276 1290 5342; x_wconf 79' lang='grc' dir='ltr'>ἀξίωσις</span> <span class='ocrx_word' id='word_1_710' title='bbox 1334 5276 1428 5330; x_wconf 82' lang='grc' dir='ltr'>τοῦ</span> <span class='ocrx_word' id='word_1_711' title='bbox 1479 5275 1889 5349; x_wconf 79' lang='grc' dir='ltr'>συμῦαπτισθῆ-</span> 
     </span>
    </p>
   </div>
   <div class='ocr_carea' id='block_1_100' title="bbox 1998 4611 3566 4687">
    <p class='ocr_par' dir='ltr' id='par_1_100' title="bbox 1998 4611 3566 4687">
     <span class='ocr_line' id='line_1_100' title="bbox 1998 4611 3566 4687; baseline -0.002 -16"><span class='ocrx_word' id='word_1_712' title='bbox 1998 4626 2231 4687; x_wconf 83' lang='lat' dir='ltr'><strong>Oportet,</strong></span> <span class='ocrx_word' id='word_1_713' title='bbox 2261 4624 2322 4669; x_wconf 91' lang='lat' dir='ltr'><strong>ut</strong></span> <span class='ocrx_word' id='word_1_714' title='bbox 2347 4615 2485 4684; x_wconf 89' lang='lat' dir='ltr'><strong>ipsa,</strong></span> <span class='ocrx_word' id='word_1_715' title='bbox 2508 4622 2635 4668; x_wconf 89' lang='lat' dir='ltr'><strong>ante</strong></span> <span class='ocrx_word' id='word_1_716' title='bbox 2679 4627 2845 4684; x_wconf 89' lang='lat' dir='ltr'><strong>quam</strong></span> <span class='ocrx_word' id='word_1_717' title='bbox 2872 4611 3197 4682; x_wconf 85' lang='lat' dir='ltr'><strong>baptizctur,</strong></span> <span class='ocrx_word' id='word_1_718' title='bbox 3224 4614 3415 4667; x_wconf 88' lang='lat' dir='ltr'><strong>saltem</strong></span> <span class='ocrx_word' id='word_1_719' title='bbox 3454 4628 3566 4669; x_wconf 86' lang='lat' dir='ltr'><strong>uno</strong></span> 
     </span>
    </p>
   </div>
   <div class='ocr_carea' id='block_1_101' title="bbox 1996 4705 3567 4778">
    <p class='ocr_par' dir='ltr' id='par_1_101' title="bbox 1996 4705 3567 4778">
     <span class='ocr_line' id='line_1_101' title="bbox 1996 4705 3567 4778; baseline -0.003 -13"><span class='ocrx_word' id='word_1_720' title='bbox 1996 4710 2085 4765; x_wconf 89' lang='lat' dir='ltr'><strong>die</strong></span> <span class='ocrx_word' id='word_1_721' title='bbox 2107 4708 2319 4778; x_wconf 88' lang='lat' dir='ltr'><strong>jejunet</strong></span> <span class='ocrx_word' id='word_1_722' title='bbox 2351 4724 2364 4762; x_wconf 90' lang='lat'><strong>:</strong></span> <span class='ocrx_word' id='word_1_723' title='bbox 2396 4705 2839 4777; x_wconf 89' lang='lat' dir='ltr'><strong>quandoquidem</strong></span> <span class='ocrx_word' id='word_1_724' title='bbox 2870 4713 2925 4759; x_wconf 83' lang='lat' dir='ltr'><strong>et</strong></span> <span class='ocrx_word' id='word_1_725' title='bbox 2950 4706 3212 4759; x_wconf 88' lang='lat' dir='ltr'><strong>nonnulla</strong></span> <span class='ocrx_word' id='word_1_726' title='bbox 3258 4720 3360 4775; x_wconf 91' lang='lat' dir='ltr'><strong>pro</strong></span> <span class='ocrx_word' id='word_1_727' title='bbox 3396 4722 3457 4761; x_wconf 87' lang='lat' dir='ltr'><strong>se</strong></span> <span class='ocrx_word' id='word_1_728' title='bbox 3484 4707 3567 4761; x_wconf 91' lang='lat' dir='ltr'><strong>lo-</strong></span> 
     </span>
    </p>
   </div>
   <div class='ocr_carea' id='block_1_102' title="bbox 1998 4797 3563 4867">
    <p class='ocr_par' dir='ltr' id='par_1_102' title="bbox 1998 4797 3563 4867">
     <span class='ocr_line' id='line_1_102' title="bbox 1998 4797 3563 4867; baseline -0.001 -10"><span class='ocrx_word' id='word_1_729' title='bbox 1998 4809 2122 4857; x_wconf 90' lang='lat' dir='ltr'><strong>cuta</strong></span> <span class='ocrx_word' id='word_1_730' title='bbox 2152 4808 2236 4854; x_wconf 81' lang='lat' dir='ltr'><strong>est</strong></span> <span class='ocrx_word' id='word_1_731' title='bbox 2264 4809 2438 4853; x_wconf 88' lang='lat' dir='ltr'><strong>mater</strong></span> <span class='ocrx_word' id='word_1_732' title='bbox 2474 4800 2660 4867; x_wconf 77' lang='lat' dir='ltr'><strong>:quod</strong></span> <span class='ocrx_word' id='word_1_733' title='bbox 2702 4797 2748 4852; x_wconf 92' lang='lat' dir='ltr'><strong>si</strong></span> <span class='ocrx_word' id='word_1_734' title='bbox 2784 4812 2893 4851; x_wconf 89' lang='lat' dir='ltr'><strong>non</strong></span> <span class='ocrx_word' id='word_1_735' title='bbox 2938 4805 3104 4863; x_wconf 85' lang='lat' dir='ltr'><strong>esset,</strong></span> <span class='ocrx_word' id='word_1_736' title='bbox 3147 4797 3335 4854; x_wconf 87' lang='lat' dir='ltr'><strong>multis</strong></span> <span class='ocrx_word' id='word_1_737' title='bbox 3372 4798 3563 4856; x_wconf 90' lang='lat' dir='ltr'><strong>diebus</strong></span> 
     </span>
    </p>
   </div>
   <div class='ocr_carea' id='block_1_103' title="bbox 1996 4887 2857 4959">
    <p class='ocr_par' dir='ltr' id='par_1_103' title="bbox 1996 4887 2857 4959">
     <span class='ocr_line' id='line_1_103' title="bbox 1996 4887 2857 4959; baseline -0.006 -10"><span class='ocrx_word' id='word_1_738' title='bbox 1996 4907 2117 4949; x_wconf 86' lang='lat' dir='ltr'><strong>eam</strong></span> <span class='ocrx_word' id='word_1_739' title='bbox 2156 4904 2379 4947; x_wconf 82' lang='lat' dir='ltr'><strong>necesse</strong></span> <span class='ocrx_word' id='word_1_740' title='bbox 2408 4889 2598 4945; x_wconf 82' lang='lat' dir='ltr'><strong>fuisset</strong></span> <span class='ocrx_word' id='word_1_741' title='bbox 2627 4887 2857 4959; x_wconf 86' lang='lat' dir='ltr'><strong>expiari.</strong></span> 
     </span>
    </p>
   </div>
   <div class='ocr_carea' id='block_1_104' title="bbox 2064 5086 3559 5171">
    <p class='ocr_par' dir='ltr' id='par_1_104' title="bbox 2064 5086 3559 5171">
     <span class='ocr_line' id='line_1_104' title="bbox 2064 5086 3559 5171; baseline -0.003 -25"><span class='ocrx_word' id='word_1_742' title='bbox 2064 5089 2225 5146; x_wconf 84' lang='lat' dir='ltr'><strong>CVII.</strong></span> <span class='ocrx_word' id='word_1_743' title='bbox 2266 5087 2625 5171; x_wconf 66' lang='lat' dir='ltr'><strong>lnterrogapti</strong></span> <span class='ocrx_word' id='word_1_744' title='bbox 2669 5101 2801 5158; x_wconf 88' lang='lat' dir='ltr'><strong>ergo</strong></span> <span class='ocrx_word' id='word_1_745' title='bbox 2844 5086 3001 5153; x_wconf 83' lang='lat' dir='ltr'><strong>mihi,</strong></span> <span class='ocrx_word' id='word_1_746' title='bbox 3034 5086 3293 5156; x_wconf 87' lang='lat' dir='ltr'><strong>quidnam</strong></span> <span class='ocrx_word' id='word_1_747' title='bbox 3319 5103 3380 5142; x_wconf 87' lang='lat' dir='ltr'><strong>ca</strong></span> <span class='ocrx_word' id='word_1_748' title='bbox 3408 5089 3559 5142; x_wconf 84' lang='lat' dir='ltr'><strong>locu-</strong></span> 
     </span>
    </p>
   </div>
   <div class='ocr_carea' id='block_1_105' title="bbox 1990 5174 3555 5250">
    <p class='ocr_par' dir='ltr' id='par_1_105' title="bbox 1990 5174 3555 5250">
     <span class='ocr_line' id='line_1_105' title="bbox 1990 5174 3555 5250; baseline -0.003 -12"><span class='ocrx_word' id='word_1_749' title='bbox 1990 5192 2069 5250; x_wconf 85' lang='lat' dir='ltr'><strong>ta,</strong></span> <span class='ocrx_word' id='word_1_750' title='bbox 2094 5183 2251 5237; x_wconf 79' lang='lat' dir='ltr'><strong>fidem</strong></span> <span class='ocrx_word' id='word_1_751' title='bbox 2278 5196 2431 5236; x_wconf 89' lang='lat' dir='ltr'><strong>suam</strong></span> <span class='ocrx_word' id='word_1_752' title='bbox 2464 5180 2775 5244; x_wconf 87' lang='lat' dir='ltr'><strong>indicasset,</strong></span> <span class='ocrx_word' id='word_1_753' title='bbox 2819 5174 3013 5232; x_wconf 87' lang='lat' dir='ltr'><strong>Petrus</strong></span> <span class='ocrx_word' id='word_1_754' title='bbox 3037 5178 3314 5246; x_wconf 88' lang='lat' dir='ltr'><strong>respondit</strong></span> <span class='ocrx_word' id='word_1_755' title='bbox 3347 5197 3359 5232; x_wconf 89' lang='lat'><strong>:</strong></span> <span class='ocrx_word' id='word_1_756' title='bbox 3395 5180 3555 5233; x_wconf 77' lang='lat' dir='ltr'><strong>Sulli-</strong></span> 
     </span>
    </p>
   </div>
   <div class='ocr_carea' id='block_1_106' title="bbox 1995 5269 3552 5342">
    <p class='ocr_par' dir='ltr' id='par_1_106' title="bbox 1995 5269 3552 5342">
     <span class='ocr_line' id='line_1_106' title="bbox 1995 5269 3552 5342; baseline -0.004 -11"><span class='ocrx_word' id='word_1_757' title='bbox 1995 5277 2069 5333; x_wconf 90' lang='lat' dir='ltr'><strong>cit</strong></span> <span class='ocrx_word' id='word_1_758' title='bbox 2093 5281 2359 5330; x_wconf 80' lang='lat' dir='ltr'><strong>duntaxat</strong></span> <span class='ocrx_word' id='word_1_759' title='bbox 2388 5273 2533 5327; x_wconf 82' lang='lat' dir='ltr'><strong>illius</strong></span> <span class='ocrx_word' id='word_1_760' title='bbox 2557 5270 2850 5342; x_wconf 80' lang='lat' dir='ltr'><strong>postulatio</strong></span> <span class='ocrx_word' id='word_1_761' title='bbox 2874 5269 2942 5325; x_wconf 93' lang='lat' dir='ltr'><strong>de</strong></span> <span class='ocrx_word' id='word_1_762' title='bbox 2975 5270 3187 5340; x_wconf 87' lang='lat' dir='ltr'><strong>hospita</strong></span> <span class='ocrx_word' id='word_1_763' title='bbox 3210 5280 3263 5325; x_wconf 88' lang='lat' dir='ltr'><strong>et</strong></span> <span class='ocrx_word' id='word_1_764' title='bbox 3294 5270 3552 5338; x_wconf 74' lang='lat' dir='ltr'><strong>beneﬁca,</strong></span> 
     </span>
    </p>
   </div>
   <div class='ocr_carea' id='block_1_107' title="bbox 1571 5412 2246 5471">
    <p class='ocr_par' dir='ltr' id='par_1_107' title="bbox 1571 5412 2246 5471">
     <span class='ocr_line' id='line_1_107' title="bbox 1571 5412 2246 5471; baseline -0.001 0"><span class='ocrx_word' id='word_1_765' title='bbox 1571 5412 1803 5471; x_wconf 58' lang='lat' dir='ltr'><strong>VARIIE</strong></span> <span class='ocrx_word' id='word_1_766' title='bbox 1843 5412 2246 5470; x_wconf 85' lang='lat' dir='ltr'><strong>LECTIONES.</strong></span> 
     </span>
    </p>
   </div>
   <div class='ocr_carea' id='block_1_108' title="bbox 394 5507 1751 5584">
    <p class='ocr_par' dir='ltr' id='par_1_108' title="bbox 394 5507 1751 5584">
     <span class='ocr_line' id='line_1_108' title="bbox 394 5507 1751 5584; baseline -0.002 -19"><span class='ocrx_word' id='word_1_767' title='bbox 394 5514 418 5546; x_wconf 82' lang='grc'><strong><em>⁸</em></strong></span> <span class='ocrx_word' id='word_1_768' title='bbox 458 5512 613 5584; x_wconf 82' lang='grc' dir='ltr'>μετά.</span> <span class='ocrx_word' id='word_1_769' title='bbox 703 5514 743 5584; x_wconf 13' lang='grc' dir='ltr'><strong>μ’</strong></span> <span class='ocrx_word' id='word_1_770' title='bbox 782 5512 852 5567; x_wconf 87' lang='lat' dir='ltr'><strong>al.</strong></span> <span class='ocrx_word' id='word_1_771' title='bbox 884 5511 1048 5566; x_wconf 85' lang='lat' dir='ltr'><strong>inser.</strong></span> <span class='ocrx_word' id='word_1_772' title='bbox 1100 5511 1318 5584; x_wconf 82' lang='grc' dir='ltr'>ἐκείνην</span> <span class='ocrx_word' id='word_1_773' title='bbox 1377 5510 1463 5564; x_wconf 84' lang='lat' dir='ltr'><strong>vel</strong></span> <span class='ocrx_word' id='word_1_774' title='bbox 1529 5507 1751 5584; x_wconf 70' lang='grc' dir='ltr'>ταύτην.</span> 
     </span>
    </p>
   </div>
   <div class='ocr_carea' id='block_1_109' title="bbox 1868 5504 2718 5577">
    <p class='ocr_par' dir='ltr' id='par_1_109' title="bbox 1868 5504 2718 5577">
     <span class='ocr_line' id='line_1_109' title="bbox 1868 5504 2718 5577; baseline -0.006 -15"><span class='ocrx_word' id='word_1_775' title='bbox 1868 5509 1911 5540; x_wconf 86' lang='grc'><strong>¹⁰</strong></span> <span class='ocrx_word' id='word_1_776' title='bbox 1969 5509 2205 5577; x_wconf 77' lang='lat' dir='ltr'><strong>Recogn.</strong></span> <span class='ocrx_word' id='word_1_777' title='bbox 2268 5508 2305 5562; x_wconf 88' lang='lat' dir='ltr'><strong>l.</strong></span> <span class='ocrx_word' id='word_1_778' title='bbox 2368 5522 2512 5568; x_wconf 88' lang='lat' dir='ltr'><strong>vm,</strong></span> <span class='ocrx_word' id='word_1_779' title='bbox 2561 5520 2619 5577; x_wconf 78' lang='lat' dir='ltr'><strong>c._</strong></span> <span class='ocrx_word' id='word_1_780' title='bbox 2668 5504 2718 5557; x_wconf 91' lang='lat'><strong>7.</strong></span> 
     </span>
    </p>
   </div>
   <div class='ocr_carea' id='block_1_110' title="bbox 2835 5495 3551 5565">
    <p class='ocr_par' dir='ltr' id='par_1_110' title="bbox 2835 5495 3551 5565">
     <span class='ocr_line' id='line_1_110' title="bbox 2835 5495 3551 5565; baseline -0.001 -9"><span class='ocrx_word' id='word_1_781' title='bbox 2835 5503 2980 5556; x_wconf 85' lang='lat' dir='ltr'><strong>“al.</strong></span> <span class='ocrx_word' id='word_1_782' title='bbox 3041 5495 3166 5555; x_wconf 80' lang='lat' dir='ltr'><strong>add.</strong></span> <span class='ocrx_word' id='word_1_783' title='bbox 3243 5501 3413 5565; x_wconf 84' lang='grc' dir='ltr'>τότε,</span> <span class='ocrx_word' id='word_1_784' title='bbox 3491 5502 3551 5556; x_wconf 87' lang='grc' dir='ltr'><strong>ἐν</strong></span> 
     </span>
    </p>
   </div>
   <div class='ocr_carea' id='block_1_111' title="bbox 325 5571 3549 5698">
    <p class='ocr_par' dir='ltr' id='par_1_111' title="bbox 325 5571 3549 5698">
     <span class='ocr_line' id='line_1_111' title="bbox 325 5571 3549 5698; baseline -0.005 -60"><span class='ocrx_word' id='word_1_785' title='bbox 325 5571 505 5656; x_wconf 67' lang='grc' dir='ltr'>ἐκείνῃ</span> <span class='ocrx_word' id='word_1_786' title='bbox 530 5586 596 5654; x_wconf 82' lang='grc' dir='ltr'>τῇ</span> <span class='ocrx_word' id='word_1_787' title='bbox 630 5582 986 5654; x_wconf 76' lang='grc' dir='ltr'>χαλεπωτάτῃ</span> <span class='ocrx_word' id='word_1_788' title='bbox 1036 5583 1187 5635; x_wconf 82' lang='grc' dir='ltr'>νυκτὶ</span> <span class='ocrx_word' id='word_1_789' title='bbox 1232 5571 1336 5635; x_wconf 70' lang='lat' dir='ltr'><strong>s&#39;nb</strong></span> <span class='ocrx_word' id='word_1_790' title='bbox 1392 5580 1662 5698; x_wconf 54' lang='lat' dir='ltr'><strong>«arguunt:</strong></span> <span class='ocrx_word' id='word_1_791' title='bbox 1687 5571 1933 5649; x_wconf 83' lang='grc' dir='ltr'>’ἀχθῆναι</span> <span class='ocrx_word' id='word_1_792' title='bbox 1976 5582 2030 5630; x_wconf 77' lang='grc' dir='ltr'><strong>ἐν</strong></span> <span class='ocrx_word' id='word_1_793' title='bbox 2071 5571 2312 5646; x_wconf 68' lang='grc' dir='ltr'>πελάγει.</span> <span class='ocrx_word' id='word_1_794' title='bbox 2394 5578 2526 5629; x_wconf 78' lang='lat' dir='ltr'><strong>&quot;al.</strong></span> <span class='ocrx_word' id='word_1_795' title='bbox 2667 5573 3098 5627; x_wconf 86' lang='grc' dir='ltr'>συνεστιαθεῖσαι</span> <span class='ocrx_word' id='word_1_796' title='bbox 3142 5573 3344 5635; x_wconf 76' lang='grc' dir='ltr'>αὐτοῖς’</span> <span class='ocrx_word' id='word_1_797' title='bbox 3377 5571 3549 5653; x_wconf 74' lang='grc' dir='ltr'>ταῦτα</span> 
     </span>
     <span class='ocr_line' id='line_1_112' title="bbox 325 5642 3548 5698; baseline -0.001 0"><span class='ocrx_word' id='word_1_798' title='bbox 325 5651 415 5698; x_wconf 69' lang='grc' dir='ltr'><strong>οὖν</strong></span> <span class='ocrx_word' id='word_1_799' title='bbox 448 5655 541 5698; x_wconf 69' lang='grc' dir='ltr'>καὶ</span> <span class='ocrx_word' id='word_1_800' title='bbox 564 5654 719 5698; x_wconf 65' lang='grc' dir='ltr'>ἡμῶν</span> <span class='ocrx_word' id='word_1_801' title='bbox 750 5655 815 5698; x_wconf 70' lang='grc' dir='ltr'><strong>τῆ</strong></span> <span class='ocrx_word' id='word_1_802' title='bbox 852 5653 1015 5698; x_wconf 63' lang='lat' dir='ltr'><strong>unto).</strong></span> <span class='ocrx_word' id='word_1_803' title='bbox 1049 5650 1475 5698; x_wconf 70' lang='grc' dir='ltr'>συαπαοακαλεσ</span> <span class='ocrx_word' id='word_1_804' title='bbox 1513 5666 1670 5698; x_wconf 81' lang='grc' dir='ltr'>ντων.</span> <span class='ocrx_word' id='word_1_805' title='bbox 1723 5650 1751 5698; x_wconf 83' lang='grc' dir='ltr'>ὁ</span> <span class='ocrx_word' id='word_1_806' title='bbox 1786 5650 1987 5698; x_wconf 67' lang='grc' dir='ltr'>Πέτρος</span> <span class='ocrx_word' id='word_1_807' title='bbox 2016 5649 2138 5698; x_wconf 74' lang='grc' dir='ltr'>ἔφη·</span> <span class='ocrx_word' id='word_1_808' title='bbox 2171 5649 2223 5698; x_wconf 84' lang='grc' dir='ltr'>τί</span> <span class='ocrx_word' id='word_1_809' title='bbox 2268 5647 2513 5698; x_wconf 67' lang='grc' dir='ltr'>νομίζετε</span> <span class='ocrx_word' id='word_1_810' title='bbox 2592 5646 2693 5698; x_wconf 88' lang='grc' dir='ltr'>γὼ.</span> <span class='ocrx_word' id='word_1_811' title='bbox 2730 5648 2907 5698; x_wconf 78' lang='grc' dir='ltr'>μόνος.</span> <span class='ocrx_word' id='word_1_812' title='bbox 3023 5642 3065 5674; x_wconf 85' lang='grc'><strong>¹³</strong></span> <span class='ocrx_word' id='word_1_813' title='bbox 3095 5643 3164 5696; x_wconf 87' lang='lat' dir='ltr'><strong>al.</strong></span> <span class='ocrx_word' id='word_1_814' title='bbox 3206 5643 3355 5695; x_wconf 76' lang='lat' dir='ltr'><strong>deest</strong></span> <span class='ocrx_word' id='word_1_815' title='bbox 3387 5659 3438 5696; x_wconf 85' lang='lat' dir='ltr'><strong>Ill</strong></span> <span class='ocrx_word' id='word_1_816' title='bbox 3473 5646 3548 5695; x_wconf 78' lang='lat' dir='ltr'><strong>al.</strong></span> 
     </span>
    </p>
   </div>
   <div class='ocr_carea' id='block_1_112' title="bbox 324 5641 2513 5733">
    <p class='ocr_par' dir='ltr' id='par_1_112' title="bbox 324 5641 2513 5733">
     <span class='ocr_line' id='line_1_113' title="bbox 324 5641 2513 5733; baseline -0.005 -26"><span class='ocrx_word' id='word_1_817' title='bbox 324 5651 415 5733; x_wconf 58' lang='grc' dir='ltr'><strong>οὖν</strong></span> <span class='ocrx_word' id='word_1_818' title='bbox 446 5641 719 5733; x_wconf 19' lang='grc' dir='ltr'><strong>ᾗὶὲῆμᾷν</strong></span> <span class='ocrx_word' id='word_1_819' title='bbox 750 5641 1670 5733; x_wconf 44' lang='grc' dir='ltr'>τῇ.μητρὶ-συμπαρακαλεσάντων,</span> <span class='ocrx_word' id='word_1_820' title='bbox 1723 5641 1987 5733; x_wconf 65' lang='grc' dir='ltr'>όᾞέτρος</span> <span class='ocrx_word' id='word_1_821' title='bbox 2012 5649 2138 5733; x_wconf 63' lang='grc' dir='ltr'>ἐφη·</span> <span class='ocrx_word' id='word_1_822' title='bbox 2171 5641 2253 5733; x_wconf 44' lang='grc' dir='ltr'><strong>τί,</strong></span> <span class='ocrx_word' id='word_1_823' title='bbox 2268 5647 2513 5733; x_wconf 56' lang='grc' dir='ltr'>νομίζετε</span> 
     </span>
    </p>
   </div>
   <div class='ocr_carea' id='block_1_113' title="bbox 644 5718 2531 5791">
    <p class='ocr_par' dir='ltr' id='par_1_113' title="bbox 644 5718 2531 5791">
     <span class='ocr_line' id='line_1_114' title="bbox 644 5718 2531 5791; baseline -0.004 -15"><span class='ocrx_word' id='word_1_824' title='bbox 644 5724 727 5787; x_wconf 82' lang='grc' dir='ltr'><strong>ῶς.</strong></span> <span class='ocrx_word' id='word_1_825' title='bbox 790 5718 866 5755; x_wconf 52' lang='grc'><strong>’³⁸</strong></span> <span class='ocrx_word' id='word_1_826' title='bbox 908 5718 974 5776; x_wconf 71' lang='grc' dir='ltr'><strong>ἐιιῖ</strong></span> <span class='ocrx_word' id='word_1_827' title='bbox 1020 5718 1139 5776; x_wconf 72' lang='grc' dir='ltr'>ἐπεὶ</span> <span class='ocrx_word' id='word_1_828' title='bbox 1180 5718 1383 5774; x_wconf 83' lang='grc' dir='ltr'>πολλῶν</span> <span class='ocrx_word' id='word_1_829' title='bbox 1423 5720 1855 5791; x_wconf 19' lang='grc' dir='ltr'>ήμερῶνναὺτὴν</span> <span class='ocrx_word' id='word_1_830' title='bbox 1898 5718 2353 5790; x_wconf 56' lang='grc' dir='ltr'>’ἀρελληνισθῆναι</span> <span class='ocrx_word' id='word_1_831' title='bbox 2406 5718 2531 5771; x_wconf 76' lang='grc' dir='ltr'>ἔδει.</span> 
     </span>
    </p>
   </div>
   <div class='ocr_carea' id='block_1_114' title="bbox 328 5727 708 5758">
    <p class='ocr_par' dir='ltr' id='par_1_114' title="bbox 328 5727 708 5758">
     <span class='ocr_line' id='line_1_115' title="bbox 328 5727 708 5758; baseline -0.008 0"><span class='ocrx_word' id='word_1_832' title='bbox 328 5727 372 5758; x_wconf 69' lang='grc' dir='ltr'><strong>ιι</strong></span> <span class='ocrx_word' id='word_1_833' title='bbox 411 5727 458 5758; x_wconf 68' lang='grc'><strong>..1</strong></span> <span class='ocrx_word' id='word_1_834' title='bbox 527 5727 708 5758; x_wconf 60' lang='grc' dir='ltr'><strong>»ξι-’ἱστιο-</strong></span> 
     </span>
    </p>
   </div>
   <div class='ocr_carea' id='block_1_115' title="bbox 326 5726 1547 5866">
    <p class='ocr_par' dir='ltr' id='par_1_115' title="bbox 326 5726 1547 5866">
     <span class='ocr_line' id='line_1_116' title="bbox 328 5726 1547 5791; baseline -0.007 -12"><span class='ocrx_word' id='word_1_835' title='bbox 328 5727 372 5758; x_wconf 73' lang='grc'><strong>¹⁸</strong></span> <span class='ocrx_word' id='word_1_836' title='bbox 410 5726 482 5780; x_wconf 90' lang='lat' dir='ltr'><strong>al.</strong></span> <span class='ocrx_word' id='word_1_837' title='bbox 526 5726 727 5787; x_wconf 84' lang='grc' dir='ltr'>ἁπλῶς.</span> <span class='ocrx_word' id='word_1_838' title='bbox 824 5726 866 5755; x_wconf 76' lang='grc'><strong>³⁸</strong></span> <span class='ocrx_word' id='word_1_839' title='bbox 908 5726 974 5776; x_wconf 74' lang='lat' dir='ltr'><strong>al.</strong></span> <span class='ocrx_word' id='word_1_840' title='bbox 1020 5726 1139 5776; x_wconf 75' lang='grc' dir='ltr'>ἐπεὶ</span> <span class='ocrx_word' id='word_1_841' title='bbox 1180 5726 1383 5774; x_wconf 84' lang='grc' dir='ltr'>πολλῶν</span> <span class='ocrx_word' id='word_1_842' title='bbox 1423 5726 1547 5791; x_wconf 63' lang='grc' dir='ltr'>ήμει</span> 
     </span>
     <span class='ocr_line' id='line_1_117' title="bbox 326 5791 1547 5866; baseline -0.004 -17"><span class='ocrx_word' id='word_1_843' title='bbox 326 5794 625 5866; x_wconf 64' lang='grc' dir='ltr'>ιὶρθέγξατο</span> <span class='ocrx_word' id='word_1_844' title='bbox 651 5792 901 5863; x_wconf 71' lang='grc' dir='ltr'>λόγον,ὃς</span> <span class='ocrx_word' id='word_1_845' title='bbox 930 5794 1044 5864; x_wconf 77' lang='grc' dir='ltr'>τήν.</span> <span class='ocrx_word' id='word_1_846' title='bbox 1128 5793 1170 5824; x_wconf 82' lang='grc'><strong>¹⁷</strong></span> <span class='ocrx_word' id='word_1_847' title='bbox 1206 5792 1363 5847; x_wconf 88' lang='lat' dir='ltr'><strong>Deest</strong></span> <span class='ocrx_word' id='word_1_848' title='bbox 1388 5792 1440 5845; x_wconf 90' lang='lat' dir='ltr'><strong>in</strong></span> <span class='ocrx_word' id='word_1_849' title='bbox 1477 5791 1547 5845; x_wconf 86' lang='lat' dir='ltr'><strong>al.</strong></span> 
     </span>
    </p>
   </div>
   <div class='ocr_carea' id='block_1_116' title="bbox 2592 5642 3548 5716">
    <p class='ocr_par' dir='ltr' id='par_1_116' title="bbox 2592 5642 3548 5716">
     <span class='ocr_line' id='line_1_118' title="bbox 2592 5642 3548 5716; baseline -0.002 -19"><span class='ocrx_word' id='word_1_850' title='bbox 2592 5642 2693 5713; x_wconf 77' lang='grc' dir='ltr'><strong>γὼ,</strong></span> <span class='ocrx_word' id='word_1_851' title='bbox 2729 5648 2944 5716; x_wconf 40' lang='grc' dir='ltr'>μόνος.-</span> <span class='ocrx_word' id='word_1_852' title='bbox 3023 5642 3065 5674; x_wconf 89' lang='grc'><strong>¹³</strong></span> <span class='ocrx_word' id='word_1_853' title='bbox 3095 5643 3164 5696; x_wconf 83' lang='lat' dir='ltr'><strong>al.</strong></span> <span class='ocrx_word' id='word_1_854' title='bbox 3206 5643 3355 5716; x_wconf 74' lang='lat' dir='ltr'><strong>deest</strong></span> <span class='ocrx_word' id='word_1_855' title='bbox 3387 5644 3438 5696; x_wconf 90' lang='lat' dir='ltr'><strong>in</strong></span> <span class='ocrx_word' id='word_1_856' title='bbox 3467 5646 3548 5716; x_wconf 72' lang='lat' dir='ltr'><strong>al.</strong></span> 
     </span>
    </p>
   </div>
   <div class='ocr_carea' id='block_1_117' title="bbox 2615 5710 3554 5786">
    <p class='ocr_par' dir='ltr' id='par_1_117' title="bbox 2615 5710 3554 5786">
     <span class='ocr_line' id='line_1_119' title="bbox 2615 5710 3554 5786; baseline -0.003 -16"><span class='ocrx_word' id='word_1_857' title='bbox 2615 5719 2658 5754; x_wconf 75' lang='grc'>⁸⁸</span> <span class='ocrx_word' id='word_1_858' title='bbox 2698 5710 2867 5785; x_wconf 82' lang='grc' dir='ltr'>Κάγὼ</span> <span class='ocrx_word' id='word_1_859' title='bbox 2895 5710 3065 5769; x_wconf 73' lang='grc' dir='ltr'>εἶπονο</span> <span class='ocrx_word' id='word_1_860' title='bbox 3114 5713 3231 5767; x_wconf 74' lang='grc' dir='ltr'>εἰπὲ</span> <span class='ocrx_word' id='word_1_861' title='bbox 3257 5714 3554 5786; x_wconf 68' lang='grc' dir='ltr'>ἡμῖν,τίνα</span> 
     </span>
    </p>
   </div>
  </div>
