4048 6146
488 288 590 346 567

1335 289 1392 345 S.
1429 289 1813 348 CLEMENTIS
1851 293 1870 346 Ι
1905 291 2068 348 ROM.
2107 293 2306 351 PONT.
2347 295 2577 352 OPERA
2611 295 2832 353 DUBIA.

3616 297 3718 354 568

489 413 550 459 ut
581 419 769 460 secum
815 404 1204 475 baptizaretur.
1253 404 1438 477 Neque
1463 408 1605 462 enim
1631 409 1684 463 id
1712 409 1923 465 dilectae
1950 427 2044 466 sua

2163 428 2251 465 ναι
2276 412 2411 486 αὐτῇ
2453 413 2552 486 τὴν
2604 414 2878 488 ξενοδόχον
2907 419 3001 472 καὶ
3025 417 3302 490 εὐεργέτιν
3330 419 3390 474 ⁸⁸.
3421 420 3535 474 Οὐκ
3570 418 3636 473 ἂν
3659 418 3714 472 δὲ

489 494 630 548 tradi
676 495 1025 564 postulasset,
1049 495 1156 552 nisi
1206 497 1359 567 prius
1407 513 1536 570 erga
1579 499 1909 570 baptismum
1935 511 2056 557 tan-

489 601 653 656 quam
687 601 813 656 erga
848 601 1104 657 magnum
1132 587 1335 642 donum
1378 587 1578 645 fuisset
1617 590 1827 647 aﬁ'ecla.
1877 590 2058 659 Quare

489 691 590 746 ego
651 678 850 733 multos
903 678 1162 736 damnare
1193 695 1301 736 non
1340 680 1530 737 dubito
1563 700 1577 749 ;
1609 683 1752 753 quod
1789 699 1912 740 cum
1953 685 2056 755 ipsi

489 767 743 837 baptizati
789 768 1014 836 fuerint,
1065 779 1118 826 et
1146 771 1500 841 proﬁteantur
1533 788 1592 829 se
1623 774 1864 843 credere,
1917 777 2053 832 nihil

489 857 693 914 faciant
714 861 936 931 dignum
970 860 1096 930 tide,
1137 877 1316 933 neque
1350 877 1446 919 eos
1473 879 1614 934 quos
1632 865 1865 938 diligunt
1888 868 2053 937 (uxo-

487 966 595 1015 res,
626 952 870 1022 inquam,
903 961 957 1008 et
986 953 1147 1020 ﬁlios,
1177 961 1340 1025 atque
1362 956 1592 1027 amicos)
1621 957 1689 1012 ad
1726 959 1828 1014 hoc
1857 959 2053 1015 exhor-

487 1046 687 1095 tentur.
740 1040 874 1096 Nam
903 1041 950 1098 si
977 1043 1282 1112 crederent,
1312 1045 1480 1100 vitam
1514 1053 1772 1102 aeternam
1800 1063 1924 1104 cum
1955 1049 2053 1106 bo-

487 1130 572 1185 nis
600 1131 856 1201 operibus
892 1132 946 1188 in
979 1133 1248 1203 baptismo
1271 1149 1303 1189 a
1334 1133 1444 1190 Deo
1486 1137 1677 1192 donari
1709 1179 1724 1204 ,
1757 1137 1916 1208 plane
1955 1155 2051 1197 eos

484 1211 624 1293 quos
651 1223 956 1295 diligerent,
981 1225 1047 1280 ad
1069 1226 1218 1282 illum
1251 1228 1656 1298 suscipiendum
1681 1229 2046 1289 hortarentur.

483 1312 714 1378 Quando
737 1317 970 1388 denique
989 1332 1086 1374 eos
1115 1318 1299 1374 vident
1329 1329 1613 1390 aegrotare,
1643 1331 1737 1376 aut
1761 1323 1816 1378 in
1859 1324 2050 1382 mortis

484 1407 627 1461 viam
673 1407 892 1476 abduci,
939 1418 1035 1465 aut
1054 1411 1159 1466 alia
1203 1411 1430 1470 molesta
1469 1415 1760 1481 sustinere,
1804 1424 2046 1486 gemunt,

482 1512 548 1552 ac
591 1498 865 1554 ducuntur
929 1501 1426 1560 commiseratione.
1479 1503 1556 1559 Ita
1625 1504 1672 1560 si
1738 1505 2042 1572 crederent,

485 1587 664 1654 ignem
708 1598 1029 1663 perpetuum
1082 1607 1303 1648 manere
1331 1608 1426 1649 eos
1453 1594 1548 1663 qui
1581 1593 1750 1649 Deum
1794 1611 1902 1649 non
1947 1609 2044 1650 co-

485 1681 622 1747 lunt,
679 1697 786 1737 non
819 1693 1098 1739 cessarent
1130 1699 1372 1752 monere,
1399 1686 1483 1740 vel
1506 1701 1671 1756 super
1699 1685 1809 1742 illis
1830 1685 2047 1756 plorare

2154 502 2310 556 τοῦτο
2347 506 2412 574 τῇ
2450 505 2555 557 ὑπὸ
2582 505 2752 576 αὐτῆς
2796 506 3104 579 ποθουμένη
3152 508 3372 580 δοθῆναι
3409 509 3454 546 ⁸⁸
3479 510 3725 581 ἡξίου,εί

2158 593 2232 666 μὴ
2281 595 2541 666 πρότερον
2575 596 2713 668 αὑτὴ
2749 597 2955 668 διετέθη
3001 599 3076 662 ὡς
3118 600 3212 653 ἐπὶ
3261 601 3471 673 μεγάλῃ
3511 603 3578 673 τῇ
3631 600 3725 655 τοῦ

2155 685 2530 757 βαπτίσματος
2565 689 2743 760 δωρεᾷ
2767 691 2834 744 ’⁸.
2863 690 3023 744 Ὅθεν
3049 690 3160 761 ἐγὼ
3187 692 3396 746 πολλῶν
3420 693 3529 765 ἔχω
3550 711 3726 749 κατα-

2153 778 2439 847 γινώσκειν
2461 781 2526 846 “,
2563 781 2713 836 ὁπότ’
2765 781 2832 836 ἂν
2875 783 3028 836 αὐτοὶ
3080 783 3462 854 βαπτισθέντες
3495 785 3590 840 καὶ
3639 803 3728 839 πι-

2153 867 2362 923 στεύειν
2382 871 2766 941 ὁμολογοῦντες
2789 873 2854 939 ⁹¹,
2888 872 3052 944 μηδὲν
3075 873 3221 940 ἄξιον
3245 875 3478 939 πίστεως
3510 875 3724 941 ποιῶσι,

2153 960 2288 1030 μηδὲ
2335 960 2428 1024 οὒς
2466 962 2740 1031 ἀγαπῶσι,
2779 963 2921 1032 λέγω
2969 965 3034 1036 δὴ
3069 968 3330 1034 γυναῖκας
3371 966 3575 1020 ἑαυτῶν
3633 965 3730 1020 καὶ

2150 1052 2300 1116 υίοὺς
2316 1053 2431 1124 ἅμα
2460 1054 2553 1108 καὶ
2579 1055 2785 1124 φίλους,
2805 1057 2884 1120 εἰς
2907 1055 3066 1109 τοῦτο
3083 1057 3498 1129 προτρέπονται.
3533 1059 3596 1112 Εί
3618 1059 3728 1131 γὰρ

2149 1143 2543 1198 πεπιστεύκασι
2572 1144 2717 1218 ζωὴν
2744 1146 2959 1200 αἰώνιον
2993 1149 3091 1201 σὺν
3127 1147 3308 1220 ἔργοις
3328 1148 3512 1214 καλοῖς
3530 1149 3724 1220 δωρεῖ-

2149 1231 2272 1286 σθαι
2301 1233 2392 1287 τὸν
2427 1235 2559 1288 Θεὸν
2586 1235 2632 1266 ³³
2671 1236 2763 1290 ἐπὶ
2788 1237 2866 1308 τῷ
2909 1236 3266 1309 βαπτίσματι,
3301 1237 3516 1303 πάντως
3543 1238 3607 1293 ἂν
3631 1242 3727 1294 καὶ

2146 1322 2240 1386 οὒς
2267 1323 2313 1356 ’⁸
2333 1325 2560 1394 ἡγάπων
2612 1328 3008 1400 προετρέποντο
3066 1324 3446 1399 βαπτισθῆναι.
3505 1329 3722 1382 Ἔπειθ’

2145 1427 2204 1464 τι
2261 1411 2456 1484 δήποτε
2514 1415 2802 1480 νοσοῦντας
2850 1417 3102 1489 ὁρῶντες,
3130 1418 3162 1489 ἡ
3193 1418 3572 1489 ἀπαγομένους
3623 1419 3721 1491 τὴν

2146 1502 2238 1555 ἐπὶ
2267 1503 2492 1559 θάνατον
2517 1507 2586 1571 ’⁸,
2612 1506 2646 1578 ἡ
2676 1507 2808 1562 ἄλλα
2848 1507 2972 1562 τινὰ
2996 1508 3210 1578 χαλεπὰ
3241 1510 3568 1581 πάσχοντας,
3601 1512 3722 1565 ὀδύ-

2151 1607 2331 1661 ρονται
2368 1594 2461 1650 καὶ
2481 1595 2525 1626 ’⁷
2570 1596 2940 1650 κατελεοῦσιν.
3009 1597 3194 1661 Οὕτως
3241 1600 3290 1651 εί
3315 1600 3359 1631 ’⁸
3401 1601 3719 1654 ἐπεπιστεύ-

2145 1698 2332 1735 κεισαν
2373 1682 2586 1738 αἰώνιον
2613 1684 2724 1757 πῦρ
2745 1682 3055 1758 περιμένειν
3095 1686 3222 1751 τοὺς
3237 1688 3328 1741 τὸν
3373 1689 3502 1742 Θεὸν
3525 1689 3600 1762 μή
3626 1691 3718 1744 σέ⁴

481 1783 537 1828 et
556 1773 792 1844 graviter
837 1774 1040 1840 dolere,
1065 1777 1200 1831 dum
1238 1793 1334 1832 eos
1359 1751 1595 1834 cernunt
1617 1795 1723 1835 non
1755 1751 1954 1834 habere
1978 1779 2044 1833 li-

2146 1773 2471 1838 6οντας,ούκ
2502 1774 2567 1829 ἂν
2599 1776 2904 1830 ἐπαύσαντο
2953 1774 3344 1843 νουθετοῦντες,
3383 1778 3414 1850 ἢ
3443 1782 3537 1834 καὶ
3569 1782 3720 1835 ἀπει-

480 1865 624 1919 dem.
656 1863 832 1935 Atque
866 1882 1014 1922 nunc
1044 1866 1313 1938 hospitam
1345 1878 1624 1926 evocatam
1676 1871 2042 1941 interrogabo,

482 1971 612 2010 num
645 1953 814 2026 legem
865 1968 1111 2013 nostram
1159 1960 1286 2015 velit
1316 1961 1568 2031 amplecti
1599 1979 1612 2015 :
1639 1970 1692 2016 et
1730 1961 1805 2016 ita
1847 1977 2045 2019 censeo

479 2055 710 2116 quenter
736 2062 858 2117 quae
884 2059 1097 2119 oportet
1121 2048 1406 2106 faciemus.
1444 2051 1614 2107 Mater
1635 2065 1814 2108 autem
1838 2063 2042 2118 vestra,

480 2137 739 2208 quoniam
773 2151 935 2209 prout
985 2141 1140 2198 decet
1173 2143 1408 2209 ﬁdelem,
1435 2141 1489 2198 in
1529 2144 1792 2214 baptisma
1834 2145 2044 2200 anima-

480 2233 532 2280 ta
567 2234 670 2294 est,
704 2237 828 2284 ante
847 2229 1176 2301 baptismum
1201 2231 1413 2302 jejunet
1448 2249 1558 2289 uno
1581 2234 1690 2290 die.

548 2400 733 2460 CVIII.
774 2405 844 2460 At
889 2405 980 2462 illa
1039 2406 1279 2478 jurabat.
1312 2424 1372 2464 se
1412 2407 1626 2466 duobus
1671 2411 2042 2481 superioribus

476 2495 688 2560 diebus,
718 2497 846 2552 dum
871 2507 1057 2553 narrat
1080 2499 1296 2555 mulieri
1349 2502 1738 2572 recognitionis
1763 2511 2040 2568 eventum,

477 2599 588 2653 pra:
627 2585 798 2640 multo
829 2587 1029 2656 gaudio
1054 2587 1235 2642 cibum
1290 2604 1401 2642 non
1450 2590 1698 2660 cepisse";
1733 2592 1839 2646 nisi
1868 2591 2042 2660 pridie

479 2675 740 2730 duntaxat
766 2678 986 2745 paulum
1016 2693 1191 2747 aquae.
1218 2679 1319 2734 Cui
1340 2681 1652 2749 juramento
1691 2689 1746 2736 et
1774 2696 1913 2736 uxor
1939 2680 2041 2736 Pe—

481 2766 548 2819 tri
588 2767 960 2820 testimonium
999 2769 1251 2837 praebuit,
1303 2769 1512 2836 dicens,
1566 2785 1693 2826 vere
1739 2786 1860 2826 eam
1905 2773 2040 2828 nihil

479 2865 746 2923 gustasse.
775 2853 843 2908 Et
866 2856 1058 2925 Aquila
1091 2859 1166 2912 ait
1199 2875 1213 2912 :
1247 2856 1396 2911 Nihil
1434 2875 1564 2928 ergo
1613 2861 1854 2930 impedit,
1897 2876 2037 2928 eam,
2074 2915 2076 2917 ,

477 2945 695 2999 domine
723 2945 818 3010 mi,
867 2946 1129 3002 hodierno
1173 2949 1259 3002 die
1301 2948 1582 3018 baptizari.
1622 2949 1759 3004 Tum
1793 2950 1986 3005 Petrus
2021 2969 2036 3005 :

479 3039 549 3094 At
571 3039 695 3107 hoc,
722 3054 830 3094 non
859 3049 942 3094 est
968 3039 1220 3109 baptismi
1247 3041 1514 3111 jejunium
1547 3059 1564 3109 ;
1598 3042 2036 3114 quandoquidem
2065 3082 2106 3140 Ο

409 3163 415 3170 α
480 3146 581 3186 nec
624 3143 907 3202 propterea
961 3131 1162 3187 factum
1214 3143 1316 3188 est.
1368 3131 1433 3188 Et
1476 3133 1900 3190 Faustinianus:
1932 3133 2036 3192 Sed

477 3221 708 3279 fortasse
732 3222 874 3279 Deus
903 3224 1091 3279 volens
1121 3232 1351 3278 matrem
1395 3231 1640 3279 nostram
1684 3240 1752 3280 ne
1781 3239 1892 3280 uno
1917 3225 2040 3295 qui-

475 3316 595 3369 dem
629 3323 750 3384 post
795 3315 1220 3384 recognitionem
1252 3313 1339 3368 die
1371 3329 1401 3368 a
1432 3323 1616 3369 nostra
1662 3332 1849 3372 mensa
1876 3332 2038 3387 sepa-

474 3408 604 3471 rari,
640 3409 740 3462 hoc
762 3407 1028 3477 jejunium
1063 3407 1393 3476 praestruxit.
1427 3405 1582 3462 Sicut
1620 3407 1766 3460 enim
1798 3407 1850 3461 in
1878 3408 2033 3478 igno-

473 3499 684 3554 ratione
717 3498 950 3553 servavit
995 3497 1331 3567 pudicitiam,
1364 3496 1418 3551 id
1449 3497 1595 3566 quod
1625 3498 1906 3552 veritatem
1936 3499 2032 3554 de-

475 3602 560 3646 cet
589 3589 794 3645 faciens
827 3629 842 3654 ,
876 3591 948 3644 ita
979 3597 1033 3644 et
1059 3604 1206 3643 nunc
1241 3587 1382 3645 Deus
1427 3588 1564 3643 forte
1611 3589 1865 3658 providit,
1913 3605 2034 3645 eam

474 3692 598 3737 ante
642 3698 808 3736 unum
852 3681 1016 3747 diem,
1049 3681 1102 3735 in
1141 3680 1444 3752 ignorantia
1485 3681 1755 3750 jejunare,
1782 3695 1879 3750 pro
1904 3697 2034 3737 vero

474 3771 743 3841 baptismo
769 3788 784 3837 ;
819 3778 879 3824 ut
906 3787 936 3824 a
964 3771 1139 3840 primo
1181 3770 1269 3824 die
1315 3785 1426 3840 quo
1457 3784 1557 3825 nos
1585 3771 1822 3841 agnovit,
1848 3771 2036 3827 nobis-

474 3880 596 3918 cum
622 3872 804 3934 posset
825 3863 986 3918 etiam
1016 3863 1184 3918 salem
1207 3877 1300 3918 seu
1329 3862 1510 3917 cibum
1547 3863 1840 3933 percipere.

541 4042 678 4098 CIX.
719 4041 857 4098 Tum
880 4043 1074 4098 Petrus
1107 4058 1122 4094 :
1151 4039 1230 4095 Ne
1255 4057 1378 4105 nos,
1410 4041 1604 4110 inquit,
1647 4043 1827 4098 vincat
1875 4043 2032 4097 mali-

474 4137 570 4204 tia,
603 4137 920 4206 prtetextum
955 4144 1113 4190 nacta
1155 4132 1557 4188 Providentiam
1590 4140 1642 4186 et
1668 4134 1857 4188 matris
1882 4150 2028 4188 amo-

475 4225 747 4293 rem;sed
784 4226 966 4294 potius
1020 4240 1136 4290 vos,
1185 4230 1239 4278 et
1273 4236 1372 4292 ego
1411 4222 1710 4290 vobiscum,
1761 4224 1920 4278 hodie
1978 4226 2031 4280 in

469 4319 676 4390 jejunio
708 4331 1142 4387 permaneamus,
1164 4322 1218 4368 et
1246 4329 1367 4368 cras
1387 4312 1767 4382 baptizabitur.
1794 4311 1949 4368 Hunc
1977 4315 2030 4368 in

2146 1865 2370 1930 θοῦντας
2419 1866 2672 1938 ὁρῶντες,
2696 1868 3019 1940 δακρύοντες
3045 1871 3130 1922 ἐπ’
3154 1871 3334 1934 αὐτοῖς
3356 1872 3447 1924 καὶ
3467 1871 3720 1942 χαλεπῶς

2142 1954 2483 2027 ὀδυνώμενοι.
2533 1959 2641 2012 Kal
2680 1958 2749 2012 τά
2779 1960 2824 1991 ¹⁹
2854 1959 2950 2014 νῦν
3007 1959 3107 2032 τὴν
3169 1961 3440 2032 ξενοδόχον
3495 1962 3720 2034 πέμψας

2141 2050 2414 2120 ἀνακρινῶ
2449 2053 2497 2104 εί
2529 2051 2620 2104 τὸν
2664 2053 2825 2123 νόμον
2853 2052 3014 2124 ἡμῶν
3050 2053 3270 2125 ἀγαπᾷν
3317 2055 3584 2126 αἱρεῖταιο
3622 2054 3720 2108 καὶ

2141 2138 2311 2203 οὕτως
2354 2139 2657 2205 ἀκολούθως
2685 2140 2722 2195 ἃ.
2753 2141 2833 2195 δεῖ
2864 2139 3158 2213 πράξομεν.
3196 2143 3260 2196 Ἦ
3282 2143 3339 2196 δέ
3358 2145 3537 2215 μήτηρ
3562 2145 3719 2216 ὑμῶν

2141 2229 2328 2301 ἐπειδὴ
2358 2229 2562 2294 πιστῶς
2596 2230 2860 2286 διάκειται
2914 2232 3041 2302 περὶ
3077 2231 3172 2284 τοῦ
3202 2231 3589 2304 βαπτίσματος,
3620 2252 3719 2304 νη-

2143 2320 2419 2374 πευσάτω
2443 2319 2656 2392 ἡμέραν
2685 2321 2729 2352 ³ο
2761 2320 2867 2393 πρὸ
2885 2320 2978 2374 τοῦ
3006 2320 3392 2391 βαπτίσματος.

2210 2408 2387 2463 CVIII.
2442 2408 2505 2462 Ἦ
2555 2409 2611 2462 δὲ
2649 2394 2831 2480 time
2860 2408 2953 2462 δύο
2981 2409 3087 2462 τῶν
3142 2407 3459 2462 διελθουσῶν
3482 2409 3709 2482 ἡμερῶν

2139 2501 2205 2570 τῇ
2247 2499 2464 2568 γυναικὶ
2495 2498 2539 2529 ³¹
2584 2497 2912 2568 διηγουμένη
2957 2494 3026 2548 τὰ
3080 2495 3220 2548 κατά
3271 2495 3360 2548 τὸν
3408 2497 3712 2566 ἀναγνωρι-

2143 2589 2297 2660 σμδν,
2344 2588 2449 2643 ὑπὸ
2498 2588 2695 2660 πολλῆς
2725 2589 2918 2660 χαρᾶς,
2947 2586 3154 2657 τροφῆς
3191 2586 3264 2658 μὴ
3295 2585 3613 2657 μεταλαϐεῖν
3643 2589 3709 2649 ³³,

2141 2681 2174 2752 ἢ
2216 2681 2341 2750 χθὲς
2377 2680 2534 2751 μόνον
2571 2679 2802 2751 βραχέος
2840 2678 3048 2742 ὓδατος.
3096 2679 3513 2750 Μαρτυρήσει³³
3549 2695 3608 2730 τε
3630 2678 3710 2748 τῷ

2139 2769 2286 2840 ὅρκῳ
2317 2769 2411 2822 καὶ
2450 2771 2484 2838 ἡ
2531 2768 2668 2840 γυνὴ
2707 2768 2913 2840 Πέτρου
2959 2767 3211 2836 λέγουσα,
3247 2768 3322 2832 ὡς
3365 2767 3578 2838 ἀληθῶς
3606 2769 3708 2820 οὐκ

2141 2858 2422 2926 ἐγεύσατο.
2453 2858 2561 2911 Kal.
2587 2859 2615 2910 6
2664 2856 2892 2921 Ἀκύλας
2916 2855 3018 2927 ἔφη
3039 2872 3054 2887 °
3085 2857 3292 2910 Οὐκοῦν
3325 2858 3478 2911 οὐδὲν
3513 2857 3708 2910 κωλύει

2139 2949 2306 3021 αὐτὴν
2335 2949 2400 3012 ⁸⁸,
2427 2943 2472 3003 ὦ
2504 2949 2660 3022 κύριέ
2694 2967 2816 3021 μου,
2855 2949 2954 3021 τὴν
2984 2951 3029 2982 ³⁸
3053 2951 3289 3022 σήμερον
3330 2950 3704 3022 βαπτισθῆναι.

2140 3042 2249 3097 Καὶ
2276 3044 2304 3096 6
2323 3042 2556 3115 Πέτρος·
2612 3042 2747 3096 Ἀλλ’
2775 3043 2876 3096 οὐκ
2919 3042 3031 3095 ἔστι
3068 3043 3225 3097 τοῦτο
3267 3043 3486 3113 νηστεία
3511 3043 3705 3114 βαπτί-

2141 3152 2347 3206 σματος
2377 3135 2443 3197 ³⁸,
2478 3135 2598 3188 ἐπεὶ
2631 3135 2766 3206 μηδέ
2810 3135 2878 3188 δι’
2905 3134 3033 3188 αὐτὸ
3063 3133 3106 3166 ³⁷
3133 3134 3290 3189 τοῦτο
3335 3135 3543 3203 γέγονε.
3600 3137 3708 3190 Καὶ

2137 3229 2165 3280 6
2199 3225 2244 3259 ³⁸
2277 3227 2655 3290 Φαυστινιανός
2692 3227 2757 3258 ³9·
2799 3228 2960 3290 Ἴσως
3008 3221 3099 3280 οὖν
3138 3229 3167 3280 6
3211 3226 3342 3290 Θεὸς
3389 3227 3707 3297 βουλόμνος

2134 3316 2290 3387 ἡμῶν
2336 3315 2434 3386 τὴν
2480 3317 2707 3387 μητέρα,
2761 3314 3028 3387 μηδεμίαν
3073 3315 3210 3385 μετά
3254 3315 3346 3368 τὸν
3401 3317 3705 3385 ἀναγνωρι-

2136 3406 2272 3478 σμδν
2297 3408 2510 3479 ἡμέραν
2537 3407 2638 3476 τῆς
2681 3408 2954 3478 ἡμετέρας
2972 3409 3016 3438 ⁸⁸
3045 3407 3275 3477 χωρίσαι
3325 3405 3602 3477 τραπέζης
3632 3407 3701 3468 ⁸⁸.

2137 3499 2559 3570 προῳκονόμησε
2593 3497 2692 3570 τὴν
2743 3499 3014 3568 νηστείαν.
3067 3498 3154 3559 Ὠς
3181 3496 3288 3568 γάρ
3329 3498 3705 3569 ἐσωφρόνησεν

2135 3591 2193 3644 ἐν
2214 3590 2424 3660 ἀγνοίᾳ,
2453 3588 2514 3642 τὸ
2539 3588 2748 3660 πρέπον
2777 3591 2844 3659 τῇ
2877 3587 3103 3658 ἀληθείᾳ
3133 3586 3177 3618 δ’
3216 3588 3487 3658 ποιήσασα
3505 3604 3520 3617 ο
3561 3585 3708 3639 οὕτω

2135 3682 2229 3736 καὶ
2263 3681 2357 3734 νῦν
2382 3683 2410 3735 6
2442 3681 2576 3744 Θεὸς
2621 3680 2752 3743 ἴσως
2791 3679 3139 3750 ᾠκονόμησεν
3169 3679 3334 3750 αὐτὴν
3363 3678 3466 3750 πρὸ
3493 3681 3620 3750 μιᾶς
3644 3679 3704 3730 ἐν

2133 3775 2326 3844 ἀγνοίᾳ
2370 3772 2683 3845 νηστεῦσαι,
2737 3772 2876 3843 ὑπὲρ
2902 3771 2996 3824 τοῦ
3026 3770 3257 3841 ἀληθοῦς
3307 3771 3699 3840 βαπτίσματος,

2023 3923 2032 3933 ,
2134 3864 2200 3917 ἵν’
2226 3863 2334 3917 ἀπὸ
2362 3862 2582 3933 πρώτης
2610 3860 2822 3932 ἡμέρας
2856 3860 2951 3913 τοῦ
2975 3860 3238 3931 γνωρίσαι
3273 3861 3440 3930 ἡμᾶς,
3473 3858 3702 3931 μεταλα-

2133 3953 2248 4008 6εῖν
2267 3954 2363 4007 σὺν
2390 3956 2524 4024 ἡμῖν
2549 3953 2642 4006 καὶ
2669 3951 2811 4005 ἀλῶν
2833 3951 3100 4022 δυνηθείη.

2203 4043 2334 4098 CIX.
2379 4045 2490 4098 Kal
2525 4045 2553 4097 6
2592 4043 2828 4114 Πέτροςο
2863 4041 2953 4112 Μὴ
2998 4042 3145 4111 ἡμᾶς
3167 4041 3232 4103 ⁸³,
3264 4040 3387 4111 ἔφη,
3436 4040 3691 4111 νικάτωὴ

2134 4137 2301 4190 κακία
2327 4135 2595 4207 πρόφασιν
2619 4132 2854 4204 εὑροῦσα
2878 4133 2976 4204 τὴν
3005 4133 3262 4204 πρόνοιαν
3287 4134 3381 4186 καὶ
3407 4132 3506 4204 τὴν
3527 4134 3572 4164 ⁸⁸
3597 4131 3695 4200 τῆς

2131 4226 2393 4296 τεκούσης
2418 4226 2646 4297 στοργήν
2669 4225 2714 4256 ⁸⁵
2737 4241 2750 4255 °
2780 4225 2914 4278 ἀλλὰ
2939 4225 3136 4295 μᾶλλον
3177 4224 3352 4294 ὑμεῖς,
3403 4223 3560 4291 κάγὼ
3602 4224 3693 4277 σὺν

2133 4317 2259 4388 ὑμῖν
2280 4315 2635 4386 διαμείνωμεν
2674 4313 2772 4385 τὴν
2805 4315 3040 4384 σήμερον
3064 4315 3120 4364 ἐν
3157 4313 3377 4383 νηστείᾳ
3398 4313 3464 4378 δθ,
3489 4313 3583 4366 καὶ
3603 4312 3696 4364 αὕ-

475 4412 692 4466 modum
754 4409 969 4464 locutus
1025 4415 1109 4461 est
1177 4403 1390 4470 Petrus,
1442 4403 1731 4474 cunctique
1795 4405 2028 4458 orationi

2142 4425 2247 4478 ριον
2287 4405 2727 4477 βαπτισθήσεται.
2760 4403 2943 4467 Οῦτως
2986 4403 3090 4475 ἔφη
3117 4404 3340 4474 Πέτρος,
3363 4407 3456 4458 καὶ
3479 4406 3527 4456 ol
3559 4406 3694 4457 πάν-

470 4501 681 4558 assensi
737 4515 928 4557 sumus
957 4498 1023 4552 ⁸⁸.
1074 4497 1241 4552 Multo
1291 4505 1470 4550 autem
1541 4496 1809 4551 maturius
1861 4513 2023 4567 quam

2142 4516 2218 4561 τες
2263 4498 2341 4568 τῷ
2393 4497 2535 4568 λόγῳ
2583 4496 3050 4567 συνευδοκήσαμεν
3093 4495 3157 4549 ⁸⁷.
3225 4494 3610 4566 Ὀροριώτερον
3636 4495 3692 4547 δὲ

471 4593 712 4666 quotidie
767 4591 994 4652 solebat,
1049 4588 1241 4644 Petrus
1294 4593 1662 4656 experrectus,
1708 4588 1776 4642 ad
1806 4602 1903 4643 nos
1936 4590 2022 4643 in-

471 4702 688 4758 gressus
735 4693 839 4751 est,
882 4697 1021 4753 quos
1052 4693 1250 4736 somno
1277 4678 1552 4744 excitavit,
1583 4693 1649 4732 ac
1677 4677 1815 4733 dixit
1842 4677 2024 4733 :Fau-

2131 4591 2309 4661 πολλῴ
2350 4590 2444 4644 τοῦ
2482 4589 2602 4642 καθ’
2639 4589 2850 4660 ἡμέραν
2889 4591 2917 4641 6
2959 4587 3162 4658 Πέτρος
3209 4586 3556 4652 διῦπνισθεὶς,
3581 4589 3690 4641 εἰσ-

2129 4683 2215 4754 ῄει
2253 4681 2388 4754 πρὸς
2421 4682 2589 4751 ἡμᾶς,
2617 4681 2709 4735 καί
2738 4680 3118 4750 διαναστήσας,
3143 4679 3456 4742 Φαυστῖνος,
3485 4675 3600 4731 εἷπε
3621 4679 3689 4742 δ’,

1723 4857 1957 4912 ἾΑΒΗΕ
1994 4857 2391 4914 LECTIONES.

543 5004 584 5035 ¹⁸
625 5003 698 5056 al.
735 5002 904 5073 αὐτὴν
929 5002 996 5072 τῇ
1028 4998 1281 5070 ξενοδόχῳ
1315 4998 1408 5052 καὶ
1428 4997 1740 5069 εὐεργέτιδι.
1822 4997 1948 5050 "al.
1969 4995 2282 5068 παρεκάλει.
2359 4994 2485 5047 "al.
2526 4992 2668 5115 αὑτὴ
2684 4995 2748 5063 τῇ
2783 4993 2876 5078 to}
2907 4991 3276 5062 βαπτίσματος
3297 4991 3688 5080 προσῆλθενδω-

543 5075 571 5115 it
690 5074 731 5103 ιι
755 5072 1160 5115 κατανινιζισκω-
1224 5071 1268 5101 ﬁ
1288 5069 1358 5115 nl.
1383 5067 1646 5115 λέγοντες.
1721 5067 1768 5100 ³³
1808 5067 1966 5115 Deest
2007 5068 2061 5115 in
2093 5066 2164 5115 al.
2241 5065 2370 5115 “al.
2401 5063 2638 5115 ἀνυπεοθ
2672 5081 2776 5115 τως
2803 5075 2912 5115 ους.
2991 5063 3036 5094 ’³
3064 5064 3132 5115 al.
3167 5063 3288 5114 add.
3322 5061 3419 5112 ἀλλ
3465 5077 3574 5115 εοει
3603 5079 3685 5115 τις

471 5075 584 5164 ρεᾷ.
690 5074 731 5103 ²¹
755 5066 1160 5140 καταγινώσκω.
1205 5066 1358 5164 “‘al.
1383 5066 1646 5158 λέγοντες.
1721 5067 1791 5155 ³⁸.
1808 5066 2079 5164 Deest
2093 5066 2164 5118 al.

512 5163 537 5164 η
562 5146 579 5156 ⁸
596 5161 620 5164 ν.
642 5160 654 5164 -
692 5143 878 5164 2.---...⁹.
895 5160 970 5164 ---.
995 5143 1148 5164 ...ἱ-,Σ
1166 5158 1184 5164 Α
1204 5157 1268 5164 --.ι
1333 5156 1365 5164 ,Α
1380 5155 1511 5164 ..ι-..--
1553 5154 1701 5164 λιι-..ι
1736 5154 1850 5164 ...ι-ι
1871 5153 1911 5164 ιιι
2020 5152 2143 5164 ἰλιι-Α

2241 5065 2370 5140 "al.
2401 5061 2776 5140 ἀνυπερθέτως
2803 5061 2916 5140 οὓς.
2951 5134 2962 5140 _
2991 5063 3036 5140 ’ξ
3064 5064 3132 5140 al.
3167 5061 3578 5140 add.__&)_d.‘néps§
3603 5079 3685 5126 τις

470 5129 621 5214 ῦμῶν
641 5160 655 5175 ο
685 5129 970 5210 ἀγαπῶσιν
989 5143 1184 5204 αὐτοὺς
1204 5141 1297 5192 καὶ⁸
1332 5129 1701 5210 φροντίζουσιν
1733 5136 1933 5215 αύτῶν.
1973 5134 2145 5215 ᾜρῦτο
2178 5134 2368 5205 εὔηθές
2400 5129 2587 5215 ἐστιν.⁷
2607 5134 2787 5215 ςΕπείι
2857 5134 2985 5215 ³⁸31.
3003 5131 3249 5215 θανάτῳζ
3277 5131 3407 5184 "al.
3427 5129 3683 5215 ἐλεοῦσιν.

470 5212 518 5248 ’⁸
553 5219 622 5268 al.
665 5212 1129 5265 πεπιστεύκεισαν.

469 5285 578 5338 Καὶ
603 5285 688 5338 τάν.
767 5284 810 5314 ³⁰
850 5284 920 5336 al.
950 5284 1114 5336 inser.
1146 5279 1247 5334 κᾶν
1279 5297 1316 5349 μ

468 5355 635 5422 τύρει.
717 5355 761 5386 ³⁸
797 5353 868 5408 al.
902 5352 1069 5423 αὐτὴν
1099 5349 1476 5423 βαπτισθῇναι.

1574 5347 1619 5379 ³³
1663 5349 1732 5400 al.

467 5403 825 5502 ἆὲἑὲζζρενατοῗ
834 5403 934 5502 1δῖ
949 5403 1040 5502 :al:
1060 5403 1456 5502 χωρίσαλιπὺιιο
1487 5433 1620 5502 mss:
1650 5403 2082 5502 xmpﬁgat.lllor.

468 5486 764 5580 τρεπξετλς·
841 5497 885 5574 ‘3
917 5493 1000 5580 “'2
1025 5486 1125 5561 τῆς
1148 5486 1421 5580 δλζπθὶίὲς
1450 5486 2160 5580 .έ,ἶὲ¹;έ,ιὶιὲδξῗ,,η⁸ἱιίέ¹;ἔιε

1244 5211 1286 5240 ²⁹
1312 5200 1385 5262 ειἶῖ
1422 5207 1496 5270 ώς
1524 5200 1652 5278 περὶ
1699 5207 1940 5260 ἀπίστων
1980 5200 2329 5274 ὀδυνώμενον
2372 5204 2469 5274 τὴν
2503 5201 2620 5257 κατ’
2653 5203 2829 5255 αὐτῶν
2861 5202 3076 5254 κόλασιν
3121 5200 3438 5271 πεπληροφο
3473 5218 3508 5270 η
3555 5201 3680 5255 ἐνοι.

1244 5297 1247 5320 ι
1281 5279 1423 5324 μίαν.
1503 5278 1544 5309 ³⁸
1578 5278 1646 5324 al.
1670 5277 1833 5324 inser.
1856 5276 2062 5324 Πέτρου
2093 5276 2174 5324 vel
2202 5277 2267 5324 τῆ
2287 5274 2558 5324 Ξενοδόγω.
2639 5275 2682 5302 ³⁸
2715 5273 2786 5324 al.
2813 5271 2936 5324 add.
2957 5271 3246 5324 ἠδυνήθην.
3325 5271 3371 5301 ³³
3410 5219 3480 5324 af.
3513 5219 3680 5324 ἔμαθ-

1323 5279 1423 5331 ίαν.
1503 5278 1544 5309 ³⁸
1578 5271 1646 5331 al.
1670 5277 1833 5332 inser.
1856 5276 2062 5346 Πέτρου
2093 5271 2174 5328 vel
2202 5292 2252 5345 τ,
2287 5271 2558 5344 ξενοδόχῳ.
2639 5275 2682 5302 "
2715 5273 2786 5328 al.
2813 5271 2936 5326 add.
2957 5271 3246 5342 ἠδυνήθην.
3325 5271 3371 5301 ³³
3410 5271 3480 5324 al.
3513 5271 3682 5345 ἐμαρ-

1323 5349 1476 5402 Γναι.
1574 5347 1619 5379 ³⁸
1663 5349 1732 5400 al.
1772 5349 1860 5418 τῇ.
1957 5347 2000 5378 ³⁸
2039 5345 2109 5399 al.
2148 5345 2176 5397 6
2205 5277 2299 5467 μἸὶ.
2404 5345 2447 5375 ³⁷
2489 5344 2726 5426 Βεθεξίη
2747 5343 2850 5424 ιιι.-
2921 5341 2964 5373 ³⁸
3001 5343 3309 5428 Φαυστῖνος.
3409 5342 3452 5426 ’ξ
3469 5343 3680 5422 θεείῳ.

1331 5366 1456 5467 ⁷ὸιιο
1487 5433 1620 5467 mss.
1650 5416 1914 5467 vmoiiaat.
1949 5415 2082 5467 Cor.
2147 5418 2188 5450 ⁸¹
2233 5432 2260 5467 a
2290 5453 2302 5467 .
2349 5414 2560 5467 ἡμέραν
2597 5431 2696 5467 της
2734 5417 2891 5467 ἡμων
2923 5412 3264 5467 ἐπιγνώσεως
3310 5427 3540 5467 γωρισαι
3583 5429 3682 5467 της

3409 5342 3452 5422 ³ξ
3469 5343 3539 5394 al.
3557 5342 3680 5422 adi].

2734 5429 2891 5483 ημων
2923 5429 3264 5479 επιγνωσεως
3309 5429 3540 5511 χωρισαι
3583 5429 3682 5534 της

2723 5489 2768 5523 ιο
2807 5483 2878 5553 al.
2917 5481 3282 5553 νηστεύοντες.
3361 5483 3396 5553 ⁵-
3450 5483 3520 5534 al.
3552 5482 3616 5534 ad
3662 5522 3675 5534 .

2921 5341 2964 5373 ³⁸
3001 5343 3091 5376 (bna
3103 5345 3291 5376 ι“ῗὶιήρ

2233 5343 2250 5398 ιν
2286 5385 2299 5398 .
2404 5345 2447 5375 ³⁷
2466 5343 2469 5344 ν
2489 5343 2648 5398 Deest
2674 5344 2726 5397 in
2747 5343 2817 5396 al.
2921 5343 2964 5373 ³⁸
3001 5343 3309 5403 Φαυστῖνος.
3409 5343 3452 5373 ³⁹
3469 5343 3539 5394 al.

2233 5343 2302 5469 a1.
2349 5414 2560 5486 ἡμέραν
2593 5415 2696 5511 fi];
2734 5412 2891 5511 ἡμῶν
2923 5410 3264 5496 ἐπιγνώσεως
3309 5411 3540 5511 χωρίσρι

2238 5487 2282 5511 ιι
2314 5503 2338 5511 ι.
2348 5487 2360 5511 1
2428 5501 2516 5511 ..Α
2527 5501 2590 5511 Α..
2723 5489 2768 5511 ιι
2809 5500 2832 5511 ιι
2917 5499 2980 5511 ιι-
2990 5499 3092 5511 ’.με
3103 5497 3228 5511 Ine-.1-
3240 5492 3263 5511 λ
3451 5499 3476 5511 n

2238 5487 2282 5520 ⁸⁸
2313 5487 2382 5539 ει-
2426 5485 2646 5566 «eam

2147 5418 2188 5450 ιι

466 5550 586 5618 οῦδὲ
613 5550 790 5635 ἡῖὀρα
802 5561 914 5634 στῆς
946 5550 1180 5632 σήμερον
1210 5550 1421 5682 ἡμέρας
1449 5550 1747 5627 ἐπιτήδειός
1774 5557 1919 5609 ἐστιν
1955 5557 2034 5618 εἰς
2061 5550 2137 5607 τὸ’
2153 5556 2451 5626 βάπτισμα.
2476 5550 2582 5606 nat
2610 5550 2756 5624 ὅμως
2789 5552 2929 5606 οὕτω
2957 5550 3208 5620 γενέσθαι
3236 5551 3285 5601 oi
3328 5550 3678 5636 πάντεςτυν-

470 5634 855 5682 ευδοκήσααεν.
929 5634 975 5665 ⁸³
999 5633 1260 5682 Clement.
1335 5643 1464 5682 Iom.
1503 5643 1588 5682 xIv
1611 5667 1624 5682 .
1657 5643 1706 5682 c.
1753 5627 1804 5682 l.
1829 5637 1930 5682 etc.
1962 5625 2089 5680 llec.
2117 5625 2150 5680 Ι.
2185 5643 2280 5682 vn.
2315 5641 2364 5681 c.
2395 5625 2493 5682 58.
2521 5635 2573 5678 et
2624 5625 2658 5677 Ι.
2691 5640 2807 5682 VIII,
2835 5639 2890 5677 c.
2927 5625 2947 5676 l
2978 5663 2993 5682 .
3027 5631 3132 5678 etc.
3211 5623 3255 5660 δ’
3282 5621 3352 5674 al.
3384 5623 3674 5682 ἐςυπνίσας

1335 5645 1389 5682 ιο

470 5633 855 5732 ξυδοκὴσαμεν.
878 5633 881 5634 ⁷
929 5634 975 5665 ⁵⁸
999 5633 1260 5687 Clement.

471 5721 594 5774 εφη.

1395 5643 1464 5682 In.
1503 5621 1624 5692 ιη’,
1657 5643 1706 5683 c.
1753 5627 1804 5691 l,
1829 5637 1930 5682 etc.
1962 5625 2089 5680 llec.
2117 5621 2163 5680 l.'
2185 5643 2280 5691 vn,
2315 5621 2369 5681 c.
2395 5625 2493 5684 58.
2521 5635 2573 5678 et
2624 5621 2658 5677 IL
2691 5640 2807 5689 VIII,
2835 5639 2890 5677 c.
2927 5625 2947 5676 l
2978 5663 2993 5687 ,
3027 5631 3132 5678 etc.
3211 5623 3255 5660 δ’
3282 5621 3352 5674 al.
3384 5621 3674 5688 ἐξυπνίσας
