4066 6140
399 325 510 386 549

1214 293 1682 380 CLEMENTINA.
1719 353 1790 365 —
1823 322 2128 380 EPITOME
2166 323 2253 378 οε
2289 323 2536 382 casus
2573 326 2632 382 s.
2675 327 2907 385 PETRI.

3556 327 3663 384 550

397 441 493 496 καὶ
523 438 911 501 Φαυστινιανὸς
943 437 1060 509 ἅμα
1107 437 1386 510 Κλήμεντι
1435 438 1572 510 μετά
1601 438 1714 492 τῶν
1759 439 1969 492 οίκείων

2077 439 2256 494 stinus
2278 450 2332 494 et
2359 437 2774 505 Faustinianus,
2806 457 3026 513 unaque
3071 441 3348 510 Clemens,
3383 459 3506 498 cum
3543 445 3663 502 suis

395 529 922 602 ἀκολουθησάτωσάν
967 546 1080 600 μοι,
1124 530 1274 593 ὅπως
1301 531 1358 582 ὲν
1407 530 1679 602 σκεπεινῷ
1729 529 1831 601 τῆς
1873 529 1972 582 θα-

395 625 600 694 λάσσης
633 622 784 694 τόπῳ
827 621 1108 694 γενόμενοι
1130 622 1198 687 ⁸⁸,
1216 621 1285 676 τά
1325 621 1420 675 τοῦ
1448 621 1822 693 βαπτίσματος
1851 638 1975 693 σχε-

392 714 684 784 διάσωμεν.

464 804 577 860 CX.
631 804 754 858 Ἐπὶ
774 804 866 857 τὸν
890 805 1133 875 αἰγιαλὸν
1159 799 1253 860 οῦν
1277 802 1583 878 γενομένων
1605 806 1638 878 ἠ
1647 805 1764 877 μῶν
1786 805 1855 871 ⁸⁸,
1881 805 1976 859 καὶ⁵

395 898 597 972 μεταξὺ
646 895 861 968 πετρῶν
911 897 1072 952 τινῶν
1119 895 1356 970 γαληνοῦ
1403 899 1498 952 καὶ
1541 895 1782 968 καθαροῦ
1805 897 1973 952 τόπου

393 987 852 1060 εύπορησάντων,
902 987 1194 1043 ἐϐάπτισεν
1242 988 1410 1062 αὐτὴν
1461 988 1616 1053 εἰςτὺ
1659 989 1832 1060 δνομα
1875 986 1972 1041 τοῦ

394 1081 609 1153 Πατρὸς
650 1080 745 1134 καὶ
802 1077 898 1135 τοῦ
947 1080 1079 1134 Υίοῦ
1146 1081 1239 1135 καὶ⁹
1282 1080 1378 1135 τοῦ
1426 1081 1586 1151 ἁγίου
1635 1080 1970 1152 Πνεύματος.

404 1175 597 1246 Ἡμεῖς
620 1174 676 1228 δὲ
698 1175 743 1206 ⁵⁸
768 1173 864 1228 καὶ
890 1174 989 1228 σὺν
1015 1176 1148 1247 ἡμῖν
1190 1175 1304 1228 ὅσοι
1343 1175 1619 1247 παρῆσαν,
1649 1174 1758 1228 τῶν
1781 1191 1972 1244 γυναι-

393 1268 504 1322 κῶν
531 1266 692 1340 χάριν
721 1267 1176 1339 ὑπεχωρήσαμεν.
1208 1267 1438 1320 Ἔπειτα
1465 1269 1493 1320 6
1516 1266 1722 1339 Πέτρος
1747 1266 1846 1330 τὰς
1874 1284 1973 1336 γυ-

393 1361 588 1420 ναῖκας
634 1356 721 1410 διὰ
756 1355 848 1410 τὸν
893 1355 1051 1426 ὄχλον
1075 1355 1396 1429 προέπεμψε
1418 1356 1488 1410 δι’
1515 1355 1682 1428 ἄλλης
1731 1355 1850 1410 ὁδοῦ
1879 1356 1973 1410 ἐπὶ

391 1450 492 1522 τὴν
518 1449 696 1516 ξενίαν
733 1448 909 1503 ἐλθεῖν
934 1449 1000 1513 ⁸⁸,
1029 1449 1210 1520 μόνοις
1233 1451 1297 1504 ὲκ
1320 1448 1429 1503 τῶν
1451 1448 1660 1521 ἀνδρῶν
1683 1451 1817 1520 ἡμῖν
1843 1467 1971 1503 συν-

392 1547 532 1598 εῖναι
577 1545 644 1614 τῇ
699 1541 866 1614 μητρὶ
913 1543 1008 1596 καὶ
1049 1542 1276 1606 ταύταις
1325 1541 1804 1613 ἐγκελευσάμενος.
1849 1542 1971 1596 Ἐλ-

393 1633 578 1698 θόντες
622 1629 714 1688 οὖν
742 1634 790 1667 ⁸⁸
818 1635 912 1689 ἐπὶ
947 1634 1046 1706 τὴν
1089 1633 1287 1700 ξενίαν,
1334 1635 1430 1690 καὶ
1467 1635 1825 1706 ἀναμένοντες
1869 1637 1970 1690 αὺ-

391 1727 484 1781 τὸν
511 1728 558 1759 ⁸⁸
582 1727 895 1796 ἀφικέσθαι,
921 1726 1172 1799 ἀλλήλοις
1197 1727 1550 1799 διελεγόμεθα
1575 1729 1640 1783 ⁵⁸.
1668 1729 1822 1783 Μετά
1850 1729 1970 1784 ἱκα-

2077 545 2166 583 me
2195 538 2518 599 sequantur,
2552 537 2611 584 ut
2638 530 2921 586 venientes
2949 532 3017 586 ad
3038 533 3318 590 obtectum
3369 533 3540 588 maris
3578 532 3660 589 10--

2075 637 2224 688 cum,
2255 623 2510 692 baptismi
2539 625 2679 678 ritus
2712 639 3059 695 peragamus.

2147 799 2262 856 CX.
2302 799 2441 856 Cum
2501 800 2667 872 igitur
2721 800 2928 857 fuimus
2979 802 3036 857 in
3075 801 3277 872 littore,
3331 805 3474 862 inter
3518 821 3653 862 saxa

2075 893 2500 962 quaedam,.qute
2544 893 2901 965 tranquillum
2937 903 2992 949 et
3015 897 3477 953 mundumlocum
3508 913 3654 968 pra:-

2076 982 2296 1047 bebant,
2329 983 2622 1054 baptizavit
2668 1001 2788 1040 eam
2835 986 2891 1042 in
2930 987 3152 1041 nomine
3204 985 3404 1052 Patris,
3429 999 3482 1044 et
3503 988 3650 1056 Filii,

2073 1085 2128 1132 et
2157 1075 2395 1146 Spiritus
2445 1079 2638 1134 sancti.
2677 1077 2789 1134 Nos
2818 1088 3024 1146 autem,
3048 1088 3104 1134 et
3147 1089 3417 1151 quotquot
3460 1082 3652 1138 nobis-

2074 1185 2199 1226 cum
2226 1169 2475 1237 aderant,
2513 1171 2805 1226 mulierum
2837 1172 3010 1242 gratia
3050 1171 3404 1228 secessimus.
3455 1171 3652 1230 Postea

2074 1261 2268 1318 Petrus
2312 1262 2592 1331 mulieres,
2652 1264 2724 1318 ob
2778 1263 3205 1332 multitudinem,
3255 1265 3541 1333 prmmisit,
3592 1274 3654 1320 ut

2073 1370 2168 1424 per
2195 1353 2419 1408 alteram
2442 1355 2587 1408 viam
2612 1355 2752 1408 irent
2783 1357 2850 1408 ad
2878 1354 3174 1424 hospitium
3209 1355 3522 1425 ;jussitque
3549 1371 3653 1413 nos

2073 1444 2222 1500 solos
2245 1459 2313 1500 ex
2363 1445 2497 1501 viris
2538 1457 2767 1501 matrem
2812 1461 3016 1516 easque
3046 1447 3319 1502 comitari.
3356 1446 3652 1504 Venientes

2070 1553 2202 1610 ergo
2252 1538 2319 1594 ad
2371 1539 2756 1607 diversorium,
2802 1548 2856 1594 et
2904 1541 3283 1610 praestolantes
3356 1541 3650 1598 adventum

2072 1629 2243 1698 illius,
2293 1631 2746 1701 colloquebamur
2804 1632 3060 1687 invicem.
3121 1633 3252 1689 Post
3305 1644 3393 1690 sat
3451 1633 3652 1692 multas

2071 1737 2201 1777 vero
2225 1711 2390 1777 horas
2417 1717 2612 1779 Petrus
2643 1738 2946 1793 regressus,
2975 1726 3184 1795 accepit
3205 1741 3422 1796 panem,
3447 1727 3652 1798 gratias

393 1818 490 1883 νάς
517 1819 575 1872 δὲ
598 1818 746 1891 ὥρας
767 1821 796 1873 6
823 1819 1030 1892 Πέτρος
1067 1819 1257 1884 ἐλθὼν,
1309 1819 1404 1875 καὶ
1451 1821 1614 1892 ἄρτον
1648 1820 1846 1886 λαϐὼν,
1876 1823 1969 1877 εύ-

2074 1814 2204 1884 egit,
2227 1812 2522 1879 benedixit,
2547 1817 2906 1886 consecravit,
2932 1818 3108 1889 fregit,
3140 1828 3193 1874 et
3221 1819 3382 1874 matri
3411 1819 3652 1890 primum

393 1911 744 1983 χαριστήσας,
788 1911 1105 1984 εὐλογήσας,
1157 1911 1410 1982 ἁγιάσας,
1452 1913 1678 1979 κλάσας,
1708 1915 1774 1986 τῇ
1804 1915 1973 1987 μητρὶ

394 2001 610 2072 πρῶτον
655 2002 896 2057 ἐπέδωκε
937 2003 1006 2066 ⁸⁷,
1063 2005 1158 2058 καὶ
1212 2004 1351 2076 μετά
1396 2006 1622 2077 ταύτην,
1675 2008 1809 2078 ἡμῖν
1856 2009 1972 2071 τοῖς

393 2092 529 2156 υἱοῖς
553 2092 616 2146 ⁸⁸.
656 2094 766 2148 Καὶ
790 2094 965 2160 οὕτως
999 2098 1138 2168 αὐτῇ
1196 2096 1645 2170 συνειστιάθημεν
1671 2098 1740 2163 ⁸⁸³,
1759 2099 1854 2154 καὶ
1880 2100 1970 2154 τὸν

391 2184 599 2239 διδόντα
625 2186 833 2259 τροφὴν
857 2187 991 2242 Θεὸν
1017 2189 1413 2262 εὐλογήσαμεν.

461 2275 601 2332 CXI.
638 2277 770 2331 Τότε
816 2278 999 2334 λοιπὸν
1027 2282 1056 2334 6
1083 2281 1310 2352 Πέτρος,
1357 2282 1448 2336 τὸν
1492 2281 1647 2353 ὄχλον
1695 2283 1971 2356 εἰσεληλυ-

391 2366 518 2422 θότα
546 2367 690 2433 ἰδὼν,
735 2369 968 2434 καθίσας
1009 2370 1190 2436 αὐτὸς,
1233 2371 1327 2426 καὶ
1349 2371 1394 2406 ⁶⁰
1423 2375 1571 2446 ἡμᾶς
1598 2375 1653 2429 δὲ
1683 2376 1970 2447 παρακαθ-

391 2459 616 2530 εσθῆναι
674 2459 956 2525 κελεύσας,
1003 2463 1263 2534 ὑφηγεῖτο
1291 2463 1400 2518 τίνι
1443 2465 1586 2538 λόγῳ
1638 2468 1972 2539 προπέμψας

389 2554 536 2623 ἡμᾶς
560 2553 668 2606 ἀπὸ
689 2552 783 2606 τοῦ
810 2553 1203 2624 βαπτίσματος,
1231 2555 1393 2620 αὐτὸς
1433 2546 1700 2629 βραδύνας
1745 2560 1966 2632 ἐπῆλθε.

390 2645 500 2717 Τὴν
535 2645 591 2699 δὲ
639 2647 818 2700 αἰτίαν
859 2647 1045 2716 ἔλεγεν
1070 2648 1113 2697 ‘.‘
1159 2643 1296 2703 εἶναι
1348 2650 1625 2723 τοιαύτην·
1695 2653 1848 2723 Ἀμα
1891 2652 1970 2723 τῷ

391 2740 554 2810 ὑμᾶς,
597 2740 783 2810 φησιν,
825 2740 1128 2812 ἀποστῆναί
1151 2741 1198 2772 ⁶¹
1229 2759 1353 2812 μου,
1391 2741 1569 2815 γέρων
1595 2760 1679 2808 τις
1710 2743 1893 2815 συνῄει
1923 2745 1970 2776 ⁸³

390 2830 716 2905 περίεργος,
791 2834 1042 2887 κλέπτων
1120 2833 1310 2888 ἑαυτὸν
1359 2833 1426 2899 ⁸⁵,
1492 2835 1587 2890 καὶ¹
1649 2835 1972 2908 βουλόμενος

390 2926 522 2996 ὁρᾷν
548 2923 613 2988 ⁸³,
645 2924 806 2989 αὐτὸς
854 2924 928 2997 μὴ
975 2925 1240 2998 ὁρᾶσθαι·
1291 2927 1383 2980 καὶ
1435 2929 1997 3001 προκατασκοπήσας·

392 3019 424 3088 ἡ
431 3017 559 3087 μᾶς,
589 3017 663 3080 ὡς
687 3017 848 3080 αὐτὸς
877 3017 1004 3070 ῦστε
1012 3035 1104 3089 ρον
1131 3017 1468 3090 ὡμολόγησε,
1520 3019 1656 3092 πρὸς
1678 3019 1739 3073 τὸ
1767 3022 1895 3076 ἰδεῖν
1916 3019 1970 3074 τί

393 3110 456 3164 ἂν
485 3110 577 3164 καὶ
606 3109 936 3181 πράττοιμεν
969 3111 1049 3173 είς
1094 3109 1185 3163 τὸν
1214 3097 1500 3164 σκεπεινὸν
1539 3112 1701 3164 τόπον
1743 3111 1968 3185 γενόμε-

390 3219 490 3266 νοι,
519 3200 691 3273 λάθρα
741 3200 928 3265 ἐκϐάς,
979 3200 1365 3273 ἠκολούθησεν.
1411 3200 1540 3254 Εἶτα
1570 3201 1615 3232 ⁸⁸
1640 3203 1697 3255 ὲν
1724 3203 1966 3275 εὐκαίρῳ

389 3293 538 3366 τόπῳ
563 3295 607 3325 ⁸*
635 3311 724 3365 μοι
749 3291 1061 3366 προσελθὼν
1088 3295 1181 3347 καὶ
1226 3293 1672 3364 προσαγορεύσας
1697 3293 1802 3365 ἔφη
1821 3311 1835 3324 ’
1872 3293 1967 3347 Ἐκ

393 3385 587 3440 πολλοῦ
618 3404 698 3440 σοι
737 3383 1044 3440 ἀκολουθῶν
1072 3387 1168 3441 καὶ
1196 3389 1474 3458 συντυχεῖν
1503 3385 1700 3440 ἐθέλων
1725 3388 1792 3447 ⁸⁸.
1821 3385 1969 3458 ᾐδούο

394 3495 522 3550 μην,
553 3476 750 3551 μήπως
773 3476 850 3543 ὡς
878 3479 1156 3552 περιέργῳ
1202 3498 1292 3552 μοι
1322 3480 1636 3554 χαλεπήνῃς
1655 3497 1668 3510 ’
1699 3479 1794 3533 νῦν
1817 3479 1873 3532 δὲ
1900 3477 1966 3531 τὰ

387 3575 646 3630 δοκοῦντα
699 3574 822 3644 ἐμοὶ
865 3573 1063 3644 ἀληθῆ,
1113 3573 1278 3643 λέγω,
1322 3573 1371 3627 εἱ
1401 3572 1597 3644 βούλει.
1630 3573 1800 3642 Κάγὼ
1825 3576 1964 3627 ἀπε-

388 3667 692 3740 κρινάμην·
744 3661 884 3733 Λέγε
921 3666 1053 3736 ἡμῖν
1100 3665 1237 3738 ὅπερ
1289 3682 1370 3718 σοι
1415 3665 1562 3718 δοκεῖ
1605 3665 1766 3719 καλὸν
1804 3663 1964 3731 εἶναι,

387 3759 482 3815 καὶ
509 3757 876 3828 ἀποδεξόμεθά
900 3774 981 3820 σε,
1011 3757 1115 3812 κᾶν
1153 3757 1233 3828 τῷ
1258 3757 1368 3810 ὄντι
1398 3756 1474 3829 μὴ
1499 3757 1657 3810 καλὸν
1737 3758 1797 3810 τὸ
1823 3756 1969 3827 λεγό-

389 3869 572 3923 μενον,
597 3849 717 3902 ἐπεί
745 3867 850 3921 περ
878 3850 1056 3921 ἀγαθῇ
1099 3850 1414 3922 προαιρέσει
1437 3850 1499 3903 τὸ
1536 3849 1724 3904 δοκοῦν
1756 3867 1838 3903 σοι
1867 3868 1966 3904 κα·-

385 3941 476 3994 λδν
501 3941 673 3992 εἰπεῖν
703 3938 991 4010 ἠθέλησας.

460 4030 620 4084 (ῌΧΙΙ.
662 4032 772 4084 Kal.
798 4032 825 4083 6
849 4029 1027 4102 γέρων
1055 4029 1150 4084 τοῦ
1179 4030 1356 4100 λέγειν
1402 4029 1603 4102 ἤρξατο
1625 4029 1795 4093 οὕτως
1815 4047 1828 4060 ο
1855 4031 1963 4082 Θα-

387 4124 562 4195 λάσσῃ
612 4123 756 4194 ὑμᾶς
796 4122 1152 4193 λελουμένους
1176 4125 1255 4186 εἰς
1298 4124 1389 4177 τὸν
1438 4125 1756 4194 ἀπόκρυφον
1801 4123 1964 4176 τόπον

388 4217 852 4287 ὑποχωρήσαντας
909 4214 1051 4278 ἰδὼν,
1095 4214 1425 4287 προσελθὼν,
1473 4215 1647 4286 λάθρα
1697 4215 1962 4269 κατεσκό-

386 4325 524 4362 πουν
545 4306 605 4358 τὸ
631 4307 682 4358 τί
719 4305 784 4360 ἂν
813 4308 868 4360 ὲν
904 4309 1087 4378 κρυφῇ
1114 4306 1158 4336 ⁸⁸
1183 4306 1493 4378 πράττοιτε.
1531 4307 1638 4359 Καὶ
1667 4306 1849 4377 ἐπειδὴ
1875 4308 1964 4360 εύ-

383 4399 648 4470 χομένους
721 4396 876 4460 εἶδον,
954 4397 1304 4470 ὑπεχώρησα,
1361 4397 1456 4452 καὶ
1507 4397 1789 4469 ἐλεήσαςτο
1819 4400 1964 4470 ὑμᾶς

383 4490 665 4559 ἀνέμεινα,
713 4489 860 4550 ὅπως
885 4488 930 4519 ⁷¹
958 4489 1132 4541 πείσω
1187 4487 1260 4560 μὴ
1311 4488 1654 4560 ἀπατᾶσθαι·
1686 4487 1809 4541 οὔτε
1855 4489 1962 4562 γὰρ
1995 4515 2038 4570 D

383 4587 516 4643 Θεος
565 4580 734 4642 ἐστιν,
776 4578 897 4632 οὔτε
945 4577 1200 4651 πρόνοιαο
1230 4579 1364 4633 ἀλλά
1415 4577 1624 4648 γενέσει
1670 4579 1738 4632 τὰ
1786 4581 1964 4634 πάντα

384 4671 688 4735 ὑπόκειται,
717 4672 792 4735 ὡς
818 4670 928 4740 ἐγὼ
954 4670 1038 4742 ἐφ’
1065 4667 1146 4736 οἷς
1174 4671 1418 4725 πέπονθα
1446 4672 1960 4745 πεπληροφόρημαι,

384 4763 626 4834 ἀκριϐῶν
645 4766 710 4817 ἐκ
737 4763 933 4817 πολλοῦ
975 4765 1036 4817 τὸ
1076 4764 1321 4836 μάθημα.
1362 4763 1452 4836 Μὴ
1479 4761 1570 4819 οῦν
1593 4765 1787 4820 ἅπατῶ
1805 4783 1818 4795 ·
1850 4765 1962 4820 εἴτε

383 4856 492 4925 γὰρ
516 4853 670 4929 εὔχῃ,
698 4856 808 4908 εἴτε
838 4857 885 4888 ⁷⁸
911 4856 1005 4910 καὶ
1027 4856 1122 4928 μὴ,
1173 4857 1242 4909 τὰ
1270 4859 1333 4910 ὲκ
1358 4859 1455 4928 τῆς
1477 4857 1742 4926 γενέσεως
1768 4858 1960 4912 παθεῖν

382 4943 448 4998 ἂν
502 4945 644 5015 ἔχοις
669 4946 732 4999 ⁷³.
763 4946 830 4998 Αἱ
869 4945 978 5018 γάρ
1026 4947 1184 5016 εὐχαὶ
1233 4947 1283 4999 εἰ
1326 4947 1575 5001 ὲδύναντό
1624 4965 1698 5012 τι,
1739 4948 1771 5020 ἢ
1809 4949 1872 5002 τὸ
1897 4945 1957 5003 εὖ

383 5039 577 5103 ποιεῖν,
632 5037 790 5101 αὐτὸς
841 5037 908 5092 ἂν
948 5039 1007 5091 ὲν
1054 5040 1166 5102 τοῖς
1195 5039 1500 5110 κρείττοσιν
1534 5040 1698 5112 ήμην.
1728 5041 1836 5093 Kal.
1865 5041 1961 5095 νῦν

383 5127 432 5180 εί
463 5129 538 5199 μὴ
570 5127 632 5180 σὲ
660 5129 842 5198 ἀπατᾷ
866 5130 900 5200 ἡ
927 5127 1160 5200 πενιχρά
1205 5145 1306 5199 μου
1335 5127 1473 5200 αὕτη
1499 5127 1679 5200 ἐσθὴς,
1706 5128 1805 5182 οὐκ
1832 5129 1960 5182 ἀπι-

2074 1905 2242 1970 dedit,
2270 1920 2335 1961 ac
2363 1913 2484 1975 post
2508 1921 2630 1961 eam
2661 1908 2819 1964 nobis
2855 1910 2974 1979 ejus
3019 1892 3165 1966 ﬁliis.
3200 1909 3377 1980 Atque
3425 1911 3499 1964 ita
3523 1928 3649 1967 cum

2072 2013 2134 2053 ea
2163 2000 2525 2063 comedimus,
2562 1999 2839 2073 Deumque
2885 2003 2990 2058 cibi
3035 2004 3353 2074 largitorem
3393 2004 3652 2064 laudibus

2073 2092 2345 2159 prosecuti
2378 2105 2592 2146 sumus.

2143 2266 2278 2322 CXI.
2323 2266 2461 2322 Tum
2504 2269 2760 2340 deinceps
2790 2267 3005 2338 Petrus,
3041 2271 3346 2343 ingressum
3383 2275 3648 2346 populum

2072 2359 2283 2428 videns,
2313 2377 2439 2416 cum
2476 2363 2588 2432 ipse
2618 2365 2976 2430 consedisset.
3011 2383 3223 2438 nosque
3269 2369 3528 2438 jussisset
3557 2388 3650 2426 as-

2071 2453 2270 2520 sidere,
2307 2453 2540 2510 docebat
2568 2472 2676 2526 qua
2720 2457 2932 2513 ratione
2974 2459 3133 2514 nobis
3162 2470 3284 2530 post
3312 2460 3648 2532 baptismum

2071 2547 2392 2617 praemissis,
2427 2546 2542 2618 ipse
2592 2549 2742 2603 tarde
2773 2549 3045 2607 rediisset.
3087 2551 3324 2609 Causam
3355 2569 3486 2610 vero
3509 2555 3650 2610 hanc

2070 2655 2192 2698 esse
2219 2640 2454 2695 dicebat.
2514 2639 2690 2696 Simul
2739 2653 2904 2714 atque
2949 2660 3069 2714 vos,
3112 2645 3313 2716 inquit,
3347 2663 3378 2702 a
3408 2664 3496 2703 me
3533 2649 3648 2706 dis-

2070 2734 2338 2804 cessistis,
2383 2751 2549 2791 senex
2585 2735 2808 2806 quidam
2862 2737 3114 2793 curiosus
3142 2739 3309 2806 venit,
3362 2742 3648 2799 occultans

2071 2841 2152 2893 se,
2183 2835 2347 2896 atque
2373 2825 2562 2881 volens
2618 2841 2842 2881 cernere
2879 2843 2977 2881 nec
3021 2826 3136 2898 ipse
3191 2829 3382 2885 cerni:
3413 2848 3649 2904 cumque

2071 2934 2170 2973 nos
2220 2918 2372 2989 prius
2423 2918 2767 2973 obscrvasset
2798 2961 2812 2986 ,
2861 2919 3003 2974 sicut
3073 2920 3186 2989 ipse
3230 2929 3418 2990 postea
3466 2921 3647 2979 fassus

2069 3017 2177 3075 est,
2236 3017 2296 3064 ut
2320 3007 2527 3062 videret
2557 3007 2816 3078 quidnam
2852 3008 2904 3061 in
2941 3010 3156 3063 obtecto
3180 3009 3300 3064 loco
3331 3011 3491 3081 positi
3522 3029 3648 3086 age-

2071 3118 2276 3168 remus,
2308 3101 2448 3157 clam
2486 3101 2640 3166 exiit,
2671 3110 2725 3156 et
2759 3111 2980 3157 secutus
3003 3112 3104 3157 est.
3131 3102 3325 3158 Postea
3366 3105 3418 3158 in
3447 3121 3648 3176 oppor-

2073 3204 2204 3246 Iuno
2238 3193 2358 3246 loco
2383 3207 2470 3246 me
2499 3192 2856 3255 conveniens,
2894 3207 2959 3246 ac
2985 3193 3254 3260 salutans,
3281 3195 3418 3248 dixit
3452 3212 3465 3248 :
3496 3195 3648 3251 Jam-

2069 3284 2163 3338 diu
2203 3292 2253 3338 te
2278 3298 2534 3354 sequens,
2572 3292 2627 3338 et
2675 3284 2876 3352 alloqui
2925 3285 3171 3354 cupiens,
3208 3289 3432 3341 verebar
3461 3304 3526 3343 ne
3561 3305 3648 3346 me

2071 3384 2333 3445 tanquam
2363 3376 2645 3430 curiosum
2690 3391 2832 3445 tegre
2879 3374 3052 3430 ferres
3084 3394 3097 3430 :
3127 3393 3274 3432 nunc
3312 3389 3492 3434 autem
3525 3399 3648 3451 qua:

2069 3465 2207 3520 mihi
2243 3481 2371 3520 vera
2402 3465 2674 3530 videntur,
2717 3465 2762 3518 si
2791 3465 2896 3532 vis,
2932 3467 3170 3536 profero.
3198 3467 3264 3521 Et
3286 3483 3386 3540 ego
3421 3485 3647 3540 respon-

2068 3556 2124 3610 di
2155 3574 2168 3611 :
2204 3555 2475 3626 Eloquere
2506 3556 2666 3611 nobis
2692 3557 2839 3626 quod
2867 3557 2964 3612 tibi
2995 3557 3211 3612 videtur
3240 3573 3362 3614 esse
3397 3560 3598 3616 bonum
3627 3581 3642 3629 ;

2067 3658 2124 3706 et
2151 3650 2502 3705 laudabimus
2542 3657 2612 3714 te,
2648 3649 2772 3704 licet
2797 3665 2984 3706 revera
3016 3653 3161 3723 quod
3185 3653 3409 3720 dixeris,
3439 3655 3642 3710 bonum

2068 3759 2178 3799 non
2210 3743 2409 3811 fuerit;
2443 3743 2702 3813 quoniam
2751 3744 3004 3814 prudenti
3061 3747 3314 3813 consilio,
3362 3764 3473 3803 rem
3521 3764 3646 3820 qute

2066 3836 2164 3892 tibi
2193 3838 2307 3891 visa
2338 3845 2422 3891 est
2451 3837 2616 3903 bona,
2647 3836 2887 3893 volueris
2918 3839 3190 3910 proloqui.

2085 4029 2096 4035 ‘
2134 4015 2295 4072 CXII.
2339 4015 2478 4071 Tum
2532 4033 2695 4072 senex
2752 4018 2825 4073 ita
2890 4019 3040 4074 etl‘ari
3112 4023 3275 4092 C(Bpil
3309 4039 3322 4078 :
3355 4022 3478 4079 Vidi
3524 4040 3642 4092 vos,

2065 4119 2354 4180 postquam
2387 4111 2439 4164 in
2469 4109 2606 4164 mari
2635 4110 2927 4178 lavissetis,
2954 4113 3020 4167 ad
3053 4116 3326 4170 occultum
3351 4117 3526 4172 locum
3554 4135 3643 4173 se-

2067 4203 2301 4259 cessisse
2334 4202 2506 4270 ;adii,
2552 4203 2692 4258 clam
2743 4204 3058 4273 speculatus
3117 4221 3240 4261 sum
3289 4209 3547 4278 quidnam
3591 4211 3643 4265 in

2067 4296 2252 4349 abdito
2279 4294 2558 4366 ageretis:
2592 4309 2828 4354 cumque
2874 4311 2972 4350 vos
3011 4310 3233 4354 orantes
3286 4301 3642 4370 aspexissem,

2067 4387 2269 4444 secessi
2302 4406 2316 4456 ;
2347 4397 2401 4442 et
2431 4389 2598 4443 vestri
2650 4389 2931 4457 misertus,
2977 4394 3310 4463 exspectavi,
3339 4403 3398 4448 ut
3422 4410 3645 4465 persua-

2068 4481 2253 4536 derem
2300 4497 2368 4536 ne
2417 4479 2702 4536 fallamini.
2736 4478 2926 4553 Neque
2971 4483 3121 4538 enim
3169 4484 3311 4542 Deus
3334 4496 3438 4553 est,
3469 4503 3644 4555 neque

2069 4571 2418 4629 Providentia
2453 4591 2466 4628 :
2500 4574 2592 4628 sed
2625 4574 2806 4644 genesi
2838 4583 3036 4630 cuncta
3083 4577 3367 4648 subjacent
3406 4594 3642 4649 ;quem-

2069 4666 2363 4722 admodum
2401 4667 2561 4723 exiis
2585 4683 2708 4740 quae
2756 4668 2888 4724 mihi
2933 4671 3270 4739 acciderunt,
3314 4675 3471 4743 plene
3517 4691 3643 4746 per-

2070 4772 2268 4814 suasus
2305 4773 2424 4812 sum
2454 4801 2468 4824 ,
2501 4759 2824 4829 jampridem
2863 4762 3153 4817 mathesim
3193 4763 3481 4834 diligenter
3511 4766 3640 4820 edo-

2067 4853 2214 4906 ctu’é.
2236 4847 2314 4904 Ne
2337 4866 2468 4920 ergo
2493 4851 2698 4907 fallaris
2729 4875 2738 4907 :
2771 4853 2886 4908 sive
2905 4853 3050 4908 enim
3073 4855 3333 4923 preceris,
3363 4857 3478 4912 sive
3508 4872 3640 4924 non,

2066 4957 2128 4999 ea
2157 4957 2280 5013 quae
2326 4953 2480 4997 ortus
2541 4944 2836 5013 portendit,
2889 4947 3198 5003 necessario
3239 4949 3489 5004 accident
3518 4950 3637 5004 tibi.

2066 5031 2202 5088 Nam
2259 5033 2304 5089 si
2335 5049 2522 5104 preces
2566 5045 2788 5104 possent
2833 5036 3059 5108 aliquid,
3081 5048 3206 5102 .aut
3255 5040 3396 5095 bona
3449 5055 3635 5110 opera,

2065 5129 2183 5199 ipse
2208 5129 2346 5182 inter
2393 5129 2661 5198 primores
2687 5144 2884 5186 essem.
2911 5131 2991 5186 Ac
3017 5148 3184 5202 nunc,
3225 5134 3329 5192 nisi
3364 5145 3414 5191 te
3441 5136 3640 5204 decipit

1650 5234 1885 5325 VARUE
1925 5269 2326 5326 LECTIONES.

448 5422 494 5509 ξ’
507 5421 768 5512 ἑξκθόντες,
787 5410 1043 5512 Bap-riget
1075 5429 1244 5512 αὐτῂν
1263 5427 1598 5512 δυνηθῶμεν.
1630 5428 1785 5512 Πλὴν
1809 5430 1902 5512 ἐπὶ
1930 5437 2038 5512 τῶν
2065 5437 2334 5512 αἰγιαλῶν
2364 5439 2695 5512 γενομένων.
2771 5441 2814 5474 ⁸¹
2849 5440 3000 5497 deest
3034 5441 3087 5497 in
3110 5443 3184 5498 al.
3252 5445 3381 5499 "al.
3408 5443 3458 5498 οί
3480 5446 3633 5499 ἀδελ-

381 5496 473 5564 φοί
488 5495 597 5547 τῶν
621 5511 677 5564 γ.
711 5514 744 5568 χ
789 5495 895 5552 καὶ
921 5498 1067 5552 ἄλλοι
1099 5495 1241 5562 τινες
1275 5495 1433 5569 ὑπεχ.
1481 5495 1556 5530 ’⁸³
1595 5501 1643 5554 al

398 5563 542 5618 Ἑλθ.
601 5566 647 5596 ⁸³
685 5573 757 5618 al.
787 5569 887 5618 ek.
947 5569 990 5599 ⁸⁸
1020 5569 1294 5618 ³1.ὲλθεῖν.
1388 5569 1435 5602 ⁵⁸
1460 5570 1531 5618 al-
1572 5571 1647 5618 διε

528 5605 542 5620 .
601 5569 887 5640 ’δριμείῃ
947 5569 1294 5640 ⁸-⁸α1.ὲλθείν.
1388 5569 1435 5602 ⁵⁸
1460 5570 1532 5625 al.
1572 5569 1780 5640 διελεγό

384 5635 428 5665 ⁸⁸
459 5647 533 5690 ai.
575 5636 860 5701 καθεσθεὶς
884 5638 996 5691 καί.
1095 5640 1137 5671 ⁶¹
1186 5641 1337 5696 deest
1363 5641 1414 5694 in
1447 5641 1519 5696 al.

382 5705 427 5736 “
450 5705 520 5758 al.
566 5704 883 5758 Βουλόμενος
912 5710 1074 5758 ὁρῶν.
1150 5710 1195 5742 ⁸⁸
1235 5712 1304 5758 al.
1345 5711 1519 5758 εἰσελθ

801 5498 895 5601 καὶ
921 5498 1068 5601 άὲλοξ
1275 5501 1435 5601 ιδπεὲᾇ
1483 5498 1673 5601 ’1⁸³³31ζ
1703 5498 1966 5601 xilstiga;
1993 5498 2200 5601 6‘38?th
2229 5526 2288 5592 τε
2325 5498 2514 5601 μόνοιέ
2518 5513 2649 5582 ἡμῖν
2673 5530 2798 5601 σκτ.
2835 5513 3130 5601 καὶταίς
3156 5515 3348 5579 αὐταῖς
3366 5518 3630 5584 γυναιξίν.

1785 5573 1945 5652 μεθα.
2003 5574 2057 5652 ,⁸⁷
2076 5573 2229 5652 deest
2253 5579 2304 5634 in
2326 5573 2404 5634 al.
2469 5573 2599 5652 '35:.
2633 5583 2759 5637 add.
2792 5573 2988 5652 αὖτῆς.
3049 5573 3444 5642 ⁸⁹Ῐιτεοι1υέυήι
3475 5573 3633 5644 ἰιιὶιιο

1619 5643 1664 5674 ⁶¹
1691 5644 1844 5698 deest
1881 5647 1935 5700 in
1968 5647 2038 5702 al.
2118 5649 2252 5704 “al.
2296 5666 2441 5702 συνει

2448 5651 2857 5728 21123229161114.
2913 5651 3099 5728 _al.
3158 5657 3364 5720 ἑαυτὸν,
3396 5675 3630 5728 προκατ.

565 5704 892 5800 ἓτέυξάμενεῖ
912 5710 1074 5800 69:93-
1114 5710 1195 5800 ,δῖ
1235 5712 1304 5763 ιιι·
1345 5710 1694 5800 εξῖελρόντεςο
1729 5708 1908 5800 sicut
1947 5717 1990 5754 οτ
2021 5718 2173 5800 deest
2209 5721 2260 5800 i_n
2293 5721 2362 5773 al.
2397 5790 2408 5800 _
2443 5704 2594 5800 ’δ”-³1.
2634 5704 2856 5800 ebuli:
2908 5724 2952 5800 τ’
2976 5704 3631 5800 ali—x9555;5333;}:

383 5768 430 5806 ⁷⁸
469 5775 542 5832 al.
565 5768 807 5842 ’ἐλεήσας
838 5768 916 5836 δέ.
948 5768 959 5780 ’
995 5781 1035 5811 ⁷¹
1078 5781 1148 5835 al.
1182 5779 1345 5837 inser.
1379 5781 1579 5848 ἐξιοῦσι
1613 5768 2171 5860 «προσοιιιλήσιιιςῗ⁷Ῠῆ
2198 5790 2348 5846 deest
2397 5790 2448 5843 in
2483 5768 2576 5846 al“:
2633 5794 2677 5824 ⁷³
2717 5768 3269 5866 ει.”ἀνάγ›ῖῆν”ἑ’)ξεῖξξ
