4032 6146
358 316 461 372 553

1167 309 1628 369 CLEMENTINA.
1663 341 1731 351 ——
1772 295 2079 373 ΕΡΙΤΟΜΕ
2116 299 2206 362 DE
2241 307 2484 364 GESTIS
2521 309 2580 365 3.
2621 308 2848 366 PETRI.

3514 315 3615 370 554

359 439 480 511 μεῖν
501 434 613 508 γάρ
635 435 772 500 ἐστι,
790 433 851 488 τὺ
873 433 1054 503 λέγειν
1070 435 1281 504 γενέσει
1307 435 1623 490 ὑποκεῖσθαι
1645 435 1714 488 τὰ
1736 435 1924 496 πάντα,

2045 430 2237 488 ledicta
2259 441 2315 487 et
2339 433 2707 503 blasphemias
2725 434 3066 504 conjiciunt?
3086 434 3391 507 Respondit
3413 449 3611 490 senex:

357 527 552 598 κάγὼ¹
590 527 728 600 πρὸς
767 528 953 582 αὐτόν·
1003 529 1114 581 Καὶ
1149 527 1314 581 πάνυ.
1351 528 1413 580 Εἰ
1439 527 1548 600 γὰρ
1570 529 1593 558 ¹
1623 527 1719 582 καὶ
1761 527 1932 579 πᾶσαι

355 623 547 677 αἰτῶν
575 615 877 694 ἀνθρώπων
917 621 1186 692 ἁμαρτίαι
1218 621 1314 674 καὶ
1347 620 1592 674 ἀσέϐειαι
1634 622 1729 675 καὶ
1773 621 1934 676 ἀσέλ-
1975 644 1986 658 ~

354 733 502 784 γειαι
545 715 603 781 ἐξ
649 713 928 785 ἀστέρων.
957 711 1033 776 ὡς
1059 714 1122 766 σὺ
1158 713 1294 785 φὴς,
1320 714 1588 782 γίνονται·
1625 714 1685 768 τὸ
1713 703 1778 769 δὲ’
1809 714 1936 779 τοὺς

357 808 593 879 ἀστέρας
615 806 788 861 ταῦτα
807 805 828 837 ³
854 809 1026 859 ποιεῖν
1056 806 1162 860 ὑπὸ
1184 807 1319 861 Θεοῦ
1342 808 1600 862 τέτακται
1616 807 1658 870 ⁸,
1686 807 1773 861 ἵνα
1798 807 1936 860 πάν-

356 917 464 953 των
505 899 752 970 χαλεπῶν
793 895 1204 952 ἀποτελεστικοί
1243 903 1508 969 γένωνται
1531 940 1544 963 ,
1604 900 1660 952 αἱ
1719 898 1935 952 πάντων

355 991 661 1062 ἀμαρτίαι¹
707 991 923 1053 πάντως
962 989 1070 1062 ἄρα
1111 988 1205 1044 καὶ
1247 992 1325 1054 εἰς
1369 991 1528 1045 αὑτὸν
1573 989 1934 1061 ἀναφέρονται

352 1088 447 1142 τὸν
473 1087 572 1160 τὴν
597 1088 812 1158 γένεσιν
836 1087 1057 1140 ἐνθέντα
1079 1088 1100 1118 θ
1123 1089 1236 1150 τοῖς
1263 1087 1502 1158 ἄστροις.

420 1261 587 1316 CXV.
618 1263 728 1316 Καὶ
754 1265 782 1317 ό
809 1262 987 1335 γέρων
1023 1265 1075 1297 ⁸·
1109 1263 1382 1335 Ἀληθῶςθ
1426 1263 1590 1335 ἔφης·
1626 1263 1763 1319 ἀλλά
1785 1264 1934 1339 πάσῃ

350 1372 449 1409 σου
488 1357 553 1426 τῇ
583 1355 957 1427 ἀπαραϐλήτῳ
983 1356 1314 1429 ἀποδείξειή
1348 1357 1454 1429 ἐμὴ
1490 1357 1772 1428 ἐμποδίζει
1809 1375 1934 1411 συν-

349 1446 581 1517 είδησις.
641 1442 780 1514 Ἐγὼ
806 1443 914 1516 γὰρ
941 1445 1265 1518 ἀστρολόγος
1292 1445 1387 1511 ὢν,
1419 1446 1514 1499 καὶ
1548 1446 1765 1520 Ῥώμην
1792 1448 1936 1520 πρῶ-

348 1557 445 1593 τον
469 1539 694 1611 οἰκήσας
720 1539 783 1602 ιθ,
823 1533 943 1593 εἶτα
979 1539 1255 1609 φιλιωθείς
1281 1557 1386 1594 τινι
1414 1540 1553 1613 πρὸς
1584 1540 1776 1610 γένους
1818 1541 1932 1596 ὄντι

349 1629 656 1701 Καίσαρος,
708 1627 873 1682 αὑτοῦ
899 1645 958 1681 τε
987 1630 1081 1682 καὶ
1105 1630 1204 1701 τῆς
1243 1630 1475 1702 συμϐίου
1520 1630 1620 1703 τὴν
1649 1629 1863 1699 γένεσιν
1889 1631 1929 1663 ¹¹

352 1718 600 1790 ἀκριϐῶς
639 1719 978 1791 ἠπιστάμην,
1025 1720 1119 1773 καὶ
1163 1721 1456 1794 ιστορήσας
1496 1720 1806 1784 ἀκολούθως
1833 1719 1934 1785 τὰς

2037 522 2283 590 Scilicet,
2317 523 2370 578 id
2399 534 2483 580 est
2508 525 2795 580 maledicta
2828 525 3100 595 conferre,
3135 529 3320 583 dicere
3348 528 3616 598 geniturae

2037 617 2232 686 subjici
2280 617 2572 672 universa?
2601 614 2740 673 Tum
2772 632 2875 688 ego
2917 618 2983 673 ad
3029 633 3156 674 eum
3188 617 3465 675 :Omnino
3507 627 3613 675 est.

2036 705 2171 762 Nam
2219 708 2268 764 si
2313 723 2508 764 omnes
2539 709 2824 763 hominum
2855 724 3097 775 errores,
3126 721 3181 765 et
3209 711 3536 780 impietates.
3562 720 3618 766 et

2037 799 2413 870 impudicitiae,
2433 816 2499 854 ex
2526 800 2722 863 stellis,
2738 802 3201 870 quemadmodum
3229 811 3283 856 ιιι
3304 802 3406 867 ais,
3429 802 3620 856 oriun-

2039 899 2156 960 tur;
2193 902 2253 947 ut
2282 903 2465 949 autem
2495 908 2559 948 ea
2592 892 2796 948 faciant
2825 894 3013 961 stellae,
3046 910 3075 948 a
3111 893 3222 949 Deo
3249 895 3612 950 constitutum

2037 985 2161 1050 fuit,
2194 1001 2305 1055 quo
2355 994 2683 1040 cunctorum
2737 985 3070 1057 ﬂagitiorum
3121 987 3421 1044 effectrices
3467 987 3607 1054 sint;

2036 1078 2284 1132 omnium
2317 1086 2465 1133 certe
2503 1077 2702 1132 delicta
2734 1078 2801 1132 ad
2833 1094 2959 1133 eum
3004 1079 3233 1134 omnino
3275 1079 3612 1146 referuntur,

2035 1172 2129 1242 qui
2158 1171 2212 1226 in
2242 1171 2406 1226 astris
2430 1170 2677 1242 posuerit
2712 1171 2977 1241 genesim.

2105 1261 2268 1318 CXV.
2311 1265 2332 1296 "
2362 1262 2427 1319 Et.
2461 1278 2629 1319 senex
2661 1282 2676 1318 :
2715 1260 2914 1319 Verum
2948 1266 3062 1332 ais;
3089 1266 3181 1321 sed
3212 1265 3362 1320 omni
3393 1273 3500 1321 tuae
3524 1265 3615 1320 in-

2035 1354 2398 1425 comparabili
2442 1354 2904 1410 demonstrationi
2944 1371 3065 1412 mea
3105 1357 3287 1413 obstat
3327 1357 3611 1414 conscien-

2035 1447 2131 1502 tia.
2159 1445 2274 1516 Ego
2303 1446 2474 1513 enim,
2522 1447 2619 1517 qui
2667 1448 2976 1518 astrologus
3022 1463 3165 1510 sum,
3199 1456 3253 1503 et
3287 1447 3472 1503 Romae
3503 1447 3616 1518 pri-

2037 1555 2187 1594 mum
2230 1538 2498 1605 habitavi,
2539 1546 2729 1608 postea
2758 1539 2970 1595 amicus
3001 1539 3178 1596 lactus
3201 1540 3485 1609 cujusdam
3517 1539 3626 1609 qui

2033 1640 2152 1686 erat
2196 1646 2263 1686 cx
2309 1644 2509 1701 genere
2538 1630 2798 1698 Caesaris,
2832 1632 2937 1686 viri
2971 1631 3119 1688 illius
3159 1633 3458 1704 uxorisque
3488 1633 3612 1704 ejus

2035 1723 2342 1794 genituram
2374 1723 2546 1794 probe
2565 1723 2770 1792 callui;
2799 1740 3038 1796 cumque
3057 1725 3306 1795 viderim,
3340 1742 3428 1782 res
3452 1737 3615 1797 prout

353 1809 585 1883 πράξεις
627 1809 1142 1874 ἀποτελεσθείσαςη
1176 1811 1355 1865 αὐτῶν
1377 1814 1444 1883 τῇ
1472 1810 1705 1880 γενέσει,
1750 1810 1924 1879 λόγοις

2033 1813 2244 1870 ferebat
2275 1831 2471 1870 eorum
2503 1817 2741 1887 genesis,
2793 1818 3078 1882 evenisse,
3125 1819 3257 1874 solis
3287 1819 3466 1874 verbis
3494 1835 3526 1873 a
3561 1827 3614 1876 te

355 1903 540 1974 μόνοις
561 1902 602 1933 ⁸³
629 1903 730 1955 οὐκ
767 1901 875 1973 ἔχω
917 1919 1000 1955 σοι
1047 1901 1349 1957 πείθεσθαι.
1380 1898 1489 1956 Ἦν
1516 1901 1623 1974 γὰρ
1649 1902 1751 1972 τῆς
1777 1901 1928 1970 γενέ-

353 2013 493 2059 σεως
539 1995 722 2058 αὐτοῖς
749 1994 792 2025 ⁸⁵
827 1994 887 2048 τὺ
929 1993 1181 2066 διάθεμα,
1226 1994 1414 2048 ποιοῦν
1446 1994 1743 2066 μοιχάδας,
1783 1993 1928 2047 ἰδίων

349 2086 551 2142 δούλων
579 2085 809 2160 ἐρώσας,
842 2089 936 2141 καὶ
976 2088 1066 2140 ἐπὶ
1107 2083 1264 2157 ξένης
1288 2088 1344 2140 έν
1372 2085 1528 2140 ῦδατι
1555 2086 1894 2156 θνησκούσας
1911 2101 1924 2115 ·

348 2177 380 2231 ὃ
427 2180 519 2232 καὶ
542 2178 584 2210 ¹⁵
631 2177 775 2233 οὕτω
818 2179 1060 2250 γέγονεν.
1119 2177 1443 2249 Ἐρασθεῑσα
1483 2177 1592 2249 γάρ
1640 2177 1735 2230 τοῦ
1795 2177 1927 2230 ἰδίου

350 2271 564 2337 δούλου,
592 2273 689 2326 καὶ
724 2272 816 2326 τὸν
849 2272 1015 2342 ψόγον
1040 2272 1227 2346 φέρειν
1251 2273 1312 2326 οὐ
1335 2273 1604 2345 δυναμένη
1623 2312 1639 2336 ,
1679 2270 1928 2341 φυγοῦσα

347 2363 408 2417 ἐν
432 2366 476 2396 ⁸³
503 2365 800 2437 ἀλλοδαπῇ,
831 2366 924 2420 καὶ
948 2366 1134 2437 κοίτης
1166 2365 1316 2437 αύτῷ
1343 2366 1720 2437 κοινωνήσασα
1738 2404 1754 2429 ,
1785 2363 1928 2418 κατὰ

349 2452 626 2511 θάλασσαν
652 2457 916 2530 διεφθάρη
946 2458 1004 2510 ".

420 2571 605 2627 CXVI.
636 2573 806 2643 Κάγὼ
836 2575 1220 2646 ἀπεκρινάμην
1243 2574 1284 2606 ⁸⁸
1308 2590 1321 2604 ·
1353 2574 1463 2628 Καὶ
1498 2573 1615 2638 πῶς
1637 2573 1678 2606 ¹⁹
1708 2573 1816 2650 ἄρα
1841 2591 1926 2643 γι-

346 2659 581 2726 νώσκεις
606 2663 688 2716 ὅτι
711 2665 743 2733 ἡ
775 2664 1021 2734 φυγοῦσα
1044 2703 1060 2729 ,
1090 2663 1176 2718 ἐπ’
1203 2662 1509 2734 ἀλλοδαπῆς
1530 2663 1796 2736 γενομένη
1832 2664 1925 2720 τὸν

333 2747 534 2805 δοῦλον
553 2752 748 2824 ἔγημε,
777 2755 870 2808 καὶ
893 2755 1120 2826 γήμασι
1145 2753 1462 2825 ἐτελεύτησε
1483 2770 1498 2819 ;
1529 2755 1638 2808 Kal.
1660 2757 1688 2808 ό
1711 2756 1889 2829 γέρων
1905 2775 1919 2788 ·

353 2841 642 2912 ’Δσφαλῶς
680 2841 797 2899 οἴδα
841 2845 1070 2917 τάληθῆ,
1101 2846 1198 2917 οὐχ
1233 2846 1314 2901 ὃτι
1355 2847 1582 2919 ἔγημεν,
1611 2847 1770 2902 ὁπότε
1800 2848 1923 2903 οὐδὲ

335 2932 418 2987 ὅτι
455 2935 562 3006 ἤρα
587 2934 881 3002 ἐγίνωσκον
900 2952 914 2966 ·
940 2935 1076 2990 ἀλλά
1119 2936 1256 3008 μετά
1297 2938 1397 3010 τὴν
1439 2938 1657 3010 ἐκείνης
1675 2939 1722 2971 ⁸⁸
1747 2938 1924 2992 ἀπαλ-

336 3025 520 3098 λαγὴν
553 3028 582 3080 ὁ
621 3027 850 3098 ἀδελφὸς
897 3027 992 3083 τοῦ
1033 3028 1228 3102 ἀνδρὸς
1267 3030 1458 3103 αὐτῆς,
1503 3031 1681 3085 πάντα
1722 3047 1812 3102 μοι
1851 3030 1922 3085 τὰ

2031 1920 2246 1977 nequeo
2291 1908 2630 1978 persuaderi.
2661 1907 2794 1964 Erat
2827 1908 2974 1964 enim
3005 1919 3160 1966 ortus
3187 1909 3434 1966 mulieris
3462 1912 3612 1982 posi-

2029 2007 2181 2066 tura,
2231 2013 2354 2070 quae
2415 1999 2648 2056 efﬁceret
2686 2002 2996 2069 adulteras,
3076 2018 3263 2058 amore
3323 2019 3607 2060 servorum

2028 2106 2256 2146 suorum
2290 2101 2502 2162 captas,
2533 2103 2587 2148 et
2615 2107 2843 2165 peregre
2865 2094 2920 2148 in
2945 2110 3084 2166 aqua
3107 2104 3398 2165 pereuntes
3423 2111 3438 2149 :
3460 2097 3606 2167 quod

2027 2183 2186 2238 et'ita
2221 2184 2468 2254 contigit.
2502 2181 2640 2239 Nam
2670 2201 2794 2256 quae
2823 2201 3043 2241 servum
3096 2201 3258 2242 suum
3308 2187 3607 2258 deperiret,

2029 2290 2130 2330 nec
2163 2273 2306 2331 ferre
2351 2286 2540 2346 posset
2587 2278 2979 2347 opprobrium,
3011 2279 3186 2334 solum
3213 2278 3340 2351 fuga
3368 2291 3604 2347 vertens,

2026 2374 2082 2422 et
2110 2382 2234 2422 cum
2264 2383 2328 2423 eo
2359 2369 2766 2435 concumbcns,
2799 2369 2856 2424 in
2888 2370 3027 2426 mari
3059 2371 3244 2441 periit.

2095 2561 2282 2618 CXVI.
2326 2562 2439 2634 Ego
2489 2563 2751 2634 respondi
2793 2581 2808 2618 :
2863 2561 2931 2618 Et
2976 2579 3218 2634 quonam
3262 2564 3427 2621 modo
3461 2565 3600 2634 scis,

2024 2655 2172 2710 illam
2219 2654 2554 2726 fugientem,
2583 2655 2720 2712 etin
2758 2655 2938 2710 alieno
2983 2655 3102 2711 solo
3151 2657 3384 2726 positam
3442 2674 3604 2713 servo

2025 2749 2301 2818 nupsisse.
2332 2763 2398 2802 ac
2426 2748 2701 2804 interiisse
2732 2757 2856 2818 post
2887 2749 3144 2819 nuptias?
3178 2749 3357 2820 Atque
3391 2766 3597 2808 senex:

1996 2840 2186 2899 ‘Certo
2239 2845 2397 2906 novi,
2448 2859 2638 2899 revera
2689 2860 2798 2900 non
2852 2844 2997 2912 quod
3045 2847 3313 2917 nupserit.
3340 2863 3466 2903 cum
3500 2866 3603 2906 nec

2022 2947 2210 2987 amore
2258 2942 2474 3004 captam
2525 2949 2648 2989 esse
2695 2935 2893 2990 scirem
2925 2953 2940 2990 ;
2968 2951 3156 2990 verum
3190 2948 3477 3017 postquam
3509 2943 3600 2999 illa

2020 3025 2296 3091 discessit,
2332 3026 2500 3083 frater
2534 3029 2638 3083 viri
2670 3029 2792 3099 ejus
2820 3046 3038 3087 omnem
3086 3033 3220 3088 mihi
3266 3034 3415 3091 illius
3439 3051 3598 3093 amo-

335 3119 488 3174 κατά
512 3118 602 3172 τὸν
627 3121 798 3190 αὐτῆς
820 3119 998 3193 ἔρωτα
1024 3121 1340 3194 διηγήσατο,
1374 3121 1469 3176 καὶ
1495 3122 1572 3187 ὡς
1600 3122 1794 3193 σεμνὸς
1820 3122 1918 3189 ὢν,

2026 3133 2141 3172 rem
2175 3119 2486 3186 enarravit;
2512 3120 2657 3190 quod
2689 3120 2827 3190 ipse,
2861 3122 2957 3192 qui
2982 3133 3208 3180 sanctus
3238 3135 3292 3181 et
3333 3127 3599 3184 honestus

337 3213 438 3268 ἅτε
465 3213 528 3284 δὴ
556 3215 650 3268 καὶ
673 3215 918 3284 ἀδελφὸς,
947 3215 1048 3268 οὐκ
1070 3215 1336 3287 ἐϐουλήθη
1366 3217 1552 3287 μιᾶναι
1585 3215 1686 3287 τὴν
1708 3217 1914 3287 κοίτην.

336 3306 453 3360 Καὶ
481 3305 599 3369 πῶς
627 3305 924 3377 βουλομένη
944 3347 959 3371 ,
989 3306 1084 3360 καὶ
1107 3305 1396 3378 αἰδουμένη
1417 3307 1462 3337 ¹¹
1489 3305 1651 3361 πάλιν
1675 3306 1836 3361 αὐτόν
1859 3323 1920 3361 τε

337 3399 437 3452 καὶ
464 3397 556 3451 τὸν
577 3397 744 3467 ψόγον
767 3398 800 3468 ἡ
826 3397 1083 3451 τάλαινα·
1112 3397 1214 3450 οὐκ
1242 3396 1357 3451 ἐστι
1385 3397 1495 3469 γάρ
1513 3398 1683 3469 αὐτὴν
1710 3398 1921 3470 μέμψα-

345 3485 472 3540 σθαι
496 3525 512 3549 ,
562 3485 646 3538 ὃτι
687 3486 751 3538 ἐκ
801 3484 1067 3554 γενέσεως
1118 3484 1292 3539 ταῦτα
1339 3488 1434 3540 καὶ
1483 3487 1712 3558 πάσχειν
1733 3489 1777 3518 ²¹
1827 3489 1921 3542 καὶ

342 3578 520 3630 ποιεῖν
567 3575 938 3646 ἠναγκάζετο·
976 3575 1184 3648 ὄνειρον
1219 3576 1329 3630 εἴτε
1373 3576 1582 3649 ἀληθῆ,
1615 3577 1725 3631 εἴτε
1747 3579 1919 3652 ψευδῆ

341 3668 368 3720 ἰ
381 3667 617 3724 πλάσατο
631 3669 730 3722 οὐκ
745 3667 852 3739 ἔχω
872 3667 1069 3737 λέγειν.
1096 3668 1288 3736 Ἔλεγε
1305 3667 1412 3740 γὰρ
1427 3668 1595 3741 αὐτὴν
1620 3671 1918 3742 εἰρηκέναι,

340 3761 428 3815 ὅτι
472 3761 608 3832 ὄναρ
643 3762 780 3833 αὐτῇ
819 3777 905 3824 τις
943 3759 1170 3824 ἐπιστὰς
1194 3760 1239 3792 ’³
1289 3759 1574 3814 ἐκέλευσεν
1593 3761 1640 3794 ’⁸
1689 3761 1919 3832 ἐξαυτῆς

344 3855 462 3926 ἅμα
482 3855 692 3918 τέκνοις
712 3854 817 3925 τῆς
831 3853 878 3886 ⁸⁸
919 3853 1202 3924 Ῥωμαίων
1225 3853 1451 3926 ἐκϐῆναι
1476 3854 1684 3918 πόλεως
1705 3856 1752 3886 ³⁸
1768 3871 1781 3885 ·
1807 3858 1835 3909 ὁ
1859 3855 1918 3909 δὲ

343 3948 484 4020 ἀνὴρ
512 3946 777 4012 σώζεσθαι
797 3946 1001 4016 ταύτην
1019 3945 1063 3976 ’⁷
1097 3946 1194 3999 σὺν
1217 3950 1332 4010 τοῖς
1365 3947 1501 4010 υἰοῖς
1524 3947 1789 4012 σπεύδων,
1816 3951 1917 4003 αύ-

341 4041 472 4095 τίκα
499 4039 1028 4112 παιδευθησομένους
1068 4039 1267 4103 αὐτοὺς
1307 4040 1388 4104 εἰς
1412 4041 1511 4104 τὰς
1551 4040 1778 4114 Ἀθήνας
1805 4043 1919 4111 ἐξέ-

339 4135 526 4206 πεμψε
566 4134 664 4187 σὺν
707 4132 873 4204 μητρὶ
913 4135 1007 4186 καί
1047 4133 1289 4198 δούλοις·
1320 4136 1504 4206 τρίτον
1545 4137 1604 4190 δὲ
1641 4137 1754 4192 υἱὸν
1777 4137 1918 4208 ἔχων

343 4232 472 4304 παρ’
502 4228 759 4300 έαυτῷ¹⁸,
785 4229 862 4291 ὡς
887 4227 951 4299 δὴ
974 4227 1067 4281 τοῦ
1097 4228 1532 4300 χρηματίσαντος
1559 4232 1617 4283 ὲν
1657 4232 1851 4304 ὀνείρῳ
1872 4235 1916 4266 ³⁸

342 4325 581 4376 συνεῖναι
625 4318 837 4390 αύτῴ⁸⁶
883 4319 1293 4391 ἐπιτρέψαντος.
1347 4320 1550 4374 Πολλοῦ
1604 4323 1914 4395 παρεληλυ-

340 4415 493 4478 θότος
519 4414 710 4486 χρόνου
736 4413 800 4475 ³³,
827 4413 904 4476 ὡς
925 4412 1026 4464 οὐκ
1052 4411 1209 4466 ἔλαϐε
1237 4413 1539 4484 γράμματα
1564 4418 1696 4486 παρ’
1720 4416 1910 4487 αὐτῆς,

338 4508 506 4561 αὐτοῦ
553 4505 810 4568 πολλάκις
850 4503 1162 4575 πέμψαντος
1198 4505 1279 4568 εἰς
1330 4505 1576 4577 Ἀθήνας,
1606 4507 1705 4577 ἐμὲ
1735 4525 1911 4580 παρα-

337 4599 516 4653 λαϐὼν
539 4599 614 4661 ὡς
640 4597 854 4649 πάντων
879 4593 1028 4673 αύτῷ
1059 4593 1428 4664 γνησιώτατον
1472 4594 1630 4660 ὅντα,
1671 4597 1765 4650 ἐπὶ
1811 4599 1911 4670 τὴν

341 4685 569 4760 ζήτησιν
611 4687 778 4758 αὐτῆς
827 4684 1118 4758 ἐπορεύθη.
1151 4685 1330 4738 Πολλά
1367 4686 1466 4757 μὲν
1506 4678 1599 4740 οὖν
1641 4689 1790 4758 αὐτῷ
1817 4692 1912 4744 καὶ

341 4780 483 4833 κατὰ
533 4779 632 4850 τὴν
673 4777 978 4849 ἀποδημίαν
1022 4775 1352 4848 συνέκαμνον
1375 4777 1421 4809 ³’
1460 4779 1781 4851 προθύμως,
1816 4800 1912 4853 με-

346 4871 618 4944 ανημένος
647 4872 729 4923 ὅτι
751 4869 852 4940 τῆς
880 4868 1046 4922 πάλαι
1075 4867 1239 4922 αὑτοῦ
1276 4869 1621 4940 εὐδαιμονίας
1659 4873 1912 4926 κοινωνόν

344 4981 412 5030 με
459 4964 676 5018 πάντων
697 4961 742 4993 ³⁸
783 4959 959 5031 εἶχεν,
1008 4960 1149 5030 ὑπὲρ
1199 4960 1408 5024 πάντας
1451 4961 1618 5015 αὑτοῦ
1675 4980 1742 5033 με
1785 4965 1912 5026 τοὺς

2022 3216 2160 3272 erat,
2189 3215 2376 3277 utpote
2404 3209 2571 3263 etiam
2606 3208 2797 3276 frater,
2824 3213 3061 3268 noluerit
3084 3223 3263 3271 torum
3289 3219 3597 3287 maculare;

2022 3309 2216 3370 etquo
2261 3301 2423 3356 modo
2457 3301 2668 3368 volens,
2700 3320 2767 3360 ac
2811 3321 3006 3362 rursus
3036 3307 3214 3377 ipsum
3245 3321 3409 3380 atque
3433 3311 3599 3368 dede-

2022 3406 2120 3446 cus
2148 3395 2340 3459 verita,
2374 3392 2463 3448 illa
2495 3391 2685 3448 infelix
2718 3394 2852 3465 (non
2881 3397 3028 3452 enim
3066 3398 3274 3453 licitum
3323 3410 3408 3456 est
3440 3405 3596 3472 queri

2021 3483 2091 3540 de
2129 3500 2228 3549 ea,
2260 3486 2521 3556 quoniam
2573 3502 2639 3541 ex
2688 3488 2857 3542 natali
2914 3491 3030 3546 haec
3075 3506 3200 3548 cum
3255 3491 3433 3550 facere
3481 3505 3596 3552 tum

2022 3579 2230 3647 perpeti
2258 3578 2606 3649 cogebatur),
2640 3580 2918 3635 somnium
2950 3582 3168 3638 finxerit
3193 3601 3210 3650 ;
3236 3601 3498 3643 verumne
3525 3605 3610 3646 an.

2023 3669 2245 3735 falsum,
2288 3687 2396 3725 non
2430 3671 2604 3727 habeo
2633 3672 2833 3728 dicere.
2881 3673 3070 3730 Aiebat
3101 3677 3369 3746 siquidem
3421 3681 3593 3750 ipsam

2021 3762 2232 3818 dixisse
2270 3762 2418 3833 quod
2465 3764 2520 3818 in
2565 3763 2774 3820 somnis
2837 3766 3058 3834 quidam
3101 3768 3203 3822 sibi
3247 3771 3449 3838 astitit,
3501 3775 3594 3844 qui

2020 3868 2139 3908 eam
2155 3853 2334 3933 jussit
2368 3870 2492 3910 cum
2532 3855 2719 3910 liberis
2744 3855 2893 3911 illico
2921 3858 3055 3913 urbe
3083 3857 3252 3915 Roma
3283 3864 3546 3922 excedere
3578 3884 3593 3920 :

2020 3953 2078 3999 at
2110 3945 2192 3999 vir
2221 3945 2369 4000 illam
2397 3963 2520 4002 cum
2549 3947 3026 4004 ﬁliisincolumem
3053 3952 3285 4008 evadere
3316 3964 3594 4026 satagens,

2021 4037 2311 4094 confestim
2360 4054 2455 4094 eos
2493 4040 2824 4097 erudiendos
2873 4043 3111 4098 Athenas
3141 4045 3290 4101 misit
3327 4062 3451 4103 cum
3479 4065 3595 4105 Ina—

2022 4138 2103 4183 tre
2129 4140 2182 4184 et
2210 4131 2418 4195 servis;
2474 4131 2696 4186 tertium
2728 4147 2858 4187 vero
2885 4134 3056 4188 lilium
3088 4136 3313 4192 retinuit
3343 4140 3485 4209 apud
3512 4156 3590 4201 se.

2020 4224 2150 4293 quia
2181 4223 2274 4294 qui
2303 4239 2400 4294 per
2429 4225 2707 4279 somnium
2741 4225 2989 4283 ediderat
3017 4231 3326 4296 oraculum,
3358 4249 3483 4289 cum
3525 4251 3592 4290 eo

2023 4330 2243 4370 manere
2286 4317 2634 4386 permiserat.
2667 4317 2839 4374 Multo
2870 4330 3052 4375 autem
3093 4323 3280 4393 elapso
3328 4333 3590 4396 tempore,

2019 4409 2173 4464 utab
2197 4423 2262 4463 ea
2304 4409 2514 4464 litteras
2560 4425 2670 4464 non
2699 4413 2932 4482 accepit,
2964 4428 3201 4484 cumque
3241 4431 3384 4486 sape
3425 4417 3592 4473 Athe-

2018 4518 2118 4556 nas
2153 4502 2433 4570 misisset;
2465 4515 2751 4574 assumpto
2778 4520 2885 4572 me,
2919 4506 3012 4577 qui
3040 4507 3090 4561 ei
3122 4509 3368 4563 omnium
3411 4526 3586 4566 essent

2019 4595 2511 4664 eottjunctissimus
2539 4612 2604 4651 ac
2625 4596 2946 4666 ﬁdissimus,
2976 4598 3043 4654 ad
3064 4603 3409 4670 quaerendam
3441 4605 3586 4661 illam

2018 4687 2297 4757 profectus
2331 4697 2437 4742 est.
2473 4687 2673 4744 Multos
2717 4688 2970 4759 equidem
3005 4707 3128 4746 cum
3170 4692 3288 4762 ipso
3333 4695 3388 4749 in
3437 4712 3591 4765 pere-

2021 4780 2333 4849 grinatione
2367 4781 2580 4836 labores
2622 4782 2876 4837 alacriter
2921 4783 3044 4848 tuli,
3088 4799 3296 4838 memor
3341 4787 3487 4856 quod
3533 4788 3586 4842 in

2020 4871 2199 4941 prisca
2228 4888 2326 4927 sua
2366 4871 2622 4928 felicitate
2652 4890 2738 4928 me
2767 4873 3010 4927 omnium
3045 4874 3324 4930 habuisset
3350 4880 3585 4948 socium,

2022 4979 2087 5020 ac
2123 4980 2287 5036 supra
2325 4979 2519 5020 omnes
2567 4967 2776 5021 amicos
2825 4965 3126 5024 dilexisset.
3182 4966 3366 5038 Itaque
3411 4968 3583 5026 Roma

1621 5137 1852 5194 VARI/8
1893 5137 2291 5193 LECTIUNES.

315 5244 318 5246 Ὺ
397 5266 414 5296 ¹
471 5260 542 5316 al.
591 5257 999 5330 ἀπεκρινάμην1
1045 5253 1177 5330 λιιι.
1207 5252 1361 5330 deest
1395 5267 1448 5304 ιιι
1481 5253 1552 5306 al.
1607 5255 1654 5288 "
1687 5258 1941 5330 γίνρνται·
1977 5254 2105 5330 sane:
2129 5254 2360 5330 ἀστέρες
2379 5253 2637 5330 cariem:
2672 5257 2744 5310 al.
2774 5256 2942 5330 ὲτάγη

2949 5275 3065 5334 σαν.
3105 5262 3165 5334 __'
3205 5262 3277 5316 al.
3310 5263 3574 5334 ἁμαρτίαι

338 5331 447 5418 εἰς..
475 5314 624 5413 ἶβι.
666 5314 825 5418 θέντα
857 5314 938 5383 ἐνί
976 5314 1322 5418 ".lementz,
1349 5323 1495 5418 hom.
1517 5339 1648 5418 'x‘tv;
1813 5365 1828 5390 ,
1859 5333 1968 5418 e‘tc.
2012 5314 2414 5418 Ilfcagnzﬁlatx
2437 5367 2465 5412 ι
2483 5343 2537 5382 c.
2577 5326 2678 5396 52η
2699 5336 2807 5418 etc;
2883 5314 3180 5418 ἥλωκέ.
3210 5314 3574 5418 ἀπεκρίνατο.

339 5401 361 5432 ⁹
399 5404 470 5456 al.
522 5401 690 5455 inser.
749 5397 908 5468 μέγα.

1015 5397 1060 5429 ¹⁶
1097 5395 1251 5450 deest
1283 5394 1335 5446 in
1367 5393 1438 5448 al.
1517 5394 1555 5424 “
1598 5394 1750 5449 deest
1773 5394 1825 5449 in
1855 5395 1928 5450 al.

2041 5396 2082 5425 ¹²
2116 5395 2188 5475 ai.
2231 5396 2396 5450 inser.
2440 5395 2609 5475 ἔργῳ,
2638 5395 2721 5475 σοὶ
2753 5397 2896 5475 λόγω
2926 5399 3216 5475 πείθεσθαι
3240 5403 3301 5475 οὐ
3320 5395 3578 5475 δύναμαι.

343 5471 385 5502 ³³
411 5473 487 5546 al.
533 5470 710 5546 μόνον.
750 5463 800 5505 ῖδ
831 5463 903 5546 ιιι2
944 5465 1221 5546 $6139.“
1243 5463 1492 5546 οἰκόθεὲ
1531 5463 1584 5518 ἰιι
1618 5465 1689 5546 al;
1755 5465 1802 5546 ξ’
1839 5466 1910 5546 al.
1957 5465 2031 5546 μῂ
2067 5463 2602 5546 φέρουσα-φυγοῦσα
2635 5469 2732 5546 σὺν
2962 5471 3058 5546 ἐνη
3105 5473 3145 5546 [⁷
3171 5463 3578 5546 σμύρμήσξισα,

340 5544 432 5612 καὶ
454 5532 825 5612 κοινωνήσασα
847 5532 1280 5612 αρτᾧ,-θάλάσσῃ
1310 5532 1597 5612 διερθάρη.
1619 5535 1681 5612 _“'
1712 5534 1792 5612 _al.
1820 5532 1973 5612 deest
2080 5532 2152 5588 al.

2235 5537 2277 5567 ¹⁹
2296 5537 2374 5612 al._
2410 5538 2560 5593 det-st
2589 5538 2643 5612 in
2673 5539 2747 5612 al.
2812 5537 3190 5612 ²⁰⁷ιιΙ...αύτῆς.
3235 5537 3581 5602 ³³ἐῖ1ίόεεεί

341 5594 510 5683 nisi.
551 5615 600 5683 ’ξ
631 5594 700 5666 ai.
744 5609 915 5683 ποιεῖν
949 5594 1041 5683 δὶᾴί
1066 5594 1340 5683 πάσχςεξῖιη
1399 5594 1444 5683 ί]
1498 5594 1677 5683 abdi;
1705 5605 1892 5683 ότιέν
1916 5604 2150 5683 ὁράματι
2184 5606 2411 5683 ἐπιστάς
2434 5624 2539 5671 τις.
2617 5610 2757 5683 ’}_al._
2799 5594 3038 5680 pnepmt.
3092 5594 3204 5683 μίᾶί.
3275 5594 3578 5683 "inf-Ii;

341 5681 386 5710 “
411 5684 479 5734 al.
523 5681 696 5734 πόλιν.
769 5680 812 5712 ³⁷
840 5680 912 5732 al.
951 5677 1138 5747 αὑτήν.

341 5752 530 5821 χρόνον
563 5749 878 5812 διελθόντος.

581 5844 846 5904 l’arnOL.
883 5841 1001 5903 Gn.
1041 5843 1090 5902 ll

1215 5676 1259 5707 ²⁰
1294 5675 1364 5729 al.
1407 5675 1718 5746 ἐσχεξπαμ
1753 5675 1922 5746 αὐτῷ.

2003 5677 2048 5706 ³³
2085 5678 2155 5730 al.
2211 5676 2533 5749 κατ’.ὗναρ.

956 5749 999 5780 ³¹
1029 5745 1101 5801 al.
1139 5746 1460 5801 συνέκαμον.
1543 5745 1703 5805 ".al.
1755 5745 1994 5811 πάντως.

2633 5679 2678 5710 ³ο
2711 5657 2829 5736 al.r
2859 5657 3020 5736 «5sz
3053 5657 3222 5755 ἀετῷ.
3329 5687 3367 5717 ⁹¹
3405 5687 3478 5746 al.
3509 5657 3584 5751 ’δὴ

3190 5851 3264 5910 18
