4066 6140
358 295 459 349 557

1119 286 1604 341 'CLEMENTINA.
1638 317 1706 326 -——
1745 285 2044 340 ΕΡΠΟΜΕ
2083 287 2172 342 DE
2209 286 2453 342 CESTIS
2491 289 2546 342 S.
2589 287 2810 342 PETRI.

3491 287 3593 342 558

354 404 568 476 πατὴρς
601 403 658 457 ’0
681 400 758 461 δὲ.
801 400 937 469 Ἐγώ
960 403 1094 473 εἰμι,
1122 404 1242 474 ἔφη.
1276 404 1383 456 Καὶ
1404 406 1432 456 6
1458 403 1678 474 Πέτρος·
1701 404 1820 465 Πῶς
1838 399 1919 456 οὖν

2034 420 2160 456 vero
2211 405 2284 456 ait
2324 421 2336 455 :
2374 403 2482 472 Ego
2530 417 2672 457 sum.
2711 403 2774 456 Et.
2823 404 3054 458 Petrus:
3087 403 3266 470 Quare
3307 415 3434 472 erg)
3468 409 3590 455 tuus

354 512 442 566 μοι
469 493 596 556 τοὺς
639 493 864 547 σεαυτοῦ
892 493 956 556 ⁸³,
983 493 1056 557 ὡς
1089 497 1216 566 περὶ
1249 495 1407 550 ἄλλου
1431 497 1675 566 διηγήσω
1708 492 1920 558 πόνους,

351 585 520 640 εἰπὼν
553 586 646 639 καὶ
688 585 865 655 λύπην
897 584 990 638 καὶ
1022 586 1226 655 τάφον;
1263 589 1373 640 Καὶ
1414 589 1442 639 6
1469 587 1648 658 πατὴρ
1695 587 1922 658 ἀπεκρί-

351 695 509 732 νατο·
543 677 816 748 Συγγενὴς
841 679 886 709 ⁸⁸⁵
910 676 986 732 ὢν
1011 679 1306 750 Καίσαρος,
1337 681 1428 733 καὶ
1466 680 1715 748 γενέσθαι
1760 681 1925 734 κατά-

353 784 529 839 φωρος
553 769 598 799 ⁶⁸
623 769 724 822 οὐκ
756 767 975 831 ἐθέλων,
1000 770 1085 821 ἐπ’
1112 769 1254 841 ἄλλῳ
1279 773 1383 824 τινί
1406 773 1504 842 τὴν
1529 771 1785 842 ἐξήγησιν
1811 773 1925 824 ἀνε-

351 857 709 929 τυπωσάμην,
750 858 815 910 ἵν’
847 860 1028 923 αὐτοῖς
1053 861 1097 890 ⁸⁸
1123 861 1270 925 ὅστις
1302 863 1417 933 εἰμὶ
1469 863 1542 934 μὴ
1583 863 1919 931 ἐπιγνωσθῶ.

356 950 540 1022 ’ᾙδειν
582 950 691 1021 γὰρ
731 952 812 1004 ὅτι
866 953 914 1004 εἰ
965 952 1340 1025 ἀναγνώριμος
1379 955 1652 1026 γένωμαι,
1689 956 1738 1007 οἱ
1785 955 1923 1007 κατὰ

351 1041 442 1095 τὸν
473 1042 635 1095 τόπον
668 1042 956 1112 ἡγούμενοι
1002 1044 1174 1097 ταῦτα
1229 1045 1522 1115 μαθόντες,
1575 1047 1925 1100 ἀνακαλέσον-

353 1149 440 1186 ται
462 1133 527 1196 ⁸⁷,
570 1133 810 1204 Καίσαρι
860 1136 1231 1206 κεχαρισμένα
1281 1135 1578 1200 ποιοῦντες,
1606 1137 1651 1169 ⁸⁸
1690 1138 1784 1190 καὶ
1826 1137 1922 1208 τὴν

352 1225 443 1278 τοῦ
477 1225 594 1296 βίου
613 1227 657 1258 ⁸⁸
689 1226 845 1279 πάλιν
871 1227 1212 1298 εὐδαιμονίαν
1241 1246 1330 1299 μοι
1357 1229 1758 1300 περιθήσουσιν,
1787 1232 1922 1301 ὅπερ

353 1318 445 1390 ὅλῃ
487 1319 739 1390 προθέσει
789 1321 1050 1392 πρότερον
1097 1322 1448 1393 ἀπεταξάμην
1473 1323 1538 1385 ⁷ο,
1568 1324 1611 1354 ⁷¹
1645 1322 1772 1375 ἄνευ
1814 1322 1921 1374 τῶν

353 1409 474 1479 ἐμοὶ
508 1411 776 1478 φιλτάτων
806 1412 1009 1466 τέκνων
1044 1413 1414 1467 πολιτεύεσθαι
1447 1415 1480 1484 ἢ
1515 1415 1613 1485 ζῇν
1659 1414 1793 1477 ὅλως
1845 1414 1920 1485 μὴ

353 1499 672 1570 ἀνεχόμενος
683 1541 694 1552 .

419 1612 583 1668 CXX.
619 1614 728 1667 Καὶ
758 1616 786 1667 6
820 1615 1118 1685 Πέτρος⁷²⁶
1174 1615 1356 1668 Ταῦτα
1398 1616 1494 1685 μὲν
1542 1613 1801 1686 ἐποίησας
1847 1616 1922 1679 ὡς

351 1704 672 1760 ἐϐουλεύσω.
696 1706 830 1778 Περὶ
850 1705 906 1758 δὲ
929 1708 1192 1773 γενέσεως
1217 1704 1324 1778 ἆρα
1358 1707 1684 1778 ψευδόμενος
1713 1707 1921 1776 διῖσχυ-

2027 494 2156 546 mihi
2192 493 2424 557 labores,
2469 502 2726 564 tanquam
2761 495 2827 550 de
2865 497 2972 550 alio
3019 494 3305 558 enarrasti,
3348 491 3588 547 referens

2024 595 2076 640 et
2119 585 2360 640 dolorem
2397 594 2450 639 et
2498 586 2822 654 exsequias?
2871 585 3009 640 Tum
3063 596 3214 656 pater
3263 585 3584 656 respondit:

2025 678 2160 731 Cum
2214 693 2390 732 essem
2438 686 2702 748 cognatus
2746 677 3000 742 Cazsaris,
3042 687 3094 732 et
3147 678 3345 732 nollem
3393 677 3584 746 depre-

2028 767 2223 831 hendi,
2256 767 2323 821 de
2371 767 2478 820 alio
2523 768 2759 836 quodam
2800 768 3164 820 narrationem
3211 767 3425 833 emnxi,
3460 777 3516 820 ut.
3555 782 3585 820 a

2025 859 2178 912 vobis
2206 859 2331 928 quis
2372 874 2547 912 essem
2598 875 2703 912 non
2737 875 3081 930 agnoscerer.
3132 858 3378 913 Sciebam
3418 860 3587 923 enim,

2024 949 2167 1016 qliod
2201 948 2245 1002 si
2291 951 2600 1018 recognitus
2633 965 2842 1012 essem,
2874 949 2975 1004 loci
3003 948 3280 1018 praesides,
3311 949 3396 1003 his
3439 965 3588 1003 com-

2026 1038 2213 1107 pertis,
2256 1049 2313 1092 ut
2350 1055 2462 1093 rem
2508 1047 2716 1109 gratam
2754 1039 2953 1094 Cmsari
2989 1039 3257 1104 facerent,
3291 1054 3375 1093 me
3406 1051 3591 1094 essent

2025 1128 2362 1194 revocaturi,
2394 1137 2445 1183 et
2478 1128 2702 1197 pristina
2744 1128 3000 1184 felicitate
3048 1129 3465 1194 circumdaturi;
3499 1130 3586 1183 cui

2028 1226 2136 1270 tota
2179 1217 2481 1272 intentione
2525 1229 2685 1274 antea
2729 1218 3055 1284 renuntiavi,
3099 1223 3217 1272 sine
3246 1217 3587 1272 cliarissimis

2025 1310 2154 1364 mihi
2193 1311 2398 1376 liberis,
2434 1312 2485 1365 iu
2521 1312 2794 1381 republica
2848 1312 3078 1374 versari,
3109 1321 3202 1365 aut
3245 1313 3425 1365 vivere
3469 1327 3588 1365 0m-

2024 1402 2152 1456 nino
2186 1417 2292 1455 non
2328 1404 2624 1456 sustinens.

2092 1601 2256 1656 CXX.
2301 1604 2436 1658 Tum
2484 1603 2717 1659 Petrus:
2753 1603 2877 1659 Haec
2916 1603 3132 1674 quidem
3181 1603 3354 1658 fecisti
3395 1619 3587 1676 quem—

2023 1693 2314 1748 admodum
2351 1695 2572 1764 placuit.
2605 1693 2709 1749 Sed
2741 1695 2806 1750 de
2834 1696 3102 1766 genitura,
3129 1695 3409 1766 lingensne
3442 1696 3585 1750 allir-
3637 1714 3643 1719 ·

353 1793 524 1862 ρίςου,
551 1792 583 1864 ἥ
615 1792 690 1856 ὡς
721 1777 997 1864 ἀληθεύων
1042 1777 1352 1861 ἐϐεϐαίους;
1388 1797 1497 1849 Καὶ
1531 1777 1569 1848 δ
1612 1791 1810 1868 πατήρ·
1846 1797 1919 1850 Οὐ

2026 1783 2242 1850 mabas;
2281 1799 2349 1838 an
2392 1785 2554 1838 veluti
2595 1801 2780 1840 verum
2825 1785 3014 1841 dicens
3045 1787 3346 1842 asserebas.
3383 1787 3450 1842 Et
3489 1803 3586 1858 pa-

348 1883 660 1954 ψεύσομαι,
699 1883 836 1954 ἔφη,
877 1885 1013 1956 πρὸς
1055 1885 1148 1938 σέ⁸
1179 1886 1224 1917 ’³
1253 1886 1329 1951 ὡς
1353 1886 1567 1956 ἀληθῶς
1604 1887 1712 1959 ἄρα
1757 1884 1919 1958 οὔσης

2025 1885 2144 1930 ter:
2174 1874 2293 1930 Non
2326 1876 2578 1942 mentiar,
2627 1877 2834 1947 inquit,
2871 1877 3014 1946 apud
3048 1887 3098 1932 te
3125 1897 3138 1932 :
3169 1888 3426 1949 tanquam
3459 1896 3584 1934 vere

349 1974 613 2042 γενέσεως
666 1974 965 2029 ἐϐεϐαίουν.
991 1976 1037 2006 ⁷⁵
1064 1977 1212 2047 Ἐχω
1258 1977 1367 2050 γὰρ
1397 1978 1496 2032 οὐκ
1537 1979 1797 2049 ἀμυήτως
1825 1977 1919 2031 τοῦ

2023 1967 2094 2022 sit
2133 1969 2368 2039 genesis,
2407 1969 2822 2024 conﬁrmabam.
2853 1966 2970 2024 Non
3001 1969 3143 2024 enim
3174 1971 3326 2025 rudis
3365 1986 3484 2024 sum
3527 1971 3581 2025 in

351 2063 734 2137 θεωρήματοςο
775 2067 913 2140 πλὴν
938 2068 984 2100 ⁷⁸
1019 2068 1154 2122 ἀλλὰ
1184 2070 1278 2122 καὶ
1314 2070 1477 2141 συνῆν
1507 2069 1595 2140 μοί
1624 2086 1708 2132 τις
1732 2070 1919 2141 ἀστρο-

2022 2061 2296 2132 mysteriis
2329 2062 2492 2130 hujus
2516 2061 2855 2131 disciplinae:
2889 2061 2983 2116 sed
3015 2071 3068 2115 et
3096 2077 3307 2116 mecum
3336 2071 3585 2116 Versatus

349 2157 520 2226 λόγων
541 2159 680 2230 ἀνὴρ
713 2159 931 2231 ἀριστος
955 2160 1266 2230 Αἰγύπτιος,
1305 2161 1623 2215 Ἀννουϐίων
1659 2161 1828 2232 ὄνομα
1851 2162 1919 2226 ⁷⁸,

350 2249 498 2312 ὅστις
524 2251 580 2303 ἐν
603 2253 721 2313 ταῖς
743 2251 1080 2322 ἀποδημίαις
1105 2256 1224 2307 κατ’
1249 2255 1420 2326 ἀρχάς
1449 2271 1537 2325 μοι
1559 2253 1831 2323 φιλιωθεὶς
1849 2255 1918 2317 ⁷⁷,

348 2338 439 2392 τὸν
464 2337 566 2409 τῆς
591 2341 728 2410 ἐμῆς
754 2341 982 2413 συμϐίου
1013 2343 1148 2414 μετά
1180 2344 1288 2399 τῶν
1318 2345 1522 2400 τέκνων
1554 2345 1779 2400 θάνατον
1808 2347 1922 2419 ἐδή-

350 2431 462 2483 λου.
491 2431 600 2484 Καὶ
625 2433 652 2484 6
678 2431 883 2503 Πέτρος
903 2434 948 2464 ⁷⁸
971 2451 984 2463 ·
1015 2434 1224 2488 Οὐκοῦν
1261 2434 1406 2508 ἔργῳ
1438 2436 1695 2492 πέπεισαι
1718 2437 1763 2469 ⁷²
1800 2437 1916 2503 νῦν,

350 2523 430 2576 ὅτι
456 2523 517 2575 οὐ
552 2523 846 2594 συνέστηκε
873 2525 942 2579 τὰ
966 2527 1106 2580 κατά
1136 2528 1236 2598 τὴν
1262 2528 1508 2596 γένεσιν;
1545 2531 1654 2584 Kal.
1684 2533 1712 2584 6
1740 2532 1920 2604 πατὴρ

352 2613 712 2685 ἀπεκρίνατο⁹
763 2617 997 2690 Ἀνάγκη
1040 2636 1105 2690 με
1149 2621 1326 2674 πάντα
1353 2620 1422 2674 τά
1463 2621 1554 2674 τὸν
1592 2621 1720 2692 ἐμὸν
1753 2623 1922 2694 ὑπερ-

354 2707 602 2760 ϐαίνοντα
628 2708 750 2761 νοῦν
775 2710 915 2764 κατά
943 2710 1106 2783 μέρος
1129 2713 1380 2766 ἐκθέσθαι
1406 2730 1506 2776 σοι,
1533 2714 1619 2767 ἵνα
1648 2715 1796 2786 παρά
1825 2715 1920 2769 σοῦ

355 2798 512 2850 πάλιν
554 2799 758 2871 τάληθῆ
804 2801 957 2872 μάθω
1008 2803 1101 2856 καὶ
1151 2802 1374 2874 βέϐαια⁸
1429 2805 1595 2858 πολλά
1619 2806 1665 2837 ⁸⁸
1705 2805 1920 2860 πταίειν

352 2883 468 2941 οἴδα
497 2890 624 2952 τοὺς
653 2891 1032 2962 ἀστρολόγους,
1061 2891 1230 2946 πολλά
1251 2894 1293 2926 ³¹
1315 2894 1371 2948 δὲ
1407 2896 1502 2949 καὶ
1531 2896 1632 2966 τῆς
1665 2895 1921 2968 ἀληθείας

352 2978 548 3043 αὐτοὺς
583 2981 918 3049 ἐφικνεῖσθαι
938 2999 951 3011 ·
987 2981 1122 3035 ἀλλὰ
1161 2984 1236 3055 μή
1267 3002 1381 3047 πως
1402 2985 1446 3016 ⁸³
1469 2984 1504 3038 ἆ
1535 2985 1632 3056 μὲν
1663 2986 1921 3058 ἀκριϐοῦ-

356 3087 438 3124 σιν
457 3112 470 3134 ,
499 3071 882 3142 ἀληθεύουσιν·
916 3069 950 3122 δι
981 3074 1040 3128 δὲ
1077 3076 1358 3130 πταίουσιν
1380 3117 1395 3141 ,
1429 3077 1636 3151 ἀμαθίᾳ
1678 3080 1916 3148 πάσχου-

355 3179 471 3216 σιν·
515 3163 590 3226 ὡς
623 3164 866 3218 ὑπονοεῖν
907 3183 1008 3236 με,
1033 3167 1114 3220 -τὸ
1161 3168 1260 3238 μὲν
1303 3167 1529 3240 μάθημα
1565 3170 1917 3232 συνεστάναι,

353 3253 480 3316 τοὺς
511 3253 566 3306 δὲ
597 3253 664 3306 δι’
699 3254 938 3324 ἀμαθίαν
981 3254 1269 3325 ψεύδεσθαι
1296 3256 1342 3287 ’⁸³
1374 3256 1561 3327 μόνην,
1608 3255 1697 3310 διὰ
1736 3254 1797 3308 τὸ
1845 3255 1920 3327 μὴ

355 3342 560 3405 πάντας
579 3342 626 3374 ⁸⁵
653 3344 780 3413 περὶ
806 3343 1020 3396 πάντων
1043 3343 1302 3416 ἀκριϐοῦν
1325 3345 1603 3398 δύνασθαι.
1629 3346 1739 3398 Καὶ
1761 3343 1792 3395 6
1819 3344 1922 3397 Πέ-

353 3451 478 3505 τρος
497 3451 510 3463 °
553 3434 776 3504 ΙἈπεχε,
803 3434 926 3505 ἔφη,
973 3436 1044 3506 μή
1075 3454 1188 3498 πως
1209 3436 1255 3468 ⁸⁵
1285 3437 1409 3507 περὶ
1432 3429 1505 3489 ὧν
1548 3435 1918 3508 ἀληθεύουσιν,

353 3527 425 3590 ὡς
465 3527 910 3596 ἐπιτυγχάνοντες
932 3529 997 3591 ⁸⁸⁸,
1026 3529 1120 3581 καὶ
1160 3528 1278 3598 οὐχὶ
1313 3511 1387 3591 ὡς
1425 3527 1774 3600 ἀκριϐοῦντες
1814 3529 1922 3600 ἀρα

353 3620 704 3691 προλέγουσιν
728 3621 794 3651 ⁸⁷·
823 3620 1036 3691 ἀνάγκη
1063 3621 1170 3691 γάρ
1204 3623 1352 3674 πᾶσα
1379 3622 1442 3674 ἐκ
1479 3620 1686 3674 πολλῶν
1711 3619 1819 3674 τῶν
1843 3621 1922 3673 λε-

352 3710 597 3780 γομένων
633 3709 942 3764 ἀποϐαίνειν
975 3712 1112 3764 τινά.
1149 3713 1258 3764 Καὶ
1283 3712 1312 3763 ό
1354 3711 1530 3782 γέρων
1553 3711 1599 3742 ⁸⁸
1621 3729 1634 3741 ·
1672 3711 1796 3775 Πῶς
1827 3707 1920 3764 οὖν

354 3802 470 3854 ἔπι
499 3804 624 3870 περὶ
646 3801 833 3856 τούτου
865 3820 928 3874 με
956 3801 1308 3874 πιστωθῆναι,
1335 3802 1396 3855 τὸ
1419 3801 1528 3855 εἴτε
1552 3803 1598 3834 ⁸9
1624 3803 1919 3872 συνέστηκε

351 3898 417 3949 τὸ
446 3893 588 3948 κατά
611 3895 708 3964 τὴν
732 3894 964 3962 γένεσιν,
997 3893 1030 3964 ἢ
1057 3891 1150 3958 οὕ;

421 4115 607 4170 CXXI.
646 4114 987 4186 Ἀμφοτέρων
1008 4108 1098 4166 οὖν
1117 4111 1460 4176 σιωπώντων,
1484 4110 1594 4179 ἐγὼ
1605 4114 1650 4143 ¹⁹¹³
1669 4112 1782 4184 Κλή
1792 4129 1914 4183 μης·

366 4206 581 4277 Ἐπειδὴ
607 4205 668 4258 τὸ
708 4204 953 4275 μάθημα,
995 4202 1149 4272 ἔφην,
1189 4201 1428 4272 ἀκριϐῶς
1458 4201 1775 4272 ἐπίσταμαι,
1809 4204 1837 4255 6
1862 4202 1918 4254 δὲ

352 4297 539 4367 κύριος
573 4294 668 4346 καὶ
689 4293 733 4324 ⁹¹
769 4293 948 4363 πατὴρ
974 4291 1071 4361 οὺχ
1093 4289 1265 4354 οὕτως
1285 4331 1298 4354 ,
1327 4289 1506 4343 ἔθελον
1537 4290 1584 4342 εἰ
1611 4290 1773 4354 αὐτὸς
1811 4291 1921 4343 Ἀν-

351 4385 578 4440 νουϐίων
602 4383 806 4453 παρῆν,
843 4383 934 4435 ἐπὶ
955 4381 1048 4434 τοῦ
1079 4380 1281 4452 πατρὸς
1321 4379 1646 4451 ποιήσασθαι
1670 4381 1714 4412 θ’
1741 4380 1914 4449 λόγον.

2019 2161 2103 2206 est
2144 2153 2363 2222 quidam
2401 2152 2733 2223 astrologus,
2762 2151 2847 2205 vir
2885 2151 3387 2222 przestantissimus,
3418 2150 3586 2222 Egy—

2019 2250 2166 2310 ptus,
2193 2241 2411 2295 nomine
2437 2241 2752 2306 Annubion,
2772 2241 2865 2310 qui
2885 2240 2938 2294 in
2963 2241 3488 2312 peregrinationibus
3515 2241 3587 2293 ab

2020 2333 2173 2386 initio
2206 2331 2336 2386 mihi
2365 2332 2575 2387 amicus
2613 2331 2858 2397 eilcctus,
2894 2332 3081 2386 uxoris
3112 2347 3242 2385 mea:
3282 2347 3347 2386 ac
3387 2333 3585 2386 libero-

2020 2439 2140 2476 rum
2174 2433 2403 2478 :nortem
2447 2423 2725 2478 indicavit.
2777 2421 2841 2476 Et
2879 2421 3072 2477 Petrus
3112 2441 3125 2477 :
3159 2421 3412 2492 Nuzzquid
3457 2439 3584 2492 ergo

2019 2535 2166 2574 nunc
2212 2520 2390 2589 reipsa
2441 2534 2765 2588 persuasum
2803 2517 2991 2583 habes,
3041 2533 3259 2588 genesm
3295 2534 3402 2571 non
3448 2532 3582 2572 con-

2020 2610 2243 2666 sistere?
2289 2609 2449 2666 Pater
2499 2611 2782 2680 respondit
2821 2629 2834 2665 :
2889 2608 3121 2666 Necesse
3167 2620 3248 2665 est
3297 2619 3353 2664 ut
3400 2611 3582 2664 omnia

2019 2718 2142 2772 quae
2185 2717 2282 2771 per
2326 2710 2562 2756 mentem
2604 2718 2779 2756 meam
2823 2711 3129 2769 transeunt,
3177 2702 3274 2756 tibi
3316 2717 3582 2770 exponam

2019 2793 2354 2864 singulatim,
2378 2809 2488 2863 quo
2515 2809 2544 2846 a
2585 2801 2636 2847 te
2663 2792 2906 2849 vicissim
2936 2811 3062 2849 vera
3095 2795 3300 2849 discam
3332 2803 3384 2847 et
3412 2803 3579 2848 certa.

2018 2886 2392 2941 Animadverti
2431 2901 2617 2942 errare
2643 2887 2697 2940 in
2727 2887 2915 2943 multis
2949 2888 3275 2958 astrologos,
3303 2887 3357 2940 in
3399 2886 3586 2940 multis

2019 2993 2240 3049 quoque
2265 2995 2359 3036 eos
2392 2981 2674 3036 veritatem
2699 2984 2968 3054 attingere
2993 3000 3007 3037 :
3038 2997 3225 3037 verum
3267 2981 3405 3036 forte
3436 2981 3489 3036 in
3519 2983 3587 3037 iis

2018 3087 2140 3142 qua:
2164 3080 2441 3142 comperta
2471 3073 2690 3140 habent,
2714 3090 2841 3128 vere
2866 3074 3081 3141 dicunt;
3128 3075 3181 3128 in
3217 3074 3284 3128 iis
3316 3083 3497 3128 autem
3531 3074 3584 3128 in

2023 3163 2224 3232 quibus
2259 3171 2462 3227 errant,
2504 3163 2556 3217 id
2587 3163 2895 3230 ignorantia
2932 3166 3250 3234 patiuntur:
3283 3179 3452 3233 quare
3488 3179 3586 3218 su—

2023 3252 2224 3320 spicor,
2254 3263 2505 3306 constare
2528 3252 2904 3322 disciplinam;
2933 3255 3053 3309 illos
3075 3263 3255 3308 autem
3289 3269 3385 3322 per
3413 3254 3586 3310 solam

2023 3342 2292 3398 inscitiam
2323 3342 2456 3398 falsa
2487 3344 2812 3414 praedicare;
2841 3359 2907 3399 eo
2931 3345 3079 3414 quod
3103 3362 3211 3398 non
3237 3361 3428 3400 omnes
3459 3361 3588 3411 pos-

2023 3441 2132 3496 sint
2156 3441 2222 3496 de
2248 3440 2502 3496 omnibus
2525 3440 2724 3494 habere
2753 3441 3057 3495 scientiam.
3079 3439 3145 3493 Et
3171 3438 3392 3493 Petrus:
3419 3439 3584 3502 Cave,

2024 3535 2233 3605 inquit,
2276 3552 2342 3588 ne
2380 3550 2501 3588 cum
2545 3549 2730 3586 verum
2770 3532 2992 3597 dicunt,
3043 3532 3206 3586 veluti
3251 3547 3384 3586 casu
3431 3547 3585 3586 asse.

2023 3635 2272 3697 quentes,
2319 3635 2373 3681 et
2417 3640 2524 3679 non
2577 3635 2835 3693 tanquam
2885 3632 3034 3678 certo
3082 3624 3336 3689 scientes,
3389 3623 3586 3692 praedi-

2022 3728 2168 3772 cant.
2214 3716 2449 3771 Omnino
2495 3716 2640 3770 enim
2675 3731 2899 3770 necesse
2933 3725 3045 3780 est,
3087 3731 3155 3769 ex
3200 3716 3386 3769 multis
3424 3715 3586 3770 dictis

2021 3807 2238 3861 evenire
2269 3806 2551 3860 nonnulla.
2598 3804 2735 3859 Tum
2788 3821 2952 3861 senex
2991 3822 3006 3860 :
3043 3803 3161 3871 Qua
3203 3819 3334 3872 ergo
3375 3804 3586 3858 ratione

2022 3910 2202 3956 certus
2231 3900 2333 3954 hac
2360 3900 2412 3954 in
2441 3916 2499 3955 re
2537 3915 2658 3954 esse
2693 3914 2948 3970 possum,
2980 3914 3048 3953 an
3087 3906 3320 3963 constet,
3361 3913 3460 3952 nec
3493 3911 3582 3961 ne,

2023 3991 2254 4061 id'quod
2281 3991 2347 4045 ad
2378 3991 2618 4061 genesim
2647 3990 2917 4061 pertinet?

2090 4104 2277 4161 CXXI.
2312 4104 2449 4159 Cum
2481 4104 2648 4175 igitur
2673 4113 2899 4174 uterque
2925 4113 3141 4168 taceret,
3174 4118 3274 4175 ego
3295 4103 3584 4161 Clemens:

2021 4194 2194 4262 Quia,
2241 4195 2500 4264 inquam,
2555 4189 2965 4248 mathematicas
3012 4193 3329 4264 disciplinas
3369 4194 3585 4264 penitus

2021 4287 2180 4354 novi;
2209 4286 2464 4342 dominus
2492 4292 2670 4339 autem
2700 4293 2754 4338 et
2781 4294 2934 4353 pater
2972 4299 3082 4337 non
3111 4284 3271 4349 item;
3305 4283 3582 4353 cuperem,

2022 4378 2067 4434 si
2100 4378 2214 4449 ipse
2255 4376 2545 4431 Annubion
2582 4374 2817 4440 adesset,
2849 4388 3033 4428 coram
3076 4384 3228 4443 patre
3256 4373 3584 4443 disputatio-

351 4477 507 4532 Οὕτω
530 4475 640 4546 γὰρ
664 4475 730 4528 ἂν
759 4474 821 4528 τὸ
843 4475 1071 4545 πρᾶγμα
1099 4474 1177 4536 είς
1205 4471 1433 4542 φανερὸν
1459 4471 1629 4524 ἐλθεῖν
1659 4472 1912 4542 ἠδύνατο,

2022 4483 2143 4522 nem
2174 4467 2394 4522 habere.
2435 4465 2508 4520 Ita
2551 4463 2750 4535 quippe
2799 4477 2886 4517 res
2917 4463 3098 4532 palam
3144 4465 3328 4517 venire
3367 4471 3583 4532 posset,

348 4567 592 4637 τεχνίτου
617 4565 752 4636 πρὸς
782 4563 1068 4634 ὁμότεχνον
1098 4562 1195 4634 τὴν
1219 4560 1444 4632 ζήτησιν
1466 4562 1776 4633 ὲσχηκότος.
1806 4563 1916 4616 Καὶ

348 4659 378 4711 6
402 4658 583 4729 πατὴρ
613 4656 974 4726 ἀπεκρίνατο·
1005 4652 1115 4707 Ποῦ
1146 4649 1236 4707 οὖν
1264 4654 1486 4708 δυνατόν
1521 4655 1668 4708 ἐστιν
1707 4654 1914 4707 Ἀννου-

349 4751 502 4804 ϐίωνι
527 4751 841 4818 συντυχεῖν;
870 4749 979 4802 Καὶ
1000 4749 1028 4801 6
1065 4746 1286 4818 Πέτρος·
1327 4747 1413 4799 Ἐν
1451 4746 1765 4818 Ἀντιοχείᾳ,
1793 4746 1918 4818 ἔφη·

348 4842 464 4894 ἐκεῖ
493 4839 603 4909 γὰρ
651 4837 902 4908 μανθάνω
947 4837 1164 4908 Σίμωνα
1205 4835 1296 4890 τὸν
1339 4831 1518 4904 Μάγον
1544 4836 1589 4867 ⁸³
1616 4837 1920 4908 ἐπιδημεῖν,

347 4924 392 4998 ᾧ
415 4931 461 4963 ³⁵
499 4930 596 4982 καὶ
637 4927 1014 5000 παρεπόμενος
1051 4924 1387 4988 Ἀννουϐίων,
1427 4925 1727 4997 ἀχώριστὸς
1752 4927 1916 4979 ἐστιν.

2021 4558 2152 4614 dum
2187 4559 2318 4612 artis
2347 4559 2553 4628 peritus
2579 4557 2843 4611 adversus
2867 4555 3112 4626 ejusdem
3143 4555 3277 4608 artis
3307 4554 3582 4608 hominem

2024 4649 2380 4720 quaestionem
2430 4648 2675 4719 agitaret.
2727 4646 3027 4716 Respondit
3078 4653 3272 4714 pater:
3307 4642 3407 4698 Ubi
3454 4659 3584 4713 ergo

2025 4750 2203 4813 potest
2246 4756 2372 4796 cum
2417 4740 2742 4794 Annubione
2777 4752 3106 4808 congressus
3147 4745 3202 4790 et
3249 4736 3583 4806 colloquium

2027 4832 2251 4886 haberi?
2300 4830 2366 4885 Et
2416 4829 2658 4886 Petrus:
2697 4829 3019 4894 Antiochiaz,
3063 4827 3258 4898 inquit.
3308 4825 3386 4881 lbi
3436 4825 3582 4880 enim

2024 4923 2187 4977 audio
2222 4920 2502 4976 Simonem
2541 4919 2759 4991 Magum
2788 4935 2941 4985 esse;
2975 4932 3136 4989 quem
3177 4917 3466 4972 Annubion
3496 4933 3584 4971 as-

1617 5059 1850 5115 νΑηιιΕ
1890 5044 2293 5114 LECTIONES.

427 5158 475 5191 “
509 5157 583 5211 al.
624 5153 839 5210 ἑαυτοῦ.

345 5229 492 5291 τινος
522 5229 642 5298 τήν.
703 5227 764 5298 7“
792 5225 862 5298 al.
889 5223 1078 5298 αὐτός.

941 5161 987 5194 ⁸³
1027 5152 1100 5207 al.
1140 5151 1444 5253 προσγενὴς
1483 5150 1764 5221 ὑπάρχων.
1841 5150 1886 5182 ⁶⁵
1925 5150 1997 5204 al.
2051 5148 2377 5250 κατάφορος.
2427 5148 2528 5230 ΑΙ..
2546 5148 2856 5218 περίφωρος
2905 5145 2980 5218 μὴ
3020 5145 3197 5228 ,θέλων
3222 5149 3379 5227 ,κείς
3421 5143 3581 5197 ἄλλου

941 5223 1059 5253 μακε-
1155 5225 1174 5249 ε
1234 5223 1280 5253 ..ι
1340 5220 1667 5253 κωνίου-..ηερ
1730 5219 2158 5253 ιι..-νηλέηη....ερ
2281 5220 2303 5250 3
2336 5221 2480 5253 ,ιοοαι
2516 5234 2568 5253 ..ι
2609 5218 2656 5253 αι
2754 5219 2798 5250 σο
2830 5217 2980 5253 Δωρί
3020 5232 3072 5253 ιη
3114 5216 3160 5253 ςιι
3267 5216 3306 5245 ιο
3340 5214 3387 5253 ,Ι
3446 5215 3581 5253 ἤτω

1155 5219 1198 5253 ⁸⁷
1233 5219 1303 5276 ιιι.
1338 5219 1667 5282 ἀκούσαντες
1689 5259 1703 5281 ,
1730 5219 2177 5283 ἀνακαλέσαντες.
2259 5219 2303 5250 ⁸⁸

2336 5221 2484 5273 deest
2516 5219 2570 5271 in
2609 5214 2660 5271 al
2691 5214 2699 5216 ⁷
2754 5214 2798 5250 ⁶⁹
2830 5214 2984 5270 deest
3020 5217 3072 5269 in
3113 5216 3184 5269 al.
3262 5215 3306 5245 ⁷⁸
3339 5214 3582 5284 διίὸπερ

345 5283 507 5380 ἀπετξ.
579 5283 723 5380 117.013
740 5295 856 5376 γὰρ
882 5283 1296 5380 ξῆυνάμηνηῖιερὶ
1313 5291 1421 5380 των
1436 5291 1557 5380 ἐμοὶ
1579 5290 1947 5380 ἠγρητξημένξρν
2053 5291 2282 5375 μέγιστα
2304 5288 2380 5351 ὡς
2400 5287 2824 5380 Euganeo:
2840 5286 3055 5380 κρίγαςέ
3077 5285 3211 5370 πρὸς
3229 5285 3327 5355 τὴν
3347 5283 3584 5380 aifatu

346 5369 537 5424 ἑαυτὸν
571 5361 856 5420 ἀποδοῦναι
889 5361 1065 5430 δόξαν.
1105 5361 1115 5363 “
1142 5363 1186 5394 τ’
1210 5361 1259 5416 al
1320 5362 1443 5414 add.
1477 5361 1599 5430 ἔφη.

348 5441 402 5493 in
431 5441 503 5493 al.
581 5437 627 5469 ⁷⁸
666 5439 738 5490 al.
774 5436 1013 5505 ὀνόματι.
1047 5503 1062 5505 Α
1091 5433 1134 5465 ⁷⁷
1170 5430 1544 5505 τιὴ-φιληθείς.

347 5510 472 5562 νοῦν
524 5506 828 5574 ἐκτίθεσθαί
868 5496 987 5566 ’σοι,
1041 5503 1126 5556 ἵνα
1182 5496 1318 5574 πρὸς
1351 5496 1486 5574 αῦτά
1523 5499 1773 5574 -ἀκοῦων,
1821 5496 2108 5574 μανθάνειν
2139 5497 2556 5574 Αξχωηπολλά..
2579 5499 2672 5574 ’δι’
2700 5496 2977 5574 πολλάκις.

1098 5574 1142 5604 ⁸³
1183 5568 1332 5626 deest
1385 5572 1437 5624 in
1488 5572 1558 5624 al.
1634 5571 1680 5608 ⁸⁸
1713 5570 1782 5623 al.
1827 5568 2060 5631 πάντως.

345 5578 637 5633 ὑποπτεύω
679 5573 771 5629 οὗν
809 5576 1022 5646 μήπως.

1679 5359 1725 5389 ⁷³
1756 5355 1827 5413 al.
1857 5355 2068 5429 ἀληθῶς
2091 5355 2166 5422 ὡς
2197 5357 2381 5428 οὔσης.
2423 5355 2485 5397 ⁷⁸⁷
2503 5359 2574 5412 al.
2614 5359 2729 5426 εἰμὶ
2754 5356 2866 5429 γὰρ
2881 5355 2991 5408 ὀὐκ
3023 5356 3284 5429 ἀμύητος.

1623 5430 1668 5461 ⁷⁸
1706 5429 1778 5482 al.
1822 5424 1959 5499 add;
1979 5429 2105 5499 ἔφη.
2165 5430 2208 5499 τ’
2237 5424 2389 5482 deest
2419 5429 2472 5499 in
2499 5429 2577 5499 al.
2653 5424 2698 5458 ⁸ο
2731 5424 3214 5499 θμςῦποτρέχοντά
3249 5441 3339 5499 μοι
3370 5425 3458 5499 εἰς.
3491 5424 3586 5478 τὸν

3363 5355 3408 5385 ⁷⁵
3433 5355 3587 5407 deest

3055 5491 3100 5527 ³*
3150 5497 3221 5549 al.
3250 5491 3546 5565 ἀληθεύειν
3567 5511 3580 5523 ·

2137 5565 2489 5650 εει-ξιι-ιπεχεῖ
2531 5567 2613 5650 al.
2651 5567 3013 5650 ἀπεκρίνατο·
3064 5565 3254 5650 ἄπεχε,
3313 5585 3352 5637 μ

1051 5644 1092 5674 ⁸⁷
1119 5623 1213 5696 al:
1603 5641 1888 5716 )‘éYO'JO‘t‘I:
1943 5639 1988 5669 ⁸⁸
2022 5623 2070 5691 In
2127 5637 2250 5716 add.
2282 5623 2587 5716 ἕφηίλῆηι.
2619 5623 3106 5707 πληροφορηθῆναι
3127 5654 3138 5665 ·
3173 5623 3325 5691 ἕξει.
3348 5623 3394 5668 ⁵⁵
3434 5623 3586 5692 “('09

346 5721 401 5772 in
429 5723 500 5774 al.
579 5722 619 5749 ⁹¹
666 5705 872 5770 αι’.”καὶ
904 5717 953 5767 ὁ.
1030 5716 1074 5746 ⁹¹
1114 5715 1182 5767 al.
1227 5705 1587 5784 εποιησάμην.
1666 5705 1712 5741 9³
1751 5711 1821 5766 at.
1864 5708 2010 5762 ὄντα.
2090 5705 2408 5759 9uice-stin
2456 5708 2525 5760 al.

3442 5581 3581 5625 πως.
3677 5575 3690 5592 "
