4066 6140
453 302 556 358 559

1302 293 1361 349 S.
1399 289 1787 350 CLEMENTIS
1827 287 1850 346 I
1889 286 2056 347 ROM.
2097 285 2300 356 PONT.
2333 289 2565 346 OPERA
2592 290 2822 350 DUBIA.

3597 295 3710 350 πθ

451 423 711 485 sectatus,
732 423 862 471 'n'On
900 410 1380 478 deseﬁt."Quando
1409 423 1540 480 ergo
1571 409 1682 463 illic
1711 409 1940 475 erimus,
1971 407 2013 462 si

2135 408 2302 461 Ἑπὰν
2323 407 2368 440 ³⁵
2392 403 2485 461 οὖν
2510 409 2627 461 ἐκεῖ
2650 407 2954 479 γενώμεθα,
2983 405 3076 462 ἐάν
3097 421 3161 476 γε
3185 404 3578 477 καταλάϐωμεν
3603 411 3704 461 αὐ·-

451 526 549 568 eos
613 510 1017 574 nanciscamur,
1052 519 1259 561 coram
1310 516 1377 556 eo
1425 501 1750 571 disceptatio
1799 502 1909 554 tiet.
1957 500 2024 556 Et

453 609 741 672 postquam
777 599 843 655 de
875 598 1061 652 multis
1100 594 1480 655 disseruimus,
1505 601 1729 663 prepter
1772 592 2023 661 recogni-

454 696 656 750 tionem
710 691 908 764 gaudio
957 688 1178 758 repleti,
1207 686 1445 756 «Deoque
1484 699 1738 755 magnam
1787 683 2018 753 gratiam

456 785 750 851 habentes,
797 790 956 837 nocte
1019 778 1463 850 superveniente,
1507 776 1574 829 ad
1623 790 1875 828 somnum
1924 787 2022 828 nos

453 876 806 934 contulimus.

511 965 729 1023 CXXII.
769 963 975 1018 Exorto
1022 971 1202 1017 autem
1234 975 1430 1024 mane,
1481 968 1634 1030 pater
1677 973 1800 1013 cum
1849 966 2023 1010 matre

453 1059 734 1126 tribusque
760 1055 885 1110 iiiis
915 1052 1274 1123 ingressus‘in
1295 1051 1488 1105 locum
1538 1050 1628 1104 ubi
1661 1059 1778 1104 erat
1804 1047 2020 1114 Petrus,

445 1167 574 1208 cum
629 1151 942 1212 salutasset,
989 1147 1164 1211 sedit;
1219 1144 1415 1200 deinde
1467 1157 1568 1197 nos
1620 1157 1876 1212 quoque,
1927 1142 2020 1196 illo

443 1243 687 1313 jubente.
712 1239 1056 1308 Patremque
1086 1237 1317 1291 intuitus
1343 1232 1584 1288 'Petrus:
1618 1232 1903 1302 Percupio,
1932 1231 2018 1285 in—

441 1337 583 1407 quit,
610 1344 660 1390 te
686 1334 827 1388 idem
856 1331 1060 1387 sentire
1089 1329 1232 1400 quod
1262 1342 1494 1382 uxor-ac
1529 1325 1725 1390 liberi;
1759 1334 1819 1379 ut
1849 1333 1902 1379 et
1929 1323 2018 1378 hic

436 1443 571 1483 cum
616 1429 697 1482 eis
734 1426 1015 1491 convivas,
1057 1431 1112 1477 et
1155 1421 1265 1475 illic
1305 1429 1428 1489 post.
1475 1419 1672 1471 anima:
1717 1433 1747 1470 a
1789 1430 2018 1485 corpore

443 1517 894 1588 disjunetionem,
941 1531 1050 1571 una
1089 1530 1214 1570 cum
1259 1513 1462 1567 eisdem
1507 1511 1559 1564 in
1613 1509 1795 1564 Iretitia
1829 1509 2014 1580 degas.

443 1612 525 1664 An
559 1624 664 1663 non
698 1609 841 1664 enim
868 1607 1111 1661 maxime
1142 1614 1193 1659 te
1220 1614 1382 1673 atque
1411 1603 1533 1656 illos
1564 1602 1931 1661 contristarct.
1969 1599 2016 1654 si

443 1717 674 1757 unanon
703 1698 931 1755 essetis?
971 1697 1388 1766 Excepitpater:
1413 1691 1650 1748 Omnino
1688 1707 1838 1746 sane.
1875 1689 2014 1744 Tum

441 1794 637 1850 Petrus
663 1791 768 1850 :Si
799 1806 958 1862 ergo,
1009 1789 1098 1843 hic
1134 1787 1363 1842 invicem
1419 1792 1699 1853 separatos
1745 1797 1866 1837 esse
1899 1796 2017 1836 mo—
2047 1782 2089 1836 Β

441 1891 597 1945 lestia
625 1887 812 1954 allicit;
839 1887 943 1940 hoc
966 1883 1055 1938 ubi
1076 1891 1207 1953 post
1233 1889 1460 1936 mortem
1486 1879 1645 1950 plane
1671 1880 1780 1942 fiet,
1806 1885 2013 1946 quanto

440 1978 616 2050 magis
659 1978 946 2032 molestum
997 1974 1100 2028 erit
1135 1983 1188 2026 te
1247 1971 1498 2041 quidem,
1528 1968 1622 2038 qui
1663 1969 1746 2021 vir
1796 1966 2012 2036 sapiens

438 2089 523 2138 es,
557 2071 769 2125 ratione
797 2079 904 2124 tute
932 2065 1207 2136 opinionis
1235 2062 1475 2134 disjungi
1502 2077 1533 2116 a
1566 2061 1704 2128 tuis;
1735 2060 1855 2115 illos
1882 2074 2013 2114 vero

445 2167 621 2221 multo
651 2164 824 2234 magis
851 2161 1054 2224 dolere,
1084 2157 1227 2230 quod
1255 2161 1431 2211 sciant
1457 2165 1508 2210 te
1531 2155 1637 2208 alia
1667 2155 2009 2217 sentientem,

440 2269 701 2313 aeternum
743 2255 1070 2325 supplicium
1107 2251 1178 2307 ob
1207 2250 1318 2305 veri
1355 2247 1625 2318 dogmatis
1666 2245 2010 2317 negationem

438 2349 693 2405 manere?

507 2437 858 2496 CXXIII.’Et
894 2446 1046 2509 pater
1085 2435 1222 2491 dixit
1247 2454 1260 2489 :
1298 2435 1366 2488 At
1395 2449 1501 2488 non
1527 2434 1598 2487 ita
1625 2440 1729 2498 est,
1755 2447 1787 2487 ο
1815 2433 2006 2499 amice,

438 2542 500 2588 ut
527 2532 670 2602 apud
710 2529 912 2586 inferos
938 2529 1135 2582 anima:
1163 2527 1491 2596 puniantur;
1521 2525 1785 2596 quoniam
1825 2525 2011 2577 anima

440 2625 604 2680 simul
648 2633 811 2693 atque
837 2637 868 2676 a
897 2634 1126 2690 corpore
1154 2617 1405 2683 discedit,
1447 2617 1501 2670 in
1533 2631 1713 2670 aerem
1758 2615 2013 2670 dissolvi-

440 2729 548 2772 tur.
601 2715 827 2785 Excepit
882 2711 1081 2767 Petrus
1108 2731 1122 2766 :
1151 2709 1338 2778 Itaque
1368 2723 1540 2777 usque
1571 2709 1700 2762 dum
1727 2707 1923 2785 hac_de
1953 2721 2011 2761 re

438 2811 536 2866 tibi
569 2807 1017 2879 persuadeamus,
1065 2801 1334 2872 responde
1363 2799 1497 2854 mihi
1525 2818 1542 2854 :
1571 2815 1754 2854 nonne
1789 2780 1886 2854 tibi
1931 2800 2011 2854 vi-

438 2903 618 2965 detur,
665 2908 716 2954 te
756 2898 976 2969 quidem
1023 2895 1117 2966 qui
1153 2893 1371 2947 futuras
1407 2907 1598 2962 pinnas
1647 2907 1761 2946 non
1808 2891 2008 2956 credis,

439 3005 784 3064 nequaquam
822 2989 1037 3056 dolere;
1071 2987 1192 3042 illos
1220 3000 1373 3050 vero,
1411 2985 1504 3054 qui
1545 2999 1868 3055 persuasum
1914 2985 2011 3038 ba-

440 3088 568 3142 bent
594 3101 697 3140 uon
729 3097 950 3154 parvam
983 3090 1035 3136 te
1056 3095 1278 3134 manere
1300 3076 1684 3140 calamitatem,
1713 3077 2007 3146 plurimum

439 3177 600 3248 angi?
631 3173 770 3230 Tum
803 3183 952 3245 pater
1006 3191 1020 3228 :
1053 3169 1218 3226 Recte
1267 3171 1425 3224 di’cis.
1460 3167 1655 3223 Petrus
1689 3178 1868 3224 autem
1898 3187 1910 3223 :
1943 3169 2011 3224 Et

440 3287 608 3342 quare
656 3268 896 3325 maxime
935 3267 1001 3322 de
1047 3275 1099 3320 te
1143 3279 1382 3320 moerere
1429 3277 1538 3318 non
1584 3277 1685 3318 eos
1716 3262 2011 3320 liberabis?

439 3341 563 3418 tidei
609 3361 944 3426 asseutiens;
991 3373 1100 3412 non
1136 3341 1345 3427 pudore
1385 3354 1635 3426 inquam,
1695 3354 1792 3410 sed
1837 3356 2010 3424 aequi-

439 3464 577 3519 tate;
613 3453 680 3507 de
728 3452 797 3507 iis
825 3464 948 3520 quae
979 3448 1075 3503 tibi
1109 3463 1139 3502 a
1185 3463 1275 3503 me
1321 3445 1581 3502 dicuntur
1625 3446 1923 3512 audiendo,
1955 3454 2011 3501 et

435 3544 728 3618 iudicando
776 3552 956 3596 utrum
1004 3556 1065 3595 ca
1099 3538 1174 3595 ita
1211 3554 1380 3595 necne
1411 3540 1669 3595 habeant.
1698 3540 1776 3592 Ac
1810 3539 1856 3594 si
1885 3539 2010 3609 qui-

437 3639 558 3693 dem
595 3638 667 3690 ita
693 3642 809 3700 est,
854 3643 913 3687 ut
952 3632 1223 3698 dicimus;
1257 3640 1310 3685 et
1355 3629 1444 3686 bic
1484 3645 1592 3684 una
1636 3645 1760 3685 cum
1801 3628 2012 3684 charis-

437 3727 592 3786 simis
640 3724 1021 3788 delectaberis,
1066 3733 1120 3778 et
1167 3722 1280 3781 illic
1328 3737 1455 3777 cum
1505 3721 1710 3777 eisdem
1763 3721 2007 3791 requiem

438 3816 808 3888 consequeris.
854 3814 1009 3881 Quod
1052 3812 1096 3868 si
1139 3813 1194 3867 in
1222 3812 1518 3867 verborum
1566 3822 1782 3867 tuorum
1832 3811 2008 3866 disce-

437 3909 677 3981 ptatione
702 3905 1029 3970 ostenderis,
1057 3919 1178 3973 quae
1203 3919 1234 3958 a
1277 3903 1436 3958 nobis
1473 3902 1773 3958 afferuntur
1817 3902 2006 3959 falsam

436 4015 558 4056 esse
601 3999 880 4064 fabulam;
919 3996 1082 4052 etiam
1123 3994 1247 4050 illos
1293 3994 1437 4050 idem
1490 4003 1668 4049 tecum
1715 3995 2008 4050 sentientes

439 4091 694 4162 accipies,
734 4091 923 4160 sicque
954 4087 1181 4166 pulcbre
1223 4086 1410 4142 facies.
1452 4085 1524 4142 Ut
1550 4087 1695 4141 enim
1738 4103 1873 4141 vana
1913 4102 2008 4156 spe

440 4185 594 4239 inniti
619 4182 882 4239 desistant
900 4179 1118 4248 efﬁcies,
1143 4194 1346 4250 eosque
1370 4177 1630 4234 falsarum
1656 4195 1836 4233 rerum
1862 4188 2007 4233 metu

438 4277 717 4333 liberabis.

510 4366 743 4423 CXXIV.
787 4366 852 4421 Et
889 4374 1040 4437 pater
1065 4383 1082 4420 :
1105 4363 1271 4419 Multa
1305 4363 1438 4418 mihi
1469 4363 1669 4419 videris
1709 4364 1889 4420 dicere
1919 4381 2008 4419 ra-

2121 504 2266 566 τούς,
2291 503 2324 573 ἡ
2353 502 2579 572 ζήτησις
2603 502 2689 555 ἐπ’
2724 501 2932 554 ἐκείνου
2973 500 3348 571 γενήσεταιπ.
3392 500 3502 555 Kal.
3549 500 3707 569 ὁμῶς.

2122 594 2292 648 πολλὰ
2330 594 2727 665 διαλεχθέντες,
2775 595 2870 650 καὶ
2902 595 2993 647 ἐπὶ
3031 593 3110 664 τῷ
3149 592 3550 664 ἀναγνωρισμῷ
3598 611 3699 662 χα-

2122 690 2222 758 ρᾶς
2237 688 2281 718 ’⁷
2310 686 2706 758 πληρωθέντες,
2740 687 2832 739 καὶ
2860 686 2979 756 Θεῷ
3013 686 3216 755 πολλὴν
3245 685 3404 757 χάριν
3427 686 3472 716 ’⁸
3506 685 3699 755 ὁμολο-

2120 780 2347 851 γοῦντες
2368 782 2436 846 ⁸⁸,
2471 780 2711 852 ἑσπέρας
2747 779 3193 848 καταλαϐούσης,
3229 780 3309 841 εἰς
3343 778 3507 831 ὔπνον
3539 779 3698 848 ἐτρά-

2123 892 2196 944 πη
2207 891 2325 944 μεν.

2189 964 2399 1020 CXXII.
2445 964 2678 1037 Ὀρθρου
2703 965 2761 1018 δὲ
2799 963 3112 1034 γενομένου,
3137 965 3166 1016 ὁ
3208 963 3396 1034 πατὴρ
3425 961 3562 1033 μετᾶ
3595 962 3707 1032 τῆς.

2123 1059 2326 1131 μητρὸς
2346 1059 2412 1090 ¹⁰⁰
2439 1057 2660 1111 καὶτῶν
2680 1057 2846 1128 τριιῖιν
2869 1056 2998 1109 υἱῶν
3015 1053 3269 1108 εἰσελθὼν
3294 1054 3421 1106 ἔνθα
3441 1055 3468 1104 ὁ
3495 1053 3700 1126 Πέτρος

2116 1147 2206 1222 ἦν,
2233 1153 2248 1181 ¹
2272 1152 2364 1204 καὶ
2390 1148 2855 1222 προσαγορεύσας,
2875 1146 3165 1218 ἐκαθέσθηο
3194 1146 3382 1199 ἔπειτα
3405 1148 3496 1199 καὶ
3514 1147 3705 1216 ἡμεῖς,⁴

2118 1242 2282 1298 αὐτοῦ
2308 1242 2676 1305 κελεύσαντος.
2701 1240 2816 1294 Καὶ
2832 1242 2866 1293 ὁ
2888 1241 3093 1311 Πέτρος
3125 1237 3214 1291 τδν
3237 1239 3446 1311 πατέρα
3476 1241 3495 1268 ²
3528 1255 3702 1309 προσ-

2119 1332 2319 1404 ϐλέψας
2341 1352 2353 1365 ·
2385 1334 2606 1387 Σπεύδω
2635 1351 2714 1396 σε,
2741 1332 2864 1404 ἔφη,
2893 1332 3170 1404 ὁμόφρονα
3193 1332 3444 1399 γενέσθαι
3477 1332 3698 1400 γυναικὶ

2095 1428 2212 1480 -ιιαὶ
2231 1426 2462 1488 τέκνοις,
2490 1425 2638 1486 ὅπως
2671 1423 2854 1486 αὐτοῖς
2886 1422 2982 1476 καὶ
3005 1421 3238 1475 ἐνταῦθα
3270 1422 3573 1492 ὁμοδίαιτος
3605 1417 3691 1494 ᾗς,

2117 1521 2279 1574 κάκεῖ
2305 1518 2441 1590 μετὰ
2471 1518 2561 1571 τὸν
2598 1518 2705 1570 ὀιπό
2743 1517 2838 1570 τοῦ
2888 1516 3138 1588 σώματος
3173 1516 3274 1584 τῆς
3311 1515 3490 1585 ψυχῆς
3532 1531 3695 1584 χωρι-

2119 1611 2287 1683 σμὸν,
2319 1608 2489 1663 συνὼν
2512 1609 2531 1640 ³
2572 1611 2631 1662 ὲν
2675 1608 2982 1681 εὐφροσύνῃ
3011 1608 3231 1680 διάγῃς.
3262 1603 3338 1660 Ἦ
3377 1607 3484 1679 γὰρ
3527 1608 3586 1659 οὐ
3625 1607 3692 1660 τὰ

2123 1703 2354 1773 μέγιστά
2384 1701 2444 1754 σέ
2465 1717 2529 1752 τε
2549 1700 2712 1753 λυπεέ
2749 1701 2842 1753 καὶ
2871 1701 3067 1763 αὐτοὺς
3085 1700 3148 1752 τὸ
3189 1700 3262 1770 μὴ
3290 1698 3538 1770 ἀλλήλοις
3565 1717 3689 1752 συν-

2117 1796 2282 1857 εῖναι;
2313 1794 2421 1845 Kal
2444 1795 2472 1846 ὁ
2495 1791 2716 1864 πατὴρ⁸
2734 1791 2857 1863 ἔφη’
2883 1791 2992 1845 Καὶ
3031 1792 3273 1859 πάνυξγε.
3292 1793 3401 1844 Kal
3416 1793 3444 1844 ὁ
3466 1791 3687 1863 Πέτροςο

2115 1887 2178 1939 El
2200 1881 2294 1938 οὖν
2325 1884 2558 1937 ἐνταῦθα
2598 1885 2659 1938 τὸ
2691 1883 2935 1954 ἀλλήλων
2975 1882 3303 1954 κεχωρίσθαι
3335 1883 3511 1946 λυπεῖ,
3556 1882 3692 1953 μετὰ

2116 1977 2342 2032 θάνατον
2371 1977 2586 2041 πάντως
2619 1976 2646 2008 ⁸
2677 1975 2988 2046 γενόμενον,
3025 1976 3175 2046 πόσῳ
3217 1993 3279 2044 γε
3323 1973 3520 2046 μᾶλλον
3548 1973 3570 2004 ⁸
3599 1973 3692 2027 λυ-

2114 2070 2299 2140 πήσει,
2336 2067 2395 2120 σὲ
2424 2067 2521 2138 μὲν
2552 2066 2720 2139 ἄνδρα
2749 2066 2909 2135 σοφὸν
2942 2065 3095 2131 ὅντα,
3117 2065 3194 2138 τῷ
3218 2066 3318 2136 τῆς
3349 2065 3572 2136 γνώμης
3596 2083 3690 2118 σου

2113 2160 2256 2231 λόγῳ
2292 2159 2407 2214 τῶν
2453 2159 2561 2212 σῶν
2608 2158 2960 2230 κεχωρίσθαι,
3005 2153 3199 2222 αὐτοὺς
3238 2157 3294 2211 δὲ
3327 2157 3458 2210 πολῦ
3492 2157 3691 2228 μᾶλλον

2112 2251 2418 2316 ὀδυνᾶσθαι,
2450 2249 2528 2323 τῷ
2553 2251 2772 2315 ειδέναι,
2800 2251 2886 2305 ὅτι
2909 2267 2966 2302 σε
2992 2249 3124 2303 ἄλλα
3157 2249 3450 2320 φρονοῦντα
3476 2248 3691 2312 αἰώνιος

2117 2344 2266 2416 μένει
2299 2344 2540 2408 κόλασις,
2573 2343 2735 2416 ῥητοῦ
2765 2342 3031 2414 δόγματος
3055 2342 3358 2412 ἀτωφάσει;

2184 2435 2416 2490 CXXIII.
2458 2437 2567 2490 Kal
2597 2439 2625 2490 ὁ
2651 2434 2833 2507 πατὴρ
2856 2435 2981 2506 ἔφη·
3017 2434 3156 2487 Ἀλλ’
3180 2435 3292 2508 οὐκ
3313 2434 3480 2499 ἐστιν,
3509 2427 3689 2502 ὧφίλ-

2112 2544 2265 2592 τατε,
2288 2529 2352 2582 τὸ
2378 2530 2435 2582 ἐν
2466 2528 2592 2600 ᾅδου
2624 2529 2802 2599 ψυχὰς
2824 2529 2846 2560 ⁸
2881 2526 3226 2593 κολάξεσθαι,
3255 2527 3424 2598 αὐτῆς
3471 2528 3585 2597 ἅμα
3611 2527 3689 2597 τῷ

2113 2618 2414 2688 ἀποστῆναι
2462 2621 2557 2670 το·“›
2602 2616 2872 2690 σώματος,
2913 2619 2992 2681 είς
3038 2617 3180 2688 ἀέρα
3205 2616 3489 2690 λυομένης.
3517 2617 3626 2670 Kal
3660 2619 3689 2669 ὁ

2113 2710 2318 2779 Πέτρος
2353 2709 2494 2779 ἔφη’
2525 2708 2736 2780 Μέχρις
2772 2705 2865 2762 οὖν
2912 2710 2999 2762 ὅτε
3036 2710 3161 2781 περί
3196 2709 3386 2764 τούτου
3430 2708 3688 2778 πείσομέν

2116 2817 2196 2864 σε,
2222 2799 2512 2872 ἀπόκριναί
2559 2813 2680 2872 μοι’
2719 2799 2781 2853 οὐ
2817 2799 2965 2854 δοκεί
3007 2818 3109 2865 σοι,
3153 2801 3210 2854 σὲ
3240 2801 3338 2872 μὲν
3376 2804 3447 2871 τῇ
3473 2802 3688 2854 κολάσει

2111 2893 2492 2947 διαπιστοῦντα
2528 2893 2600 2964 μὴ
2622 2895 2644 2925 ⁸
2675 2893 2976 2958 λυπεῖσθαι,
3003 2893 3238 2958 ἐκείνους
3273 2893 3330 2948 δὲ
3354 2894 3402 2926 ι’
3425 2893 3553 2965 περ)⁸
3597 2892 3688 2945 σοῦ

2115 2985 2531 3056 πεπεισμένους,
2564 2985 2639 3048 ὡς
2676 2986 2787 3058 ἄρα
2804 2986 2866 3038 οὐ
2895 2985 3096 3058 μικρὰν
3135 2986 3276 3056 ἔχεις
3319 2986 3581 3057 ἀνάγκην,
3625 2986 3690 3037 ἐκ

2115 3077 2375 3148 περισσοῦ
2418 3077 2709 3145 ἀνιᾶσθαι;
2744 3080 2854 3132 Kal
2895 3080 2925 3131 ὁ
2960 3079 3175 3150 πατήρ·
3225 3076 3556 3140 Ἀκολούθως
3603 3076 3690 3129 λέ-

2111 3185 2249 3238 γεις.
2277 3169 2386 3222 Kal
2409 3171 2440 3222 ὁ
2463 3169 2670 3241 Πέτρος
2689 3186 2704 3201 ⁸
2732 3168 2835 3224 Διὰ
2851 3169 2905 3223 τί
2939 3169 2997 3224 δὲ
3019 3169 3214 3233 αὐτοὺς
3237 3169 3335 3222 οὐκ
3361 3169 3690 3235 ἀπαλλάξεις

2113 3259 2374 3332 μεγίστης
2416 3262 2542 3331 περὶ
2596 3261 2690 3314 σοῦ
2744 3261 2952 3332 λύπης;
2997 3263 3068 3332 τῇ
3111 3261 3289 3314 πίστει
3342 3261 3686 3332 συνθέμενος,

2108 3353 2170 3405 οὐ
2194 3351 2441 3425 δυσωπίᾳ
2459 3352 2622 3422 λέγω,
2650 3353 2764 3407 ἀλλ’
2809 3354 3226 3425 εὐγνωμοσύνῃ,
3282 3355 3408 3426 περὶ
3448 3354 3557 3408 τῶν
3596 3354 3687 3407 ὐπ’

2108 3444 2245 3515 ἐμοῦ
2291 3443 2598 3516 λεγομένων
2649 3463 2729 3498 σοι
2783 3446 3015 3509 ἀκούων,
3057 3447 3156 3499 καὶ
3190 3446 3388 3518 κρίνων
3431 3447 3481 3499 εἰ
3512 3445 3688 3500 ταῦτα

2107 3535 2278 3601 οὔτως
2315 3536 2427 3608 ἔχει
2472 3535 2619 3610 ἢοῦ.
2661 3539 2770 3591 Kal
2823 3539 2872 3590 εί
2920 3539 3017 3609 μὲν
3048 3538 3216 3602 οὔτως
3257 3538 3368 3608 ἔχει
3414 3538 3489 3602 ὡς
3529 3538 3683 3608 λέγο-

2110 3645 2234 3700 μεν,
2273 3630 2365 3682 καὶ
2401 3622 2504 3682 ὦδε
2554 3628 2982 3693 συναπολαύσεις
3025 3633 3138 3694 τοῖς
3169 3629 3475 3699 φιλτάτοις,
3524 3633 3688 3685 κάκα

2109 3720 2514 3794 συναναπαύσῃ.
2543 3721 2606 3773 Εἰ
2643 3720 2701 3773 δὲ
2735 3723 2793 3773 ὲν
2825 3723 2897 3792 τῇ
2936 3720 3044 3774 τῶν
3077 3721 3249 3789 λόγων
3277 3721 3316 3752 ¹¹
3354 3722 3448 3775 σοῦ
3495 3723 3685 3793 σκέψει

2107 3809 2286 3884 δείξῃς
2311 3811 2379 3865 τὰ
2421 3813 2511 3881 ὐφ’
2544 3812 2701 3885 ἡμῶν
2732 3813 2994 3884 λεγόμενα
3024 3813 3196 3885 ψευδῆ
3231 3831 3350 3866 τινα
3394 3815 3560 3885 μῦθον
3604 3810 3682 3867 εἷ-

2106 3921 2214 3969 ναι,
2262 3906 2355 3958 καὶ
2393 3903 2783 3976 ὁμογνώμονας
2811 3922 2903 3957 σου
2947 3904 3130 3968 λάϐοις
3157 3905 3369 3968 αὐτοὺς,
3401 3907 3502 3958 καὶ
3541 3905 3684 3960 οὕτω

2106 3996 2286 4060 καλῶς
2315 3998 2558 4068 ποιήσεις
2580 3998 2628 4030 ’³
2648 4014 2661 4026 ο
2688 3997 2782 4050 τοῦ
2816 4014 2874 4050 τε
2909 3995 3017 4069 γὰρ
3057 4000 3238 4060 κεναῖς
3265 3996 3444 4050 ἐλπίσι
3471 3998 3683 4068 ἐπερεί-

2103 4086 2290 4140 δεσθαι
2326 4087 2586 4153 παύσεις,
2631 4089 2730 4142 καῖ
2767 4086 2914 4158 φόϐῳ
2942 4089 2985 4118 ¹³
3018 4088 3213 4151 αὐτοὺς
3253 4087 3463 4158 ψευδῶν
3509 4087 3683 4142 ἀπαλ-

2105 4177 2286 4245 λάξεις
2313 4179 2380 4232 ⁸⁵.

2175 4372 2408 4428 CXXIV.
2451 4375 2565 4429 Kal
2591 4377 2624 4428 ὁ
2648 4377 2828 4448 πατήρ
2847 4392 2860 4406 ⁶
2891 4375 3068 4429 Πολλὰ
3106 4375 3270 4449 φαίνῃ
3296 4377 3340 4407 ’⁵
3367 4394 3457 4446 μοι
3483 4377 3677 4447 εὔλογα

438 4461 571 4515 tioni
603 4469 986 4515 consentanea.
1018 4457 1096 4512 Ac
1141 4456 1334 4511 Petrus
1361 4475 1374 4510 :
1397 4455 1538 4522 Quid
1571 4471 1701 4528 ergo
1755 4458 2002 4528 impedit,

2112 4465 2297 4534 λέγων.
2333 4467 2442 4520 Καὶ
2472 4469 2500 4520 ὁ
2533 4467 2737 4537 Πέτρος
2760 4469 2803 4498 ¹⁶
2823 4469 2928 4520 ’Τί
2955 4464 3048 4521 οὖν
3081 4470 3195 4520 ἐστι
3227 4470 3286 4520 τὸ
3327 4469 3532 4522 κωλύον
3557 4488 3678 4524 συν-

439 4562 643 4612 nostrae
672 4560 723 4606 te
765 4551 888 4605 fidei
921 4548 1213 4604 assentiri?
1239 4545 1356 4603 Non
1393 4549 1539 4602 enim
1585 4550 1816 4621 negotiis
1859 4566 2006 4606 mer-

438 4653 660 4709 caturae,
688 4643 963 4698 actionum
1006 4640 1368 4710 publicarum,
1405 4640 1772 4710 agriculturae,
1805 4643 2004 4697 solliei-

441 4736 721 4801 tudinum;
753 4733 950 4789 horum
981 4733 1130 4788 nullo
1175 4733 1428 4788 retineris
1466 4750 1480 4786 :
1525 4743 1677 4802 potes
1707 4744 1889 4787 autem
1922 4735 2004 4787 in-

440 4829 700 4899 telligere,
731 4825 867 4880 nihil
897 4839 1090 4880 eorum
1116 4839 1238 4895 quae
1264 4807 1412 4886 sunt,
1445 4823 1693 4889 fortuito,
1725 4825 1883 4894 quasi
1913 4841 2006 4879 ne-

438 4936 713 4991 quaquam
744 4920 943 4973 existat
985 4917 1350 4988 providentia,
1395 4917 1634 4972 evenire.
1673 4917 1844 4987 Cujus
1877 4918 2002 4987 qui-

437 5017 560 5070 dem
610 5014 688 5067 rei
735 5013 1121 5067 documentum
1172 5007 1701 5072 manifestissimum,
1738 5025 1861 5078 quae
1907 5010 2002 5063 tibi

438 5107 733 5177 liberisque
761 5105 874 5159 tuis
901 5118 966 5158 ac
992 5103 1149 5158 uxori
1179 5102 1512 5158 acciderunt.
1545 5099 1678 5156 Nam
1712 5103 1756 5156 si
1783 5104 1923 5172 apud
1951 5113 2002 5156 te

2114 4556 2302 4610 θέσθαι
2345 4574 2403 4609 σε
2437 4560 2503 4628 τῇ
2538 4557 2783 4629 ἡμετέρᾳ
2826 4559 3035 4623 stic—ret;
3083 4557 3218 4610 Οὔτε
3251 4560 3357 4629 γὰρ
3403 4561 3678 4630 ἀσχολίαις

2109 4647 2457 4719 ἀγορασμῶν,
2490 4646 2617 4699 οὔτε
2637 4648 2906 4717 πράξεων,
2937 4647 3059 4702 οὔτε
3094 4649 3394 4720 γεωργιῶν,
3423 4651 3485 4702 οὐ
3525 4669 3680 4723 φρον-

2109 4739 2289 4801 τίδων,
2335 4737 2508 4790 οὐδενὶ
2545 4737 2748 4790 τούτων
2784 4738 2991 4811 κατέχῃ
3011 4755 3024 4768 ·
3060 4738 3286 4792 δύνασαι
3323 4739 3380 4794 δὲ
3422 4746 3563 4796 νοεῖν
3604 4745 3678 4808 ὡς

2109 4831 2211 4883 οὐκ
2253 4829 2575 4900 αὐτομάτως
2620 4831 2834 4898 ἐγένετό
2875 4847 2928 4882 τι
2964 4830 3073 4882 τῶν
3102 4831 3289 4894 ὄντων,
3312 4828 3398 4884 οἶα
3424 4835 3678 4904 προνοίας

2109 4923 2208 4975 οὐκ
2243 4919 2431 4991 οὔσης.
2458 4922 2567 4974 Kal
2605 4923 2794 4975 τούτου
2834 4922 3029 4992 δεῖγμα
3056 4922 3410 4991 σαφέστατον,
3441 4925 3512 4978 τὰ
3553 4927 3678 4998 περὶ

2113 5013 2174 5065 σὲ
2200 5015 2292 5067 καὶ
2323 5012 2396 5066 τὰ.
2419 5013 2487 5066 σὰ
2517 5013 2688 5067 τέκνα
2716 5015 2808 5066 καὶ
2843 5015 2942 5086 τὴν
2971 5019 3200 5083 γυναῖκα
3226 5018 3588 5088 γεγενημένα.
3617 5022 3676 5071 Εἰ

2108 5105 2216 5178 γὰρ
2238 5106 2390 5178 παρὰ
2417 5107 2499 5160 σοὶ
2525 5105 2678 5170 ὅντες
2712 5107 2805 5159 καὶ
2841 5108 2920 5169 εἰς
2944 5090 3104 5177 δεῦρο
3141 5107 3454 5178 ἐτύγχανον,
3485 5110 3585 5164 οὐκ
3613 5111 3675 5164 ἂν

1709 5284 1938 5338 VARIAE
1977 5277 2381 5348 LECTIONES.

509 5394 556 5429 ”
590 5396 665 5449 al.
700 5395 917 5476 ὡς.ω⁹⁶
944 5395 1026 5476 al.
1064 5396 1325 5476 γενέσθαι
1343 5395 1584 5476 δύναται.
1626 5399 1669 5428 ³⁷
1699 5399 1780 5476 _aI.
1813 5399 2170 5476 ⁵πλησθέντες.
2214 5404 2260 5435 ⁹⁶
2292 5403 2364 5458 al.
2402 5405 2910 5476 εὐχαριστήσαντες,
2939 5402 3196 5474 ἑσπέρας.
3272 5405 3318 5436 ⁹⁹
3375 5405 3448 5460 al.
3485 5407 3671 5476 ὁμολο-

422 5467 725 5543 γήσαντες.
759 5535 772 5543 _
807 5466 874 5543 “f
908 5467 981 5543 al:
1011 5468 1182 5543 insur.
1211 5467 1387 5543 quam.

1011 5469 1182 5546 ⁸ἰηειεικ
1211 5469 1387 5552 ἡμων.
1471 5469 1485 5497 ¹
1506 5471 1748 5552 ‘dees‘t'i‘n
1777 5470 1849 5523 al.
1884 5540 1894 5552 _
1922 5469 1954 5502 "
1987 5473 2061 5552 al.
2103 5474 2180 5544 τῷ
2213 5475 2401 5546 πατρί.
2465 5469 2501 5504 ’⁵
2533 5469 2605 5528 al.

441 5535 495 5621 in
522 5537 694 5621 τίκ-⁵
725 5535 805 5621 al;
837 5535 1182 5621 ὀφειλόμενον
1213 5535 1518 5621 ,ύμῖνιμεθ
1559 5537 1808 5621 αλλήλων
1836 5540 1911 5621 μέλ]
1958 5536 2131 5621 εἶναι,
2152 5535 2366 5621 ’πόᾳ-φῖ⁸
2417 5544 2556 5621 σοι..
2603 5547 2769 5621 inser.
2803 5543 2888 5598 οὐ.
3017 5537 3272 5621 ϐίεηιειιε.
3311 5584 3326 5609 ,

2651 5472 2876 5527 συνόντα
2915 5472 3116 5527 ἄλυπον
3145 5474 3383 5529 ἔσεσθαι.
3463 5478 3485 5509 ⁸
3520 5472 3670 5532 deest

3383 5545 3534 5601 hom.
3565 5564 3630 5601 xv
3650 5587 3671 5612 ν

442 5605 906 5701 21:92:..13':
939 5599 1322 5701 ειυιιιις.,-τεξις
1351 5599 2164 5701 ,Ξθιιστεδῖδνῖέτῆὶεέτξλασξν-μή·
2629 5615 2684 5701 δὲ
3139 5599 3668 5701 «meum;
3755 5644 3758 5647 -

446 5674 497 5743 pl
522 5673 615 5725 σοῦ
643 5673 911 5727 ἀνιᾶσθαι.
954 5673 962 5676 ⁷
1016 5673 1239 5731 πάρρει
1268 5679 1321 5730 in
1349 5679 1422 5730 al.

446 5680 504 5768 pl
522 5680 615 5758 eo?
643 5680 911 5774 ἁνιΞσθαι.
1024 5680 1063 5706 ¹¹
1091 5680 1239 5731 deest
1268 5680 1321 5730 in
1349 5680 1422 5730 al.
1465 5749 1476 5759 .
1531 5680 1573 5711 ¹²
1608 5681 1681 5732 al.
1720 5680 1892 5744 οὔτως
1917 5680 2095 5746 καλῶς
2127 5680 2391 5753 ποιήσεις,
2416 5686 2625 5747 ,αὐτοὺς
2660 5680 3047 5756 ὁμογνώμονας
3070 5701 3151 5738 σοι
3174 5680 3554 5754 εἰληφὼς,’κα“ι
3576 5684 3668 5740 τοῦ

444 5759 648 5805 κεναις.
812 5745 883 5798 aI.
922 5745 1120 5812 φόϐων.
1202 5747 1245 5777 ⁸⁸
1284 5750 1433 5802 deest
1463 5765 1516 5802 tn
1551 5753 1620 5803 al.
1653 5752 1695 5782 ⁸⁵
1729 5751 1801 5806 al.
1844 5752 2041 5820 φαίνει.
2123 5755 2164 5784 ¹⁶
2193 5756 2259 5807 al.
2295 5754 2571 5820 add.‘€<pr,.

2123 5755 2164 5784 ¹⁶
2193 5756 2259 5807 al.
2295 5758 2418 5809 add.
2439 5754 2571 5825 ἔφη.
