4032 6146
506 308 624 366 ωε.

1355 320 1415 371 S.
1453 315 1842 373 CLEMENTIS
1873 318 1890 372 I
1924 318 2088 374 liOIl-l.
2130 320 2333 376 PONT.
2379 321 2610 377 OPERA
2650 320 2877 378 DUBIA.

3658 316 3773 375 εἱσι

505 432 580 487 sit
599 432 848 502 debitor;
886 437 1222 507 insuperqne
1286 440 1504 508 mortis,
1556 441 1652 512 qui
1682 458 1876 514 nempe
1905 444 1958 497 in
1991 444 2081 499 ad-

2187 444 2276 498 τοῦ
2310 444 2553 498 ἐναντίου
2583 444 2747 506 ἁλοὺς
2793 443 2944 514 ὅροις
2965 458 2977 470 '
3010 440 3071 493 οὐ
3100 439 3251 492 δοκεῖ
3290 453 3374 491 σοι
3400 435 3483 491 ὅτι
3505 438 3534 489 ὁ
3582 435 3763 490 λαϐὼν

506 526 733 580 versat-ii
786 528 985 585 ilnibus
1027 539 1221 599 captus
1290 531 1403 600 sit;
1457 548 1642 590 nonne
1698 535 1796 590 tibi
1847 537 2079 603 videtur,

509 616 808 674 humanum
850 635 971 675 esse
1014 637 1138 675 eum
1164 625 1255 694 qui
1314 625 1538 696 duplum
1570 628 1803 697 accepit,
1834 637 1888 682 ct
1933 645 2080 682 mor-

510 719 617 765 tem
645 712 899 767 remisit?
935 713 1001 769 Et
1024 725 1178 785 pater
1206 732 1232 769 r
1254 718 1525 786 spondit:
1563 720 1608 752 ³³
1661 719 1819 776 Nunc
1846 737 2076 791 persua-

504 803 629 858 sisti
676 805 850 872 mihi,
910 820 1005 860 eos
1051 806 1143 877 qui
1205 808 1464 878 injuriam
1516 811 1763 880 faciunt,
1818 812 2075 882 injuriam

501 896 659 966 pati;
712 913 808 952 eos
863 907 1044 953 autem
1092 899 1184 970 qui
1237 900 1438 969 injuria
1508 902 1838 971 adiciuntur,
1897 905 2078 975 potius

509 987 765 1058 injuriani
811 988 1013 1046 facere.
1065 989 1333 1058 Quocirca
1367 994 1627 1065 amplius,
1663 994 1798 1050 mihi
1847 994 2079 1067 iniquis-

501 1079 706 1134 simum
755 1092 980 1152 apparet
1041 1082 1094 1137 id
1153 1084 1332 1155 ipsum
1376 1088 1523 1158 quod
1574 1088 1672 1141 llt:
1726 1089 1986 1158 quoniam
2040 1087 2077 1141 li

503 1170 724 1241 quidem
750 1174 842 1243 qui
902 1174 1154 1230 videntur
1196 1177 1450 1233 conferre
1481 1179 1760 1248 injuriam,
1808 1178 1910 1233 sibi
1945 1178 2079 1248 ipsis

504 1263 686 1332 potius
732 1276 1056 1332 nocuerunt,
1089 1277 1138 1322 et
1194 1269 1419 1323 multam
1446 1270 1516 1326 iis
1560 1269 1655 1340 qui
1708 1269 1912 1338 injuria
1943 1269 2076 1324 aﬂ'e-

503 1357 578 1411 (‘ti
634 1368 764 1413 sunt
815 1370 1079 1429 pararunt
1127 1363 1418 1417 utilitatem
1457 1382 1470 1419 :
1504 1364 1598 1434 qui
1650 1379 1780 1419 vero
1822 1363 2078 1419 videntur

504 1444 761 1514 injurlain
833 1450 1125 1515 sustinere,
1181 1451 1285 1523 ipsi
1357 1466 1477 1508 eam
1554 1453 1738 1522 potius
1778 1453 2075 1515 inferunt;

501 1538 632 1606 quia
678 1539 804 1595 licet
856 1542 1153 1610 plurimum
1211 1545 1281 1599 ab
1325 1544 1435 1600 illis
1492 1544 1767 1602 commodi
1825 1546 2073 1614 tulerint,

2184 537 2246 592 τὸ
2270 536 2550 591 διπλάσιον
2572 537 2667 590 καὶ
2696 534 2926 589 θανάτου
2951 532 3112 587 αὑτὸν
3141 529 3441 593 ἀπολύσας,
3469 527 3767 601 φιλάνθρω-

2187 648 2287 695 πος
2312 629 2587 699 τυγχάνει.
2635 629 2745 682 Kal
2780 629 2809 680 6
2838 627 3020 697 πατὴρ
3050 625 3094 656 ³⁸
3132 623 3467 695 ἀπεκρίνατο
3489 640 3502 653 ·
3540 621 3654 675 Νῦν
3695 639 3763 694 με

2185 723 2456 787 πέπεικας
2486 723 2568 776 ὅτι
2607 723 2655 774 οἱ
2686 720 2996 783 ἀδικοῦντες
3034 719 3186 772 αὐτοὶ
3231 716 3575 773 ἀδικοῦνται·
3619 718 3669 770 οἱ
3707 717 3764 771 δὲ

2184 813 2552 886 ἀδικούμενοι,
2599 813 2799 885 μᾶλλον
2858 810 3261 865 πλεονεκτοῦσι.
3318 810 3429 864 Kal
3479 808 3567 864 διὰ
3610 809 3766 864 τοῦτο

2184 907 2277 960 ἐπὶ
2298 906 2457 960 πλέον
2484 906 2813 961 ἀδικώτατόν
2845 923 2935 978 μοι
2963 905 3211 975 φαίνεται
3256 903 3565 975 γινόμενον-
3600 902 3682 956 ὅτι
3723 903 3769 935 ³⁸

2183 1000 2234 1052 οἱ
2288 998 2386 1069 μὲν
2414 998 2698 1064 δοκοῦντες
2736 999 2963 1063 ἀδικεῖν,
2995 997 3223 1061 ἑαυτοὺς
3270 995 3510 1066 ἔϐλαψαν
3540 994 3766 1066 μᾶλλον,

2186 1091 2388 1163 πολλὴν
2411 1092 2467 1145 δὲ
2494 1095 2607 1156 τοῖς
2629 1091 2962 1163 ἀδικηθεῖσιν
2988 1089 3313 1160 ἐπορίσαντο
3337 1089 3438 1160 τὴν
3460 1087 3731 1158 ὠφέλειαν
3752 1104 3766 1118 ’

2182 1183 2234 1236 οἱ
2259 1183 2305 1215 ³³
2333 1183 2389 1236 δὲ
2416 1182 2698 1247 δοκοῦντες
2729 1181 3051 1246 ἀδικεῖσθαι,
3079 1180 3232 1234 αὐτοὶ
3258 1181 3303 1211 ³⁸
3333 1178 3535 1252 μᾶλλον
3556 1177 3746 1232 ἀδικοῦ

2185 1292 2267 1327 σιν
2290 1291 2303 1305 ·
2352 1276 2435 1329 ὅτι
2475 1276 2651 1330 καίτοι
2698 1274 2928 1328 πλεῖστα
2957 1276 3085 1345 παρ’
3117 1273 3344 1327 ἐκείνων
3374 1270 3768 1344 ὠφεληθέντες.

2181 1369 2294 1430 τοῖς
2330 1368 2539 1439 ὁμοίοις
2577 1368 2773 1431 αὐτοὺς
2795 1367 2897 1421 οὐκ
2925 1366 3267 1438 ἀμείϐονται.
3320 1364 3432 1418 Kal
3468 1365 3496 1417 6
3532 1363 3745 1435 Πέτρος

2198 1457 2333 1511 Ἀλλ’
2354 1459 2416 1513 οὐ
2441 1460 2592 1532 παρὰ
2619 1461 2719 1532 τὴν
2738 1458 2847 1513 τῶν
2874 1458 3308 1531 ἐπηρεαζόντων,
3338 1455 3474 1510 ἀλλὰ
3494 1454 3649 1527 παρὰ
3674 1453 3770 1526 τὴν

2182 1550 2289 1603 τῶν
2317 1551 2620 1623 δεχομένων
2645 1552 2817 1605 ταῦτα
2836 1549 3049 1621 γίνεται
3069 1549 3312 1621 γνώμην.

499 1648 599 1687 eos
630 1634 746 1703 pari
770 1637 939 1706 gratia
960 1651 1066 1691 non
1095 1648 1466 1694 remunerant.
1500 1638 1568 1694 Et
1587 1639 1823 1695 Petrus:
1869 1638 2065 1696 Verum
2102 1642 2217 1700 haec
2278 1663 2386 1700 non
2417 1656 2609 1701 contra
2644 1645 3043 1725 infestantium,
3112 1648 3205 1704 sed
3268 1657 3457 1700 contra
3487 1641 3774 1698 infestato.

505 1741 627 1780 rum
648 1726 983 1783 voluntatem
1017 1728 1365 1802 contingunt.

573 1838 834 1897 CXXVII.
867 1840 1023 1896 Tunc
1064 1851 1216 1912 pater
1247 1842 1466 1898 laudata
1499 1858 1562 1898 ea
1595 1843 1866 1911 oratione,
1895 1844 1972 1898 ait
2016 1844 2085 1900 ad

2263 1836 2529 1897 CXXVII.
2565 1840 2677 1893 Kal
2726 1842 2755 1893 6
2795 1840 2979 1912 πατὴρ
3034 1838 3332 1902 ἐπαινέσας
3368 1836 3436 1892 τὰ
3484 1836 3771 1910 εἰρημένα,

502 1929 724 1987 Petrum
764 1951 779 1988 :
818 1931 946 1999 Sed,
1001 1932 1223 1989 domine
1278 1933 1377 1997 mi,
1431 1934 1578 1990 hunc
1624 1950 1845 2006 quoque
1880 1950 2090 1991 sermo-

2194 1933 2331 2007 πρὸς
2372 1933 2463 1986 τὸν
2495 1931 2703 2003 Πέτρον
2746 1932 2909 2004 φησίν
2935 1948 2949 1962 ⁸
3006 1930 3168 1995 Ἀλλ’,
3203 1925 3248 1983 ὦ
3298 1929 3457 2000 κύριέ
3511 1947 3634 2001 μου,
3679 1930 3774 1983 καὶ

504 2040 628 2079 nem
680 2024 814 2081 mihi
846 2025 1087 2081 dcclara.
1134 2024 1356 2080 Memini
1386 2027 1532 2082 enim
1581 2026 1914 2083 Clementem
1948 2028 2084 2085 mihi

498 2119 704 2185 dicere,
738 2134 838 2175 nos
863 2119 1094 2189 injurias
1114 2129 1168 2175 et
1209 2120 1559 2187 atllictiones,
1611 2122 1679 2176 ad
1734 2131 2085 2192 peccatorqu

500 2211 884 2268 remissionem
938 2212 1070 2284 pati.
1101 2212 1167 2267 Et
1219 2212 1414 2269 Petrus
1446 2231 1460 2268 :
1497 2212 1658 2269 Recte
1704 2212 1887 2281 habet,
1922 2221 2087 2285 atque

500 2300 575 2355 ita
635 2307 738 2355 est.
796 2298 929 2368 Quae
980 2301 1127 2355 enim
1176 2299 1430 2356 homines
1492 2299 1866 2371 possidemus,
1926 2299 2084 2371 plura

499 2375 857 2464 appetentes:
900 2393 1018 2451 sive
1064 2403 1264 2460 vestes,
1307 2392 1558 2464 inquam.
1595 2393 1711 2449 sive
1742 2407 1935 2459 escas,
1968 2392 2085 2449 sive

498 2488 772 2555 potiones,
811 2486 927 2542 sive
976 2485 1080 2542 alia
1131 2486 1441 2557 quapiam:
1493 2500 1601 2539 non
1651 2494 1799 2541 recte
1858 2485 2085 2541 omnino

499 2577 784 2643 tacientes,
812 2577 1196 2647 possidemus;
1251 2576 1381 2647 quia
1402 2575 1537 2629 nihil
1571 2575 1772 2631 habere
1794 2575 2081 2641 debemus,

502 2667 584 2720 uti
637 2667 802 2738 paulo
870 2675 998 2721 ante
1059 2666 1219 2721 vobis
1258 2665 1397 2735 dixi,
1448 2663 1585 2719 Nam
1636 2665 1681 2721 si
1735 2665 1788 2719 in
1824 2665 2084 2723 omnibus

499 2758 881 2830 possessiones
905 2759 1083 2814 solent
1116 2759 1184 2813 iis
1236 2758 1330 2829 qui
1363 2757 1643 2828 possident
1672 2757 1967 2813 conciliare
1990 2758 2084 2814 de-

498 2852 669 2918 licta;
715 2864 904 2906 earum
949 2864 1278 2920 quocunque
1319 2848 1484 2904 modo
1533 2848 1784 2918 privatio.
1811 2848 2084 2920 ademptio

498 2951 588 2997 est
632 2941 976 2998 delictorum.
1036 2938 1181 2997 Dixit
1219 2951 1372 3013 pater
1412 2957 1427 2994 :
1460 2939 1627 2996 Recte
1675 2940 1857 2998 habet.
1890 2939 2084 2998 Petrus

502 3050 634 3091 vero
683 3051 698 3090 :
752 3033 1085 3092 Justissime.
1164 3032 1615 3104 Quandoquidem
1687 3032 1832 3089 enim
1894 3048 2083 3087 eorum

499 3129 598 3200 qui
642 3129 925 3185 salvantur
972 3135 1097 3192 est,
1131 3137 1192 3181 ut
1243 3126 1377 3192 dixi,
1418 3125 1556 3180 nihil
1604 3124 1841 3218 hapere;
1896 3123 2085 3181 multis

501 3230 688 3278 autem
745 3220 932 3276 multa:
980 3226 1278 3290 suppetunt
1335 3218 1754 3289 possessiones;
1814 3232 1877 3271 ea
1917 3231 2082 3273 causa

2185 2023 2373 2078 τοῦτόν
2402 2039 2491 2094 μοι
2520 2022 2611 2075 τὸν
2635 2021 2791 2091 λόγον
2822 2022 3136 2093 σαφήνισον.
3162 2018 3591 2092 Μέμνημαιγὰρ
3616 2021 3773 2092 εἰρη-

2185 2116 2343 2180 κότος
2374 2132 2464 2185 μοι
2488 2113 2824 2186 Κλήμεντος,
2854 2113 2940 2167 ὅτι
2962 2111 3034 2167 τὰ
3069 2112 3383 2185 ἀδικήματα
3405 2113 3501 2167 καὶ
3529 2111 3598 2166 τὰ
3622 2112 3770 2183 πάθη

2188 2209 2322 2283 πρὸς
2341 2207 2534 2278 ἄφεσιν
2561 2206 2842 2279 ἁμαρτιῶν
2865 2206 3166 2277 πάσχομεν.
3197 2207 3307 2260 Kal
3327 2208 3355 2260 6
3372 2205 3576 2279 Πέτρος
3596 2223 3610 2235 ·
3650 2206 3775 2278 Ὀρ-

2187 2301 2296 2366 θῶς
2332 2301 2465 2373 ἔχει,
2521 2301 2616 2355 καὶ
2650 2297 2823 2362 οῦτως
2851 2297 3019 2352 ἐστίν.
3060 2300 3129 2350 "A
3164 2297 3272 2369 γὰρ
3323 2296 3601 2367 ἄνθρωποι
3628 2295 3773 2350 κτῶ-

2190 2394 2363 2467 μεθα,
2397 2392 2494 2448 τοῦ
2544 2391 2796 2456 πλείονος
2844 2390 3146 2463 ἐφιέμενοι,
3192 2391 3302 2444 εἴτε
3334 2391 3548 2462 ἱμάτια,
3603 2390 3770 2462 φημὶ,

2187 2486 2299 2543 εἴτε
2331 2484 2618 2560 βρώματα,
2651 2484 2759 2540 εἴτε
2805 2482 2965 2548 ποτὰ,
3013 2481 3125 2536 εἴτε
3162 2480 3297 2537 ἄλλα
3327 2481 3469 2545 τινὰ,
3495 2481 3557 2534 οῦ
3590 2481 3773 2545 καλῶς

2186 2578 2404 2641 πάντως
2448 2574 2730 2640 ποιοῦντες
2761 2573 3040 2647 κτώμεθα,
3071 2573 3160 2629 διὰ
3184 2573 3246 2627 τὸ
3271 2574 3379 2631 δεῖν
3407 2573 3572 2646 μηδὲν
3603 2574 3769 2644 ἔχειν,

2185 2669 2263 2733 ὡς
2301 2667 2482 2741 μικρῷ
2537 2667 2772 2740 πρόσθεν
2827 2667 2956 2738 ὑμῖν
3014 2666 3230 2739 εἴρηκα.
3283 2666 3347 2720 Et
3389 2665 3497 2738 γὰρ
3539 2667 3595 2718 ὲν
3636 2668 3771 2720 πᾶσι

2185 2761 2255 2815 τὰ
2270 2761 2526 2833 κτήματα
2553 2758 2833 2834 προξενεῖν
2860 2755 2999 2814 οἶδεν
3029 2758 3243 2831 ἔχουσιν
3286 2751 3689 2832 ἁμαρτήματα,
3736 2759 3771 2830 ὴ

2184 2852 2388 2910 τούτων
2416 2853 2459 2884 ³⁷
2488 2853 2636 2917 ὅπως
2660 2852 2791 2906 ποτὲ
2821 2852 3077 2927 στέρησις
3110 2852 3394 2924 ἁμαρτιῶν
3420 2854 3570 2905 ἐστιν
3600 2849 3771 2920 agmi-

2191 2963 2358 3019 ρεσις.
2412 2945 2524 3000 Kal
2582 2946 2612 3000 6
2640 2945 2823 3017 πατὴρ
2869 2943 2975 3015 ἔφη
3003 2961 3017 2975 ο
3043 2942 3409 3008 ,Ἄκολοῦθως
3455 2943 3590 3015 ἔχει.
3660 2943 3773 2996 Kal

2185 3035 2215 3086 6
2252 3032 2492 3106 Πέτρος·
2529 3034 2641 3087 Kal
2685 3032 3017 3086 δικαιότατα.
3082 3031 3237 3085 Ἐπεὶ
3287 3030 3396 3104 γὰρ
3434 3029 3547 3085 τῶν
3597 3030 3771 3094 σωζο-

2188 3124 2366 3195 μένων
2394 3125 2563 3190 ὲστὶν,
2612 3125 2688 3188 ὡς
2739 3122 2896 3195 ἔφην,
2938 3122 3001 3176 τὸ
3054 3122 3220 3196 μηδὲν
3256 3122 3401 3193 ἔχειν
3428 3121 3494 3186 ³⁸,
3527 3120 3772 3191 ὑπάρχει

2186 3218 2244 3273 δὲ
2268 3218 2482 3282 πολλοῖς
2518 3218 2791 3290 κτήματα,
2813 3215 3001 3270 τούτου
3034 3216 3194 3288 χάριν
3241 3215 3299 3283 ἐξ
3322 3214 3772 3287 ὑπερσαλλοὺσης

503 3329 603 3383 per
645 3311 906 3369 eximiam
931 3310 1024 3366 Dei
1057 3309 1452 3367 humanitatem
1481 3309 1874 3380 castigationes
1920 3309 2084 3363 indu-

2190 3309 2324 3365 Θεοῦ
2369 3277 2789 3383 φιλανθρῶπίας
2819 3277 3121 3378 ἐπάγονται¹
3166 3277 3404 3365 παιδεῖαι
3433 3277 3562 3372 ιτοῖς
3615 3307 3695 3379 μὴ
3727 3277 3772 3338 λ’

503 3417 706 3461 mintur
734 3404 825 3472 iis,
872 3403 965 3475 qui
1011 3402 1314 3459 secundum
1358 3402 1449 3458 Dei
1480 3401 1817 3457 voluntatem
1844 3415 1953 3455 non
2006 3399 2089 3455 vi-

503 3508 670 3565 vnnt;
695 3507 756 3551 ut
779 3505 999 3568 propter
1028 3495 1364 3566 aliquantam
1395 3510 1522 3564 erga
1546 3492 1714 3547 Denm
1741 3492 2084 3559 charitatem,

506 3588 838 3660 temporaria
892 3587 1158 3657 supplicia
1221 3586 1575 3657 perferentes,
1629 3584 1850 3641 aeternis
1908 3584 2087 3653 poenis

503 3681 839 3736 eximantur.
897 3676 1037 3733 Tum
1073 3687 1226 3749 pater
1260 3693 1274 3732 :
1313 3675 1454 3743 Quid
1489 3677 1673 3743 enim;
1728 3690 1910 3729 nonne
1945 3675 2088 3731 mul-

506 3783 594 3829 tos
644 3772 839 3843 impios
887 3769 1136 3826 videmus
1194 3783 1462 3840 pauperes
1488 3768 1511 3821 ?
1542 3768 1625 3822 An
1684 3776 1969 3838 propterea
2033 3775 2088 3823 et

506 3867 631 3923 illos
671 3864 921 3920 dicemus
984 3862 1038 3917 in
1089 3869 1245 3933 parte
1297 3876 1485 3916 eorum
1533 3874 1657 3916 esse
1705 3859 1800 3928 qui
1852 3859 2082 3917 salutem

503 3955 967 4028 consequuntur?
1012 3953 1080 4008 Et
1125 3953 1320 4009 Petrus
1369 3972 1382 4007 :
1433 3950 1785 4023 Nequaquam
1834 3952 2079 4009 omnino.

503 4043 624 4102 Non
655 4043 799 4099 enim
830 4042 1108 4113 probanda
1125 4050 1210 4097 est
1238 4041 1444 4111 inopia,
1476 4056 1599 4111 qua:
1629 4042 1834 4112 appetit
1868 4057 1934 4097 ea
1957 4057 2082 4112 qua:

507 4150 618 4190 non
639 4134 794 4192 decet
819 4153 832 4191 :
874 4132 1003 4205 quia
1027 4140 1081 4188 et
1110 4131 1379 4189 Dominus
1401 4140 1591 4188 noster
1615 4130 1774 4189 Jesus
1802 4132 2079 4197 Christus,

502 4225 681 4282 Filius
715 4224 809 4281 Dei
833 4225 963 4291 vivi,
1004 4224 1195 4280 beatos
1228 4225 1534 4295 praedicans
1569 4239 1865 4294 pauperes,
1900 4223 2080 4292 Beati,

506 4318 730 4391 inquit,
784 4333 1039 4388 pauperes
1098 4317 1289 4387 spiritu
1334 4332 1354 4371 :
1397 4318 1650 4387 quoniam
1706 4318 1941 4387 ipsorum
2005 4326 2081 4370 est

503 4427 726 4483 regnum
758 4410 1009 4466 caelorum
1049 4422 1097 4466 δ.
1129 4408 1268 4463 Tum
1305 4417 1503 4479 pater:
1542 4407 1677 4464 Vere
1716 4424 1944 4480 prorsus
1991 4423 2082 4464 se-

501 4504 746 4559 cundum
792 4502 1129 4574 propositam
1162 4501 1519 4571 quaestionem
1568 4515 1656 4557 res
1689 4500 1908 4557 videtur
1934 4510 2082 4557 recte

2191 3404 2333 3461 κατὰ
2352 3404 2413 3458 τὸ
2435 3404 2625 3459 δοκοῦν
2661 3403 2780 3475 Θεῷ
2799 3401 3254 3474 πολιτευομένοις,
3281 3402 3371 3455 ἴνα
3396 3400 3484 3455 διὰ
3503 3401 3565 3453 τὺ
3588 3398 3772 3462 ποσῶς

2190 3492 2433 3565 φιλόθεον
2457 3493 2823 3567 προσκαίρους
2849 3491 3210 3564 ὑπομένοντες
3232 3492 3500 3565 τιμωρίας
3530 3490 3599 3553 ⁸⁸,
3641 3492 3769 3544 αἰω-

2189 3587 2315 3642 νίων
2344 3585 2697 3656 ἀπαλλαγῶσι
2721 3584 3014 3643 κολάσεων.
3042 3583 3153 3637 Kal
3179 3585 3207 3638 6
3230 3585 3440 3655 πατήρ·
3472 3582 3536 3635 Τί
3566 3582 3608 3614 ⁸⁸
3641 3581 3762 3635 δαί⁶

2187 3681 2250 3733 οὐ
2277 3681 2322 3711 ⁸³
2372 3678 2597 3743 πολλοὺς
2637 3677 2853 3742 ἀσεϐεῖς
2877 3679 3095 3750 ὁρῶμεν
3123 3677 3361 3748 πένητας
3388 3692 3403 3737 ς
3454 3671 3592 3730 Εἶτα
3619 3672 3771 3745 παρὰ

2186 3770 2346 3827 τοῦτο
2378 3771 2473 3826 καὶ
2496 3770 2693 3833 αὐτοὺς
2718 3770 2816 3841 τῆς
2842 3769 2952 3822 τῶν
2982 3768 3303 3839 σωζομένων
3355 3760 3494 3820 εἶναι
3554 3764 3771 3838 μερίδος

2188 3866 2463 3937 φήσομενς
2493 3863 2587 3915 καὶ
2612 3864 2639 3916 6
2664 3862 2712 3893 "
2754 3852 2983 3935 Πέτρος”
3007 3861 3082 3916 Οὐ
3110 3859 3351 3922 πάντως.
3398 3858 3474 3912 Οὐ
3495 3856 3605 3929 γὰρ
3633 3857 3770 3910 ἀπο·

2185 3955 2406 4026 δεκτὴή
2436 3953 2617 4017 πενία,
2650 3948 2725 4007 ὧν
2782 3954 2857 4025 μὴ
2914 3952 3192 4025 προσῆκεν
3241 3950 3543 4022 ὁρεγομένη
3580 3966 3594 3980 ·
3640 3946 3771 4001 ἐπεὶ

2185 4043 2232 4076 ⁸⁸
2256 4046 2348 4101 καὶ
2375 4046 2404 4099 ὁ
2424 4044 2624 4118 Κύριος
2643 4043 2798 4119 ήμῶν
2828 4042 3033 4115 Ἰησοῦς
3052 4042 3283 4115 Χριστὸς
3306 4041 3336 4096 ὁ
3357 4042 3485 4105 Υἱὸς
3506 4039 3601 4094 τοῦ
3627 4038 3764 4105 ζῶνο

2184 4154 2275 4199 τος
2298 4137 2453 4201 Θεοῦ,
2487 4136 2803 4211 μακαρίζων
2828 4136 2873 4168 δ’
2899 4137 3027 4200 τοὺς
3079 4133 3357 4205 πτωχούς
3393 4131 3683 4201 Μακάριοι
3713 4134 3768 4187 οι

2185 4226 2426 4298 πτωχοὶ,
2463 4227 2588 4299 ἔφη,
2651 4226 2728 4293 τῷ
2778 4228 3067 4297 πνεύματι
3093 4244 3107 4258 θ
3142 4225 3230 4280 ὅτι
3257 4223 3456 4280 αὐτῶν
3506 4225 3681 4278 ἐστιν
3728 4224 3767 4291 ἡ

2179 4317 2465 4383 ,Βασιλεία
2508 4316 2627 4370 τῶν
2675 4315 2965 4385 οὐρανῶν.
3023 4316 3134 4369 Καὶ
3179 4315 3207 4366 ὁ
3255 4315 3438 4386 πατήρ
3457 4332 3470 4344 ·
3527 4312 3767 4381 Ἀληθῶς

2185 4410 2324 4463 πάνυ
2360 4408 2500 4466 κατὰ
2540 4409 2638 4481 τὴν
2668 4408 2924 4462 ὑπόθεσιν
2952 4406 3128 4479 ὀρθῶς
3177 4406 3320 4478 ἔχειν
3354 4405 3424 4459 τὰ
3465 4406 3767 4478 πράγματα

2185 4503 2450 4573 φαίνεται·
2476 4502 2556 4556 διὸ
2580 4503 2675 4555 καὶ
2703 4501 3073 4573 προαιρέσεως
3101 4498 3217 4533 ⁵⁸³⁷
3248 4499 3357 4572 ἔχω
3374 4501 3441 4574 τῇ
3460 4496 3611 4569 τάξει
3628 4515 3765 4555 πανο

506 4595 709 4651 habere
741 4614 756 4649 :
783 4602 1114 4666 quapropter
1136 4593 1188 4647 in
1219 4593 1406 4649 animo
1438 4593 1614 4649 habeo
1666 4602 1833 4649 totam
1885 4593 2079 4651 ordine

2187 4594 2273 4659 τδς
2298 4595 2601 4653 ἐπακοῦσαι
2630 4594 2723 4648 τοῦ
2768 4594 2950 4663 λόγου.

501 4688 697 4744 audire
725 4688 1055 4743 doctrinam.

574 4799 864 4859 CXXVIII.
900 4798 967 4852 Et
1010 4798 1207 4854 Petrus
1235 4817 1250 4853 :
1282 4798 1476 4869 Itaque
1523 4798 1780 4868 deinceps
1840 4797 2079 4853 studenti

501 4895 605 4952 tibi
638 4894 851 4950 discere
871 4907 996 4963 qua:
1026 4891 1093 4945 ad
1131 4899 1373 4945 nostram
1411 4889 1569 4947 [idem
1608 4891 1901 4960 pertinent,
1940 4890 2080 4944 hanc

500 4987 820 5043 doctrinam
852 4985 1175 5055 esplicabo;
1209 4983 1280 5038 ab
1337 4982 1458 5054 ipso
1513 4983 1749 5052 primum
1813 4981 2081 5050 incipiens

504 5079 658 5145 Deo;
702 5086 759 5134 et
823 5076 1118 5131 ostendens
1143 5115 1156 5137 ,
1195 5075 1372 5146 ipsum
1429 5072 1604 5130 solum
1638 5072 1928 5129 dicendum
1962 5086 2083 5127 esse

504 5170 701 5233 Deum,
740 5166 880 5223 alios
903 5181 1033 5222 vero
1067 5181 1170 5222 nec
1201 5165 1485 5232 dicendos,
1521 5180 1619 5222 nec
1651 5164 2081 5231 existimandos;

580 5297 607 5326 ο
639 5284 832 5340 Matth.
857 5299 911 5350 v,
943 5283 996 5338 5.

2242 4794 2329 4851 CX
2341 4795 2380 4851 Χ
2392 4795 2506 4850 VIII
2516 4836 2529 4849 .
2543 4797 2653 4851 Kal
2667 4799 2695 4851 6
2712 4797 2934 4868 Πέτρος·
2954 4796 3162 4850 Οὐκοῦν
3173 4795 3267 4850 τοῦ
3281 4796 3467 4851 λοιποῦ
3486 4795 3767 4851 σπεύδοντί

2190 4905 2271 4941 σοι
2295 4887 2363 4942 τὰ
2387 4887 2527 4942 κατὰ
2548 4888 2647 4960 τὴν
2672 4888 2946 4961 ἡμετέραν
2972 4888 3153 4941 πίστιν
3180 4888 3373 4960 μαθεῖν
3390 4888 3454 4954 ⁸⁸,
3472 4886 3679 4960 προῖὼν
3705 4905 3764 4941 τε

2188 4982 2280 5035 τὸν
2308 4980 2464 5050 λόγον
2503 4980 2801 5054 ἐκθήσομαι
2838 4981 2931 5035 ἀπ’
2962 4981 3182 5035 αὑτοῦ⁸⁹
3216 4980 3430 5053 πρῶτον
3467 4981 3768 5053 ἀρχόμενος

2189 5073 2282 5127 τοῦ
2303 5073 2436 5128 Θεοῦ
2456 5092 2469 5107 ·
2501 5074 2817 5137 καὶδεικνὺς
2836 5073 2998 5127 αὑτὸν
3023 5073 3180 5145 μόνον
3203 5072 3310 5128 δεῖν
3329 5074 3374 5106 ⁵ο
3400 5074 3578 5143 λέγειν
3606 5072 3764 5132 Θεδν,

2192 5164 2412 5235 ἑτέρους
2456 5165 2511 5223 δὲ
2554 5165 2688 5236 μήτε
2744 5164 2924 5233 λέγειν
2970 5164 3106 5237 μήτε
3128 5165 3418 5236 ,.νομίζειν,
3468 5166 3560 5220 καὶ
3605 5165 3688 5219 ὅτι
3713 5164 3753 5194 ⁸³

1783 5369 2014 5427 ΥΑΒΙέΕ
2057 5368 2457 5426 LECTIONES.

582 5474 626 5507 "
650 5473 724 5529 al.
760 5472 927 5527 inscr.
962 5471 1100 5543 προς
1122 5471 1311 5527 ταῦτα.
1364 5472 1424 5543 _"
1469 5464 1749 5543 Clement.,
1778 5471 1924 5524 hom.
1955 5486 2043 5533 xv,
2065 5485 2129 5543 c.~
2143 5468 2197 5535 8,
2219 5478 2324 5543 etc.
2367 5469 2421 5543 'f‘
2443 5467 2530 5543 al“
2556 5465 2635 5543 ξτι

2670 5464 2868 5536 μᾶλλον
2894 5463 3223 5536 ἀδικώτατον
3242 5464 3376 5536 ὅλων
3402 5479 3492 5536 μοι
3509 5460 3768 5536 Δφαίνεται

504 5545 572 5601 το
598 5545 831 5634 πρᾶγμα
849 5558 863 5572 ·
899 5530 1017 5596 ὅτι]
1043 5530 1190 5634 “mal.
1214 5541 1387 5634 ίπολλᾲ
1412 5545 1526 5605 τοῖς
1547 5530 2242 5634 ἐλομέὶέριςισυγχωροῦρίν-
2272 5540 2319 5592 οἱ
2366 5537 2444 5593 δέ.
2488 5530 2885 5634 “_dees't“inr‘al.
2929 5535 2972 5634 ’ἶ
2990 5535 3061 5616 al_.
3097 5532 3377 5634 in‘ser.“6.€;
3387 5530 3544 5634 "'31.

510 5602 682 5684 μηδὲν
721 5602 1005 5684 ὖπάρχειν.
1089 5612 1133 5645 ³⁸
1181 5616 1256 5684 al1
1298 5602 1657 5684 εἰλικρινῶς.’
1710 5611 1755 5684 ξθ
1797 5602 1868 5665 al.
1916 5602 2269 5684 προσκαίρων
2312 5607 2613 5684 τιμωριῶν.
2690 5605 2988 5684 “__desunt_
3032 5605 3189 5684 in.al.
3215 5606 3331 5684 βξ,
3350 5604 3421 5684 al.
3582 5602 3655 5684 ’f'
3684 5602 3740 5655 al

512 5672 666 5754 πάρα
709 5672 1010 5737 τοῦτο”οὖν
1058 5672 1473 5754 καχοῦτοιτῶν
1525 5672 1846 5753 σωζομένων
1874 5672 2045 5754 εἰσ’ίν;
2076 5672 2248 5754 καίξλόἶ
2325 5672 2659 5754 δ’δ’νίξῌπλῇν.
2702 5675 3028 5754 _"decst_in
3060 5674 3130 5754 al.
3192 5673 3331 5754 _“""
3358 5675 3430 5729 al.
3473 5672 3762 5746 ἐγενόμην.

509 5752 653 5811 “ul.
671 5753 962 5827 ὀφείλοντι,
992 5755 1057 5826 τῇ
1093 5752 1262 5820 τάξει.

1341 5756 1385 5796 δ’
1413 5753 1565 5810 deest
1605 5744 1761 5813 in'nl.
1844 5753 1886 5785 ⁵⁰
1915 5754 1983 5808 al.
2017 5753 2095 5805 ὅτι
2135 5750 2293 5805 αὐτὸν
2331 5766 2389 5822 μ.
2419 5747 2514 5802 δεῖ.
2580 5748 2621 5779 ⁵¹
2666 5747 2734 5802 al.
2778 5747 2871 5800 καὶ
2900 5744 3057 5802 τοῦτο
3080 5744 3264 5801 εἰπὼν.
