  <div class='ocr_page' id='page_1' title='image "/cluster/home/n/w/nwhite01/storage/ocr_20150623/2/mdp.39015005182426/292.png"; bbox 0 0 4032 6146; ppageno 0'>
   <div class='ocr_carea' id='block_1_1' title="bbox 387 299 498 358">
    <p class='ocr_par' dir='ltr' id='par_1_1' title="bbox 387 299 498 358">
     <span class='ocr_line' id='line_1_1' title="bbox 387 299 498 358; baseline 0.036 -4"><span class='ocrx_word' id='word_1_1' title='bbox 387 299 498 358; x_wconf 76' lang='lat'><strong>565</strong></span> 
     </span>
    </p>
   </div>
   <div class='ocr_carea' id='block_1_2' title="bbox 1189 263 2853 344">
    <p class='ocr_par' dir='ltr' id='par_1_2' title="bbox 1189 263 2853 344">
     <span class='ocr_line' id='line_1_2' title="bbox 1189 263 2853 344; baseline -0.01 0"><span class='ocrx_word' id='word_1_2' title='bbox 1189 283 1639 344; x_wconf 66' lang='lat' dir='ltr'><strong>CLEMENTINA.</strong></span> <span class='ocrx_word' id='word_1_3' title='bbox 1691 311 1754 320; x_wconf 94' lang='lat'><strong>—</strong></span> <span class='ocrx_word' id='word_1_4' title='bbox 1792 263 2098 335; x_wconf 73' lang='grc' dir='ltr'><strong>ΕΡΙἸῸΜΕ</strong></span> <span class='ocrx_word' id='word_1_5' title='bbox 2133 272 2219 330; x_wconf 85' lang='lat' dir='ltr'><strong>DE</strong></span> <span class='ocrx_word' id='word_1_6' title='bbox 2256 274 2491 332; x_wconf 76' lang='lat' dir='ltr'><strong>GESTIS</strong></span> <span class='ocrx_word' id='word_1_7' title='bbox 2523 277 2578 332; x_wconf 89' lang='lat' dir='ltr'><strong>S.</strong></span> <span class='ocrx_word' id='word_1_8' title='bbox 2617 272 2853 337; x_wconf 77' lang='lat' dir='ltr'><strong>PETRl.l</strong></span> 
     </span>
    </p>
   </div>
   <div class='ocr_carea' id='block_1_3' title="bbox 3523 270 3624 322">
    <p class='ocr_par' dir='ltr' id='par_1_3' title="bbox 3523 270 3624 322">
     <span class='ocr_line' id='line_1_3' title="bbox 3523 270 3624 322; baseline -0.03 0"><span class='ocrx_word' id='word_1_9' title='bbox 3523 270 3624 322; x_wconf 63' lang='grc'><strong>561»</strong></span> 
     </span>
    </p>
   </div>
   <div class='ocr_carea' id='block_1_4' title="bbox 385 384 1986 488">
    <p class='ocr_par' dir='ltr' id='par_1_4' title="bbox 385 404 1986 488">
     <span class='ocr_line' id='line_1_4' title="bbox 385 404 1986 488; baseline -0.011 -16"><span class='ocrx_word' id='word_1_10' title='bbox 385 415 538 488; x_wconf 76' lang='grc' dir='ltr'><strong>παρά</strong></span> <span class='ocrx_word' id='word_1_11' title='bbox 560 415 719 469; x_wconf 80' lang='grc' dir='ltr'>τοῦτο</span> <span class='ocrx_word' id='word_1_12' title='bbox 747 411 934 478; x_wconf 79' lang='grc' dir='ltr'>ποιῶν,</span> <span class='ocrx_word' id='word_1_13' title='bbox 973 408 1163 465; x_wconf 83' lang='grc' dir='ltr'>αἰώνια</span> <span class='ocrx_word' id='word_1_14' title='bbox 1191 411 1601 482; x_wconf 75' lang='grc' dir='ltr'><strong>κολασθήσεται,</strong></span> <span class='ocrx_word' id='word_1_15' title='bbox 1631 407 1707 469; x_wconf 81' lang='grc' dir='ltr'><strong>ὡς</strong></span> <span class='ocrx_word' id='word_1_16' title='bbox 1733 407 1809 468; x_wconf 85' lang='grc' dir='ltr'><strong>εἰς</strong></span> <span class='ocrx_word' id='word_1_17' title='bbox 1851 404 1944 457; x_wconf 82' lang='grc' dir='ltr'>αὑ·</span> <span class='ocrx_word' id='word_1_18' title='bbox 1979 447 1986 462; x_wconf 45' lang='grc' dir='ltr'>ι</span> 
     </span>
    </p>
   </div>
   <div class='ocr_carea' id='block_1_5' title="bbox 2068 384 3616 488">
    <p class='ocr_par' dir='ltr' id='par_1_5' title="bbox 2068 384 3616 470">
     <span class='ocr_line' id='line_1_5' title="bbox 2068 384 3616 470; baseline -0.01 -17"><span class='ocrx_word' id='word_1_19' title='bbox 2068 402 2440 470; x_wconf 69' lang='lat' dir='ltr'><strong>hominemque</strong></span> <span class='ocrx_word' id='word_1_20' title='bbox 2485 399 2577 468; x_wconf 87' lang='lat' dir='ltr'><strong>qui</strong></span> <span class='ocrx_word' id='word_1_21' title='bbox 2645 397 2798 450; x_wconf 78' lang='lat' dir='ltr'><strong>aliter</strong></span> <span class='ocrx_word' id='word_1_22' title='bbox 2857 391 3080 456; x_wconf 76' lang='lat' dir='ltr'><strong>fecerit,</strong></span> <span class='ocrx_word' id='word_1_23' title='bbox 3116 399 3320 444; x_wconf 67' lang='lat' dir='ltr'><strong>aeterno</strong></span> <span class='ocrx_word' id='word_1_24' title='bbox 3353 384 3616 453; x_wconf 71' lang='lat' dir='ltr'><strong>supplicue</strong></span> 
     </span>
    </p>
   </div>
   <div class='ocr_carea' id='block_1_6' title="bbox 383 492 1957 573">
    <p class='ocr_par' dir='ltr' id='par_1_6' title="bbox 383 492 1957 573">
     <span class='ocr_line' id='line_1_6' title="bbox 383 492 1957 573; baseline -0.01 -13"><span class='ocrx_word' id='word_1_25' title='bbox 383 507 479 560; x_wconf 91' lang='grc' dir='ltr'><strong>τὸν</strong></span> <span class='ocrx_word' id='word_1_26' title='bbox 505 506 612 558; x_wconf 82' lang='grc' dir='ltr'>τῶν</span> <span class='ocrx_word' id='word_1_27' title='bbox 643 505 779 558; x_wconf 86' lang='grc' dir='ltr'>ὃλων</span> <span class='ocrx_word' id='word_1_28' title='bbox 806 500 1077 573; x_wconf 83' lang='grc' dir='ltr'>ἀσεϐήσας</span> <span class='ocrx_word' id='word_1_29' title='bbox 1105 502 1255 554; x_wconf 86' lang='grc' dir='ltr'>Θεόν.</span> <span class='ocrx_word' id='word_1_30' title='bbox 1309 501 1417 553; x_wconf 75' lang='lat' dir='ltr'><strong>Kal.</strong></span> <span class='ocrx_word' id='word_1_31' title='bbox 1459 497 1616 551; x_wconf 81' lang='grc' dir='ltr'><strong>τοῦτο</strong></span> <span class='ocrx_word' id='word_1_32' title='bbox 1642 493 1830 556; x_wconf 84' lang='grc' dir='ltr'>εἰπὼν,</span> <span class='ocrx_word' id='word_1_33' title='bbox 1863 492 1957 546; x_wconf 81' lang='grc' dir='ltr'>καὶ</span> 
     </span>
    </p>
   </div>
   <div class='ocr_carea' id='block_1_7' title="bbox 382 584 1957 664">
    <p class='ocr_par' dir='ltr' id='par_1_7' title="bbox 382 584 1957 664">
     <span class='ocr_line' id='line_1_7' title="bbox 382 584 1957 664; baseline -0.011 -12"><span class='ocrx_word' id='word_1_34' title='bbox 382 601 498 661; x_wconf 85' lang='grc' dir='ltr'>τοῖς</span> <span class='ocrx_word' id='word_1_35' title='bbox 545 595 650 650; x_wconf 87' lang='grc' dir='ltr'><strong>ὑπὸ</strong></span> <span class='ocrx_word' id='word_1_36' title='bbox 699 594 886 648; x_wconf 85' lang='grc' dir='ltr'>παθῶν</span> <span class='ocrx_word' id='word_1_37' title='bbox 913 592 1278 664; x_wconf 85' lang='grc' dir='ltr'>ὀχλουμένοις,</span> <span class='ocrx_word' id='word_1_38' title='bbox 1311 591 1404 644; x_wconf 70' lang='grc' dir='ltr'>καὶ</span> <span class='ocrx_word' id='word_1_39' title='bbox 1429 587 1664 652; x_wconf 80' lang='grc' dir='ltr'>νοσοῦσι,</span> <span class='ocrx_word' id='word_1_40' title='bbox 1711 587 1804 639; x_wconf 71' lang='grc' dir='ltr'><strong>καὶ</strong></span> <span class='ocrx_word' id='word_1_41' title='bbox 1851 584 1957 636; x_wconf 86' lang='grc' dir='ltr'>δαι-</span> 
     </span>
    </p>
   </div>
   <div class='ocr_carea' id='block_1_8' title="bbox 391 677 1954 761">
    <p class='ocr_par' dir='ltr' id='par_1_8' title="bbox 391 677 1954 761">
     <span class='ocr_line' id='line_1_8' title="bbox 391 677 1954 761; baseline -0.011 -17"><span class='ocrx_word' id='word_1_42' title='bbox 391 691 592 761; x_wconf 84' lang='grc' dir='ltr'>μονῶσι</span> <span class='ocrx_word' id='word_1_43' title='bbox 618 687 716 751; x_wconf 86' lang='grc' dir='ltr'>τὰς</span> <span class='ocrx_word' id='word_1_44' title='bbox 764 690 948 758; x_wconf 82' lang='grc' dir='ltr'>χεῖρας</span> <span class='ocrx_word' id='word_1_45' title='bbox 972 685 1200 747; x_wconf 76' lang='grc' dir='ltr'>ἐπιθεὶς,</span> <span class='ocrx_word' id='word_1_46' title='bbox 1240 685 1333 737; x_wconf 74' lang='grc' dir='ltr'><strong>καί</strong></span> <span class='ocrx_word' id='word_1_47' title='bbox 1360 682 1578 744; x_wconf 78' lang='grc' dir='ltr'><strong>τούτους</strong></span> <span class='ocrx_word' id='word_1_48' title='bbox 1613 680 1743 750; x_wconf 84' lang='grc' dir='ltr'>εὑχῇ</span> <span class='ocrx_word' id='word_1_49' title='bbox 1793 677 1954 746; x_wconf 86' lang='grc' dir='ltr'>θερα-</span> 
     </span>
    </p>
   </div>
   <div class='ocr_carea' id='block_1_9' title="bbox 389 767 1958 849">
    <p class='ocr_par' dir='ltr' id='par_1_9' title="bbox 389 767 1958 849">
     <span class='ocr_line' id='line_1_9' title="bbox 389 767 1958 849; baseline -0.011 -16"><span class='ocrx_word' id='word_1_50' title='bbox 389 780 614 843; x_wconf 80' lang='grc' dir='ltr'>πεύσας,</span> <span class='ocrx_word' id='word_1_51' title='bbox 661 778 758 849; x_wconf 78' lang='grc' dir='ltr'><strong>τήν</strong></span> <span class='ocrx_word' id='word_1_52' title='bbox 799 776 1091 847; x_wconf 77' lang='grc' dir='ltr'><strong>ἐκκλησίαν</strong></span> <span class='ocrx_word' id='word_1_53' title='bbox 1143 773 1400 828; x_wconf 82' lang='grc' dir='ltr'>διέλυσεν.</span> <span class='ocrx_word' id='word_1_54' title='bbox 1455 767 1569 824; x_wconf 78' lang='grc' dir='ltr'>Εἴθ’</span> <span class='ocrx_word' id='word_1_55' title='bbox 1625 767 1796 829; x_wconf 80' lang='grc' dir='ltr'>οὑτως</span> <span class='ocrx_word' id='word_1_56' title='bbox 1846 767 1958 817; x_wconf 87' lang='grc' dir='ltr'>εἰσ-</span> 
     </span>
    </p>
   </div>
   <div class='ocr_carea' id='block_1_10' title="bbox 387 855 1956 940">
    <p class='ocr_par' dir='ltr' id='par_1_10' title="bbox 387 855 1956 940">
     <span class='ocr_line' id='line_1_10' title="bbox 387 855 1956 940; baseline -0.013 -14"><span class='ocrx_word' id='word_1_57' title='bbox 387 873 558 927; x_wconf 84' lang='grc' dir='ltr'>ελθὼν</span> <span class='ocrx_word' id='word_1_58' title='bbox 574 872 666 924; x_wconf 59' lang='grc' dir='ltr'><strong>καὶ⁵</strong></span> <span class='ocrx_word' id='word_1_59' title='bbox 683 871 791 924; x_wconf 85' lang='grc' dir='ltr'>τῶν</span> <span class='ocrx_word' id='word_1_60' title='bbox 831 868 1072 940; x_wconf 84' lang='grc' dir='ltr'>συνήθων</span> <span class='ocrx_word' id='word_1_61' title='bbox 1107 868 1152 899; x_wconf 74' lang='grc'>⁸⁸</span> <span class='ocrx_word' id='word_1_62' title='bbox 1197 866 1338 920; x_wconf 84' lang='grc' dir='ltr'>ἀλῶν</span> <span class='ocrx_word' id='word_1_63' title='bbox 1375 860 1693 936; x_wconf 76' lang='grc' dir='ltr'>μεταλαϐὼν</span> <span class='ocrx_word' id='word_1_64' title='bbox 1720 899 1733 923; x_wconf 94' lang='grc'><strong>,</strong></span> <span class='ocrx_word' id='word_1_65' title='bbox 1776 855 1956 908; x_wconf 82' lang='grc' dir='ltr'>ὑπνω-</span> 
     </span>
    </p>
   </div>
   <div class='ocr_carea' id='block_1_11' title="bbox 389 982 502 1017">
    <p class='ocr_par' dir='ltr' id='par_1_11' title="bbox 389 982 502 1017">
     <span class='ocr_line' id='line_1_11' title="bbox 389 982 502 1017; baseline 0 0"><span class='ocrx_word' id='word_1_66' title='bbox 389 982 502 1017; x_wconf 81' lang='grc' dir='ltr'>σεν.</span> 
     </span>
    </p>
   </div>
   <div class='ocr_carea' id='block_1_12' title="bbox 456 1037 1957 1125">
    <p class='ocr_par' dir='ltr' id='par_1_12' title="bbox 456 1037 1957 1125">
     <span class='ocr_line' id='line_1_12' title="bbox 456 1037 1957 1125; baseline -0.015 -15"><span class='ocrx_word' id='word_1_67' title='bbox 456 1054 694 1110; x_wconf 80' lang='lat' dir='ltr'><strong>CXXIX.</strong></span> <span class='ocrx_word' id='word_1_68' title='bbox 737 1053 970 1125; x_wconf 87' lang='grc' dir='ltr'>Ὀρθρου</span> <span class='ocrx_word' id='word_1_69' title='bbox 985 1051 1042 1104; x_wconf 81' lang='grc' dir='ltr'>δὲ</span> <span class='ocrx_word' id='word_1_70' title='bbox 1069 1051 1119 1083; x_wconf 66' lang='grc'><strong>⁸³</strong></span> <span class='ocrx_word' id='word_1_71' title='bbox 1149 1050 1311 1104; x_wconf 80' lang='grc' dir='ltr'>πάλιν</span> <span class='ocrx_word' id='word_1_72' title='bbox 1335 1051 1362 1101; x_wconf 90' lang='grc' dir='ltr'>ὁ</span> <span class='ocrx_word' id='word_1_73' title='bbox 1410 1047 1612 1117; x_wconf 82' lang='grc' dir='ltr'><strong>Πέτρος</strong></span> <span class='ocrx_word' id='word_1_74' title='bbox 1654 1038 1830 1108; x_wconf 82' lang='grc' dir='ltr'>ἐξιὼν,</span> <span class='ocrx_word' id='word_1_75' title='bbox 1863 1037 1957 1090; x_wconf 74' lang='grc' dir='ltr'><strong>καὶ</strong></span> 
     </span>
    </p>
   </div>
   <div class='ocr_carea' id='block_1_13' title="bbox 383 1126 1957 1214">
    <p class='ocr_par' dir='ltr' id='par_1_13' title="bbox 383 1126 1957 1214">
     <span class='ocr_line' id='line_1_13' title="bbox 383 1126 1957 1214; baseline -0.011 -18"><span class='ocrx_word' id='word_1_76' title='bbox 383 1145 477 1197; x_wconf 76' lang='grc' dir='ltr'>ἐπὶ</span> <span class='ocrx_word' id='word_1_77' title='bbox 503 1145 550 1176; x_wconf 84' lang='grc'><strong>⁸⁸</strong></span> <span class='ocrx_word' id='word_1_78' title='bbox 565 1145 654 1198; x_wconf 87' lang='grc' dir='ltr'><strong>τὸν</strong></span> <span class='ocrx_word' id='word_1_79' title='bbox 702 1143 904 1214; x_wconf 83' lang='grc' dir='ltr'><strong>συνήθη</strong></span> <span class='ocrx_word' id='word_1_80' title='bbox 929 1141 1269 1209; x_wconf 78' lang='grc' dir='ltr'>διαλέγεσθαι</span> <span class='ocrx_word' id='word_1_81' title='bbox 1291 1138 1454 1191; x_wconf 86' lang='grc' dir='ltr'>τόπον</span> <span class='ocrx_word' id='word_1_82' title='bbox 1480 1137 1526 1167; x_wconf 81' lang='grc'><strong>⁸³</strong></span> <span class='ocrx_word' id='word_1_83' title='bbox 1553 1132 1701 1195; x_wconf 81' lang='grc' dir='ltr'>στὰς,</span> <span class='ocrx_word' id='word_1_84' title='bbox 1735 1131 1826 1184; x_wconf 82' lang='grc' dir='ltr'>ἆτε</span> <span class='ocrx_word' id='word_1_85' title='bbox 1863 1126 1957 1180; x_wconf 77' lang='grc' dir='ltr'><strong>καὶ</strong></span> 
     </span>
    </p>
   </div>
   <div class='ocr_carea' id='block_1_14' title="bbox 383 1217 1956 1305">
    <p class='ocr_par' dir='ltr' id='par_1_14' title="bbox 383 1217 1956 1305">
     <span class='ocr_line' id='line_1_14' title="bbox 383 1217 1956 1305; baseline -0.016 -14"><span class='ocrx_word' id='word_1_86' title='bbox 383 1236 598 1290; x_wconf 81' lang='grc' dir='ltr'>πολλῶν</span> <span class='ocrx_word' id='word_1_87' title='bbox 631 1233 1139 1305; x_wconf 81' lang='grc' dir='ltr'><strong>συνδεδραμηκότων</strong></span> <span class='ocrx_word' id='word_1_88' title='bbox 1179 1230 1370 1301; x_wconf 75' lang='grc' dir='ltr'>ὄχλων,</span> <span class='ocrx_word' id='word_1_89' title='bbox 1399 1228 1515 1298; x_wconf 78' lang='grc' dir='ltr'><strong>ἅμα</strong></span> <span class='ocrx_word' id='word_1_90' title='bbox 1542 1225 1586 1256; x_wconf 82' lang='grc'><strong>⁵⁷</strong></span> <span class='ocrx_word' id='word_1_91' title='bbox 1619 1221 1696 1292; x_wconf 83' lang='grc' dir='ltr'>τῷ</span> <span class='ocrx_word' id='word_1_92' title='bbox 1748 1217 1956 1291; x_wconf 82' lang='grc' dir='ltr'>μέλλειν</span> 
     </span>
    </p>
   </div>
   <div class='ocr_carea' id='block_1_15' title="bbox 382 1308 1957 1395">
    <p class='ocr_par' dir='ltr' id='par_1_15' title="bbox 382 1308 1957 1395">
     <span class='ocr_line' id='line_1_15' title="bbox 382 1308 1957 1395; baseline -0.015 -14"><span class='ocrx_word' id='word_1_93' title='bbox 382 1325 729 1395; x_wconf 88' lang='grc' dir='ltr'>διαλέγεσθαι</span> <span class='ocrx_word' id='word_1_94' title='bbox 761 1325 943 1387; x_wconf 85' lang='grc' dir='ltr'>αὑτὸν,</span> <span class='ocrx_word' id='word_1_95' title='bbox 986 1322 1156 1394; x_wconf 79' lang='grc' dir='ltr'>εἰσῄει</span> <span class='ocrx_word' id='word_1_96' title='bbox 1185 1338 1269 1384; x_wconf 88' lang='grc' dir='ltr'><strong>τις</strong></span> <span class='ocrx_word' id='word_1_97' title='bbox 1317 1317 1425 1372; x_wconf 83' lang='grc' dir='ltr'><strong>τῶν</strong></span> <span class='ocrx_word' id='word_1_98' title='bbox 1478 1313 1640 1370; x_wconf 79' lang='grc' dir='ltr'>αὑτοῦ</span> <span class='ocrx_word' id='word_1_99' title='bbox 1695 1308 1957 1364; x_wconf 84' lang='grc' dir='ltr'>διακόνων</span> 
     </span>
    </p>
   </div>
   <div class='ocr_carea' id='block_1_16' title="bbox 384 1398 1956 1488">
    <p class='ocr_par' dir='ltr' id='par_1_16' title="bbox 384 1398 1956 1488">
     <span class='ocr_line' id='line_1_16' title="bbox 384 1398 1956 1488; baseline -0.015 -17"><span class='ocrx_word' id='word_1_100' title='bbox 384 1417 566 1488; x_wconf 88' lang='grc' dir='ltr'>λέγων</span> <span class='ocrx_word' id='word_1_101' title='bbox 591 1434 604 1447; x_wconf 77' lang='grc' dir='ltr'><strong>ο</strong></span> <span class='ocrx_word' id='word_1_102' title='bbox 643 1417 824 1488; x_wconf 88' lang='grc' dir='ltr'>Σίμων</span> <span class='ocrx_word' id='word_1_103' title='bbox 851 1415 958 1468; x_wconf 86' lang='grc' dir='ltr'><strong>ἀπὸ</strong></span> <span class='ocrx_word' id='word_1_104' title='bbox 1014 1411 1334 1482; x_wconf 77' lang='grc' dir='ltr'>Ἀντιοχείας</span> <span class='ocrx_word' id='word_1_105' title='bbox 1367 1402 1723 1476; x_wconf 82' lang='grc' dir='ltr'>εἰσεληλυθὼς</span> <span class='ocrx_word' id='word_1_106' title='bbox 1744 1400 1837 1453; x_wconf 79' lang='grc' dir='ltr'>ἀπ’</span> <span class='ocrx_word' id='word_1_107' title='bbox 1858 1398 1956 1450; x_wconf 83' lang='grc' dir='ltr'>αὑ-</span> 
     </span>
    </p>
   </div>
   <div class='ocr_carea' id='block_1_17' title="bbox 388 1491 1960 1579">
    <p class='ocr_par' dir='ltr' id='par_1_17' title="bbox 388 1491 1960 1579">
     <span class='ocr_line' id='line_1_17' title="bbox 388 1491 1960 1579; baseline -0.015 -18"><span class='ocrx_word' id='word_1_108' title='bbox 388 1509 492 1579; x_wconf 83' lang='grc' dir='ltr'>τῆς</span> <span class='ocrx_word' id='word_1_109' title='bbox 523 1505 780 1576; x_wconf 77' lang='grc' dir='ltr'>ἑσπέρας,</span> <span class='ocrx_word' id='word_1_110' title='bbox 813 1502 996 1575; x_wconf 89' lang='grc' dir='ltr'>μαθὼν</span> <span class='ocrx_word' id='word_1_111' title='bbox 1026 1498 1392 1571; x_wconf 83' lang='grc' dir='ltr'>ὑποσχόμενόν</span> <span class='ocrx_word' id='word_1_112' title='bbox 1415 1513 1472 1549; x_wconf 91' lang='grc' dir='ltr'><strong>σε</strong></span> <span class='ocrx_word' id='word_1_113' title='bbox 1499 1495 1589 1547; x_wconf 88' lang='grc' dir='ltr'><strong>τὸν</strong></span> <span class='ocrx_word' id='word_1_114' title='bbox 1618 1491 1744 1560; x_wconf 86' lang='grc' dir='ltr'><strong>περί</strong></span> <span class='ocrx_word' id='word_1_115' title='bbox 1771 1503 1960 1560; x_wconf 79' lang='grc' dir='ltr'>μοναρ-</span> 
     </span>
    </p>
   </div>
   <div class='ocr_carea' id='block_1_18' title="bbox 388 1578 1958 1670">
    <p class='ocr_par' dir='ltr' id='par_1_18' title="bbox 388 1578 1958 1670">
     <span class='ocr_line' id='line_1_18' title="bbox 388 1578 1958 1670; baseline -0.017 -17"><span class='ocrx_word' id='word_1_116' title='bbox 388 1578 515 1670; x_wconf 78' lang='grc' dir='ltr'>χίας</span> <span class='ocrx_word' id='word_1_117' title='bbox 537 1594 804 1650; x_wconf 83' lang='grc' dir='ltr'>ποιεῖσθαι</span> <span class='ocrx_word' id='word_1_118' title='bbox 827 1593 1002 1661; x_wconf 89' lang='grc' dir='ltr'>λόγον,</span> <span class='ocrx_word' id='word_1_119' title='bbox 1032 1590 1247 1660; x_wconf 83' lang='grc' dir='ltr'>’ἐτοιμός</span> <span class='ocrx_word' id='word_1_120' title='bbox 1285 1591 1396 1640; x_wconf 84' lang='grc' dir='ltr'>ἐστι</span> <span class='ocrx_word' id='word_1_121' title='bbox 1426 1585 1560 1656; x_wconf 87' lang='grc' dir='ltr'><strong>μετά</strong></span> <span class='ocrx_word' id='word_1_122' title='bbox 1590 1599 1653 1651; x_wconf 89' lang='grc' dir='ltr'><strong>γε</strong></span> <span class='ocrx_word' id='word_1_123' title='bbox 1671 1579 1762 1633; x_wconf 80' lang='grc' dir='ltr'>τοῦ</span> <span class='ocrx_word' id='word_1_124' title='bbox 1801 1578 1958 1630; x_wconf 84' lang='grc' dir='ltr'>Ἐπι-</span> 
     </span>
    </p>
   </div>
   <div class='ocr_carea' id='block_1_19' title="bbox 388 1667 1957 1760">
    <p class='ocr_par' dir='ltr' id='par_1_19' title="bbox 388 1667 1957 1760">
     <span class='ocr_line' id='line_1_19' title="bbox 388 1667 1957 1760; baseline -0.015 -17"><span class='ocrx_word' id='word_1_125' title='bbox 388 1667 490 1743; x_wconf 53' lang='lat' dir='ltr'><strong>im.</strong></span> <span class='ocrx_word' id='word_1_126' title='bbox 499 1689 640 1760; x_wconf 74' lang='grc' dir='ltr'>ρείο.)</span> <span class='ocrx_word' id='word_1_127' title='bbox 668 1684 1028 1756; x_wconf 81' lang='grc' dir='ltr'>Ἀθηνοδώρου</span> <span class='ocrx_word' id='word_1_128' title='bbox 1043 1680 1403 1751; x_wconf 78' lang='grc' dir='ltr'>διαλεγομένῳ</span> <span class='ocrx_word' id='word_1_129' title='bbox 1421 1695 1500 1731; x_wconf 91' lang='grc' dir='ltr'><strong>σοι</strong></span> <span class='ocrx_word' id='word_1_130' title='bbox 1517 1673 1779 1734; x_wconf 74' lang='grc' dir='ltr'>ἐπελθεῖν,</span> <span class='ocrx_word' id='word_1_131' title='bbox 1798 1671 1871 1732; x_wconf 84' lang='grc' dir='ltr'>ὡς</span> <span class='ocrx_word' id='word_1_132' title='bbox 1893 1667 1957 1721; x_wconf 83' lang='grc' dir='ltr'>ἂν</span> 
     </span>
    </p>
   </div>
   <div class='ocr_carea' id='block_1_20' title="bbox 2058 473 3614 564">
    <p class='ocr_par' dir='ltr' id='par_1_20' title="bbox 2058 473 3614 564">
     <span class='ocr_line' id='line_1_20' title="bbox 2058 473 3614 564; baseline -0.013 -16"><span class='ocrx_word' id='word_1_133' title='bbox 2058 493 2413 564; x_wconf 91' lang='lat' dir='ltr'><strong>puniendum,</strong></span> <span class='ocrx_word' id='word_1_134' title='bbox 2451 488 2630 559; x_wconf 87' lang='lat' dir='ltr'><strong>utqui</strong></span> <span class='ocrx_word' id='word_1_135' title='bbox 2669 488 2722 540; x_wconf 91' lang='lat' dir='ltr'><strong>in</strong></span> <span class='ocrx_word' id='word_1_136' title='bbox 2773 487 2948 555; x_wconf 91' lang='lat' dir='ltr'><strong>ipsum</strong></span> <span class='ocrx_word' id='word_1_137' title='bbox 3011 482 3392 535; x_wconf 84' lang='lat' dir='ltr'><strong>universorum</strong></span> <span class='ocrx_word' id='word_1_138' title='bbox 3444 473 3614 528; x_wconf 86' lang='lat' dir='ltr'><strong>Deum</strong></span> 
     </span>
    </p>
   </div>
   <div class='ocr_carea' id='block_1_21' title="bbox 2059 565 3616 655">
    <p class='ocr_par' dir='ltr' id='par_1_21' title="bbox 2059 565 3616 655">
     <span class='ocr_line' id='line_1_21' title="bbox 2059 565 3616 655; baseline -0.013 -16"><span class='ocrx_word' id='word_1_139' title='bbox 2059 586 2257 655; x_wconf 90' lang='lat' dir='ltr'><strong>impius</strong></span> <span class='ocrx_word' id='word_1_140' title='bbox 2308 581 2590 637; x_wconf 83' lang='lat' dir='ltr'><strong>exstiterit.</strong></span> <span class='ocrx_word' id='word_1_141' title='bbox 2623 581 2797 648; x_wconf 80' lang='lat' dir='ltr'><strong>Atque</strong></span> <span class='ocrx_word' id='word_1_142' title='bbox 2824 577 2926 629; x_wconf 91' lang='lat' dir='ltr'><strong>hoc</strong></span> <span class='ocrx_word' id='word_1_143' title='bbox 2959 573 3128 637; x_wconf 90' lang='lat' dir='ltr'><strong>dicto,</strong></span> <span class='ocrx_word' id='word_1_144' title='bbox 3163 582 3398 639; x_wconf 90' lang='lat' dir='ltr'><strong>cumque</strong></span> <span class='ocrx_word' id='word_1_145' title='bbox 3431 565 3616 635; x_wconf 80' lang='lat' dir='ltr'><strong>aliqua</strong></span> 
     </span>
    </p>
   </div>
   <div class='ocr_carea' id='block_1_22' title="bbox 2056 657 3618 747">
    <p class='ocr_par' dir='ltr' id='par_1_22' title="bbox 2056 657 3618 747">
     <span class='ocr_line' id='line_1_22' title="bbox 2056 657 3618 747; baseline -0.012 -17"><span class='ocrx_word' id='word_1_146' title='bbox 2056 675 2404 747; x_wconf 90' lang='lat' dir='ltr'><strong>perpessione</strong></span> <span class='ocrx_word' id='word_1_147' title='bbox 2435 671 2723 736; x_wconf 81' lang='lat' dir='ltr'><strong>infestatis,</strong></span> <span class='ocrx_word' id='word_1_148' title='bbox 2743 665 3152 739; x_wconf 54' lang='lat' dir='ltr'><strong>aegrotantibus,</strong></span> <span class='ocrx_word' id='word_1_149' title='bbox 3185 671 3241 717; x_wconf 87' lang='lat' dir='ltr'><strong>et</strong></span> <span class='ocrx_word' id='word_1_150' title='bbox 3267 657 3618 716; x_wconf 56' lang='lat' dir='ltr'><strong>daemoniacis</strong></span> 
     </span>
    </p>
   </div>
   <div class='ocr_carea' id='block_1_23' title="bbox 2055 750 3621 836">
    <p class='ocr_par' dir='ltr' id='par_1_23' title="bbox 2055 750 3621 836">
     <span class='ocr_line' id='line_1_23' title="bbox 2055 750 3621 836; baseline -0.013 -15"><span class='ocrx_word' id='word_1_151' title='bbox 2055 766 2403 836; x_wconf 89' lang='lat' dir='ltr'><strong>imposuisset</strong></span> <span class='ocrx_word' id='word_1_152' title='bbox 2437 779 2651 824; x_wconf 88' lang='lat' dir='ltr'><strong>manus,</strong></span> <span class='ocrx_word' id='word_1_153' title='bbox 2679 776 2742 815; x_wconf 89' lang='lat' dir='ltr'><strong>ac</strong></span> <span class='ocrx_word' id='word_1_154' title='bbox 2773 774 2866 814; x_wconf 90' lang='lat' dir='ltr'><strong>eos</strong></span> <span class='ocrx_word' id='word_1_155' title='bbox 2900 763 3145 811; x_wconf 86' lang='lat' dir='ltr'><strong>curasset</strong></span> <span class='ocrx_word' id='word_1_156' title='bbox 3167 767 3346 824; x_wconf 87' lang='lat' dir='ltr'><strong>prece,</strong></span> <span class='ocrx_word' id='word_1_157' title='bbox 3395 750 3621 806; x_wconf 87' lang='lat' dir='ltr'><strong>concio-</strong></span> 
     </span>
    </p>
   </div>
   <div class='ocr_carea' id='block_1_24' title="bbox 2054 840 3617 938">
    <p class='ocr_par' dir='ltr' id='par_1_24' title="bbox 2054 840 3617 938">
     <span class='ocr_line' id='line_1_24' title="bbox 2054 840 3617 938; baseline -0.013 -24"><span class='ocrx_word' id='word_1_158' title='bbox 2054 875 2178 938; x_wconf 85' lang='lat' dir='ltr'><strong>nem</strong></span> <span class='ocrx_word' id='word_1_159' title='bbox 2212 857 2436 912; x_wconf 84' lang='lat' dir='ltr'><strong>dimisit.</strong></span> <span class='ocrx_word' id='word_1_160' title='bbox 2488 854 2690 908; x_wconf 84' lang='lat' dir='ltr'><strong>Deinde</strong></span> <span class='ocrx_word' id='word_1_161' title='bbox 2742 852 2815 905; x_wconf 89' lang='lat' dir='ltr'><strong>ita</strong></span> <span class='ocrx_word' id='word_1_162' title='bbox 2856 852 3157 919; x_wconf 80' lang='lat' dir='ltr'><strong>ingressus,</strong></span> <span class='ocrx_word' id='word_1_163' title='bbox 3192 853 3248 900; x_wconf 88' lang='lat' dir='ltr'><strong>et</strong></span> <span class='ocrx_word' id='word_1_164' title='bbox 3285 842 3446 898; x_wconf 89' lang='lat' dir='ltr'><strong>solito</strong></span> <span class='ocrx_word' id='word_1_165' title='bbox 3491 840 3617 896; x_wconf 88' lang='lat' dir='ltr'><strong>cibo</strong></span> 
     </span>
    </p>
   </div>
   <div class='ocr_carea' id='block_1_25' title="bbox 2055 946 2842 1024">
    <p class='ocr_par' dir='ltr' id='par_1_25' title="bbox 2055 946 2842 1024">
     <span class='ocr_line' id='line_1_25' title="bbox 2055 946 2842 1024; baseline -0.01 -17"><span class='ocrx_word' id='word_1_166' title='bbox 2055 959 2332 1024; x_wconf 87' lang='lat' dir='ltr'><strong>percepto,</strong></span> <span class='ocrx_word' id='word_1_167' title='bbox 2366 966 2423 1004; x_wconf 90' lang='lat' dir='ltr'><strong>se</strong></span> <span class='ocrx_word' id='word_1_168' title='bbox 2448 963 2642 1002; x_wconf 84' lang='lat' dir='ltr'><strong>somno</strong></span> <span class='ocrx_word' id='word_1_169' title='bbox 2674 946 2842 1001; x_wconf 85' lang='lat' dir='ltr'><strong>dedit.</strong></span> 
     </span>
    </p>
   </div>
   <div class='ocr_carea' id='block_1_26' title="bbox 2127 1027 3615 1102">
    <p class='ocr_par' dir='ltr' id='par_1_26' title="bbox 2127 1027 3615 1102">
     <span class='ocr_line' id='line_1_26' title="bbox 2127 1027 3615 1102; baseline -0.012 -4"><span class='ocrx_word' id='word_1_170' title='bbox 2127 1039 2367 1098; x_wconf 77' lang='lat' dir='ltr'><strong>CXXIX.</strong></span> <span class='ocrx_word' id='word_1_171' title='bbox 2404 1040 2450 1071; x_wconf 79' lang='grc'><strong>⁸³</strong></span> <span class='ocrx_word' id='word_1_172' title='bbox 2477 1039 2634 1094; x_wconf 86' lang='lat' dir='ltr'><strong>Mane</strong></span> <span class='ocrx_word' id='word_1_173' title='bbox 2686 1051 2815 1091; x_wconf 83' lang='lat' dir='ltr'><strong>vero</strong></span> <span class='ocrx_word' id='word_1_174' title='bbox 2870 1035 3066 1088; x_wconf 87' lang='lat' dir='ltr'><strong>iterum</strong></span> <span class='ocrx_word' id='word_1_175' title='bbox 3103 1044 3356 1102; x_wconf 82' lang='lat' dir='ltr'><strong>egressus</strong></span> <span class='ocrx_word' id='word_1_176' title='bbox 3387 1027 3615 1090; x_wconf 87' lang='lat' dir='ltr'><strong>Petrus;</strong></span> 
     </span>
    </p>
   </div>
   <div class='ocr_carea' id='block_1_27' title="bbox 2056 1117 3622 1196">
    <p class='ocr_par' dir='ltr' id='par_1_27' title="bbox 2056 1117 3622 1196">
     <span class='ocr_line' id='line_1_27' title="bbox 2056 1117 3622 1196; baseline -0.013 -6"><span class='ocrx_word' id='word_1_177' title='bbox 2056 1151 2181 1190; x_wconf 92' lang='lat' dir='ltr'><strong>cum</strong></span> <span class='ocrx_word' id='word_1_178' title='bbox 2229 1133 2470 1188; x_wconf 83' lang='lat' dir='ltr'><strong>stetisset</strong></span> <span class='ocrx_word' id='word_1_179' title='bbox 2502 1130 2556 1184; x_wconf 92' lang='lat' dir='ltr'><strong>in</strong></span> <span class='ocrx_word' id='word_1_180' title='bbox 2583 1129 2708 1183; x_wconf 90' lang='lat' dir='ltr'><strong>loco</strong></span> <span class='ocrx_word' id='word_1_181' title='bbox 2741 1127 2796 1180; x_wconf 92' lang='lat' dir='ltr'><strong>in</strong></span> <span class='ocrx_word' id='word_1_182' title='bbox 2829 1141 2939 1196; x_wconf 86' lang='lat' dir='ltr'><strong>quo</strong></span> <span class='ocrx_word' id='word_1_183' title='bbox 2970 1125 3241 1179; x_wconf 81' lang='lat' dir='ltr'><strong>disserere</strong></span> <span class='ocrx_word' id='word_1_184' title='bbox 3275 1120 3510 1177; x_wconf 81' lang='lat' dir='ltr'><strong>solebat.</strong></span> <span class='ocrx_word' id='word_1_185' title='bbox 3541 1117 3622 1171; x_wconf 86' lang='lat' dir='ltr'><strong>in-</strong></span> 
     </span>
    </p>
   </div>
   <div class='ocr_carea' id='block_1_28' title="bbox 2056 1209 3620 1298">
    <p class='ocr_par' dir='ltr' id='par_1_28' title="bbox 2056 1209 3620 1298">
     <span class='ocr_line' id='line_1_28' title="bbox 2056 1209 3620 1298; baseline -0.012 -16"><span class='ocrx_word' id='word_1_186' title='bbox 2056 1240 2298 1298; x_wconf 79' lang='lat' dir='ltr'><strong>gensque</strong></span> <span class='ocrx_word' id='word_1_187' title='bbox 2326 1223 2614 1277; x_wconf 82' lang='lat' dir='ltr'><strong>hominum</strong></span> <span class='ocrx_word' id='word_1_188' title='bbox 2666 1218 2957 1276; x_wconf 89' lang='lat' dir='ltr'><strong>multitudo</strong></span> <span class='ocrx_word' id='word_1_189' title='bbox 3013 1213 3420 1278; x_wconf 82' lang='lat' dir='ltr'><strong>concurrisset;</strong></span> <span class='ocrx_word' id='word_1_190' title='bbox 3454 1209 3620 1266; x_wconf 88' lang='lat' dir='ltr'><strong>simul</strong></span> 
     </span>
    </p>
   </div>
   <div class='ocr_carea' id='block_1_29' title="bbox 2055 1298 3622 1385">
    <p class='ocr_par' dir='ltr' id='par_1_29' title="bbox 2055 1298 3622 1385">
     <span class='ocr_line' id='line_1_29' title="bbox 2055 1298 3622 1385; baseline -0.012 -15"><span class='ocrx_word' id='word_1_191' title='bbox 2055 1332 2121 1370; x_wconf 88' lang='lat' dir='ltr'><strong>ac</strong></span> <span class='ocrx_word' id='word_1_192' title='bbox 2150 1315 2267 1385; x_wconf 87' lang='lat' dir='ltr'><strong>ipse</strong></span> <span class='ocrx_word' id='word_1_193' title='bbox 2313 1320 2460 1369; x_wconf 82' lang='lat' dir='ltr'><strong>esset</strong></span> <span class='ocrx_word' id='word_1_194' title='bbox 2493 1311 2799 1373; x_wconf 81' lang='lat' dir='ltr'><strong>locuturus,</strong></span> <span class='ocrx_word' id='word_1_195' title='bbox 2841 1305 3088 1360; x_wconf 71' lang='lat' dir='ltr'><strong>introivit</strong></span> <span class='ocrx_word' id='word_1_196' title='bbox 3121 1301 3343 1373; x_wconf 84' lang='lat' dir='ltr'><strong>quidam</strong></span> <span class='ocrx_word' id='word_1_197' title='bbox 3381 1315 3448 1354; x_wconf 76' lang='lat' dir='ltr'><strong>ex</strong></span> <span class='ocrx_word' id='word_1_198' title='bbox 3501 1298 3622 1369; x_wconf 82' lang='lat' dir='ltr'><strong>ejus</strong></span> 
     </span>
    </p>
   </div>
   <div class='ocr_carea' id='block_1_30' title="bbox 2057 1395 3622 1470">
    <p class='ocr_par' dir='ltr' id='par_1_30' title="bbox 2057 1395 3622 1470">
     <span class='ocr_line' id='line_1_30' title="bbox 2057 1395 3622 1470; baseline -0.01 -11"><span class='ocrx_word' id='word_1_199' title='bbox 2057 1404 2324 1470; x_wconf 84' lang='lat' dir='ltr'><strong>diaconis,</strong></span> <span class='ocrx_word' id='word_1_200' title='bbox 2365 1403 2552 1458; x_wconf 89' lang='lat' dir='ltr'><strong>dicens</strong></span> <span class='ocrx_word' id='word_1_201' title='bbox 2577 1415 2592 1452; x_wconf 89' lang='lat'><strong>:</strong></span> <span class='ocrx_word' id='word_1_202' title='bbox 2621 1398 2806 1454; x_wconf 87' lang='lat' dir='ltr'><strong>Simon</strong></span> <span class='ocrx_word' id='word_1_203' title='bbox 2832 1397 2900 1453; x_wconf 92' lang='lat' dir='ltr'><strong>ab</strong></span> <span class='ocrx_word' id='word_1_204' title='bbox 2932 1395 3224 1452; x_wconf 82' lang='lat' dir='ltr'><strong>Antiochia</strong></span> <span class='ocrx_word' id='word_1_205' title='bbox 3253 1395 3371 1463; x_wconf 90' lang='lat' dir='ltr'><strong>ipso</strong></span> <span class='ocrx_word' id='word_1_206' title='bbox 3397 1405 3622 1461; x_wconf 70' lang='lat' dir='ltr'><strong>vespere</strong></span> 
     </span>
    </p>
   </div>
   <div class='ocr_carea' id='block_1_31' title="bbox 2059 1483 3621 1566">
    <p class='ocr_par' dir='ltr' id='par_1_31' title="bbox 2059 1483 3621 1566">
     <span class='ocr_line' id='line_1_31' title="bbox 2059 1483 3621 1566; baseline -0.009 -17"><span class='ocrx_word' id='word_1_207' title='bbox 2059 1497 2357 1566; x_wconf 79' lang='lat' dir='ltr'><strong>ingressus,</strong></span> <span class='ocrx_word' id='word_1_208' title='bbox 2383 1491 2612 1548; x_wconf 89' lang='lat' dir='ltr'><strong>audiens</strong></span> <span class='ocrx_word' id='word_1_209' title='bbox 2635 1501 2685 1546; x_wconf 90' lang='lat' dir='ltr'><strong>te</strong></span> <span class='ocrx_word' id='word_1_210' title='bbox 2710 1488 3033 1560; x_wconf 83' lang='lat' dir='ltr'><strong>promisisse</strong></span> <span class='ocrx_word' id='word_1_211' title='bbox 3062 1486 3128 1540; x_wconf 90' lang='lat' dir='ltr'><strong>de</strong></span> <span class='ocrx_word' id='word_1_212' title='bbox 3157 1483 3498 1548; x_wconf 80' lang='lat' dir='ltr'><strong>monarchia,</strong></span> <span class='ocrx_word' id='word_1_213' title='bbox 3522 1497 3621 1536; x_wconf 88' lang='lat' dir='ltr'><strong>seu</strong></span> 
     </span>
    </p>
   </div>
   <div class='ocr_carea' id='block_1_32' title="bbox 2057 1572 3624 1655">
    <p class='ocr_par' dir='ltr' id='par_1_32' title="bbox 2057 1572 3624 1655">
     <span class='ocr_line' id='line_1_32' title="bbox 2057 1572 3624 1655; baseline -0.01 -16"><span class='ocrx_word' id='word_1_214' title='bbox 2057 1584 2362 1655; x_wconf 83' lang='lat' dir='ltr'><strong>principatu</strong></span> <span class='ocrx_word' id='word_1_215' title='bbox 2410 1579 2613 1644; x_wconf 87' lang='lat' dir='ltr'><strong>unius,</strong></span> <span class='ocrx_word' id='word_1_216' title='bbox 2660 1577 2825 1632; x_wconf 84' lang='lat' dir='ltr'><strong>verba</strong></span> <span class='ocrx_word' id='word_1_217' title='bbox 2871 1589 2992 1630; x_wconf 81' lang='lat' dir='ltr'><strong>esse</strong></span> <span class='ocrx_word' id='word_1_218' title='bbox 3039 1572 3347 1632; x_wconf 80' lang='lat' dir='ltr'><strong>facturum,</strong></span> <span class='ocrx_word' id='word_1_219' title='bbox 3401 1577 3624 1638; x_wconf 85' lang='lat' dir='ltr'><strong>paratus</strong></span> 
     </span>
    </p>
   </div>
   <div class='ocr_carea' id='block_1_33' title="bbox 2058 1656 3621 1733">
    <p class='ocr_par' dir='ltr' id='par_1_33' title="bbox 2058 1656 3621 1733">
     <span class='ocr_line' id='line_1_33' title="bbox 2058 1656 3621 1733; baseline -0.013 -4"><span class='ocrx_word' id='word_1_220' title='bbox 2058 1681 2143 1730; x_wconf 81' lang='lat' dir='ltr'><strong>est</strong></span> <span class='ocrx_word' id='word_1_221' title='bbox 2187 1688 2296 1727; x_wconf 88' lang='lat' dir='ltr'><strong>una</strong></span> <span class='ocrx_word' id='word_1_222' title='bbox 2350 1685 2472 1725; x_wconf 88' lang='lat' dir='ltr'><strong>cum</strong></span> <span class='ocrx_word' id='word_1_223' title='bbox 2528 1665 2876 1722; x_wconf 83' lang='lat' dir='ltr'><strong>Athenodoro</strong></span> <span class='ocrx_word' id='word_1_224' title='bbox 2928 1663 3238 1733; x_wconf 85' lang='lat' dir='ltr'><strong>Epicureo,</strong></span> <span class='ocrx_word' id='word_1_225' title='bbox 3284 1659 3381 1712; x_wconf 87' lang='lat' dir='ltr'><strong>tibi</strong></span> <span class='ocrx_word' id='word_1_226' title='bbox 3444 1656 3621 1711; x_wconf 84' lang='lat' dir='ltr'><strong>disse-</strong></span> 
     </span>
    </p>
   </div>
   <div class='ocr_carea' id='block_1_34' title="bbox 389 1741 1986 1846">
    <p class='ocr_par' dir='ltr' id='par_1_34' title="bbox 389 1741 1986 1846">
     <span class='ocr_line' id='line_1_34' title="bbox 389 1741 1986 1846; baseline -0.014 -12"><span class='ocrx_word' id='word_1_227' title='bbox 389 1741 526 1834; x_wconf 64' lang='grc' dir='ltr'>πᾶσι</span> <span class='ocrx_word' id='word_1_228' title='bbox 543 1779 588 1810; x_wconf 83' lang='grc'>⁸⁸</span> <span class='ocrx_word' id='word_1_229' title='bbox 617 1781 728 1840; x_wconf 88' lang='grc' dir='ltr'>τοῖς</span> <span class='ocrx_word' id='word_1_230' title='bbox 752 1741 856 1830; x_wconf 66' lang='grc' dir='ltr'><strong>ὑπὸ</strong></span> <span class='ocrx_word' id='word_1_231' title='bbox 872 1741 964 1829; x_wconf 64' lang='grc' dir='ltr'><strong>σοὺ</strong></span> <span class='ocrx_word' id='word_1_232' title='bbox 995 1776 1120 1846; x_wconf 75' lang='grc' dir='ltr'>περὶ</span> <span class='ocrx_word' id='word_1_233' title='bbox 1146 1741 1437 1844; x_wconf 68' lang='grc' dir='ltr'>μοναρχίας</span> <span class='ocrx_word' id='word_1_234' title='bbox 1465 1763 1956 1838; x_wconf 85' lang='grc' dir='ltr'>ὑπαγορευομένοις</span> <span class='ocrx_word' id='word_1_235' title='bbox 1985 1792 1986 1795; x_wconf 61' lang='grc' dir='ltr'><strong>η</strong></span> 
     </span>
    </p>
   </div>
   <div class='ocr_carea' id='block_1_35' title="bbox 2068 1741 3626 1846">
    <p class='ocr_par' dir='ltr' id='par_1_35' title="bbox 2068 1746 3626 1824">
     <span class='ocr_line' id='line_1_35' title="bbox 2068 1746 3626 1824; baseline -0.014 -5"><span class='ocrx_word' id='word_1_236' title='bbox 2068 1763 2200 1820; x_wconf 81' lang='lat' dir='ltr'><strong>renti</strong></span> <span class='ocrx_word' id='word_1_237' title='bbox 2249 1758 2622 1824; x_wconf 79' lang='lat' dir='ltr'><strong>intervenire;</strong></span> <span class='ocrx_word' id='word_1_238' title='bbox 2691 1763 2750 1810; x_wconf 90' lang='lat' dir='ltr'><strong>ut</strong></span> <span class='ocrx_word' id='word_1_239' title='bbox 2784 1761 2976 1810; x_wconf 83' lang='lat' dir='ltr'><strong>cuncta</strong></span> <span class='ocrx_word' id='word_1_240' title='bbox 3023 1768 3146 1822; x_wconf 70' lang='lat' dir='ltr'><strong>quze</strong></span> <span class='ocrx_word' id='word_1_241' title='bbox 3205 1766 3234 1804; x_wconf 90' lang='lat' dir='ltr'><strong>a</strong></span> <span class='ocrx_word' id='word_1_242' title='bbox 3283 1758 3335 1802; x_wconf 90' lang='lat' dir='ltr'><strong>te</strong></span> <span class='ocrx_word' id='word_1_243' title='bbox 3393 1746 3460 1801; x_wconf 90' lang='lat' dir='ltr'><strong>de</strong></span> <span class='ocrx_word' id='word_1_244' title='bbox 3505 1759 3626 1798; x_wconf 88' lang='lat' dir='ltr'><strong>mo-</strong></span> 
     </span>
    </p>
   </div>
   <div class='ocr_carea' id='block_1_36' title="bbox 387 1863 1401 1942">
    <p class='ocr_par' dir='ltr' id='par_1_36' title="bbox 387 1863 1401 1942">
     <span class='ocr_line' id='line_1_36' title="bbox 387 1863 1401 1942; baseline -0.01 -18"><span class='ocrx_word' id='word_1_245' title='bbox 387 1869 625 1942; x_wconf 78' lang='grc' dir='ltr'>δημοσίᾳ</span> <span class='ocrx_word' id='word_1_246' title='bbox 651 1866 837 1940; x_wconf 85' lang='grc' dir='ltr'>παρὼν</span> <span class='ocrx_word' id='word_1_247' title='bbox 855 1866 1014 1930; x_wconf 76' lang='grc' dir='ltr'>αὐτὸς</span> <span class='ocrx_word' id='word_1_248' title='bbox 1036 1864 1300 1933; x_wconf 79' lang='grc' dir='ltr'>ἀντιλέγοι</span> <span class='ocrx_word' id='word_1_249' title='bbox 1333 1863 1401 1914; x_wconf 82' lang='grc'>⁸⁴⁹.</span> 
     </span>
    </p>
   </div>
   <div class='ocr_carea' id='block_1_37' title="bbox 463 2026 1960 2102">
    <p class='ocr_par' dir='ltr' id='par_1_37' title="bbox 463 2026 1960 2102">
     <span class='ocr_line' id='line_1_37' title="bbox 463 2026 1960 2102; baseline -0.015 -3"><span class='ocrx_word' id='word_1_250' title='bbox 463 2045 674 2100; x_wconf 81' lang='lat' dir='ltr'><strong>CXXX.</strong></span> <span class='ocrx_word' id='word_1_251' title='bbox 717 2041 902 2095; x_wconf 81' lang='grc' dir='ltr'>Ταῦτα</span> <span class='ocrx_word' id='word_1_252' title='bbox 941 2038 1034 2092; x_wconf 76' lang='grc' dir='ltr'>τοῦ</span> <span class='ocrx_word' id='word_1_253' title='bbox 1068 2037 1318 2092; x_wconf 72' lang='grc' dir='ltr'>διακόνου</span> <span class='ocrx_word' id='word_1_254' title='bbox 1364 2033 1635 2102; x_wconf 86' lang='grc' dir='ltr'>λέγοντος,</span> <span class='ocrx_word' id='word_1_255' title='bbox 1668 2030 1775 2082; x_wconf 81' lang='grc' dir='ltr'>ἰδοὺ</span> <span class='ocrx_word' id='word_1_256' title='bbox 1806 2026 1898 2080; x_wconf 70' lang='grc' dir='ltr'>καὶ</span> <span class='ocrx_word' id='word_1_257' title='bbox 1932 2028 1960 2077; x_wconf 90' lang='grc' dir='ltr'>ὁ</span> 
     </span>
    </p>
   </div>
   <div class='ocr_carea' id='block_1_38' title="bbox 391 2117 1961 2206">
    <p class='ocr_par' dir='ltr' id='par_1_38' title="bbox 391 2117 1961 2206">
     <span class='ocr_line' id='line_1_38' title="bbox 391 2117 1961 2206; baseline -0.013 -18"><span class='ocrx_word' id='word_1_258' title='bbox 391 2136 576 2206; x_wconf 86' lang='grc' dir='ltr'>Σίμων</span> <span class='ocrx_word' id='word_1_259' title='bbox 629 2135 725 2186; x_wconf 72' lang='grc' dir='ltr'><strong>σὺν</strong></span> <span class='ocrx_word' id='word_1_260' title='bbox 773 2128 1116 2202; x_wconf 78' lang='grc' dir='ltr'>Ἀθηνοδώρῳ</span> <span class='ocrx_word' id='word_1_261' title='bbox 1157 2127 1248 2180; x_wconf 88' lang='grc' dir='ltr'><strong>καί</strong></span> <span class='ocrx_word' id='word_1_262' title='bbox 1305 2142 1452 2178; x_wconf 84' lang='grc' dir='ltr'>τισιν</span> <span class='ocrx_word' id='word_1_263' title='bbox 1500 2122 1678 2182; x_wconf 71' lang='grc' dir='ltr'>ἄλλοις</span> <span class='ocrx_word' id='word_1_264' title='bbox 1725 2117 1961 2187; x_wconf 75' lang='grc' dir='ltr'>ἑταίροις</span> 
     </span>
    </p>
   </div>
   <div class='ocr_carea' id='block_1_39' title="bbox 392 2207 1962 2296">
    <p class='ocr_par' dir='ltr' id='par_1_39' title="bbox 392 2207 1962 2296">
     <span class='ocr_line' id='line_1_39' title="bbox 392 2207 1962 2296; baseline -0.015 -16"><span class='ocrx_word' id='word_1_265' title='bbox 392 2224 596 2296; x_wconf 73' lang='grc' dir='ltr'>εἰσῄει·</span> <span class='ocrx_word' id='word_1_266' title='bbox 628 2224 722 2278; x_wconf 74' lang='grc' dir='ltr'>καὶ</span> <span class='ocrx_word' id='word_1_267' title='bbox 747 2223 852 2294; x_wconf 88' lang='grc' dir='ltr'><strong>πρὸ</strong></span> <span class='ocrx_word' id='word_1_268' title='bbox 878 2220 972 2273; x_wconf 80' lang='grc' dir='ltr'><strong>τοῦ</strong></span> <span class='ocrx_word' id='word_1_269' title='bbox 1000 2236 1052 2272; x_wconf 92' lang='grc' dir='ltr'><strong>τι</strong></span> <span class='ocrx_word' id='word_1_270' title='bbox 1072 2219 1163 2270; x_wconf 90' lang='grc' dir='ltr'><strong>τὸν</strong></span> <span class='ocrx_word' id='word_1_271' title='bbox 1191 2217 1393 2286; x_wconf 78' lang='grc' dir='ltr'>Πέτρον</span> <span class='ocrx_word' id='word_1_272' title='bbox 1419 2214 1554 2275; x_wconf 81' lang='grc' dir='ltr'>ὅλως</span> <span class='ocrx_word' id='word_1_273' title='bbox 1581 2210 1774 2270; x_wconf 85' lang='grc' dir='ltr'>εἰπεῖν,</span> <span class='ocrx_word' id='word_1_274' title='bbox 1803 2207 1962 2268; x_wconf 86' lang='grc' dir='ltr'>αὑτὸς</span> 
     </span>
    </p>
   </div>
   <div class='ocr_carea' id='block_1_40' title="bbox 393 2295 1963 2386">
    <p class='ocr_par' dir='ltr' id='par_1_40' title="bbox 393 2295 1963 2386">
     <span class='ocr_line' id='line_1_40' title="bbox 393 2295 1963 2386; baseline -0.014 -17"><span class='ocrx_word' id='word_1_275' title='bbox 393 2295 710 2386; x_wconf 75' lang='grc' dir='ltr'>προλαϐών·</span> <span class='ocrx_word' id='word_1_276' title='bbox 747 2311 1009 2382; x_wconf 87' lang='grc' dir='ltr'>Ἔμαθον,</span> <span class='ocrx_word' id='word_1_277' title='bbox 1073 2309 1255 2378; x_wconf 73' lang='grc' dir='ltr'>φησὶν,</span> <span class='ocrx_word' id='word_1_278' title='bbox 1289 2307 1370 2358; x_wconf 85' lang='grc' dir='ltr'><strong>ὅτι</strong></span> <span class='ocrx_word' id='word_1_279' title='bbox 1423 2303 1549 2375; x_wconf 81' lang='grc' dir='ltr'>χθὲς</span> <span class='ocrx_word' id='word_1_280' title='bbox 1600 2300 1836 2369; x_wconf 83' lang='grc' dir='ltr'>ὑπέσχου</span> <span class='ocrx_word' id='word_1_281' title='bbox 1885 2295 1963 2365; x_wconf 82' lang='grc' dir='ltr'>τῷ</span> 
     </span>
    </p>
   </div>
   <div class='ocr_carea' id='block_1_41' title="bbox 390 2390 1962 2475">
    <p class='ocr_par' dir='ltr' id='par_1_41' title="bbox 390 2390 1962 2475">
     <span class='ocr_line' id='line_1_41' title="bbox 390 2390 1962 2475; baseline -0.012 -15"><span class='ocrx_word' id='word_1_282' title='bbox 390 2407 618 2475; x_wconf 77' lang='grc' dir='ltr'>Φαύστῳ</span> <span class='ocrx_word' id='word_1_283' title='bbox 643 2403 783 2458; x_wconf 73' lang='grc' dir='ltr'>κατὰ</span> <span class='ocrx_word' id='word_1_284' title='bbox 805 2403 900 2474; x_wconf 76' lang='grc' dir='ltr'><strong>τὴν</strong></span> <span class='ocrx_word' id='word_1_285' title='bbox 932 2404 1168 2473; x_wconf 84' lang='grc' dir='ltr'>σήμερον</span> <span class='ocrx_word' id='word_1_286' title='bbox 1193 2399 1360 2462; x_wconf 81' lang='grc' dir='ltr'>δεῖξαι</span> <span class='ocrx_word' id='word_1_287' title='bbox 1382 2400 1448 2468; x_wconf 83' lang='grc' dir='ltr'>τῇ</span> <span class='ocrx_word' id='word_1_288' title='bbox 1485 2393 1634 2458; x_wconf 84' lang='grc' dir='ltr'>τάξει</span> <span class='ocrx_word' id='word_1_289' title='bbox 1668 2393 1760 2446; x_wconf 92' lang='grc' dir='ltr'><strong>τὸν</strong></span> <span class='ocrx_word' id='word_1_290' title='bbox 1808 2390 1962 2458; x_wconf 88' lang='grc' dir='ltr'>λόγον</span> 
     </span>
    </p>
   </div>
   <div class='ocr_carea' id='block_1_42' title="bbox 393 2479 1962 2566">
    <p class='ocr_par' dir='ltr' id='par_1_42' title="bbox 393 2479 1962 2566">
     <span class='ocr_line' id='line_1_42' title="bbox 393 2479 1962 2566; baseline -0.011 -15"><span class='ocrx_word' id='word_1_291' title='bbox 393 2497 743 2566; x_wconf 76' lang='grc' dir='ltr'>ποιούμενοςο</span> <span class='ocrx_word' id='word_1_292' title='bbox 773 2496 867 2548; x_wconf 71' lang='grc' dir='ltr'><strong>καὶ</strong></span> <span class='ocrx_word' id='word_1_293' title='bbox 913 2494 1005 2547; x_wconf 78' lang='grc' dir='ltr'>ἀπ’</span> <span class='ocrx_word' id='word_1_294' title='bbox 1045 2490 1208 2545; x_wconf 80' lang='grc' dir='ltr'>αὑτοῦ</span> <span class='ocrx_word' id='word_1_295' title='bbox 1252 2487 1466 2560; x_wconf 87' lang='grc' dir='ltr'>πρῶτον</span> <span class='ocrx_word' id='word_1_296' title='bbox 1520 2485 1818 2557; x_wconf 82' lang='grc' dir='ltr'>ἀρχόμενος</span> <span class='ocrx_word' id='word_1_297' title='bbox 1867 2479 1962 2534; x_wconf 80' lang='grc' dir='ltr'>τοῦ</span> 
     </span>
    </p>
   </div>
   <div class='ocr_carea' id='block_1_43' title="bbox 394 2571 1962 2647">
    <p class='ocr_par' dir='ltr' id='par_1_43' title="bbox 394 2571 1962 2647">
     <span class='ocr_line' id='line_1_43' title="bbox 394 2571 1962 2647; baseline -0.011 -7"><span class='ocrx_word' id='word_1_298' title='bbox 394 2586 506 2639; x_wconf 84' lang='grc' dir='ltr'><strong>τῶν</strong></span> <span class='ocrx_word' id='word_1_299' title='bbox 529 2586 662 2639; x_wconf 83' lang='grc' dir='ltr'>ὅλων</span> <span class='ocrx_word' id='word_1_300' title='bbox 681 2591 705 2639; x_wconf 82' lang='lat'><strong>.&#39;</strong></span> <span class='ocrx_word' id='word_1_301' title='bbox 719 2584 950 2639; x_wconf 84' lang='grc' dir='ltr'>εσπότου</span> <span class='ocrx_word' id='word_1_302' title='bbox 965 2601 982 2613; x_wconf 77' lang='grc'><em>⁴</em></span> <span class='ocrx_word' id='word_1_303' title='bbox 1037 2583 1118 2634; x_wconf 84' lang='grc' dir='ltr'>ὃτι</span> <span class='ocrx_word' id='word_1_304' title='bbox 1141 2580 1304 2634; x_wconf 84' lang='grc' dir='ltr'>αὑτὸν</span> <span class='ocrx_word' id='word_1_305' title='bbox 1324 2579 1406 2631; x_wconf 90' lang='grc' dir='ltr'><strong>δεῖ</strong></span> <span class='ocrx_word' id='word_1_306' title='bbox 1432 2577 1590 2647; x_wconf 79' lang='grc' dir='ltr'>μόνον</span> <span class='ocrx_word' id='word_1_307' title='bbox 1606 2574 1782 2643; x_wconf 89' lang='grc' dir='ltr'>λέγειν</span> <span class='ocrx_word' id='word_1_308' title='bbox 1810 2571 1962 2634; x_wconf 90' lang='grc' dir='ltr'>Θεὸν,</span> 
     </span>
    </p>
   </div>
   <div class='ocr_carea' id='block_1_44' title="bbox 393 2664 1965 2746">
    <p class='ocr_par' dir='ltr' id='par_1_44' title="bbox 393 2664 1965 2746">
     <span class='ocr_line' id='line_1_44' title="bbox 393 2664 1965 2746; baseline -0.011 -14"><span class='ocrx_word' id='word_1_309' title='bbox 393 2677 587 2739; x_wconf 77' lang='grc' dir='ltr'>ἄλλους</span> <span class='ocrx_word' id='word_1_310' title='bbox 610 2677 655 2709; x_wconf 85' lang='grc'><strong>⁶⁶</strong></span> <span class='ocrx_word' id='word_1_311' title='bbox 685 2675 740 2729; x_wconf 83' lang='grc' dir='ltr'>δὲ</span> <span class='ocrx_word' id='word_1_312' title='bbox 785 2677 919 2746; x_wconf 82' lang='grc' dir='ltr'>μήτε</span> <span class='ocrx_word' id='word_1_313' title='bbox 969 2673 1167 2742; x_wconf 87' lang='grc' dir='ltr'>λέγειν,</span> <span class='ocrx_word' id='word_1_314' title='bbox 1217 2671 1351 2742; x_wconf 86' lang='grc' dir='ltr'>μήτε</span> <span class='ocrx_word' id='word_1_315' title='bbox 1402 2665 1641 2738; x_wconf 81' lang='grc' dir='ltr'>νομίζειν</span> <span class='ocrx_word' id='word_1_316' title='bbox 1667 2682 1680 2695; x_wconf 90' lang='grc'><strong>·</strong></span> <span class='ocrx_word' id='word_1_317' title='bbox 1737 2665 1830 2718; x_wconf 72' lang='grc' dir='ltr'><strong>καὶ</strong></span> <span class='ocrx_word' id='word_1_318' title='bbox 1885 2664 1965 2716; x_wconf 66' lang='grc' dir='ltr'>ὃτι</span> 
     </span>
    </p>
   </div>
   <div class='ocr_carea' id='block_1_45' title="bbox 391 2754 1961 2838">
    <p class='ocr_par' dir='ltr' id='par_1_45' title="bbox 391 2754 1961 2838">
     <span class='ocr_line' id='line_1_45' title="bbox 391 2754 1961 2838; baseline -0.01 -17"><span class='ocrx_word' id='word_1_319' title='bbox 391 2768 422 2820; x_wconf 85' lang='grc' dir='ltr'><strong>ό</strong></span> <span class='ocrx_word' id='word_1_320' title='bbox 452 2767 602 2838; x_wconf 83' lang='grc' dir='ltr'>παρὰ</span> <span class='ocrx_word' id='word_1_321' title='bbox 635 2765 794 2819; x_wconf 81' lang='grc' dir='ltr'>τοῦτο</span> <span class='ocrx_word' id='word_1_322' title='bbox 823 2766 1008 2829; x_wconf 85' lang='grc' dir='ltr'>ποιῶν,</span> <span class='ocrx_word' id='word_1_323' title='bbox 1061 2763 1283 2817; x_wconf 79' lang='grc' dir='ltr'>αἰωνίαν</span> <span class='ocrx_word' id='word_1_324' title='bbox 1329 2759 1512 2828; x_wconf 79' lang='grc' dir='ltr'>ὑφέξει</span> <span class='ocrx_word' id='word_1_325' title='bbox 1544 2758 1643 2828; x_wconf 74' lang='grc' dir='ltr'><strong>τὴν</strong></span> <span class='ocrx_word' id='word_1_326' title='bbox 1667 2754 1961 2826; x_wconf 58' lang='grc' dir='ltr'>τιμωρίαν</span> 
     </span>
    </p>
   </div>
   <div class='ocr_carea' id='block_1_46' title="bbox 392 2842 1966 2928">
    <p class='ocr_par' dir='ltr' id='par_1_46' title="bbox 392 2842 1966 2928">
     <span class='ocr_line' id='line_1_46' title="bbox 392 2842 1966 2928; baseline -0.009 -19"><span class='ocrx_word' id='word_1_327' title='bbox 392 2855 504 2928; x_wconf 86' lang='grc' dir='ltr'><strong>πρὸ</strong></span> <span class='ocrx_word' id='word_1_328' title='bbox 540 2855 755 2908; x_wconf 81' lang='grc' dir='ltr'>πάντων</span> <span class='ocrx_word' id='word_1_329' title='bbox 801 2849 892 2908; x_wconf 73' lang='grc' dir='ltr'><strong>οὖν</strong></span> <span class='ocrx_word' id='word_1_330' title='bbox 946 2852 1159 2925; x_wconf 81' lang='grc' dir='ltr'>ἀληθῶς</span> <span class='ocrx_word' id='word_1_331' title='bbox 1216 2846 1676 2918; x_wconf 84' lang='grc' dir='ltr'>καταπέπληγμαί</span> <span class='ocrx_word' id='word_1_332' title='bbox 1727 2861 1820 2897; x_wconf 90' lang='grc' dir='ltr'><strong>σου</strong></span> <span class='ocrx_word' id='word_1_333' title='bbox 1869 2842 1966 2914; x_wconf 83' lang='grc' dir='ltr'>τὴν</span> 
     </span>
    </p>
   </div>
   <div class='ocr_carea' id='block_1_47' title="bbox 391 2934 1964 3016">
    <p class='ocr_par' dir='ltr' id='par_1_47' title="bbox 391 2934 1964 3016">
     <span class='ocr_line' id='line_1_47' title="bbox 391 2934 1964 3016; baseline -0.008 -16"><span class='ocrx_word' id='word_1_334' title='bbox 391 2947 670 3010; x_wconf 76' lang='grc' dir='ltr'>ὑπόνοιαν,</span> <span class='ocrx_word' id='word_1_335' title='bbox 700 2947 782 2999; x_wconf 85' lang='grc' dir='ltr'>ὅτι</span> <span class='ocrx_word' id='word_1_336' title='bbox 809 2945 1042 3016; x_wconf 81' lang='grc' dir='ltr'>ἦλπισας</span> <span class='ocrx_word' id='word_1_337' title='bbox 1073 2944 1392 3015; x_wconf 81' lang='grc' dir='ltr'>μεταπεῖσαι</span> <span class='ocrx_word' id='word_1_338' title='bbox 1415 2939 1582 3010; x_wconf 79' lang='grc' dir='ltr'>ἄνδρα</span> <span class='ocrx_word' id='word_1_339' title='bbox 1609 2937 1770 3007; x_wconf 83' lang='grc' dir='ltr'>σοφὸν</span> <span class='ocrx_word' id='word_1_340' title='bbox 1799 2934 1964 2998; x_wconf 78' lang='grc' dir='ltr'>οὑτω,</span> 
     </span>
    </p>
   </div>
   <div class='ocr_carea' id='block_1_48' title="bbox 385 3026 1967 3108">
    <p class='ocr_par' dir='ltr' id='par_1_48' title="bbox 385 3026 1967 3108">
     <span class='ocr_line' id='line_1_48' title="bbox 385 3026 1967 3108; baseline -0.009 -16"><span class='ocrx_word' id='word_1_341' title='bbox 385 3039 488 3092; x_wconf 73' lang='grc' dir='ltr'>καὶ</span> <span class='ocrx_word' id='word_1_342' title='bbox 509 3037 682 3091; x_wconf 82' lang='grc' dir='ltr'>ταῦτα</span> <span class='ocrx_word' id='word_1_343' title='bbox 737 3035 1066 3108; x_wconf 76' lang='grc' dir='ltr'>πρεσϐύτην.</span> <span class='ocrx_word' id='word_1_344' title='bbox 1114 3033 1248 3086; x_wconf 82' lang='grc' dir='ltr'>Ἀλλ’</span> <span class='ocrx_word' id='word_1_345' title='bbox 1273 3033 1373 3086; x_wconf 88' lang='grc' dir='ltr'><strong>οὑκ</strong></span> <span class='ocrx_word' id='word_1_346' title='bbox 1413 3029 1670 3101; x_wconf 74' lang='grc' dir='ltr'>ἐπιτεύξῃ</span> <span class='ocrx_word' id='word_1_347' title='bbox 1686 3027 1794 3082; x_wconf 87' lang='grc' dir='ltr'><strong>τῶν</strong></span> <span class='ocrx_word' id='word_1_348' title='bbox 1817 3026 1967 3080; x_wconf 80' lang='grc' dir='ltr'>ἐλπί-</span> 
     </span>
    </p>
   </div>
   <div class='ocr_carea' id='block_1_49' title="bbox 381 3121 1966 3199">
    <p class='ocr_par' dir='ltr' id='par_1_49' title="bbox 381 3121 1966 3199">
     <span class='ocr_line' id='line_1_49' title="bbox 381 3121 1966 3199; baseline -0.008 -15"><span class='ocrx_word' id='word_1_349' title='bbox 381 3130 501 3185; x_wconf 80' lang='grc' dir='ltr'><strong>δων</strong></span> <span class='ocrx_word' id='word_1_350' title='bbox 521 3131 614 3183; x_wconf 76' lang='grc' dir='ltr'><strong>καὶ</strong></span> <span class='ocrx_word' id='word_1_351' title='bbox 639 3129 732 3183; x_wconf 82' lang='grc' dir='ltr'>τοῦ</span> <span class='ocrx_word' id='word_1_352' title='bbox 757 3127 1076 3199; x_wconf 86' lang='grc' dir='ltr'>θελήματος,</span> <span class='ocrx_word' id='word_1_353' title='bbox 1100 3128 1193 3180; x_wconf 78' lang='grc' dir='ltr'>ἆτε</span> <span class='ocrx_word' id='word_1_354' title='bbox 1220 3125 1484 3197; x_wconf 87' lang='grc' dir='ltr'>παρόντος</span> <span class='ocrx_word' id='word_1_355' title='bbox 1521 3121 1676 3193; x_wconf 82' lang='grc' dir='ltr'>ἐμοῦ,</span> <span class='ocrx_word' id='word_1_356' title='bbox 1719 3121 1812 3173; x_wconf 88' lang='grc' dir='ltr'><strong>καί</strong></span> <span class='ocrx_word' id='word_1_357' title='bbox 1839 3121 1966 3180; x_wconf 79' lang='grc' dir='ltr'>τοὺς</span> 
     </span>
    </p>
   </div>
   <div class='ocr_carea' id='block_1_50' title="bbox 385 3208 1974 3293">
    <p class='ocr_par' dir='ltr' id='par_1_50' title="bbox 385 3208 1974 3293">
     <span class='ocr_line' id='line_1_50' title="bbox 385 3208 1974 3293; baseline -0.008 -18"><span class='ocrx_word' id='word_1_358' title='bbox 385 3221 612 3293; x_wconf 80' lang='grc' dir='ltr'>ψευδεῖς</span> <span class='ocrx_word' id='word_1_359' title='bbox 641 3236 732 3273; x_wconf 90' lang='grc' dir='ltr'><strong>σου</strong></span> <span class='ocrx_word' id='word_1_360' title='bbox 759 3219 1121 3288; x_wconf 88' lang='grc' dir='ltr'>διελέγχοντος</span> <span class='ocrx_word' id='word_1_361' title='bbox 1157 3216 1363 3284; x_wconf 80' lang='grc' dir='ltr'>λόγους.</span> <span class='ocrx_word' id='word_1_362' title='bbox 1391 3215 1549 3275; x_wconf 85' lang='grc' dir='ltr'>Ἴσως</span> <span class='ocrx_word' id='word_1_363' title='bbox 1600 3210 1709 3281; x_wconf 77' lang='grc' dir='ltr'><strong>γὰρ</strong></span> <span class='ocrx_word' id='word_1_364' title='bbox 1759 3208 1825 3261; x_wconf 85' lang='grc' dir='ltr'><strong>ἂν</strong></span> <span class='ocrx_word' id='word_1_365' title='bbox 1874 3208 1974 3264; x_wconf 24' lang='grc' dir='ltr'><strong>καὶ..Δ</strong></span> 
     </span>
    </p>
   </div>
   <div class='ocr_carea' id='block_1_51' title="bbox 391 3295 1970 3384">
    <p class='ocr_par' dir='ltr' id='par_1_51' title="bbox 391 3295 1970 3384">
     <span class='ocr_line' id='line_1_51' title="bbox 391 3295 1970 3384; baseline -0.008 -18"><span class='ocrx_word' id='word_1_366' title='bbox 391 3312 658 3384; x_wconf 75' lang='grc' dir='ltr'>ἠπάτητο</span> <span class='ocrx_word' id='word_1_367' title='bbox 687 3311 762 3380; x_wconf 84' lang='grc' dir='ltr'>μὴ</span> <span class='ocrx_word' id='word_1_368' title='bbox 816 3309 1080 3380; x_wconf 85' lang='grc' dir='ltr'>παρόντος</span> <span class='ocrx_word' id='word_1_369' title='bbox 1121 3304 1276 3376; x_wconf 79' lang='grc' dir='ltr'>ἐμοῦ,</span> <span class='ocrx_word' id='word_1_370' title='bbox 1317 3303 1529 3373; x_wconf 78' lang='grc' dir='ltr'>ἰδιώτης</span> <span class='ocrx_word' id='word_1_371' title='bbox 1564 3301 1640 3353; x_wconf 83' lang='grc' dir='ltr'>ὢν</span> <span class='ocrx_word' id='word_1_372' title='bbox 1687 3298 1794 3351; x_wconf 84' lang='grc' dir='ltr'><strong>τῶν</strong></span> <span class='ocrx_word' id='word_1_373' title='bbox 1819 3295 1970 3368; x_wconf 79' lang='grc' dir='ltr'>παρὰ</span> 
     </span>
    </p>
   </div>
   <div class='ocr_carea' id='block_1_52' title="bbox 407 3388 1968 3470">
    <p class='ocr_par' dir='ltr' id='par_1_52' title="bbox 407 3388 1968 3470">
     <span class='ocr_line' id='line_1_52' title="bbox 407 3388 1968 3470; baseline -0.011 -13"><span class='ocrx_word' id='word_1_374' title='bbox 407 3403 688 3464; x_wconf 81' lang='grc' dir='ltr'>Ἰουδαίοις</span> <span class='ocrx_word' id='word_1_375' title='bbox 733 3400 964 3470; x_wconf 80' lang='grc' dir='ltr'>δημοσίᾳ</span> <span class='ocrx_word' id='word_1_376' title='bbox 1012 3395 1436 3466; x_wconf 83' lang='grc' dir='ltr'>πεπιστωμένων</span> <span class='ocrx_word' id='word_1_377' title='bbox 1493 3392 1708 3463; x_wconf 75' lang='grc' dir='ltr'>βίϐλων.</span> <span class='ocrx_word' id='word_1_378' title='bbox 1757 3389 1838 3443; x_wconf 84' lang='grc' dir='ltr'><strong>Τὰ</strong></span> <span class='ocrx_word' id='word_1_379' title='bbox 1873 3388 1968 3441; x_wconf 82' lang='grc' dir='ltr'>νῦν</span> 
     </span>
    </p>
   </div>
   <div class='ocr_carea' id='block_1_53' title="bbox 397 3482 1967 3560">
    <p class='ocr_par' dir='ltr' id='par_1_53' title="bbox 397 3482 1967 3560">
     <span class='ocr_line' id='line_1_53' title="bbox 397 3482 1967 3560; baseline -0.01 -12"><span class='ocrx_word' id='word_1_380' title='bbox 397 3495 458 3548; x_wconf 74' lang='grc' dir='ltr'>δὲ</span> <span class='ocrx_word' id='word_1_381' title='bbox 486 3495 612 3555; x_wconf 78' lang='grc' dir='ltr'>τοὺς</span> <span class='ocrx_word' id='word_1_382' title='bbox 641 3491 865 3552; x_wconf 81' lang='grc' dir='ltr'>πολλοὺς</span> <span class='ocrx_word' id='word_1_383' title='bbox 888 3489 1269 3560; x_wconf 78' lang='grc' dir='ltr'>ὑπερθήσομαι</span> <span class='ocrx_word' id='word_1_384' title='bbox 1298 3486 1506 3553; x_wconf 85' lang='grc' dir='ltr'>λόγους,</span> <span class='ocrx_word' id='word_1_385' title='bbox 1534 3485 1620 3537; x_wconf 84' lang='grc' dir='ltr'>ἴνα</span> <span class='ocrx_word' id='word_1_386' title='bbox 1651 3482 1852 3536; x_wconf 75' lang='grc' dir='ltr'>θᾶττόν·</span> <span class='ocrx_word' id='word_1_387' title='bbox 1873 3496 1967 3532; x_wconf 85' lang='grc' dir='ltr'><strong>σου</strong></span> 
     </span>
    </p>
   </div>
   <div class='ocr_carea' id='block_1_54' title="bbox 398 3573 1968 3654">
    <p class='ocr_par' dir='ltr' id='par_1_54' title="bbox 398 3573 1968 3654">
     <span class='ocr_line' id='line_1_54' title="bbox 398 3573 1968 3654; baseline -0.007 -19"><span class='ocrx_word' id='word_1_388' title='bbox 398 3584 501 3654; x_wconf 79' lang='grc' dir='ltr'><strong>τὴν</strong></span> <span class='ocrx_word' id='word_1_389' title='bbox 526 3581 813 3652; x_wconf 80' lang='grc' dir='ltr'>ὑπόσχεσιν</span> <span class='ocrx_word' id='word_1_390' title='bbox 843 3579 1084 3642; x_wconf 83' lang='grc' dir='ltr'>ἀσθενῶς</span> <span class='ocrx_word' id='word_1_391' title='bbox 1105 3579 1332 3650; x_wconf 80' lang='grc' dir='ltr'>ἔχουσαν</span> <span class='ocrx_word' id='word_1_392' title='bbox 1359 3574 1637 3643; x_wconf 83' lang='grc' dir='ltr'>διελέγξω.</span> <span class='ocrx_word' id='word_1_393' title='bbox 1695 3574 1832 3642; x_wconf 82' lang='grc' dir='ltr'>Λέγε</span> <span class='ocrx_word' id='word_1_394' title='bbox 1867 3573 1968 3627; x_wconf 69' lang='grc' dir='ltr'><strong>τομ</strong></span> 
     </span>
    </p>
   </div>
   <div class='ocr_carea' id='block_1_55' title="bbox 401 3665 1970 3742">
    <p class='ocr_par' dir='ltr' id='par_1_55' title="bbox 401 3665 1970 3742">
     <span class='ocr_line' id='line_1_55' title="bbox 401 3665 1970 3742; baseline -0.006 -17"><span class='ocrx_word' id='word_1_395' title='bbox 401 3670 606 3742; x_wconf 78' lang='grc' dir='ltr'>γαροῦν</span> <span class='ocrx_word' id='word_1_396' title='bbox 633 3672 661 3724; x_wconf 79' lang='grc' dir='ltr'><strong>ὃ</strong></span> <span class='ocrx_word' id='word_1_397' title='bbox 686 3671 942 3740; x_wconf 81' lang='grc' dir='ltr'>ὑπέσχου.</span> <span class='ocrx_word' id='word_1_398' title='bbox 977 3671 1038 3723; x_wconf 82' lang='grc' dir='ltr'>Εἰ</span> <span class='ocrx_word' id='word_1_399' title='bbox 1061 3671 1116 3723; x_wconf 86' lang='grc' dir='ltr'><strong>δὲ</strong></span> <span class='ocrx_word' id='word_1_400' title='bbox 1142 3671 1232 3723; x_wconf 88' lang='grc' dir='ltr'><strong>τὸν</strong></span> <span class='ocrx_word' id='word_1_401' title='bbox 1273 3669 1493 3738; x_wconf 77' lang='grc' dir='ltr'>ἔλεγχον</span> <span class='ocrx_word' id='word_1_402' title='bbox 1527 3665 1858 3736; x_wconf 79' lang='grc' dir='ltr'>αἰδούμενος,</span> <span class='ocrx_word' id='word_1_403' title='bbox 1885 3666 1970 3734; x_wconf 79' lang='grc' dir='ltr'><strong>ἐφ’</strong></span> 
     </span>
    </p>
   </div>
   <div class='ocr_carea' id='block_1_56' title="bbox 400 3755 1973 3834">
    <p class='ocr_par' dir='ltr' id='par_1_56' title="bbox 400 3755 1973 3834">
     <span class='ocr_line' id='line_1_56' title="bbox 400 3755 1973 3834; baseline -0.007 -17"><span class='ocrx_word' id='word_1_404' title='bbox 400 3763 560 3834; x_wconf 78' lang='grc' dir='ltr'>ἡμῶν</span> <span class='ocrx_word' id='word_1_405' title='bbox 588 3762 764 3816; x_wconf 82' lang='grc' dir='ltr'>αὑτῶν</span> <span class='ocrx_word' id='word_1_406' title='bbox 784 3764 880 3833; x_wconf 76' lang='grc' dir='ltr'>τὴν</span> <span class='ocrx_word' id='word_1_407' title='bbox 918 3761 1206 3830; x_wconf 84' lang='grc' dir='ltr'>ὑπόσχεσιν</span> <span class='ocrx_word' id='word_1_408' title='bbox 1226 3759 1426 3822; x_wconf 79' lang='grc' dir='ltr'>ἐθέλοις</span> <span class='ocrx_word' id='word_1_409' title='bbox 1453 3756 1801 3826; x_wconf 83' lang='grc' dir='ltr'>παραλιπεῖν,</span> <span class='ocrx_word' id='word_1_410' title='bbox 1842 3755 1973 3809; x_wconf 65' lang='grc' dir='ltr'>αὑτη-</span> 
     </span>
    </p>
   </div>
   <div class='ocr_carea' id='block_1_57' title="bbox 401 3847 1973 3927">
    <p class='ocr_par' dir='ltr' id='par_1_57' title="bbox 401 3847 1973 3927">
     <span class='ocr_line' id='line_1_57' title="bbox 401 3847 1973 3927; baseline -0.008 -16"><span class='ocrx_word' id='word_1_411' title='bbox 401 3858 580 3927; x_wconf 81' lang='grc' dir='ltr'>ἀρκης</span> <span class='ocrx_word' id='word_1_412' title='bbox 627 3857 721 3910; x_wconf 79' lang='grc' dir='ltr'><strong>καὶ</strong></span> <span class='ocrx_word' id='word_1_413' title='bbox 785 3855 957 3919; x_wconf 79' lang='grc' dir='ltr'>οὑτως</span> <span class='ocrx_word' id='word_1_414' title='bbox 985 3853 1252 3918; x_wconf 84' lang='grc' dir='ltr'>ἀπόδειξις</span> <span class='ocrx_word' id='word_1_415' title='bbox 1302 3854 1383 3905; x_wconf 84' lang='grc' dir='ltr'>ὅτι</span> <span class='ocrx_word' id='word_1_416' title='bbox 1414 3850 1580 3921; x_wconf 68' lang='grc' dir='ltr'>ψευδῆ</span> <span class='ocrx_word' id='word_1_417' title='bbox 1626 3848 1691 3901; x_wconf 79' lang='grc' dir='ltr'>τὰ</span> <span class='ocrx_word' id='word_1_418' title='bbox 1735 3847 1973 3918; x_wconf 80' lang='grc' dir='ltr'>ὑπεσχη-</span> 
     </span>
    </p>
   </div>
   <div class='ocr_carea' id='block_1_58' title="bbox 411 3939 1974 4020">
    <p class='ocr_par' dir='ltr' id='par_1_58' title="bbox 411 3939 1974 4020">
     <span class='ocr_line' id='line_1_58' title="bbox 411 3939 1974 4020; baseline -0.008 -18"><span class='ocrx_word' id='word_1_419' title='bbox 411 3947 568 4020; x_wconf 74' lang='grc' dir='ltr'>μένα,</span> <span class='ocrx_word' id='word_1_420' title='bbox 599 3947 720 4000; x_wconf 83' lang='grc' dir='ltr'>καθ’</span> <span class='ocrx_word' id='word_1_421' title='bbox 753 3947 834 4000; x_wconf 73' lang='grc' dir='ltr'>ὅτι</span> <span class='ocrx_word' id='word_1_422' title='bbox 859 3946 952 3998; x_wconf 83' lang='grc' dir='ltr'><strong>ἐπὶ</strong></span> <span class='ocrx_word' id='word_1_423' title='bbox 973 3943 1081 3997; x_wconf 86' lang='grc' dir='ltr'><strong>τῶν</strong></span> <span class='ocrx_word' id='word_1_424' title='bbox 1127 3943 1228 4006; x_wconf 81' lang='grc' dir='ltr'>τὰς</span> <span class='ocrx_word' id='word_1_425' title='bbox 1275 3941 1496 4012; x_wconf 81' lang='grc' dir='ltr'>Γραφὰς</span> <span class='ocrx_word' id='word_1_426' title='bbox 1549 3939 1762 3993; x_wconf 80' lang='grc' dir='ltr'>εἰδότων</span> <span class='ocrx_word' id='word_1_427' title='bbox 1802 3939 1974 3992; x_wconf 82' lang='grc' dir='ltr'>εἰπεῖν</span> 
     </span>
    </p>
   </div>
   <div class='ocr_carea' id='block_1_59' title="bbox 398 4032 1971 4111">
    <p class='ocr_par' dir='ltr' id='par_1_59' title="bbox 398 4032 1971 4111">
     <span class='ocr_line' id='line_1_59' title="bbox 398 4032 1971 4111; baseline -0.006 -18"><span class='ocrx_word' id='word_1_428' title='bbox 398 4039 508 4094; x_wconf 80' lang='grc' dir='ltr'><strong>οὐκ</strong></span> <span class='ocrx_word' id='word_1_429' title='bbox 532 4039 855 4111; x_wconf 78' lang='grc' dir='ltr'>ἐτόλμησας.</span> <span class='ocrx_word' id='word_1_430' title='bbox 903 4039 1013 4091; x_wconf 74' lang='grc' dir='ltr'><strong>Καὶ</strong></span> <span class='ocrx_word' id='word_1_431' title='bbox 1051 4037 1147 4090; x_wconf 80' lang='grc' dir='ltr'>νῦν</span> <span class='ocrx_word' id='word_1_432' title='bbox 1191 4036 1246 4089; x_wconf 84' lang='grc' dir='ltr'>δὲ</span> <span class='ocrx_word' id='word_1_433' title='bbox 1276 4037 1330 4088; x_wconf 90' lang='grc' dir='ltr'><strong>τί</strong></span> <span class='ocrx_word' id='word_1_434' title='bbox 1360 4033 1643 4106; x_wconf 82' lang='grc' dir='ltr'>περιμένω</span> <span class='ocrx_word' id='word_1_435' title='bbox 1683 4051 1744 4086; x_wconf 91' lang='grc' dir='ltr'><strong>σε</strong></span> <span class='ocrx_word' id='word_1_436' title='bbox 1775 4032 1971 4100; x_wconf 86' lang='grc' dir='ltr'>λέγειν,</span> 
     </span>
    </p>
   </div>
   <div class='ocr_carea' id='block_1_60' title="bbox 410 4121 1976 4200">
    <p class='ocr_par' dir='ltr' id='par_1_60' title="bbox 410 4121 1976 4200">
     <span class='ocr_line' id='line_1_60' title="bbox 410 4121 1976 4200; baseline -0.007 -17"><span class='ocrx_word' id='word_1_437' title='bbox 410 4130 666 4200; x_wconf 84' lang='grc' dir='ltr'>μέγιστον</span> <span class='ocrx_word' id='word_1_438' title='bbox 714 4128 851 4199; x_wconf 81' lang='grc' dir='ltr'>έχων</span> <span class='ocrx_word' id='word_1_439' title='bbox 893 4128 1144 4199; x_wconf 85' lang='grc' dir='ltr'>μάρτυρα</span> <span class='ocrx_word' id='word_1_440' title='bbox 1164 4127 1262 4196; x_wconf 79' lang='grc' dir='ltr'><strong>τῆς</strong></span> <span class='ocrx_word' id='word_1_441' title='bbox 1318 4121 1659 4194; x_wconf 75' lang='grc' dir='ltr'>ὑποσχέσεως</span> <span class='ocrx_word' id='word_1_442' title='bbox 1710 4139 1827 4188; x_wconf 92' lang='grc' dir='ltr'>σου,</span> <span class='ocrx_word' id='word_1_443' title='bbox 1883 4121 1976 4174; x_wconf 92' lang='grc' dir='ltr'><strong>τὸν</strong></span> 
     </span>
    </p>
   </div>
   <div class='ocr_carea' id='block_1_61' title="bbox 404 4213 1979 4292">
    <p class='ocr_par' dir='ltr' id='par_1_61' title="bbox 404 4213 1979 4292">
     <span class='ocr_line' id='line_1_61' title="bbox 404 4213 1979 4292; baseline -0.006 -19"><span class='ocrx_word' id='word_1_444' title='bbox 404 4219 636 4292; x_wconf 75' lang='grc' dir='ltr'>γέροντα</span> <span class='ocrx_word' id='word_1_445' title='bbox 661 4218 866 4272; x_wconf 88' lang='grc' dir='ltr'>τουτονί</span> <span class='ocrx_word' id='word_1_446' title='bbox 891 4233 907 4282; x_wconf 91' lang='lat'><strong>;</strong></span> <span class='ocrx_word' id='word_1_447' title='bbox 933 4216 1116 4269; x_wconf 77' lang='grc' dir='ltr'>Ταῦτα</span> <span class='ocrx_word' id='word_1_448' title='bbox 1164 4215 1352 4276; x_wconf 86' lang='grc' dir='ltr'>είπὼν,</span> <span class='ocrx_word' id='word_1_449' title='bbox 1391 4215 1486 4274; x_wconf 60' lang='grc' dir='ltr'>καὶ</span> <span class='ocrx_word' id='word_1_450' title='bbox 1514 4213 1592 4282; x_wconf 83' lang='grc' dir='ltr'><strong>τῷ</strong></span> <span class='ocrx_word' id='word_1_451' title='bbox 1618 4213 1782 4282; x_wconf 68' lang='grc' dir='ltr'>πατρὶ</span> <span class='ocrx_word' id='word_1_452' title='bbox 1819 4229 1979 4282; x_wconf 89' lang='grc' dir='ltr'>προσ-</span> 
     </span>
    </p>
   </div>
   <div class='ocr_carea' id='block_1_62' title="bbox 402 4303 1977 4380">
    <p class='ocr_par' dir='ltr' id='par_1_62' title="bbox 402 4303 1977 4380">
     <span class='ocr_line' id='line_1_62' title="bbox 402 4303 1977 4380; baseline -0.006 -19"><span class='ocrx_word' id='word_1_453' title='bbox 402 4309 631 4379; x_wconf 71' lang='grc' dir='ltr'>ϐλέψας,</span> <span class='ocrx_word' id='word_1_454' title='bbox 657 4310 852 4380; x_wconf 82' lang='grc' dir='ltr'>φησιν·</span> <span class='ocrx_word' id='word_1_455' title='bbox 893 4308 1030 4360; x_wconf 83' lang='grc' dir='ltr'>Εἰπέ</span> <span class='ocrx_word' id='word_1_456' title='bbox 1075 4323 1163 4377; x_wconf 87' lang='grc' dir='ltr'><strong>μοι</strong></span> <span class='ocrx_word' id='word_1_457' title='bbox 1207 4303 1417 4374; x_wconf 80' lang='grc' dir='ltr'>ἀνδρῶν</span> <span class='ocrx_word' id='word_1_458' title='bbox 1467 4305 1721 4357; x_wconf 82' lang='grc' dir='ltr'>ἁπάντων</span> <span class='ocrx_word' id='word_1_459' title='bbox 1748 4304 1775 4354; x_wconf 86' lang='grc' dir='ltr'><strong>ό</strong></span> <span class='ocrx_word' id='word_1_460' title='bbox 1827 4317 1977 4370; x_wconf 87' lang='grc' dir='ltr'>τιμι-</span> 
     </span>
    </p>
   </div>
   <div class='ocr_carea' id='block_1_63' title="bbox 2057 1838 3624 1916">
    <p class='ocr_par' dir='ltr' id='par_1_63' title="bbox 2057 1838 3624 1916">
     <span class='ocr_line' id='line_1_63' title="bbox 2057 1838 3624 1916; baseline -0.013 -7"><span class='ocrx_word' id='word_1_461' title='bbox 2057 1854 2277 1909; x_wconf 86' lang='lat' dir='ltr'><strong>narehia</strong></span> <span class='ocrx_word' id='word_1_462' title='bbox 2325 1849 2808 1913; x_wconf 86' lang='lat' dir='ltr'><strong>denuntiabuntur,</strong></span> <span class='ocrx_word' id='word_1_463' title='bbox 2845 1845 3062 1916; x_wconf 85' lang='lat' dir='ltr'><strong>publice</strong></span> <span class='ocrx_word' id='word_1_464' title='bbox 3097 1845 3216 1913; x_wconf 89' lang='lat' dir='ltr'><strong>ipse</strong></span> <span class='ocrx_word' id='word_1_465' title='bbox 3245 1854 3485 1911; x_wconf 63' lang='lat' dir='ltr'><strong>praesens</strong></span> <span class='ocrx_word' id='word_1_466' title='bbox 3518 1838 3624 1890; x_wconf 84' lang='lat' dir='ltr'><strong>im-</strong></span> 
     </span>
    </p>
   </div>
   <div class='ocr_carea' id='block_1_64' title="bbox 2058 1957 2276 2018">
    <p class='ocr_par' dir='ltr' id='par_1_64' title="bbox 2058 1957 2276 2018">
     <span class='ocr_line' id='line_1_64' title="bbox 2058 1957 2276 2018; baseline -0.005 -18"><span class='ocrx_word' id='word_1_467' title='bbox 2058 1957 2276 2018; x_wconf 76' lang='lat' dir='ltr'><strong>pugnet.</strong></span> 
     </span>
    </p>
   </div>
   <div class='ocr_carea' id='block_1_65' title="bbox 2131 2019 3622 2088">
    <p class='ocr_par' dir='ltr' id='par_1_65' title="bbox 2131 2019 3622 2088">
     <span class='ocr_line' id='line_1_65' title="bbox 2131 2019 3622 2088; baseline -0.009 -2"><span class='ocrx_word' id='word_1_468' title='bbox 2131 2032 2342 2086; x_wconf 73' lang='lat' dir='ltr'><strong>CXXX.</strong></span> <span class='ocrx_word' id='word_1_469' title='bbox 2370 2030 2493 2086; x_wconf 77' lang='lat' dir='ltr'><strong>[hec</strong></span> <span class='ocrx_word' id='word_1_470' title='bbox 2517 2031 2729 2084; x_wconf 86' lang='lat' dir='ltr'><strong>dicente</strong></span> <span class='ocrx_word' id='word_1_471' title='bbox 2758 2029 3014 2088; x_wconf 86' lang='lat' dir='ltr'><strong>diacono,</strong></span> <span class='ocrx_word' id='word_1_472' title='bbox 3055 2039 3179 2079; x_wconf 90' lang='lat' dir='ltr'><strong>ecce</strong></span> <span class='ocrx_word' id='word_1_473' title='bbox 3203 2033 3257 2076; x_wconf 88' lang='lat' dir='ltr'><strong>et</strong></span> <span class='ocrx_word' id='word_1_474' title='bbox 3287 2019 3476 2075; x_wconf 90' lang='lat' dir='ltr'><strong>Simon</strong></span> <span class='ocrx_word' id='word_1_475' title='bbox 3498 2033 3622 2074; x_wconf 88' lang='lat' dir='ltr'><strong>cum</strong></span> 
     </span>
    </p>
   </div>
   <div class='ocr_carea' id='block_1_66' title="bbox 2061 2110 3642 2192">
    <p class='ocr_par' dir='ltr' id='par_1_66' title="bbox 2061 2110 3642 2192">
     <span class='ocr_line' id='line_1_66' title="bbox 2061 2110 3642 2192; baseline -0.013 -8"><span class='ocrx_word' id='word_1_476' title='bbox 2061 2125 2409 2184; x_wconf 81' lang='lat' dir='ltr'><strong>Athenodoro</strong></span> <span class='ocrx_word' id='word_1_477' title='bbox 2459 2124 2691 2192; x_wconf 86' lang='lat' dir='ltr'><strong>aliisque</strong></span> <span class='ocrx_word' id='word_1_478' title='bbox 2751 2119 3024 2177; x_wconf 86' lang='lat' dir='ltr'><strong>nonnullis</strong></span> <span class='ocrx_word' id='word_1_479' title='bbox 3065 2114 3350 2171; x_wconf 88' lang='lat' dir='ltr'><strong>sodalibus</strong></span> <span class='ocrx_word' id='word_1_480' title='bbox 3385 2110 3642 2180; x_wconf 62' lang='lat' dir='ltr'><strong>ingredi-</strong></span> 
     </span>
    </p>
   </div>
   <div class='ocr_carea' id='block_1_67' title="bbox 2061 2205 3625 2283">
    <p class='ocr_par' dir='ltr' id='par_1_67' title="bbox 2061 2205 3625 2283">
     <span class='ocr_line' id='line_1_67' title="bbox 2061 2205 3625 2283; baseline -0.008 -13"><span class='ocrx_word' id='word_1_481' title='bbox 2061 2228 2150 2271; x_wconf 92' lang='lat' dir='ltr'><strong>tur</strong></span> <span class='ocrx_word' id='word_1_482' title='bbox 2186 2233 2201 2271; x_wconf 88' lang='lat'><strong>:</strong></span> <span class='ocrx_word' id='word_1_483' title='bbox 2238 2225 2290 2270; x_wconf 89' lang='lat' dir='ltr'><strong>et</strong></span> <span class='ocrx_word' id='word_1_484' title='bbox 2325 2223 2450 2268; x_wconf 87' lang='lat' dir='ltr'><strong>ante</strong></span> <span class='ocrx_word' id='word_1_485' title='bbox 2483 2230 2646 2283; x_wconf 91' lang='lat' dir='ltr'><strong>quam</strong></span> <span class='ocrx_word' id='word_1_486' title='bbox 2678 2212 2872 2266; x_wconf 84' lang='lat' dir='ltr'><strong>Petrus</strong></span> <span class='ocrx_word' id='word_1_487' title='bbox 2914 2207 3120 2279; x_wconf 83' lang='lat' dir='ltr'><strong>aliquid</strong></span> <span class='ocrx_word' id='word_1_488' title='bbox 3172 2206 3398 2260; x_wconf 88' lang='lat' dir='ltr'><strong>omnino</strong></span> <span class='ocrx_word' id='word_1_489' title='bbox 3431 2205 3625 2274; x_wconf 89' lang='lat' dir='ltr'><strong>loque-</strong></span> 
     </span>
    </p>
   </div>
   <div class='ocr_carea' id='block_1_68' title="bbox 2064 2288 3624 2374">
    <p class='ocr_par' dir='ltr' id='par_1_68' title="bbox 2064 2288 3624 2374">
     <span class='ocr_line' id='line_1_68' title="bbox 2064 2288 3624 2374; baseline -0.012 -14"><span class='ocrx_word' id='word_1_490' title='bbox 2064 2316 2245 2371; x_wconf 87' lang='lat' dir='ltr'><strong>retur,</strong></span> <span class='ocrx_word' id='word_1_491' title='bbox 2283 2307 2396 2374; x_wconf 91' lang='lat' dir='ltr'><strong>ipse</strong></span> <span class='ocrx_word' id='word_1_492' title='bbox 2449 2305 2750 2372; x_wconf 84' lang='lat' dir='ltr'><strong>anticipans</strong></span> <span class='ocrx_word' id='word_1_493' title='bbox 2791 2320 2804 2354; x_wconf 88' lang='lat'><strong>;</strong></span> <span class='ocrx_word' id='word_1_494' title='bbox 2856 2300 3130 2369; x_wconf 82' lang='lat' dir='ltr'><strong>Comperi,</strong></span> <span class='ocrx_word' id='word_1_495' title='bbox 3162 2296 3359 2365; x_wconf 90' lang='lat' dir='ltr'><strong>inquit,</strong></span> <span class='ocrx_word' id='word_1_496' title='bbox 3405 2303 3457 2348; x_wconf 93' lang='lat' dir='ltr'><strong>te</strong></span> <span class='ocrx_word' id='word_1_497' title='bbox 3510 2288 3624 2344; x_wconf 85' lang='lat' dir='ltr'><strong>heri</strong></span> 
     </span>
    </p>
   </div>
   <div class='ocr_carea' id='block_1_69' title="bbox 2064 2388 3624 2468">
    <p class='ocr_par' dir='ltr' id='par_1_69' title="bbox 2064 2388 3624 2468">
     <span class='ocr_line' id='line_1_69' title="bbox 2064 2388 3624 2468; baseline -0.012 -16"><span class='ocrx_word' id='word_1_498' title='bbox 2064 2398 2362 2468; x_wconf 84' lang='lat' dir='ltr'><strong>pollicitum</strong></span> <span class='ocrx_word' id='word_1_499' title='bbox 2389 2412 2510 2451; x_wconf 91' lang='lat' dir='ltr'><strong>esse</strong></span> <span class='ocrx_word' id='word_1_500' title='bbox 2535 2395 2756 2460; x_wconf 84' lang='lat' dir='ltr'><strong>Fausto,</strong></span> <span class='ocrx_word' id='word_1_501' title='bbox 2792 2393 2937 2464; x_wconf 88' lang='lat' dir='ltr'><strong>quod</strong></span> <span class='ocrx_word' id='word_1_502' title='bbox 2968 2391 3128 2445; x_wconf 83' lang='lat' dir='ltr'><strong>hodie</strong></span> <span class='ocrx_word' id='word_1_503' title='bbox 3149 2388 3334 2442; x_wconf 88' lang='lat' dir='ltr'><strong>habito</strong></span> <span class='ocrx_word' id='word_1_504' title='bbox 3353 2399 3624 2447; x_wconf 82' lang='lat' dir='ltr'><strong>sermone,</strong></span> 
     </span>
    </p>
   </div>
   <div class='ocr_carea' id='block_1_70' title="bbox 2064 2474 3628 2554">
    <p class='ocr_par' dir='ltr' id='par_1_70' title="bbox 2064 2474 3628 2554">
     <span class='ocr_line' id='line_1_70' title="bbox 2064 2474 3628 2554; baseline -0.011 -10"><span class='ocrx_word' id='word_1_505' title='bbox 2064 2490 2254 2544; x_wconf 86' lang='lat' dir='ltr'><strong>ordine</strong></span> <span class='ocrx_word' id='word_1_506' title='bbox 2293 2503 2443 2543; x_wconf 82' lang='lat' dir='ltr'><strong>esses</strong></span> <span class='ocrx_word' id='word_1_507' title='bbox 2477 2497 2822 2547; x_wconf 87' lang='lat' dir='ltr'><strong>ostensurus,</strong></span> <span class='ocrx_word' id='word_1_508' title='bbox 2853 2484 3199 2554; x_wconf 87' lang='lat' dir='ltr'><strong>primumque</strong></span> <span class='ocrx_word' id='word_1_509' title='bbox 3234 2474 3535 2547; x_wconf 90' lang='lat' dir='ltr'><strong>incipiendo</strong></span> <span class='ocrx_word' id='word_1_510' title='bbox 3560 2474 3628 2527; x_wconf 90' lang='lat' dir='ltr'><strong>ab</strong></span> 
     </span>
    </p>
   </div>
   <div class='ocr_carea' id='block_1_71' title="bbox 2065 2566 3626 2651">
    <p class='ocr_par' dir='ltr' id='par_1_71' title="bbox 2065 2566 3626 2651">
     <span class='ocr_line' id='line_1_71' title="bbox 2065 2566 3626 2651; baseline -0.011 -17"><span class='ocrx_word' id='word_1_511' title='bbox 2065 2581 2184 2651; x_wconf 90' lang='lat' dir='ltr'><strong>ipso</strong></span> <span class='ocrx_word' id='word_1_512' title='bbox 2239 2579 2616 2633; x_wconf 79' lang='lat' dir='ltr'><strong>universorum</strong></span> <span class='ocrx_word' id='word_1_513' title='bbox 2651 2575 2914 2639; x_wconf 84' lang='lat' dir='ltr'><strong>Domino;</strong></span> <span class='ocrx_word' id='word_1_514' title='bbox 2944 2589 3067 2627; x_wconf 91' lang='lat' dir='ltr'><strong>eum</strong></span> <span class='ocrx_word' id='word_1_515' title='bbox 3105 2571 3282 2626; x_wconf 91' lang='lat' dir='ltr'><strong>solum</strong></span> <span class='ocrx_word' id='word_1_516' title='bbox 3334 2566 3626 2638; x_wconf 82' lang='lat' dir='ltr'><strong>dicendum</strong></span> 
     </span>
    </p>
   </div>
   <div class='ocr_carea' id='block_1_72' title="bbox 2064 2655 3627 2735">
    <p class='ocr_par' dir='ltr' id='par_1_72' title="bbox 2064 2655 3627 2735">
     <span class='ocr_line' id='line_1_72' title="bbox 2064 2655 3627 2735; baseline -0.013 -8"><span class='ocrx_word' id='word_1_517' title='bbox 2064 2687 2188 2728; x_wconf 88' lang='lat' dir='ltr'><strong>esse</strong></span> <span class='ocrx_word' id='word_1_518' title='bbox 2239 2671 2431 2734; x_wconf 73' lang='lat' dir='ltr'><strong>Deum,</strong></span> <span class='ocrx_word' id='word_1_519' title='bbox 2457 2669 2594 2723; x_wconf 85' lang='lat' dir='ltr'><strong>alios</strong></span> <span class='ocrx_word' id='word_1_520' title='bbox 2617 2683 2744 2721; x_wconf 83' lang='lat' dir='ltr'><strong>vero</strong></span> <span class='ocrx_word' id='word_1_521' title='bbox 2774 2682 2948 2735; x_wconf 88' lang='lat' dir='ltr'><strong>neque</strong></span> <span class='ocrx_word' id='word_1_522' title='bbox 2975 2662 3232 2718; x_wconf 84' lang='lat' dir='ltr'><strong>dicendos</strong></span> <span class='ocrx_word' id='word_1_523' title='bbox 3285 2673 3460 2728; x_wconf 89' lang='lat' dir='ltr'><strong>neque</strong></span> <span class='ocrx_word' id='word_1_524' title='bbox 3507 2655 3627 2710; x_wconf 77' lang='lat' dir='ltr'><strong>exi-</strong></span> 
     </span>
    </p>
   </div>
   <div class='ocr_carea' id='block_1_73' title="bbox 2065 2755 3617 2831">
    <p class='ocr_par' dir='ltr' id='par_1_73' title="bbox 2065 2755 3617 2831">
     <span class='ocr_line' id='line_1_73' title="bbox 2065 2755 3617 2831; baseline -0.013 -11"><span class='ocrx_word' id='word_1_525' title='bbox 2065 2763 2402 2828; x_wconf 85' lang='lat' dir='ltr'><strong>stimandos;</strong></span> <span class='ocrx_word' id='word_1_526' title='bbox 2453 2761 2655 2831; x_wconf 87' lang='lat' dir='ltr'><strong>quique</strong></span> <span class='ocrx_word' id='word_1_527' title='bbox 2703 2768 2893 2813; x_wconf 87' lang='lat' dir='ltr'><strong>contra</strong></span> <span class='ocrx_word' id='word_1_528' title='bbox 2917 2755 3134 2820; x_wconf 82' lang='lat' dir='ltr'><strong>fecerit,</strong></span> <span class='ocrx_word' id='word_1_529' title='bbox 3172 2761 3403 2807; x_wconf 69' lang='lat' dir='ltr'><strong>aeternas</strong></span> <span class='ocrx_word' id='word_1_530' title='bbox 3426 2763 3617 2817; x_wconf 62' lang='lat' dir='ltr'><strong>pinnas</strong></span> 
     </span>
    </p>
   </div>
   <div class='ocr_carea' id='block_1_74' title="bbox 2066 2843 3626 2918">
    <p class='ocr_par' dir='ltr' id='par_1_74' title="bbox 2066 2843 3626 2918">
     <span class='ocr_line' id='line_1_74' title="bbox 2066 2843 3626 2918; baseline -0.013 -7"><span class='ocrx_word' id='word_1_531' title='bbox 2066 2857 2342 2915; x_wconf 76' lang='lat' dir='ltr'><strong>daturum.</strong></span> <span class='ocrx_word' id='word_1_532' title='bbox 2393 2853 2531 2906; x_wconf 87' lang='lat' dir='ltr'><strong>Ante</strong></span> <span class='ocrx_word' id='word_1_533' title='bbox 2583 2850 2764 2906; x_wconf 88' lang='lat' dir='ltr'><strong>omnia</strong></span> <span class='ocrx_word' id='word_1_534' title='bbox 2799 2864 2927 2918; x_wconf 81' lang='lat' dir='ltr'><strong>ergo</strong></span> <span class='ocrx_word' id='word_1_535' title='bbox 2980 2861 3106 2900; x_wconf 78' lang='lat' dir='ltr'><strong>vere</strong></span> <span class='ocrx_word' id='word_1_536' title='bbox 3152 2843 3420 2899; x_wconf 76' lang='lat' dir='ltr'><strong>insaniam</strong></span> <span class='ocrx_word' id='word_1_537' title='bbox 3479 2850 3626 2894; x_wconf 89' lang='lat' dir='ltr'><strong>tuam</strong></span> 
     </span>
    </p>
   </div>
   <div class='ocr_carea' id='block_1_75' title="bbox 2067 2933 3633 3015">
    <p class='ocr_par' dir='ltr' id='par_1_75' title="bbox 2067 2933 3633 3015">
     <span class='ocr_line' id='line_1_75' title="bbox 2067 2933 3633 3015; baseline -0.013 -11"><span class='ocrx_word' id='word_1_538' title='bbox 2067 2949 2366 3005; x_wconf 86' lang='lat' dir='ltr'><strong>demiratus</strong></span> <span class='ocrx_word' id='word_1_539' title='bbox 2422 2961 2566 3011; x_wconf 89' lang='lat' dir='ltr'><strong>sum,</strong></span> <span class='ocrx_word' id='word_1_540' title='bbox 2625 2942 2770 3015; x_wconf 90' lang='lat' dir='ltr'><strong>quod</strong></span> <span class='ocrx_word' id='word_1_541' title='bbox 2806 2939 3037 3010; x_wconf 84' lang='lat' dir='ltr'><strong>sperasti</strong></span> <span class='ocrx_word' id='word_1_542' title='bbox 3075 2948 3126 2993; x_wconf 91' lang='lat' dir='ltr'><strong>te</strong></span> <span class='ocrx_word' id='word_1_543' title='bbox 3158 2952 3318 3008; x_wconf 90' lang='lat' dir='ltr'><strong>posse</strong></span> <span class='ocrx_word' id='word_1_544' title='bbox 3359 2936 3414 2990; x_wconf 92' lang='lat' dir='ltr'><strong>in</strong></span> <span class='ocrx_word' id='word_1_545' title='bbox 3465 2933 3633 2987; x_wconf 83' lang='lat' dir='ltr'><strong>aliam</strong></span> 
     </span>
    </p>
   </div>
   <div class='ocr_carea' id='block_1_76' title="bbox 2071 3020 3630 3096">
    <p class='ocr_par' dir='ltr' id='par_1_76' title="bbox 2071 3020 3630 3096">
     <span class='ocr_line' id='line_1_76' title="bbox 2071 3020 3630 3096; baseline -0.013 -2"><span class='ocrx_word' id='word_1_546' title='bbox 2071 3038 2394 3095; x_wconf 88' lang='lat' dir='ltr'><strong>sententiam</strong></span> <span class='ocrx_word' id='word_1_547' title='bbox 2433 3035 2698 3089; x_wconf 86' lang='lat' dir='ltr'><strong>adducere</strong></span> <span class='ocrx_word' id='word_1_548' title='bbox 2752 3031 2928 3084; x_wconf 85' lang='lat' dir='ltr'><strong>virum</strong></span> <span class='ocrx_word' id='word_1_549' title='bbox 2981 3029 3115 3083; x_wconf 88' lang='lat' dir='ltr'><strong>adeo</strong></span> <span class='ocrx_word' id='word_1_550' title='bbox 3164 3026 3500 3096; x_wconf 83' lang='lat' dir='ltr'><strong>sapientem,</strong></span> <span class='ocrx_word' id='word_1_551' title='bbox 3561 3020 3630 3075; x_wconf 89' lang='lat' dir='ltr'><strong>ad</strong></span> 
     </span>
    </p>
   </div>
   <div class='ocr_carea' id='block_1_77' title="bbox 2047 3111 3625 3191">
    <p class='ocr_par' dir='ltr' id='par_1_77' title="bbox 2047 3111 3625 3191">
     <span class='ocr_line' id='line_1_77' title="bbox 2047 3111 3625 3191; baseline -0.011 -9"><span class='ocrx_word' id='word_1_552' title='bbox 2047 3120 2185 3181; x_wconf 50' lang='lat' dir='ltr'><strong>‘haee</strong></span> <span class='ocrx_word' id='word_1_553' title='bbox 2211 3140 2414 3180; x_wconf 91' lang='lat' dir='ltr'><strong>senem.</strong></span> <span class='ocrx_word' id='word_1_554' title='bbox 2451 3123 2520 3176; x_wconf 85' lang='lat' dir='ltr'><strong>At</strong></span> <span class='ocrx_word' id='word_1_555' title='bbox 2549 3137 2672 3191; x_wconf 90' lang='lat' dir='ltr'><strong>spes</strong></span> <span class='ocrx_word' id='word_1_556' title='bbox 2705 3136 2769 3175; x_wconf 91' lang='lat' dir='ltr'><strong>ac</strong></span> <span class='ocrx_word' id='word_1_557' title='bbox 2811 3120 3146 3174; x_wconf 76' lang='lat' dir='ltr'><strong>voluntatem</strong></span> <span class='ocrx_word' id='word_1_558' title='bbox 3182 3131 3288 3170; x_wconf 91' lang='lat' dir='ltr'><strong>non</strong></span> <span class='ocrx_word' id='word_1_559' title='bbox 3323 3111 3625 3175; x_wconf 76' lang='lat' dir='ltr'><strong>obtinebis;</strong></span> 
     </span>
    </p>
   </div>
   <div class='ocr_carea' id='block_1_78' title="bbox 2071 3206 3632 3285">
    <p class='ocr_par' dir='ltr' id='par_1_78' title="bbox 2071 3206 3632 3285">
     <span class='ocr_line' id='line_1_78' title="bbox 2071 3206 3632 3285; baseline -0.01 -15"><span class='ocrx_word' id='word_1_560' title='bbox 2071 3224 2256 3285; x_wconf 89' lang='lat' dir='ltr'><strong>utpote</strong></span> <span class='ocrx_word' id='word_1_561' title='bbox 2289 3220 2550 3283; x_wconf 80' lang='lat' dir='ltr'><strong>praesente</strong></span> <span class='ocrx_word' id='word_1_562' title='bbox 2584 3226 2671 3266; x_wconf 92' lang='lat' dir='ltr'><strong>me</strong></span> <span class='ocrx_word' id='word_1_563' title='bbox 2697 3251 2714 3275; x_wconf 92' lang='lat'><strong>,</strong></span> <span class='ocrx_word' id='word_1_564' title='bbox 2767 3219 3000 3279; x_wconf 88' lang='lat' dir='ltr'><strong>tuosque</strong></span> <span class='ocrx_word' id='word_1_565' title='bbox 3032 3206 3204 3261; x_wconf 83' lang='lat' dir='ltr'><strong>falsos</strong></span> <span class='ocrx_word' id='word_1_566' title='bbox 3235 3217 3516 3259; x_wconf 87' lang='lat' dir='ltr'><strong>sermones</strong></span> <span class='ocrx_word' id='word_1_567' title='bbox 3543 3217 3632 3254; x_wconf 84' lang='lat' dir='ltr'><strong>re-</strong></span> 
     </span>
    </p>
   </div>
   <div class='ocr_carea' id='block_1_79' title="bbox 2069 3291 3630 3375">
    <p class='ocr_par' dir='ltr' id='par_1_79' title="bbox 2069 3291 3630 3375">
     <span class='ocr_line' id='line_1_79' title="bbox 2069 3291 3630 3375; baseline -0.01 -15"><span class='ocrx_word' id='word_1_568' title='bbox 2069 3306 2383 3375; x_wconf 78' lang='lat' dir='ltr'><strong>dargucnte.</strong></span> <span class='ocrx_word' id='word_1_569' title='bbox 2422 3301 2632 3356; x_wconf 78' lang='lat' dir='ltr'><strong>Etenim</strong></span> <span class='ocrx_word' id='word_1_570' title='bbox 2666 3300 2803 3355; x_wconf 79' lang='lat' dir='ltr'><strong>forte</strong></span> <span class='ocrx_word' id='word_1_571' title='bbox 2837 3315 2923 3354; x_wconf 88' lang='lat' dir='ltr'><strong>me</strong></span> <span class='ocrx_word' id='word_1_572' title='bbox 2956 3299 3178 3353; x_wconf 87' lang='lat' dir='ltr'><strong>absente</strong></span> <span class='ocrx_word' id='word_1_573' title='bbox 3203 3296 3460 3362; x_wconf 90' lang='lat' dir='ltr'><strong>deceptus</strong></span> <span class='ocrx_word' id='word_1_574' title='bbox 3495 3291 3630 3345; x_wconf 82' lang='lat' dir='ltr'><strong>fuis-</strong></span> 
     </span>
    </p>
   </div>
   <div class='ocr_carea' id='block_1_80' title="bbox 2071 3383 3623 3464">
    <p class='ocr_par' dir='ltr' id='par_1_80' title="bbox 2071 3383 3623 3464">
     <span class='ocr_line' id='line_1_80' title="bbox 2071 3383 3623 3464; baseline -0.011 -12"><span class='ocrx_word' id='word_1_575' title='bbox 2071 3405 2172 3463; x_wconf 81' lang='lat' dir='ltr'><strong>set,</strong></span> <span class='ocrx_word' id='word_1_576' title='bbox 2199 3410 2320 3451; x_wconf 91' lang='lat' dir='ltr'><strong>cum</strong></span> <span class='ocrx_word' id='word_1_577' title='bbox 2357 3393 2639 3464; x_wconf 88' lang='lat' dir='ltr'><strong>imperitus</strong></span> <span class='ocrx_word' id='word_1_578' title='bbox 2692 3393 2764 3447; x_wconf 86' lang='lat' dir='ltr'><strong>sit</strong></span> <span class='ocrx_word' id='word_1_579' title='bbox 2791 3392 3054 3446; x_wconf 86' lang='lat' dir='ltr'><strong>librorum</strong></span> <span class='ocrx_word' id='word_1_580' title='bbox 3091 3387 3185 3459; x_wconf 85' lang='lat' dir='ltr'><strong>qui</strong></span> <span class='ocrx_word' id='word_1_581' title='bbox 3217 3386 3419 3441; x_wconf 68' lang='lat' dir='ltr'><strong>Judaeis</strong></span> <span class='ocrx_word' id='word_1_582' title='bbox 3444 3383 3623 3453; x_wconf 87' lang='lat' dir='ltr'><strong>palam</strong></span> 
     </span>
    </p>
   </div>
   <div class='ocr_carea' id='block_1_81' title="bbox 2069 3473 3628 3546">
    <p class='ocr_par' dir='ltr' id='par_1_81' title="bbox 2069 3473 3628 3546">
     <span class='ocr_line' id='line_1_81' title="bbox 2069 3473 3628 3546; baseline -0.012 -2"><span class='ocrx_word' id='word_1_583' title='bbox 2069 3498 2198 3546; x_wconf 86' lang='lat' dir='ltr'><strong>sunt</strong></span> <span class='ocrx_word' id='word_1_584' title='bbox 2241 3485 2446 3542; x_wconf 88' lang='lat' dir='ltr'><strong>traditi.</strong></span> <span class='ocrx_word' id='word_1_585' title='bbox 2496 3481 2652 3538; x_wconf 84' lang='lat' dir='ltr'><strong>Nunc</strong></span> <span class='ocrx_word' id='word_1_586' title='bbox 2707 3491 2886 3537; x_wconf 89' lang='lat' dir='ltr'><strong>autem</strong></span> <span class='ocrx_word' id='word_1_587' title='bbox 2921 3479 3089 3534; x_wconf 89' lang='lat' dir='ltr'><strong>multa</strong></span> <span class='ocrx_word' id='word_1_588' title='bbox 3124 3477 3287 3531; x_wconf 85' lang='lat' dir='ltr'><strong>verba</strong></span> <span class='ocrx_word' id='word_1_589' title='bbox 3321 3473 3628 3544; x_wconf 70' lang='lat' dir='ltr'><strong>praeteribo,</strong></span> 
     </span>
    </p>
   </div>
   <div class='ocr_carea' id='block_1_82' title="bbox 2071 3563 3636 3648">
    <p class='ocr_par' dir='ltr' id='par_1_82' title="bbox 2071 3563 3636 3648">
     <span class='ocr_line' id='line_1_82' title="bbox 2071 3563 3636 3648; baseline -0.013 -12"><span class='ocrx_word' id='word_1_590' title='bbox 2071 3581 2313 3636; x_wconf 87' lang='lat' dir='ltr'><strong>utcitius</strong></span> <span class='ocrx_word' id='word_1_591' title='bbox 2335 3577 2752 3648; x_wconf 88' lang='lat' dir='ltr'><strong>promissionem</strong></span> <span class='ocrx_word' id='word_1_592' title='bbox 2786 3582 2935 3628; x_wconf 89' lang='lat' dir='ltr'><strong>tuam</strong></span> <span class='ocrx_word' id='word_1_593' title='bbox 2971 3571 3241 3624; x_wconf 82' lang='lat' dir='ltr'><strong>inﬁrmam</strong></span> <span class='ocrx_word' id='word_1_594' title='bbox 3272 3581 3391 3622; x_wconf 92' lang='lat' dir='ltr'><strong>esse</strong></span> <span class='ocrx_word' id='word_1_595' title='bbox 3405 3563 3636 3620; x_wconf 86' lang='lat' dir='ltr'><strong>convin-</strong></span> 
     </span>
    </p>
   </div>
   <div class='ocr_carea' id='block_1_83' title="bbox 2072 3659 3635 3739">
    <p class='ocr_par' dir='ltr' id='par_1_83' title="bbox 2072 3659 3635 3739">
     <span class='ocr_line' id='line_1_83' title="bbox 2072 3659 3635 3739; baseline -0.013 -9"><span class='ocrx_word' id='word_1_596' title='bbox 2072 3689 2212 3730; x_wconf 89' lang='lat' dir='ltr'><strong>cam.</strong></span> <span class='ocrx_word' id='word_1_597' title='bbox 2239 3672 2334 3726; x_wconf 86' lang='lat' dir='ltr'><strong>Dic</strong></span> <span class='ocrx_word' id='word_1_598' title='bbox 2352 3670 2513 3736; x_wconf 81' lang='lat' dir='ltr'><strong>igitur</strong></span> <span class='ocrx_word' id='word_1_599' title='bbox 2538 3667 2684 3739; x_wconf 89' lang='lat' dir='ltr'><strong>quod</strong></span> <span class='ocrx_word' id='word_1_600' title='bbox 2707 3665 2977 3737; x_wconf 90' lang='lat' dir='ltr'><strong>pollicitus</strong></span> <span class='ocrx_word' id='word_1_601' title='bbox 3007 3677 3091 3717; x_wconf 91' lang='lat' dir='ltr'><strong>es.</strong></span> <span class='ocrx_word' id='word_1_602' title='bbox 3121 3659 3215 3714; x_wconf 89' lang='lat' dir='ltr'><strong>Sin</strong></span> <span class='ocrx_word' id='word_1_603' title='bbox 3234 3666 3412 3714; x_wconf 87' lang='lat' dir='ltr'><strong>autem</strong></span> <span class='ocrx_word' id='word_1_604' title='bbox 3447 3670 3635 3725; x_wconf 87' lang='lat' dir='ltr'><strong>reprc-</strong></span> 
     </span>
    </p>
   </div>
   <div class='ocr_carea' id='block_1_84' title="bbox 2074 3750 3634 3826">
    <p class='ocr_par' dir='ltr' id='par_1_84' title="bbox 2074 3750 3634 3826">
     <span class='ocr_line' id='line_1_84' title="bbox 2074 3750 3634 3826; baseline -0.013 -2"><span class='ocrx_word' id='word_1_605' title='bbox 2074 3767 2396 3824; x_wconf 84' lang='lat' dir='ltr'><strong>hensionem</strong></span> <span class='ocrx_word' id='word_1_606' title='bbox 2421 3762 2654 3826; x_wconf 79' lang='lat' dir='ltr'><strong>veritus,</strong></span> <span class='ocrx_word' id='word_1_607' title='bbox 2705 3772 2890 3814; x_wconf 92' lang='lat' dir='ltr'><strong>coram</strong></span> <span class='ocrx_word' id='word_1_608' title='bbox 2930 3755 3086 3810; x_wconf 93' lang='lat' dir='ltr'><strong>nobis</strong></span> <span class='ocrx_word' id='word_1_609' title='bbox 3112 3753 3248 3808; x_wconf 68' lang='lat' dir='ltr'><strong>velis</strong></span> <span class='ocrx_word' id='word_1_610' title='bbox 3298 3750 3634 3822; x_wconf 87' lang='lat' dir='ltr'><strong>promissum</strong></span> 
     </span>
    </p>
   </div>
   <div class='ocr_carea' id='block_1_85' title="bbox 2074 3840 3621 3922">
    <p class='ocr_par' dir='ltr' id='par_1_85' title="bbox 2074 3840 3621 3922">
     <span class='ocr_line' id='line_1_85' title="bbox 2074 3840 3621 3922; baseline -0.013 -9"><span class='ocrx_word' id='word_1_611' title='bbox 2074 3859 2361 3922; x_wconf 89' lang='lat' dir='ltr'><strong>omittere;</strong></span> <span class='ocrx_word' id='word_1_612' title='bbox 2399 3854 2560 3910; x_wconf 87' lang='lat' dir='ltr'><strong>etiam</strong></span> <span class='ocrx_word' id='word_1_613' title='bbox 2623 3852 2702 3908; x_wconf 91' lang='lat' dir='ltr'><strong>sic</strong></span> <span class='ocrx_word' id='word_1_614' title='bbox 2736 3848 3008 3905; x_wconf 79' lang='lat' dir='ltr'><strong>sufﬁciens</strong></span> <span class='ocrx_word' id='word_1_615' title='bbox 3041 3846 3144 3902; x_wconf 88' lang='lat' dir='ltr'><strong>erit</strong></span> <span class='ocrx_word' id='word_1_616' title='bbox 3170 3843 3442 3914; x_wconf 76' lang='lat' dir='ltr'><strong>probatio,</strong></span> <span class='ocrx_word' id='word_1_617' title='bbox 3489 3840 3621 3895; x_wconf 72' lang='lat' dir='ltr'><strong>falsa</strong></span> 
     </span>
    </p>
   </div>
   <div class='ocr_carea' id='block_1_86' title="bbox 2073 3920 3626 4019">
    <p class='ocr_par' dir='ltr' id='par_1_86' title="bbox 2073 3920 3626 4019">
     <span class='ocr_line' id='line_1_86' title="bbox 2073 3920 3626 4019; baseline -0.014 -14"><span class='ocrx_word' id='word_1_618' title='bbox 2073 3965 2196 4006; x_wconf 89' lang='lat' dir='ltr'><strong>esse</strong></span> <span class='ocrx_word' id='word_1_619' title='bbox 2246 3963 2366 4019; x_wconf 67' lang='lat' dir='ltr'><strong>qua:</strong></span> <span class='ocrx_word' id='word_1_620' title='bbox 2413 3943 2735 4016; x_wconf 88' lang='lat' dir='ltr'><strong>promisisti,</strong></span> <span class='ocrx_word' id='word_1_621' title='bbox 2769 3939 3207 4012; x_wconf 86' lang='lat' dir='ltr'><strong>quandoquidem</strong></span> <span class='ocrx_word' id='word_1_622' title='bbox 3237 3951 3418 3990; x_wconf 86' lang='lat' dir='ltr'><strong>coram</strong></span> <span class='ocrx_word' id='word_1_623' title='bbox 3449 3920 3626 3986; x_wconf 82' lang='lat' dir='ltr'><strong>homi—</strong></span> 
     </span>
    </p>
   </div>
   <div class='ocr_carea' id='block_1_87' title="bbox 2076 4023 3628 4109">
    <p class='ocr_par' dir='ltr' id='par_1_87' title="bbox 2076 4023 3628 4109">
     <span class='ocr_line' id='line_1_87' title="bbox 2076 4023 3628 4109; baseline -0.014 -12"><span class='ocrx_word' id='word_1_624' title='bbox 2076 4044 2236 4097; x_wconf 90' lang='lat' dir='ltr'><strong>nibus</strong></span> <span class='ocrx_word' id='word_1_625' title='bbox 2263 4040 2570 4109; x_wconf 86' lang='lat' dir='ltr'><strong>Scripturas</strong></span> <span class='ocrx_word' id='word_1_626' title='bbox 2602 4033 2922 4089; x_wconf 88' lang='lat' dir='ltr'><strong>callentibus</strong></span> <span class='ocrx_word' id='word_1_627' title='bbox 2952 4045 3058 4084; x_wconf 88' lang='lat' dir='ltr'><strong>non</strong></span> <span class='ocrx_word' id='word_1_628' title='bbox 3106 4043 3274 4083; x_wconf 88' lang='lat' dir='ltr'><strong>ausus</strong></span> <span class='ocrx_word' id='word_1_629' title='bbox 3306 4026 3382 4081; x_wconf 89' lang='lat' dir='ltr'><strong>sis</strong></span> <span class='ocrx_word' id='word_1_630' title='bbox 3429 4023 3628 4078; x_wconf 89' lang='lat' dir='ltr'><strong>dicere.</strong></span> 
     </span>
    </p>
   </div>
   <div class='ocr_carea' id='block_1_88' title="bbox 2076 4114 3640 4200">
    <p class='ocr_par' dir='ltr' id='par_1_88' title="bbox 2076 4114 3640 4200">
     <span class='ocr_line' id='line_1_88' title="bbox 2076 4114 3640 4200; baseline -0.013 -14"><span class='ocrx_word' id='word_1_631' title='bbox 2076 4133 2142 4188; x_wconf 63' lang='lat' dir='ltr'><strong>lat</strong></span> <span class='ocrx_word' id='word_1_632' title='bbox 2188 4147 2316 4187; x_wconf 77' lang='lat' dir='ltr'><strong>vero</strong></span> <span class='ocrx_word' id='word_1_633' title='bbox 2347 4131 2460 4200; x_wconf 83' lang='lat' dir='ltr'><strong>jam</strong></span> <span class='ocrx_word' id='word_1_634' title='bbox 2529 4142 2628 4180; x_wconf 93' lang='lat' dir='ltr'><strong>cur</strong></span> <span class='ocrx_word' id='word_1_635' title='bbox 2685 4132 2940 4194; x_wconf 82' lang='lat' dir='ltr'><strong>exspecto</strong></span> <span class='ocrx_word' id='word_1_636' title='bbox 2986 4131 3046 4176; x_wconf 91' lang='lat' dir='ltr'><strong>ut</strong></span> <span class='ocrx_word' id='word_1_637' title='bbox 3094 4121 3286 4182; x_wconf 76' lang='lat' dir='ltr'><strong>(liras,</strong></span> <span class='ocrx_word' id='word_1_638' title='bbox 3333 4117 3426 4189; x_wconf 89' lang='lat' dir='ltr'><strong>qui</strong></span> <span class='ocrx_word' id='word_1_639' title='bbox 3466 4114 3640 4170; x_wconf 79' lang='lat' dir='ltr'><strong>maxi-</strong></span> 
     </span>
    </p>
   </div>
   <div class='ocr_carea' id='block_1_89' title="bbox 2077 4207 3636 4291">
    <p class='ocr_par' dir='ltr' id='par_1_89' title="bbox 2077 4207 3636 4291">
     <span class='ocr_line' id='line_1_89' title="bbox 2077 4207 3636 4291; baseline -0.017 -8"><span class='ocrx_word' id='word_1_640' title='bbox 2077 4242 2223 4283; x_wconf 90' lang='lat' dir='ltr'><strong>mum</strong></span> <span class='ocrx_word' id='word_1_641' title='bbox 2245 4225 2418 4278; x_wconf 85' lang='lat' dir='ltr'><strong>habeo</strong></span> <span class='ocrx_word' id='word_1_642' title='bbox 2435 4219 2838 4291; x_wconf 86' lang='lat' dir='ltr'><strong>pollicitationis</strong></span> <span class='ocrx_word' id='word_1_643' title='bbox 2863 4230 2968 4270; x_wconf 74' lang='lat' dir='ltr'><strong>tuae</strong></span> <span class='ocrx_word' id='word_1_644' title='bbox 3000 4223 3212 4278; x_wconf 89' lang='lat' dir='ltr'><strong>testem,</strong></span> <span class='ocrx_word' id='word_1_645' title='bbox 3247 4213 3389 4266; x_wconf 87' lang='lat' dir='ltr'><strong>hunc</strong></span> <span class='ocrx_word' id='word_1_646' title='bbox 3425 4207 3636 4278; x_wconf 58' lang='lat' dir='ltr'><strong>senegn?</strong></span> 
     </span>
    </p>
   </div>
   <div class='ocr_carea' id='block_1_90' title="bbox 2079 4298 3643 4381">
    <p class='ocr_par' dir='ltr' id='par_1_90' title="bbox 2079 4298 3643 4381">
     <span class='ocr_line' id='line_1_90' title="bbox 2079 4298 3643 4381; baseline -0.015 -5"><span class='ocrx_word' id='word_1_647' title='bbox 2079 4321 2209 4375; x_wconf 90' lang='lat' dir='ltr'><strong>Post</strong></span> <span class='ocrx_word' id='word_1_648' title='bbox 2242 4319 2355 4372; x_wconf 63' lang='lat' dir='ltr'><strong>han:</strong></span> <span class='ocrx_word' id='word_1_649' title='bbox 2383 4315 2567 4377; x_wconf 82' lang='lat' dir='ltr'><strong>verba,</strong></span> <span class='ocrx_word' id='word_1_650' title='bbox 2603 4327 2726 4367; x_wconf 91' lang='lat' dir='ltr'><strong>cum</strong></span> <span class='ocrx_word' id='word_1_651' title='bbox 2761 4318 2970 4381; x_wconf 90' lang='lat' dir='ltr'><strong>patrem</strong></span> <span class='ocrx_word' id='word_1_652' title='bbox 3014 4306 3335 4376; x_wconf 78' lang='lat' dir='ltr'><strong>aspexisset,</strong></span> <span class='ocrx_word' id='word_1_653' title='bbox 3396 4302 3506 4354; x_wconf 86' lang='lat' dir='ltr'><strong>ait:</strong></span> <span class='ocrx_word' id='word_1_654' title='bbox 3548 4298 3643 4353; x_wconf 91' lang='lat' dir='ltr'><strong>Dic</strong></span> 
     </span>
    </p>
   </div>
   <div class='ocr_carea' id='block_1_91' title="bbox 411 4390 1986 4472">
    <p class='ocr_par' dir='ltr' id='par_1_91' title="bbox 411 4393 1977 4468">
     <span class='ocr_line' id='line_1_91' title="bbox 411 4393 1977 4468; baseline -0.005 -16"><span class='ocrx_word' id='word_1_655' title='bbox 411 4399 640 4463; x_wconf 77' lang='grc' dir='ltr'>ώτατος,</span> <span class='ocrx_word' id='word_1_656' title='bbox 672 4399 790 4468; x_wconf 78' lang='grc' dir='ltr'>οὐχὶ</span> <span class='ocrx_word' id='word_1_657' title='bbox 837 4393 990 4460; x_wconf 74' lang='grc' dir='ltr'>οὗτος</span> <span class='ocrx_word' id='word_1_658' title='bbox 1050 4396 1320 4465; x_wconf 84' lang='grc' dir='ltr'>ὑπέσχετό</span> <span class='ocrx_word' id='word_1_659' title='bbox 1373 4411 1454 4447; x_wconf 90' lang='grc' dir='ltr'><strong>σοι</strong></span> <span class='ocrx_word' id='word_1_660' title='bbox 1501 4393 1668 4459; x_wconf 80' lang='grc' dir='ltr'>δεῖξαι</span> <span class='ocrx_word' id='word_1_661' title='bbox 1720 4399 1977 4462; x_wconf 84' lang='grc' dir='ltr'>σήμερον,</span> 
     </span>
    </p>
   </div>
   <div class='ocr_carea' id='block_1_92' title="bbox 2068 4390 3637 4472">
    <p class='ocr_par' dir='ltr' id='par_1_92' title="bbox 2083 4390 3637 4472">
     <span class='ocr_line' id='line_1_92' title="bbox 2083 4390 3637 4472; baseline -0.015 -8"><span class='ocrx_word' id='word_1_662' title='bbox 2083 4410 2240 4472; x_wconf 89' lang='lat' dir='ltr'><strong>mihi,</strong></span> <span class='ocrx_word' id='word_1_663' title='bbox 2290 4407 2529 4460; x_wconf 73' lang='lat' dir='ltr'><strong>virorum</strong></span> <span class='ocrx_word' id='word_1_664' title='bbox 2597 4399 3096 4472; x_wconf 66' lang='lat' dir='ltr'><strong>praestantissime,</strong></span> <span class='ocrx_word' id='word_1_665' title='bbox 3154 4409 3332 4449; x_wconf 87' lang='lat' dir='ltr'><strong>nonne</strong></span> <span class='ocrx_word' id='word_1_666' title='bbox 3384 4393 3484 4445; x_wconf 85' lang='lat' dir='ltr'><strong>istc</strong></span> <span class='ocrx_word' id='word_1_667' title='bbox 3545 4390 3637 4443; x_wconf 84' lang='lat' dir='ltr'><strong>tibi</strong></span> 
     </span>
    </p>
   </div>
   <div class='ocr_carea' id='block_1_93' title="bbox 403 4482 1978 4557">
    <p class='ocr_par' dir='ltr' id='par_1_93' title="bbox 403 4482 1978 4557">
     <span class='ocr_line' id='line_1_93' title="bbox 403 4482 1978 4557; baseline -0.007 -12"><span class='ocrx_word' id='word_1_668' title='bbox 403 4493 494 4545; x_wconf 70' lang='grc' dir='ltr'>ὅτι</span> <span class='ocrx_word' id='word_1_669' title='bbox 523 4491 602 4556; x_wconf 79' lang='grc' dir='ltr'>εἷς</span> <span class='ocrx_word' id='word_1_670' title='bbox 649 4491 762 4544; x_wconf 75' lang='grc' dir='ltr'>ἐστὶ</span> <span class='ocrx_word' id='word_1_671' title='bbox 810 4489 960 4551; x_wconf 87' lang='grc' dir='ltr'>Θεὸς,</span> <span class='ocrx_word' id='word_1_672' title='bbox 992 4487 1087 4541; x_wconf 70' lang='grc' dir='ltr'><strong>καὶ</strong></span> <span class='ocrx_word' id='word_1_673' title='bbox 1130 4488 1191 4539; x_wconf 88' lang='grc' dir='ltr'><strong>οὑ</strong></span> <span class='ocrx_word' id='word_1_674' title='bbox 1237 4487 1341 4557; x_wconf 81' lang='grc' dir='ltr'><strong>χρὴ</strong></span> <span class='ocrx_word' id='word_1_675' title='bbox 1393 4485 1580 4556; x_wconf 81' lang='grc' dir='ltr'>έτερόν</span> <span class='ocrx_word' id='word_1_676' title='bbox 1619 4500 1742 4536; x_wconf 86' lang='grc' dir='ltr'>τινα</span> <span class='ocrx_word' id='word_1_677' title='bbox 1802 4482 1978 4551; x_wconf 88' lang='grc' dir='ltr'>λέγειν</span> 
     </span>
    </p>
   </div>
   <div class='ocr_carea' id='block_1_94' title="bbox 411 4575 1974 4653">
    <p class='ocr_par' dir='ltr' id='par_1_94' title="bbox 411 4575 1974 4653">
     <span class='ocr_line' id='line_1_94' title="bbox 411 4575 1974 4653; baseline -0.005 -18"><span class='ocrx_word' id='word_1_678' title='bbox 411 4582 448 4653; x_wconf 81' lang='grc' dir='ltr'><strong>ἢ</strong></span> <span class='ocrx_word' id='word_1_679' title='bbox 503 4581 736 4652; x_wconf 80' lang='grc' dir='ltr'>νομίζειν</span> <span class='ocrx_word' id='word_1_680' title='bbox 759 4581 912 4642; x_wconf 78' lang='grc' dir='ltr'>Θεὸν,</span> <span class='ocrx_word' id='word_1_681' title='bbox 943 4581 971 4630; x_wconf 80' lang='grc' dir='ltr'><strong>ό</strong></span> <span class='ocrx_word' id='word_1_682' title='bbox 1015 4579 1072 4632; x_wconf 80' lang='grc' dir='ltr'><strong>δὲ</strong></span> <span class='ocrx_word' id='word_1_683' title='bbox 1123 4578 1271 4648; x_wconf 75' lang='grc' dir='ltr'><strong>παρά</strong></span> <span class='ocrx_word' id='word_1_684' title='bbox 1309 4576 1479 4630; x_wconf 81' lang='grc' dir='ltr'>ταῦτα</span> <span class='ocrx_word' id='word_1_685' title='bbox 1517 4576 1682 4628; x_wconf 85' lang='grc' dir='ltr'>ποιῶν</span> <span class='ocrx_word' id='word_1_686' title='bbox 1712 4575 1974 4629; x_wconf 81' lang='grc' dir='ltr'>ἀθάνατον</span> 
     </span>
    </p>
   </div>
   <div class='ocr_carea' id='block_1_95' title="bbox 413 4669 1203 4743">
    <p class='ocr_par' dir='ltr' id='par_1_95' title="bbox 413 4669 1203 4743">
     <span class='ocr_line' id='line_1_95' title="bbox 413 4669 1203 4743; baseline -0.004 -19"><span class='ocrx_word' id='word_1_687' title='bbox 413 4673 871 4743; x_wconf 81' lang='grc' dir='ltr'>εἰσπραχθήσεται</span> <span class='ocrx_word' id='word_1_688' title='bbox 898 4669 1164 4740; x_wconf 86' lang='grc' dir='ltr'>τιμωρίαν</span> <span class='ocrx_word' id='word_1_689' title='bbox 1189 4685 1203 4733; x_wconf 93' lang='grc'><strong>;</strong></span> 
     </span>
    </p>
   </div>
   <div class='ocr_carea' id='block_1_96' title="bbox 488 4863 1976 4943">
    <p class='ocr_par' dir='ltr' id='par_1_96' title="bbox 488 4863 1976 4943">
     <span class='ocr_line' id='line_1_96' title="bbox 488 4863 1976 4943; baseline -0.003 -23"><span class='ocrx_word' id='word_1_690' title='bbox 488 4864 724 4920; x_wconf 74' lang='lat' dir='ltr'><strong>CXXXI.</strong></span> <span class='ocrx_word' id='word_1_691' title='bbox 753 4865 861 4918; x_wconf 71' lang='lat' dir='ltr'><strong>Kal.</strong></span> <span class='ocrx_word' id='word_1_692' title='bbox 888 4865 916 4916; x_wconf 84' lang='grc' dir='ltr'>ὁ</span> <span class='ocrx_word' id='word_1_693' title='bbox 941 4864 1120 4934; x_wconf 82' lang='grc' dir='ltr'>πατὴρ</span> <span class='ocrx_word' id='word_1_694' title='bbox 1149 4863 1279 4934; x_wconf 75' lang='grc' dir='ltr'><strong>ἔφη·</strong></span> <span class='ocrx_word' id='word_1_695' title='bbox 1321 4863 1514 4928; x_wconf 84' lang='grc' dir='ltr'>Καλῶς</span> <span class='ocrx_word' id='word_1_696' title='bbox 1537 4865 1602 4919; x_wconf 84' lang='grc' dir='ltr'><strong>ἂν</strong></span> <span class='ocrx_word' id='word_1_697' title='bbox 1637 4869 1734 4938; x_wconf 80' lang='grc' dir='ltr'><strong>τὴν</strong></span> <span class='ocrx_word' id='word_1_698' title='bbox 1766 4887 1976 4943; x_wconf 85' lang='grc' dir='ltr'>μαρτυ-</span> 
     </span>
    </p>
   </div>
   <div class='ocr_carea' id='block_1_97' title="bbox 427 4949 1983 5041">
    <p class='ocr_par' dir='ltr' id='par_1_97' title="bbox 427 4949 1983 5033">
     <span class='ocr_line' id='line_1_97' title="bbox 427 4949 1983 5033; baseline 0 -25"><span class='ocrx_word' id='word_1_699' title='bbox 427 4957 546 5026; x_wconf 81' lang='grc' dir='ltr'>ρίαν</span> <span class='ocrx_word' id='word_1_700' title='bbox 561 4957 689 5028; x_wconf 78' lang='grc' dir='ltr'>παρ’</span> <span class='ocrx_word' id='word_1_701' title='bbox 706 4955 836 5026; x_wconf 77' lang='grc' dir='ltr'>ἐμοῦ</span> <span class='ocrx_word' id='word_1_702' title='bbox 853 4956 1096 5026; x_wconf 74' lang='grc' dir='ltr'>ἀπῄτεις,</span> <span class='ocrx_word' id='word_1_703' title='bbox 1121 4949 1165 5007; x_wconf 82' lang='grc' dir='ltr'>ὧ</span> <span class='ocrx_word' id='word_1_704' title='bbox 1191 4956 1390 5025; x_wconf 81' lang='grc' dir='ltr'>Σίμων,</span> <span class='ocrx_word' id='word_1_705' title='bbox 1418 4957 1464 5008; x_wconf 79' lang='grc' dir='ltr'><strong>εἰ</strong></span> <span class='ocrx_word' id='word_1_706' title='bbox 1483 4958 1744 5031; x_wconf 83' lang='grc' dir='ltr'>πρότερον</span> <span class='ocrx_word' id='word_1_707' title='bbox 1769 4964 1983 5033; x_wconf 75' lang='grc' dir='ltr'>ἠρνεῖτο</span> 
     </span>
    </p>
   </div>
   <div class='ocr_carea' id='block_1_98' title="bbox 426 5046 1984 5118">
    <p class='ocr_par' dir='ltr' id='par_1_98' title="bbox 426 5046 1984 5118">
     <span class='ocr_line' id='line_1_98' title="bbox 426 5046 1984 5118; baseline 0.004 -17"><span class='ocrx_word' id='word_1_708' title='bbox 426 5048 662 5118; x_wconf 85' lang='grc' dir='ltr'>Πέτρος·</span> <span class='ocrx_word' id='word_1_709' title='bbox 693 5046 787 5100; x_wconf 81' lang='grc' dir='ltr'>νῦν</span> <span class='ocrx_word' id='word_1_710' title='bbox 823 5046 879 5098; x_wconf 84' lang='grc' dir='ltr'>δὲ</span> <span class='ocrx_word' id='word_1_711' title='bbox 924 5049 1024 5099; x_wconf 86' lang='grc' dir='ltr'><strong>οὑκ</strong></span> <span class='ocrx_word' id='word_1_712' title='bbox 1061 5047 1446 5117; x_wconf 84' lang='grc' dir='ltr'>αἰδεσθήσομαι</span> <span class='ocrx_word' id='word_1_713' title='bbox 1476 5048 1671 5116; x_wconf 90' lang='grc' dir='ltr'>λέγειν,</span> <span class='ocrx_word' id='word_1_714' title='bbox 1710 5051 1746 5104; x_wconf 78' lang='grc' dir='ltr'>ἃ</span> <span class='ocrx_word' id='word_1_715' title='bbox 1787 5053 1867 5106; x_wconf 87' lang='grc' dir='ltr'><strong>δεῖ</strong></span> <span class='ocrx_word' id='word_1_716' title='bbox 1899 5054 1984 5107; x_wconf 91' lang='grc' dir='ltr'>λέ-</span> 
     </span>
    </p>
   </div>
   <div class='ocr_carea' id='block_1_99' title="bbox 419 5133 1984 5214">
    <p class='ocr_par' dir='ltr' id='par_1_99' title="bbox 419 5133 1984 5214">
     <span class='ocr_line' id='line_1_99' title="bbox 419 5133 1984 5214; baseline 0.001 -22"><span class='ocrx_word' id='word_1_717' title='bbox 419 5155 568 5208; x_wconf 79' lang='grc' dir='ltr'>γειν’</span> <span class='ocrx_word' id='word_1_718' title='bbox 595 5133 744 5209; x_wconf 81' lang='grc' dir='ltr'>οἶμαί</span> <span class='ocrx_word' id='word_1_719' title='bbox 789 5153 847 5189; x_wconf 90' lang='grc' dir='ltr'><strong>σε</strong></span> <span class='ocrx_word' id='word_1_720' title='bbox 883 5137 1048 5208; x_wconf 80' lang='grc' dir='ltr'>ὀργῆς</span> <span class='ocrx_word' id='word_1_721' title='bbox 1080 5137 1454 5207; x_wconf 85' lang='grc' dir='ltr'>πεπλησμένον</span> <span class='ocrx_word' id='word_1_722' title='bbox 1493 5139 1830 5212; x_wconf 81' lang='grc' dir='ltr'>διαλεχθῆναι</span> <span class='ocrx_word' id='word_1_723' title='bbox 1863 5143 1984 5214; x_wconf 76' lang='grc' dir='ltr'>βού-</span> 
     </span>
    </p>
   </div>
   <div class='ocr_carea' id='block_1_100' title="bbox 421 5226 1987 5305">
    <p class='ocr_par' dir='ltr' id='par_1_100' title="bbox 421 5226 1987 5305">
     <span class='ocr_line' id='line_1_100' title="bbox 421 5226 1987 5305; baseline 0.003 -22"><span class='ocrx_word' id='word_1_724' title='bbox 421 5229 630 5283; x_wconf 74' lang='grc' dir='ltr'>λεσθαι.</span> <span class='ocrx_word' id='word_1_725' title='bbox 655 5227 826 5282; x_wconf 84' lang='grc' dir='ltr'>Τοῦτο</span> <span class='ocrx_word' id='word_1_726' title='bbox 855 5227 912 5279; x_wconf 72' lang='grc' dir='ltr'>δὲ</span> <span class='ocrx_word' id='word_1_727' title='bbox 941 5226 1064 5279; x_wconf 67' lang='grc' dir='ltr'>οὒτε</span> <span class='ocrx_word' id='word_1_728' title='bbox 1089 5244 1170 5280; x_wconf 87' lang='grc' dir='ltr'><strong>σοι</strong></span> <span class='ocrx_word' id='word_1_729' title='bbox 1199 5232 1460 5299; x_wconf 81' lang='grc' dir='ltr'>προσήκει</span> <span class='ocrx_word' id='word_1_730' title='bbox 1490 5232 1681 5295; x_wconf 84' lang='grc' dir='ltr'>ποιεῖν,</span> <span class='ocrx_word' id='word_1_731' title='bbox 1713 5231 1824 5286; x_wconf 75' lang='grc' dir='ltr'>οὗθ’</span> <span class='ocrx_word' id='word_1_732' title='bbox 1856 5237 1987 5305; x_wconf 78' lang='grc' dir='ltr'>ἡμῖν</span> 
     </span>
    </p>
   </div>
   <div class='ocr_carea' id='block_1_101' title="bbox 420 5317 1982 5394">
    <p class='ocr_par' dir='ltr' id='par_1_101' title="bbox 420 5317 1982 5394">
     <span class='ocr_line' id='line_1_101' title="bbox 420 5317 1982 5394; baseline 0.003 -21"><span class='ocrx_word' id='word_1_733' title='bbox 420 5319 594 5382; x_wconf 75' lang='grc' dir='ltr'>οὕτως</span> <span class='ocrx_word' id='word_1_734' title='bbox 621 5318 808 5388; x_wconf 76' lang='grc' dir='ltr'>ἔχοντα</span> <span class='ocrx_word' id='word_1_735' title='bbox 836 5317 1146 5381; x_wconf 78' lang='grc' dir='ltr'>ὑπακούειν,</span> <span class='ocrx_word' id='word_1_736' title='bbox 1173 5319 1253 5371; x_wconf 81' lang='grc' dir='ltr'><strong>ὅτι</strong></span> <span class='ocrx_word' id='word_1_737' title='bbox 1289 5319 1466 5390; x_wconf 91' lang='grc' dir='ltr'>μάχην</span> <span class='ocrx_word' id='word_1_738' title='bbox 1504 5320 1647 5376; x_wconf 76' lang='grc' dir='ltr'>ἔστιν</span> <span class='ocrx_word' id='word_1_739' title='bbox 1679 5323 1982 5394; x_wconf 78' lang='grc' dir='ltr'>ἱστορῆσαι,</span> 
     </span>
    </p>
   </div>
   <div class='ocr_carea' id='block_1_102' title="bbox 2084 4481 3639 4571">
    <p class='ocr_par' dir='ltr' id='par_1_102' title="bbox 2084 4481 3639 4571">
     <span class='ocr_line' id='line_1_102' title="bbox 2084 4481 3639 4571; baseline -0.014 -16"><span class='ocrx_word' id='word_1_740' title='bbox 2084 4500 2358 4571; x_wconf 71' lang='grc' dir='ltr'>Ροιίἱεὶῑιιε</span> <span class='ocrx_word' id='word_1_741' title='bbox 2411 4505 2492 4548; x_wconf 86' lang='lat' dir='ltr'><strong>est</strong></span> <span class='ocrx_word' id='word_1_742' title='bbox 2536 4503 2887 4548; x_wconf 76' lang='lat' dir='ltr'><strong>ostensurum</strong></span> <span class='ocrx_word' id='word_1_743' title='bbox 2939 4504 2996 4543; x_wconf 87' lang='lat' dir='ltr'><strong>se</strong></span> <span class='ocrx_word' id='word_1_744' title='bbox 3053 4487 3232 4551; x_wconf 89' lang='lat' dir='ltr'><strong>hodie,</strong></span> <span class='ocrx_word' id='word_1_745' title='bbox 3269 4499 3434 4539; x_wconf 88' lang='lat' dir='ltr'><strong>unum</strong></span> <span class='ocrx_word' id='word_1_746' title='bbox 3475 4481 3639 4534; x_wconf 73' lang='lat' dir='ltr'><strong>l).-uln</strong></span> 
     </span>
    </p>
   </div>
   <div class='ocr_carea' id='block_1_103' title="bbox 2079 4573 3641 4654">
    <p class='ocr_par' dir='ltr' id='par_1_103' title="bbox 2079 4573 3641 4654">
     <span class='ocr_line' id='line_1_103' title="bbox 2079 4573 3641 4654; baseline -0.015 -9"><span class='ocrx_word' id='word_1_747' title='bbox 2079 4606 2220 4654; x_wconf 90' lang='lat' dir='ltr'><strong>esse,</strong></span> <span class='ocrx_word' id='word_1_748' title='bbox 2277 4603 2375 4640; x_wconf 91' lang='lat' dir='ltr'><strong>nec</strong></span> <span class='ocrx_word' id='word_1_749' title='bbox 2407 4585 2571 4639; x_wconf 87' lang='lat' dir='ltr'><strong>alium</strong></span> <span class='ocrx_word' id='word_1_750' title='bbox 2619 4581 2905 4635; x_wconf 87' lang='lat' dir='ltr'><strong>dicendum</strong></span> <span class='ocrx_word' id='word_1_751' title='bbox 2955 4589 3049 4632; x_wconf 87' lang='lat' dir='ltr'><strong>aut</strong></span> <span class='ocrx_word' id='word_1_752' title='bbox 3081 4574 3392 4629; x_wconf 89' lang='lat' dir='ltr'><strong>habendum</strong></span> <span class='ocrx_word' id='word_1_753' title='bbox 3429 4573 3596 4626; x_wconf 83' lang='lat' dir='ltr'><strong>Deum</strong></span> <span class='ocrx_word' id='word_1_754' title='bbox 3627 4590 3641 4638; x_wconf 87' lang='lat'><strong>;</strong></span> 
     </span>
    </p>
   </div>
   <div class='ocr_carea' id='block_1_104' title="bbox 2087 4663 3647 4742">
    <p class='ocr_par' dir='ltr' id='par_1_104' title="bbox 2087 4663 3647 4742">
     <span class='ocr_line' id='line_1_104' title="bbox 2087 4663 3647 4742; baseline -0.014 -4"><span class='ocrx_word' id='word_1_755' title='bbox 2087 4683 2156 4738; x_wconf 90' lang='lat' dir='ltr'><strong>ab</strong></span> <span class='ocrx_word' id='word_1_756' title='bbox 2174 4696 2256 4736; x_wconf 87' lang='lat' dir='ltr'><strong>-eo</strong></span> <span class='ocrx_word' id='word_1_757' title='bbox 2284 4687 2461 4732; x_wconf 87' lang='lat' dir='ltr'><strong>autem</strong></span> <span class='ocrx_word' id='word_1_758' title='bbox 2507 4673 2601 4742; x_wconf 87' lang='lat' dir='ltr'><strong>qui</strong></span> <span class='ocrx_word' id='word_1_759' title='bbox 2634 4673 2789 4726; x_wconf 89' lang='lat' dir='ltr'><strong>aliter</strong></span> <span class='ocrx_word' id='word_1_760' title='bbox 2837 4668 3047 4734; x_wconf 81' lang='lat' dir='ltr'><strong>fecerit,</strong></span> <span class='ocrx_word' id='word_1_761' title='bbox 3083 4663 3388 4720; x_wconf 84' lang='lat' dir='ltr'><strong>immortale</strong></span> <span class='ocrx_word' id='word_1_762' title='bbox 3441 4665 3647 4733; x_wconf 87' lang='lat' dir='ltr'><strong>suppli-</strong></span> 
     </span>
    </p>
   </div>
   <div class='ocr_carea' id='block_1_105' title="bbox 2089 4763 2672 4830">
    <p class='ocr_par' dir='ltr' id='par_1_105' title="bbox 2089 4763 2672 4830">
     <span class='ocr_line' id='line_1_105' title="bbox 2089 4763 2672 4830; baseline -0.026 0"><span class='ocrx_word' id='word_1_763' title='bbox 2089 4775 2234 4830; x_wconf 87' lang='lat' dir='ltr'><strong>cium</strong></span> <span class='ocrx_word' id='word_1_764' title='bbox 2277 4778 2527 4823; x_wconf 73' lang='lat' dir='ltr'><strong>cxactnm</strong></span> <span class='ocrx_word' id='word_1_765' title='bbox 2561 4765 2626 4818; x_wconf 89' lang='lat' dir='ltr'><strong>iri</strong></span> <span class='ocrx_word' id='word_1_766' title='bbox 2649 4763 2672 4816; x_wconf 89' lang='lat'><strong>?</strong></span> 
     </span>
    </p>
   </div>
   <div class='ocr_carea' id='block_1_106' title="bbox 2152 4848 3648 4926">
    <p class='ocr_par' dir='ltr' id='par_1_106' title="bbox 2152 4848 3648 4926">
     <span class='ocr_line' id='line_1_106' title="bbox 2152 4848 3648 4926; baseline -0.013 -7"><span class='ocrx_word' id='word_1_767' title='bbox 2152 4859 2389 4919; x_wconf 67' lang='lat' dir='ltr'><strong>CXXXI.</strong></span> <span class='ocrx_word' id='word_1_768' title='bbox 2431 4854 2728 4926; x_wconf 79' lang='lat' dir='ltr'><strong>Respondit</strong></span> <span class='ocrx_word' id='word_1_769' title='bbox 2771 4863 2920 4922; x_wconf 88' lang='lat' dir='ltr'><strong>pater</strong></span> <span class='ocrx_word' id='word_1_770' title='bbox 2956 4869 2969 4904; x_wconf 93' lang='lat'>:</span> <span class='ocrx_word' id='word_1_771' title='bbox 3005 4849 3171 4904; x_wconf 80' lang='lat' dir='ltr'><strong>Recte</strong></span> <span class='ocrx_word' id='word_1_772' title='bbox 3220 4863 3250 4903; x_wconf 91' lang='lat' dir='ltr'><strong>a</strong></span> <span class='ocrx_word' id='word_1_773' title='bbox 3281 4862 3374 4903; x_wconf 85' lang='lat' dir='ltr'><strong>me</strong></span> <span class='ocrx_word' id='word_1_774' title='bbox 3397 4848 3648 4903; x_wconf 78' lang='lat' dir='ltr'><strong>testimo-</strong></span> 
     </span>
    </p>
   </div>
   <div class='ocr_carea' id='block_1_107' title="bbox 2089 4939 3652 5022">
    <p class='ocr_par' dir='ltr' id='par_1_107' title="bbox 2089 4939 3652 5022">
     <span class='ocr_line' id='line_1_107' title="bbox 2089 4939 3652 5022; baseline -0.01 -12"><span class='ocrx_word' id='word_1_775' title='bbox 2089 4957 2238 5012; x_wconf 90' lang='lat' dir='ltr'><strong>nium</strong></span> <span class='ocrx_word' id='word_1_776' title='bbox 2269 4949 2594 5022; x_wconf 84' lang='lat' dir='ltr'><strong>postulares,</strong></span> <span class='ocrx_word' id='word_1_777' title='bbox 2624 4962 2657 4999; x_wconf 83' lang='grc' dir='ltr'><strong>ο</strong></span> <span class='ocrx_word' id='word_1_778' title='bbox 2686 4945 2897 5008; x_wconf 84' lang='lat' dir='ltr'><strong>Simon,</strong></span> <span class='ocrx_word' id='word_1_779' title='bbox 2921 4943 2967 4996; x_wconf 88' lang='lat' dir='ltr'><strong>si</strong></span> <span class='ocrx_word' id='word_1_780' title='bbox 2997 4952 3154 4996; x_wconf 86' lang='lat' dir='ltr'><strong>antea</strong></span> <span class='ocrx_word' id='word_1_781' title='bbox 3184 4939 3376 4995; x_wconf 89' lang='lat' dir='ltr'><strong>Petrus</strong></span> <span class='ocrx_word' id='word_1_782' title='bbox 3402 4940 3652 5009; x_wconf 76' lang='lat' dir='ltr'><strong>negavis-</strong></span> 
     </span>
    </p>
   </div>
   <div class='ocr_carea' id='block_1_108' title="bbox 2090 5030 3649 5112">
    <p class='ocr_par' dir='ltr' id='par_1_108' title="bbox 2090 5030 3649 5112">
     <span class='ocr_line' id='line_1_108' title="bbox 2090 5030 3649 5112; baseline -0.011 -11"><span class='ocrx_word' id='word_1_783' title='bbox 2090 5055 2210 5112; x_wconf 87' lang='lat' dir='ltr'><strong>set;</strong></span> <span class='ocrx_word' id='word_1_784' title='bbox 2259 5056 2404 5097; x_wconf 89' lang='lat' dir='ltr'><strong>nune</strong></span> <span class='ocrx_word' id='word_1_785' title='bbox 2435 5047 2614 5093; x_wconf 83' lang='lat' dir='ltr'><strong>autem</strong></span> <span class='ocrx_word' id='word_1_786' title='bbox 2660 5052 2765 5089; x_wconf 91' lang='lat' dir='ltr'><strong>non</strong></span> <span class='ocrx_word' id='word_1_787' title='bbox 2797 5033 3021 5088; x_wconf 83' lang='lat' dir='ltr'><strong>verebor</strong></span> <span class='ocrx_word' id='word_1_788' title='bbox 3047 5033 3228 5086; x_wconf 90' lang='lat' dir='ltr'><strong>dicere</strong></span> <span class='ocrx_word' id='word_1_789' title='bbox 3266 5045 3386 5100; x_wconf 78' lang='lat' dir='ltr'><strong>quae</strong></span> <span class='ocrx_word' id='word_1_790' title='bbox 3422 5030 3649 5085; x_wconf 85' lang='lat' dir='ltr'><strong>dicenda</strong></span> 
     </span>
    </p>
   </div>
   <div class='ocr_carea' id='block_1_109' title="bbox 2088 5119 3648 5194">
    <p class='ocr_par' dir='ltr' id='par_1_109' title="bbox 2088 5119 3648 5194">
     <span class='ocr_line' id='line_1_109' title="bbox 2088 5119 3648 5194; baseline -0.013 -2"><span class='ocrx_word' id='word_1_791' title='bbox 2088 5145 2252 5192; x_wconf 84' lang='lat' dir='ltr'><strong>sunt:</strong></span> <span class='ocrx_word' id='word_1_792' title='bbox 2282 5131 2519 5186; x_wconf 88' lang='lat' dir='ltr'><strong>arbitror</strong></span> <span class='ocrx_word' id='word_1_793' title='bbox 2550 5137 2600 5182; x_wconf 91' lang='lat' dir='ltr'><strong>te</strong></span> <span class='ocrx_word' id='word_1_794' title='bbox 2637 5127 2715 5179; x_wconf 89' lang='lat' dir='ltr'><strong>ira</strong></span> <span class='ocrx_word' id='word_1_795' title='bbox 2753 5125 3017 5194; x_wconf 90' lang='lat' dir='ltr'><strong>repletum</strong></span> <span class='ocrx_word' id='word_1_796' title='bbox 3061 5121 3195 5176; x_wconf 75' lang='lat' dir='ltr'><strong>velle</strong></span> <span class='ocrx_word' id='word_1_797' title='bbox 3224 5119 3648 5190; x_wconf 87' lang='lat' dir='ltr'><strong>disputationem</strong></span> 
     </span>
    </p>
   </div>
   <div class='ocr_carea' id='block_1_110' title="bbox 2088 5211 3656 5294">
    <p class='ocr_par' dir='ltr' id='par_1_110' title="bbox 2088 5211 3656 5294">
     <span class='ocr_line' id='line_1_110' title="bbox 2088 5211 3656 5294; baseline -0.01 -13"><span class='ocrx_word' id='word_1_798' title='bbox 2088 5226 2384 5294; x_wconf 81' lang='lat' dir='ltr'><strong>suscipere.</strong></span> <span class='ocrx_word' id='word_1_799' title='bbox 2417 5219 2532 5278; x_wconf 79' lang='lat' dir='ltr'><strong>Hoc</strong></span> <span class='ocrx_word' id='word_1_800' title='bbox 2557 5232 2720 5288; x_wconf 91' lang='lat' dir='ltr'><strong>porro</strong></span> <span class='ocrx_word' id='word_1_801' title='bbox 2753 5231 2926 5285; x_wconf 85' lang='lat' dir='ltr'><strong>neque</strong></span> <span class='ocrx_word' id='word_1_802' title='bbox 2971 5224 3022 5268; x_wconf 91' lang='lat' dir='ltr'><strong>te</strong></span> <span class='ocrx_word' id='word_1_803' title='bbox 3049 5212 3228 5266; x_wconf 84' lang='lat' dir='ltr'><strong>facere</strong></span> <span class='ocrx_word' id='word_1_804' title='bbox 3261 5211 3656 5279; x_wconf 75' lang='lat' dir='ltr'><strong>decet,~ncque</strong></span> 
     </span>
    </p>
   </div>
   <div class='ocr_carea' id='block_1_111' title="bbox 2088 5301 3654 5387">
    <p class='ocr_par' dir='ltr' id='par_1_111' title="bbox 2088 5301 3654 5387">
     <span class='ocr_line' id='line_1_111' title="bbox 2088 5301 3654 5387; baseline -0.01 -16"><span class='ocrx_word' id='word_1_805' title='bbox 2088 5323 2300 5387; x_wconf 88' lang='lat' dir='ltr'><strong>oportet</strong></span> <span class='ocrx_word' id='word_1_806' title='bbox 2330 5321 2388 5366; x_wconf 93' lang='lat' dir='ltr'><strong>ut</strong></span> <span class='ocrx_word' id='word_1_807' title='bbox 2418 5325 2519 5365; x_wconf 83' lang='lat' dir='ltr'><strong>nos</strong></span> <span class='ocrx_word' id='word_1_808' title='bbox 2553 5309 2632 5363; x_wconf 88' lang='lat' dir='ltr'><strong>sic</strong></span> <span class='ocrx_word' id='word_1_809' title='bbox 2659 5306 2910 5362; x_wconf 77' lang='lat' dir='ltr'><strong>alfectum</strong></span> <span class='ocrx_word' id='word_1_810' title='bbox 2954 5305 3276 5370; x_wconf 88' lang='lat' dir='ltr'><strong>audiamus;</strong></span> <span class='ocrx_word' id='word_1_811' title='bbox 3309 5302 3570 5374; x_wconf 83' lang='lat' dir='ltr'><strong>quoniam</strong></span> <span class='ocrx_word' id='word_1_812' title='bbox 3600 5301 3654 5356; x_wconf 88' lang='lat' dir='ltr'><strong>id</strong></span> 
     </span>
    </p>
   </div>
   <div class='ocr_carea' id='block_1_112' title="bbox 1680 5450 2342 5511">
    <p class='ocr_par' dir='ltr' id='par_1_112' title="bbox 1680 5450 2342 5511">
     <span class='ocr_line' id='line_1_112' title="bbox 1680 5450 2342 5511; baseline -0.012 -2"><span class='ocrx_word' id='word_1_813' title='bbox 1680 5456 1916 5511; x_wconf 63' lang='lat' dir='ltr'><strong>VARIA‘Z</strong></span> <span class='ocrx_word' id='word_1_814' title='bbox 1942 5450 2342 5511; x_wconf 69' lang='lat' dir='ltr'><strong>LECTIONES.</strong></span> 
     </span>
    </p>
   </div>
   <div class='ocr_carea' id='block_1_113' title="bbox 492 5527 3654 5622">
    <p class='ocr_par' dir='ltr' id='par_1_113' title="bbox 492 5527 3654 5622">
     <span class='ocr_line' id='line_1_113' title="bbox 492 5527 3654 5622; baseline -0.01 -12"><span class='ocrx_word' id='word_1_815' title='bbox 492 5556 538 5589; x_wconf 80' lang='lat'><strong>&quot;</strong></span> <span class='ocrx_word' id='word_1_816' title='bbox 588 5556 659 5609; x_wconf 85' lang='lat' dir='ltr'><strong>al.</strong></span> <span class='ocrx_word' id='word_1_817' title='bbox 695 5555 788 5608; x_wconf 79' lang='grc' dir='ltr'><strong>καὶ</strong></span> <span class='ocrx_word' id='word_1_818' title='bbox 819 5550 1131 5622; x_wconf 77' lang='grc' dir='ltr'>εὐξάμενος,</span> <span class='ocrx_word' id='word_1_819' title='bbox 1166 5550 1258 5602; x_wconf 71' lang='grc' dir='ltr'><strong>καὶ</strong></span> <span class='ocrx_word' id='word_1_820' title='bbox 1284 5550 1590 5622; x_wconf 74' lang='grc' dir='ltr'>ἰασάμενος,</span> <span class='ocrx_word' id='word_1_821' title='bbox 1633 5548 1865 5600; x_wconf 79' lang='grc' dir='ltr'>ἀπέλυσε</span> <span class='ocrx_word' id='word_1_822' title='bbox 1891 5549 2015 5610; x_wconf 76' lang='grc' dir='ltr'>τοὺς</span> <span class='ocrx_word' id='word_1_823' title='bbox 2037 5546 2223 5616; x_wconf 79' lang='grc' dir='ltr'>ὄχλους</span> <span class='ocrx_word' id='word_1_824' title='bbox 2256 5544 2349 5594; x_wconf 72' lang='grc' dir='ltr'><strong>καὶ</strong></span> <span class='ocrx_word' id='word_1_825' title='bbox 2383 5536 2484 5592; x_wconf 78' lang='grc' dir='ltr'>εἷθ’</span> <span class='ocrx_word' id='word_1_826' title='bbox 2517 5537 2688 5599; x_wconf 70' lang='grc' dir='ltr'>οὕτως</span> <span class='ocrx_word' id='word_1_827' title='bbox 2719 5535 2900 5589; x_wconf 72' lang='grc' dir='ltr'>εἰσιὼν</span> <span class='ocrx_word' id='word_1_828' title='bbox 2929 5576 2941 5595; x_wconf 85' lang='grc'><strong>,</strong></span> <span class='ocrx_word' id='word_1_829' title='bbox 2996 5534 3105 5585; x_wconf 79' lang='grc' dir='ltr'>τῶν</span> <span class='ocrx_word' id='word_1_830' title='bbox 3153 5531 3414 5602; x_wconf 81' lang='grc' dir='ltr'>συνήθων.</span> <span class='ocrx_word' id='word_1_831' title='bbox 3457 5529 3502 5561; x_wconf 87' lang='grc'><strong><em>⁵³</em></strong></span> <span class='ocrx_word' id='word_1_832' title='bbox 3532 5527 3654 5582; x_wconf 82' lang='lat' dir='ltr'><strong>Cle-</strong></span> 
     </span>
     <span class='ocr_line' id='line_1_114' title="bbox 1593 5601 3623 5622; baseline 0 0"><span class='ocrx_word' id='word_1_833' title='bbox 1593 5620 1598 5622; x_wconf 87' lang='lat'>_</span> <span class='ocrx_word' id='word_1_834' title='bbox 1706 5619 1713 5622; x_wconf 83' lang='lat'><strong>.</strong></span> <span class='ocrx_word' id='word_1_835' title='bbox 1822 5619 1861 5622; x_wconf 40' lang='grc' dir='ltr'><strong>λ.</strong></span> <span class='ocrx_word' id='word_1_836' title='bbox 1933 5619 1941 5622; x_wconf 83' lang='lat'><em>_</em></span> <span class='ocrx_word' id='word_1_837' title='bbox 2082 5619 2089 5622; x_wconf 92' lang='lat'><strong>.</strong></span> <span class='ocrx_word' id='word_1_838' title='bbox 2132 5618 2142 5622; x_wconf 85' lang='lat'><strong>-</strong></span> <span class='ocrx_word' id='word_1_839' title='bbox 2303 5613 2312 5622; x_wconf 82' lang='grc' dir='ltr'><strong><em>ι</em></strong></span> <span class='ocrx_word' id='word_1_840' title='bbox 2454 5610 2496 5622; x_wconf 66' lang='grc' dir='ltr'><strong>-ρ</strong></span> <span class='ocrx_word' id='word_1_841' title='bbox 2549 5611 2558 5622; x_wconf 78' lang='grc' dir='ltr'>ι</span> <span class='ocrx_word' id='word_1_842' title='bbox 2661 5615 2672 5622; x_wconf 81' lang='grc'><em>.</em></span> <span class='ocrx_word' id='word_1_843' title='bbox 2711 5607 2721 5616; x_wconf 84' lang='grc'><strong>·</strong></span> <span class='ocrx_word' id='word_1_844' title='bbox 2819 5615 2826 5622; x_wconf 92' lang='grc'><strong>.</strong></span> <span class='ocrx_word' id='word_1_845' title='bbox 2935 5608 2974 5622; x_wconf 56' lang='lat'><strong>.9</strong></span> <span class='ocrx_word' id='word_1_846' title='bbox 3035 5608 3043 5622; x_wconf 90' lang='lat' dir='ltr'><strong>I</strong></span> <span class='ocrx_word' id='word_1_847' title='bbox 3112 5605 3133 5622; x_wconf 77' lang='grc' dir='ltr'><strong>ιι</strong></span> <span class='ocrx_word' id='word_1_848' title='bbox 3174 5603 3259 5622; x_wconf 32' lang='grc' dir='ltr'><strong>’.κν</strong></span> <span class='ocrx_word' id='word_1_849' title='bbox 3318 5601 3475 5622; x_wconf 46' lang='grc' dir='ltr'><strong>..-ΧΡῌ</strong></span> <span class='ocrx_word' id='word_1_850' title='bbox 3508 5615 3623 5622; x_wconf 42' lang='lat' dir='ltr'><strong>_..L_</strong></span> 
     </span>
    </p>
   </div>
   <div class='ocr_carea' id='block_1_114' title="bbox 438 5619 1737 5685">
    <p class='ocr_par' dir='ltr' id='par_1_114' title="bbox 438 5619 1737 5685">
     <span class='ocr_line' id='line_1_115' title="bbox 438 5619 1737 5685; baseline -0.005 -9"><span class='ocrx_word' id='word_1_851' title='bbox 438 5639 624 5685; x_wconf 84' lang='lat' dir='ltr'><strong>mem..</strong></span> <span class='ocrx_word' id='word_1_852' title='bbox 663 5627 809 5678; x_wconf 90' lang='lat' dir='ltr'><strong>hom.</strong></span> <span class='ocrx_word' id='word_1_853' title='bbox 846 5619 1034 5684; x_wconf 54' lang='lat' dir='ltr'><strong>“ne.</strong></span> <span class='ocrx_word' id='word_1_854' title='bbox 1069 5624 1118 5680; x_wconf 78' lang='lat' dir='ltr'><strong>i,</strong></span> <span class='ocrx_word' id='word_1_855' title='bbox 1149 5629 1233 5673; x_wconf 87' lang='lat' dir='ltr'><strong>etc</strong></span> <span class='ocrx_word' id='word_1_856' title='bbox 1331 5620 1376 5650; x_wconf 71' lang='grc'><strong>⁵⁵</strong></span> <span class='ocrx_word' id='word_1_857' title='bbox 1414 5621 1565 5671; x_wconf 71' lang='lat' dir='ltr'><strong>dee~t</strong></span> <span class='ocrx_word' id='word_1_858' title='bbox 1592 5620 1642 5669; x_wconf 85' lang='lat' dir='ltr'><strong>in</strong></span> <span class='ocrx_word' id='word_1_859' title='bbox 1669 5619 1737 5670; x_wconf 87' lang='lat' dir='ltr'><strong>al.</strong></span> 
     </span>
    </p>
   </div>
   <div class='ocr_carea' id='block_1_115' title="bbox 1819 5613 2374 5673">
    <p class='ocr_par' dir='ltr' id='par_1_115' title="bbox 1819 5613 2374 5673">
     <span class='ocr_line' id='line_1_116' title="bbox 1819 5613 2374 5673; baseline -0.018 -1"><span class='ocrx_word' id='word_1_860' title='bbox 1819 5619 1862 5648; x_wconf 79' lang='lat'><strong>“</strong></span> <span class='ocrx_word' id='word_1_861' title='bbox 1897 5619 1964 5670; x_wconf 81' lang='lat' dir='ltr'><strong>al.</strong></span> <span class='ocrx_word' id='word_1_862' title='bbox 2012 5613 2103 5669; x_wconf 68' lang='grc' dir='ltr'><strong>καὶ</strong></span> <span class='ocrx_word' id='word_1_863' title='bbox 2129 5613 2374 5673; x_wconf 67' lang='grc' dir='ltr'>ἐπιστάς.</span> 
     </span>
    </p>
   </div>
   <div class='ocr_carea' id='block_1_116' title="bbox 2452 5601 3653 5674">
    <p class='ocr_par' dir='ltr' id='par_1_116' title="bbox 2452 5601 3653 5674">
     <span class='ocr_line' id='line_1_117' title="bbox 2452 5601 3653 5674; baseline -0.005 -15"><span class='ocrx_word' id='word_1_864' title='bbox 2452 5610 2499 5642; x_wconf 66' lang='grc'><strong>⁵⁸</strong></span> <span class='ocrx_word' id='word_1_865' title='bbox 2529 5611 2680 5660; x_wconf 82' lang='lat' dir='ltr'><strong>deest</strong></span> <span class='ocrx_word' id='word_1_866' title='bbox 2711 5607 2762 5660; x_wconf 88' lang='lat' dir='ltr'><strong>in</strong></span> <span class='ocrx_word' id='word_1_867' title='bbox 2781 5615 2850 5658; x_wconf 84' lang='lat' dir='ltr'><strong>at.</strong></span> <span class='ocrx_word' id='word_1_868' title='bbox 2933 5608 2974 5637; x_wconf 79' lang='grc'><strong>⁵⁷</strong></span> <span class='ocrx_word' id='word_1_869' title='bbox 2997 5608 3066 5658; x_wconf 84' lang='lat' dir='ltr'><strong>al.</strong></span> <span class='ocrx_word' id='word_1_870' title='bbox 3109 5601 3279 5674; x_wconf 63' lang='grc' dir='ltr'>ὄχλονξ</span> <span class='ocrx_word' id='word_1_871' title='bbox 3310 5601 3476 5674; x_wconf 68' lang='grc' dir='ltr'>πολὺν</span> <span class='ocrx_word' id='word_1_872' title='bbox 3505 5615 3653 5653; x_wconf 78' lang='grc' dir='ltr'>συνε-</span> 
     </span>
    </p>
   </div>
   <div class='ocr_carea' id='block_1_117' title="bbox 430 5670 3582 5764">
    <p class='ocr_par' dir='ltr' id='par_1_117' title="bbox 430 5670 3582 5764">
     <span class='ocr_line' id='line_1_118' title="bbox 430 5670 3582 5764; baseline -0.01 -15"><span class='ocrx_word' id='word_1_873' title='bbox 430 5713 607 5749; x_wconf 76' lang='grc' dir='ltr'>στωτα</span> <span class='ocrx_word' id='word_1_874' title='bbox 639 5691 740 5748; x_wconf 79' lang='grc' dir='ltr'>εἶδε</span> <span class='ocrx_word' id='word_1_875' title='bbox 772 5693 863 5748; x_wconf 71' lang='grc' dir='ltr'><strong>καὶ</strong></span> <span class='ocrx_word' id='word_1_876' title='bbox 898 5692 1028 5764; x_wconf 72' lang='grc' dir='ltr'>ἅμα.</span> <span class='ocrx_word' id='word_1_877' title='bbox 1104 5692 1148 5722; x_wconf 75' lang='grc'><strong>⁵⁸</strong></span> <span class='ocrx_word' id='word_1_878' title='bbox 1167 5691 1234 5743; x_wconf 88' lang='lat' dir='ltr'><strong>al.</strong></span> <span class='ocrx_word' id='word_1_879' title='bbox 1276 5689 1504 5760; x_wconf 63' lang='grc' dir='ltr'>δημοσία</span> <span class='ocrx_word' id='word_1_880' title='bbox 1536 5692 1684 5741; x_wconf 67' lang='grc' dir='ltr'>πᾶσι.</span> <span class='ocrx_word' id='word_1_881' title='bbox 1748 5690 1791 5719; x_wconf 63' lang='grc'><strong>⁵³</strong></span> <span class='ocrx_word' id='word_1_882' title='bbox 1828 5689 1896 5742; x_wconf 81' lang='lat' dir='ltr'><strong>al.</strong></span> <span class='ocrx_word' id='word_1_883' title='bbox 1924 5687 2062 5757; x_wconf 72' lang='grc' dir='ltr'>ὑπὲρ</span> <span class='ocrx_word' id='word_1_884' title='bbox 2091 5670 2384 5754; x_wconf 69' lang='grc' dir='ltr'>μοναρχίας</span> <span class='ocrx_word' id='word_1_885' title='bbox 2400 5677 2708 5747; x_wconf 76' lang='grc' dir='ltr'>λεγομένοις</span> <span class='ocrx_word' id='word_1_886' title='bbox 2740 5676 2933 5745; x_wconf 79' lang='grc' dir='ltr'>λόγοις·</span> <span class='ocrx_word' id='word_1_887' title='bbox 2982 5670 3172 5732; x_wconf 58' lang='grc' dir='ltr'>ταῦτα.</span> <span class='ocrx_word' id='word_1_888' title='bbox 3247 5675 3288 5714; x_wconf 76' lang='lat'><strong>‘9</strong></span> <span class='ocrx_word' id='word_1_889' title='bbox 3313 5673 3380 5730; x_wconf 76' lang='lat' dir='ltr'><strong>al.</strong></span> <span class='ocrx_word' id='word_1_890' title='bbox 3409 5670 3582 5728; x_wconf 68' lang='grc' dir='ltr'>ἄλλον.</span> 
     </span>
    </p>
   </div>
  </div>
