4032 6146
1277 176 1336 232 S.
1381 175 1772 233 CLEMENTIS
1811 177 1832 232 I
1872 175 2038 232 ROM.
2081 175 2283 232 PONT.
2321 177 2554 236 OPEIIA
2593 179 2820 237 DUBIA.

3562 180 3674 237 568

431 306 667 361 pugnam
698 290 879 348 videre
911 303 1014 358 est,
1049 305 1100 350 ct
1122 312 1227 352 non
1255 297 1322 352 ad
1355 298 1629 351 veritatem
1660 298 1860 367 juvari.
1891 297 1994 352 Sed

2113 301 2192 352 tati.
2237 300 2298 352 οὐ
2352 301 2490 372 πρὸς
2535 301 2786 372 ἀλήθειαν
2839 296 3181 368 ὠφελεῖσθαι.
3234 292 3369 348 Ἀλλ’
3417 295 3673 366 ἑκάτερος

434 391 662 453 uterque
687 397 922 439 vestrum
948 385 1142 451 dogma
1171 403 1328 442 suum
1358 399 1622 458 exponat;
1655 398 1708 442 et
1734 388 1799 440 ad
1829 389 1996 442 alium

428 472 690 543 judicem,
723 473 884 532 verba
915 475 1246 542 habeantur;
1281 478 1467 547 sicque
1499 492 1727 546 prorsus
1760 478 2002 531 invenie-

431 574 526 620 tur
578 566 936 622 dubitationis
995 584 1188 638 expers
1243 570 1462 624 veritas.
1527 569 1731 624 Placuit
1790 567 1998 624 Simoni

427 659 626 720 oratio,
661 674 826 729 seque
870 675 932 713 cx
987 675 1050 714 ea
1096 659 1362 715 facturum
1394 663 1666 730 promisit.
1709 659 1998 716 Verumta-

431 764 590 814 men,
622 749 798 820 inquit
849 748 1082 814 Fausto,
1123 751 1288 806 timeo
1352 767 1421 806 ne
1467 751 1578 820 jam
1632 751 1771 806 Petri
1820 752 2000 808 verbis

431 851 748 911 occupatus,
783 858 892 896 non
919 841 996 896 sis
1023 843 1132 896 veri
1162 845 1439 900 studiosus
1462 845 1651 914 judex.

499 1023 761 1080 CXXXII.
788 1023 853 1078 Et
873 1033 1025 1094 pater
1052 1027 1332 1094 respondit
1355 1041 1368 1078 :
1405 1022 1482 1079 Ne
1503 1039 1589 1079 me
1616 1039 1780 1093 cogas
1803 1033 2004 1079 temere

429 1134 496 1172 ac
550 1117 749 1172 indicta
801 1133 966 1171 causa
1005 1117 1101 1172 tibi
1157 1117 1430 1185 assentiri,
1461 1126 1519 1170 ut
1556 1117 1723 1186 judcx
1760 1116 2003 1171 veritatis

428 1224 623 1264 amans
649 1209 854 1263 videar.
888 1206 1022 1263 Nam
1050 1207 1096 1264 si
1121 1224 1244 1263 vera
1276 1209 1465 1263 audire
1492 1210 1671 1278 cupis,
1701 1217 1790 1262 tua
1821 1207 2003 1276 potius

429 1296 695 1352 sententia
719 1307 1126 1368 praeoccupatus
1140 1313 1280 1352 sum.
1321 1299 1395 1353 Ac
1421 1296 1611 1352 Simon
1651 1316 1664 1352 :
1696 1296 2004 1364 Quomodo

429 1403 487 1442 es
510 1399 939 1458 praeoccupatus,
957 1390 1048 1458 qui
1077 1390 1255 1444 nescis
1278 1389 1405 1460 quid
1431 1389 1698 1444 sentiam?
1733 1389 1801 1444 At
1823 1399 2001 1459 pater:

436 1473 616 1532 Facile
643 1489 725 1532 cst
749 1477 877 1531 illud
903 1492 1229 1548 cognoscere
1254 1493 1266 1529 :
1294 1484 1348 1531 et
1377 1491 1614 1547 quonam
1639 1485 1817 1546 pacto,
1847 1474 1994 1530 audi.

431 1565 714 1626 Pollicitus
738 1584 819 1632 es,
851 1585 880 1625 a
925 1581 978 1625 te
1023 1569 1144 1626 falsi
1182 1570 1490 1625 convictum
1530 1569 1594 1624 iri
1631 1568 1872 1632 Petrum,
1902 1569 1994 1640 qui

2100 385 2252 454 ὑμῶν
2277 385 2337 437 τὸ
2363 387 2556 440 ἑαυτοῦ
2589 388 2762 460 δόγμα
2791 387 3050 448 ἐκθέσθω,
3093 384 3185 438 καὶ
3231 385 3320 454 ὑφ’
3347 383 3514 455 ἑτέρῳ
3548 383 3674 455 κρί-

2099 493 2240 529 νοντι
2270 479 2395 540 τοὺς
2432 478 2623 548 λόγους
2645 480 2824 533 δοτέον
2842 497 2856 509 ·
2900 480 2992 533 καὶ
3019 479 3158 532 οὕτω
3197 479 3412 540 πάντως
3439 477 3676 548 ἀναμφί-

2099 565 2253 636 λογον
2302 568 2531 640 τάληθὲς
2577 570 2946 640 εὑρεθήσεται.
2998 570 3199 640 ’Πρεσε
3241 567 3318 638 τῷ
3361 567 3561 637 Σίμωνι
3609 566 3675 619 τὸ

2099 659 2306 730 λεχθὲν,
2351 662 2444 714 καὶ
2491 663 2736 733 ποιήσειν
2783 661 3044 732 ὑπέσχετο
3093 660 3233 715 κατὰ
3284 659 3476 714 ταῦτα.
3526 658 3676 729 Πλὴν

2099 751 2236 805 ἀλλὰ
2253 752 2484 818 δέδοικα,
2507 753 2585 825 τῷ
2607 754 2834 826 Φαύστῳ
2851 754 2973 825 ἔφη,
3015 755 3087 825 μή
3119 771 3234 817 πως
3259 753 3358 824 ἤδη
3387 767 3678 822 προκατει-

2100 845 2375 914 λημμένος
2420 849 2531 909 τοῖς
2582 847 2788 918 Πέτρου
2832 846 3025 916 λόγοις,
3085 847 3146 898 ού
3202 845 3496 917 φιλαλήθης
3540 843 3679 914 γένῃ

2103 954 2312 1008 κριτης.

2173 1026 2434 1080 CXXXII.
2465 1029 2573 1081 Καὶ
2598 1031 2626 1082 ὁ
2655 1029 2836 1100 πατὴρ
2865 1027 3225 1099 ἀπεκρίνατο·
3274 1028 3364 1097 Μή
3399 1043 3463 1097 με
3491 1023 3678 1095 βιάξσυ

2104 1117 2344 1187 ἀκρίτως
2376 1119 2658 1172 συνθέσθαι
2695 1136 2797 1181 σοι,
2831 1119 2905 1182 ὡς
2931 1119 2996 1172 ἂν
3019 1117 3153 1183 δόξω
3200 1117 3497 1188 φιλαλήθης
3538 1111 3682 1168 εἶναι

2105 1213 2317 1284 κριτής.
2350 1214 2412 1266 Ei
2438 1214 2545 1284 γὰρ
2579 1212 2784 1284 τάληθῆ
2817 1212 2993 1282 βούλει
3025 1211 3234 1282 μαθεῖν,
3257 1209 3335 1281 τῷ
3370 1208 3448 1280 σῷ
3477 1209 3684 1281 φρονή-

2109 1321 2237 1374 ματι
2271 1305 2642 1376 προείλημμαι
2675 1305 2890 1375 μᾶλλον.
2943 1305 3051 1358 Καὶ
3075 1306 3104 1356 ὁ
3128 1302 3340 1372 Σίμων’
3372 1301 3498 1364 Πῶς
3541 1316 3685 1372 προ-

2105 1395 2343 1467 είληψαι.
2389 1398 2490 1450 οὐκ
2543 1397 2695 1462 εἰδὼς
2739 1397 2767 1450 ὃ
2804 1397 3015 1470 φρονίἱη
3052 1397 3160 1450 Καὶ
3196 1396 3224 1447 ὁ
3266 1397 3478 1465 πατήρ’
3510 1393 3685 1446 Τοῦτο

2109 1488 2288 1559 ῥᾴδιόν
2319 1490 2464 1543 ἐστιν
2506 1491 2730 1544 εἰδέναι·
2776 1492 2871 1545 καὶ
2905 1490 3041 1553 πῶς,
3088 1489 3349 1544 ἄκουσονο
3406 1487 3682 1555 Ἐλέγξειν

2109 1580 2344 1650 ὑπέσχου
2369 1581 2459 1634 τὸν
2491 1582 2695 1653 Πέτρον
2725 1583 2820 1636 ’ἐνα
2850 1583 2983 1636 Θεὸν
3004 1581 3227 1649 λέγοντα
3253 1575 3412 1642 εἶναι,
3433 1580 3515 1632 ὅτι
3543 1577 3678 1649 ψεύ-

431 1677 597 1716 unum
621 1677 742 1716 esse
766 1660 934 1716 Deum
958 1669 1165 1717 asserat
1191 1680 1205 1715 :
1231 1670 1484 1717 caeterum
1511 1661 1602 1731 qui
1627 1660 1890 1730 promittit
1912 1676 1998 1716 re-

2113 1670 2276 1723 δεται.
2329 1671 2386 1724 Ὀ
2420 1673 2477 1726 δὲ
2517 1672 2606 1725 τὸν
2633 1674 2727 1727 ἕνα
2760 1673 2986 1742 λέγοντα
3024 1671 3238 1740 ἐλέγξαι
3283 1669 3686 1740 ἐπαγγελλόμε-

427 1753 842 1820 prebensionem
872 1754 1163 1807 asserentis
1188 1769 1352 1810 ιιιιιιῐη
1378 1751 1567 1815 Deum,
1595 1752 1753 1822 plane
1776 1749 1998 1807 manife-

427 1849 574 1890 stum
605 1845 687 1890 est
712 1835 856 1906 quod
891 1843 956 1900 is.
992 1853 1116 1892 vera
1147 1838 1394 1910 loquens,
1425 1856 1532 1896 non
1564 1842 1702 1896 idem
1732 1841 1998 1899 aﬂirmet:

427 1927 475 1981 si
507 1929 655 1981 enim
689 1928 828 1982 idem
861 1929 994 1982 dicit
1028 1945 1152 1983 cum
1197 1946 1261 1985 co
1306 1933 1398 2002 qui
1444 1935 1700 1989 ementita
1737 1935 2000 2004 loquitur,

323 2075 326 2079 λ
427 2026 485 2070 et
509 2016 623 2085 ipse
652 2015 890 2086 profecto
908 2030 990 2072 est
1015 2020 1274 2086 mendax;
1302 2022 1346 2075 si
1374 2037 1502 2077 vero
1529 2024 1800 2078 contraria
1823 2025 2003 2080 dicere

429 2127 490 2164 se
525 2109 779 2174 Oblt‘ttdll,
817 2125 882 2165 ex
931 2112 1159 2167 adverso
1206 2128 1337 2167 sane
1385 2129 1547 2169 verus
1586 2125 1688 2171 est.
1742 2113 1856 2170 Non
1896 2116 2002 2170 alia

427 2217 558 2268 ergo
601 2202 809 2256 ratione
849 2202 1255 2273 praedicatorem
1309 2207 1468 2260 unius
1505 2205 1596 2260 Dei
1625 2222 1746 2262 esse
1775 2208 2003 2263 menda-

427 2307 547 2344 cem
577 2294 914 2363 pronuntias,
950 2294 1055 2349 nisi
1090 2296 1216 2365 quia
1247 2297 1446 2352 multos
1474 2297 1603 2353 deos
1633 2313 1754 2353 esse
1788 2313 1999 2353 censes.

429 2389 593 2458 Atqui
624 2389 824 2444 multos
852 2406 972 2445 esse
1001 2389 1137 2445 deos
1165 2405 1265 2461 ego
1293 2406 1511 2462 quoque
1531 2392 1640 2446 aio.
1673 2390 1873 2447 Eadem
1903 2393 2004 2464 igi-

432 2490 521 2535 tur
551 2490 728 2536 tecum
764 2481 1012 2537 doctrina
1057 2494 1182 2538 ante
1228 2483 1675 2552 disceptationem
1708 2495 2005 2554 occupatus

430 2588 554 2626 sum
584 2590 597 2627 :
630 2583 684 2628 et
711 2585 992 2648 propterea
1024 2575 1330 2629 nullatenus
1353 2584 1566 2646 oportet
1597 2585 1648 2630 te
1677 2585 1916 2631 metuere
1940 2576 2007 2632 de

433 2679 556 2728 me,
590 2663 684 2717 sed
715 2662 930 2720 Petrum
965 2666 1145 2732 potius
1178 2682 1192 2718 :
1223 2664 1522 2718 etiamnum
1569 2665 1770 2735 quippe
1817 2675 2004 2720 contra

430 2761 599 2825 atque
638 2752 726 2808 ille
772 2752 968 2808 sentio.
1015 2751 1145 2806 Post
1171 2763 1407 2808 vestram
1452 2763 1633 2810 autem
1677 2755 2004 2825 disputatio-

431 2859 583 2910 nem,
617 2860 776 2914 spero
805 2843 919 2898 fore
957 2855 1016 2899 ut
1043 2845 1154 2899 veri
1198 2846 1477 2902 studiosus
1502 2847 1690 2916 judex,
1729 2849 1878 2902 omni
1914 2848 2009 2904 de-

2106 1779 2213 1826 νος,
2248 1763 2464 1828 πάντως
2493 1765 2714 1837 εὔδηλον
2743 1766 2819 1830 ὡς
2838 1768 3040 1829 ἐκεῖνος
3059 1763 3353 1836 ἀληθεύων,
3375 1763 3438 1815 οὐ
3462 1763 3526 1814 τὺ
3552 1762 3686 1816 αὐτὸ

2105 1854 2279 1924 λέγει·
2309 1856 2357 1907 εί
2395 1855 2503 1926 γὰρ
2528 1855 2605 1926 τῷ
2631 1855 3084 1926 καταψευδομένῳ
3115 1855 3176 1907 τὸ
3212 1853 3343 1906 αὐτὸ
3375 1853 3544 1921 λέγει,
3591 1854 3686 1905 καὶ

2106 1946 2267 2009 αὐτὸς
2291 1946 2332 1978 ⁵⁸
2360 1947 2467 2018 ἄρα
2492 1946 2769 2016 ψεύδεται·
2805 1949 2854 2000 εί
2895 1947 2953 2000 δὲ
2993 1945 3062 2000 τὰ
3088 1945 3319 2003 ,ἐναντία
3345 1944 3517 2013 λέγων
3550 1945 3687 1997 ἀπο-

2104 2036 2394 2102 δείκνυσιν,
2426 2038 2682 2108 ἄντικρυς
2725 2037 2994 2108 ἀληθεύει.
3057 2036 3172 2090 Οὐκ
3225 2036 3398 2098 ἄλλως
3448 2029 3546 2088 οὖν
3597 2034 3687 2086 τδν

2106 2128 2202 2182 ἕνα
2232 2129 2365 2183 Θεὸν
2395 2125 2533 2184 εῖναι
2574 2129 2801 2198 λέγοντα
2827 2128 3066 2200 ψεύστην
3105 2127 3299 2196 λέγεις,
3349 2129 3395 2180 εί
3445 2127 3518 2199 μὴ
3544 2127 3590 2158 ⁶¹
3621 2128 3686 2178 ἂν

2105 2222 2187 2276 ὅτι
2211 2221 2432 2286 πολλοὺς
2476 2223 2638 2288 αὐτὸς
2671 2221 2914 2290 δοξάζεις
2955 2221 3130 2285 θεούς
3162 2219 3318 2282 θεοὺς
3361 2219 3417 2272 δὲ
3457 2218 3688 2280 πολλοὺς

2106 2309 2244 2367 εἷναι
2274 2315 2367 2368 καὶ
2387 2313 2497 2383 ἐγώ
2526 2332 2666 2386 φημι
2683 2331 2698 2346 ο
2838 2313 2986 2384 αύτῷ
3011 2307 3105 2366 οὖν
3147 2328 3227 2365 σοι
3256 2311 3363 2383 πρὸ
3389 2311 3491 2380 τῆς
3511 2307 3685 2379 ζητή-

2108 2423 2247 2470 σεως
2290 2405 2432 2476 λόγῳ
2475 2405 2631 2474 κάγὼ
2669 2403 3144 2477 προκατείλημμαι
3163 2418 3177 2432 ·
3203 2402 3298 2454 καὶ
3347 2399 3489 2454 κατὰ
3527 2399 3688 2452 τοῦτο

2108 2498 2237 2569 περὶ
2279 2496 2414 2567 ἐμοῦ
2454 2515 2512 2550 σε
2549 2496 2610 2550 τὸ
2656 2497 2913 2568 παράπαν
2944 2496 3004 2549 οὐ
3041 2493 3333 2548 δεδοικέναι
3376 2493 3505 2564 χρὴ,
3551 2489 3688 2544 ἀλλὰ

2109 2589 2314 2659 Πέτρον
2345 2588 2576 2659 μᾶλλον·
2607 2587 2859 2658 τυγχάνω
2903 2586 3012 2658 γὰρ
3053 2587 3203 2657 αύτῷ
3243 2586 3337 2639 καὶ
3367 2585 3447 2638 ἔτι
3483 2583 3554 2637 τὰ
3601 2585 3687 2635 ἐν-

2107 2676 2262 2732 αντία
2291 2677 2518 2748 φρονῶν.
2551 2675 2706 2731 Μετὰ
2728 2677 2785 2730 δέ
2803 2677 2902 2747 τὴν
2923 2677 3191 2747 ὑμετέραν
3215 2674 3460 2746 ζήτησιν,
3481 2671 3689 2736 ἐλπίζω

2109 2769 2406 2840 φιλαλήθης
2425 2768 2499 2822 ὢν
2519 2769 2732 2840 κριτὴς,
2762 2769 2940 2821 πᾶσαν
2970 2767 3374 2838 ἀποδυσάμενος
3397 2765 3685 2838 πρόληψιν,

2105 2858 2185 2932 τῷ
2214 2858 2594 2930 ἐπικρατοῦντι
2628 2857 2914 2912 συνθέσθαι
2943 2858 3103 2929 λόγῳ.
3135 2857 3319 2911 Ταῦτα
3344 2856 3438 2910 τοῦ
3481 2855 3690 2926 πατρὸς

437 2935 611 3004 posita
663 2934 1076 3004 anticipatione,
1138 2935 1448 3006 prmvalenti
1489 2951 1859 2992 consensurus
1902 2937 2006 2992 sim

2113 2951 2371 3014 εἰπόντος,
2403 2949 2587 3021 ἡρέμα
2745 2967 2828 3013 τις
2863 2950 3086 3003 ἐπαίνου
3119 2951 3184 3002 ἐκ
3218 2948 3325 3001 τῶν
3365 2947 3542 3018 ὄχλων
3568 2947 3691 3015 ἐγι-

434 3027 692 3086 orationi.
738 3025 862 3082 IIaac
907 3044 1029 3086 cum
1073 3036 1226 3098 pater
1270 3028 1516 3096 dixisset,
1555 3030 1758 3086 sensim
1802 3031 2010 3086 clamor

433 3120 657 3188 quidam
702 3119 1030 3177 laudationis
1061 3137 1091 3175 a
1117 3122 1317 3191 pepulo
1353 3132 1576 3178 exortus
1618 3135 1722 3188 est,
1750 3125 2008 3194 quoniam

437 3213 513 3265 ita
546 3220 700 3280 pater
728 3221 872 3267 esset
897 3213 1132 3268 locutus.

507 3301 790 3363 CXXXIII.
818 3301 988 3361 Porro
1027 3303 1219 3360 Petrus
1251 3321 1403 3362 suam
1435 3305 1501 3362 de
1538 3305 1648 3363 Dco
1688 3310 2010 3364 sententiam

435 3394 691 3464 exposuit
715 3393 795 3452 z“
809 3395 1070 3464 pluraque
1094 3396 1160 3449 de
1187 3396 1502 3450 monarclria
1533 3397 1869 3466 prolocutus,
1887 3414 2010 3453 cum

438 3486 699 3559 Iacrymis
729 3501 896 3545 manu
926 3487 1210 3544 advocavit
1246 3489 1688 3556 multitudinem;
1721 3507 1827 3560 qua
1859 3507 2013 3547 acce—

437 3578 620 3646 dente,
653 3588 764 3634 tum
811 3593 1005 3634 manus
1054 3580 1332 3650 imposuit,
1357 3590 1472 3636 tum
1505 3597 1605 3652 pro
1651 3582 1718 3637 iis
1762 3592 2014 3652 precatus

435 3678 565 3727 est:
599 3671 909 3741 pariterque
957 3687 1148 3726 omnes
1203 3671 1314 3728 Deo
1358 3673 1754 3729 benediximus.
1791 3673 1836 3705 “
1869 3672 2014 3728 Intro

438 3772 622 3821 autem
651 3763 810 3823 irruit
839 3764 1056 3834 aliquis,
1084 3763 1292 3821 Simoni
1326 3766 1514 3821 dicens
1543 3784 1556 3820 :
1583 3767 1792 3838 Appion
1820 3767 2016 3823 Plisto-

443 3856 596 3912 uiaes
618 3872 740 3912 cum
755 3856 1082 3910 Annubione
1112 3857 1275 3911 modo
1298 3859 1445 3913 venit
1473 3858 1780 3914 Antiochia.
1806 3859 2017 3926 Quibus

441 3947 665 4012 auditis,
721 3947 906 4003 Simon
953 3947 1065 4002 exit
1110 3949 1315 4012 statim,
1348 3950 1502 4020 quasi
1541 3951 1823 4020 praedictos
1860 3968 2017 4008 exce-

443 4049 661 4109 pturus.
691 4038 850 4094 Pater
880 4055 1010 4094 vero
1055 4041 1322 4096 accedens
1374 4042 1439 4095 ad
1467 4040 1685 4098 Petrum
1715 4061 1727 4095 :
1762 4043 1816 4096 Si
1859 4043 2013 4109 mihi,

444 4133 640 4201 inquit,
678 4133 953 4200 concedis,
991 4134 1208 4188 domine
1251 4136 1352 4201 mi;
1394 4144 1446 4188 et
1472 4150 1573 4204 ego
1593 4151 1719 4190 cum
1747 4151 1811 4189 eo
1855 4135 2018 4204 proli-

441 4224 641 4288 ciscar,
676 4233 736 4278 ut
766 4223 994 4279 salutem
1023 4224 1320 4294 Appioncm
1351 4234 1402 4279 et
1431 4224 1834 4290 Annubionem,
1868 4241 2018 4279 meos

2113 3057 2252 3105 νετο,
2283 3041 2376 3094 ἐπὶ
2402 3039 2480 3110 τῷ
2501 3040 2674 3104 οὓτως
2710 3041 2800 3094 τὸν
2825 3040 3036 3094 πατέοα
3063 3038 3424 3109 διαλεχθῆναι.

2186 3303 2474 3361 CXXXIII.
2505 3305 2615 3358 Καὶ
2635 3305 2784 3374 ὅμως
2807 3305 2836 3356 ὁ
2863 3302 3065 3370 Πέτρος
3093 3302 3155 3353 τὸ
3177 3298 3371 3353 ἑαυτοῦ
3405 3299 3533 3369 περὶ
3557 3295 3690 3351 Θεοῦ

2115 3397 2327 3464 ἐξέθετο
2365 3397 2648 3469 φρόνημα·
2701 3396 2794 3449 καὶ
2832 3393 3007 3470 ¹πολλὰ
3053 3394 3178 3464 περὶ
3234 3391 3530 3463 μοναρχίας
3582 3391 3693 3444 δια-

2114 3490 2342 3562 λεχθεὶς,
2376 3487 2515 3560 μετὰ
2549 3486 2798 3559 δακρύων
2840 3488 2907 3557 τῇ
2955 3485 3095 3556 χειρὶ
3140 3482 3526 3555 προσεκαλεῖτο
3567 3484 3694 3544 τοὺς

2115 3583 2328 3653 ὄχλους·
2363 3576 2446 3644 οἷς
2479 3576 2852 3651 προσελθοῦσι,
2883 3576 2982 3640 τὰς
3013 3575 3200 3650 χεῖράς
3224 3592 3284 3628 τε
3316 3575 3576 3638 ἐπετίθει,
3602 3573 3692 3628 καὶ
3750 3623 3754 3628 .

2119 3674 2257 3744 ὑπὲρ
2285 3670 2463 3728 αὐτῶν
2494 3669 2726 3741 ηὔχετο·
2772 3669 2867 3722 καὶ
2899 3667 3035 3738 ὁμοῦ
3081 3667 3280 3730 πάντες
3323 3666 3692 3736 εὐλογήσαμεν

2117 3764 2209 3816 τὸν
2243 3762 2395 3821 Θεόν.
2440 3761 2833 3833 Ὑπεισέδραμε
2857 3759 2915 3813 δέ
2955 3775 3039 3822 τις
3071 3758 3244 3826 λέγων
3274 3757 3410 3829 πρὸς
3440 3758 3687 3827 Σίμωνα·

2131 3855 2374 3912 Ἀππίων
2421 3856 2451 3908 ὁ
2498 3851 2881 3923 Πλειστονίκης
2937 3852 3032 3904 σὺν
3079 3849 3126 3881 ⁸⁸
3173 3847 3511 3902 ’Δννουϐίωνι
3562 3842 3693 3918 ἧκεν

2119 3945 2323 4018 ἀρτίως
2343 3944 2451 3997 ἀπὸ
2483 3942 2829 4013 Ἀντιοχείας.
2850 3941 2960 3994 Καὶ
2979 3937 3154 3993 ταῦτα
3177 3937 3416 4002 ἀκούσας
3435 3939 3462 3991 ὁ
3491 3937 3689 4007 Σίμων,

2119 4038 2316 4102 ἔξεισιν
2347 4034 2548 4096 εὐθέως
2576 4033 2619 4064 ³⁸
2647 4033 2722 4095 ὡς
2763 4032 2890 4094 τοὺς
2925 4028 3247 4100 εἰρημένους
3286 4025 3689 4095 ὑποδεξάμενος.

2132 4133 2190 4185 'U
2210 4131 2267 4184 δὲ
2299 4128 2477 4199 πατὴρ
2506 4127 2548 4158 ⁸⁷
2579 4122 2884 4197 προσελθὼν
2903 4121 2980 4194 τῷ
3002 4122 3222 4192 Πέτρην
3259 4118 3325 4175 Εἴ
3367 4137 3455 4190 μοι
3483 4117 3696 4191 ἐπιτρέ-

2122 4239 2263 4285 πεις,
2309 4220 2435 4289 ἔφη,
2480 4216 2634 4288 κύριέ
2683 4232 2805 4286 μου,
2859 4211 3160 4284 πορεύομαι
3203 4210 3358 4278 κάγὼ
3411 4211 3507 4263 σὺν
3550 4206 3696 4276 αὑτῷ

443 4335 477 4372 a
507 4317 681 4388 prima
712 4325 868 4371 actate
893 4316 1118 4374 amicos.
1149 4313 1358 4371 Etenim
1388 4315 1526 4370 forte
1554 4317 1865 4372 Annubioni
1893 4332 2005 4387 pcr-

2125 4308 2582 4382 προσαγορεύσων
2627 4303 2909 4360 Ἀππίωνά
2962 4318 3023 4355 τε
3075 4302 3170 4354 καὶ
3215 4298 3591 4359 Ἀννουῧίωνα.
3637 4298 3697 4352 ἐκ

446 4409 691 4464 suadebo
731 4417 792 4463 ut
817 4424 941 4464 cum
977 4407 1254 4464 Clemente
1304 4408 1543 4477 disputet
1576 4408 1642 4463 dc
1695 4407 1899 4477 genesi.
1956 4405 2022 4461 Et

449 4500 682 4557 Petrus:
715 4501 991 4566 Concedo,
1039 4499 1250 4569 inquit;
1299 4501 1460 4554 laudo
1486 4499 1674 4565 etiam,
1710 4499 1854 4569 quod
1881 4501 2019 4553 ami.

446 4611 639 4650 eorum
681 4604 862 4664 partes
899 4602 952 4649 et
981 4592 1155 4647 olIicia
1194 4591 1438 4662 impleas.
1469 4591 1856 4648 Verumtamen
1887 4593 2018 4646 mibi

445 4691 649 4760 cogita,
682 4704 793 4760 quo
829 4689 990 4743 modo
1022 4685 1320 4741 secundum
1357 4685 1451 4739 Dei
1482 4685 1878 4754 providentiam
1924 4701 2025 4739 un-

446 4783 614 4851 dique
641 4790 1112 4848 concurrantquae
1140 4779 1204 4834 ad
1232 4781 1388 4849 plene
1413 4777 1714 4833 faciendam
1737 4777 1835 4831 tibi
1863 4777 2020 4831 [idem

450 4873 758 4941 pertinent,
791 4881 978 4941 aptum
1011 4871 1342 4941 perlicientia
1397 4877 1744 4926 concentum.
1783 4867 1895 4923 Iloc
1926 4884 2024 4922 au-

449 4973 559 5018 tem
603 4963 717 5018 dixi
759 4973 974 5033 propter
1008 4962 1351 5019 Annubionis
1395 4963 1709 5028 adventum,
1754 4960 1850 5015 tibi
1898 4975 2022 5015 cum

451 5071 588 5111 usus
617 5055 720 5111 fuit
748 5055 1135 5125 obtingentem.
1181 5053 1246 5108 Et
1273 5053 1465 5124 piter:
1498 5051 1657 5121 Vere,
1689 5050 1887 5122 inquit,
1929 5065 2029 5120 ego

449 5162 677 5219 quoque
707 5144 990 5215 conspicio
1015 5147 1066 5202 id
1099 5144 1170 5202 ita
1197 5146 1415 5200 habere.

525 5236 812 5296 CXXXIV.
843 5237 1019 5308 Atque
1047 5247 1170 5308 post
1209 5238 1322 5292 haec
1347 5235 1515 5301 dicta,
1546 5244 1820 5305 protectus
1847 5240 1931 5287 est
1959 5230 2029 5288 ad

457 5330 762 5391 Simonem.
801 5325 1039 5386 Inventis
1074 5335 1254 5382 autem
1286 5326 1530 5397 Appione
1575 5334 1630 5380 et
1681 5321 2026 5386 Anuubione.

2128 4401 2352 4473 πρώτης
2374 4398 2588 4470 ἡλικίας
2616 4394 2800 4465 φίλους
2831 4409 2932 4464 μου
2960 4392 3005 4424 ⁸⁸
3025 4390 3364 4461 γενομένους.
3389 4389 3560 4458 Τυχὸν
3593 4389 3698 4458 γὰρ

2129 4497 2224 4549 καὶ
2264 4489 2619 4546 Ἀννουὸίωνα
2668 4487 2841 4541 πείσω
2877 4483 3151 4554 Κλήμεντι
3189 4479 3534 4550 διαλεχθῆναι
3573 4476 3699 4548 περὶ

2128 4586 2411 4656 γενέσεως.
2435 4581 2594 4635 Καὶὸ
2616 4579 2838 4649 Πέτρος·
2875 4574 3202 4646 Ἐπιτρέπω,
3225 4571 3352 4641 ἔφη,
3376 4572 3470 4628 καὶ
3496 4567 3699 4624 ἐπαινῶ

2126 4677 2200 4730 τὰ
2230 4673 2396 4744 φίλων
2439 4687 2498 4724 σε
2529 4667 2839 4744 πληροῦντα
2883 4666 3043 4739 μέρη.
3089 4663 3233 4735 Πλὴν
3276 4662 3444 4715 ἐννόει
3494 4678 3582 4730 μοι
3628 4660 3699 4720 ὡς

2132 4766 2276 4822 κατὰ
2305 4765 2557 4836 πρόνοιαν
2590 4759 2725 4817 Θεοῦ
2766 4757 3099 4833 πανταχόθεν
3133 4754 3412 4829 συντρέχει
3452 4753 3548 4816 τὰ,
3569 4753 3700 4824 πρὸς

2132 4860 2232 4930 τὴν
2264 4859 2363 4928 σὴν
2392 4853 2782 4927 πληροφορίαν,
2820 4851 3023 4904 οἰκείαν
3066 4846 3428 4904 ἀποτελοῦντα
3467 4846 3566 4916 τὴν
3608 4845 3702 4914 ἀρ·

2134 4951 2340 5026 μονίαν.
2385 4947 2556 5004 Τοῦτο
2590 4947 2648 5002 δὲ
2685 4941 2836 5002 εἶπον
2863 4945 2952 5000 διὰ
2982 4943 3080 5014 τὴν
3113 4940 3489 5002 Ἀννουὸίωνος
3513 4934 3700 5009 χρησί-

2135 5058 2250 5114 μως
2305 5057 2387 5094 σοι
2438 5037 2737 5110 γενομένην
2788 5036 3082 5108 ἐπιδημίαν
3135 5034 3200 5088 ⁸³.
3248 5035 3358 5089 Καὶ
3412 5036 3441 5087 ὁ
3499 5028 3702 5102 πατήρ⁹

2143 5131 2403 5203 Ἀληθῶς,
2435 5129 2560 5201 ἔφη,
2592 5129 2746 5198 κάγὼ
2776 5127 2983 5202 συνορῶ
3013 5126 3170 5180 τοῦτο
3194 5125 3394 5179 οὑτωσὶ
3424 5124 3564 5194 ἔχον.

2200 5223 2486 5280 CXXXIV.
2539 5225 2648 5276 Καὶ
2693 5221 2865 5276 ταῦτα
2913 5220 3100 5284 εἰπὼν,
3136 5218 3403 5292 ἐπορεύθη
3455 5216 3591 5292 πρὸς
3620 5212 3702 5266 Σίν

2136 5335 2310 5393 μωνα.
2338 5319 2445 5375 Καὶ
2473 5314 2648 5387 εὑρὼν
2681 5315 2966 5372 Ἀππίωνὰ
2991 5330 3052 5366 τε
3078 5313 3172 5369 καὶ
3205 5310 3578 5373 Ἀννουϐἱωνα,
3616 5306 3703 5361 καὶ

1727 5457 1890 5516 VARI
1906 5457 1961 5512 Ε
2001 5453 2405 5514 LECTIONES.

534 5567 578 5601 ⁸⁸
597 5567 747 5619 deest
777 5565 831 5618 in
859 5565 929 5619 al.
974 5563 1018 5595 ⁶²
1054 5559 1124 5616 al.
1170 5562 1242 5631 μή
1276 5577 1352 5612 τε.
1433 5559 1479 5590 ⁸³
1516 5557 1798 5621 Clemenl.,
1831 5556 1978 5631 born.
2017 5567 2126 5614 xvt,
2152 5567 2200 5604 c.
2412 5553 2459 5631 οξ
2504 5551 2602 5604 Rea
2633 5545 2709 5630 .'l.
2744 5562 2799 5610 ι,
2829 5560 2875 5599 c.
2912 5543 3120 5606 32,66.
3204 5536 3248 5571 ⁸⁵
3272 5541 3342 5595 al.
3379 5534 3701 5590 ’Λνουϐίωνιο

463 5643 514 5692 σο
543 5637 697 5696 deest
727 5637 780 5693 in
807 5635 859 5692 al
958 5635 1000 5667 ⁸⁷
1035 5633 1106 5688 al.
1149 5629 1385 5693 ἀκούσας
1421 5630 1511 5682 καὶ
1559 5629 1764 5700 χαρείς.

1847 5626 1887 5656 ⁵⁸
1916 5625 1982 5678 al.
2033 5639 2140 5696 μοι.

2223 5623 2266 5652 ⁶ν
2313 5621 2380 5673 nl.
2442 5617 2742 5689 ἐπιτυχίαν.
