4066 6140
337 263 443 321 569

1138 262 1686 320 CLEMENTINA.——
1721 260 2019 320 EPIT’OME
2056 261 2144 318 DE
2181 261 2426 319 GESTIS
2461 264 2520 320 S.
2559 261 2782 319 PETRI.
3488 261 3592 317 570

337 375 786 452 προσαγορεύσας
818 378 1034 442 αὐτοὺς,
1071 377 1358 449 ἐκαθέσθη.
1378 377 1436 431 Ὀ
1467 377 1523 431 δὲ
1552 376 1733 448 Σίμων
1757 375 1899 429 ἀκού-

2023 391 2086 430 ac
2114 374 2386 440 salutatis,
2413 375 2678 431 consedit.
2699 373 2888 430 Simon
2915 392 3045 434 vero
3064 373 3296 443 audiens
3324 379 3594 442 quosdam

337 491 437 537 σας
459 472 818 544 ἐπιδημήσειν
844 470 994 535 τινὰς
1022 472 1086 524 ὲκ
1117 471 1433 543 προσταγῆς
1478 469 1758 540 βασιλικῆς
1797 470 1919 521 ἐπι-

2013 466 2171 536 jnssu
2229 468 2376 536 regio
2422 467 2833 533 adventatnros,
2885 469 2977 538 qui
3036 468 3215 539 ipsum
3263 477 3594 539 quasrerent,

333 563 634 636 ζητοῦντας
679 563 874 626 αὑτὸν,
918 563 1012 617 καὶ
1055 564 1361 634 φάσκοντας
1401 561 1523 615 καθ’
1569 562 1651 614 ὅτι
1704 563 1899 632 Καῖσαι

2017 560 2220 630 quique
2275 559 2538 623 dicerent,
2595 556 2864 613 Cmsarcm
2913 560 3097 615 multis
3148 561 3321 630 magis
3367 559 3590 614 inter-fe-

333 656 566 718 πολλοὺς
603 655 810 726 μάγους
850 654 1074 720 ἀνελὼν,
1125 650 1243 708 εἶτα
1283 654 1377 707 καὶ
1418 652 1488 706 τὰ
1533 651 1676 706 κατά
1702 652 1920 723 Σίμωνα

334 748 639 820 πυθόμενος
665 748 732 812 ⁷⁸,
761 749 843 811 είς
875 746 1195 819 ἐπιζήτησιν
1237 743 1405 799 αὐτοῦ
1445 743 1731 814 πέμψειεν,
1769 745 1918 806 ὅπως

332 841 430 892 καὶ
469 839 632 893 αὐτὸν
655 839 699 870 ⁷⁸
728 839 929 910 ὁμοίως
966 838 1192 918 κολάσῃ,
1240 836 1378 908 πρὸς
1430 835 1783 890 Ἀννουὸίωνα
1821 833 1917 888 καὶ

347 927 628 980 Ἀππίωνα
670 926 802 998 ἔφη·
829 925 1070 980 Φαῦστον
1101 927 1237 996 π’ρδς
1291 925 1438 996 ἡμᾶς
1481 924 1718 984 ἐλθόντα,
1754 941 1918 996 μετα-

337 1023 485 1090 σχεῖν
515 1018 656 1072 ἁλῶν
687 1021 950 1090 ποιήσατε
981 1022 1076 1074 σὺν
1105 1021 1236 1092 ἡμῖν
1255 1038 1269 1050 ·
1309 1018 1418 1090 ἐγὼ
1442 1019 1498 1072 δέ
1533 1018 1702 1088 μύρον
1739 1034 1792 1070 τι
1817 1035 1916 1072 κα-

331 1113 654 1166 τασκευάσω
675 1115 740 1176 τ’,
775 1114 860 1167 ἵνα
894 1115 1188 1186 δειπνήσας
1212 1114 1309 1168 καὶ
1333 1114 1379 1146 ⁷³
1407 1111 1786 1183 ἀλειψάμενος,
1815 1111 1915 1184 τὴν

333 1205 472 1275 ἐμὴν
496 1205 629 1257 πᾶσι
649 1202 775 1278 δόξῃ
802 1203 946 1275 ἔχειν
973 1205 1207 1275 μορφήν.

402 1379 662 1437 CXXXV.
706 1382 816 1435 Kal
844 1380 938 1435 τοῦ
982 1380 1228 1453 Σίμωνος
1273 1379 1448 1436 ταῦτα
1481 1381 1742 1445 εἰπόντος,
1784 1381 1914 1434 Ἀπ-

333 1473 470 1527 πίων
500 1475 595 1527 καὶ
633 1473 950 1527 Ἀννουὸίων
989 1473 1125 1543 φασί
1161 1473 1297 1546 πρὸς
1337 1474 1498 1528 αὐτόν
1519 1491 1532 1504 ⁸
1562 1473 1674 1528 Kal
1713 1473 1766 1526 τί
1803 1473 1912 1544 ἄρα

335 1585 414 1620 σοι
441 1567 631 1637 κέρδος
652 1565 760 1620 ἀπὸ
777 1565 876 1637 τῆς
910 1565 1155 1636 μηχανῆς
1193 1565 1344 1618 ἔσται
1368 1565 1603 1637 ταύτης;
1634 1567 1742 1619 Kal
1767 1568 1796 1619 6
1818 1567 1909 1618 Σί-

335 1675 448 1728 μων
476 1659 580 1729 ἔφη
600 1675 614 1688 ·
645 1657 868 1729 Πρῶτον
899 1658 995 1728 μὲν
1021 1656 1374 1720 συλλαϐόντες
1406 1657 1568 1710 αὐτὸν
1597 1658 1645 1710 οί
1677 1657 1778 1729 ἐμὲ
1814 1657 1909 1728 ζη-

2019 652 2140 714 ctis,
2174 651 2366 705 deinde
2398 659 2451 704 et
2481 650 2547 704 de
2586 648 2807 704 Simone
2839 652 3124 705 certiorem
3163 652 3386 718 factum,
3415 654 3479 707 ad
3509 653 3594 706 in-

2015 743 2430 812 vestigationem
2469 742 2614 798 illius
2647 743 2885 806 misisse,
2909 738 3037 792 utin
3069 739 3218 794 illum
3248 745 3592 796 ctiamanim-

2019 833 2317 902 advertat;
2412 835 2477 888 ad
2541 835 2922 888 Annubionem
2978 843 3031 889 et
3083 835 3380 903 Appionem
3432 835 3586 887 iniit:

2017 925 2301 989 Faustum,
2326 926 2418 994 qui
2451 925 2516 979 ad
2548 941 2649 980 nos
2683 928 2847 989 venit,
2901 926 3062 981 tacite
3096 927 3276 981 cibum
3305 928 3588 982 nobiscum

2015 1033 2265 1083 sumere;
2310 1034 2411 1088 ego
2477 1028 2658 1074 autem
2717 1030 3049 1090 unguentum
3099 1020 3370 1090 quoddam
3424 1020 3592 1074 confi-

2013 1111 2178 1176 ciam,
2207 1121 2266 1166 ut
2298 1121 2546 1167 coenatus
2579 1121 2633 1166 et
2665 1127 2974 1183 perungens
3017 1127 3099 1178 se,
3151 1113 3364 1168 cunctis
3395 1113 3591 1168 habere

2015 1200 2244 1256 formam
2290 1218 2466 1258 meam
2516 1204 2778 1258 videatur.

2080 1378 2341 1436 CXXXV.
2376 1381 2625 1454 Cumque
2676 1385 2791 1440 haec
2847 1386 3036 1441 Simon
3090 1387 3340 1454 dixisset,
3375 1387 3587 1458 Appion

2011 1483 2066 1530 et
2095 1473 2388 1529 Annubion
2424 1476 2578 1530 aiunt
2609 1478 2675 1532 ad
2707 1478 2856 1533 illum
2902 1497 2914 1532 :
2949 1477 3012 1532 Et
3048 1481 3320 1549 quodnam
3385 1481 3479 1535 tibi
3505 1481 3590 1534 lu-

2009 1578 2162 1621 erum
2195 1582 2262 1622 ex
2291 1568 2391 1622 hac
2421 1569 2822 1624 maclnnatione
2865 1570 3174 1624 adveniet’?
3193 1570 3592 1640 ResponditSi-

2009 1673 2182 1713 mon:
2230 1657 2414 1713 Primo
2448 1661 2689 1730 quidem,
2748 1662 3145 1732 comprehenso
3203 1663 3316 1726 illo,
3363 1663 3455 1733 qui
3502 1679 3589 1719 me

325 1752 566 1816 τοῦντες,
608 1750 905 1804 παύσονται
954 1750 1051 1820 τῆς
1100 1749 1219 1803 κατ’
1266 1749 1400 1821 ἐμοῦ
1430 1748 1728 1821 ζητήσεως.
1763 1751 1824 1803 Εἰ
1853 1750 1899 1803 δὲ

2010 1760 2264 1820 quaerunt
2308 1752 2570 1808 desistent
2625 1754 2696 1808 ab
2729 1752 3074 1825 indagatione
3119 1765 3306 1810 contra
3337 1771 3424 1810 me
3458 1771 3588 1810 sus-

326 1845 424 1898 καὶ
450 1844 554 1898 ὑπὸ
582 1842 864 1915 βασιλικῆς
891 1843 1075 1915 χειρδς
1103 1841 1434 1914 ἀναιρεθείη,
1481 1843 1734 1913 μέγιστον
1777 1841 1904 1896 πέν-

325 1936 418 2002 θος
441 1937 649 2002 ἕξουσιν
676 1937 726 1989 oi.
748 1935 938 1989 τούτου
962 1935 1170 2000 παῖδες,
1199 1935 1413 1999 οἵτινες
1449 1934 1549 2005 ἐμὲ
1575 1934 1902 1988 καταλιπόν-

322 2049 434 2095 τες,
491 2030 682 2102 Πέτρῳ
727 2029 1261 2101 προσπεφοιτήκασιν
1305 2027 1370 2083 ⁷⁵.
1411 2027 1653 2082 Ἀππίων
1711 2027 1768 2081 δὲ
1809 2028 1903 2082 καὶ

335 2111 669 2176 Ἀννουϐίων
686 2122 806 2176 κατ’
838 2121 971 2176 ίδίαν
1004 2120 1180 2175 πάντα
1203 2119 1282 2189 τῷ
1307 2118 1534 2190 Φαύστῳ
1559 2117 1900 2189 διασαφοῦσι,

320 2217 417 2270 καὶ
437 2215 538 2284 τὴν
562 2214 852 2286 ἐπιϐουλὴν
881 2211 1167 2285 φράζουσι.
1203 2213 1311 2267 Kal
1337 2214 1366 2266 6
1387 2211 1627 2276 Φαῦστος
1651 2213 1751 2265 οὐκ
1775 2210 1904 2282 ἀλη-

321 2305 435 2370 θεῖς
477 2302 614 2360 εἶναι
657 2307 782 2370 τοὺς
807 2306 998 2376 λόγους
1018 2306 1266 2378 νομίσας,
1294 2305 1680 2376 συνδειπνήσας
1707 2303 1785 2375 τῷ
1814 2303 1904 2357 Σί-

325 2397 630 2469 μωνι-μετά
650 2414 713 2466 γε
730 2397 838 2451 τῶν
864 2397 1094 2470 ἑταίρων
1158 2396 1462 2459 Ἀππίωνός
1488 2413 1548 2449 τε
1574 2397 1667 2450 καὶ
1693 2378 1904 2450 Ἀννου-

319 2486 534 2550 ὀίωνος,
569 2489 632 2540 ἐκ
675 2487 854 2558 χειρὸς
890 2484 985 2539 τοῦ
1021 2487 1264 2559 Σίμωνος
1296 2485 1560 2557 λαμῦἀνει
1598 2485 1661 2539 τὸ
1707 2484 1898 2558 μύρον,

321 2579 416 2632 καὶ
444 2579 512 2632 τὸ
535 2578 664 2632 ἴδιον
706 2577 1063 2649 ἀλειψάμενος
1100 2579 1409 2650 πρόσωπον,
1452 2579 1552 2649 τὴν
1584 2577 1677 2631 τοῦ
1722 2579 1903 2650 Σίμω-

322 2688 412 2735 νος
429 2671 477 2702 ’⁸
506 2669 668 2733 εὐθὺς
692 2670 858 2723 ὑπέδυ
883 2671 1117 2743 μορφήν.
1144 2669 1290 2743 Πλὴν
1319 2671 1378 2722 ἐν
1409 2668 1548 2743 μέσῃ
1566 2687 1629 2739 γε
1647 2673 1713 2741 τῇ
1743 2672 1902 2726 νυκτὶ

320 2760 611 2825 διαναστὰς
659 2764 687 2816 6
734 2761 939 2832 Σίμων,
990 2760 1090 2832 τήν
1138 2760 1230 2814 ἐπὶ
1274 2759 1375 2830 τῆς
1415 2760 1674 2826 ἰουδαίας
1722 2761 1902 2835 φυγὴν

321 2857 576 2908 ἐποιεῖτο.
1844 2903 1852 2909 .

387 2943 675 3000 cxxxw.
715 2945 903 3016 Ἡμεῖς
935 2944 991 2997 δέ.
1020 2961 1081 3013 γε
1110 2944 1161 2997 οἱ
1200 2943 1278 3014 τῷ
1302 2943 1492 3016 Πέτρῳ
1532 2945 1802 3009 συνόντες,
1832 2931 1902 3000 δι’

319 3037 446 3108 ὅλης
473 3035 666 3100 νυκτδς
709 3035 956 3107 ἀλλήλοις
979 3037 1026 3066 7‘
1051 3033 1435 3106 διομιλοῦντες,
1465 3035 1570 3089 ὑπό
1603 3053 1664 3090 τε
1710 3037 1904 3110 ήδονῆς

317 3126 412 3179 καὶ
452 3126 628 3196 χαρᾶς
652 3125 761 3178 τῶν
795 3123 1120 3193 λεγομένων,
1164 3123 1422 3194 νήφοντες
1459 3109 1900 3196 διενυκτερεύσα-
1926 3109 1968 3168 (ἶ

320 3233 437 3286 μεν.
472 3212 610 3286 Ἤδη
637 3213 695 3267 δέ
734 3230 852 3276 πως
870 3213 970 3284 τῆς
995 3212 1188 3276 νυκτὸς
1220 3213 1694 3286 ὑπαυγαζομένης,
1719 3211 1766 3270 δι’
1788 3216 1894 3270 Πέ-

313 3324 442 3378 τρος
465 3304 741 3378 ἐμϐλέψας
768 3303 893 3376 ἐμοὶ
925 3305 1020 3358 καὶ
1045 3307 1161 3368 τοῖς
1185 3304 1451 3376 ἀδελφοῖς,
1478 3307 1580 3379 ἔφη
1601 3323 1616 3339 ο
1642 3308 1895 3380 Διαπορῶ

313 3401 367 3452 τί
390 3399 501 3471 ἄρα
526 3414 590 3466 γε
613 3392 692 3468 τῷ
717 3395 966 3468 ὑμετέρῳ
993 3397 1159 3468 πατρὶ
1198 3396 1388 3466 γέγονε
1414 3396 1480 3451 ⁷⁷.
1509 3399 1615 3452 Kal
1647 3398 1896 3467 λέγοντος

312 3489 508 3554 ταῦτα,
545 3488 654 3544 ίδοὺ
699 3490 795 3543 καὶ
837 3490 866 3542 6
893 3489 1077 3562 πατὴρ
1098 3484 1221 3562 ἧκε,
1248 3488 1343 3542 τὸν
1379 3489 1585 3562 Πέτρον
1608 3491 1739 3562 ἡμῖν
1765 3491 1895 3563 περὶ

318 3581 484 3638 αὐτοῦ
527 3581 904 3653 διαλεγόμενον
950 3580 1054 3651 ῆδη
1102 3579 1455 3634 καταλαϐώνο
1482 3581 1794 3653 ἀθυμοῦντά
1831 3600 1893 3636 τε

317 3675 460 3738 ίδὼν,
496 3675 590 3728 καὶ
617 3671 1076 3746 προσαγορεύσας,
1108 3672 1485 3743 ἀπελογήσατο
1509 3673 1576 3727 δι’
1619 3675 1686 3745 ἣν
1713 3675 1892 3728 αἰτίαν

311 3765 418 3830 ἔξω
447 3763 790 3835 κεκοίμηται.
822 3763 1012 3834 Ἡμεῖς
1037 3761 1095 3815 δέ
1122 3760 1485 3832 ἐμϐλέποντες
1508 3761 1657 3832 αὐτῷ
1683 3761 1894 3835 ἐξεστή-

312 3872 526 3928 κειμεν,
551 3856 612 3907 τὸ
633 3850 770 3918 εῐδος
797 3853 1040 3924 Σίμωνος
1068 3851 1320 3923 ὁρῶντες,
1363 3853 1546 3922 φωνῆς
1583 3852 1639 3905 δὲ
1666 3851 1759 3904 τοῦ
1785 3870 1892 3906 πα-

309 3949 439 4022 τρὸς
478 3940 632 4019 ἡμῶν
671 3945 962 4008 ἀκούοντες
1009 3943 1270 3998 Φαύστου.
1319 3944 1428 3998 Kal
1471 3943 1533 4016 δὴ
1581 3943 1889 4012 φευγόντων

311 4041 468 4114 ἡμῶν
493 4039 675 4103 αὑτὸν,
701 4041 731 4092 6
768 4037 950 4108 πατὴρ
970 4035 1346 4108 ἐξεπέπληκτο
1382 4035 1450 4089 ⁷⁸.
1480 4034 1655 4099 Μόνος
1687 4035 1742 4088 δὲ
1785 4036 1890 4088 Πέ-

311 4150 437 4205 τρος
478 4133 578 4204 τὴν
625 4130 770 4186 κατά
822 4129 980 4201 φύσιν
1025 4127 1190 4183 αὑτοῦ
1249 4127 1460 4199 μορφὴν
1497 4125 1716 4197 ἐνορῶν,
1753 4128 1890 4199 πρὸς

311 4227 458 4297 ἡμᾶς
485 4225 590 4296 ἔφη
612 4241 625 4255 ·
660 4223 815 4285 Τίνος
837 4224 1020 4276 ἕνεκεν
1047 4221 1138 4274 τὸν
1167 4219 1428 4292 ὑμέτερον
1453 4218 1759 4272 ἀπωθεῖσθε
1784 4237 1890 4272 πα-

307 4318 445 4389 τέρα
493 4317 588 4369 καὶ
624 4313 1066 4386 ἀποστρέφεσθε;
1111 4313 1302 4383 Ἡμεῖς
1339 4311 1394 4365 δὲ
1431 4311 1567 4382 πρὸς
1597 4310 1758 4363 αὐτὸν
1795 4312 1887 4364 καὶ

308 4409 343 4478 ή
376 4407 589 4478 μήτηρ·
629 4405 751 4458 Ὅτι
794 4404 975 4474 Σίμων
1018 4403 1149 4473 ἡμῖν
1193 4395 1348 4464 οὗτος
1389 4401 1656 4470 φαίνεται,
1704 4399 1886 4470 φωνὴν

312 4499 448 4568 ἔχων
471 4496 567 4549 τοῦ
598 4494 863 4567 ἡμετέρου
887 4495 1106 4567 πατρός.
1130 4493 1238 4547 Kal
1255 4495 1282 4546 6
1310 4491 1533 4564 Πέτρος
1563 4489 1659 4554 Οὔ,
1684 4489 1848 4562 φησίν
1867 4505 1884 4521 ’

311 4590 437 4660 ὑμῖν
492 4588 591 4659 μὲν
633 4586 1001 4658 ήάμάγευτος
1048 4583 1212 4639 αὐτοῦ
1258 4583 1407 4655 φωνὴ
1447 4582 1721 4655 γνώριμός
1772 4584 1888 4635 ἐστι

313 4680 484 4750 μόνη·
533 4678 666 4749 ἐμοῦ
703 4679 763 4732 δὲ
793 4681 907 4741 τοῖς
958 4675 1285 4748 ἀμαγεύτοις
1326 4674 1642 4748 ὀφθαλμοῖς,
1688 4677 1782 4730 καὶ
1824 4677 1886 4731 τὺ

307 4766 448 4834 εἶδος
478 4769 660 4822 ὁποῖόν
700 4769 817 4822 ἐστι
853 4767 1181 4840 καθορᾶταιο
1231 4763 1353 4818 ἐπεὶ
1397 4765 1471 4836 μὴ
1517 4765 1700 4836 Σίμων
1737 4766 1885 4820 ἐστὶν

307 4856 480 4924 οὗτος,
511 4858 646 4915 ἀλλά
669 4856 910 4921 ⁶ἰθαῦστος
952 4857 981 4909 6
1020 4854 1284 4926 ὑμέτερος
1324 4851 1493 4914 ὅντως
1531 4853 1730 4924 πατήρ.
1753 4853 1887 4906 Τότε

307 4949 371 5010 δὴ
404 4946 820 5020 προσεμόλέψας
863 4945 957 4999 καὶ
1005 4943 1084 5014 τῷ
1129 4941 1298 5013 πατρὶ
1337 4941 1514 5009 λέγει’
1555 4941 1630 4994 Τδ
1667 4942 1888 5014 γνήσιόν

310 5059 404 5095 σου
432 5038 573 5105 εἶδος
595 5041 778 5102 αὐτοῖς
801 5038 862 5092 οὐ
891 5037 1156 5107 φαίνεται,
1179 5033 1316 5090 ἀλλά
1347 5032 1590 5104 Σίμωνος
1620 5033 1716 5088 τοῦ
1755 5036 1886 5090 ἀσε-

307 5131 571 5184 6εστάτου
609 5132 703 5185 κα⁶ι
725 5132 855 5201 ἡμῖν
876 5128 1144 5200 ἐχθίστου.

377 5279 465 5335 CX
475 5279 686 5336 XXVII.
702 5279 884 5335 Ταῦτα
897 5279 989 5337 τοῦ
1003 5281 1209 5354 Πέτρου
1235 5274 1883 5355 διαλεγομένου,ἐπεισῄει

2003 1853 2176 1913 cepta.
2224 1844 2377 1911 Quod
2417 1847 2462 1902 si
2515 1847 2678 1902 etiam
2713 1863 2742 1902 a
2780 1865 2944 1903 manu
2978 1850 3122 1918 regia
3151 1850 3366 1906 occisus
3401 1849 3582 1913 fuerit.

2003 1933 2303 1989 maximum
2347 1936 2554 1990 luctum
2592 1937 2867 1992 habebunt
2897 1938 3018 2008 ejus
3042 1939 3218 2006 liberi,
3248 1939 3342 2010 qui
3370 1955 3456 1994 me
3487 1940 3585 1994 de-

2001 2024 2190 2079 relicto
2231 2024 2297 2080 ad
2345 2024 2565 2080 Petrum
2601 2043 2659 2082 se
2684 2028 3050 2084 contulerunt.
3095 2030 3307 2100 Appion
3367 2045 3495 2084 vero
3528 2035 3584 2084 et

2001 2113 2294 2171 Annubion
2324 2117 2575 2188 privatim
2599 2121 2782 2174 omnia
2805 2120 3008 2175 Fausto
3033 2122 3304 2192 aperiunt,
3323 2123 3582 2178 insidias-

2001 2222 2109 2277 que
2161 2221 2614 2266 commemorant.
2659 2211 2725 2267 Et
2762 2212 2996 2269 Faustus
3043 2230 3170 2269 vera
3221 2229 3328 2268 non
3364 2229 3483 2270 esse
3514 2230 3580 2270 ea

2003 2300 2166 2354 verba
2201 2301 2519 2370 arbitratus,
2550 2315 2798 2359 cognatus
2825 2321 2948 2359 cum
2987 2303 3209 2360 Simone
3246 2313 3302 2360 et
3324 2321 3448 2360 cum
3483 2322 3577 2361 so-

2004 2391 2217 2448 dalibus
2265 2393 2512 2464 Appione
2557 2404 2612 2450 et
2655 2395 2998 2463 Annubione,
3041 2405 3376 2467 unguentum
3411 2397 3580 2450 sumit

2003 2496 2066 2536 ex
2107 2479 2347 2537 Simonis
2374 2500 2572 2551 manu;
2609 2500 2673 2539 ac
2707 2503 2956 2557 unguens
2984 2487 3175 2541 faciem
3203 2502 3382 2550 suam,
3434 2486 3580 2540 illico

2004 2572 2181 2627 induit
2204 2573 2436 2629 formam
2476 2575 2736 2633 Simonis.
2772 2578 2842 2632 At
2876 2580 3051 2633 media
3086 2589 3243 2635 nocte
3277 2595 3579 2651 exsurgens

2005 2661 2216 2730 Simon,
2245 2667 2297 2722 in
2319 2666 2564 2724 Judaaam
2598 2670 2722 2742 fuga
2751 2688 2810 2728 se
2834 2673 3093 2743 abripuit.

2075 2977 2359 3033 CXXXVI.
2409 2980 2580 3037 Porro
2634 3000 2768 3051 nos,
2811 2986 2906 3055 qui
2953 3002 3076 3042 cum
3125 2986 3285 3042 Petro
3334 3003 3575 3056 eramus,

2004 3084 2101 3140 per
2134 3078 2299 3125 totam
2348 3083 2563 3128 noctem
2601 3085 2791 3132 mutuo
2837 3079 3231 3149 colloquentes.
3276 3098 3387 3152 pra:
3422 3084 3578 3138 voluo

2001 3170 2147 3232 ptate
2179 3177 2242 3216 ac
2276 3163 2460 3219 laetitia
2496 3181 2564 3221 ex
2607 3167 2676 3222 iis
2709 3185 2831 3238 qua
2861 3171 3181 3226 dicebantur
3209 3186 3349 3239 orta,
3386 3176 3574 3247 vigiles

1998 3254 2459 3322 pernoctavimus.
2491 3255 2610 3311 Jam
2635 3274 2766 3314 vero
2806 3261 2898 3315 ubi
2931 3263 3216 3317 sublucere
3245 3265 3433 3333 cmpit,
3475 3264 3574 3321 Pe-

1998 3354 2115 3402 trus
2159 3362 2248 3401 me
2286 3355 2340 3402 et
2386 3345 2582 3405 fratres
2615 3349 2855 3417 intuens,
2892 3352 2968 3407 ait
3008 3371 3022 3406 :
3069 3351 3261 3408 Nescio
3308 3355 3572 3424 quidnam

1997 3437 2137 3508 patri
2167 3447 2347 3493 vestro
2385 3439 2692 3510 contigerit.
2745 3440 2996 3513 Dumque
3031 3445 3148 3498 haec
3188 3445 3412 3511 diceret,
3445 3462 3573 3503 ecce

1995 3540 2148 3601 pater
2175 3532 2412 3601 advenit,
2439 3532 2658 3589 Petrum
2690 3535 2846 3591 nobis
2877 3536 2942 3590 de
2975 3537 3094 3606 ipsa
3119 3536 3232 3606 jam
3258 3537 3570 3608 loquentem

1995 3633 2190 3680 nactus
2215 3641 2410 3697 :quem
2436 3642 2559 3681 cum
2588 3627 2794 3682 videret
2814 3629 3036 3682 anxium
3071 3639 3234 3699 atque
3258 3631 3569 3700 salutasset,

1994 3715 2258 3772 rationem
2287 3725 2339 3771 et
2369 3732 2593 3772 causam
2619 3717 2851 3773 reddidit
2878 3733 2977 3773 cur
2998 3729 3369 3788 pernoctassct
3398 3720 3566 3779 foras.

1992 3804 2103 3864 Nos
2133 3819 2311 3864 autem
2340 3809 2691 3880 respicientes
2725 3825 2873 3877 eum,
2917 3811 3318 3881 obstupuimus,
3355 3813 3446 3882 qui
3478 3812 3569 3868 Si-

1993 3899 2172 3955 monis
2213 3901 2446 3970 speciem
2483 3901 2816 3965 videremus,
2847 3911 2902 3956 at
2938 3917 3128 3958 vocem
3179 3905 3347 3972 patris
3395 3906 3567 3960 nostri

1991 3992 2177 4048 Fausti
2219 3993 2554 4050 audiremus.
2584 3993 2835 4064 Cumque
2882 3993 3196 4065 fugeremus
3231 4013 3377 4062 eum,
3414 4011 3568 4068 pater

1990 4085 2176 4141 animo
2204 4085 2488 4156 perculsus
2507 4095 2608 4140 est.
2641 4085 2910 4141 Caeterum
2935 4086 3150 4153 Petrus,
3172 4089 3265 4158 qni
3296 4106 3438 4145 unus
3469 4107 3567 4146 na-

1992 4177 2219 4231 turalem
2254 4177 2374 4246 ejus
2404 4175 2634 4230 formam
2665 4177 2944 4243 cernebat,
2976 4177 3052 4233 ait
3102 4179 3170 4232 ad
3211 4195 3349 4234 nos:
3384 4179 3567 4246 Quare

1989 4281 2194 4340 patrem
2227 4280 2466 4324 vestrum
2509 4269 2766 4339 repellitis
2794 4278 2846 4324 et
2883 4271 3247 4326 aversamini‘!
3279 4271 3389 4329 Nos
3433 4291 3564 4329 vero

1987 4371 2041 4417 et
2072 4372 2240 4415 mater
2265 4361 2332 4414 ad
2362 4377 2486 4415 cum
2513 4378 2527 4415 :
2559 4358 2827 4426 Quoniam
2857 4361 2946 4416 ille
2998 4362 3157 4418 nobis
3196 4363 3409 4418 videtur
3443 4381 3564 4420 esse

1919 4467 1961 4522 υ
1992 4451 2203 4514 Simon.
2235 4467 2421 4506 vocem
2462 4451 2668 4507 habens
2701 4452 2872 4523 patris
2915 4454 3108 4508 nostri.
3147 4452 3284 4507 Tum
3326 4453 3559 4519 Petrus;

1986 4542 2362 4613 Nequaquam,
2407 4542 2584 4612 inquit
2617 4561 2630 4596 :
2665 4543 2820 4597 vobis
2851 4543 3072 4616 quidem
3109 4560 3212 4602 vox
3245 4545 3410 4608 illius,
3435 4560 3560 4614 qua)

1988 4634 2179 4704 magiae
2205 4634 2313 4688 vim
2342 4650 2450 4689 non
2482 4634 2677 4700 sensit,
2714 4643 2840 4688 nota
2883 4644 2967 4690 est
3003 4635 3153 4702 sola;
3203 4636 3338 4695 meis
3375 4648 3559 4694 autem

1986 4743 2093 4782 non
2125 4727 2406 4783 fascinatis
2443 4727 2619 4782 oculis
2661 4729 2823 4782 etiam
2857 4726 3077 4799 efﬁgies,
3116 4729 3330 4799 qualem
3376 4729 3561 4799 habet,

1987 4820 2367 4887 conspicitur:
2407 4819 2848 4890 quandoquidem
2909 4819 3011 4876 iSte
3051 4837 3160 4876 non
3211 4830 3296 4878 est
3345 4821 3558 4892 Simon,

1987 4912 2082 4966 sed
2111 4910 2366 4976 Faustus,
2392 4927 2517 4966 vere
2546 4920 2698 4982 pater
2725 4921 2921 4966 vester.
2964 4910 3226 4982 Tuncque
3253 4913 3320 4968 ad
3350 4923 3557 4984 patrem

1986 5002 2307 5073 respiciens,
2338 5003 2414 5057 ait
2441 5021 2455 5057 :
2484 5001 2756 5058 Germana
2803 5003 3011 5072 species
3052 5012 3141 5058 tua
3173 5004 3305 5074 ipsis
3330 5021 3437 5059 non
3463 5021 3560 5076 ap.

1985 5103 2159 5164 paret,
2187 5111 2372 5150 verum
2407 5092 2648 5150 Simonis
2689 5094 3000 5167 impiissimi
3053 5111 3119 5154 ac
3162 5096 3321 5157 nobis
3369 5097 3559 5159 iuimi.

1984 5186 2215 5242 cissimi.

2053 5277 2363 5333 CXXXVII.
2395 5277 2472 5334 Ita
2498 5277 2656 5339 Petro
2686 5280 2959 5352 loquente,
2988 5281 3268 5354 ingressus
3305 5291 3392 5340 est
3433 5283 3562 5354 quiv

1586 5439 1824 5495 VARIIE
1865 5440 2264 5497 LECTEONES.

378 5559 425 5590 ’θ
458 5558 529 5612 al.
574 5556 779 5628 μαθών.
834 5557 899 5630 ᾃῖί
935 5555 1019 5630 αι.
1058 5555 1134 5618 ὡς
1163 5555 1425 5630 καὶᾼτοὺς
1471 5555 1585 5630 πρό
1603 5553 1771 5630 Δαὑτοῦ
1830 5555 2057 5630 μάγοιίς.
2099 5612 2106 5622 ,
2143 5555 2293 5630 7’__al.
2321 5554 2590 5630 σκευάσω.

312 5647 408 5691 σας
435 5623 742 5730 πρόσωπον.
832 5627 878 5660 ⁷⁵
900 5626 972 5681 al.
1011 5625 1412 5730 προσφυγόντες
1438 5623 1529 5698 τῷ
1542 5626 1731 5697 Πέτρῳ
1757 5623 2093 5695 συνεργοῦσι.
2187 5625 2231 5656 ⁷⁸
2259 5626 2411 5681 deest
2441 5627 2494 5680 in
2525 5629 2595 5678 al.

501 5701 520 5730 τ
552 5700 596 5730 ..ι
661 5697 798 5730 ἕλκε.
895 5697 939 5728 τι
980 5697 1026 5730 ..ι
1082 5696 1162 5730 ml.
1235 5697 1320 5730 2...».
1373 5697 1433 5730 ρ».
1469 5696 1640 5730 ..ει-..ν
1669 5695 1890 5730 ἆφνιυοτν·
1921 5696 2009 5730 wn
2048 5692 2331 5730 “omnem.
2360 5695 2507 5730 ...ομ-,τι
2533 5715 2595 5730 ηρ

309 5717 387 5757 νυι

2674 5557 2744 5640 ,1³
2775 5555 2848 5640 ιι·
2874 5551 3158 5640 seeae
3191 5552 3253 5608 τδ
3279 5553 3408 5640 ἴδιον
3433 5555 3556 5640 χρέο

2679 5626 2720 5706 ξδ
2761 5627 2832 5680 al.
2876 5624 3192 5696 ἐπαλλήλως
3220 5624 3556 5706 πυνθανόμμ

549 5700 618 5755 al.
659 5697 823 5766 ἔδοξε.
895 5697 939 5728 ⁷⁸
977 5692 1202 5756 ειιίειίύ.
1235 5692 1325 5753 ἐπὶ
1373 5697 1434 5750 τὸ
1469 5692 1894 5773 οὓτως-’ἀπηνῶς
1921 5696 2013 5752 καὶ
2047 5692 2331 5772 ἐχθρωδῶς
2360 5695 2507 5770 αὐτῷ
2533 5696 2742 5772 χρῆσθα
2776 5737 2792 5756 .
