4066 6140
486 292 585 349 5M

1329 286 1390 343 S.
1423 254 1745 343 CLEAIENT
1750 283 1862 341 I31
1897 279 2063 338 ROM.
2104 281 2301 337 PONT.
2333 279 2563 335 OI’ERA
2597 278 2823 336 DUBIA.

3630 261 3732 318 δ’ἴά

484 411 613 465 dam
642 408 791 464 exiis
805 408 894 477 qui
914 416 1318 478 praecesserant,
1333 406 1617 461 Antiochia
1635 406 1877 472 veniens,
1890 404 2055 460 dixit-

2172 420 2241 467 τις
2256 403 2363 456 τῶν
2390 402 2631 474 προόδων
2645 400 2751 455 ἀπὸ
2769 399 2867 469 τῆς
2882 383 3207 464 Ἀντιοχείας
3224 382 3514 460 ἐληλυθὼς,
3529 382 3728 452 λέγων’

486 516 636 570 que:
672 498 796 554 Haec
828 500 969 555 scire
1013 509 1063 553 te
1104 500 1250 565 volo,
1293 498 1514 553 domine
1542 498 1614 552 mi
1653 497 1825 552 Petre.
1868 495 2057 551 Simon

2172 497 2366 551 Εἱδέναι
2390 514 2447 550 σε
2483 496 2639 561 Θέλω,
2671 495 2826 566 κύριέ
2857 509 2959 563 μου
3014 491 3206 560 Πέτρε,
3248 487 3331 539 ὅτι
3352 483 3534 553 Σίμων
3561 482 3619 533 ἐν
3665 480 3730 550 τῇ

488 607 616 646 cum
649 600 793 645 esset
823 588 1145 654 Antiochiae,
1186 589 1400 658 publice
1429 589 1598 643 multa
1636 596 1949 658 portentosa
1979 584 2062 639 I'a-

489 682 823 746 ciens,niliil
847 681 993 751 aliud
1021 696 1241 750 operam
1277 681 1462 745 dabat,
1503 695 1668 751 quam
1712 688 1772 732 ut
1814 687 1867 731 te
1911 677 2064 731 odio—

488 790 613 828 sum
647 772 753 828 illis
781 746 1049 837 redderet,
1071 787 1232 842 quem
1264 787 1481 842 magum
1507 770 1827 825 nominabat
1849 777 1901 823 et
1926 783 2065 838 pra:-

490 861 852 930 stigiatorem,
884 870 934 915 et
973 862 1119 915 caule
1150 861 1321 915 multa
1352 860 1614 930 pollutum
1640 878 1654 913 :
1680 866 1897 929 propter
1920 857 2064 928 quod

490 952 631 1005 adeo
658 950 782 1005 illos
812 951 1075 1006 adversus
1109 960 1159 1005 te
1192 951 1444 1015 irritavit,
1480 959 1537 1003 ut
1569 964 1759 1004 omnes
1786 934 1934 1017 illius
1963 949 2065 1003 loci

491 1052 692 1096 avcant
718 1042 865 1111 ipsas
898 1058 1092 1098 carnes
1138 1052 1257 1098 tuas
1289 1042 1463 1096 ferino
1495 1057 1647 1096 more
1680 1041 1966 1112 deglutire.
1999 1040 2069 1095 At

499 1149 625 1200 nos,
653 1134 882 1189 multum
930 1147 1122 1189 contra
1175 1144 1228 1190 te
1272 1133 1505 1189 fremere
1543 1134 1815 1190 civitatem
1862 1132 2066 1199 intuiti,

495 1227 749 1282 venimus
776 1236 836 1282 ut
869 1227 1249 1281 nuntiaremus
1284 1226 1403 1281 tibi.
1436 1224 1540 1280 Sed
1575 1235 1629 1280 et
1656 1224 2069 1296 quidam'homo

499 1319 682 1388 regius
720 1332 750 1372 a
780 1318 995 1373 Caesare
1032 1319 1308 1388 quau-andi
1362 1316 1604 1372 Simonis
1645 1316 1817 1388 gratia
1843 1316 1909 1370 ad
1946 1331 2071 1385 pro-

498 1408 695 1462 vincia:
723 1408 1003 1478 praasidem
1051 1409 1276 1475 missus,
1330 1407 1559 1462 audiens
1604 1406 1754 1461 illum
1799 1408 1922 1477 fuga
1970 1404 2069 1460 Ju-

496 1499 673 1554 daeam
706 1499 981 1569 petivisse,
1026 1501 1142 1570 ipse
1186 1514 1405 1569 quoque
1454 1499 1522 1553 ad
1564 1514 1688 1553 cum
1718 1497 2070 1568 quaerendum

499 1588 659 1655 abiit,
685 1598 745 1643 ut
766 1605 830 1645 ex
857 1589 1087 1644 Ca:saris
1128 1597 1396 1659 praecepto
1422 1603 1610 1657 prunas
1638 1589 1705 1643 de
1729 1603 1796 1643 eo
1832 1588 2030 1657 capiat.

2172 589 2467 659 Ἀντιοχείᾳ
2514 588 2602 640 ὅτε
2653 586 2898 658 ὑπῆρχε,
2954 578 3187 652 δημοσίᾳ
3248 573 3420 628 πολλὰ
3476 570 3733 659 τεράστια

2167 656 2379 741 ποιῶν
2411 656 2561 729 οῦδὲν
2612 675 2738 729 ἄλλο
2773 656 3112 733 σπουδάζων
3163 662 3265 738 ἦν,
3329 664 3363 734 ἢ
3393 663 3452 715 σὲ
3510 656 3734 731 μισητὸν

2160 770 2342 831 αὑτοῖς
2383 766 2740 838 καταστῆσαι,
2770 764 2939 836 μάγον
2979 776 3038 813 τε
3072 755 3372 829 ὀνομάζων,
3418 753 3511 807 καὶ
3543 751 3733 821 γόητα,

2161 861 2257 914 καὶ
2297 858 2603 931 μιαιφόνον
2651 857 2734 927 ἐφ’
2772 849 2816 923 ᾧ
2859 855 2953 908 καὶ
2992 848 3244 904 τοσοῦτον
3286 846 3482 907 αὐτοὺς
3515 841 3737 915 ἠρέθισε

2162 951 2302 1006 κατὰ
2328 950 2444 1015 σοῦ,
2467 950 2543 1014 ὼς
2561 948 2841 1020 γλίχεσθαι
2864 947 2993 1008 τοὺς
3016 946 3129 997 ἐκεῖ
3149 939 3372 1003 πάντας,
3390 936 3496 990 τῶν
3520 931 3737 1006 σαρκῶν

2163 1044 2343 1097 αὑτῶν
2365 1040 2646 1114 θηριωδῶς
2672 1034 3076 1108 ἀπογεύσασθαί
3123 1049 3235 1085 σου.
3276 1030 3466 1100 Ἡμεῖς
3503 1026 3561 1079 δέ
3600 1023 3737 1077 πολὺ

2165 1135 2305 1189 κατὰ
2342 1132 2437 1188 σοῦ
2484 1132 2787 1204 βρύχουσαν
2838 1130 2938 1200 τὴν
2966 1126 3117 1181 πόλιν
3159 1120 3481 1195 ἑωρακότες,
3507 1117 3743 1189 ἦλθομεν

2166 1221 2494 1291 ἀπαγγεῖλαί
2548 1238 2649 1275 σοι.
2691 1219 2850 1273 Ἀλλὰ
2890 1219 2983 1272 καὶ
3027 1218 3132 1272 ὑπὸ
3164 1215 3437 1287 Καίσαρος
3472 1210 3742 1284 πεμφθείς

2165 1331 2251 1378 τις
2280 1312 2553 1385 βασιλικὸς
2574 1311 2712 1383 πρὸς
2736 1312 2827 1365 τὸν
2872 1310 2971 1382 τῆς
3008 1307 3274 1380 ἐπαρχίας
3311 1304 3631 1376 ἡγούμενον,
3661 1303 3742 1366 εἰς

2168 1404 2502 1476 ἀναζήτησιν
2549 1402 2824 1473 Σίμωνος,
2879 1399 3064 1471 μαθὼν
3115 1399 3198 1452 ὅτι
3244 1395 3421 1467 φυγάς
3475 1396 3554 1457 εἰς
3613 1393 3739 1453 ἰουι

2166 1495 2321 1550 δαίαν
2355 1494 2545 1565 ζοχετο,
2601 1493 2694 1546 καὶ
2732 1491 2892 1554 αὑτὸς
2934 1488 3074 1544 κατὰ
3115 1487 3340 1560 ζήτησιν
3373 1485 3540 1540 αὑτοῦ
3567 1483 3743 1554 ἀπῆλ-

2171 1584 2281 1649 θεν,
2312 1584 2398 1637 ἴνα
2436 1581 2579 1636 κατὰ
2610 1581 2710 1653 τὴν
2737 1567 3029 1652 πρόσταξιν
3065 1577 3340 1649 Καίσαρος
3365 1574 3743 1647 τιμωρήσηται

2173 1674 2352 1729 αὐτόν.

575 1761 908 1819 CXXXVIII.
948 1761 1158 1829 Quibus
1193 1762 1430 1830 auditis,
1477 1760 1673 1817 Petrus
1709 1762 1776 1817 ad
1808 1760 2070 1817 Faustum

2241 1762 2572 1821 CXXXVIII.
2612 1762 2796 1816 Ταῦτα
2827 1762 3063 1825 ἀκούσας
3087 1762 3218 1831 φησί
3254 1759 3391 1830 πρὸς
3414 1757 3511 1813 τὸν
3536 1757 3745 1829 πατέρα

501 1865 715 1926 patrem
743 1856 845 1910 ait:
872 1854 991 1926 Ipse
1027 1856 1254 1912 auribus
1281 1856 1391 1911 tuis
1429 1855 1627 1910 audisti
1653 1869 1721 1909 ex
1749 1853 1815 1910 iis
1832 1855 1923 1924 qui
1948 1870 2070 1909 cum

504 1948 917 2018 praecessissent
952 1957 1218 2003 venerunt
1247 1947 1569 2013 Antiochia,
1614 1945 2071 2016 quemadmodum
2110 1975 2114 1980 -

502 2040 698 2095 Simon
734 2038 845 2095 illic
871 2039 1080 2109 positus
1120 2039 1520 2094 multitudinem
1551 2038 1820 2093 adversus
1858 2053 1944 2093 me
1977 2054 2072 2093 ve-

503 2132 789 2187 hementer
814 2130 1135 2197 concitarit;
1168 2131 1410 2200 planum,
1441 2139 1497 2184 et
1515 2128 1663 2185 caede
1688 2129 1974 2200 pollutum,
2007 2129 2073 2184 ad

506 2224 625 2278 haec
654 2237 873 2292 magum
896 2237 961 2278 ac
1002 2220 1474 2293 pnnstigiatorem,
1510 2216 1731 2291 aliaque
1760 2221 2074 2289 hujusmodi

507 2328 852 2385 nnncupans.
901 2312 1071 2387 Igitur
1099 2329 1246 2372 nunc
1296 2311 1463 2371 facito
1511 2312 1731 2381 statim,
1781 2312 1927 2388 quod
1976 2328 2075 2388 ego

503 2407 762 2478 praccipio
803 2407 938 2463 tibi:
972 2416 1049 2473 et,
1099 2408 1287 2464 relicto
1316 2408 1595 2462 Clemente
1638 2408 1779 2478 apud
1819 2422 1935 2473 me,
1961 2408 2075 2476 ipse

504 2496 752 2566 praecede
780 2496 848 2550 ad
884 2497 1279 2551 Antiochenam
1330 2498 1544 2564 urbem,
1575 2512 1681 2551 una
1730 2512 1851 2551 cum
1909 2511 2076 2550 uxore

511 2586 793 2641 Matthidia
818 2626 832 2651 ,
868 2596 1030 2657 atque
1076 2587 1338 2642 Faustino
1374 2598 1427 2642 et
1468 2587 1822 2643 Faustiuiano
1844 2587 2029 2641 liberis
2058 2605 2070 2641 :

507 2686 669 2731 erunt
697 2679 860 2731 etiam
898 2685 1075 2732 tecum
1118 2678 1208 2732 alii
1240 2679 1484 2749 quidam,
1527 2678 1620 2747 qui
1658 2692 1833 2731 meam
1882 2676 2077 2731 volun-

510 2763 673 2820 tatem
701 2777 954 2837 poterunt
994 2769 1259 2838 exsequi:
1293 2783 1418 2823 cum
1457 2768 1542 2823 his
1600 2768 1904 2823 Antiochiae
1939 2784 2074 2823 con-

510 2855 742 2919 sistens,
793 2856 922 2910 dum
985 2856 1220 2912 formam
1278 2858 1518 2913 Simonis
1559 2859 1672 2930 jam
1713 2858 2074 2923 circumfers,

505 2946 687 3015 palam
718 2947 947 3016 przedica
980 2957 1125 3003 tuam
1158 2949 1550 3019 paenitentiam.

581 3122 869 3179 CXXXIX.
908 3123 1013 3180 Ista
1042 3140 1166 3179 cum
1195 3124 1385 3180 Petrus
1418 3125 1674 3188 dixisset,
1703 3123 1940 3181 Faustus
1978 3125 2073 3196 qui

509 3217 713 3271 mentis
740 3216 990 3270 acumine
1007 3216 1238 3285 pollebat
1263 3235 1276 3271 :
1306 3214 1463 3280 Novi,
1526 3216 1722 3286 inquit,
1742 3214 1960 3272 domine
1976 3216 2073 3283 mi,

506 3306 641 3377 quid
679 3308 793 3362 haec
828 3307 933 3362 sibi
956 3308 1125 3361 velint
1145 3308 1306 3362 verba
1332 3325 1346 3374 ;
1372 3322 1543 3378 quare
1577 3322 1646 3361 ne
1682 3307 1908 3361 labora:
1942 3306 2076 3361 mihi

512 3398 659 3453 enim
685 3414 833 3453 cura:
860 3399 992 3464 erit,
1023 3397 1242 3469 quando
1272 3397 1383 3454 illic
1428 3397 1583 3452 fuero
1620 3398 1878 3468 imperata
1915 3397 2077 3467 perli-

506 3506 655 3546 cere.
688 3488 873 3560 Itaque
910 3499 1070 3545 noctu
1108 3505 1232 3545 cum
1258 3490 1353 3555 iis,
1388 3505 1527 3559 quos
1576 3488 1768 3544 Petrus
1802 3490 2075 3559 iusserat,

508 3582 791 3653 digressus
821 3582 889 3637 ab
919 3583 1052 3637 urbe
1093 3590 1264 3652 pater,
1309 3578 1677 3643 Antiochiam,
1720 3581 2075 3650 propinquam

509 3674 811 3738 civitatem,
842 3675 1008 3729 venit.
1040 3672 1312 3744 Stansque
1341 3673 1394 3728 in
1440 3674 1618 3728 medio
1657 3671 1797 3736 foro,
1830 3671 1971 3726 dixit
2008 3671 2073 3726 ad

509 3763 913 3817 multitudinem
942 3782 956 3820 ε
997 3763 1108 3835 Ego
1130 3764 1342 3830 Simon,
1376 3778 1476 3836 ego
1506 3766 1619 3820 lucc
1647 3766 1800 3820 vobis
1829 3780 2076 3834 pronun-

511 3856 592 3906 tio
618 3893 634 3917 ,
678 3862 732 3906 ct
777 3852 950 3907 fateor
981 3870 1068 3908 me
1102 3854 1286 3924 inique
1320 3856 1603 3909 mentitum
1645 3871 1764 3910 esse
1817 3855 2078 3912 adversus

515 3946 759 4000 Petrum.
802 3943 919 3998 Non
951 3954 1035 4000 est
1064 3945 1352 4016 imposlor,
1377 3962 1482 4001 non
1520 3947 1927 4018 sanguinarius,
1967 3963 2076 4003 non

512 4034 895 4104 praestigiator.
923 4049 1097 4103 neque
1120 4035 1295 4089 amnis
1320 4033 1416 4088 ulli
1448 4050 1636 4089 eorum
1669 4036 1934 4091 scelerum
1958 4051 2079 4105 qua:

508 4126 811 4196 aliquando
835 4126 902 4179 de
935 4140 1000 4180 eo
1030 4126 1336 4195 praulicavi.
1373 4125 1642 4197 Deprecor
1676 4144 1772 4182 vos
1811 4143 1912 4199 ego
1940 4129 2075 4198 ipse,

514 4218 608 4286 qui
645 4232 809 4270 causa
856 4217 967 4271 odii
1016 4232 1144 4286 erga
1198 4217 1349 4271 illum
1381 4218 1548 4271 vestri
1597 4218 1801 4285 exstiti,
1847 4220 2079 4275 desinite

510 4309 642 4365 odio
696 4309 844 4363 illum
897 4309 1172 4379 prosequi.
1228 4308 1361 4364 Nam
1413 4308 1508 4363 Dei
1555 4308 1675 4363 Filii
1718 4310 1812 4381 qui
1861 4324 2078 4380 propter

2170 1854 2410 1909 Φαῦστον
2438 1856 2467 1907 ό
2491 1851 2725 1923 Πέτρος’
2750 1849 2921 1913 Αὑτδς
2946 1848 3096 1910 ἰδίοις
3117 1847 3164 1879 ⁷⁸
3193 1846 3328 1900 ὠσὶν
3357 1845 3600 1915 ἀκήκοας
3635 1843 3744 1896 τῶν

2174 1945 2413 2019 προόδων
2465 1944 2575 1998 ἀπὸ
2609 1941 2937 2013 ’Δντιοχείας
2978 1936 3397 2009 εἰσεληλυθότων
3415 1936 3482 2002 ⁸ο,
3516 1935 3592 1999 ῶς
3631 1936 3746 1989 ἐκεί

2172 2037 2413 2108 γεγονὼς
2460 2037 2490 2089 ό
2527 2035 2736 2106 Σίμων,
2768 2032 3000 2104 ἰσχυρῶς
3051 2031 3177 2093 τοὺς
3217 2029 3407 2100 ὄχλους
3462 2026 3744 2100 παρώξυνε

2173 2130 2292 2184 κατ’
2316 2126 2472 2200 ἐμοῦ,
2501 2126 2703 2180 πλάνον
2723 2142 2783 2178 τε
2809 2124 2904 2178 καὶ
2938 2122 3238 2195 μιαιφόνον,
3269 2119 3406 2192 πρὸς
3429 2119 3484 2172 δὲ
3517 2120 3611 2173 καὶ
3639 2118 3744 2190 μά-

2172 2237 2267 2290 γον
2296 2219 2391 2273 καὶ
2422 2218 2624 2290 γόητα,
2649 2217 2744 2272 καὶ
2778 2214 2848 2269 τὰ
2891 2211 3117 2268 τοιαῦτα
3140 2211 3340 2267 καλῶν.
3375 2209 3488 2264 Νῦν
3528 2206 3622 2263 οὖν
3661 2210 3750 2276 ἐξ·-

2173 2314 2340 2389 αττῆς
2380 2312 2604 2390 ποίησον
2632 2311 2661 2369 ὃ
2688 2308 2799 2384 ἐγώ
2829 2305 3277 2382 σοιέντέλλομαι·
3313 2301 3749 2363 καὶκαταλιπων

2174 2407 2291 2479 Κλή
2301 2392 2468 2479 μεντα
2494 2406 2623 2479 παρ’
2646 2405 2788 2477 ἐμοὶ,
2812 2401 3096 2476 προλαϐὼν
3114 2402 3278 2465 αὑτὸς
3308 2403 3387 2463 εἰς
3410 2402 3506 2472 τὴν
3540 2395 3747 2452 ’Ἀντίου

2172 2498 2310 2569 χέων
2358 2497 2500 2551 κατὰ
2514 2499 2558 2531 ⁶¹
2602 2499 2703 2568 τῆς
2747 2495 3003 2565 γυναικὸς
3034 2492 3361 2556 Ματθιδίας,
3398 2491 3478 2544 ἔτι
3518 2491 3573 2543 δέ
3603 2491 3749 2542 thau-

2175 2589 2351 2641 στίνου
2378 2589 2474 2642 καῖ
2499 2583 2884 2641 Φαυστινιανοῦ
2914 2584 3022 2637 τῶν
3052 2582 3216 2637 υίῶνο
3246 2583 3551 2636 συνέσονται
3581 2581 3636 2634 δέ
3664 2597 3748 2634 σοι

2174 2680 2268 2733 καὶ
2289 2678 2437 2733 ἄλλοι
2473 2679 2639 2742 τινὲς,
2661 2678 2718 2730 οἴ
2745 2694 2887 2741 τινες
2933 2675 3151 2730 δυνατοί⁸
3176 2674 3386 2727 ἔσονται
3412 2672 3747 2743 ὑπουργῆσαί

2177 2787 2277 2840 μου
2304 2770 2350 2802 ⁸³
2388 2769 2466 2840 τῷ
2515 2768 2846 2840 βουλήματιο
2896 2766 3033 2838 μετὰ
3083 2764 3286 2820 τούτων
3326 2766 3382 2817 ἐν
3433 2767 3500 2836 τῇ
3550 2764 3723 2817 Ἀντιο

2172 2861 2296 2934 χείᾳ
2318 2860 2364 2892 ⁸⁸
2411 2859 2726 2930 γενόμενος,
2772 2860 2829 2911 ἐν
2857 2859 2968 2927 ὅσῳ
3015 2856 3111 2928 τὴν
3148 2855 3358 2928 μορφὴν
3403 2854 3481 2909 ἔτι
3509 2854 3750 2925 Σίμωνος

2172 2953 2529 3024 περιφέρεις,
2580 2950 2814 3022 δημοσίᾳ
2856 2946 3092 3022 κήρυξον
3130 2949 3231 3019 τὴν
3296 2944 3521 3001 σεαυτοῦ
3582 2945 3746 3018 μετά-

2179 3061 2350 3099 νοιαν.
3294 3098 3299 3104 .

2250 3132 2539 3190 CXXXIX.
2572 3132 2757 3186 Ταῦτα
2785 3131 2880 3186 τοῦ
2901 3131 3108 3203 Πέτρου
3130 3130 3394 3194 εἰπόντος,
3417 3129 3543 3197 ὀξὺς
3567 3128 3642 3181 ῶν
3671 3129 3748 3192 εἰς

2174 3225 2235 3279 τὸ
2263 3226 2455 3298 νοῆσαι
2482 3224 2742 3289 Φαῦστος·
2769 3220 2921 3289 Οἶδα,
2951 3223 3078 3293 ἔφη,
3104 3212 3260 3294 κύριέ
3290 3222 3481 3294 μου,τί
3504 3219 3748 3292 βούλεται

2171 3317 2245 3371 τὰ
2278 3319 2498 3389 ῥήματα
2533 3315 2722 3369 ταῦτα.
2771 3314 2861 3368 Διὸ
2905 3314 2981 3386 μὴ
3013 3315 3216 3384 κάμνε·
3266 3313 3486 3384 μελήσει
3516 3311 3625 3382 γάρ
3661 3327 3748 3382 μοι

2174 3410 2356 3462 ἐκεῖσε
2378 3406 2657 3478 γενομένῳ
2672 3405 2720 3439 ⁸⁵
2738 3405 3041 3461 διατελέσαι
3060 3405 3121 3458 τὸ
3141 3404 3623 3476 προσταττόμενον.
3641 3404 3748 3458 Καὶ

2173 3498 2239 3571 δὴ
2264 3498 2330 3552 τὰ
2356 3498 2402 3530 ⁸⁸
2437 3498 2542 3551 ὑπὸ
2569 3496 2739 3550 νύκτα
2764 3498 2795 3550 ὁ
2820 3496 3002 3568 πατὴρ
3027 3494 3145 3567 μεθ’
3172 3489 3247 3548 ὧν
3273 3494 3521 3549 ἐκέλευσε
3549 3494 3749 3566 Πέτρος

2174 3590 2274 3661 τῆς
2306 3588 2516 3650 πόλεως
2543 3587 2873 3659 ἐξορμήσας,
2904 3586 2998 3640 ἐπὶ
3029 3584 3129 3657 τὴν
3157 3585 3384 3657 πλησίον
3425 3584 3747 3655 Ἀντιοχείαν

2174 3675 2329 3751 ἦλθε.
2358 3678 2469 3731 Καὶ
2505 3677 2635 3740 στὰς
2675 3679 2735 3730 ἐν
2760 3677 2909 3748 μέσῳ
2927 3676 3027 3747 τῆς
3054 3677 3287 3747 ἀγορᾶς,
3314 3676 3502 3748 εἴρηκε
3531 3674 3665 3747 πρὸς
3689 3673 3749 3727 τὸ

2175 3757 2413 3842 πλῆθος·
2449 3768 2593 3837 Ἐγὼ
2618 3768 2818 3839 Σίμων,
2848 3766 2958 3837 ἐγὼ
2989 3768 3161 3822 ταῦτα
3189 3768 3316 3839 ὑμῖν
3343 3766 3632 3840 κηρύσσω,
3656 3764 3748 3820 καὶ

2174 3861 2425 3933 ὁμολογῶ
2472 3859 2672 3924 ἀδίκως
2724 3859 3167 3931 καταψεύσασθαι
3215 3860 3443 3931 Πέτρου.
3488 3860 3602 3913 UO):
3633 3859 3748 3913 ἔστι

2178 3953 2402 4018 πλάνος,
2430 3955 2493 4008 οὐ
2529 3952 2829 4025 μιαιφόνος,
2861 3951 2922 4004 οὐ
2950 3951 3102 4022 γόης,
3130 3951 3249 4005 οὑδὲ
3275 3952 3377 4004 ὅσα
3416 3952 3546 4006 ποτέ
3573 3948 3748 4019 φαῦλα

2177 4046 2310 4117 περὶ
2354 4044 2518 4099 αὑτοῦ
2556 4044 2758 4113 ἔλεγον.
2793 4043 2993 4114 Δέομαι
3032 4041 3184 4112 ὑμῶν
3226 4040 3335 4110 ἐγὼ
3367 4041 3548 4104 αὐτὸς,
3593 4042 3622 4093 ό
3654 4038 3746 4093 τοῦ

2178 4137 2319 4208 πρὸς
2344 4137 2489 4208 ὑμᾶς
2519 4135 2710 4207 μίσους
2748 4133 2917 4197 αἴτιος
2941 4131 3089 4203 αὑτῷ
3116 4130 3370 4202 γεγονὼς,
3404 4131 3682 4187 παύσασθε
3702 4132 3746 4164 ⁸⁸

2182 4228 2470 4299 μιεηῦντες
2513 4227 2693 4281 αὑτόν.
2741 4224 2849 4278 Τοῦ
2887 4224 2996 4295 γὰρ
3024 4223 3181 4295 ’πρὸς
3233 4222 3502 4294 σωτηρίαν
3547 4224 3745 4294 κόσμου

2179 4316 2536 4387 ἐπιφανέντος
2557 4313 2685 4369 Υίοῦ
2708 4313 2799 4368 τοῦ
2828 4313 2963 4367 Θεοῦ
3007 4312 3242 4384 ἀψευδής
3265 4314 3410 4367 ἐστιν
3437 4308 3589 4376 οὗτος
3616 4312 3749 4366 ἀπό-

517 4400 703 4455 mundi
730 4400 958 4454 salutem
988 4400 1156 4461 venit.
1184 4400 1285 4455 iste
1304 4409 1387 4455 est
1415 4416 1576 4456 verus
1599 4403 1899 4472 apostolus.
1925 4404 2072 4471 Quo-

2181 4407 2387 4472 στολος.
2406 4407 2495 4460 Διὸ
2513 4406 2608 4459 καὶ
2636 4404 2797 4467 αὑτὸς
2816 4402 2928 4473 ἐγὼ
2951 4402 3014 4457 σύ
3022 4403 3248 4474 μϐουλος
3269 4403 3299 4456 ὑ
3307 4405 3399 4473 μίν
3429 4403 3497 4455 τά
3524 4420 3586 4471 γε
3615 4403 3748 4473 πρὸς

514 4495 660 4550 circa
710 4503 762 4548 et
809 4492 925 4562 ipse
959 4508 1061 4561 ego
1091 4492 1244 4546 vobis
1274 4492 1623 4547 consiliarius
1654 4493 1706 4547 in
1748 4511 1805 4550 rc
1850 4512 1970 4565 qua:
2007 4498 2072 4552 ad

2185 4498 2454 4570 σωτηρίαν
2496 4496 2595 4568 τὴν
2642 4495 2912 4566 ὑμετέραν
2962 4493 3313 4564 καθίσταμαι.
3342 4493 3451 4547 Καὶ
3501 4492 3748 4564 παραινῶ

508 4585 745 4641 salutem
795 4591 1030 4636 vestram
1070 4582 1306 4651 pertinet
1335 4581 1558 4647 cllicior,
1594 4599 1896 4655 moneoque
1940 4597 1996 4641 ut
2026 4586 2072 4641 ei

2184 4588 2468 4643 πείθεσθαι
2491 4587 2686 4658 τούτῳ,
2716 4587 2810 4640 καὶ
2840 4585 3112 4643 πιστεύειν
3135 4586 3212 4656 τῷ
3243 4586 3335 4639 ὑπ’
3354 4584 3516 4638 αὑτοῦ
3545 4602 3747 4657 κηρυσ-

513 4676 673 4730 Iidem
713 4673 985 4737 habeatis,
1022 4671 1237 4742 Dcoque
1279 4688 1437 4743 quem
1476 4674 1769 4729 annuntiat
1800 4678 2072 4733 credatis:

2185 4681 2398 4752 σομένῳ
2434 4678 2587 4749 Θεῷ·
2620 4678 2742 4731 ἐπεὶ
2776 4679 2925 4731 πᾶσα
2956 4676 3110 4747 ὑμῶν
3147 4677 3358 4748 ἡπόλις
3400 4676 3568 4747 ἄρδην
3610 4677 3746 4730 ἀπο-

514 4765 720 4836 alioqui
756 4774 864 4820 tota
898 4775 1074 4819 vestra
1114 4763 1311 4819 civitas
1360 4764 1604 4820 funditus
1638 4767 1862 4835 peribit,
1889 4785 1950 4824 ac
1980 4787 2072 4825 vos

2182 4770 2372 4832 λεῖται,
2403 4768 2499 4823 καὶ
2549 4769 2706 4840 ὑμεῖς
2736 4770 2833 4821 σὺν
2880 4768 3037 4838 αὐτῇ.
3065 4767 3226 4820 ’Ότου
3257 4766 3312 4820 δέ
3358 4766 3518 4838 χάριν
3554 4767 3744 4840 εἴρηκα

510 4874 638 4914 cum
680 4857 794 4912 illa.
827 4856 1000 4926 Cujus
1031 4863 1213 4909 autem
1245 4855 1416 4925 gratia
1462 4855 1576 4910 haec
1617 4857 1871 4923 dixerim,
1910 4860 2072 4913 etiam

2181 4860 2374 4923 ταῦτα,
2413 4860 2506 4914 καὶ
2542 4858 2701 4913 τοῦτο
2719 4861 2863 4930 ὑμᾶς
2890 4858 3085 4912 εἰδέναι
3116 4858 3396 4929 βούλομαι.
3422 4859 3607 4930 Ταύτῃ
3640 4859 3745 4931 γάρ

512 4953 565 5006 id
598 4966 694 5006 vos
737 4951 878 5005 scire
904 4947 1049 5002 volo.
1094 4945 1207 5001 IIoc
1254 4946 1400 5000 enim
1452 4954 1608 5001 nocte
1653 4947 1829 5018 angeli
1863 4947 1960 5001 Dei
1995 4964 2072 5001 me

2178 4954 2246 5023 τῇ
2291 4953 2447 5004 νυκτί
2494 4950 2712 5020 ἄγγελοί
2755 4966 2819 5022 με
2842 4950 2886 4981 ⁸⁷
2914 4948 3048 5001 Θεοῦ
3079 4949 3171 5003 τὸν
3198 4949 3366 5020 ἀσεϐῆ
3386 4990 3400 5015 ,
3437 4948 3514 5012 ὡς
3555 4948 3745 5020 ἐχθρὸν

511 5044 740 5114 impium
772 5043 1010 5112 graviter
1039 5038 1380 5110 ﬂagellarth
1400 5040 1544 5107 quod
1572 5039 1815 5093 veritatis
1843 5039 2072 5109 praeconi

2179 5046 2307 5099 ὅντα
2348 5045 2426 5115 τῷ
2452 5047 2552 5117 τῆς
2600 5045 2854 5116 ἀληθείας
2908 5044 3135 5114 κήρυκι,
3169 5041 3355 5106 δεινῶς
3396 5043 3742 5113 ἐμαστίγουν.

510 5153 691 5193 essem
722 5134 996 5190 inimicus.
1032 5131 1229 5186 Hortor
1254 5131 1458 5201 itaque,
1490 5146 1556 5184 ue
1584 5132 1796 5186 etiamsi
1826 5131 1944 5200 ipse
1972 5132 2072 5185 alio

2184 5135 2494 5208 Παρακαλῶ
2520 5131 2612 5190 οὑν
2637 5136 2755 5207 μηδ’
2780 5136 2844 5189 ἂν
2875 5134 3034 5198 αὑτὸς
3059 5132 3169 5202 ἐγὼ
3199 5132 3384 5187 ἄλλοτε
3412 5131 3582 5185 ἐλθὼν
3606 5132 3742 5188 κατὰ

512 5240 756 5299 tempore
788 5227 1012 5282 veniens
1063 5234 1342 5279 tentavero
1384 5234 1570 5278 contra
1618 5222 1838 5277 Petrum
1891 5222 2077 5294 loqui,

514 5320 792 5390 recipiatis
825 5334 911 5373 me
956 5332 1020 5372 ac
1062 5314 1316 5370 audiatis.
1352 5311 1519 5369 Vobis
1548 5314 1747 5383 quippe
1775 5316 2075 5382 conliteor,

2184 5224 2387 5295 Πέτρου
2430 5224 2689 5297 ἐπιχειρῶ
2727 5224 2930 5292 λέγειν,
2971 5221 3302 5293 ἁποδέξησθέ
3336 5239 3421 5293 με.
3469 5221 3743 5292 Ἐξομολο-

2181 5315 2386 5386 γοῦμαι
2422 5316 2529 5388 γὰρ
2563 5317 2722 5386 ὑμῖν,
2746 5314 2821 5378 ὡς
2858 5312 2967 5383 ἐγὼ
3010 5312 3208 5385 μάγος,
3251 5311 3361 5382 ἐγὼ
3389 5311 3609 5376 πλάνος,
3635 5312 3742 5382 ἐγὼ

1775 5490 1819 5546 ν
1835 5489 2014 5545 ᾹΒΙΑΞ
2040 5490 2440 5549 LECTIONES.

583 5611 635 5643 τ’
676 5611 746 5664 al.
773 5603 1008 5665 οἰκείοις·
1035 5610 1081 5641 ⁸⁸
1116 5608 1187 5663 al.
1219 5607 1571 5679 ἐληλυθότων.
1626 5609 1697 5662 al.
1746 5608 2199 5679 συν;ληλυθότων.
2272 5612 2314 5643 ⁸⁸
2355 5613 2458 5677 leg.

544 5679 865 5750 Δντιοχέων.
938 5680 984 5712 ⁸⁸
1019 5679 1093 5734 al.
1134 5677 1441 5749 γενόμενον.
1520 5679 1564 5711 ⁸⁸
1585 5680 1658 5735 al.
1698 5678 1854 5751 δῆτα.

2505 5612 2749 5688 μετάιιαι.
2780 5612 2945 5688 inscr.
2994 5614 3107 5675 καί.
3208 5617 3253 5647 ⁸³
3291 5616 3360 5682 al.
3406 5634 3498 5688 μοι
3595 5615 3737 5674 "ai.

1932 5682 1977 5711 “
2006 5680 2329 5736 παύσασθαι
2413 5684 2455 5714 ⁸⁷
2488 5680 2637 5739 deest
2665 5684 2718 5736 iu
2751 5683 2824 5740 al.
