4032 6146
415 291 500 346 Πδ

1215 282 1672 338 (ΖΙᾹΞΜΕΝΤΙΝΑ.
1705 314 1774 324 -—-
1798 271 2108 339 ΕΡΙἸὉΜΕ
2145 275 2236 336 DE
2274 281 2515 338 GESTIS
2551 283 2609 339 S.
2652 279 2879 336 PETllI.

3542 281 3648 337 δτι

390 411 547 482 γόης·
574 408 712 464 ἀλλά
737 406 1000 479 μετανοεῖ),
1023 403 1196 472 ἔξεστι
1229 405 1338 475 γὰρ
1358 404 1487 467 ἴσως
1519 405 1772 476 μετανοίᾳ
1795 422 1882 476 μοι
1911 403 1980 457 τά

2082 419 2182 475 ego
2221 423 2340 461 sum
2375 424 2601 479 magus,
2639 422 2740 477 ego
2776 405 3074 473 impostor,
3104 417 3206 471 ego
3243 399 3639 471 praestigiator;

391 501 587 564 κακῶς
613 498 978 570 πεπραγμένα
996 496 1065 529 ⁸⁷⁸
1091 514 1180 567 μοι
1212 495 1656 567 συγχωρηθῆναι.

465 678 626 734 CXL.
653 677 837 732 Ταῦτα
868 675 1036 729 είπὼν
1058 677 1087 728 0
1113 674 1295 746 πατὴρ
1318 674 1550 745 δημοσιᾳ
1571 675 1603 744 ἢ
1628 675 1701 737 ὼς
1723 676 1786 727 ἐκ
1812 692 1976 745 προσ-

389 770 548 824 ὡπου
569 769 661 822 τοῦ
681 769 943 840 Σίμωνος,
980 767 1075 820 καὶ
1107 767 1312 838 Πέτρον
1336 765 1654 835 εὐλογήσας,
1677 764 1773 836 τὴν
1799 767 1975 818 πᾶσαν

405 861 724 931 Ἀντιοχέων
748 859 901 913 πόλιν
921 860 1002 922 είς
1028 858 1120 910 τὸν
1147 857 1357 910 ἐκείνου
1383 855 1546 909 πόθον
1571 856 1857 926 μετέθηκε,
1885 856 1978 908 καί

393 947 596 1010 πάντες
633 945 922 1016 ἐπιθυμεῖν
965 944 1130 999 αὐτοῦ
1159 944 1346 1007 δεινῶς
1375 943 1589 1012 ἔλεγονο
1621 943 1751 996 ένιοι
1783 944 1838 998 δέ
1884 947 1977 998 καὶ

390 1037 808 1106 χαλεπαίνοντες
827 1036 977 1108 αὐτῷ
1001 1032 1141 1108 ἦσαν
1165 1035 1345 1106 δῆθεν,
1369 1029 1457 1088 οἶά
1492 1052 1596 1106 περ
1618 1035 1766 1106 αὐτῷ
1788 1035 1978 1107 ἐκείνῳ

390 1127 600 1198 Σίμωνι
627 1127 764 1192 ϐντι,
789 1127 878 1180 διὰ
910 1127 971 1179 τὸ
999 1124 1336 1196 ὑπερϐάλλον
1369 1123 1470 1193 τῆς
1499 1123 1628 1194 περὶ
1651 1124 1744 1176 τὸν
1774 1124 1978 1194 Πέτρον

387 1219 656 1290 στοργῆςο
702 1218 795 1271 καὶ
843 1220 1034 1288 χεῖρας
1068 1214 1347 1268 ἐπιϐαλεῖν
1398 1214 1734 1285 ἐπεχείρουν.
1780 1213 1890 1267 Ka‘t
1921 1213 1980 1277 ὃς

319 1332 321 1334 ·
384 1305 474 1374 μὴ
509 1304 640 1376 παρ’
677 1303 856 1359 αὐτῶν
905 1303 1162 1374 ἀναιρεθῇ
1219 1302 1502 1366 δεδοικὼς,
1534 1299 1762 1374 ἐξαυτῆς
1806 1302 1979 1356 ἐλθεῖν

380 1395 618 1466 πέμψας
645 1395 798 1466 ἠξίου
837 1395 930 1448 τὸν
969 1395 1192 1466 Πέτρον,
1235 1395 1384 1456 ὅπως
1413 1394 1575 1448 αὐτὸν
1606 1393 1981 1466 ἐπικαταλάϐη

382 1485 596 1549 ζῶντα,
620 1487 714 1540 καὶ
745 1485 1070 1558 ἀκμαζούσῃ
1091 1485 1168 1556 τῷ
1198 1485 1335 1554 πρὸς
1365 1485 1527 1538 αὑτὸν
1559 1483 1711 1554 πόθῳ
1731 1487 1798 1555 τῇ
1828 1483 1979 1536 πόλει

384 1576 668 1647 εὐκαίρως
703 1578 960 1646 ἐπιφανῇ.
1001 1575 1207 1645 Πέτρος
1237 1575 1296 1628 δὲ
1336 1576 1540 1627 τούτων
1565 1573 1804 1636 ἀκούσας
1845 1573 1981 1645 πρὸς

384 1665 453 1718 τὸ
488 1664 867 1737 ἐκκλησιάζειν
913 1665 1197 1728 πλείστους
1236 1665 1460 1734 ἀγαγὼν
1480 1666 1548 1729 ⁸⁸⁸,
1583 1665 1878 1719 ἐπίσκοπόν
1919 1683 1979 1719 τε

2079 505 2172 557 sed
2217 503 2440 571 poenitet
2482 517 2598 565 me,
2629 508 2683 554 et
2722 499 2970 554 fortassis
3019 515 3114 568 per
3158 493 3530 564 pamitentiam
3579 506 3643 546 ea

2075 611 2198 664 quae
2230 592 2474 661 improbe
2500 590 2664 661 gessi,
2699 589 2831 642 Inibi
2871 597 3098 658 possunt
3130 584 3449 642 condonari.

2147 683 2306 739 CXL.
2351 681 2474 738 lla-c
2507 698 2632 737 cum
2667 691 2820 751 pater
2858 680 3092 749 publice,
3123 677 3277 746 quasi
3319 693 3381 729 ex
3417 689 3644 744 persona

2078 777 2321 832 Simonis
2351 775 2602 837 dixisset,
2630 783 2685 827 et
2731 771 2950 825 Petrum
2996 771 3084 822 lau
3111 772 3292 829 Tasset,
3336 767 3644 822 universam

2077 868 2548 926 Antiochiensium
2581 867 2852 920 civitatem
2885 864 2952 918 ad
2988 863 3132 915 illius
3170 859 3498 913 desiderium
3534 867 3644 911 tra-

2077 961 2256 1024 duxit,
2283 960 2572 1028 cunctique
2598 973 2655 1011 se
2681 971 2804 1010 eum
2837 955 3184 1007 vehementer
3211 961 3469 1020 exoptare
3498 964 3649 1004 asse-

2082 1053 2271 1106 rebant
2298 1069 2312 1104 :
2351 1049 2596 1104 nonnulli
2633 1063 2759 1103 vero
2791 1048 2953 1101 etiam
2986 1044 3426 1114 patri,tanquam
3459 1041 3505 1094 is
3534 1041 3650 1108 ipse

2079 1153 2224 1198 esset
2267 1142 2494 1208 Simon,
2546 1139 2970 1201 succensebant,
3034 1145 3252 1206 propter
3313 1133 3647 1186 nimietatem

2080 1235 2283 1288 amoris
2311 1249 2436 1303 erga
2466 1231 2706 1294 Petrum,
2737 1237 2792 1284 et
2816 1243 3011 1282 manus
3038 1226 3259 1294 injicere
3287 1222 3645 1278 conabantur.

2081 1325 2149 1378 At
2176 1325 2264 1379 ille
2303 1326 2512 1379 veritus
2541 1339 2608 1378 ne
2649 1322 2718 1376 ab
2742 1321 2877 1390 ipsis
2912 1319 3329 1383 interﬁceretur,
3369 1331 3466 1385 per
3505 1314 3648 1383 lega-

2080 1429 2192 1472 tum
2220 1416 2515 1487 postulavit
2546 1431 2576 1470 a
2603 1413 2791 1476 Petro,
2821 1413 3083 1468 continuo
3111 1418 3169 1464 ut
3198 1409 3423 1470 veniret,
3449 1422 3560 1476 quo
3588 1421 3650 1461 se

2083 1509 2492 1563 nancisceretur
2526 1505 2743 1570 vivum,
2777 1515 2831 1558 et
2866 1504 2920 1557 in
2969 1503 3158 1556 urbem
3201 1499 3472 1555 desiderio
3503 1498 3650 1552 illius

2081 1599 2396 1670 ﬂagrantem
2441 1606 2747 1668 opportune
2792 1595 3125 1651 adventaret.
3171 1591 3383 1658 Quibus
3410 1589 3646 1654 auditis,

2081 1691 2274 1747 Petrus
2314 1692 2580 1761 plurimos
2612 1689 2680 1744 ad
2725 1689 2994 1760 agendum
3039 1695 3366 1741 conventum
3400 1683 3646 1748 adduxit,

388 1753 778 1827 καταστήσας,
825 1757 922 1810 καὶ
970 1758 1263 1828 ἰασάμενος
1299 1757 1528 1821 πολλοὺς
1559 1757 1652 1810 καὶ
1691 1757 1975 1828 βαπτίσας,

2078 1794 2130 1840 et
2155 1753 2469 1854 episcopum
2500 1753 2804 1848 constituit,
2839 1781 3041 1834 multos
3084 1777 3297 1832 curavit
3329 1786 3489 1845 atque
3516 1777 3650 1844 bap-

387 1849 610 1921 ήμέρας
637 1850 919 1920 ἐπιμείνας
938 1853 1086 1921 τρεῖς
1121 1853 1187 1922 τῇ
1227 1850 1534 1921 Λαοδικείᾳ,
1578 1850 1670 1902 ἐπὶ
1693 1849 1790 1920 τὴν
1833 1849 1972 1919 πλη-

329 1959 332 1962 ’
393 1941 511 1994 σίον
543 1943 807 2014 ὁρμήσειν
848 1942 1174 2013 Ἀντιόχειαν
1205 1942 1458 1995 ἔσπευσε.

467 2078 645 2135 CXLI.
684 2080 794 2133 Kal.
833 2079 897 2151 δὴ
929 2079 1026 2149 τὴν
1065 2078 1218 2132 πόλιν
1244 2077 1636 2143 καταλαϐόντα,
1670 2079 1732 2132 τὸ
1773 2077 1974 2148 πλῆθος

397 2171 701 2244 συνδραμδν
731 2173 875 2226 άπαν
905 2170 1044 2242 μετά
1073 2172 1245 2242 χαρᾶς
1271 2169 1583 2235 ὑπεδέξατο,
1615 2169 1691 2233 ὡς
1717 2169 1818 2240 τῆς
1846 2169 1976 2240 ἀλη-

391 2265 547 2329 θείας
579 2265 795 2337 κήρυκα
834 2265 927 2317 καὶ
954 2263 1270 2317 ἀπόστολον.
1311 2262 1758 2335 Προσευξάμενος
1783 2263 1840 2316 δὲ
1880 2262 1976 2316 καὶ

389 2358 578 2427 χεῖρας
608 2355 789 2416 αὐτοῖς
825 2353 1063 2417 ἐπιθεὶς,
1108 2355 1314 2417 πάντας
1355 2354 1481 2416 τοὺς
1523 2351 1710 2415 κακῶς
1757 2353 1976 2423 ἔχοντας

391 2445 780 2517 ἐθεράπευσεν,
809 2445 903 2498 ἕνα
931 2463 990 2498 τε
1024 2445 1156 2498 Θεὸν
1198 2447 1256 2498 ἐν
1288 2446 1466 2516 τρισὶν
1491 2445 1853 2498 ὑποστάσεσιν
1883 2444 1973 2496 εὑ-

391 2536 854 2607 αγγελισάμενος,
890 2539 981 2590 καὶ
1027 2536 1196 2590 πολλά
1228 2536 1442 2600 διδάξας
1481 2537 1678 2600 αὐτοὺς
1721 2536 1847 2608 περὶ
1876 2553 1974 2608 μο-

391 2628 639 2702 ναρχίας.
668 2624 799 2682 Εἶτα
827 2630 962 2699 πρὸς
1006 2629 1105 2700 τὴν
1139 2628 1317 2695 ξενίαν
1350 2629 1638 2700 ἀπῄειμεν.
1673 2629 1836 2692 Γνοὺς
1858 2629 1915 2681 δέ
1947 2629 1974 2680 ὁ

389 2718 570 2790 γέρων
603 2719 684 2773 ὅτι
709 2721 914 2792 Πέτρος
949 2721 1153 2792 παρῆν,
1185 2719 1573 2793 προσδραμὼν,
1608 2721 1798 2775 ἐαυτόν
1820 2739 1877 2774 τε
1907 2724 1972 2793 τῇ

386 2813 460 2880 γῇ
495 2809 990 2882 προσκαταϐαλὼν,
1039 2811 1109 2864 τὰ
1152 2813 1360 2865 ἐκείνου
1411 2812 1790 2882 κατησπάζετο
1829 2813 1971 2883 ἴχνη,

385 2899 560 2966 ἀξιῶν
599 2900 677 2972 τῷ
722 2901 848 2972 θείῳ
900 2902 1254 2974 τελειωθῆναι
1300 2902 1675 2974 βαπτίσματι,
1724 2901 1864 2955 ὥστε
1913 2903 1974 2956 τὸ

379 2994 614 3066 ἀρχαῖόν
663 3011 720 3047 τε
765 2995 865 3066 τῆς
902 2995 1080 3065 ψυχῆς
1122 2994 1316 3058 κάλλος
1345 2995 1436 3048 καὶ
1482 2994 1580 3066 τὴν
1622 2994 1835 3066 μορφὴν
1878 2993 1972 3048 τοῦ

379 3083 641 3156 σώματος
665 3085 954 3138 ἀπολαϐεῖν
981 3085 1069 3138 διά
1101 3085 1194 3138 τοῦ
1236 3086 1626 3157 βαπτίσματος,
1665 3087 1755 3138 καὶ
1783 3103 1972 3138 κοινω-
1999 3116 2040 3174 C

371 3174 484 3237 v93;
506 3173 614 3228 τῶν
647 3173 932 3245 ἀχράντων
962 3174 1214 3242 γενέσθαι
1241 3174 1335 3228 τοῦ
1366 3175 1602 3244 Χριστοῦ
1641 3175 1969 3246 μυστηρίων.

376 3266 503 3320 Kal.
531 3268 561 3322 0
607 3267 812 3337 Πέτρος
856 3266 1172 3335 κατηχήσας
1216 3264 1410 3330 αὑτὸν,
1440 3264 1675 3337 εἰρηκώς
1713 3283 1770 3318 τε
1807 3265 1978 3318 πολλὰ

380 3358 523 3430 περὶ
549 3356 822 3428 σωτηρίας
846 3395 860 3419 ,
905 3355 998 3408 ἐπί
1029 3355 1170 3407 τέλει
1211 3355 1267 3408 δέ
1310 3355 1405 3408 καὶ
1446 3355 1603 3410 τοῦτο
1628 3354 1818 3419 είπὼν,
1851 3357 1925 3420 ὡς
1948 3357 1976 3409 0

384 3450 597 3520 Κύριος
638 3447 792 3519 ήμῶν
835 3446 1042 3516 Ἰησοῦς
1065 3447 1298 3518 Χριστὸς
1341 3449 1369 3500 0
1404 3447 1532 3512 Υἱὸς
1575 3447 1669 3501 τοῦ
1695 3447 1830 3501 Θεοῦ
1865 3451 1976 3512 τοῖς

390 3539 666 3612 μαθηταῖς
710 3537 1115 3607 ἐντελλόμενος’
1161 3532 1225 3590 ’0
1271 3541 1603 3604 πιστεύσας
1619 3539 1689 3602 ⁸⁸,
1720 3539 1846 3610 ἐφη,
1877 3539 1974 3591 καὶ

383 3628 772 3695 βαπτισθεὶς,
804 3627 1173 3696 σωθήσεται·
1222 3629 1343 3681 καί’
1397 3633 1559 3684 Κατὰ
1608 3631 1720 3699 τὴν
1769 3633 1974 3683 πίστιν

390 3737 510 3775 σου
548 3720 850 3791 γενηθήτω
898 3738 996 3774 σοι
1047 3721 1130 3787 ὡς
1166 3720 1378 3787 θέλεις.
1428 3722 1689 3795 Ἐπείπερ
1729 3725 1756 3776 0
1788 3723 1972 3793 καιρὸς

391 3810 529 3882 πρὸς
556 3810 788 3882 ἑσπέραν
825 3805 914 3881 ἦν,
943 3811 1148 3882 τροφῆς
1182 3811 1582 3882 μεταλαϐόντας
1628 3813 1751 3845 ⁹⁰ο⁹³
1775 3853 1790 3878 ,
1829 3814 1966 3885 μετά

386 3905 489 3976 τὴν
519 3904 721 3976 συνήθη
749 3905 932 3976 εὐχήν,
964 3907 992 3958 0
1023 3904 1187 3968 ὕπνος
1209 3905 1257 3937 ⁸⁸
1283 3905 1572 3977 ἐλάμϐανε.

460 4077 666 4134 CXLII.
705 4079 781 4150 Τῇ
808 4079 864 4131 δὲ
894 4079 1123 4152 ἐπιούσῃ
1149 4079 1520 4152 όρθριαίτερον
1547 4080 1707 4133 πάλιν
1725 4079 1967 4143 ἀναστὰς

2076 1877 2280 1940 tizavit,
2317 1863 2606 1944 triduoque
2641 1873 2924 1928 Laodicea:
2963 1880 3222 1941 praeterea
3254 1876 3646 1930 commoratus,

2073 1969 2421 2024 Antiochiam
2449 1966 2810 2038 propinquam
2861 1964 3134 2020 civitatem
3164 1963 3312 2018 adire
3351 1963 3645 2017 festinavit.

2144 2058 2327 2115 CXLI.
2371 2058 2437 2113 Et
2489 2059 2710 2129 quidem
2759 2073 2883 2113 cum
2932 2059 2996 2112 ad
3035 2059 3224 2112 urbem
3272 2057 3646 2125 pervenisset,

2077 2154 2369 2208 universus
2421 2152 2654 2221 populus
2689 2166 3014 2215 accurrens,
3062 2166 3184 2204 eum
3223 2150 3422 2220 gaudio
3467 2149 3645 2218 ipsum

2075 2244 2304 2314 excepit,
2331 2251 2588 2311 tanquam
2619 2241 2866 2296 veritatis
2889 2254 3195 2310 pramonem
3225 2248 3276 2292 et
3305 2239 3637 2306 apostolum.

2077 2341 2335 2395 Precibus
2373 2348 2553 2392 autem
2593 2337 2753 2397 fusis.
2785 2345 2838 2390 et
2881 2335 3135 2389 manibus
3170 2349 3334 2403 super
3372 2347 3470 2386 eos
3497 2332 3647 2401 posi-

2075 2434 2163 2498 tis,
2205 2431 2476 2485 univcrsis
2528 2430 2670 2484 male
2699 2429 3028 2482 habentibus
3063 2426 3244 2480 attulit
3273 2425 3600 2479 medicinam
3631 2442 3645 2478 :

2078 2525 2203 2579 item
2255 2539 2422 2576 unum
2471 2521 2641 2576 Deum
2687 2522 2739 2575 in
2791 2522 2964 2575 tribus
3002 2519 3250 2588 personis
3284 2517 3646 2579 annuntiavit,

2076 2619 2438 2689 pluribusque
2474 2632 2570 2672 eos
2621 2615 2686 2668 de
2719 2614 2881 2668 unius
2930 2613 3171 2666 numinis
3213 2611 3518 2682 principatu
3553 2611 3650 2662 do-

2076 2710 2206 2764 cuit.
2248 2708 2451 2762 Deindc
2482 2707 2546 2761 ad
2579 2706 2874 2775 hospitium
2922 2720 3022 2758 nos
3070 2705 3396 2773 recepimus.
3447 2703 3650 2756 Intelli-

2075 2818 2207 2872 gens
2253 2811 2432 2856 autem
2474 2815 2637 2854 senex
2677 2797 2894 2852 Petrum
2921 2797 3133 2863 adesse,
3176 2797 3440 2860 accurrit,
3484 2811 3652 2866 seque

2075 2893 2336 2962 dejiciens
2368 2891 2420 2945 in
2455 2899 2656 2944 terram
2684 2930 2698 2953 ,
2751 2888 2894 2942 illius
2945 2888 3109 2956 pedes
3163 2887 3646 2956 complectebatur.

2074 3000 2275 3056 rogans
2309 2993 2367 3038 ut
2415 2983 2602 3038 divino
2632 2981 2961 3051 baptismate
2993 2989 3504 3045 consummaretur;
3539 2995 3651 3048 quo

2073 3077 2351 3145 antiquam
2380 3074 2577 3129 anima:
2608 3071 3085 3142 pulchritudinem,
3113 3079 3166 3124 et
3208 3069 3434 3124 formam
3458 3085 3652 3139 corpo-

2080 3165 2156 3219 ris
2197 3165 2464 3233 reciperet
2514 3178 2611 3231 per
2657 3161 3022 3230 baptismum,
3075 3161 3335 3230 fieretque
3379 3162 3651 3230 particeps

2078 3258 2522 3311 intemeratorum
2542 3253 2746 3307 Christi
2775 3253 3180 3324 mysteriorum.
3213 3252 3277 3306 Et
3301 3251 3513 3316 Petrus,
3537 3263 3648 3306 tra-

2077 3348 2186 3402 dita
2211 3346 2259 3400 ei
2285 3345 2610 3400 Christianae.
2644 3344 2928 3414 religionis
2953 3345 3224 3407 doctrina,
3260 3345 3555 3413 multisque
3583 3347 3650 3400 de

2076 3438 2249 3492 salute
2288 3436 2531 3507 prolatis,
2575 3437 2789 3490 tandem
2840 3437 2944 3490 hoc
2975 3435 3180 3489 addidit
3217 3434 3507 3490 Dominum
3552 3453 3650 3492 no-

2075 3541 2246 3586 strum
2283 3530 2468 3585 Jesum
2499 3530 2778 3584 Christum
2819 3529 3015 3583 Filium
3047 3529 3161 3590 Dei.
3191 3529 3243 3581 in
3278 3530 3548 3586 mandatis
3581 3531 3648 3586 ιιτί

2073 3621 2373 3690 discipulos
2424 3620 2670 3674 dixisse:
2731 3620 2836 3685 Qui
2874 3620 3195 3684 crediderit,
3245 3630 3294 3674 et
3348 3621 3647 3690 baptizatus

2074 3711 2254 3780 fuerit,
2283 3711 2459 3764 salvus
2487 3712 2584 3763 erit
2609 3711 2685 3776 ’°;
2714 3721 2766 3764 et
2796 3727 2810 3764 :
2845 3710 3145 3764 Secundum
3176 3711 3335 3780 ﬁdem
3378 3721 3521 3765 tuam
3551 3713 3647 3783 ﬁat

2074 3803 2168 3855 tibi
2199 3804 2334 3856 sicut
2364 3805 2437 3856 ris
2463 3803 2527 3856 ¹’¹.
2557 3804 2811 3872 Cumque
2841 3813 3052 3872 tempus
3077 3805 3141 3857 ad
3174 3819 3453 3872 vesperam
3486 3805 3640 3860 incli~

2073 3903 2246 3956 naret,
2282 3895 2462 3948 cibum
2515 3895 2889 3964 sumpsimus;
2943 3904 2995 3948 et
3038 3905 3159 3964 post
3205 3895 3418 3949 solitam
3460 3911 3647 3965 preca-

2073 3987 2298 4053 tionem,
2327 4002 2552 4040 somnus
2578 4003 2678 4042 nos
2703 3988 3008 4057 occupavit.

2139 4077 2343 4132 CXLII.
2389 4078 2646 4148 Sequenti
2674 4095 2804 4132 vero
2827 4079 2914 4132 die
2939 4077 3133 4133 Petrus
3156 4080 3351 4133 iterum
3378 4082 3644 4137 maturius

385 4172 417 4224 0
446 4171 665 4242 Πέτρος,
695 4173 789 4224 καὶ
817 4171 1278 4244 προσευξάμενος,
1313 4173 1696 4242 μετακαλεῖται
1723 4174 1818 4226 σὺν
1837 4174 1967 4242 ἡμῖν

2074 4185 2334 4238 5111⁸8οΠ8,
2392 4177 2682 4238 postquam
2731 4180 2928 4232 oravit,
2970 4178 3176 4238 patrem
3217 4179 3268 4222 οι
3316 4186 3415 4224 nos
3461 4187 3646 4226 accer-

381 4257 478 4336 ςτὸν
507 4260 746 4332 πατέρα,
771 4261 880 4315 καὶο
916 4262 1181 4332 Σήμερον,
1211 4254 1256 4312 ὦ
1284 4261 1521 4330 ἀδελφοὶ,
1554 4261 1720 4330 λέγει,
1758 4260 1964 4332 μεγάλη

2074 4263 2227 4329 sivit;
2259 4271 2349 4317 et:
2379 4261 2570 4325 Ilodie,
2613 4261 2808 4332 inquit,
2845 4263 3059 4327 fratres,
3083 4279 3337 4334 magnum
3387 4265 3640 4333 gaudium

386 4350 532 4422 χαρὰ
570 4349 776 4419 γίνεται
799 4351 856 4402 ἐν
888 4349 967 4419 τῷ
996 4348 1228 4419 οὐρανῷ,
1257 4350 1348 4401 ἐπὶ
1393 4351 1458 4419 τῇ
1490 4349 1805 4420 θεοδωρήτῳ
1830 4350 1962 4401 ἀνα-

2074 4356 2270 4410 orietur
2299 4355 2352 4408 in
2372 4355 2511 4409 caelo
2526 4354 2592 4418 ",
2613 4362 2831 4424 propter
2853 4354 3093 4406 divinum
3123 4371 3323 4408 munus
3356 4371 3646 4410 renasceno

385 4442 634 4514 γεννήσει
668 4439 761 4492 τοῦ
789 4441 955 4494 καλοῦ
994 4441 1250 4511 γέροντος
1275 4440 1536 4494 Φαύστου.
1569 4441 1678 4494 Kal.
1717 4441 1962 4511 παραλαο

2074 4448 2153 4501 lia:
2199 4447 2325 4501 boni
2364 4447 2510 4501 senis
2552 4445 2778 4500 Fausti.
2822 4445 3070 4514 Ctuuque
3141 4462 3238 4500 nos
3314 4439 3644 4517 assumpsis-

384 4533 497 4588 ϐὼν
518 4535 662 4606 ήμᾶς
684 4534 934 4606 ἐξῄειμεν
959 4533 1098 4587 κατά
1119 4532 1386 4597 ἀνατολὰς
1403 4533 1504 4604 τῆς
1527 4533 1752 4596 πόλεως,
1775 4533 1902 4586 ἔνθα
1916 4534 1962 4565 9⁸

383 4621 454 4695 ἦν
476 4625 642 4679 ὕδατα
672 4625 840 4679 πολλά
860 4641 920 4678 τε
951 4625 1043 4678 καὶ
1071 4623 1304 4697 καθαρὰ,
1329 4625 1421 4678 καὶ
1453 4623 1613 4695 μόνον
1639 4624 1731 4677 τὸν
1752 4625 1963 4696 πατέρα

384 4716 562 4770 λαϐὼν
601 4716 725 4788 ίδίᾳ,
760 4719 1076 4788 κατηχήσας
1114 4735 1176 4770 τε
1206 4716 1375 4771 πολλά
1418 4717 1514 4770 καὶ
1544 4715 1763 4784 διδάξας
1803 4717 1963 4771 αὐτὸν

383 4806 454 4859 τά
485 4807 612 4880 περὶ
644 4806 778 4860 Θεοῦ
821 4809 914 4862 καὶ
958 4808 1060 4879 τῆς
1086 4807 1174 4861 διὰ
1222 4808 1422 4880 σαρκὸς
1448 4807 1609 4861 αὐτοῦ
1652 4808 1789 4880 πρὸς
1818 4810 1963 4880 ἡμᾶς

385 4899 692 4970 ἐπιδημίας,
711 4899 1000 4954 ἐϐάπτισεν
1028 4899 1190 4952 αὑτὸν
1213 4901 1293 4962 είς
1318 4897 1379 4951 τὸ
1409 4897 1577 4970 ὄνομα
1608 4899 1704 4952 τοῦ
1729 4899 1960 4971 Πατρὸς,

383 4993 476 5048 καὶ
514 4991 606 5045 τοῦ
639 4992 789 5056 Υἰοῦ,
826 4995 917 5046 καὶ
963 4993 1057 5046 τοῦ
1087 4993 1245 5062 ἁγίου
1291 4994 1636 5064 Πνεῦματος·
1669 4993 1763 5045 καὶ
1801 4993 1961 5063 ἄρτον

379 5083 559 5136 λαϐὼν
579 5123 593 5147 ,
628 5083 1023 5156 εὐχαριστήσας
1053 5101 1114 5137 τε
1146 5084 1241 5138 καὶ
1286 5083 1589 5155 εὐλογήσας
1608 5123 1622 5147 ,
1666 5085 1774 5136 τῶν
1798 5085 1960 5155 ἱερῶν

381 5174 530 5245 αὐτῷ
587 5178 831 5228 κοινωνεί
881 5175 1215 5247 μυστηρίων.
1245 5175 1356 5228 Καὶ
1403 5170 1546 5246 ἦμεν
1577 5175 1711 5245 ὁμοῦ
1758 5175 1958 5240 πάντες

381 5265 776 5337 ἀγαλλιώμενοι
814 5267 870 5318 ἐν
908 5267 1097 5338 Κυρίῳ
1148 5267 1311 5320 νύκτα
1341 5283 1401 5320 τε
1440 5267 1534 5320 καὶ
1567 5265 1683 5338 μεθ’
1723 5267 1954 5339 ἡμέραν,

378 5359 472 5412 ἐπί
500 5376 557 5412 τε
577 5346 645 5432 τῇ
672 5357 767 5416 τοῦ
793 5359 999 5430 πατρὸς
1022 5359 1110 5412 διὰ
1126 5359 1174 5392 ’⁸
1199 5358 1292 5412 τοῦ
1323 5359 1470 5412 θείου
1499 5358 1808 5430 πνεύματος
1829 5360 1957 5414 ἀνα-

445 5480 476 5510 ι
507 5467 674 5524 Marc.
721 5484 834 5534 xvr,
864 5467 952 5524 I6.
1029 5468 1058 5508 ι’
1098 5468 1286 5525 Matth.
1317 5484 1394 5535 Ix,
1427 5468 1516 5524 29.
1592 5479 1614 5508 ο
1657 5468 1790 5523 Luc.
1830 5485 1918 5535 xv,
1949 5468 1999 5520 7.

2068 4546 2172 4602 set,
2205 4536 2413 4608 egressi
2447 4551 2639 4590 sumus
2675 4535 2740 4589 ad
2773 4534 2889 4588 loca
2937 4534 3220 4587 orientalia
3258 4534 3514 4598 civitatis,
3550 4537 3664 4590 ubi-

2070 4628 2256 4682 multae
2311 4637 2467 4683 erant
2523 4642 2680 4696 aqua:
2731 4641 2796 4680 ac
2853 4641 3036 4694 pune:
3093 4625 3378 4696 solumque
3434 4635 3638 4696 patrem

2070 4733 2316 4773 seorsum
2351 4733 2595 4782 sumens,
2629 4717 2926 4785 multisque
2961 4717 3272 4780 instituens,
3313 4720 3640 4789 tradensque

2071 4809 2144 4862 illi
2170 4809 2473 4862 doctrinam
2515 4807 2582 4862 de
2614 4806 2724 4862 Deo
2749 4807 2978 4877 ejusque
3009 4807 3062 4860 in
3097 4824 3262 4862 carne
3305 4810 3369 4862 ad
3417 4826 3515 4863 nos
3545 4811 3638 4865 ad—

2069 4910 2253 4963 ventu,
2292 4900 2586 4970 baptizavit
2616 4915 2740 4954 eum
2776 4899 2828 4953 in
2856 4899 3075 4952 nomine
3099 4898 3292 4962 Patris,
3326 4911 3379 4955 et
3411 4900 3551 4966 Filii,
3585 4913 3639 4957 et

2068 4991 2307 5062 Spiritus
2341 4992 2515 5046 sancti
2544 5010 2557 5045 :
2585 5006 2822 5061 cumque
2862 5006 3054 5060 panem
3081 4992 3402 5061 accepisset,
3435 4996 3638 5063 gratias

2061 5083 2258 5152 egisset
2275 5099 2338 5136 ac
2361 5080 2904 5145 benedixisset,sacra
2925 5080 3024 5149 ipsi
3043 5083 3293 5151 mysteria
3320 5083 3632 5152 impertivit.

2065 5173 2130 5228 Et
2163 5190 2382 5228 eramus
2419 5174 2622 5244 pariter
2649 5173 2832 5228 cuncti
2865 5173 2917 5226 in
2963 5172 3194 5227 Domino
3237 5184 3399 5229 noctu
3447 5191 3510 5230 ac
3554 5177 3637 5230 in-

2062 5265 2240 5318 terdiu
2271 5265 2627 5326 exsultantes,
2655 5273 2769 5317 tum
2801 5263 2868 5317 de
2893 5263 3066 5332 patris
3095 5279 3192 5332 per
3221 5263 3464 5318 divinum
3511 5265 3634 5336 Spi-

2062 5354 2225 5408 ritum
2266 5354 2566 5408 instaurata
2595 5352 2896 5414 nativitate,
2931 5362 3042 5406 tum
3087 5355 3154 5407 dc
3187 5354 3467 5410 auditione
3504 5371 3632 5410 ora-

1646 5558 1882 5614 VARIIE
1918 5556 2318 5613 LECTIONES.

447 5651 514 5683 θ’·
553 5653 701 5725 deest
732 5654 782 5708 in
811 5656 880 5708 al.
959 5655 1002 5689 ⁸⁸
1041 5654 1090 5708 al
1156 5652 1489 5723 συναγαγών.
1569 5654 1612 5688 "
1633 5653 1781 5709 deest
1808 5652 1859 5707 in
1890 5653 1962 5708 aL
2041 5650 2157 5686 ⁸⁸⁸³³
2181 5653 2229 5707 al
2271 5651 2681 5723 μεταλαὸόντιςο
2741 5651 2786 5685 ⁸⁵
2825 5652 2896 5708 ³1-
2945 5652 3108 5708 inscr.
3171 5653 3336 5725 ἡμᾶς·
3399 5655 3444 5689 "
3479 5654 3626 5711 λοιπε

381 5727 432 5777 tu
463 5727 530 5776 :tl.
609 5724 655 5756 ⁹⁸
685 5727 753 5780 al.
798 5725 899 5778 ἐπέ.
