4032 6146
459 287 562 343 575

1328 285 1391 344 S.
1429 286 1821 345 CLEMENTIS
1861 288 1881 342 Ι
1918 288 2084 343 ROM.
2121 287 2322 343 PONT.
2367 286 2600 344 OPERA
2640 284 2866 342 DIIBIA.

3599 279 3699 336 57}

453 404 708 459 culorum
745 401 909 457 Petri.
939 401 1077 457 Cum
1112 401 1278 474 igitur
1301 417 1397 470 per
1427 403 1648 471 aliquod
1685 412 1898 472 tempus
1929 419 2036 456 una

2140 403 2411 474 γεννήσει,
2449 401 2544 454 καὶ
2569 402 2636 471 τῇ
2667 399 2930 472 ἀκροάσει
2959 399 3070 453 τῶν
3099 398 3305 470 Πέτρου
3327 395 3543 465 λογίων.
3577 395 3649 466 Χε
3667 395 3709 446 ό.

451 509 759 564 agcremus,
783 493 1040 548 omnibus
1065 502 1359 564 patuerunt
1389 509 1477 548 res
1508 504 1728 558 nostrae,
1752 505 1807 550 et
1838 495 1892 549 in
1913 510 2030 550 om—

452 590 602 642 nium
649 602 745 641 ore
791 587 1152 642 versabamur
1181 628 1196 651 ,
1243 587 1540 656 cunctique
1583 587 1927 640 mirabantur
1965 587 2031 641 de

453 680 725 734 universis
765 695 888 748 qute
918 679 1258 748 contigerant
1289 679 1479 743 nobis,
1511 677 1716 748 Deique
1764 694 1902 749 erga,
1933 694 2033 733 nos

446 769 841 839 patrocinium,
881 769 933 822 in
961 778 1148 823 nostra
1197 770 1596 839 recognitione,
1627 770 1998 825 celebrabant.

518 939 748 995 CXLIII.
790 938 956 993 Fama
1011 938 1175 1009 igitur
1217 955 1637 1010 quoquoversus
1679 951 2032 1011 pervagante,

443 1031 754 1086 Antiochiae
780 1046 982 1098 praeses
1011 1039 1211 1085 cuncta
1255 1048 1379 1101 quae
1409 1037 1546 1101 patri
1578 1041 1632 1087 et
1675 1034 1835 1087 matri
1881 1035 2029 1088 acci-

441 1124 644 1176 derant
670 1122 997 1187 resciscens,
1030 1122 1286 1191 quodque
1313 1123 1380 1176 ad
1408 1124 1674 1178 Czesarem
1709 1126 2031 1196 cognatione

443 1211 766 1276 attinerent,
806 1211 874 1265 de
923 1212 1008 1266 his
1050 1212 1218 1267 refert
1246 1214 1315 1266 ad
1353 1211 1655 1269 Tiberium.
1694 1214 1908 1281 Quibus
1933 1232 2033 1270 au-

451 1303 602 1366 ditis,
639 1301 935 1372 imperator
981 1303 1138 1372 jubet
1191 1319 1286 1359 cos
1327 1306 1737 1376 quamprimum
1796 1306 2028 1362 Romam

455 1397 639 1452 mitti;
683 1397 830 1467 quod
863 1407 919 1452 et
964 1396 1170 1452 factum
1219 1405 1343 1452 est:
1396 1399 1628 1467 illosque
1669 1416 1866 1470 magno
1905 1418 2028 1456 cum

454 1491 659 1544 honore
686 1505 750 1545 ac
779 1490 1035 1545 satellitio
1063 1505 1265 1559 praeses
1307 1505 1373 1544 ex
1426 1491 1717 1547 Antiochia
1752 1494 1918 1549 mittit
1963 1495 2032 1550 ad

449 1579 729 1635 Tiberium
766 1580 1061 1636 Caesarem.
1113 1579 1350 1636 lntuitus
1396 1591 1577 1636 autem
1612 1582 1794 1637 Caesar
1821 1594 2030 1654 patrem

445 1680 506 1726 et
541 1685 793 1738 matrem,
826 1671 1137 1741 agnitisque
1169 1671 1271 1737 eis,
1305 1687 1471 1742 super
1507 1688 1565 1726 re
1595 1674 1900 1744 obstupuit,
1937 1691 2032 1745 pa-

2138 511 2227 546 vov
2279 489 2370 548 οῦν
2403 492 2526 546 τινὰ
2559 492 2651 544 ἐπὶ
2684 492 2745 545 τὸ
2789 492 2920 546 αὐτὸ
2963 492 3324 562 διαγαγόντων
3358 487 3517 561 ήμῶν
3538 527 3553 550 ,
3587 489 3711 544 πᾶσι

2137 583 2274 655 δῆλα
2317 584 2552 656 κατέστη
2595 583 2664 636 τὰ
2711 583 2830 638 καθ’
2865 586 3044 655 ἡμᾶς·
3081 585 3175 638 καὶ
3217 584 3274 637 ἓν
3317 585 3430 645 τοῖς
3466 581 3712 635 ἁπάντων

2135 670 2278 746 ἦμεν
2313 674 2566 746 στόμασι,
2599 676 2694 728 καὶ
2727 675 2927 738 πάντες
2959 673 3268 744 ἐθαύμαζον
3315 673 3409 726 ἐπὶ
3446 673 3580 725 πᾶσι
3608 674 3714 735 τοῖς

2140 764 2542 836 συμϐεϐηκόσιν
2567 768 2719 838 ἡμῖν,
2745 766 2838 820 καὶ
2869 764 2967 836 τὴν
2991 765 3084 819 τοῦ
3123 764 3258 819 θεοῦ
3297 767 3378 829 εἰς
3410 765 3557 836 ἡμᾶς
3593 763 3714 835 βοή-

2135 858 2306 921 θειαν,
2337 858 2430 910 ἐπὶ
2461 857 2541 928 τῷ
2575 857 2976 928 ἀναγνωρισμῴ
3001 857 3157 928 ἡμῶν
3185 857 3538 928 ὲμεγάλυνον.

2205 947 2434 1003 CXLIII.
2476 949 2588 1020 Τῆς
2621 949 2810 1020 φήμης
2839 943 2933 1002 οῦν
2979 949 3284 1018 πανταχόσε
3315 948 3653 1019 διαθεοῦσης,
3689 950 3716 1001 ὁ

2134 1032 2234 1104 τῆς
2271 1034 2584 1106 Ἀντιοχέων
2628 1034 2848 1106 ἡγεμὼν
2880 1035 3056 1090 πάντα
3087 1035 3158 1089 τὰ
3205 1036 3588 1108 συμϐεϐηκότα
3626 1036 3712 1089 ἐπί

2134 1143 2192 1178 τε
2215 1125 2293 1197 τῷ
2334 1128 2502 1197 πατρὶ⁵
2531 1128 2623 1180 καὶ
2655 1128 2824 1198 μητρὶ
2857 1131 3038 1198 γνοὺς,
3077 1129 3168 1182 καὶ
3199 1130 3281 1183 ὅτι
3312 1129 3550 1201 Καίσαρι
3576 1128 3716 1182 κατά

2135 1215 2290 1283 γένος
2312 1218 2696 1288 προσήκουσιν,
2733 1219 2993 1290 ἀναφέρει
3015 1218 3187 1272 ταῦτα
3207 1218 3287 1290 τῷ
3319 1218 3554 1291 Τιϐερίῳ
3582 1219 3715 1290 (l6).

2135 1307 2244 1360 Kai.
2285 1309 2316 1362 ό
2350 1308 2604 1378 βασιλεὺς
2636 1309 2876 1373 ἀκούσας
2895 1349 2910 1374 ,
2941 1308 3153 1363 κελεύει
3185 1310 3246 1365 τὸ
3273 1310 3439 1381 τάχος
3467 1313 3718 1382 ἀναπεμ-

2134 1399 2330 1471 φθῆναι
2363 1399 2558 1463 αὐτοὺς
2595 1399 2676 1463 είς
2711 1398 2957 1472 Ῥώμην·
3001 1399 3031 1453 ὃ
3062 1402 3157 1454 καὶ
3187 1400 3408 1470 γέγονεο
3452 1403 3546 1454 καί
3582 1403 3722 1472 μετά

2133 1489 2335 1562 πολλῆς
2376 1492 2542 1563 τιμῆς
2573 1491 2668 1545 καὶ
2717 1491 3042 1564 δορυφορίας
3092 1493 3121 1546 ὁ
3157 1491 3379 1563 ήγεμὼν
3421 1491 3480 1558 ἐξ
3516 1493 3720 1546 Ἀντιο-

2132 1581 2283 1652 χείας
2307 1581 2445 1651 πρὸς
2467 1582 2556 1635 τὸν
2583 1582 2837 1653 Καίσαρα
2865 1582 3112 1654 Τιϐέριον
3151 1584 3349 1646 αὐτοὺς
3375 1583 3721 1638 ἀποστέλλει.

2130 1674 2477 1744 Θεασάμενος
2500 1673 2556 1726 δὲ
2579 1677 2607 1727 ὁ
2646 1675 2863 1746 Καῖσαρ
2886 1675 2978 1728 τόν
3009 1692 3069 1727 τε
3099 1676 3329 1748 πατέρα,
3357 1676 3452 1730 καὶ
3478 1677 3578 1747 τὴν
3615 1695 3722 1748 μη-

451 1765 659 1833 trisque
684 1763 953 1817 cervicem
984 1762 1324 1832 complexus,
1355 1765 1556 1818 acriter
1577 1763 1746 1820 ﬂevit.
1773 1765 2029 1823 Cohihito

2137 1766 2285 1836 τέρα,
2319 1767 2414 1819 καὶ
2447 1766 2702 1834 ἐπιγνοὺς
2733 1766 2963 1830 αὐτοὺς,
3007 1765 3202 1838 ἐξέστη
3248 1768 3340 1820 ἐπὶ
3374 1767 3567 1840 τούτῳ.
3610 1768 3722 1820 Καὶ

451 1865 632 1910 autem
671 1855 842 1918 luctu,
871 1855 939 1909 ad
971 1864 1221 1910 senatum
1265 1855 1587 1924 respiciens,
1613 1859 1690 1912 ait
1730 1875 1744 1911 :
1789 1857 2032 1914 Gaudete

451 1962 916 2014 meeum,emnes,
936 1957 992 2002 et
1015 1962 1305 2003 commune
1337 1947 1537 2002 festum
1563 1964 1814 2019 agamus,
1841 1950 2033 2006 inven-

449 2043 654 2094 tionem
682 2039 868 2095 Fausti
896 2050 950 2095 et
971 2039 1302 2095 Mattbidiatz
1330 2041 1478 2112 quod
1501 2057 1626 2096 cum
1651 2042 1851 2096 mortui
1873 2051 2034 2113 puta-

451 2144 658 2197 rentur,
685 2133 1020 2199 revixerunt,
1035 2148 1273 2203 eumque
1320 2135 1626 2204 periissent,
1660 2135 1857 2204 reperti
1881 2145 2028 2192 sunt.

449 2227 644 2283 Postea
671 2236 879 2282 etcum
927 2227 997 2282 iis
1026 2227 1302 2297 epulatus,
1337 2229 1619 2300 multaque
1652 2231 1885 2299 pecunia
1921 2240 2031 2285 tra-

447 2320 592 2387 dita,
623 2321 954 2390 insuperqne
984 2321 1134 2391 ipsos
1161 2321 1229 2376 ad
1265 2320 1592 2376 lamulatum
1621 2323 1796 2377 servis
1824 2338 2032 2394 augens

448 2427 512 2466 ac
538 2411 776 2474 ancillis,
810 2413 1050 2481 plurimo
1096 2413 1358 2469 comitatu
1407 2421 1460 2468 et
1491 2416 1700 2468 honore
1727 2413 2034 2469 circumde-

447 2505 546 2558 dit.
579 2503 685 2570 Qui
709 2505 874 2560 etiam
922 2520 1030 2559 non
1075 2505 1276 2576 exiguo
1309 2515 1555 2574 tempore
1599 2503 1786 2558 {inmte
1814 2513 2030 2558 :etatem

448 2605 709 2664 egerunt;
749 2596 836 2666 pie
875 2597 1098 2665 quidem
1136 2597 1422 2662 viventes,
1479 2610 1691 2664 suaque
1741 2603 2031 2665 erogantes

449 2689 802 2758 pauperibus,
827 2699 881 2744 et
903 2686 1204 2744 consectati
1255 2702 1447 2742 omnes
1475 2685 1612 2740 alias
1641 2685 1904 2750 virtutes;
1932 2689 2033 2739 do-

449 2797 551 2835 nec
607 2782 662 2836 in
697 2791 977 2837 senectute
997 2781 1160 2844 bona,
1210 2780 1290 2836 eis
1322 2796 1444 2850 qua:
1488 2779 1576 2834 hic
1621 2788 1750 2834 sunt
1799 2778 2030 2845 relictis,

448 2873 655 2928 Christi
688 2888 915 2944 regnum
963 2872 1246 2927 consecuti
1279 2879 1443 2938 sunt;
1494 2872 1772 2943 exemplar
1802 2872 1926 2927 vitae
1967 2887 2032 2927 ac

453 2965 729 3034 specimen
757 2965 824 3019 ad
851 2965 1108 3020 virtutem
1153 2964 1650 3031 accuratissimum,
1678 2979 1835 3020 suam
1868 2965 2029 3020 vitam

450 3053 710 3110 Romana:
736 3056 1048 3126 reipublica
1076 3055 1279 3127 largiti.

517 3231 748 3288 CXLIV.
801 3232 1068 3288 Caeterum
1125 3248 1227 3305 ego
1274 3232 1529 3288 Clemens
1585 3249 1710 3290 cum
1771 3233 2032 3292 fratribus

447 3323 637 3380 adhuc
672 3324 814 3393 apud
856 3323 1076 3378 Petrum
1115 3322 1393 3378 doctorem
1441 3325 1641 3392 mansi,
1671 3325 1766 3395 qui
1798 3341 2033 3398 evange-

451 3416 572 3470 licae
621 3417 996 3486 praedicationi
1049 3416 1376 3483 insistebat,
1409 3426 1462 3471 et
1509 3418 1824 3488 complures
1863 3420 2033 3476 variis

440 3508 660 3564 morbis
684 3525 748 3564 ac
780 3508 1228 3580 perpessionibns
1253 3511 1503 3564 curabat.
1533 3509 1738 3566 Deinde
1760 3511 1849 3567 ille
1883 3514 2035 3568 urbi-

451 3603 556 3658 bus
590 3603 914 3673 peragratis,
945 3600 1176 3656 Romam
1203 3618 1423 3674 quoque
1452 3603 1734 3674 pervenit;
1778 3612 1943 3673 atque
1967 3605 2035 3660 iis

436 3698 542 3766 .qui
595 3695 1029 3762 concurrebant,
1077 3697 1305 3752 verbum
1367 3697 1586 3767 pietatis
1641 3697 2032 3764 annuntiavit,

449 3790 763 3858 muttosque
787 3803 884 3858 per
913 3787 1244 3858 baptismum
1282 3788 1509 3844 adduxit
1545 3789 1612 3843 ad
1654 3787 1862 3846 Christi
1907 3789 2036 3844 reli-

438 3883 691 3954 gionem,
725 3891 833 3935 tam
855 3881 1003 3936 viros
1027 3897 1194 3950 quam
1225 3881 1519 3948 mulieres;
1549 3881 1686 3938 adeo
1711 3891 1848 3938 utet
1879 3883 2033 3938 brevi

441 3985 692 4042 tempore
739 3973 1002 4027 nobilium
1048 3973 1336 4027 mulierum
1379 3973 1742 4039 clarissimis,
1788 3989 2037 4044 quasque

449 4065 628 4118 solent
657 4074 937 4118 matronas
968 4079 1306 4133 nuncupare,
1342 4065 1733 4133 propemodum
1760 4065 2033 4120 universis

451 4156 794 4226 persuaserit
844 4155 912 4210 ad
961 4165 1214 4210 sanctum
1266 4155 1535 4226 baptisma
1583 4154 1914 4227 confugere,
1970 4173 2035 4212 ac

451 4247 564 4302 Deo
596 4247 838 4301 credere.

520 4337 727 4394 CXLV.
758 4337 930 4393 Porro
953 4355 1077 4394 cum
1115 4338 1217 4409 ipsi
1242 4337 1354 4409 jam
1381 4339 1492 4394 vita
1520 4339 1876 4412 relinquenda
1907 4340 2031 4406 fuit,

449 4444 506 4487 et
534 4433 987 4502 proficiscendum
1026 4433 1092 4486 ad
1139 4433 1458 4502 magistrum
1501 4432 1804 4497 Christum,
1850 4432 2070 4486 Evan-t

2067 4478 2114 4537 υ

2133 1857 2369 1929 περιφὺς
2415 1856 2578 1911 αὐτοῦ
2616 1856 2694 1928 τῷ
2720 1857 2994 1929 τραχήλῳ,
3033 1857 3250 1930 θερμῶς
3298 1858 3532 1913 ἔκλαιεν.
3572 1860 3721 1913 Ἐπι-

2135 1949 2278 2021 σχὼν
2309 1949 2367 2003 δὲ
2392 1949 2486 2002 τοῦ
2529 1948 2775 2014 πένθους,
2793 1948 2932 2019 πρὸς
2947 1949 3048 2022 τὴν
3062 1949 3364 2020 σύγκλητον
3377 1950 3712 2020 ἀποϐλέψας·

2133 2044 2450 2117 Συγχάρητέ
2497 2061 2606 2114 μοι,
2633 2043 2758 2114 ἔφη,
2789 2043 2990 2107 πάντες
3035 2044 3130 2098 καὶ
3159 2044 3343 2115 κοινὴν
3357 2043 3552 2115 ἑορτὴν
3565 2060 3718 2116 ποιη-

2135 2136 2374 2208 σώμεθα,
2411 2135 2510 2208 τὴν
2540 2135 2826 2208 ἀνεύρεσιν
2873 2134 3116 2189 Φαύστου
3149 2136 3244 2190 καὶ
3288 2135 3607 2198 Ματθιδίας,
3637 2135 3720 2192 ὅτι

2131 2229 2315 2302 νεκροὶ
2340 2228 2680 2300 νομιζόμενοι
2703 2227 3021 2300 ἀνέστησαν,
3038 2227 3133 2280 καὶ
3145 2227 3720 2299 ἀπολωλότεςεύρέθη--

2135 2334 2248 2371 σαν.
2267 2313 2399 2371 Εἶτα
2419 2319 2512 2371 καὶ
2523 2317 2819 2389 εὐωχηθεὶς
2835 2319 2948 2389 μετ’
2963 2318 3141 2370 αὐτῶν
3162 2319 3256 2371 καὶ
3275 2318 3530 2390 χρήματα
3547 2317 3720 2372 πολλὰ

2133 2413 2479 2483 χρησάμενος
2497 2412 2563 2476 ’⁷,
2613 2411 2692 2465 ἔτι
2723 2411 2780 2465 δὲ
2814 2411 2905 2465 καὶ
2945 2410 3143 2476 παῖδας
3173 2413 3270 2466 καὶ
3311 2411 3604 2475 παιδίσκας
3638 2413 3720 2475 είς

2133 2506 2435 2576 ὑπηρεσίαν
2459 2505 2640 2567 αὐτοῖς
2660 2503 2926 2568 δεδωκὼς,
2942 2503 3210 2576 θεραπείᾳ.
3232 2503 3453 2577 πλείστῃ
3475 2503 3571 2557 καὶ
3583 2507 3718 2578 τιμῇ

2135 2596 2475 2668 περιέϐαλεν.
2525 2598 2588 2651 0?.
2633 2595 2728 2649 καὶ
2767 2595 2957 2668 χρόνον
3007 2594 3067 2649 οὐ
3098 2613 3152 2649 τι
3191 2595 3399 2667 βραχὺν
3442 2597 3499 2648 ὲν
3532 2595 3718 2668 Ῥώμη

2131 2691 2337 2762 διῆγον,
2367 2688 2608 2752 εὐσεϐῶς
2635 2687 2732 2760 μὲν
2759 2687 3020 2758 βιοῦντες,
3055 2688 3148 2742 καὶ
3183 2688 3377 2759 πένησι
3413 2687 3483 2741 τὰ
3509 2687 3720 2740 ἑαυτῶν

2133 2780 2495 2854 χορηγοῦντες
2516 2779 2584 2843 ’⁸,
2617 2781 2712 2831 καὶ
2746 2781 2924 2832 πᾶσαν
2951 2777 3117 2850 ἀλλην
3152 2777 3350 2850 ἀρετὴν
3383 2777 3720 2850 μετερχόμε-

2134 2890 2235 2937 νοι,
2259 2873 2364 2937 ἕως
2390 2873 2447 2924 ὲν
2476 2873 2634 2943 γήρει
2659 2870 2810 2942 καλῷ
2831 2870 2901 2924 τὰ
2927 2870 3161 2924 ἐνταῦθα
3181 2869 3448 2933 λιπόντες,
3464 2869 3563 2940 τὴν
3587 2871 3722 2939 Χριο

2137 2963 2263 3020 στοῦ
2297 2961 2570 3034 βασιλείαν
2601 2961 2921 3033 ἠλλάξαντο,
2952 2961 3257 3034 ἀρχέτυπον
3289 2961 3404 3032 βίου
3433 2961 3526 3015 καὶ
3549 2961 3722 3031 παρά-

2134 3060 2334 3128 δειγμα
2368 3057 2505 3128 πρὸς
2544 3055 2744 3127 ἀρετὴν
2783 3055 3172 3127 ἀκριϐέστατον
3193 3093 3207 3118 ,
3241 3053 3334 3108 τὸν
3359 3053 3570 3107 ἑαυτῶν
3601 3053 3718 3124 βίον

2135 3152 2203 3223 τῇ
2241 3148 2528 3220 Ῥωμαίων
2556 3145 2960 3218 παρασχόμενοι
2993 3144 3261 3217 πολιτείᾳ.

2205 3239 2435 3296 CXLIV.
2483 3237 2623 3308 Ἐγὼ
2652 3237 2749 3309 μέν
2789 3253 2872 3290 τοι
2902 3237 3133 3310 Κλήμης
3171 3234 3310 3309 μετά
3336 3237 3445 3289 τῶν
3473 3234 3718 3306 ἀδελφῶν

2133 3334 2214 3388 ἔτι
2256 3332 2407 3406 παρά
2447 3331 2525 3402 τῷ
2548 3329 2848 3400 διδασκάλῳ
2873 3329 3063 3401 Πέτρῳ
3092 3327 3435 3400 μεμενηκὼς,
3473 3327 3719 3399 ἐχομένῳ

2133 3447 2194 3484 τε
2218 3427 2314 3484 τοῦ
2349 3425 2720 3498 κηρύγματος,
2750 3422 2844 3476 καὶ
2886 3420 3114 3485 πολλοὺς
3161 3421 3226 3473 ὲκ
3262 3419 3520 3473 ποικίλων
3545 3419 3718 3474 νόσων

2137 3521 2231 3574 καὶ
2251 3517 2437 3572 παθῶν
2467 3517 2698 3588 ἰωμένῳ.
2726 3514 2877 3567 Ἐπεὶ
2901 3511 3002 3577 τὰς
3030 3511 3214 3575 πόλεις
3241 3511 3449 3575 ἐκεῖνος
3471 3508 3718 3582 ἀμείϐων

2137 3611 2339 3682 ἔφθασε
2385 3611 2478 3664 καὶ
2527 3610 2608 3671 είς
2645 3605 2882 3677 Ῥώμην,
2929 3606 3022 3657 καὶ
3069 3606 3183 3667 τοῖς
3219 3601 3458 3656 συνιοῦσι
3488 3602 3579 3655 τὸν
3616 3601 3718 3671 τῆς

2137 3703 2417 3766 εὐσεϐείας
2443 3702 2598 3771 λόγον
2645 3697 2916 3771 διήγγειλε
2945 3697 3012 3762 ⁹⁹,
3045 3699 3141 3751 καὶ
3168 3696 3396 3760 πολλοὺς
3436 3696 3516 3768 τῷ
3561 3696 3716 3768 μέρει

2137 3794 2372 3867 Χριστοῦ
2398 3793 2714 3866 προσήγαγε
2735 3790 2823 3844 διὰ
2862 3789 2958 3844 τοῦ
2998 3788 3387 3860 βαπτίσματος,
3432 3787 3633 3861 ἀνδρας
3656 3805 3717 3842 τε

2138 3892 2232 3944 καὶ
2255 3892 2536 3960 γυναῖκας,
2565 3888 2642 3950 ὡς
2667 3887 2762 3940 καὶ
2785 3885 2890 3939 τῶν
2919 3883 3152 3953 εὐγενῶν
3175 3881 3448 3952 γυναικῶν
3485 3881 3583 3944 τάς
3617 3898 3720 3934 πε-

2143 3982 2553 4056 ριφανεστέρας,
2603 3979 2698 4034 καὶ
2738 3977 2805 4042 ἃς
2828 3980 2856 4032 ό
2878 3977 3032 4045 λόγος
3074 3975 3363 4048 ματρώνας
3395 3969 3504 4028 οἶδε
3533 3974 3718 4027 καλεῖν

2140 4077 2276 4146 (l7),
2306 4077 2363 4127 ἐν
2385 4074 2548 4144 ὀλίγῳ
2571 4071 2747 4144 χρόνῳ
2773 4068 2971 4142 μικροῦ
2994 4069 3102 4122 δεῖν
3137 4066 3317 4130 πάσας
3349 4066 3718 4138 προσδραμεῖν

2141 4172 2328 4222 πεῖσαι
2351 4165 2429 4238 τῷ
2456 4164 2596 4237 ἀγίῳ
2625 4161 2985 4234 βαπτίσματι,
3011 4161 3104 4214 καὶ
3132 4157 3420 4214 πιστεῦσαι
3448 4157 3586 4229 Θεῷ.

2207 4341 2412 4400 CXLV.
2449 4341 2680 4413 Ἔμελλε
2705 4338 2763 4393 δὲ
2807 4339 2902 4392 καὶ
2945 4337 3107 4400 αὐτὸς
3131 4335 3229 4408 ἤδη
3260 4336 3352 4390 τὸν
3382 4335 3498 4407 βίον
3525 4335 3717 4390 ἀπολιο

2142 4443 2282 4504 πεῖν,
2327 4439 2422 4492 καὶ
2449 4436 2587 4509 πρὸς
2625 4434 2717 4488 τδν
2762 4429 3078 4486 διδάσκαλον
3119 4430 3427 4501 ἐκδημῆσαι
3458 4429 3716 4501 Χριστὸν,

444 4525 578 4599 gelii
629 4541 791 4580 cursu
840 4534 1275 4580 consummatos
1317 4525 1396 4595 (id
1453 4525 1653 4596 quippe
1698 4534 1888 4580 notum
1955 4527 2032 4582 illi

2137 4533 2230 4585 τὸν
2287 4529 2380 4584 τοῦ
2429 4527 2762 4597 Εὐαγγελίου
2807 4524 3003 4596 δρόμον
3054 4520 3376 4586 τετελεκώς·
3439 4521 3561 4574 ἐπεί
3613 4538 3720 4592 περ

442 4628 592 4681 .erat,
648 4619 905 4687 quodque
944 4617 1061 4687 ipse
1104 4618 1271 4672 etiam
1305 4617 1372 4672 ad
1403 4633 1648 4684 crucem,
1676 4626 1736 4672 ut
1759 4634 1882 4673 cum
1912 4618 2030 4672 Ma-

2137 4623 2372 4692 έγνωστο
2399 4619 2573 4689 τούτῳ
2613 4617 2681 4650 ¹⁰⁶
2713 4617 2806 4670 καὶ
2843 4617 2923 4669 ὅτι
2949 4613 3168 4686 σταυρῷ
3221 4612 3402 4683 μέλλει
3429 4614 3523 4666 καὶ
3563 4601 3720 4675 οὗτος

443 4710 625 4780 gistro
652 4710 960 4780 passionem
1009 4720 1063 4764 et
1110 4711 1336 4779 gloriam
1382 4726 1731 4766 communem
1787 4712 2032 4778 haberet,

2139 4711 2552 4782 κατακριθῆναι,
2581 4709 2668 4762 ἵνα
2691 4706 2768 4778 τῷ
2803 4704 3106 4776 διδασκάλῳ
3145 4705 3242 4759 καὶ
3279 4703 3484 4768 πάθους
3526 4720 3722 4757 κοινων

440 4803 795 4857 damnandus
824 4802 1028 4874 esset);
1073 4819 1182 4858 una
1211 4803 1555 4872 congregatis
1597 4803 1810 4860 cunctis
1848 4804 2032 4858 fratri-

2137 4809 2276 4881 νήσῃ
2300 4807 2394 4860 καὶ
2442 4803 2630 4876 δόξης⁸
2679 4803 2778 4875 μιᾷ
2823 4798 3291 4871 συνηθροισμένων
3332 4796 3440 4850 τῶν
3477 4795 3720 4866 ἀδελφῶν

448 4895 577 4958 ,hns,
609 4895 945 4963 apprehensa
1001 4911 1168 4950 manu
1217 4909 1360 4960 mea,
1411 4904 1562 4951 stans
1601 4897 1655 4950 in
1692 4896 1865 4951 media
1895 4911 2031 4952 eon-

2139 4899 2380 4962 πάντων,
2408 4898 2507 4970 τῆς
2534 4894 2716 4968 χειρός
2752 4911 2854 4966 μου
2884 4891 3198 4964 λαϐόμενος,
3225 4889 3356 4955 στὰς
3391 4891 3452 4946 ὲν
3481 4889 3623 4963 μέσῃ
3647 4891 3714 4961 τῇ

541 5001 567 5028 ι
608 4987 648 5039 ll
691 4985 831 5040 Tim.
879 5003 965 5054 iv,
1039 4987 1090 5042 7.

1735 5076 1972 5132 VARUS
2017 5069 2422 5131 LECTIO‘NES.

1197 5179 1242 5211 ⁸⁸
1281 5179 1352 5234 al.
1394 5176 1867 5251 ἐπιχορηγοῦντες.
1941 5178 1988 5209 ⁹⁹
2029 5174 2100 5229 al.
2140 5171 2442 5246 διήγγελλε.
2487 5172 2554 5203 ³⁸⁸
2594 5170 2646 5225 al
2695 5168 2870 5224 τοῦτο.

1805 5267 2168 5325 VARIORUM
2207 5265 2436 5322 NOTAE.

521 5360 636 5489 (16g
657 5365 906 5448 Τιϐερίῳ..
923 5365 1093 5419 Aliter
1114 5363 1475 5447 Nicephorus,
1505 5363 1646 5448 fligi.
1667 5363 1790 5418 ρει-Ι.
1804 5404 1819 5425 .
1845 5361 1938 5416 lib.
1966 5377 2025 5422 ιι.

525 5448 575 5489 ι).
640 5434 692 5489 5.
737 5435 781 5487 Α
811 5451 969 5489 cuius
999 5445 1267 5489 sententia
1315 5436 1546 5489 discedit
1586 5435 1870 5489 l'rcculfns
1893 5442 1932 5487 t.
1963 5431 2024 5489 ll.

447 5447 575 5518 gap.
604 5431 692 5490 35.
737 5431 785 5487 A7
811 5435 979 5518 ergo:
999 5431 1559 5518 sententiandiseedit'
1586 5433 1870 5518 Frecnlins
1893 5442 1932 5518 ιἔ
1963 5431 2024 5518 ll,

449 5502 549 5559 lib.
581 5520 640 5563 ιι,
675 5521 796 5574 cap.
825 5502 911 5560 10.
939 5504 1033 5559 Est
1060 5515 1240 5560 autem
1271 5505 1562 5576 Nicephori
1591 5504 1881 5570 sententia,
1915 5505 2030 5557 haec

447 5573 565 5645 sub,
588 5573 794 5630 Nerone
817 5576 1130 5645 contigisse.
1160 5575 1300 5631 Co'r.

675 5645 794 5725 Κιξί⁸
815 5645 888 5712 ἂς
914 5644 1142 5725 6.16ch
1152 5646 1475 5725 .patpdrrac
1496 5646 1618 5700 οἵδε
1635 5646 1866 5725 καθιεῖνΖ
1879 5645 2003 5716 Legi
2007 5653 2033 5725 ι

451 5712 713 5776 Nullius
741 5716 833 5775 lib.
866 5731 1015 5775 xuii
1045 5712 1053 5714 “
1080 5712 1519 5774 ,Adrersoriorum
1547 5733 1668 5792 cap.
1710 5718 1810 5773 Νι
1843 5717 1910 5784 ἃς
1935 5712 2030 5771 καὶ

526 5178 574 5216 ι⁹⁷
613 5178 688 5239 al,
728 5179 1109 5250 χαρισάμενος.

2137 5360 2424 5434 ματριῦνας
2453 5361 2482 5413 ὁ
2512 5358 2666 5428 λόγος
2695 5351 2812 5434 oi_6s_
2827 5355 3011 5409 καλεῖν
3029 5393 3044 5418 ,
3077 5365 3243 5433 parva
3285 5347 3718 5434 quidem

2173 5422 2428 5495 osi'tione,
2465 5422 2652 5483 verum
2685 5427 2928 5500 minime
2950 5422 3282 5500 necessaria.
3305 5422 3409 5500 Per
3435 5424 3716 5500 matronas

2137 5484 2510 5573 ἷιίιὲιιίέύίίιιιτ
2528 5501 2781 5573 honesta:
2805 5496 3041 5573 fetiiinw,
3071 5487 3601 5573 lionesto‘nobiliq't'iae
3625 5484 3718 5573 to:

2135 5553 2413 5636 ei—i'ii'ati’e;
2430 5553 2487 5625 ut
2508 5553 2722 5640 discere
2748 5577 2827 5623 est
2852 5583 2918 5622 ex
2932 5553 3182 5620 Cedreno
3195 5571 3266 5640 et
3283 5559 3493 5640 Servio.
3513 5553 3716 5640 ξΕορτή

2135 5629 2696 5712 τῶνηΜατριιρναλίων
2731 5643 3067 5695 memoratur
3113 5650 3144 5688 a
3192 5629 3488 5689 Plutarcho
3518 5629 3573 5684 in
3611 5631 3719 5687 Πομ

2149 5709 2278 5766 mu'i
2307 5709 2443 5769 Vita.
2471 5710 2546 5768 ID.
