4066 6140
359 288 464 344 577

1202 289 1662 348 CLEMENTI-NA.
1685 321 1748 332 -—
1773 287 2068 346 EPITOME
2095 287 2183 345 DE
2217 288 2462 346 GESTIS
2501 290 2558 344 S.
2602 285 2824 344 PETRI.

3497 281 3600 337 578

356 398 642 472 ἱκκλησία·
681 398 973 456 Ἀκούσατέ
1008 418 1143 473 μου,
1167 401 1273 473 ἔφη
1295 442 1310 464 ,
1337 402 1501 456 τέκνα
1537 402 1631 457 καὶ
1670 402 1918 472 ἀδελφοί·

2027 403 2183 458 cione
2213 410 2268 458 et
2312 403 2573 458 ecclesia:
2600 402 2793 458 Audite
2825 419 2930 470 me,
2950 403 3146 474 inquit,
3169 401 3264 457 ﬁlii
3292 411 3347 457 et
3371 399 3594 463 fratres;

353 492 449 546 τοῦ
482 491 582 562 μὲν
608 490 742 563 ἐμοῦ
771 491 975 564 δρόμου
999 493 1061 546 τὸ
1088 493 1242 558 τέλος
1271 494 1467 564 ἐγγύς·
1512 493 1672 547 τοῦτο
1699 493 1808 566 γὰρ
1831 494 1926 548 καὶ¹

355 582 456 653 ῆδη
506 599 595 653 μοι
621 583 917 652 ἔγνωσται·
957 585 1248 655 Κλήμεντα
1290 584 1348 638 δὲ
1400 585 1589 638 τοῦτον
1633 585 1926 639 ἐπίσκοπον

353 672 481 742 ὑμῖν
523 673 811 745 χειροτονῶ
853 675 1107 747 σήμερον,
1132 669 1176 744 ᾧ
1203 676 1294 730 καὶ
1317 678 1418 747 τὴν
1453 661 1596 749 ἐμὴν.
1619 677 1727 730 τῶν
1754 677 1926 747 λόγων

353 766 647 819 ἐπίστευσα
661 767 674 797 ¹
688 767 730 798 ’⁸
745 768 1032 840 καθέδραν,
1051 769 1126 832 ὡς
1145 768 1396 840 ἀπαρχῆς
1420 785 1509 839 μοι
1537 768 1806 839 καὶμέχρι
1829 767 1923 820 νῦν

353 857 766 923 συνοδεύσαντα,
821 861 916 913 καὶ
967 859 1110 913 οὕτω
1144 860 1331 913 πασῶν
1383 877 1483 932 μου
1531 860 1640 913 τῶν
1700 859 1924 930 ὁμιλιῶν

350 947 751 1012 ἐπακούσαντα,
782 949 842 1013 ὃς
870 951 928 1003 ὲν
961 950 1093 1004 πᾶσί
1122 967 1211 1021 μοι
1240 949 1350 1002 τῶν
1375 949 1696 1022 πειρασμῶν
1736 965 1924 1003 κοινω-

349 1041 539 1110 νήσας,
587 1043 654 1112 τῇ
707 1041 887 1094 πίστει
939 1041 1366 1114 προσκαρτερῶν
1415 1040 1650 1114 εὑρέθη·
1705 1041 1765 1095 ὃν
1812 1039 1922 1110 ἐγὼ

350 1124 714 1195 ἀκριϐέστατα
744 1127 959 1183 πάντων
995 1124 1113 1182 οἶδα
1136 1129 1360 1199 θεοσεϐῆ
1385 1129 1478 1183 καὶ
1525 1129 1918 1202 φιλάνθρωπον,

351 1216 511 1283 ἁγνόν
538 1235 598 1270 τε
622 1219 716 1271 καῖ⁵
745 1218 1013 1292 σώφρονα,
1045 1221 1266 1291 ἀγαθόν,
1294 1222 1518 1285 δίκαιον,
1552 1222 1917 1294 μακρόθυμον,

352 1308 444 1384 καὶ
470 1307 732 1374 γενναίως
755 1309 932 1364 εἰδότα
971 1310 1156 1381 φέρειν
1195 1309 1294 1374 τὰς
1337 1309 1492 1364 ἐνίων
1520 1310 1628 1364 τῶν
1656 1327 1922 1381 κατηχού-

335 1399 527 1468 [μένων
558 1401 892 1472 ἀχαριστίας.
922 1401 1012 1454 Διὸ
1030 1402 1178 1473 αὑτῷ
1206 1401 1531 1473 μεταδίδωμι
1553 1401 1655 1472 τῆς
1678 1401 1922 1468 ἐξουσίας

349 1490 442 1545 τοῦ
470 1492 688 1563 δεσμεῖν
711 1512 769 1546 τε
787 1495 880 1547 καὶ
903 1493 1070 1551 λύειν.
1098 1497 1259 1566 Δήσει
1281 1494 1388 1567 γὰρ
1412 1495 1439 1547 6
1466 1495 1549 1547 δεῖ
1567 1495 1802 1566 δεθῆναι,
1829 1495 1922 1548 καὶ

350 1583 499 1636 λύσει
545 1583 762 1648 πάντως
802 1586 830 1638 6
853 1586 930 1639 δεῖ
955 1586 1196 1658 λυθῆναι,
1228 1586 1303 1650 ὡς
1329 1586 1418 1639 τὸν
1466 1587 1564 1657 τῆς
1599 1586 1923 1656 Ἐκκλησίας

350 1677 548 1731 κανόνα
587 1677 766 1740 καλῶς
806 1677 975 1742 εἰδώς.
1025 1678 1196 1732 Αὑτοῦ
1245 1675 1337 1732 οὖν
1379 1678 1681 1743 ἀκούσατε,
1723 1677 1920 1743 εἰδότες

2028 509 2224 550 cursus
2252 495 2469 564 quidem
2494 495 2601 549 mei
2633 495 2756 549 ﬁnis
2777 510 2945 565 prope
2973 505 3055 550 est
3089 515 3102 549 :
3137 496 3189 549 id
3219 494 3364 550 enim
3395 503 3450 550 et
3483 495 3598 564 jam

2027 583 2160 638 mihi
2199 591 2283 637 est
2312 583 2589 653 cognitum
2627 602 2641 638 :
2673 583 3007 638 Clementem
3037 595 3217 640 autem
3248 585 3417 650 hunc,
3478 584 3598 653 cpi-

2027 688 2255 744 secpum
2277 675 2607 730 vobishodie
2637 675 2862 740 ordino;
2897 677 2984 729 cui
3005 685 3059 730 et
3088 693 3260 731 meam
3283 692 3604 733 sermonum

2025 767 2335 821 cathedram
2391 767 2588 832 credo;
2659 768 2916 837 quoniam
2980 770 3048 822 ab
3101 769 3256 824 initio
3311 771 3599 840 hucusque

2025 872 2210 912 comes
2257 857 2392 912 mihi
2425 858 2547 924 fuit,
2601 859 2789 927 sicque
2839 875 3030 914 omnes
3057 861 3263 916 audivit
3302 862 3595 918 conciones

2023 962 2210 1012 meas;
2271 947 2363 1017 qui
2416 948 2470 1001 in
2501 949 2754 1002 omnibus
2800 949 3070 1019 particeps
3135 951 3490 1005 tentationum
3541 961 3595 1006 et

2021 1038 2478 1108 periclitationum
2510 1057 2751 1096 mearum
2782 1041 2979 1106 factus,
3015 1043 3068 1096 in
3100 1043 3205 1098 ﬁde
3240 1059 3594 1113 perseverare

2021 1131 2274 1187 inventus
2323 1141 2436 1197 est;
2481 1149 2642 1202 quem
2695 1149 2796 1204 ego
2843 1137 3090 1190 omnium
3136 1135 3440 1192 certissime
3467 1136 3592 1190 novi

2019 1239 2142 1280 esse
2169 1224 2259 1279 Dei
2288 1227 2576 1292 cultorem,
2613 1237 2666 1281 et
2695 1227 2977 1282 hominum
3016 1236 3313 1294 amantem,
3357 1237 3595 1292 castum,

2020 1330 2084 1370 ac
2135 1323 2560 1385 temperantem,
2621 1319 2845 1384 bonum,
2892 1319 3125 1387 justum,
3175 1319 3492 1388 patientem,
3539 1328 3598 1373 et

2019 1408 2285 1462 valentem
2335 1409 2548 1464 fortiter
2594 1409 2737 1465 ferre
2774 1411 2987 1481 ingrata
3020 1412 3265 1466 facinora
3293 1411 3590 1466 nonnullo-

2021 1515 2144 1554 rum
2205 1502 2299 1571 qui
2351 1501 2660 1558 Christiana
2726 1503 3049 1558 imbuuntur
3095 1503 3365 1559 doctrina.
3411 1501 3592 1568 Quare

2020 1589 2098 1644 illi
2127 1590 2282 1645 trado
2323 1599 2643 1661 potestatem
2684 1592 2886 1662 ligandi
2926 1601 2981 1648 et
3025 1593 3267 1648 solvendi
3296 1606 3344 1648 α.
3379 1592 3592 1662 Ligabit

2019 1681 2162 1734 enim
2193 1682 2338 1752 quod
2386 1682 2543 1753 ligari
2591 1691 2825 1752 oportet,
2854 1695 2908 1738 et
2959 1685 3135 1739 solvet
3178 1685 3402 1738 omnino
3443 1683 3590 1754 quod

348 1770 428 1823 ὃτι
455 1771 485 1822 6
511 1769 601 1822 τὸν
631 1769 882 1841 ἀληθείας
918 1771 1384 1842 προκαθεζόμενον
1412 1770 1614 1835 λυπῶν,
1662 1773 1742 1834 είς
1782 1771 1917 1842 Χρι-

2021 1773 2155 1828 solvi
2181 1773 2372 1840 debet;
2403 1783 2462 1828 ut
2487 1774 2580 1844 qui
2631 1773 2898 1830 Ecclesia!
2929 1791 3194 1831 canonem
3240 1791 3304 1830 ac
3347 1777 3592 1846 regulam

349 1863 473 1915 στὸν
497 1862 819 1934 ἁμαρτάνει,
843 1863 939 1916 καὶ
955 1862 1045 1916 τόν
1068 1863 1278 1934 πατέρα
1303 1863 1412 1916 τῶν
1439 1863 1573 1917 ὅλων
1600 1860 1919 1935 παροργίζει

346 1953 475 2006 Θεόν
498 1972 512 1984 ·
559 1949 618 2008 οὗ
648 1956 852 2008 εἵνεκεν
878 1955 1194 2026 ούίλζήσεται
1252 1957 1360 2008 Καὶ
1389 1953 1550 2009 αὑτὸν
1581 1950 1675 2008 οὖν
1707 1953 1790 2006 δεῖ
1824 1953 1916 2007 τὸν

347 2043 850 2117 προκαθεζόμενον,
905 2045 1089 2118 ἱατροῦ
1133 2047 1298 2098 τόπον
1346 2045 1586 2116 ἐπέχειν,
1615 2044 1678 2098 ού
1726 2044 1916 2115 θηρίου

344 2136 537 2205 ἀλόγου
567 2137 756 2208 Θυμὸν.

410 2419 500 2476 GK
510 2419 641 2474 LVI.
669 2419 852 2473 Ταῦτα
877 2417 1039 2474 αὐτού
1067 2418 1332 2489 λέγοντος,
1355 2416 1464 2488 ἐγὼ
1486 2418 1716 2492 Κλήμης
1735 2419 1915 2473 πεσὼν

342 2515 435 2568 ξπ).
466 2515 588 2584 γῆς,
621 2512 786 2576 πολὺς
813 2509 879 2584 ἦν
901 2512 994 2565 τοῦ
1025 2512 1341 2566 διδασκάλου
1387 2512 1653 2584 δεόμενος,
1699 2513 1794 2566 καὶ
1823 2513 1914 2568 τὸν

343 2606 530 2677 θρόνον
589 2605 665 2669 ὡς
716 2605 951 2675 μάλιστα
1000 2605 1449 2676 παραιτούμενος.
1520 2603 1655 2656 Ἀλλ’
1699 2607 1727 2658 6
1775 2605 1914 2668 θεῖος

342 2697 670 2759 ἀπόστολοςο
696 2697 832 2767 Περὶ
867 2696 1056 2750 τούτου
1099 2714 1165 2767 με
1213 2697 1287 2767 μὴ
1315 2695 1490 2760 ἀξίου,
1524 2694 1712 2758 εἰπὼν,
1745 2694 1780 2749 ἀ
1805 2693 1913 2765 γάρ

339 2793 368 2844 6
398 2788 533 2852 Θεὸς
559 2788 804 2859 βούλεται
824 2789 865 2852 ι,
895 2787 980 2851 τίς
1005 2788 1186 2851 ἱκανὸς
1211 2786 1510 2860 ἀνθρώπων
1530 2786 1874 2840 διασκεδάσαι
1895 2803 1909 2850 ;

343 2880 464 2933 Ἔτι
495 2879 632 2950 πρὸς
650 2879 712 2931 τὸ
739 2877 941 2949 πλῆθος
969 2876 1089 2931 ἰδών
1112 2893 1126 2907 ⁸
1152 2877 1262 2930 Καὶ
1291 2877 1468 2948 ὑμεῖς,
1491 2876 1616 2948 ἔφη,
1642 2876 1913 2947 ἀγαπητοί¹

338 2972 575 3040 ἀδελφοὶ,
602 2972 701 3043 τὴν
734 2971 1088 3042 ὀφειλομένην
1113 2971 1188 3036 ὡς
1218 2971 1385 3041 πατρὶ
1414 2970 1579 3041 τιμὴν
1603 2970 1699 3024 καὶ
1737 2969 1915 3023 εὑπεί-

2019 1865 2188 1934 probe
2221 1875 2535 1936 cognoscat.
2567 1865 2748 1936 Ipsum
2772 1881 2901 1938 ergo
2925 1868 3147 1933 audite;
3183 1868 3440 1932 scientes,
3462 1883 3599 1922 eum-

2018 1955 2113 2025 qui
2141 1939 2384 2011 veritatis
2414 1957 2628 2026 praesidi
2659 1957 2965 2012 molestiam
2997 1958 3213 2012 exhibet
3240 1996 3257 2024 ,
3303 1960 3356 2012 in
3401 1957 3592 2012 Chris-

2019 2053 2132 2098 tum
2163 2061 2404 2115 peccare,
2436 2055 2490 2102 et
2515 2047 2685 2111 Deum
2713 2046 3094 2103 universorum
3127 2056 3334 2118 patrem
3363 2050 3603 2103 incitare'

2017 2135 2084 2190 ad
2115 2136 2282 2204 iram;
2316 2149 2646 2209 quapropter
2670 2155 2776 2194 non
2800 2154 2920 2196 esse
2944 2141 3237 2196 victurum.
3263 2140 3381 2212 Ipse
3410 2142 3602 2210 itaque-

2016 2244 2217 2297 praeses
2259 2229 2417 2285 debet
2463 2231 2662 2285 medici
2705 2232 2886 2288 locum
2943 2233 3212 2301 obtinere,
3260 2250 3370 2289 non
3404 2235 3590 2292 bestia

2015 2321 2224 2374 ratione
2251 2321 2488 2376 carentis
2517 2321 2778 2378 furorem.
3130 2321 3142 2337 “

2085 2411 2316 2468 CXLVI.
2343 2411 2468 2469 Hzec
2503 2430 2568 2469 eo
2613 2415 2848 2479 dicente.
2893 2431 2995 2488 ego
3023 2417 3276 2473 Clemens
3297 2418 3602 2488 procidens

2015 2502 2069 2556 in
2105 2510 2326 2569 terram,
2361 2506 2567 2562 multus
2607 2521 2756 2562 eram
2796 2507 2850 2562 in
2894 2509 3106 2563 orando
3152 2509 3396 2576 doctore,
3436 2518 3490 2563 et
3529 2511 3591 2563 in

2015 2597 2140 2651 sede
2169 2613 2333 2667 quam
2377 2599 2614 2653 maxime
2636 2599 2998 2670 deprecanda.
3026 2599 3130 2654 Sed
3177 2600 3395 2655 divinus
3455 2615 3601 2670 apo-

2015 2689 2188 2743 stolus
2223 2709 2236 2744 :
2274 2688 2392 2744 Noli
2431 2706 2538 2755 me,
2584 2691 2756 2755 dixit,
2785 2693 2853 2746 de
2882 2692 2985 2746 hoc
3022 2708 3215 2763 rogare
3249 2708 3261 2744 :
3293 2707 3414 2761 quae
3438 2692 3596 2745 enim

2015 2779 2157 2836 Deus
2185 2781 2320 2847 vult,
2349 2783 2472 2851 quis
2499 2782 2778 2837 hominum
2803 2783 3072 2853 dissipare
3101 2785 3335 2854 poterit?
3386 2782 3583 2837 Postea

2013 2873 2078 2926 ad
2111 2873 2513 2928 multitudinem
2537 2874 2834 2942 respiciens
2874 2892 2887 2928 :
2931 2872 2998 2928 Et
3024 2889 3141 2939 vos,
3165 2873 3360 2943 inquit,
3389 2873 3598 2928 fratres

2015 2962 2347 3030 charissimi,
2376 2963 2616 3018 debitum
2641 2973 2701 3019 ut
2727 2965 2866 3033 patri
2896 2965 3158 3019 honorem
3175 2974 3230 3018 et
3261 2965 3586 3034 obsequium

338 3064 490 3118 θειαν
540 3063 630 3118 διά
681 3063 884 3128 παντὸς
926 3062 1231 3117 ἀποδιδόναι
1279 3062 1358 3134 τῷ
1416 3061 1570 3133 ὐμῶν
1618 3061 1786 3162 ’δ’δθξξτὲ)ὶ
1833 3062 1943 3151 μὴ(

2017 3070 2106 3125 per
2153 3055 2334 3109 omnia
2385 3055 2598 3110 deferre
2651 3053 2799 3110 Patri
2850 3064 3029 3110 vestro
3077 3071 3146 3110 ne
3200 3055 3475 3110 desinite:
3507 3055 3593 3110 ita

337 3155 602 3209 υἷιίοεοιτε
636 3155 658 3187 ³
682 3171 699 3186 ο
733 3154 876 3208 οὑτω
915 3153 1023 3226 γὰρ
1066 3155 1160 3208 καὶ
1212 3155 1366 3225 ὑμεῖς
1392 3151 1771 3224 ποιμαίνεσθαι
1809 3169 1910 3204 κα-

335 3246 442 3311 λῶς
484 3247 656 3313 ἕξετε,
687 3247 781 3299 καὶ
809 3246 1012 3316 ποιμὴν
1031 3239 1182 3309 οὗτος
1211 3245 1383 3307 ἔσται,
1403 3244 1498 3297 καὶ
1524 3243 1587 3296 ού
1623 3241 1913 3314 μισθωτὸς,

2014 3144 2216 3214 quippe
2233 3156 2287 3200 et
2311 3145 2466 3199 vobis
2488 3155 2633 3200 recte
2659 3145 2772 3216 regi
2792 3161 2888 3200 seu
2913 3146 3061 3215 pasci
3087 3147 3388 3216 continget;
3421 3156 3596 3217 atque-

2014 3235 2116 3290 iste
2140 3235 2244 3289 erit
2269 3244 2479 3305 pastor,
2509 3251 2618 3288 non
2643 3237 3034 3300 mercenarius,
3071 3252 3374 3306 curamque
3403 3238 3596 3308 gregis

333 3337 428 3390 τοῦ
470 3336 722 3407 ποιμνίου
779 3335 1221 3407 ἐπιμελούμενος.
1279 3334 1506 3388 Ἔσεσθε
1557 3334 1666 3405 γὰρ
1715 3332 1914 3395 εἰδότες

2017 3326 2294 3395 suscipiet.
2341 3323 2479 3378 Nam
2529 3325 2722 3379 scitote
2774 3340 2899 3380 eum
2930 3326 3054 3396 ,qui
3081 3327 3284 3396 pastori
3317 3341 3382 3381 ac
3410 3329 3598 3398 magi--

334 3432 412 3495 ὡς
446 3433 476 3484 6
520 3429 612 3482 τὸν
653 3413 886 3500 ποιμένα
938 3445 998 3480 τε
1026 3427 1120 3481 καὶ
1165 3425 1478 3480 διδάσκαλον
1532 3427 1590 3478 ὲν
1635 3427 1748 3488 τοῖς
1774 3422 1917 3477 κατά

2017 3427 2128 3473 stro
2160 3417 2435 3488 negotium
2490 3417 2543 3471 in
2598 3416 2762 3471 rebus
2813 3432 2934 3487 quae
2981 3418 3048 3473 ad
3091 3416 3260 3472 Deum
3310 3417 3591 3486 pertinent-

335 3523 471 3576 Θεὸν
497 3520 701 3585 λυπῶν,
721 3520 782 3573 τὸ
800 3519 893 3574 τοῦ
913 3518 1051 3573 Θεοῦ
1071 3517 1284 3591 πνεῦμα
1305 3518 1484 3582 λυπεῖ,
1527 3504 1589 3562 οὗ
1624 3519 1724 3588 τὴν
1751 3515 1913 3569 καθέ-

334 3613 468 3684 δραν
498 3608 651 3675 οὗτος
669 3610 876 3665 καὶτὸν
893 3610 1060 3664 τόπον
1079 3609 1260 3681 ἐπέχει
1280 3627 1293 3641 ·
1320 3611 1416 3664 καὶ
1433 3612 1462 3664 6
1487 3609 1614 3672 τοὺς
1635 3607 1800 3662 αὑτοῦ
1825 3608 1912 3662 λό-

333 3719 465 3773 γους
500 3702 729 3767 ἀθετῶν,
765 3701 997 3773 Χριστὸν
1034 3702 1232 3766 ἀθετεῖ,
1274 3703 1367 3756 καὶ¹
1403 3699 1723 3773 παραϐάτης
1745 3700 1908 3772 νόμου

335 3796 668 3867 εὑρίσκεται.
687 3793 800 3865 Πρὸ
822 3792 1038 3846 πάντων
1059 3793 1115 3846 δὲ
1133 3792 1204 3846 τὰ
1220 3793 1318 3864 τῆς
1339 3793 1574 3856 πίστεως
1597 3792 1626 3845 ὑ
1635 3794 1724 3863 μῖν
1744 3791 1910 3861 ὑγιῶς

333 3886 610 3957 ἐχέτωσαν
641 3884 735 3938 καὶ
770 3882 1020 3955 βεϐαίως,
1066 3883 1294 3955 κινδύνῳ
1325 3882 1512 3955 μηδενὶ
1539 3881 1904 3953 σαλευόμενα·

335 3978 530 4031 ἔπειτα
554 3976 648 4029 καὶ
667 3978 695 4028 6
717 3975 828 4046 βίος
853 3975 1004 4048 ὑμῶν
1028 3973 1268 4046 καθαρὸς
1300 3974 1460 4038 ἔστω,
1487 3973 1524 4044 ἦ
1541 3972 1903 4045 καθαιρέσθωο

335 4070 430 4121 καὶ
458 4065 880 4136 προηγουμένως
917 4066 947 4118 6
976 4063 1074 4117 τοῦ
1098 4061 1346 4135 σώματος
1382 4063 1650 4134 ἁγιασμὸς
1673 4063 1908 4116 σπουδα-

2013 3509 2254 3574 facessit,
2307 3509 2401 3564 Dei
2448 3508 2737 3579 Spiritum,
2783 3508 2944 3578 cujus
2991 3509 3081 3564 hic
3104 3508 3286 3563 sedem
3317 3518 3372 3564 et
3394 3511 3588 3565 locum

2010 3602 2239 3667 obtinet,
2290 3602 2613 3655 contristare
2651 3615 2932 3671 :eumque
2976 3601 3070 3671 qui
3117 3616 3396 3656 sermones
3431 3602 3592 3656 illius»

2011 3693 2235 3764 spernit,
2261 3691 2538 3748 Christum
2562 3707 2842 3763 spernere,
2872 3702 2926 3749 et
2955 3694 3090 3765 legis
3119 3703 3590 3766 transgressorenv

2009 3785 2242 3841 inveniri
2269 3785 2320 3840 ιι.
2355 3785 2494 3841 Ante
2531 3786 2715 3841 omnia
2742 3802 2874 3842 vero
2902 3787 3036 3842 ﬁdes
3064 3787 3117 3841 in
3147 3788 3304 3843 vobis
3341 3803 3474 3843 sana
3505 3788 3595 3843 sit.

2008 3891 2072 3931 ac
2101 3876 2278 3944 ﬁrma,
2319 3876 2467 3933 nullo
2497 3876 2738 3947 periculo
2787 3876 3089 3946 ﬂuctuans;
3127 3879 3321 3934 deinde
3370 3888 3424 3934 et
3468 3878 3589 3933 vita:

2006 3979 2184 4025 vestra
2230 3983 2364 4040 pura
2408 3979 2501 4023 aut
2545 3969 2651 4033 sit,
2690 3977 2784 4023 aut
2822 3969 3115 4037 eﬁieiatur;
3165 3972 3592 4042 praesertimque'

2005 4061 2286 4116 excolatur
2315 4059 2562 4130 corporis
2583 4060 2978 4127 sanctimonia;
3013 4075 3170 4116 nemo
3192 4063 3336 4116 enim
3369 4061 3592 4133 absque

336 4155 532 4221 ζέσθω·
551 4156 724 4220 οὐδεὶς
744 4155 852 4228 γὰρ
869 4155 1057 4209 τούτου
1073 4156 1262 4228 χωρὶς,
1277 4156 1368 4210 τὸν
1383 4155 1583 4225 Κύριον
1601 4153 1812 4225 ὄψεται.
1833 4155 1906 4208 T6

2017 4169 2068 4209 ea
2100 4151 2645 4207 Dominum'videbit.
2686 4150 2799 4204 Pax
2835 4161 2890 4206 et
2917 4152 3073 4222 quies
3114 4154 3256 4207 inter
3297 4168 3398 4208 vos
3425 4153 3588 4208 omni:

337 4248 612 4321 εἰρηνικόν
634 4265 691 4300 τε
721 4248 813 4300 καὶ
835 4248 1039 4319 ἦμερον
1062 4247 1306 4319 ἀλλήλοις
1341 4246 1506 4301 παντὶ
1532 4247 1718 4318 τρόπῳ
1745 4263 1902 4316 περι-

2017 4245 2166 4301 modo
2195 4254 2462 4300 teneatur.
2494 4242 2649 4310 Quod
2683 4245 2727 4298 si
2756 4242 2898 4298 forte
2930 4244 3246 4315 scandalum
3269 4255 3323 4299 et
3348 4244 3588 4301 oll‘ensio

336 4338 594 4392 ποιείσθω
619 4339 706 4391 Μ.
738 4338 802 4391 Εἰ
825 4339 881 4392 δὲ
907 4339 1001 4392 καὶ
1027 4338 1264 4410 συμϐαίη
1293 4338 1422 4391 ποτὲ
1443 4337 1683 4409 ἀλλήλοιν
1702 4335 1904 4407 μεταξὺ

2017 4339 2145 4391 inter
2173 4350 2272 4390 vos
2295 4335 2571 4401 acciderit,
2619 4335 2700 4390 sol
2739 4337 2810 4390 ita
2842 4336 3049 4391 aﬁ‘ectis
3096 4337 3252 4391 vobis
3289 4351 3396 4390 non
3429 4339 3576 4392 occi—

336 4430 654 4494 σκάνδαλον,
691 4431 764 4502 μὴ
793 4430 1057 4484 ἐπιδυέτω
1087 4431 1214 4500 ὑμῖν
1247 4430 1275 4482 6
1303 4429 1453 4500 ⁴ἣλιος
1492 4427 1671 4491 οὕτως
1698 4428 1902 4497 ἔχουσι.
1933 4441 1943 4495 ι

2017 4427 2098 4482 iat
2130 4437 2177 4480 ε.
2209 4425 2463 4481 Judicare
2485 4426 2552 4480 de
2581 4427 2838 4495 proximo
2863 4435 3108 4483 cavetote
3147 4445 3160 4481 :
3197 4427 3245 4481 id
3275 4428 3318 4482 si
3351 4427 3576 4496 quidem

334 4519 443 4572 Τοῦ
468 4519 512 4551 ⁸⁸
545 4519 754 4591 κρίνειν
796 4519 886 4572 τὸν
935 4519 1163 4590 πλησίον
1203 4518 1517 4572 εὐλαϐεῖσθε
1541 4535 1556 4548 ο
1582 4515 1905 4589 φαρισαῖκδν

2017 4518 2409 4574 Pharisaeorum
2439 4527 2544 4582 est,
2575 4527 2630 4573 et
2661 4504 2958 4574 obnoxi-um
2995 4519 3204 4588 judicio
3229 4519 3278 4573 δ.
3317 4517 3575 4588 Hospita-

333 4611 443 4680 γάρ
476 4610 654 4673 τοῦτο,
702 4610 796 4663 καὶ
823 4611 1054 4682 κρίσεως
1095 4610 1294 4682 ἔνοχον.
1339 4611 1452 4681 Τῆς
1481 4609 1777 4681 φιλοξενίας
1811 4609 1906 4664 καὶ

2017 4610 2178 4666 litatis
2223 4618 2277 4664 et
2332 4610 2704 4666 beneﬁcentiae
2751 4626 2820 4666 ne
2863 4611 3260 4667 obliviscamini
3295 4612 3442 4664 :hoc
3489 4619 3573 4665 est

334 4704 578 4765 εύποιῖας
626 4703 703 4774 μὴ
744 4703 1190 4758 ἐπιλανθάνεσθε·
1241 4704 1398 4758 τοῦτο
1437 4703 1545 4775 γὰρ
1583 4703 1769 4775 ἐντολὴ
1809 4702 1904 4755 τοῦ

2017 4703 2153 4758 enim
2184 4702 2474 4772 praeceptio
2516 4702 2678 4773 primi
2717 4701 2959 4771 Magistri
2996 4718 3061 4758 ac
3111 4701 3410 4757 Salvatoris
3451 4701 3571 4758 Dei.

333 4795 552 4866 πρώτου
582 4795 910 4850 Διδασκάλου
941 4797 1034 4849 καῖ
1062 4796 1310 4868 Σωτῆρος
1341 4796 1380 4826 ²¹
1409 4795 1566 4850 Θεοῦ.
1606 4795 1730 4860 Τοῖς
1755 4795 1908 4848 πταί-

2017 4793 2078 4848 lis
2111 4793 2204 4863 qui
2259 4790 2539 4847 offendunt
2581 4801 2802 4861 peccata
2841 4793 3187 4846 condonate:
3218 4791 3297 4846 sic
3337 4806 3575 4860 namque

331 4902 452 4939 ουσι
501 4889 830 4958 συγχωρεῖτε
883 4886 953 4940 τά
1011 4888 1412 4960 ἁμαρτήματα·
1466 4886 1614 4940 οὕτω
1651 4887 1761 4958 γὰρ
1809 4889 1904 4942 καὶ

2017 4892 2059 4938 et
2086 4882 2190 4952 ipsi
2217 4882 2334 4938 sine
2363 4881 2469 4936 line
2508 4880 2704 4937 dicetis
2741 4881 2873 4936 illud
2906 4901 2926 4937 ε
2952 4879 3175 4935 Dimitte
3211 4882 3357 4935 nobis
3393 4881 3569 4935 debita

333 4979 486 5032 αὐτοὶ
513 4976 806 5042 ἀπαύστως
824 4979 942 5012 ¹²·¹³
959 4981 1131 5052 ἐρεῖτε
1158 4979 1232 5032 τό·
1263 4981 1445 5048 Ἄφες
1474 4979 1617 5049 ἡμῖν
1643 4980 1714 5034 τὰ
1741 4981 1900 5049 ὀφει-

2017 4983 2190 5029 nostra
2217 4983 2262 5027 ο.
2304 4971 2448 5027 Inter
2473 4971 2736 5036 trutinas,
2766 4985 3076 5034 mensuras,
3099 4979 3359 5040 pondera,
3391 4987 3458 5026 ne
3486 4972 3571 5026 vel

332 5068 572 5138 λήματα
600 5064 782 5138 ἡμῶν.
817 5069 985 5136 Ζυγά,
1015 5069 1207 5142 μέτρα,
1231 5070 1324 5123 καὶ
1347 5069 1601 5141 σταθμία,
1633 5071 1765 5142 μηδὲ
1785 5070 1840 5124 ἓν
1859 5071 1901 5102 ’⁵

2017 5081 2176 5121 unum
2209 5065 2393 5120 minus
2423 5079 2636 5134 aequum
2678 5071 2875 5118 exstet.
2926 5062 3013 5116 Ad-
3047 5063 3196 5118 hunc
3230 5064 3429 5133 quippe
3453 5077 3572 5115 mo-

332 5158 516 5212 ἇδικον
542 5157 699 5212 ἔστω.
737 5157 892 5211 Οὕτω
932 5158 1045 5231 γὰρ
1072 5160 1116 5192 ⁸⁸
1142 5160 1514 5232 εὐνομουμένη
1541 5158 1712 5225 πόλις,
1744 5162 1780 5232 ἡ
1804 5160 1904 5214 τοῦ

2017 5161 2135 5215 [lum
2156 5158 2349 5213 civitas
2373 5156 2648 5226 prmclaris
2672 5155 2878 5226 legibus
2899 5157 3218 5227 gubernata,
3240 5156 3346 5211 erit
3376 5155 3569 5210 catho-

367 5270 394 5297 α
419 5253 614 5309 Matth.
648 5254 873 5321 ιν1,19.
915 5254 943 5294 b
968 5253 1102 5312 Luc.
1140 5272 1195 5323 ι,
1229 5256 1314 5311 16.
1358 5255 1579 5326 eEphes
1632 5272 1703 5320 Iv,
1742 5256 1835 5310 26.
1911 5254 1939 5294 δ

2017 5254 2152 5310 atth.
2189 5258 2290 5311 νιν,
2327 5247 2373 5302 I-
2463 5263 2486 5290 ο
2527 5251 2716 5305 Matth.
2753 5255 2945 5316 vn,l:’.

1623 5365 1856 5423 VARI/IS
1895 5363 2290 5421 LECTIONES.

403 5467 473 5499 ¹·³
507 5466 580 5522 al.
623 5465 881 5520 πιστεύω.
930 5465 1044 5538 "al.
1110 5462 1470 5538 βεϐούλευται.
1511 5459 1538 5492 ⁸
1572 5459 1649 5538 al.
1683 5458 2000 5538 ἐλλείψεις-ευ
2071 5457 2140 5489 ⁸⁸⁸
2157 5457 2228 5538 al:
2293 5455 2690 5538 «seruatam-025..
2735 5454 2894 5538 ληρι.
2934 5454 3015 5508 τό.
3058 5525 3081 5538 υ
3121 5455 3179 5538 “.
3203 5454 3275 5508 al.
3323 5469 3562 5538 praepon.

329 5531 508 5614 ῄμῶν.
561 5537 708 5614 ..ξ’-η
733 5538 804 5591 al.
847 5523 1178 5614 ἀπταίστως.
1258 5535 1304 5566 ¹⁸
1329 5533 1400 5587 al.
1427 5533 1592 5614 inser:
1623 5528 1771 5614 ὑμῖν.
1852 5523 2486 5614 ίξξεὶὺνομουμενηπόλις.
2513 5523 3116 5614 ηαρχάνθρώποιςΔτοξς

334 5595 536 5662 Irenaeo
561 5606 759 5732 libégv,
787 5622 906 5676 cap.
933 5605 1022 5670 Η,
1075 5595 1174 5675 pro
1215 5618 1324 5674 quo
1361 5613 1519 5660 vetus
1567 5595 1840 5672 interpres-
1881 5595 2132 5654 hiartv'ris
2162 5595 2392 5668 legebat
2418 5595 2806 5665 εὐνοουμένοις.
2849 5595 3003 5664 Apud
3053 5595 3326 5662 beatius,
3353 5595 3562 5666 inquit,

335 5686 592 5732 κωκύω.
712 5692 769 5732 ’1.
