4032 6146
432 234 536 292 519

1263 238 1319 294 S.
1360 238 1746 297 GLEIlENTlS
1787 241 1806 295 l
1846 240 2009 298 ROM.
2054 243 2255 300 PONT.
2298 241 2526 303 OI’ERA
2569 248 2798 305 DUBlA.

3578 250 3679 310 580

431 352 534 408 lica
563 352 652 407 Dei
713 351 973 409 Ecclesia.
1033 354 1137 423 Qui
1187 359 1398 428 negotia
1454 358 1704 429 quaedam
1765 361 1906 415 inter
1940 376 1998 414 se

2097 360 2234 425 θεοῦ
2263 362 2413 416 ἔσται
2460 363 2721 435 καθολικὴ
2766 364 3078 434 Ἐκκλησία.
3107 364 3190 418 .οἱ
3231 364 3534 437 πράγματα
3560 383 3680 420 τινα

431 443 662 510 habent,
694 447 835 518 apud
881 446 1134 519 Ecclesia:
1173 450 1515 522 presbyteros
1562 450 1909 519 judicentur;
1945 461 1996 507 et

428 536 575 604 quod
606 537 805 593 bonum
837 549 921 595 est
952 541 1333 612 contemplati,
1368 544 1786 599 reconcilientur
1813 560 1826 596 :
1860 561 1995 603 neve

425 628 495 682 ad
531 629 821 687 tribunalia
855 629 1050 687 fratres
1105 633 1397 699 traltitote;
1441 633 1681 704 iudicari
1727 636 1876 691 enim
1926 638 1997 693 ab

426 722 702 778 extraneis
741 738 802 778 ac
829 723 1082 789 etlmicis,
1110 724 1159 778 id
1189 739 1318 779 vero
1354 726 1651 781 infidelium
1676 738 1787 795 est;
1821 745 1997 799 quan-

427 810 718 882 doquidem
746 824 820 880 et,
852 814 1076 885 Angelos
1090 816 1456 885 judicabimus
1488 831 1513 859 ι
1540 860 1556 885 ,
1593 820 1854 889 scriptum
1888 830 1990 875 est.

429 903 603 975 Super
632 906 836 973 omnia,
883 916 939 962 et
989 917 1115 963 ante
1167 911 1350 964 omnia
1400 923 1670 980 pastorem
1705 913 1778 967 ita
1813 913 1995 969 intue-

424 995 666 1065 mini,lut
696 1012 781 1050 me
813 995 1033 1052 Petrum
1061 1039 1077 1064 ,
1116 999 1210 1068 qui
1249 1014 1279 1053 a
1330 999 1440 1056 Deo
1481 1002 1686 1058 electus
1731 1012 1815 1059 est
1838 1002 1993 1058 vobis

423 1086 478 1141 in
510 1087 850 1157 magistrum.
964 1122 974 1137 κ

491 1179 743 1234 CXLVII.
791 1180 865 1235 Ita
893 1196 1017 1237 cum
1063 1195 1394 1252 perorasset,
1428 1194 1482 1240 et
1516 1200 1701 1240 coram
1735 1186 1995 1242 omnibus

422 1289 618 1329 manus
663 1275 796 1330 mihi
838 1276 1212 1345 imposuisset,
1266 1278 1319 1331 in
1377 1294 1476 1333 sua
1510 1279 1770 1333 cathedra
1803 1281 1994 1336 sedere

421 1366 549 1421 fecit
583 1383 597 1420 :
631 1381 869 1436 cumque
913 1368 1199 1433 sedissem,
1243 1368 1348 1423 hoc
1395 1369 1529 1423 mihi
1578 1369 1758 1425 statim
1809 1370 1991 1426 dixit:

418 1456 528 1513 Oro
564 1467 615 1512 te
640 1474 827 1512 coram
858 1460 1109 1515 omnibus
1159 1460 1255 1530 qui
1283 1459 1504 1524 adsunt,
1540 1461 1678 1515 meis
1706 1460 1991 1529 fratribus,

418 1557 481 1602 ut
505 1549 723 1618 quando
760 1564 825 1603 ex
859 1549 960 1603 hac
989 1548 1097 1604 vita
1148 1550 1477 1621 migravero,
1528 1552 1990 1620 quemadmodum

417 1637 511 1693 Dei
541 1639 755 1694 censuit
786 1639 1123 1709 providentia
1147 1678 1163 1703 ,
1188 1642 1371 1695 omnia
1400 1640 1620 1695 domino
1649 1639 1854 1698 Iacobo
1882 1641 1993 1697 l‘ra-

417 1730 485 1784 tri
526 1728 736 1784 Domini
770 1730 877 1785 mei
915 1731 1324 1800 compendiario
1373 1731 1653 1787 describas
1696 1741 1748 1787 et
1782 1735 1989 1800 mittas,

414 1822 579 1877 etiam
619 1837 792 1892 usque
824 1822 893 1877 ad
940 1823 1186 1893 pueritiae
1211 1832 1316 1878 tuae
1338 1824 1590 1889 consilia,
1638 1832 1693 1879 et
1727 1829 1990 1895 quemad~

415 1912 639 1967 modum
693 1912 762 1967 ab
794 1912 948 1967 initio
975 1913 1042 1967 ad
1070 1912 1174 1968 hoc
1208 1915 1380 1983 usque
1403 1922 1616 1984 tempus
1640 1930 1854 1970 mecum
1886 1916 1991 1972 iter

415 2005 630 2072 feceris,
652 2007 658 2013 ’
680 2006 910 2060 audiens
950 2019 1235 2060 sermones
1265 2012 1319 2059 et
1362 2012 1518 2061 actus
1548 2020 1579 2063 a
1610 2021 1697 2061 me
1723 2008 1990 2076 praedica-

417 2106 501 2154 tos
531 2117 545 2153 :
576 2097 771 2153 deinde
797 2098 851 2152 in
889 2097 1014 2164 line,
1046 2105 1101 2153 ct
1129 2097 1322 2153 mortis
1343 2112 1479 2153 meat
1501 2113 1747 2166 causam,
1776 2109 1837 2155 ut
1863 2110 1991 2156 ante

413 2191 550 2256 dixi,
579 2190 821 2245 indicare
853 2205 921 2244 ne
953 2188 1198 2257 omittas.
1240 2185 1363 2243 Non
1410 2189 1558 2244 enim
1599 2189 1704 2245 hoc
1740 2189 1789 2245 ei
1820 2191 1990 2246 mele-

414 2283 576 2337 stiam
604 2282 844 2349 creabit;
877 2290 937 2336 ut
964 2282 1059 2351 qui
1089 2288 1241 2336 certo
1277 2280 1435 2347 sciat,
1467 2296 1554 2336 me
1583 2281 1731 2352 quod
1764 2283 1990 2337 omnino

412 2373 524 2442 pati
553 2374 843 2439 debebam,
879 2373 964 2443 pie
999 2372 1325 2427 reddidisse.
1360 2369 1656 2428 Maximum
1688 2380 1871 2428 autem
1899 2389 1990 2430 so-

412 2467 602 2522 latium
630 2466 870 2530 habebit,
895 2465 1114 2535 quando
1142 2465 1335 2529 discet,
1363 2475 1489 2534 post
1514 2480 1622 2532 me,
1650 2466 1989 2522 nonhomini
2022 2492 2027 2497 ο

412 2557 666 2627 imperito
690 2556 756 2611 ac
786 2556 1028 2610 vitalium
1055 2555 1344 2611 verborum
1378 2555 1587 2624 ignaro,
1610 2556 1705 2611 sed
1735 2554 1991 2613 Ecclesiae

412 2664 678 2704 canonem
700 2647 946 2702 omnium
976 2647 1211 2703 maxime
1256 2646 1488 2714 scienti,
1526 2647 1839 2703 cathedram
1891 2648 1990 2703 do-

413 2740 582 2796 ctoris
639 2740 899 2795 creditam
959 2732 1149 2795 fuisse.
1183 2738 1451 2806 Quocirca
1480 2753 1603 2809 ego,
1651 2739 1869 2795 domine
1914 2741 1988 2796 mi

411 2831 778 2898 Jacobe,eum
811 2831 1066 2902 magister
1096 2830 1289 2897 Petrus
1321 2832 1437 2887 haec
1474 2832 1609 2886 mihi
1639 2833 1987 2902 praeceperit;

413 2925 560 2993 quod
607 2923 816 2993 justum
865 2931 969 2988 est,
1013 2921 1288 2992 complere
1335 2937 1441 2976 non
1491 2922 1695 2977 veritus
1741 2939 1886 2990 sum,
1934 2935 1991 2978 et

413 3016 575 3086 quasi
621 3015 679 3069 in
724 3012 1052 3082 compendio
1096 2999 1194 3067 tibi
1230 3022 1428 3068 cuncta
1479 3022 1607 3068 nota
1663 3011 1867 3076 facere.
1914 3015 1990 3071 ita

416 3110 677 3181 inscripto
699 3109 879 3178 operis
909 3117 1268 3178 argumento:
1302 3106 1593 3163 Clementis
1615 3147 1631 3174 ,
1664 3107 1825 3163 Petri
1841 3124 1989 3180 pere-

412 3203 769 3273 grinationum
792 3210 843 3255 et
864 3201 1306 3271 pradicationum
1334 3199 1601 3268 Epitome.
2015 3220 2059 3279 (ς

482 3291 760 3349 CXLVIII.
797 3290 922 3347 llam
962 3292 1146 3363 itaque
1190 3301 1276 3348 est
1311 3292 1471 3363 plena
1508 3291 1750 3348 caelestis
1770 3292 1987 3364 gratiae,

411 3383 558 3440 Petri
591 3384 965 3455 apostolorum
996 3383 1261 3454 principis
1302 3383 1808 3454 peregrinationum
1862 3399 1994 3440 nar-

412 3478 574 3540 ratio,
601 3493 723 3547 quae
752 3477 918 3532 simul
945 3484 1001 3531 et
1039 3475 1500 3547 compendiariam
1526 3476 1646 3547 ejus
1682 3475 1988 3532 doctrinam

412 3571 691 3637 continet;
719 3578 773 3624 et
802 3568 987 3640 magni
1013 3567 1432 3639 admirandique
1466 3567 1765 3625 Clementis
1796 3569 1988 3636 vitam,

410 3660 559 3714 velut
598 3659 653 3713 in
706 3659 889 3714 tabula
928 3658 1174 3714 oratione
1207 3658 1493 3728 exprimit;
1530 3659 1986 3729 quemadmodum

414 3752 528 3822 ipse
560 3750 629 3806 ad
663 3750 929 3806 Iacobum
971 3749 1194 3806 fratrem
1241 3749 1458 3813 Domini
1497 3752 1745 3808 scribens
1775 3751 1986 3809 indica-

411 3846 509 3896 γη.
541 3840 713 3897 Porro
750 3841 1027 3895 ardentem
1050 3840 1347 3897 Clementis
1370 3856 1498 3912 erga
1525 3840 1697 3896 Deum
1721 3856 1985 3909 amorem,

410 3945 467 3989 ct
502 3947 761 4002 rnagnum
786 3932 936 3986 illum
964 3946 1063 4001 pro
1102 3930 1302 4001 pietate
1333 3930 1532 3996 zelum,
1563 3931 1842 3987 declarare
1863 3948 1989 4003 pos-

412 4032 541 4079 sunt
570 4038 636 4078 ea
670 4037 793 4092 quae
820 4022 964 4078 dicta
988 4031 1148 4087 sunt,
1191 4023 1494 4093 praesertim
1526 4032 1709 4080 autem
1757 4025 1987 4082 manife-

413 4117 582 4173 stabit
596 4116 843 4172 omnium
869 4115 1216 4186 apertissime
1235 4114 1352 4185 ipse
1378 4130 1475 4187 per
1504 4116 1829 4187 martyrium
1860 4117 1984 4174 linis
2016 4170 2021 4175 .

411 4212 555 4268 vitae.

481 4300 715 4358 CXLIX.
757 4299 974 4356 Tertius
1013 4300 1159 4355 enim
1209 4306 1334 4370 post
1373 4313 1632 4369 magnum
1669 4298 1891 4355 Petrum
1929 4302 1981 4357 in

2022 1868 2064 1923 Β

2107 453 2227 522 μετ’
2256 452 2497 525 ἀλλήλων
2529 454 2742 524 ἔχοντες
2762 494 2777 518 ,
2804 455 2895 508 ἐπὶ
2935 456 3043 509 τῶν
3069 455 3168 525 τῆς
3196 455 3522 529 Ἐκκλησίας
3550 474 3679 527 πρε-

2103 536 2378 611 σϐυτέρων
2400 540 2790 612 κρινέσθωσαν,
2823 542 2916 596 καὶ
2942 543 3000 596 τὸ
3021 543 3184 597 καλὸν
3213 544 3460 610 νοοῦντες
3487 545 3680 618 συμϐι-

2099 625 2484 692 ϐαζι-εειθωσαν⁸
2540 630 2636 686 καὶ
2685 633 2758 704 μὴ
2811 631 2998 687 ἕλκετε
3054 635 3133 697 είς
3186 635 3509 707 δικαστήρια
3555 638 3679 700 τοὺς

2098 712 2374 788 ἀδελφοῦς.
2421 721 2688 776 Ἀπίστων
2731 722 2841 796 γὰρ
2873 724 3050 789 τοῦτο,
3099 727 3211 789 τοῖς
3248 725 3354 793 ἔξω
3378 726 3675 798 κρίνεσθαι.

2114 812 2264 865 Ἐπεὶ
2303 814 2427 872 καὶ.
2468 813 2787 884 Ἀττέλους
2818 816 3157 885 κρινοῦμεν,
3186 816 3511 888 γέγραπται.
3558 816 3678 870 Ἐπὶ

2097 907 2231 961 πᾶσι
2277 908 2373 962 καὶ
2417 908 2524 981 πρὸ
2560 908 2797 973 πάντων,
2827 906 2997 972 οὕτως
3021 909 3140 964 ἐστὲ
3183 910 3275 962 τὸν
3302 910 3537 981 ποιμένα
3561 908 3673 943 ¹⁶·¹⁷

2093 997 2346 1069 ὁρῶντες,
2364 998 2440 1062 ὡς
2467 997 2566 1069 ἐμὲ
2589 999 2814 1071 Πέτρον,
2836 998 2926 1054 τὸν
2947 999 3051 1054 ὑπὸ
3071 999 3204 1054 Θεοῦ
3231 999 3680 1072 προχειρισθέντα

2095 1084 2224 1156 ὑμῖν
2253 1086 2333 1150 είς
2356 1085 2692 1141 διδάσκαλον.

2164 1177 2418 1232 CXLVII.
2450 1179 2635 1232 Ταῦτα
2679 1178 2871 1242 εἰπὼν,
2910 1179 3004 1233 καὶ
3046 1180 3138 1233 ἐπὶ
3190 1180 3412 1234 πάντων
3461 1198 3551 1252 μοι
3579 1179 3679 1246 τὰς

2093 1269 2284 1341 χεῖρας
2334 1268 2566 1333 ἐπιθεὶς,
2598 1270 2677 1333 είς
2699 1270 2799 1341 τὴν
2831 1269 2997 1324 αὑτοῦ
3029 1288 3095 1342 με
3123 1270 3389 1343 καθέδραν
3412 1270 3681 1344 καθεσθῆ-

2092 1376 2182 1414 ναι
2208 1361 2482 1432 ·πεποίηκε
2500 1379 2514 1392 ·
2550 1361 2870 1417 καθεσθέντι
2896 1363 2973 1432 δὲ,
3000 1363 3158 1417 τοῦτό
3188 1381 3278 1435 μοι
3310 1363 3511 1428 εὐθέως
3537 1363 3637 1436 ἔφη
3656 1380 3674 1395 ’

2106 1451 2266 1519 Ἀξιῶ
2293 1470 2353 1507 σε
2373 1454 2464 1507 ἐπὶ
2496 1454 2711 1509 πάντων
2738 1473 2840 1527 μου
2861 1454 2969 1508 τῶν
2993 1455 3386 1527 συμπαρόντων
3412 1455 3674 1527 ἀδελφῶν.

2090 1545 2327 1617 ὁπηνίκα
2368 1545 2464 1599 τοῦ
2492 1545 2726 1600 ἐνταῦθα
2770 1547 3023 1619 μεταστῶ
3071 1548 3210 1620 βίου,
3251 1548 3328 1613 ὡς
3354 1550 3505 1621 ἡτοῦ
3541 1549 3674 1603 Θεοῦ

2092 1634 2318 1708 κέκρικε
2335 1637 2582 1709 πρόνοια,
2601 1638 2781 1692 πάντα
2800 1638 2877 1710 τῷ
2894 1639 3083 1712 Κυρίῳ
3112 1639 3350 1712 Ἰακώϐῳ
3368 1640 3444 1713 τῷ
3463 1641 3675 1714 ἀδελφῷ

2090 1727 2185 1782 τοῦ
2214 1729 2419 1800 Κυρίου
2452 1748 2576 1800 μου,
2606 1732 2663 1784 ὲν
2692 1732 2923 1802 ἐπιτομῇ
2956 1732 3408 1804 ἀναγραψάμενον
3445 1733 3674 1805 διαπέμ-

2090 1820 2224 1892 ψαι,
2272 1821 2433 1893 μέχρι
2482 1822 2576 1875 καὶ
2630 1821 2738 1876 τῶν
2790 1823 2854 1875 εκ
2890 1821 3079 1887 παιδός
3118 1840 3213 1877 σου
3257 1823 3553 1894 λογισμῶν,
3581 1822 3675 1876 καὶ

2091 1913 2166 1976 ὡς
2191 1913 2286 1966 ἀπ’
2314 1913 2488 1985 ἀρχῆς
2524 1916 2686 1985 μέχρι
2723 1912 2819 1966 νῦν
2851 1930 2940 1985 μοι
2983 1913 3343 1979 συνώδευσας,
3389 1913 3675 1969 ἐπακούων

2087 2005 2198 2059 τῶν
2225 2005 2365 2059 κατὰ
2401 2005 2556 2059 πόλιν
2587 2006 2678 2067 ὑπ’
2703 2005 2840 2075 ἐμοῦ
2872 2005 3255 2078 κηρυχθέντων
3282 2004 3455 2074 λόγων
3485 2023 3548 2059 τε
3582 2011 3675 2059 καὶ

2089 2097 2363 2169 πράξεων·
2391 2096 2580 2150 ἔπειτα
2609 2095 2745 2168 πρὸς
2759 2094 2837 2167 τῷ
2862 2094 3002 2149 τέλει
3027 2097 3121 2149 καὶ
3135 2096 3234 2168 τὴν
3257 2095 3353 2149 τοῦ
3378 2095 3609 2149 Θανάτου
3628 2095 3676 2127 ⁸³

2092 2203 2193 2258 μου
2229 2187 2524 2258 πρόφασιν,
2556 2184 2633 2250 ὡς
2662 2187 2943 2257 προεῖπον,
2964 2185 3202 2257 δηλῶσαι
3229 2186 3304 2259 μὴ
3333 2186 3672 2259 παραλίπῃς.

2088 2278 2164 2333 Οὐ
2205 2277 2314 2350 γὰρ
2363 2276 2524 2332 αὑτὸν
2568 2278 2803 2351 λυπήσει
2840 2277 3028 2341 τοῦτο,
3074 2278 3252 2332 εἰδότα
3301 2277 3485 2347 σαφῶς
3530 2278 3612 2332 ὅτι
3645 2278 3678 2332 ὃ

2089 2367 2306 2430 πάντως
2330 2366 2436 2420 ἔδει
2464 2384 2531 2437 με
2573 2365 2788 2432 παθεῖν,
2820 2366 3058 2431 εὐσεϐῶς
3107 2366 3445 2421 ἀποδέδωκα.
3494 2368 3674 2436 Μεγί-

2090 2476 2222 2532 στης
2264 2458 2322 2512 δὲ
2353 2458 2707 2530 παραμυθίας
2748 2459 2992 2527 τεύξεται
3029 2458 3244 2531 μαθὼν,
3301 2461 3382 2513 ὅτι
3417 2463 3535 2531 μετ’
3572 2460 3678 2532 ἐμὲ

2087 2551 2189 2603 οὐκ
2216 2549 2432 2622 ἀμαθὴς
2453 2550 2594 2621 ἀνὴρ
2619 2551 2710 2603 καὶ
2734 2552 3030 2616 ζωοποιοὺς
3054 2551 3266 2620 ἀγνοῶν
3296 2550 3506 2620 λόγους,
3547 2551 3676 2606 Ἐκο

2089 2640 2316 2713 κλησίας
2350 2640 2408 2693 δὲ
2434 2643 2632 2695 κανόνα
2661 2641 2817 2706 εἰδὼς
2845 2642 3099 2714 μάλιστα,
3130 2643 3231 2712 τὴν
3271 2642 3364 2696 τοῦ
3391 2642 3675 2696 διδάσκον-

2088 2748 2180 2796 τος
2230 2732 2526 2803 ἐπιστεύθη
2576 2732 2862 2804 καθέδραν.
2939 2733 3104 2788 Ὅθεν
3155 2732 3303 2801 ἐγὼ,
3363 2732 3518 2804 κύριέ
3570 2751 3677 2805 μου

2103 2820 2348 2886 Ἰάκωϐε,
2378 2821 2475 2876 τοῦ
2514 2823 2837 2878 διδασκάλου
2875 2824 3087 2896 Πέτρου
3113 2824 3284 2879 ταῦτά
3316 2841 3402 2895 μοι
3441 2825 3674 2894 ἐπισκή-

2087 2910 2308 2982 ψαντος,
2337 2913 2437 2966 οὐκ
2464 2911 2686 2985 ῶκνησα
2722 2913 2784 2967 τὸ
2830 2913 3120 2967 κελευσθὲν
3160 2911 3531 2985 ἐκπληρῶσαι,
3581 2911 3677 2966 καὶ

2089 3004 2225 3069 dic"
2250 3006 2482 3077 ἐπιτομῇ
2509 3022 2590 3059 σοι
2631 3006 2807 3061 πάντα
2857 3004 3109 3078 γνώριμα
3149 3005 3508 3076 καταστῆσαι,
3556 3005 3677 3058 ἑπι-

2089 3094 2304 3168 γράψας
2322 3094 2421 3167 τὴν
2450 3095 2707 3148 ὑπόθεσιν
2729 3094 2872 3149 οὕτω
2890 3113 2904 3126 σ
2931 3095 3279 3165 Κλήμεντος
3297 3093 3416 3149 τῶν
3442 3094 3677 3163 Πέτρου

2089 3185 2415 3255 ἐπιδημιῶν
2441 3186 2488 3217 ’θ
2521 3185 2619 3239 καὶ
2647 3185 3042 3256 κηρυγμάτων
3083 3186 3386 3256 Ἐπιτομὴ.

2160 3275 2435 3332 CXLVIII.
2453 3276 2596 3350 Αὕτη
2627 3277 2725 3348 μὲν
2752 3273 2901 3331 οὖνίί
2925 3280 2958 3349 ἡ
2993 3278 3205 3350 πλήρης
3224 3278 3322 3349 τῆς
3346 3278 3550 3332 ἄνωθεν
3577 3279 3678 3349 χά-

2094 3386 2259 3440 ριτος,
2286 3368 2380 3422 τοῦ
2409 3368 2709 3440 κορυφαίου
2741 3367 2851 3421 τῶν
2896 3367 3212 3422 ἀποστόλων
3250 3368 3460 3441 Πέτρου
3488 3369 3678 3442 ἐπιδη-

2092 3456 2230 3529 μιῶν
2264 3457 2536 3529 διήγησις,
2578 3456 2840 3527 ἐπίτομόν
2881 3473 2939 3509 τε
2968 3455 3104 3527 όμοῦ
3130 3449 3477 3510 διδασκαλίαν
3506 3457 3676 3512 αὐτοῦ

2088 3550 2306 3620 ἔχουσα,
2336 3547 2543 3602 καὶτὸν
2574 3547 2668 3601 τοῦ
2699 3547 2935 3619 μεγάλου
2975 3548 3068 3601 καὶ
3095 3547 3399 3619 θαυμασίου
3423 3548 3676 3620 mea».

2086 3659 2178 3707 τος
2203 3642 2337 3713 βίον,
2364 3640 2618 3712 καθάπερ
2642 3642 2699 3693 ὲν
2728 3639 2916 3694 πίνακι
2944 3639 3023 3711 τῷ
3045 3639 3188 3711 λόγῳ
3214 3639 3567 3705 διατυποῦσα,
3597 3640 3678 3705 ὡς

2088 3735 2249 3800 αὐτὸς
2280 3730 2432 3799 οὗτος
2472 3732 2713 3805 Ἰακώϐῳ
2756 3733 2835 3805 τῷ
2868 3732 3174 3804 ἀδελφοθέῳ
3213 3733 3465 3804 γράφων,
3507 3732 3681 3804 ὲγνώο

2090 3846 2227 3902 ρισε.
2257 3828 2361 3881 Τὸν
2408 3826 2506 3900 μέν
2536 3843 2620 3880 τοι
2646 3826 2912 3898 διάπυρον
2951 3824 3117 3879 αὑτοῦ
3148 3826 3285 3897 πρὸς
3308 3825 3443 3880 Θεὸν
3469 3825 3675 3899 ἔρωτα,

2087 3919 2182 3975 καὶ
2203 3919 2293 3973 τὸν
2313 3905 2479 3972 πολὺν
2505 3919 2709 3971 ἐκεῖνον
2727 3917 2868 3989 ὑπὲρ
2889 3916 2987 3988 τῆς
3002 3915 3284 3981 εὐσεϐείας
3304 3915 3487 3986 ζῆλον,
3514 3917 3676 3972 ἱκανὰ

2090 4016 2188 4087 μὲν
2238 4017 2282 4046 ⁸¹
2334 4015 2405 4068 τὰ
2453 4012 2688 4085 ρηθέντα
2737 4010 2999 4084 δηλῶσαι,
3052 4008 3281 4080 δηλώσει
3324 4010 3383 4064 δὲ
3435 4011 3678 4082 μάλιστα

2087 4108 2302 4162 πάντων
2334 4104 2645 4175 σαφέστατα
2676 4103 2771 4158 καὶ
2799 4101 2931 4156 αὐτὸ
2956 4099 3017 4154 τὸ
3049 4100 3138 4155 διὰ
3167 4103 3466 4174 μαρτυρίου
3497 4103 3672 4168 τέλος.

2155 4307 2364 4364 CXLIX
2397 4308 2592 4381 Τρίτος
2624 4307 2671 4343 ⁸³
2706 4307 2820 4379 (-18)
2843 4305 2953 4377 γὰρ
2985 4304 3122 4377 μετὰ
3146 4306 3352 4379 ῐῐέτρον
3377 4307 3473 4360 τὸν
3497 4307 3673 4379 μέγαν

409 4396 627 4453 excelso
655 4393 916 4449 Romana:
936 4391 1191 4448 Ecclesiae
1221 4392 1419 4445 throno
1445 4390 1663 4457 sedens,
1694 4391 1984 4464 ipsumque

2097 4403 2174 4455 τὸν
2198 4401 2398 4474 ὐῂλδν
2436 4404 2536 4474 τῆς
2586 4400 2874 4473 Ῥωμαίων
2924 4400 3251 4471 Ἐκκλησίας
3291 4399 3480 4472 θρόνον
3513 4400 3670 4455 καθί-

411 4488 627 4544 virtutis
650 4495 925 4543 certamen
961 4482 1297 4553 suscipiens,
1343 4482 1591 4554 magistri
1624 4483 1867 4555 vestigiis
1895 4485 1982 4540 in-

2087 4511 2206 4557 σας,
2243 4495 2335 4547 καί
2373 4493 2575 4566 ἀρετῆς
2600 4491 2759 4547 ἆθλον
2801 4492 2965 4546 αὐτὸν
2998 4491 3309 4563 δεξάμενος,
3345 4492 3531 4546 εἵπετο
3552 4494 3673 4546 κατ’

407 4580 672 4645 sistebat,
719 4577 1185 4649 apostolicamque
1230 4573 1538 4630 doctrinam
1587 4576 1703 4646 ipse
1757 4593 1981 4649 quoque

2097 4582 2236 4654 i'yyo;
2282 4585 2359 4657 τῷ
2403 4584 2726 4655 διδασκάλῳ,
2765 4583 2861 4636 καὶ
2909 4582 3273 4653 ἀποστολικὴν
3322 4582 3672 4638 διδασκαλίαν

453 4686 478 4713 ιι
535 4670 556 4725 ι
600 4672 724 4726 Cor.
751 4710 767 4738 ,
821 4685 896 4733 vr,
930 4668 984 4726 5.

1684 4775 1922 4833 VARUS
1959 4779 2365 4838 LECTIONES.

482 4874 594 4907 ¹⁶·³⁷
622 4873 692 4946 al.
736 4874 904 4929 inser.
942 4871 1116 4946 diuini.
1188 4869 1233 4901 ¹⁸
1254 4868 1406 4946 deest
1428 4867 1481 4922 in
1514 4868 1585 4946 al.
1665 4871 1709 4946 ’ξ
1747 4871 1820 4925 al.
1859 4871 2028 4946 inser.
2060 4876 2146 4946 ὲν.
2206 4875 2271 4946 βο
2303 4875 2456 4929 deest
2484 4872 2537 4928 in
2556 4889 2708 4946 _mss.
2776 4876 2819 4907 ἰ
2845 4873 2993 4946 Αὕτη
3024 4874 3123 4946 μὲν
3152 4869 3263 4946 οὖν.
3295 4873 3351 4929 ln
3382 4891 3494 4930 uno
3521 4884 3681 4930 rete...

410 4961 531 5001 rum
578 4945 827 5019 codicum
874 4938 1207 5013 praeponitur
1258 4939 1488 5002 titulus,
1520 4938 1945 5011 Μιρτύριοντοῦ
1979 4945 2147 5013 ἁγίου
2168 4943 2503 5015 Κλήμεντος.
2544 4944 2684 4998 Cor.
2761 4947 2807 4977 “
2842 4944 2922 4998 al.
2957 4938 3125 5000 inser.
3169 4943 3283 4997 καί.
3319 4946 3365 4978 ³³
3405 4947 3479 5000 al.
3521 4947 3671 5019 πρῶ⁴

408 5033 519 5081 τος.
540 5013 613 5069 al.
642 5013 913 5086 δεύτερος.

1679 5124 2042 5182 νΑιιξοιιωι
2080 5127 2311 5184 ΝὓΤΑΞ.

483 5221 595 5291 (l8)
624 5222 840 5291 Τρίτος.
867 5220 1006 5276 lnl'ra
1038 5221 1228 5278 Latine
1256 5222 1425 5277 habes
1447 5220 1646 5276 editam
1672 5219 1990 5277 Passionem

412 5290 507 5345 seu
543 5290 718 5346 Vitam
744 5290 1061 5357 Clementis,
1088 5302 1211 5361 post
1249 5292 1714 5360 pseudo-Abdiam
1745 5293 1989 5361 etiapud

411 5362 802 5433 Mombritium.
840 5360 1172 5433 Memor-ator
1212 5374 1393 5417 autem
1433 5378 1463 5417 a
1501 5362 1765 5433 Gregorio
1814 5360 1992 5415 Turo-

414 5434 593 5504 neusi,
622 5431 1006 5504 Miraculorum
1048 5434 1141 5504 lib.
1207 5449 1242 5491 ι.
1277 5450 1397 5504 cap.
1430 5433 1525 5504 35,
1554 5431 1632 5504 Aet
1677 5434 1990 5501 excerpitur

414 5517 509 5571 per
531 5503 860 5572 Frecullum,
890 5513 1021 5558 tom.
1056 5502 1227 5568 ll,lib.
1262 5520 1321 5569 II,
1348 5501 1473 5572 cap.
1515 5501 1597 5566 ιο,
1625 5517 1689 5557 ac
1720 5517 1813 5572 per
1839 5518 1989 5556 mar-

415 5576 709 5644 tyrologos.
737 5571 1000 5644 Joannem
1039 5589 1259 5644 quoque
1281 5571 1802 5644 diaconumszeculo
1830 5588 1986 5644 nono

414 5641 702 5713 scripsisse
751 5653 898 5713 gesta
947 5641 1247 5698 Clcr'nen'tis
1304 5658 1454 5713 papa:
1484 5643 1716 5712 legimus
1746 5644 1797 5696 in
1825 5641 1981 5711 Sige-

416 5714 587 5783 bcrto,
616 5712 688 5766 De
701 5712 1040 5781 scriptoribus
1063 5712 1429 5767 ecclesiasticis
1452 5730 1569 5783 cap.
1602 5713 1721 5781 107,
1748 5727 1983 5782 cumque

2101 5225 2298 5280 librum
2328 5225 2484 5280 aiunt
2503 5232 2719 5280 exstare
2766 5224 2817 5278 in
2849 5224 3136 5280 Casinensi
3189 5223 3546 5279 Bibliotheca.
3599 5221 3671 5278 De

2098 5294 2289 5351 Graeco
2333 5295 2611 5365 Mai-tyrio,
2647 5295 2862 5365 venisse
2898 5297 2950 5348 in
2991 5310 3186 5350 manus
3225 5293 3517 5363 Nicephori
3545 5294 3670 5348 Cal-

2099 5366 2208 5450 listi
2231 5364 2692 5450 colligerecstes
2719 5364 2865 5450 illius
2892 5366 2985 5450 lib.
3009 5382 3103 5450 tu,
3132 5381 3255 5450 cap.
3288 5366 3374 5419 18.
3399 5365 3667 5450 galerum

2098 5437 2207 5507 hic
2241 5434 2441 5507 notari
2471 5435 2631 5507 debet
2680 5434 2870 5503 triplex
2925 5435 3083 5507 lectio
3130 5434 3346 5507 τρίτος,
3393 5434 3665 5507 δεύτερος.

2095 5505 2342 5578 πρῶτος,
2366 5505 2632 5575 originem
2663 5507 2948 5578 ducensa
2996 5505 3229 5578 diversis
3267 5505 3666 5578 exscriptorum

2092 5573 2407 5702 ιςιὲιιιρῗέἰὶὶῖΞ
2427 5573 2569 5645 quas
2592 5574 2748 5630 retuli
2775 5576 2842 5630 ad
2865 5574 3153 5630 Constitut.
3190 5573 3418 5644 «pauci.
3444 5573 3539 5631 lib.
3569 5590 3667 5641 ru,

2092 5661 2211 5702 can.
2325 5687 2336 5701 .
2412 5660 2503 5701 0r.

2091 5661 2211 5717 cap.
2249 5660 2336 5702 4ο.
2367 5660 2503 5701 μοι.
