4032 6146
484 271 588 328 583
1369 265 1427 321 S.
1468 262 1860 320 CLEMENTIS
1898 260 1917 316 I
1950 259 2116 315 ROM.
2151 255 2353 312 I’ONT.
2382 253 2613 310 OPERA
2653 251 2887 310 DUBIA.
3634 252 3744 309 58.!

483 391 759 464 prmbebat
789 389 1215 446 immunitatem.
1263 384 1369 439 Sed
1399 393 1453 438 ct
1489 400 1585 438 eos
1613 383 1704 454 qui
1746 396 1962 452 semper
1987 378 2054 433 ad

2159 372 2441 428 ἀτέλειανί
2481 370 2722 443 Παρῄνει
2761 369 2820 422 δὲ
2845 369 2938 422 καὶ
2973 370 3085 430 τοῖς
3125 366 3383 421 ἑκάστοτε
3416 363 3509 419 διὲ
3543 369 3602 419 τὸ
3637 369 3742 440 κή-

485 486 638 540 illum
663 492 884 555 propter
906 479 1350 552 praedicationem
1376 487 1546 546 atque
1570 475 1879 530 doctrinam
1927 485 2060 526 eou-

2166 480 2350 536 ρυγμα
2376 464 2472 517 καὶ
2495 463 2595 533 τὴν
2618 459 2967 514 διδασκαλίαν
3002 456 3140 530 πρὸς
3174 458 3335 512 αὐτὸν
3361 457 3619 521 συνιοῦσι,
3647 460 3745 512 καὶ

485 549 793 641 veniebant,
842 549 1190 642 maximeque
1219 584 1361 640 quos
1400 569 1609 623 sciebat
1648 565 1857 620 divitiis
1886 564 2064 619 abun-

2164 556 2400 629 μάλιστα
2425 555 2583 617 ὅσους
2607 553 2895 625 περιττοὺς
2921 553 3040 624 ᾔδει
3065 552 3144 624 τῷ
3171 549 3389 622 πλούτῳ
3408 550 3508 603 καὶ
3526 550 3662 621 πρὸς
3682 549 3747 602 τὸ

481 669 634 731 dare,
677 675 731 721 et
759 665 948 735 largiri
980 641 1167 732 posse,
1212 659 1538 715 hortabatur
1569 672 1636 711 ne
1677 655 1845 710 semel
1869 663 2062 708 sancto

2159 646 2359 700 διδόναι
2403 644 2646 709 δυνατῶς
2690 644 2932 715 ἔχοντας,
2965 643 3040 716 μὴ
3082 643 3209 707 τοὺς
3245 641 3393 709 ἅπαξ
3435 641 3514 713 τῷ
3550 641 3745 711 βαπτί-

481 760 756 828 baptismo
786 734 1045 826 purgatos
1085 753 1331 807 sinerent
1387 748 1602 819 publice
1652 761 1682 800 a
1711 743 1917 800 Judteis
1946 743 2064 797 ino-

2163 757 2329 810 σματι
2355 737 2434 809 τῷ
2459 737 2598 808 ἀγίῳ
2630 735 3023 808 καθαρθέντας,
3055 736 3312 807 περιορᾷν
3337 734 3574 806 δημοσία
3597 735 3747 806 παρὰ

484 826 585 923 piae
633 865 801 906 causa
851 846 1073 910 nutriri,
1129 843 1579 914 splendidamque
1630 840 1818 910 gratiae
1853 846 2060 892 vestem

2159 832 2268 885 τῶν
2330 831 2597 885 Ἰουδαίων
2645 831 3013 902 τρεφομένους
3057 828 3124 883 δι’
3175 827 3442 898 ἀπορίαν,
3501 827 3596 879 καὶ
3649 826 3747 898 τὴν

484 945 697 1014 impura
729 943 818 998 illa
844 939 1234 996 communione
1259 935 1530 1007 polluere.
1563 931 1665 987 Per
1687 946 1809 1002 quae
1841 930 1961 984 illos
1991 928 2058 982 ad

2159 924 2418 998 λαμπρὰν
2453 924 2644 996 στολὴν
2693 922 2788 978 τοῦ
2814 923 3170 994 χαρίσματος,
3227 920 3317 974 διὰ
3364 919 3464 990 τῆς
3518 919 3748 987 ἐναγοῦς

481 1035 806 1106 explendam
835 1032 1284 1088 calamitosorum
1316 1025 1699 1082 necessitatem
1756 1023 1892 1076 adeo
1941 1022 2058 1075 ala—

2161 1019 2375 1090 ἐκείνης
2399 1017 2683 1080 κοινωνίας
2720 1015 3062 1088 μολύνοντας.
3114 1007 3322 1084 Ἀφ’ὧν
3355 1013 3499 1068 οὕτω
3538 1011 3746 1084 προθύ-

481 1105 599 1184 τνες
633 1127 913 1189 reddebat,
939 1137 997 1179 ut
1019 1125 1072 1179 id
1095 1129 1363 1180 duntaxat
1381 1121 1596 1174 luerunt
1619 1125 1897 1188 putarent,
1912 1114 2060 1185 quod

2163 1127 2279 1181 μως
2303 1109 2499 1172 αὐτοὺς
2527 1107 2702 1162 ἐποίει
2746 1111 2861 1171 τοῖς
2897 1106 3344 1178 βασανιζομένοις
3378 1105 3449 1160 τὰ
3476 1106 3614 1176 πρὸς
3643 1105 3747 1174 τὴν

2159 1202 2347 1273 χρείαν
2373 1201 2704 1264 ἀποδιδόναι,
2723 1200 2799 1264 ὡς
2822 1199 2983 1254 τοῦτό
2997 1218 3058 1270 γε
3079 1200 3239 1272 μόνον
3266 1199 3457 1271 κέρδος
3480 1197 3744 1269 νομίζειν,

2160 1288 2192 1344 ὃ
2245 1293 2310 1347 ἂν
2343 1295 2424 1356 εἰς
2457 1293 2654 1356 αὐτοὺς
2679 1290 3034 1346 ἀναλώσειαν.
3345 1349 3354 1353 _

549 1397 702 1453 CLII.
733 1397 870 1452 Cum
902 1411 1034 1466 ergo
1064 1396 1138 1450 ita
1184 1402 1369 1465 ageret
1412 1401 1640 1448 sanctus
1669 1390 1948 1451 Clemens,
2003 1397 2057 1441 et

2230 1385 2384 1438 CLII.
2413 1384 2568 1438 Οῦτω
2594 1385 2691 1457 μὲν
2709 1382 2802 1439 οὖν
2822 1386 2850 1437 ὁ
2869 1366 3011 1457 ἱερὸς
3026 1384 3255 1455 Κλήμης
3277 1382 3436 1452 ἔχων,
3463 1381 3556 1435 καὶ
3570 1380 3747 1443 οῦτως

478 1490 552 1546 ita
587 1492 640 1545 in
666 1490 911 1544 omnium
937 1489 1137 1543 animis
1166 1497 1316 1542 esset
1347 1485 1896 1552 constitutus;atque
1921 1480 2056 1535 adeo

2159 1479 2216 1531 ἐν
2241 1484 2359 1542 ταῖς
2387 1479 2642 1532 ἁπάντων
2667 1479 2869 1549 ψυχαῖς
2892 1479 3163 1549 κείμενος,
3195 1477 3363 1530 καὶού
3382 1474 3746 1546 Χριστιανοὺς

479 1594 584 1632 non
606 1586 816 1632 tantum
844 1575 1211 1640 Christianos,
1238 1573 1331 1628 sed
1355 1573 1520 1627 etiam
1555 1571 1706 1640 ipsos
1735 1567 1964 1638 gentiles
1992 1579 2056 1619 ac

2162 1572 2341 1642 μόνον,
2377 1570 2513 1625 ἀλλὰ
2534 1571 2628 1624 καὶ
2653 1572 2853 1636 αὐτοὺς
2889 1557 3155 1641 ’Έλληνας
3180 1570 3274 1623 καὶ
3326 1569 3611 1631 Ἰουδαίους
3641 1567 3748 1637 τῆς

475 1669 696 1725 ιυιιιοοε
727 1685 754 1724 a
801 1685 900 1724 sua
933 1668 1116 1723 anima
1145 1675 1199 1722 et
1231 1666 1420 1737 lingua
1459 1663 1760 1736 pendentes
1792 1661 2051 1725 haberet;

2158 1666 2364 1730 οἰκείας
2404 1667 2497 1720 καὶ
2532 1665 2710 1736 ψυχῆς
2746 1665 2907 1718 πάλιν
2941 1666 3149 1727 ἐκεῖνος
3180 1663 3275 1717 καὶ
3297 1661 3544 1732 γλώττης
3569 1663 3745 1732 ἀνηρ-

476 1779 572 1835 per
605 1762 909 1817 Sisinnium
957 1761 1110 1815 illum
1143 1761 1281 1829 (erat
1309 1767 1489 1813 autem
1541 1756 1587 1811 is
1622 1754 1834 1809 amicus
1863 1750 2053 1806 Nerva:

2156 1758 2409 1830 τημένος,
2437 1757 2515 1829 τῷ
2542 1757 2790 1828 Σισιννίῳ
2816 1756 3008 1828 ἐκείνῳ
3035 1757 3209 1828 (φίλος
3233 1757 3290 1809 δὲ
3323 1749 3476 1818 οὗτος
3519 1755 3598 1825 τῷ
3644 1754 3746 1823 βα-

475 1865 531 1911 et
560 1871 704 1910 unus
747 1871 813 1910 ex
851 1853 1235 1921 familiaribus)
1273 1851 1478 1907 odio-et
1503 1847 1798 1906 calumniis
1829 1845 2052 1917 peteba-

2158 1853 2295 1906 σιλεί
2326 1851 2545 1924 Νερούα
2580 1853 2674 1906 καὶ
2705 1852 2815 1905 τῶν
2849 1851 3194 1922 ἐπιτηδείων)
3230 1853 3472 1922 ἐμισεῖτο
3513 1851 3607 1902 καὶ
3631 1849 3746 1902 διε-

476 1955 602 2014 tur;
647 1945 867 2016 quando
895 1945 1182 2014 conjugem
1205 1941 1549 1998 Theodoram
1577 1937 1856 1993 Sisinnius
1884 1934 2056 1991 sensit

2159 1945 2400 2009 ϐάλλετο,
2453 1945 2641 2016 ἐπειδὴ
2685 1945 2784 2015 τὴν
2833 1943 3066 2012 σύζυγον
3101 1941 3382 2015 Θεοδώραν
3413 1942 3445 1993 ὁ
3484 1942 3751 2004 Σισίννιος

473 2039 776 2096 Clementis
801 2039 1068 2094 doctrina:
1099 2052 1287 2091 amore
1317 2043 1533 2105 captam
1562 2048 1704 2096 esse,
1751 2040 1805 2086 et
1827 2032 2051 2086 domum

2155 2037 2494 2111 bmcoavsto
2515 2036 2678 2108 ἔρωτι
2707 2035 2808 2106 τῆς
2831 2035 3043 2088 ἐκείνου
3069 2034 3418 2098 διδασκαλίας
3452 2033 3746 2104 ἁλισκομέ-

473 2136 718 2208 quidem,
771 2134 974 2188 liberos
1005 2147 1072 2186 ac
1117 2132 1296 2185 virum
1346 2128 1645 2199 negligere,
1697 2134 1868 2180 totam
1924 2136 2054 2177 vero

2153 2147 2251 2200 νην
2270 2147 2283 2160 ⁸
2311 2131 2404 2184 καὶ
2420 2128 2570 2183 οἴκου
2595 2129 2694 2201 μὲν
2717 2129 2811 2183 καὶ
2835 2128 3042 2181 παίδων
3068 2129 3162 2180 καὶ
3187 2127 3381 2199 ἀνδρὸς
3405 2125 3742 2198 ἀμελοῦσαν,

474 2226 746 2282 Clementi
792 2225 1094 2290 adhaerere,
1145 2222 1214 2277 ad
1265 2237 1390 2277 eum
1444 2218 1672 2274 assiduo
1719 2215 2049 2276 adventare,

2153 2221 2280 2292 ὃλην
2303 2221 2359 2274 δὲ
2390 2221 2468 2293 τῷ
2491 2221 2768 2292 Κλήμεντι
2803 2219 3226 2292 προσκειμένην,
3263 2219 3359 2272 καὶ
3396 2218 3545 2290 αύτῷ
3585 2235 3740 2272 συνε-

475 2320 721 2390 adeoque
765 2319 820 2372 in
869 2317 1056 2372 animo
1092 2330 1193 2371 suo
1233 2328 1451 2384 semper
1491 2312 1645 2366 illum
1691 2308 2054 2380 spiritualiter

2153 2315 2263 2386 χῶς
2307 2313 2602 2384 φοιτῶσαν,
2650 2315 2745 2368 καὶ
2787 2312 2977 2367 τοῦτον
3014 2314 3058 2346 ³⁸
3091 2313 3253 2367 πάλιν
3280 2313 3374 2366 ἐπὶ
3412 2313 3513 2382 τῆς
3533 2311 3744 2378 οἰκείας

473 2412 638 2468 ferre.
672 2413 741 2466 At
763 2411 1055 2465 Theodore
1086 2423 1210 2479 quae
1233 2407 1506 2462 suavitate
1534 2405 1828 2475 linguaue
1850 2401 2049 2455 verbo-

2151 2406 2329 2477 ψυχῆς
2363 2407 2450 2460 ἀεὶ
2483 2405 2868 2477 πνευματικῶς
2911 2403 3336 2477 περιφέρουσαν.
3390 2403 3528 2456 Ἀλλ’
3569 2406 3604 2474 ὴ
3641 2404 3743 2475 μὲν

473 2521 597 2561 rum
639 2503 939 2560 Clementis
987 2503 1167 2557 illecta
1208 2509 1348 2564 erat,
1381 2498 1716 2567 Christoque
1747 2511 1845 2566 per
1893 2493 2050 2547 ἱΙΙιιιιι

2151 2496 2404 2570 Θεοδὼρα
2427 2501 2494 2570 τῇ
2525 2498 2735 2570 σειρῆνι
2767 2497 2866 2568 τῆς
2892 2496 2986 2550 τοῦ
3021 2497 3338 2568 Κλήμεντος
3363 2494 3612 2565 γλώττης
3635 2513 3727 2548 κα.

472 2597 802 2660 crediderat,
851 2595 1136 2649 ardentius
1166 2591 1424 2662 pietatem
1455 2588 1796 2658 capessebat,
1848 2585 2050 2655 psalle-

2150 2591 2531 2662 ταθελχθεῖσα,
2567 2592 2662 2644 καὶ
2685 2589 2764 2660 τῷ
2792 2588 3017 2661 Χριστῷ
3040 2588 3108 2642 δι’
3135 2588 3346 2642 ἐκείνου
3375 2587 3737 2650 πιστεύσασα,

473 2689 568 2743 hat
607 2688 894 2752 continue,
930 2700 1032 2740 nec
1073 2684 1143 2738 ab
1177 2682 1285 2736 ulla
1330 2680 1522 2752 synaxi
1555 2694 1651 2735 seu
1701 2676 2050 2733 Christiano-

2153 2681 2482 2754 θερμότερον
2506 2682 2842 2735 ἀντεποιεῖτο
2873 2680 2975 2750 τῆς
3007 2679 3310 2744 εὐσεϐείας,
3347 2681 3454 2743 καὶ,
3473 2679 3735 2750 διηνεκῶς

472 2797 596 2836 rum
621 2777 1046 2850 congregatione
1075 2775 1284 2830 aberat.

2151 2774 2367 2846 ἔψαλλε,
2404 2774 2499 2827 καὶ
2522 2772 2622 2827 οὐκ
2647 2772 3056 2844 ἀπελιμπάνετο
3080 2773 3180 2844 τῆς
3207 2771 3499 2838 συνάξεως.

543 2869 722 2926 CLIII.
804 2867 1084 2924 Sisinnius
1154 2881 1285 2920 vero
1356 2863 1542 2933 iniqua
1607 2861 1871 2933 zelotypia
1951 2861 2050 2918 sti-

2221 2863 2400 2919 CLIII.
2441 2865 2498 2918 '0
2530 2864 2794 2926 Σισίννιος
2815 2863 2871 2915 δὲ
2905 2863 3010 2916 ὑπὸ
3041 2863 3140 2934 τῆς
3177 2863 3364 2918 ἀδίκου
3406 2861 3732 2932 ζηλοτυπίας

474 2967 735 3032 mulatus,
782 2961 1014 3018 insidias
1065 2959 1330 3016 adversus
1373 2971 1598 3011 uxorem
1655 2953 2045 3019 meditabatur,

2150 2957 2528 3028 κεντούμενος,
2558 2955 2851 3027 ἐπιϐουλὴν
2877 2955 3019 3009 κατά
3055 2954 3159 3025 τῆς
3191 2955 3452 3024 γυναικὸς
3477 2955 3732 3027 ἐμελέτα,

474 3059 819 3130 singulisque
841 3054 1035 3110 diebus
1067 3051 1387 3108 armabatur
1415 3049 1486 3104 ab
1517 3063 1582 3104 eo
1606 3047 1826 3102 alfeetu.
1877 3045 2045 3101 Cum-

2150 3052 2244 3106 καὶ
2276 3051 2382 3104 ὑπὸ
2405 3049 2500 3103 τοῦ
2527 3049 2733 3113 πάθους
2755 3047 2878 3102 καθ’
2897 3048 3134 3118 ἑκάστην
3155 3047 3423 3114 ὡπλίζετο
3461 3049 3560 3120 τὴν
3591 3048 3733 3120 ἡμι-

470 3168 578 3223 que
605 3167 725 3206 eam
757 3147 1054 3218 aliquando
1103 3143 1390 3199 abeuntem
1438 3139 1505 3196 ad
1556 3138 1807 3212 sy‘ltaxim
1849 3138 2044 3194 obser-

2154 3160 2269 3218 ραν.
2309 3143 2420 3197 Καὶ
2452 3143 2514 3216 δή
2553 3160 2704 3208 ποτε,
2741 3143 2990 3214 τηρήσας
3013 3142 3182 3212 αὐτὴν
3208 3143 3346 3214 πρὸς
3376 3141 3476 3213 τὴν
3511 3141 3732 3210 σύναξιν

469 3249 676 3303 vasset,
701 3239 842 3295 clam
874 3251 998 3292 cum
1031 3234 1256 3289 famulis
1295 3233 1414 3302 ipse
1442 3245 1662 3301 quoque
1694 3231 1750 3284 in
1784 3229 2046 3300 templum

2151 3235 2436 3300 ἀπιοῦσαν,
2471 3233 2645 3307 λάθρα
2673 3233 2811 3306 μετὰ
2831 3233 2938 3287 τῶν
2964 3235 3192 3288 οἰκετῶν
3225 3237 3321 3289 καὶ⁵
3353 3236 3514 3298 αὐτὸς
3537 3237 3620 3300 είς
3638 3238 3731 3290 τὸν

471 3337 754 3405 ingressus
783 3339 888 3395 est,
925 3336 985 3384 ut
1018 3327 1235 3383 curiose
1267 3326 1593 3395 inquireret,
1631 3333 1686 3378 et
1705 3321 2049 3376 animadver-

2150 3327 2276 3380 ναὸν
2308 3325 2695 3398 παρεισῆλθεν,
2746 3325 2888 3379 ῶστε
2930 3326 3398 3399 περιεργάσασθαι
3437 3329 3529 3380 καὶ
3561 3345 3732 3382 κατα-

477 3435 616 3481 teret
662 3435 858 3480 cuncta
920 3437 1042 3492 quae
1090 3421 1145 3475 in
1177 3433 1244 3475 eo
1283 3426 1622 3490 gererentur,
1674 3428 1922 3485 quasque
1975 3413 2048 3468 ob

2153 3419 2344 3490 μαθεῖν
2368 3420 2436 3472 τά
2460 3421 2518 3472 ἐν
2541 3419 2688 3490 αὐτῷ
2715 3418 2892 3472 πάντα
2925 3419 3244 3491 τελούμενα,
3275 3421 3370 3473 καὶ
3407 3414 3480 3474 ὧν
3507 3421 3670 3492 χάριν
3693 3423 3729 3494 ἡ

468 3534 668 3574 causas
690 3515 981 3570 'I‘heodora
1015 3529 1081 3568 eo
1108 3511 1331 3566 assidue
1371 3508 1832 3578 proﬁcisceretur.
1866 3506 2044 3562 Caete-

2149 3512 2400 3585 Θεοδώρα
2437 3511 2677 3582 συνεχῶς
2702 3513 2818 3564 ἐκεῖ
2842 3499 3170 3582 ἀξρικνεῖται.
3209 3512 3316 3565 Τοῦ
3335 3511 3642 3582 θαυμασίου
3669 3512 3732 3566 δὲ

471 3627 592 3666 rum
623 3607 932 3664 admirabili
959 3605 1240 3660 Clemente
1271 3601 1489 3658 solitam
1519 3598 1810 3655 confestim
1856 3613 2045 3655 sacro-

2148 3602 2464 3675 Κλήμεντος
2486 3603 2582 3673 τὴν
2611 3600 2814 3673 συνήθη
2842 3603 3185 3674 παραχρῆμα
3215 3601 3325 3655 τῶν
3354 3602 3514 3674 ἱερῶν
3541 3603 3732 3673 ὓμνων

467 3719 589 3760 rum
627 3704 957 3774 hymnorum
983 3697 1287 3752 orationem
1333 3693 1586 3764 praefato,
1633 3690 1911 3747 Sisinnius
1939 3704 2043 3743 ca:—

2145 3694 2310 3765 εὑχὴν
2338 3691 2710 3764 προειπόντος,
2744 3690 2943 3759 τυφλὸς
2975 3691 3137 3754 εὐθὺς
3155 3691 3185 3742 ὁ
3209 3691 3473 3754 Σισίννιος
3512 3693 3726 3761 ἐγένετο

467 3809 567 3850 cus
598 3807 661 3846 ac
704 3790 908 3845 surdus
949 3787 1095 3840 illico
1133 3783 1358 3838 effectus
1387 3793 1494 3846 est,
1523 3782 1595 3835 ita
1626 3791 1686 3834 ut
1717 3795 1815 3835 nec
1853 3778 2043 3833 audire

2145 3785 2240 3838 καὶ
2265 3783 2466 3853 κωφὸς,
2489 3781 2566 3845 ὡς
2596 3783 2732 3854 μήτε
2759 3781 2977 3835 ἀκούειν
2998 3783 3132 3853 μήτε
3158 3783 3290 3853 ὁρᾷν
3315 3781 3593 3838 δύνασθαι,
3612 3786 3722 3838 Καὶ

466 3903 569 3942 nec
602 3885 782 3938 videre
805 3888 1009 3952 posset.
1033 3878 1455 3946 Con‘versnsque
1484 3873 1553 3928 ad
1589 3872 1828 3928 famulos
1855 3890 1869 3926 :
1902 3869 2040 3925 Pre-

2146 3877 2282 3949 πρὸς
2305 3877 2431 3938 τους
2455 3873 2672 3936 οἰκέτας
2709 3873 3083 3945 ἐπιστραφείς
3113 3872 3320 3927 Λάϐετε
3350 3891 3439 3945 με,
3477 3875 3600 3952 ἔφη,
3628 3877 3723 3931 καὶ

466 3978 690 4034 hendite
723 3951 830 4039 me,
857 3973 1055 4043 inquit,
1084 3979 1138 4026 et
1170 3970 1236 4024 ad
1263 3970 1489 4024 domum
1541 3982 1703 4021 manu
1738 3964 1990 4020 deducite
2019 3978 2035 4015 :

2143 3971 2281 4041 πρὸς
2301 3968 2400 4040 τὴν
2417 3967 2594 4021 οἰκίαν
2619 3967 3068 4038 χειραγωγὴσατε
3088 3983 3103 3996 ο
3129 3965 3324 4038 ἀθρόον
3347 3967 3459 4039 γάρ
3485 3951 3537 4021 τὶ
3562 3985 3724 4021 καται-

463 4065 809 4137 rcpentinum
843 4063 1043 4133 quippe
1076 4059 1282 4114 malum
1321 4057 1541 4128 aliquod
1575 4057 1630 4110 in
1662 4071 1748 4109 me
1781 4055 1997 4109 irruens
2021 4095 2036 4119 ,

2144 4059 2360 4132 σκῆψαν
2398 4061 2476 4122 εἰς
2515 4059 2616 4130 ἐμὲ
2665 4057 2833 4112 κακὸν
2876 4056 3000 4110 οὔτε
3041 4057 3279 4122 ἀκούειν,
3323 4057 3450 4112 οὔτε
3503 4058 3720 4128 βλέπειν

465 4172 642 4227 neque.
668 4156 857 4210 audire
887 4168 1065 4223 neque
1095 4166 1319 4207 eernere
1347 4149 1632 4221 permittit.
2140 4153 2342 4224 ἀνίησι,

533 4245 712 4302 CLIV.
753 4245 939 4315 Itaque
968 4243 1218 4313 protinus
1269 4255 1494 4295 manum
1535 4239 1584 4293 ei
1628 4236 1914 4308 porrigunt
1956 4232 2037 4288 fa-

2207 4243 2386 4299 CLIV.
2443 4245 2618 4315 Χεῖρα
2664 4243 2762 4314 μέν
2815 4239 2907 4298 οῦν
2957 4242 3118 4306 εὐθὺς
3158 4243 3441 4312 δρέγουσιν
3485 4244 3632 4316 αὐτῷ
3667 4245 3717 4298 οἱ

463 4341 620 4406 muli,
652 4347 706 4394 et
753 4337 1032 4392 abducunt
1076 4333 1144 4388 ad
1192 4333 1440 4387 domum.
1473 4329 1639 4384 Exire
1695 4339 1880 4384 autem
1925 4343 2033 4381 non

2139 4337 2368 4403 οἰκέται,
2395 4337 2489 4390 καὶ
2521 4333 2813 4406 ἀπαίρουσι
2847 4334 3006 4406 δῆθεν
3030 4334 3166 4404 πρὸς
3191 4335 3289 4408 τὴν
3313 4336 3512 4391 οίκίαν.
3546 4336 3718 4404 Ἐξελ-

461 4440 736 4504 poterant,
762 4430 887 4484 licet
915 4437 1028 4481 tota
1067 4424 1249 4495 templi
1279 4425 1449 4494 janua
1474 4431 1672 4494 aperta
1705 4431 1885 4478 esset:
1941 4422 2033 4476 sed

2142 4427 2254 4483 θεῖν
2294 4429 2350 4482 δὲ
2389 4429 2489 4482 οὐκ
2529 4423 2692 4497 εἶχον,
2733 4427 2913 4480 καίτοι
2947 4443 3010 4496 γε
3046 4425 3228 4497 πάσης
3263 4426 3358 4480 τοῦ
3383 4428 3513 4481 ναοῦ
3543 4429 3715 4499 πύλης

460 4536 584 4574 eum
618 4534 712 4588 per
746 4526 912 4571 totam
941 4515 1228 4569 ecclesiam
1262 4514 1531 4586 ducebant
1552 4554 1568 4580 ,
1599 4513 1741 4568 inter
1758 4512 2035 4566 -multitu~

2141 4521 2515 4591 ἀνεῳγμένης,
2553 4517 2688 4571 ἀλλὰ
2726 4516 2816 4570 διά
2856 4515 3036 4587 πάσης
3062 4516 3224 4570 αὐτόν
3249 4534 3308 4570 τε
3331 4517 3592 4589 περιῆγον
3616 4520 3717 4590 τῆς

461 4616 644 4669 dinem
675 4611 1009 4668 canentium.
1053 4607 1410 4662 Praecluscrat
1431 4605 1576 4662 enim
1605 4607 1687 4662 eis
1718 4606 1926 4660 exitum
1951 4605 2032 4660 vis

2140 4611 2454 4682 ἐκκλησίας,
2491 4608 2594 4662 ἀνὰ
2635 4607 2696 4661 τὸ
2734 4607 2844 4661 τῶν
2886 4607 3119 4678 ᾀδόντων
3153 4608 3379 4678 πλῆθος.
3433 4610 3712 4665 Ἀπέκλειε

459 4708 666 4770 divina,
695 4701 1104 4776 prudentiorem
1131 4700 1357 4756 reddere
1382 4699 1572 4754 volens
1601 4699 1827 4754 stultum
1852 4697 2027 4752 illum.

2137 4703 2246 4776 γὰρ
2277 4702 2376 4774 τὴν
2403 4700 2579 4767 ἔξοδον
2601 4699 2784 4762 αὐτοῖς
2797 4697 3025 4769 δύναμις
3049 4697 3317 4770 θειοτέρα,
3353 4702 3717 4772 σωφρονέστε-

457 4795 864 4853 Circumeundo
907 4803 1091 4847 autem
1142 4792 1347 4860 ubique
1395 4806 1492 4861 per
1537 4791 1822 4861 templum,
1867 4789 2028 4844 uxori

2143 4811 2233 4866 ρον
2281 4792 2372 4845 τὸν
2429 4792 2654 4864 ἀνόητον
2711 4791 2920 4843 ἐκεῖνον
2973 4789 3331 4861 ἐργαζομένη.
3401 4793 3709 4864 Περιῖόντες

455 4891 576 4961 ejus
616 4887 858 4959 precanti
897 4892 1217 4940 occurrunt.
1267 4881 1333 4938 Et
1365 4883 1455 4937 illa
1487 4881 1665 4936 virum
1701 4896 1825 4935 cmn
1856 4880 2031 4936 servis

2133 4885 2312 4938 τοίνυν
2328 4882 2602 4953 πανταχοῦ
2619 4882 2713 4936 τοῦ
2729 4881 2879 4946 ναοῦ,
2894 4882 3274 4952 ἐντυγχάνουσι
3298 4885 3706 4956 προσευχομένη

457 4982 674 5045 intuita,
707 4978 885 5049 primo
927 4976 1148 5046 quidem
1194 4975 1385 5030 oculos
1415 4973 1655 5040 deﬂexit,
1679 4973 1853 5027 verita
1880 4987 1948 5026 ne
1978 4979 2033 5026 et

2130 4979 2196 5048 τῇ
2231 4976 2394 5030 αὐτοῦ
2424 4973 2660 5048 συζύγῳ.
2703 4977 2948 5048 Κάκείνη
2971 4977 3062 5030 τὸν
3096 4971 3266 5050 ἄνδρα
3301 4977 3398 5030 σὺν
3428 4980 3542 5040 τοῖς
3566 4977 3704 5029 οἰκέ-

455 5077 571 5145 ipse
612 5088 733 5127 eam
765 5072 1013 5124 videret:
1048 5069 1185 5123 nihil
1217 5069 1416 5140 quippe
1458 5068 1641 5122 adhuc
1679 5081 1870 5121 eorum
1907 5079 2030 5135 qua:

2129 5085 2251 5132 ταις
2295 5067 2498 5133 ἰδοῦσα,
2527 5067 2720 5139 πρῶτα
2747 5070 2843 5140 μὲν
2871 5068 3112 5122 ἐκκλίνει
3135 5068 3230 5140 τὴν
3255 5067 3404 5131 θέαν,
3437 5067 3704 5121 δεδοικυῖα

456 5176 604 5235 gesta
639 5168 796 5218 erant
819 5161 1028 5215 sciebat
1054 5157 1376 5214 Theodora:
1403 5167 1587 5228 postea
1617 5166 1796 5212 autem
1831 5169 1943 5210 uno
1964 5170 2027 5210 ex

2136 5161 2209 5233 μὴ
2235 5163 2328 5215 καὶ
2345 5157 2500 5226 οὗτος
2514 5162 2685 5233 αὐτὴν
2708 5162 2826 5216 ῐδοι·
2858 5162 3008 5215 οὐδὲν
3027 5161 3138 5234 γάρ
3153 5161 3289 5225 τέως
3307 5160 3415 5213 τῶν
3436 5159 3701 5231 πραχθέν-

453 5257 673 5312 famulis
696 5251 983 5318 accersito,
1007 5265 1233 5307 causam
1252 5251 1496 5321 rogabat,
1527 5258 1744 5320 propter
1766 5263 1929 5319 quam
1956 5247 2028 5302 ita

2128 5271 2237 5307 των
2261 5255 2294 5326 ἡ
2324 5253 2574 5326 Θεοδὼρα
2607 5253 2724 5324 ᾔδει
2743 5270 2757 5283 ο
2793 5252 2986 5308 ἔπειτα
3008 5253 3064 5306 δὲ
3096 5253 3205 5307 τῶν
3226 5251 3453 5306 οἰκετῶν
3479 5252 3576 5306 ἐνα
3604 5269 3698 5322 με·

401 5366 412 5380 ·
451 5368 576 5406 cum
606 5353 712 5406 illis
738 5349 968 5405 maritus
1002 5365 1100 5420 per
1124 5345 1384 5418 templum
1413 5344 1716 5400 oberraret.
1748 5341 1826 5396 Ac
1857 5342 1947 5396 ille
1969 5359 1993 5396 ε

2125 5344 2562 5418 τακαλεσαμένη,
2614 5343 2713 5416 τὴν
2744 5345 2925 5399 αἰτίαν
2962 5343 3169 5416 ἠρώτα,
3215 5345 3283 5399 δι’
3322 5345 3394 5416 ἢν
3437 5343 3581 5398 οὕτω
3605 5342 3701 5395 σὺν

447 5445 635 5498 omnia
659 5441 1212 5515 enarratdiligenter;
1235 5447 1350 5495 tum
1375 5435 1838 5510 quemadmodum
1868 5444 2023 5506 post-

2128 5435 2312 5499 αύτοῖς
2353 5437 2381 5490 ὁ
2421 5435 2558 5508 ἀνὴρ
2597 5435 2700 5490 ἀνὰ
2737 5433 2830 5488 τὸν
2873 5434 3000 5489 ναὸν
3034 5435 3394 5508 περιέρχοιτο.
3438 5435 3699 5493 Κάκεῖνος

481 1222 534 1276 in
565 1237 661 1276 eos
685 1219 1098 1290 impendisscnt.

1756 5609 1992 5669 VARUE
2031 5610 2434 5670 LECTIONES.

525 5721 570 5757 ⁸³
589 5725 738 5779 deest
770 5722 823 5776 in
847 5722 920 5778 al.
