4032 6146
349 299 448 352 585

1119 295 1666 352 CLEMENTINA.—
1696 287 2004 351 EPITOM’E
2045 283 2133 344 DE
2169 291 2407 348 CESTIS
2449 295 2507 346 δ.
2549 289 2771 346 PETRI.

3486 293 3589 348 586

347 419 479 489 αὐτῇ
523 418 699 472 πάντα
741 417 1030 485 καταλέγει
1075 419 1169 471 σὺν
1193 418 1470 490 ἀκριϐείᾳ·
1507 419 1654 482 ὅπως
1680 436 1739 470 τε
1780 415 1916 489 μετὰ

2027 429 2184 483 quam
2217 415 2308 469 ilIa
2338 415 2502 469 domo
2533 414 2779 476 exiisset,
2812 412 2949 466 clam
2980 412 3145 466 etiam
3179 410 3282 478 ipsi
3310 408 3374 462 ad
3417 407 3592 463 eccle-

355 512 442 580 εὴν
462 512 539 563 ,ὲκ
572 509 667 563 τοῦ
693 509 844 563 οἴκου
890 511 1058 582 αὐτῆς
1094 509 1465 583 ὑποχώρησιν,
1500 509 1674 582 λάθρα
1699 508 1795 580 τὴν
1822 509 1915 562 ὲκ-

349 596 693 670 κλησίανκαὶ
718 599 871 653 αὐτοὶ
896 600 1271 654 καταλάϐοιεν⁹
1322 602 1417 655 καὶ
1444 603 1610 664 ὅπως,
1636 599 1732 671 τὴν
1756 599 1918 670 εὐχὴν

344 687 437 741 τοῦ
465 689 805 760 πατριάρχου
826 688 1254 753 διατελέσαντος,
1273 691 1472 760 τυφλὸς
1491 690 1651 754 εὐθὺς
1673 692 1701 741 6
1732 689 1920 760 γύριος

347 781 524 833 αὐτῶν
569 780 777 848 γένοιτο
828 780 922 832 καὶ
973 779 1174 848 κωφός.
1204 781 1313 834 Καὶ
1345 781 1419 844 ὡς
1451 779 1774 851 προστάξειε
1822 779 1918 849 μὲν

346 871 529 934 αὐτοῖς
554 871 962 942 χειραγωγῆσαι
991 870 1152 924 αὐτὸν
1178 871 1272 923 ἐπὶ
1313 870 1412 942 τὴν
1449 872 1645 934 οἰκίαν,
1695 869 1919 940 οὐδεμία

344 964 400 1018 δὲ
423 963 609 1027 αὐτοῖς
628 962 827 1030 ἔξοδος,
857 963 1033 1016 καίτοι
1061 961 1236 1015 πολλὰ
1259 962 1494 1034 καμοῦσι
1527 964 1621 1017 καὶ
1647 960 1918 1031 πανταχοῦ

341 1056 440 1128 τῆς
462 1055 758 1126 ἐκκλησίας
785 1053 1182 1126 περιελθοῦσιν,
1221 1054 1545 1124 ιύρίσκεται.

411 1147 571 1203 CLV.
602 1147 817 1199 Τούτων
860 1146 1042 1215 εκείνη
1081 1142 1382 1207 ἀκούσασα,
1432 1144 1662 1214 συνῆκεν
1699 1143 1918 1208 εὐθέως,

340 1241 459 1296 ὅθεν
503 1243 538 1311 ὴ
581 1239 690 1292 τῶν
723 1238 874 1292 ὢτων
903 1237 1052 1308 αὐτῷ
1101 1237 1193 1290 καὶ
1223 1236 1329 1289 τῶν
1352 1227 1645 1307 ὀφθαλμῶν
1674 1237 1920 1308 πήρωσις

339 1329 406 1404 ἦν
421 1353 432 1364 ·
459 1333 558 1386 καλ¹
577 1331 768 1403 βοηθὸς
788 1330 832 1361 ³⁸
849 1328 1061 1401 ἀληθῶς
1087 1327 1234 1398 αύτῷ
1260 1327 1488 1397 γίνεται.
1517 1328 1798 1398 Τραπεῖσα
1816 1326 1922 1398 γὰρ

342 1425 421 1487 εἰς
447 1423 616 1493 εὐχὴν
640 1421 860 1484 αὐτίκα,
907 1419 1001 1473 καὶ
1025 1419 1234 1490 δάκρυα
1263 1418 1399 1488 μετὰ
1428 1417 1529 1487 τῆς
1554 1417 1720 1488 εὐχῆς
1746 1416 1924 1489 θερμὰ

344 1515 542 1586 χέουσα
575 1514 640 1578 ³⁵,
671 1513 840 1566 ἐδεῖτο
883 1511 974 1564 τοῦ
1002 1510 1156 1574 Θεοῦ,
1184 1511 1324 1563 ὥστε
1358 1510 1457 1582 τὴν
1483 1509 1657 1575 ἔξοδον
1697 1510 1922 1580 ἐπιτρα-

346 1614 514 1684 πῆναι
546 1609 623 1681 τῷ
653 1608 921 1678 Σισιννίῳ,
950 1609 1043 1662 καὶ
1083 1605 1264 1660 οἴκαδε
1298 1604 1634 1676 ὑποστρέψαι
1667 1603 1713 1634 ³⁸
1740 1601 1920 1657 αὐτόν.

344 1705 456 1758 Καὶ
488 1701 625 1773 πρὸς
655 1699 780 1762 τοὺς
823 1698 1039 1760 οἰκέτας
1081 1697 1504 1767 ὲπιστραφεῖσα·
1535 1692 1670 1764 (ᾔδει
1705 1692 1812 1764 γὰρ
1847 1693 1924 1755 ὡς

345 1793 466 1846 οὐδὲ
498 1792 590 1845 τὸν
624 1790 790 1862 ἄνδρα
823 1788 1143 1861 περιόψεται
1184 1787 1398 1850 πάντως
1421 1789 1449 1840 6
1481 1786 1702 1856 ἐκείνης
1729 1773 1916 1856 Θεός)ο

351 1885 581 1951 Ἄγετε,
628 1879 783 1950 φησὶ,
829 1878 920 1932 τὸν
957 1876 1144 1950 κύριον
1189 1877 1340 1948 ὑμῶν
1377 1875 1512 1948 πρὸς
1554 1876 1594 1908 ³⁷
1640 1874 1731 1929 τὸν
1777 1873 1922 1928 οἷκον

346 1974 820 2047 χειραγωγήσατεο
851 1968 1252 2040 καταλαμϐάνω
1276 1968 1334 2021 δὲ
1370 1967 1507 2038 μετὰ
1549 1966 1721 2041 βραχὺ
1762 1967 1919 2038 αὐτή.

347 2064 536 2120 Ταῦτα
575 2063 699 2134 ἔφη,
737 2062 831 2116 καὶ
865 2061 1023 2134 ῥᾳδία
1057 2062 1090 2131 ή
1124 2059 1301 2126 ἔξοδος
1333 2057 1493 2121 εὐθὺς
1535 2060 1647 2121 τοῖς
1689 2057 1923 2118 οἰκέταις

348 2155 582 2225 ἐγένετο.
610 2154 722 2208 Καὶ
746 2153 774 2205 6
806 2152 1066 2215 Σισίννιος
1097 2149 1406 2221 ὀφθαλμοὺς
1431 2148 1511 2201 ἔτι
1544 2149 1636 2201 καὶ
1672 2141 1786 2200 ὦτα
1829 2164 1926 2200 πε-

347 2246 692 2317 πηρωμένος,
717 2245 1138 2315 ὲχειραγωγεῖτο
1164 2240 1303 2312 πρὸς
1327 2239 1425 2310 τὴν
1451 2241 1648 2294 οίκίαν.
1688 2241 1749 2293 υἱ
1777 2237 1923 2292 οἰκέ-

345 2355 438 2391 ται
481 2337 660 2390 τοίνυν
717 2335 959 2398 ἐλθόντες
995 2332 1150 2406 παρά
1171 2334 1268 2405 τὴν
1303 2331 1603 2404 Θεοδώραν,
1647 2332 1740 2384 καὶ
1772 2325 1926 2394 αὖθις

347 2428 428 2481 ἔτι
455 2430 634 2498 κωφὸν
657 2424 796 2481 εἶναι
819 2429 913 2480 καὶ
934 2426 1132 2496 τυφλὸν
1155 2425 1245 2480 τὸν
1269 2423 1475 2478 ἑαυτῶν
1495 2423 1926 2492 ἀπαγγέλλουσιν

349 2517 554 2591 κύριον.
605 2517 717 2572 Kc).
743 2516 883 2588 αὐτὴ
910 2516 1280 2593 συντονωτέρᾳ
1325 2513 1485 2568 πάλιν
1513 2513 1650 2585 πρὸς
1680 2513 1772 2567 τὸν
1793 2514 1926 2568 Θεὸν

348 2613 416 2683 τῇ
452 2612 634 2682 δεήσει
665 2611 760 2664 καὶ
791 2609 1141 2680 θερμοτέροις
1189 2607 1358 2660 ἐδεῖτο
1405 2607 1452 2638 ⁸⁸
1491 2610 1602 2670 τοῖς
1646 2607 1924 2679 δάκρυσιν,

349 2703 491 2757 ὥστε
514 2703 606 2756 τὸν
637 2701 806 2773 ἄνδρα
830 2700 924 2753 τοῦ
959 2699 1167 2762 πάθους
1191 2697 1598 2769 ἀπαλλαγῆναι·
1625 2696 1724 2768 ήδη
1749 2697 1805 2749 δὲ
1835 2697 1928 2750 καὶ

350 2795 446 2851 τοῦ
501 2793 840 2866 πατριάρχου
889 2791 989 2862 τὴν
1051 2789 1202 2862 ἱερὰν
1258 2789 1640 2851 ὲκτελέσαντος
1685 2787 1927 2859 λειτουρ-

345 2887 471 2957 γίαν
495 2885 626 2956 (20),
659 2884 845 2936 πίπτει
863 2881 996 2954 πρὸς
1016 2881 1141 2944 τοὺς
1164 2879 1328 2933 αὐτού
1341 2879 1504 2941 πόδας
1517 2879 1550 2950 ή
1564 2877 1931 2950 Θεοδιὶ›ρα,κα¹ί¹

343 2979 444 3050 τὴν
458 2974 804 3048 πήρωσιντοῦ
826 2972 1014 3045 ἀνδρὸς
1038 2971 1365 3040 ἀπαγγέλλει
1398 2970 1492 3024 καὶ
1507 2970 1673 3024 δεῖται
1697 2970 1791 3022 καί
1822 2971 1932 3023 ἱκε-

345 3067 512 3132 τεύει,
537 3064 848 3136 καίδάκρυα
859 3062 967 3117 τῶν
995 3060 1168 3115 ποδῶν
1191 3061 1469 3132 καταχέει,
1500 3059 1831 3132 θεραπεῦσαι
1851 3059 1929 3131 τῷ
1955 3096 2000 3156 C

343 3157 502 3228 ἀνδρὶ
521 3163 582 3209 τὸ
604 3155 792 3220 πάθος,
826 3156 918 3208 καὶ
946 3154 1019 3226 μὴ
1045 3153 1187 3206 οὓτω
1211 3152 1473 3224 περιιδεῖν
1497 3151 1682 3213 κακῶς
1715 3150 1925 3222 ἔχοντα.

416 3248 601 3306 CLVI.
631 3247 848 3302 Τούτων
879 3247 908 3300 6
951 3246 1219 3318 μακάριος
1259 3245 1492 3316 Κλήμης
1538 3242 1800 3317 ἀκούσας,
1836 3241 1930 3295 καὶ

343 3342 537 3400 παθὼν
563 3342 656 3395 ἐπὶ
682 3342 748 3410 τῇ
773 3339 873 3408 τῆς
901 3338 1158 3407 γυναικὸς
1200 3338 1454 3408 συμφορᾷ
1481 3335 1579 3407 τήν
1606 3334 1811 3406 ψυχὴν,
1849 3334 1931 3396 είς

344 3438 560 3506 δάκρυα
582 3434 677 3488 καὶ
715 3430 876 3493 αὐτὸς
903 3427 1114 3499 φανερὰ
1142 3427 1462 3496 κατάγεται,
1507 3426 1601 3481 καὶ
1629 3424 1932 3498 προτρέπε-

345 3546 438 3582 ται
479 3526 607 3589 τοὺς
649 3522 923 3593 παρόντας
961 3523 1115 3591 κοινῇ
1153 3517 1247 3572 τοῦ
1286 3517 1430 3591 Θεοῦ,
1468 3516 1749 3588 δεηθῆναι,
1791 3514 1930 3569 ὥστε

349 3614 577 3688 λυθῆναι
603 3613 682 3684 τῷ
705 3611 954 3682 Σισιννίῳ
981 3611 1082 3681 τὴν
1105 3611 1374 3682 πήρωσιν.
1397 3609 1601 3662 Τούτου
1622 3607 1678 3662 δὲ
1698 3607 1930 3678 γενομέ-

349 3725 469 3775 νου,
500 3707 848 3781 θαρῤούντως
884 3705 1071 3759 ἄπεισι
1115 3700 1253 3773 μετά
1280 3703 1380 3773 τῆς
1421 3700 1678 3770 γυναικὸς
1711 3700 1803 3753 ἐπὶ
1841 3699 1931 3753 τὸν

349 3795 501 3854 οἶκον
525 3801 553 3852 6
582 3796 955 3869 πατριάρχης,
987 3795 1080 3850 καὶ
1126 3792 1506 3864 ἀνεῳγμένους
1549 3792 1650 3862 μὲν
1688 3791 1930 3863 εὑρίσκει

351 3887 433 3959 τῷ
462 3887 616 3959 ἀνδρὶ
634 3888 762 3949 τοὺς
779 3885 1110 3956 ὀφθαλμοὺς,
1143 3885 1225 3947 είς
1245 3883 1303 3936 δὲ
1324 3884 1386 3937 τὸ
1407 3882 1624 3953 βλέπειν
1653 3883 1804 3936 οὐδὲν
1821 3882 1931 3935 τῶν

353 3978 774 4052 πεπηρωμένων
810 3978 1034 4048 ἄμεινον
1068 3976 1307 4046 ἔχοντας.
1351 3974 1662 4045 Κεκώφωτο
1694 3975 1737 4006 ³⁸
1779 3974 1835 4027 δὲ
1864 3973 1932 4027 τὰ

353 4066 490 4136 ὦτα,
521 4071 615 4124 καὶ
638 4068 914 4140 βαρυτάτῃ
941 4069 1200 4139 συμφορᾷ
1222 4068 1348 4138 περὶ
1373 4066 1434 4119 τὸ
1459 4066 1617 4136 σῶμα
1646 4066 1928 4136 ἐκέχρητο.

367 4162 627 4234 ὀδυρμδς
645 4157 737 4215 οὖν
753 4162 816 4214 ὲκ
838 4160 945 4213 τῶν
977 4159 1257 4229 παρόντων
1285 4159 1520 4228 ἐγένετο,
1545 4157 1637 4211 καὶ
1669 4156 1930 4226 κατέσχεν

353 4252 568 4324 οἰμωγὴ
602 4252 693 4306 τὸν
713 4247 880 4305 οἷκον.
922 4251 1059 4304 Ἀλλ’
1079 4253 1108 4302 6
1131 4251 1230 4322 μὲν
1258 4250 1520 4312 Σισίννιος
1546 4249 1646 4302 οὐκ
1670 4248 1932 4320 ᾐσθάνετο

352 4344 463 4399 τῶν
490 4343 890 4416 γεγενημένων.
922 4342 1046 4406 Πῶς
1082 4343 1148 4406 ⁸ο,
1175 4343 1233 4405 ὅς
1259 4359 1325 4410 γε
1354 4342 1456 4395 οὐκ
1482 4341 1523 4373 ⁸¹
1550 4341 1768 4396 ἀκούειν
1805 4339 1930 4392 οὔτε

352 4436 487 4507 ὁρᾷν
517 4431 660 4504 εἶχεν
683 4473 697 4488 .

425 4527 624 4582 CLVII.
644 4525 1054 4596 ’Υπεραλγήσας
1067 4527 1125 4580 δὲ
1144 4528 1173 4579 6
1206 4525 1345 4589 θεῖος
1366 4525 1597 4596 Κλήμης
1625 4524 1727 4594 τῆς
1752 4541 1939 4592 γυναι-

356 4623 454 4685 κὸς
481 4621 678 4677 καὶτοῦ
690 4618 1268 4690 οἴκου,ἱκέτηςγίνεται
1283 4617 1376 4670 τοῦ
1402 4616 1558 4678 Θεοῦ,
1575 4617 1668 4669 καὶ
1693 4615 1832 4686 μετὰ
1845 4615 1937 4667 δα-

355 4711 539 4782 κρύων
559 4711 746 4775 ἐδεῖτο,
761 4711 854 4766 καὶ
876 4706 1195 4781 περιπαθεῖς
1212 4706 1444 4771 ἐξέτεινε
1457 4705 1556 4768 τὰς
1582 4704 1811 4774 δεήσεις·
1827 4703 1939 4756 Κύ-

2023 507 2161 561 siam
2215 507 2535 569 venissent,
2588 515 2703 559 tum
2763 510 2874 572 Quo
2921 511 3081 572 pacto
3109 505 3240 557 cum
3281 495 3590 572 patriarcha

2021 597 2324 650 orationem
2344 594 2661 665 peregisset,
2699 594 2956 647 dominus
2985 608 3172 647 eorum
3205 592 3386 647 statim
3414 607 3594 648 czecus

2021 696 2074 742 et
2102 687 2304 742 surdus
2352 685 2532 741 factus
2561 694 2742 752 esset;
2779 694 2892 738 tum
2926 699 3037 753 quo
3063 684 3228 738 modo
3278 684 3388 739 illis
3419 683 3594 752 impe-

2021 788 2200 835 rasset
2227 779 2448 849 quidem
2500 789 2561 832 ut
2587 792 2712 831 eum
2761 793 2926 831 manu
2963 777 3187 830 domum
3237 777 3589 844 deducerent,

2022 875 2206 929 nullus
2256 883 2438 928 autem
2470 873 2538 926 ab
2567 871 2702 940 ipsis
2733 871 2912 925 exitus
2943 868 3293 939 reperiretur,
3339 869 3590 938 quamvis

2021 966 2253 1018 multum
2282 965 2630 1019 Iahorassent
2659 979 2722 1020 ac
2745 963 2947 1033 ubique
2975 977 3070 1031 per
3090 957 3378 1017 ecclesiam
3405 961 3593 1015 oham-

2022 1057 2322 1111 bulassent.

2093 1147 2253 1204 CLV.
2286 1148 2383 1204 His
2411 1149 2503 1203 illa
2534 1148 2757 1210 auditis,
2803 1147 3066 1202 intellexit
3107 1145 3312 1211 statim,
3345 1139 3487 1199 unde
3517 1144 3593 1197 illi

2024 1241 2240 1296 aurium
2268 1251 2320 1295 et
2351 1242 2638 1295 oculorum
2679 1239 2924 1295 defectus
2941 1239 3260 1300 accidisset;
3290 1237 3450 1307 eique
3470 1252 3596 1291 vere

2023 1331 2335 1386 auxiliatrix
2369 1331 2619 1386 efﬁcitur.
2662 1329 2813 1384 Illico
2853 1344 3092 1398 namque
3125 1327 3412 1382 conferens
3443 1341 3499 1380 se
3527 1324 3595 1378 ad

2022 1438 2232 1492 preces,
2259 1414 2637 1494 laerymasque
2668 1437 2794 1477 eum
2818 1421 3129 1491 precatione
3155 1434 3310 1474 acres
3333 1415 3592 1482 fundens,

2024 1515 2214 1570 orabat
2231 1514 2422 1580 Deum,
2452 1524 2512 1569 ut
2536 1513 2782 1569 Sisinnio
2800 1513 2979 1568 exitus
3005 1501 3416 1577 cencederetur,
3441 1510 3596 1578 isque

2023 1607 2248 1662 domum
2299 1607 2518 1663 rediret.
2550 1605 2617 1661 Et
2663 1607 2730 1662 ad
2775 1605 3012 1660 famulos
3043 1620 3314 1659 conversa
3345 1604 3597 1674 (noverat

2024 1699 2169 1752 enim
2221 1699 2366 1769 quod
2415 1713 2516 1753 nec
2566 1683 2746 1751 virum
2787 1698 3144 1766 despecturus
3179 1704 3326 1750 esset
3368 1693 3594 1748 omnino

2025 1788 2188 1854 Deus,
2217 1807 2380 1862 quem
2415 1789 2532 1861 ipsa
2567 1791 2826 1863 colebat),
2848 1790 3027 1860 Agite,
3064 1789 3276 1859 inquit;
3306 1791 3592 1843 dominum

2024 1872 2279 1961 vestrum.
2315 1883 2384 1938 ad
2411 1884 2635 1938 domum
2669 1900 2834 1939 manu
2870 1884 3092 1950 ducite;
3123 1885 3239 1954 ipsa
3268 1898 3399 1938 vero
3431 1879 3595 1953 paulo

2023 1988 2145 2046 post
2173 1977 2425 2032 advenio.
2453 1976 2576 2033 Haec
2605 1978 2764 2042 dixit,
2792 1969 3192 2048 confestimque
3217 1975 3392 2032 facilis
3412 1976 3595 2031 exitus

2023 2069 2231 2124 exstitit
2261 2069 2500 2124 famulis.
2530 2068 2594 2125 Et
2631 2070 2909 2126 Sisinnius
2939 2070 3113 2124 oculis
3149 2069 3328 2124 adhuc
3349 2078 3404 2122 et
3445 2067 3595 2122 auri-

2025 2161 2128 2216 bus
2157 2171 2350 2231 captus
2380 2163 2605 2217 domum
2634 2179 2797 2216 manu
2823 2163 3145 2216 ducebatur.
3175 2155 3387 2215 Famuli
3411 2163 3594 2212 autem

2024 2253 2306 2309 venientes
2321 2255 2386 2309 ad
2400 2253 2768 2320 Theodoram,
2802 2254 2998 2308 iterum
3032 2251 3289 2307 nuntiant
3312 2249 3594 2304 dominum

2027 2361 2187 2402 suum
2230 2347 2410 2400 adhuc
2449 2345 2677 2401 surdum
2720 2362 2842 2401 esse
2892 2361 2957 2401 ac
2995 2360 3222 2400 caecum.
3270 2342 3596 2411 Rursusque

2027 2439 2143 2510 ipsa
2172 2439 2600 2494 contentioribus
2629 2439 2694 2493 ad
2723 2437 2892 2492 Deum
2927 2437 3200 2506 precibus,
3232 2435 3598 2506 lacrymisque

2026 2532 2524 2588 vehementioribus
2552 2531 2765 2597 orabat,
2796 2539 2855 2586 ut
2881 2531 2962 2583 vir
2985 2545 3014 2583 a
3038 2530 3228 2582 morbo
3250 2526 3596 2587 liberaretur.

2028 2622 2276 2694 Cumque
2312 2625 2426 2694 jam
2459 2623 2772 2693 patriarcha
2830 2621 3041 2676 sacram
3096 2619 3412 2690 perfecisset
3440 2619 3599 2672 litur—

2030 2719 2194 2790 giam,
2239 2717 2475 2786 procidit
2513 2716 2580 2772 ad
2625 2717 2746 2786 ejus
2791 2715 2954 2785 pedes
2979 2713 3292 2780 Theodora,
3321 2721 3376 2767 et
3409 2711 3593 2766 mariti

2030 2807 2363 2862 debilitatem
2389 2806 2727 2876 pronuntiat,
2760 2803 3110 2874 profusisque
3140 2801 3206 2856 ad
3233 2798 3396 2872 pedes
3423 2801 3600 2872 laery-

2033 2897 2135 2950 mis
2165 2905 2420 2966 precatur
2442 2911 2506 2951 ac
2531 2895 2780 2952 obsecrat
2806 2903 2866 2949 ut
2894 2895 2996 2949 viri
3025 2885 3273 2949 morbum
3300 2903 3474 2957 curet,
3502 2905 3602 2947 nec

2032 2989 2106 3042 ita
2135 3004 2260 3043 eum
2298 2989 2437 3043 male
2461 2988 2748 3044 habentem
2779 2987 3059 3058 despiciat.
3272 2985 3276 2988 ἢ

2101 3251 2279 3308 CLVI.
2313 3253 2446 3320 Quae
2471 3271 2596 3310 eum
2630 3255 2897 3310 audiisset
2925 3255 3116 3310 beatus
3145 3250 3419 3320 Clemens,
3452 3269 3516 3308 ac
3531 3269 3600 3306 ex

2033 3345 2219 3400 animo
2256 3348 2505 3403 mulieris
2544 3348 2910 3402 calamitatem
2937 3339 3173 3409 doleret;
3226 3347 3280 3399 in
3325 3345 3598 3416 Iacrymas

2032 3431 2147 3502 ipse
2196 3435 2360 3496 etiam
2411 3434 2730 3491 manifestas
2762 3436 3088 3506 prorumpit,
3124 3449 3328 3504 eosque
3367 3433 3460 3504 qui
3506 3435 3601 3487 ad-

2029 3535 2186 3588 erant
2207 3526 2458 3581 hortatur
2493 3527 2661 3581 Deum
2695 3528 2747 3580 In
2772 3527 3050 3580 communi
3081 3541 3257 3589 orare,
3275 3535 3334 3580 ut
3356 3542 3385 3580 a
3421 3523 3598 3580 Sisin-

2031 3619 2126 3689 nio
2150 3619 2376 3674 morbus
2406 3619 2725 3688 depellatur.
2756 3618 2875 3684 Quo
2907 3618 3073 3684 facto,
3106 3618 3421 3687 patriarcha
3466 3634 3602 3672 cono

2032 3709 2262 3766 ﬁdenter
2290 3711 2514 3766 domum
2541 3725 2668 3765 eum
2697 3711 2929 3763 muliere
2966 3709 3079 3764 abit
3105 3723 3119 3762 ε
3151 3719 3205 3764 et
3229 3719 3445 3778 apertos
3476 3711 3600 3779 qui—

2031 3804 2154 3859 dem
2185 3803 2524 3859 nanciscitur
2555 3803 2659 3856 viri
2682 3802 2894 3865 oculos,
2915 3801 2982 3855 ad
3010 3800 3301 3856 videndum
3331 3817 3460 3856 vero
3489 3818 3598 3857 non

2031 3897 2230 3952 melius
2277 3911 2442 3966 quam
2485 3910 2752 3950 caecorum
2787 3893 3103 3962 dispositos.
3143 3893 3248 3949 Sed
3291 3904 3342 3949 et
3371 3896 3600 3950 auribus

2031 3989 2417 4052 obsurduerat,
2450 3996 2616 4058 atque
2664 3987 2904 4058 pessime
2936 4001 3168 4057 corpore
3193 3995 3314 4040 erat
3344 3985 3593 4041 affectus.

2031 4084 2114 4139 Ab
2143 4083 2212 4137 iis
2239 4095 2368 4152 ergo
2391 4079 2484 4150 qui
2515 4089 2810 4150 prasentes
2841 4087 3000 4133 erant
3023 4079 3343 4134 lamentatio
3359 4090 3598 4145 ortaest,

2030 4177 2366 4243 domumque
2389 4173 2626 4243 ejulatus
2653 4173 2963 4242 occuparit.
2995 4172 3384 4228 Verumtamen
3424 4175 3600 4230 Sisin-

2032 4268 2156 4323 nius
2183 4280 2306 4335 quae
2344 4263 2486 4319 facta
2515 4261 2733 4316 fuerant
2760 4276 2866 4315 non
2899 4261 3253 4331 intelligebat,
3281 4261 3491 4316 scilicet
3527 4271 3588 4316 ut

2032 4361 2126 4433 qui
2156 4360 2279 4414 visu
2308 4366 2363 4414 et
2389 4356 2578 4411 auditu
2604 4356 2848 4424 privatus
2869 4364 3033 4409 esset.

2103 4515 2308 4574 CLVII.
2339 4513 2564 4567 Divinus
2599 4519 2778 4564 autem
2815 4506 3069 4562 Clemens
3091 4546 3107 4570 ,
3153 4522 3275 4561 cum
3307 4508 3600 4563 admodum

2034 4606 2278 4666 mulieris
2308 4619 2372 4658 ac
2398 4603 2594 4656 domus
2616 4599 2788 4654 vicem
2821 4598 3068 4660 doleret,
3108 4596 3218 4651 Deo
3260 4599 3483 4667 supplex
3517 4603 3597 4664 fit,

2032 4712 2087 4758 et
2109 4715 2234 4757 eum
2257 4694 2511 4768 lacrymis
2541 4691 2882 4762 precabatur,
2906 4689 3238 4760 affectusque
3267 4687 3454 4760 plenas
3476 4709 3601 4748 ora-

360 4818 444 4874 ριε
460 4801 628 4872 Ἰησοῦ
641 4801 861 4872 Χριστὲ,
877 4800 1068 4866 λέγων,
1085 4798 1114 4850 6
1127 4795 1224 4860 τάς
1238 4795 1347 4849 τῶν
1361 4792 1599 4864 οὐρανῶν
1621 4792 1764 4853 κλεῖς
1780 4790 1941 4844 δεδω-

2033 4795 2211 4850 tiones
2228 4791 2386 4856 fudit,
2413 4785 2627 4842 dicens:
2645 4781 2876 4838 Domine
2897 4781 3021 4837 Jesu
3046 4783 3282 4848 Christe,
3302 4785 3392 4853 qui
3420 4786 3601 4842 claves

357 4890 470 4954 κὼς
481 4891 558 4961 τῷ
573 4890 849 4961 ἀποστόλῳ
863 4906 955 4942 σου
970 4887 1181 4958 Πέτρῳ,
1196 4885 1291 4938 καὶ
1306 4884 1479 4955 ⁸Ἀπερ
1506 4883 1737 4950 ἀνοίξεις
1773 4881 1940 4951 ἀνέῳ-

359 5001 486 5039 κται
503 5025 518 5048 ,
542 4983 730 5047 είπὼν,
772 4984 867 5036 καὶ
887 4983 1032 5052 άπερ
1059 4981 1126 5034 ἂν
1151 4977 1368 5050 κλείσῃς
1398 4975 1732 5038 κέκλεισται,
1769 4973 1928 5036 αὐτὸς

358 5078 452 5131 καὶ
476 5077 600 5139 τοὺς
622 5073 1051 5146 πεπηρωμένους
1084 5069 1389 5140 ὀφθαλμοὺς
1415 5065 1508 5121 τοῦ
1543 5065 1730 5134 ἀνδρὸς
1754 5064 1928 5125 τοῦδε,

2037 4885 2298 4940 caelorum
2328 4879 2524 4936 dedisti
2554 4877 2800 4948 apostolo
2825 4887 2918 4929 tuo
2943 4873 3124 4938 Petro,
3149 4885 3202 4929 et
3227 4877 3442 4931 dixisti:
3468 4876 3602 4943 Qua;

2036 4974 2345 5046 aperueris,
2381 4980 2565 5042 aperta
2591 4977 2788 5034 erunt,
2829 4977 2883 5022 et
2924 4979 3045 5046 quae
3078 4968 3374 5035 clauseris,
3413 4970 3599 5025 clausa

2036 5073 2198 5121 erunt
2216 5063 2298 5128 δ’,
2335 5059 2450 5131 ipse
2478 5069 2532 5114 et
2559 5058 2707 5128 aperi
2757 5071 2928 5112 cazcos
2960 5040 3075 5110 'viri
3122 5055 3285 5126 hujus
3316 5060 3504 5115 oculos
3535 5075 3601 5115 ac

1663 5203 1894 5260 VARle
1931 5201 2327 5259 LECTIONES.

433 5309 478 5341 τι
489 5299 562 5354 al.
581 5300 746 5355 inser.
758 5299 853 5364 ὡς.
863 5305 910 5336 ³⁸
928 5305 1017 5374 Val.
1053 5303 1244 5374 χέασα.

359 5380 478 5443 πῶς
496 5379 627 5448 γάρ.
700 5379 743 5414 δ¹
771 5377 839 5430 al.
879 5373 1026 5428 οὔτε.
1056 5368 1145 5406 ”“
1183 5371 1372 5428 Matth.
1403 5387 1516 5436 XVI,
1559 5368 1644 5422 I9.

1325 5300 1368 5331 “
1403 5300 1474 5353 al.
1514 5295 1867 5367 ἀναστρέψαι.
1946 5297 1986 5327 ³⁷
2011 5297 2081 5351 aI.
2123 5298 2218 5350 καὶ
2245 5295 2399 5365 πρός.

2481 5293 2525 5324 ³⁸
2549 5293 2619 5345 aI.
2661 5288 2879 5362 εχρῆτο.
2937 5287 2978 5320 ³9
2995 5287 3065 5342 al.
3093 5285 3400 5356 κεκώφητο.
3453 5285 3499 5326 δ’)
3523 5285 3598 5340 aI.

1658 5499 2024 5558 VARIORUM
2063 5495 2291 5553 ΝΟΤΑΞ.

432 5607 544 5678 (‘20)
577 5605 694 5674 Τὴν
721 5604 884 5678 (sphr-
910 5599 1340 5678 ἐλιτελέσαντρς
1370 5596 1777 5678 ⁸,ιῑεειτουρπῖὶιινκ
1806 5593 1922 5678 _La—

361 5667 475 5732 tina
501 5667 691 5731 Versio
717 5667 883 5733 edita.
920 5671 1047 5726 Post
1077 5670 1328 5791 Μρεεετία
1363 5669 1530 5734 facta;
1559 5667 1757 5734 scripta
1788 5668 1924 5718 duo-

361 5764 480 5791 rum
517 5747 786 5791 codicum-
811 5743 1008 5791 .lnliani
1037 5751 1092 5791 CI.
1150 5739 1510 5791 Ierovalliani.
1542 5737 1693 5791 factis
1716 5744 1764 5790 εί
1787 5733 1920 5789 cele-

361 5764 482 5802 rum
517 5747 788 5807 codicum,
811 5743 1009 5798 Iuliani
1037 5751 1092 5794 et
1126 5733 1510 5805 Hertwalliani,
1540 5733 1693 5806 factis
1716 5744 1764 5790 et
1787 5733 1920 5789 cele-

684 5837 956 5896 Ρλτειοι..
1014 5833 1132 5894 Gn.
1187 5831 1265 5894 II.

2026 5593 2189 5646 brutis
2210 5590 2405 5642 missis.
2432 5586 2486 5640 In
2508 5585 2984 5657 Parapbrasiivero
3025 5585 3144 5640 libri
3172 5586 3325 5655 Regii
3354 5587 3480 5651 8M,
3505 5589 3599 5642 καὶ

2027 5662 2092 5731 δὴ
2136 5661 2236 5730 τῆς
2299 5657 2614 5720 ἀπολύσεως
2651 5656 2977 5728 γενομένης.
3017 5660 3094 5714 Ex
3145 5657 3465 5730 Martyrion.
3490 5702 3506 5726 ,
3544 5658 3599 5714 7.

2031 5730 2164 5790 Ger.

3203 5822 3276 5880 19
