4066 6140
453 189 550 248 587

1319 193 1376 248 S.
1413 191 1797 248 CLEMENTIS
1832 193 1852 247 I
1890 193 2055 250 ROM.
2095 195 2297 252 PONT.
2335 195 2563 254 OPERA
2602 202 2836 261 DUBIA.

3605 213 3706 270 588

449 317 612 358 aures
635 301 869 369 surdas;
907 302 1036 373 quia
1083 303 1188 357 hoc
1240 301 1404 355 etiam
1452 301 1658 356 dictum
1706 311 1860 356 tuum
1905 313 1991 359 est

2098 359 2102 366 ,
2130 308 2225 361 καὶ
2254 308 2324 361 τὰ
2355 302 2468 363 ὦτα
2495 312 2777 383 διάνοιξον,
2799 317 2880 370 ὅτι
2907 319 2996 372 σὺν
3023 321 3116 376 καὶ
3147 321 3303 374 τοῦτο
3331 321 3392 375 τὸ
3420 324 3592 397 ῥῆμα,
3613 328 3700 382 τό·

450 394 782 464 Quwcunque
832 396 1124 464 petieritis,
1183 394 1446 447 credentes
1468 433 1483 457 ,
1538 394 1808 463 accipietis
1839 393 1886 425 “
1924 414 1936 449 :
1967 405 2023 451 et

450 487 563 540 haec
594 493 686 540 tua
711 485 1004 554 promissio
1023 493 1307 557 permanet
1325 487 1378 538 in
1397 494 1687 540 aeternum.
1714 485 1822 541 Ista
1860 497 2019 556 post-

446 594 613 647 quam
656 580 833 634 oravit
874 581 1184 649 patriarcha
1205 620 1221 645 ,
1257 587 1310 632 et
1339 579 1431 648 qui
1463 578 1690 634 aderant
1721 581 2020 650 responde—

444 678 618 724 runt:
659 670 877 738 Amen,
944 671 1090 725 illico
1119 671 1408 726 oculorum
1458 671 1784 741 auriumque
1828 673 2019 727 vitium

441 761 753 817 discussum
774 770 877 816 est.
903 762 982 816 Ac
1006 760 1281 818 Sisinnius
1315 763 1474 832 quasi
1503 777 1569 816 ex
1602 778 1796 817 somno
1825 779 2020 833 expera

441 853 686 922 gefaetus
706 895 720 920 ,
753 855 1082 924 beatumque
1133 853 1468 909 Clementem
1496 869 1620 909 cum
1668 870 1837 909 uxore
1869 864 2018 910 stan-

440 953 547 998 tem
578 958 829 1010 cernens,
859 943 1056 998 malam
1089 943 1287 999 stultus
1311 953 1499 999 saneto
1523 945 2016 999 remunerationem

436 1036 606 1101 dedit,
637 1036 1002 1106 praecepitque
1030 1035 1251 1091 famulis
1303 1044 1362 1090 ut
1413 1037 1597 1091 statim
1645 1036 2015 1106 patriarcham

436 1129 982 1198 comprehenderent,
1017 1144 1127 1198 quo
1150 1143 1340 1197 poenas
1375 1128 1614 1184 Iaesionis
1645 1129 1816 1183 daret.
1851 1129 2014 1183 Arbi-

435 1222 683 1278 trabatur
705 1223 850 1276 enim
881 1221 1186 1294 praestigias
1232 1222 1499 1291 quasdam
1532 1237 1684 1286 esse;
1713 1222 1857 1292 quod
1887 1237 2013 1277 eum

433 1314 592 1385 prius
619 1313 906 1369 oculorum
943 1314 1278 1383 auriumque
1305 1327 1409 1388 usu
1454 1313 1689 1383 privari,
1715 1321 2015 1384 posteaque

433 1406 678 1474 aspicere
703 1414 758 1460 et
777 1405 969 1461 audire
995 1405 1238 1463 fecisset.

503 1497 732 1555 CLVIII.
777 1499 943 1571 Igitur
972 1500 1117 1557 servi
1145 1498 1391 1554 studiose
1417 1499 1641 1568 exsequi
1668 1498 1736 1554 de
1767 1500 1860 1554 illo
1891 1516 2012 1570 qua:

432 1593 695 1662 imperata
728 1591 944 1648 fuerant
971 1593 1286 1648 nitebantur
1320 1610 1333 1646 :
1364 1608 1472 1646 non
1508 1591 2012 1650 animadvertebant

432 1694 614 1739 autem
642 1685 787 1755 quod
818 1685 1124 1754 adjacentia
1160 1699 1290 1740 saxa
1334 1692 1388 1738 et
1414 1683 1559 1754 ligna
1584 1692 1886 1754 tangerent,
1916 1702 2008 1742 ea-

430 1797 539 1851 que
572 1782 853 1836 traherent
885 1797 950 1836 ac
1001 1781 1258 1850 Iigarent,
1289 1791 1453 1851 atque
1496 1781 1603 1836 huc
1645 1781 1884 1852 illucque
1925 1783 2010 1837 in-

431 1890 564 1930 sane
595 1875 1088 1930 circumducerent.
1131 1872 1306 1928 Porro
1344 1873 1398 1927 id
1439 1873 1603 1927 etiam
1655 1871 1896 1929 Sisinnio
1923 1875 2008 1929 vi-

428 1968 681 2035 debatur,
706 1984 770 2023 ac
797 1969 912 2037 ipse
940 1982 1162 2038 quoque
1189 1966 1538 2021 existimabat
1567 1967 1935 2037 patriarcham
1976 1984 2007 2024 a

427 2060 651 2117 famulis
690 2062 934 2115 vinctum
983 2062 1174 2115 teneri.
1219 2059 1270 2114 Is
1316 2069 1494 2114 tamen
1525 2059 1663 2114 nihil
1691 2060 1760 2116 ab
1803 2061 2007 2130 iniquis

426 2154 536 2209 illis
568 2153 820 2207 manibus
847 2153 1184 2224 patiebatur,
1233 2167 1334 2207 nec
1360 2151 1532 2206 levem
1563 2151 1852 2207 tactionem
1881 2168 2006 2222 per-

429 2244 608 2298 ferens
629 2285 643 2308 ,
674 2241 996 2298 nec-mediis
1043 2243 1097 2296 in
1134 2242 1294 2297 malis
1318 2241 1574 2312 agitatus.
1598 2241 1905 2313 Posteaque
1936 2243 2006 2298 ad

425 2337 579 2390 illum
615 2335 925 2390 dementem
956 2335 1256 2404 respiciens
1283 2353 1298 2388 :
1329 2333 1528 2402 Corde,
1560 2333 1756 2404 inquit,
1789 2335 2008 2391 indura-

426 2439 513 2484 tus
543 2444 623 2492 es,
672 2428 751 2482 sic
786 2443 917 2482 saxa
947 2437 1001 2481 et
1025 2427 1172 2498 ligna
1202 2441 1426 2481 movens
1451 2467 1467 2493 ,
1510 2434 1785 2497 totamque
1840 2429 1895 2482 in
1940 2444 2004 2483 ea

424 2525 563 2575 iram
597 2522 895 2576 immittens
916 2563 929 2585 ,
964 2533 1086 2590 qua:
1128 2519 1293 2589 paulo
1325 2527 1450 2572 ante
1479 2518 1826 2588 honorabas,
1858 2530 1912 2575 et
1945 2529 2006 2575 ut

425 2615 554 2669 deos
591 2615 828 2668 colebas.
875 2612 968 2666 Ille
1018 2628 1186 2667 vero:
1222 2609 1328 2665 Sed
1357 2625 1456 2680 ego
1485 2619 1572 2674 te,
1613 2611 1833 2681 inquit,
1862 2615 2004 2669 male

425 2705 645 2774 perdam
675 2722 689 2770 ;
725 2704 861 2758 adeo
893 2714 953 2757 ut
983 2703 1139 2757 multi
1185 2701 1608 2772 prmstigiatores
1640 2701 1768 2758 hinc
1796 2713 2003 2760 mutent

425 2803 663 2850 mentem
692 2809 754 2848 ac
785 2793 1128 2862 resipiscant,
1159 2793 1432 2862 iidemque
1459 2788 1754 2861 plurimum
1780 2792 2001 2850 lucren-

425 2896 511 2939 tur
539 2898 638 2954 per
664 2899 788 2954 quae
817 2894 874 2938 tu
902 2883 1126 2954 patieris
1161 2882 1505 2952 gravissima.

491 3059 671 3116 CLIX.
703 3059 829 3115 Haec
876 3059 965 3115 ille
1014 3058 1267 3129 quidem,
1300 3057 1518 3114 inﬂatus
1540 3101 1555 3124 ,
1605 3058 1747 3128 apud
1780 3073 1875 3114 eos
1901 3060 1996 3130 qui

422 3153 651 3209 aderant
684 3194 698 3218 ,
737 3149 1071 3220 proferebat,
1103 3158 1157 3204 et
1192 3149 1432 3220 glorians
1476 3149 1840 3218 patriarcham
1869 3149 1994 3203 vin-

419 3247 560 3301 culis
589 3245 912 3315 subjecisse.
939 3241 1008 3297 At
1034 3243 1136 3296 iste
1160 3257 1259 3296 nec
1284 3242 1364 3296 sie
1409 3256 1536 3294 eum
1565 3249 1849 3296 aversatus
1872 3249 1991 3308 est;

419 3341 512 3396 sed
550 3337 830 3394 benedicta
859 3321 1092 3406 conjuge
1117 3334 1286 3400 illius,
1313 3343 1369 3387 et
1395 3333 1449 3387 in
1482 3333 1655 3387 bonas
1686 3332 1806 3386 illas
1837 3332 1994 3387 obse-

417 3443 754 3503 quentesque
780 3446 942 3486 aures
970 3438 1227 3498 tanquam
1259 3427 1314 3481 in
1346 3441 1537 3497 agrum
1563 3425 1855 3496 quemdam
1881 3436 1994 3480 ter-

417 3540 492 3578 ra:
515 3522 798 3594 profundas
827 3536 890 3577 ac
919 3522 1173 3591 pinguem
1203 3518 1457 3573 demissis
1494 3517 1751 3572 uberibus
1776 3516 1993 3587 pietatis

419 3613 746 3677 seminibus,
769 3610 1056 3672 abscessit,
1081 3609 1130 3662 ei
1163 3608 1483 3677 praecipiens
1504 3615 1664 3662 antea
1688 3623 1754 3660 ne
1779 3607 1991 3676 precari

417 3704 729 3767 desisteret,
779 3702 960 3772 quoad
1007 3700 1185 3753 virum
1231 3699 1299 3752 ad
1351 3699 1596 3753 veritatis
1625 3698 1990 3769 cognitionem

417 3795 754 3850 adduxisset.
789 3791 925 3845 Cum
969 3806 1098 3861 ergo
1135 3788 1432 3844 ferventius
1465 3789 1534 3844 ad
1566 3789 1868 3844 orationem
1902 3787 1990 3841 in-

418 3887 698 3941 cumberet
736 3883 1042 3948 Theodore,
1077 3889 1302 3952 apparet
1342 3880 1420 3934 illi
1455 3881 1522 3934 ad
1556 3895 1838 3950 vesperam
1869 3879 1990 3948 qui-

415 3977 540 4033 dam
587 3980 672 4033 vir
722 3976 1089 4042 venerabilis,
1124 3983 1178 4028 et
1225 3972 1435 4042 capillis
1483 3973 1664 4039 canis;
1705 3972 1991 4026 videbatur

417 4077 598 4122 autem
631 4081 752 4122 esse
789 4066 999 4135 primus
1022 4063 1418 4132 discipulorum
1470 4062 1702 4127 Petrus,
1748 4063 1987 4134 Magistri

417 4161 630 4215 «validus
652 4169 896 4224 amator;
922 4166 975 4212 et
999 4157 1074 4210 ait
1096 4155 1162 4210 ad
1180 4170 1331 4208 eam:
1358 4153 1581 4224 Propter
1608 4164 1680 4218 te,
1707 4170 1740 4208 ο
1770 4154 1987 4220 mulier,

417 4269 585 4308 sanus
634 4253 738 4305 erit
766 4251 1070 4314 Sisinnius;
1106 4257 1166 4302 ut
1189 4257 1243 4302 et
1272 4248 1354 4300 vir
1378 4287 1393 4312 ,
1429 4247 1730 4326 secundum
1760 4245 1986 4301 fratrem

420 4361 600 4399 meum
633 4343 862 4398 Paulum
885 4387 898 4404 ,
931 4350 1155 4396 sanctus
1185 4337 1450 4393 efﬁciatur
1475 4354 1570 4408 per
1605 4337 1887 4391 mulierem
1918 4335 1984 4390 ⁸⁸.

419 4440 627 4504 Quibus
651 4438 870 4507 quidem
903 4436 1062 4491 dictis
1081 4479 1095 4503 ,
1123 4436 1211 4490 ille
1237 4433 1387 4488 abiit.

483 4616 641 4672 CLX.
687 4615 966 4670 Sisinnius
992 4629 1122 4669 vero
1152 4613 1333 4667 statim
1373 4619 1426 4664 et
1473 4609 1630 4678 quasi
1663 4625 1727 4664 ex
1764 4623 1984 4678 compa-

412 4722 499 4766 cto
522 4709 813 4764 Theodora
847 4707 1146 4770 arcessita;
1172 4713 1290 4759 erat
1316 4712 1497 4757 autem
1523 4703 1711 4771 utique
1735 4702 1825 4756 hic
1854 4700 1980 4754 ﬁnis

418 4803 648 4856 visiOuis
709 4815 830 4870 quae
887 4799 988 4868 ipsi
1051 4805 1410 4866 apparuerat;
1463 4794 1605 4863 apud
1659 4808 1778 4847 eam
1821 4807 1976 4846 amo-

2130 397 2318 468 Ἀπερ
2333 400 2379 432 ⁸³
2407 400 2486 455 ἂν
2509 403 2795 473 αἰτήσητε
2827 412 3236 477 πιστεύοντες,
3268 413 3542 482 λήψεσθε
3563 436 3577 448 ·
3613 423 3706 475 καὶ

2123 490 2265 562 αὐτή
2289 509 2385 545 σου
2408 495 2441 565 ή
2473 495 2771 566 ἐπαγγελία
2802 498 3046 571 διαμένει
3075 505 3155 567 είς
3178 504 3270 558 τὸν
3294 506 3487 562 αίῶνα.
3521 511 3705 567 Ταῦτα

2121 583 2216 673 τοῦ
2244 585 2581 658 πατριάρχου
2611 590 3070 662 προσευξαμένου,
3122 596 3216 648 καὶ
3259 597 3368 651 τῶν
3427 600 3704 673 παρόντων

2120 672 2357 742 τὸάμὴν
2381 676 2749 745 ἐπειπόντων,
2790 681 2992 747 εὐθέως
3047 686 3081 755 ή
3128 687 3234 740 τῶν
3271 672 3564 761 ὀφθαλμῶν
3611 696 3704 750 καὶ

2119 765 2227 818 τῶν
2260 765 2412 820 ὢτων
2438 770 2687 839 πήρωσις
2721 772 2990 829 διελέλυτο
3009 777 3076 831 ⁸⁵.
3125 780 3234 833 Καὶ
3253 783 3280 834 ὁ
3308 783 3572 850 Σισίννιος
3601 805 3701 841 κα-

2121 855 2296 929 θάπερ
2329 858 2389 923 ἐξ
2437 859 2606 914 ὕπνου
2645 863 2966 931 διαναστὰς,
2999 870 3093 922 καὶ
3132 871 3224 925 τὸν
3258 875 3524 946 μακάριον
3552 878 3700 951 Κλή-

2124 965 2291 1044 μεντα
2319 951 2457 1021 μετὰ
2478 953 2578 1023 τῆς
2598 956 2860 1023 γυναικὸς
2881 959 3092 1014 ἑστῶτα
3119 962 3262 1030 ἰδὼν,
3283 966 3460 1031 κακὰς
3489 973 3517 1022 ὁ
3541 971 3702 1044 ἀνόη-

2117 1060 2208 1106 τος
2225 1043 2304 1114 τῷ
2331 1046 2471 1116 ἁγίῳ
2496 1046 2727 1120 χάριτας
2748 1051 3018 1107 ἀπεδίδου.
3047 1056 3156 1109 Καὶ
3188 1063 3478 1130 κατασχεῖν
3501 1063 3704 1129 εὐθέως

2117 1132 2209 1185 τὸν
2232 1135 2573 1206 πατριάρχην
2601 1142 2713 1203 τοῖς
2735 1140 2977 1206 οἰκέταις
2994 1145 3404 1215 παρεκελεύετο,
3426 1150 3520 1203 τοῦ
3545 1151 3701 1216 δίκας

2117 1226 2372 1316 ὑποσχεῖν
2400 1219 2560 1281 αὐτὸᾭ
2591 1230 2690 1301 τῆς
2723 1232 3044 1304 πηρώσεως.
3079 1237 3238 1307 ᾬετο
3269 1240 3378 1311 γάρ
3411 1259 3532 1295 τινα
3565 1260 3699 1316 γοή-

2114 1318 2264 1371 τείαν
2292 1315 2450 1384 εἶναι,
2486 1322 2568 1374 ὅτι
2594 1324 2687 1376 καὶ
2729 1326 3052 1396 πηρωθῆναι
3092 1329 3359 1401 πρότερον
3387 1333 3570 1398 αὐτὸν,
3604 1315 3699 1389 καὶ

2113 1411 2432 1482 ἀναϐλέψαι,
2463 1414 2555 1467 καὶ
2578 1415 2807 1469 ἀκοῦσαι
2843 1418 3004 1473 πάλιν
3035 1421 3308 1492 ἐποίησεν.

2182 1499 2406 1556 CLVIII.
2447 1505 2509 1556 Οἱ
2549 1506 2651 1575 μὲν
2681 1502 2773 1560 οὖν
2798 1509 3005 1561 οίκέται
3037 1511 3336 1576 σπουδαίως
3361 1513 3431 1568 τὰ
3472 1533 3698 1587 προστε-

2112 1594 2356 1664 ταγμένα
2419 1599 2592 1650 ποιεῖν
2650 1598 2694 1630 ιθ
2722 1600 2883 1654 αὐτὸν
2928 1602 3259 1674 ἐπειρῶντο·
3310 1606 3595 1663 ἐλάνθανον
3637 1611 3695 1664 δὲ

2041 1671 2083 1725 Β
2107 1683 2215 1754 ἄρα
2241 1685 2350 1739 τῶν
2390 1688 2807 1759 παρακειμένων
2850 1691 3012 1746 λίθων
3032 1671 3064 1758 ,“
3086 1697 3181 1749 καὶ
3236 1694 3405 1760 ξύλων
3451 1699 3693 1772 ἁπτόμε-

2109 1795 2211 1844 νοι,
2243 1781 2336 1834 καὶ
2367 1781 2619 1854 σύροντες
2643 1783 2779 1835 αὐτὰ
2798 1824 2812 1850 ,
2836 1786 2928 1837 καὶ
2959 1785 3301 1857 δεσμοῦντες,
3327 1791 3421 1844 καὶ
3444 1791 3566 1862 τῇδε
3589 1795 3691 1846 κά-

2112 1874 2259 1925 κεῖσε
2285 1873 2528 1944 μανικῶς
2554 1877 2928 1946 περιάγοντες.
2948 1878 3117 1932 Τοῦτο
3144 1879 3198 1932 δὲ
3227 1882 3321 1934 καὶ
3342 1882 3421 1953 τῷ
3442 1885 3690 1956 Σισιννίῳ

2110 1961 2311 2026 ἐδόκει,
2351 1964 2445 2016 καὶ
2489 1963 2774 2036 δεσμώτην
2813 1967 2918 2019 ὐπὸ
2951 1966 3061 2019 τῶν
3099 1970 3325 2025 οἰκετῶν
3363 1973 3687 2046 γεγενῆσθαι

2109 2053 2201 2108 τὸν
2231 2055 2576 2127 πατριάρχην
2603 2058 2697 2110 καὶ
2728 2059 2892 2122 αὐτὸς
2919 2057 3073 2130 ᾤετο.
3121 2061 3354 2127 Ἐκεῖνος
3379 2063 3435 2116 δὲ
3473 2064 3688 2138 ἀπαθὴς

2107 2145 2214 2198 ἀπὸ
2238 2146 2346 2198 τῶν
2375 2147 2574 2202 ἀδίκων
2593 2149 2818 2203 ἐκείνων
2835 2152 3081 2223 ἐτηρεῖτο
3104 2154 3323 2225 χειρῶν,
3347 2155 3467 2208 οὐδὲ
3486 2158 3688 2230 μικρὰν

2107 2239 2248 2310 ἁφὴν
2299 2239 2582 2312 ὑπομένων
2604 2281 2619 2305 ,
2672 2242 2792 2296 οὐδὲ
2843 2244 2900 2295 έν
2948 2244 3132 2314 μέσοις
3168 2249 3280 2311 τοῖς
3314 2245 3504 2312 δεινοῖς
3532 2249 3687 2322 θορυ-

2107 2327 2367 2400 ϐούμενος
2389 2371 2403 2394 ,
2434 2326 2553 2385 εἶτα
2597 2334 2690 2387 καὶ
2725 2334 2860 2403 πρὸς
2885 2334 2977 2388 τὸν
3020 2335 3245 2405 ἀνόητον
3288 2339 3491 2393 ἐκεῖνον
3530 2340 3681 2393 ἰδών·

2107 2420 2452 2493 Πεπώρωσαι
2491 2424 2590 2494 τὴν
2618 2424 2846 2496 καρδίαν
2864 2466 2879 2490 ,
2909 2425 3034 2497 ἔφη,
3064 2427 3247 2491 λίθους
3272 2429 3414 2482 οὕτω
3443 2431 3683 2497 καὶξύλα

2107 2514 2305 2579 κινῶν,
2359 2515 2455 2568 καὶ
2494 2515 2620 2586 ὃλην
2657 2517 2776 2570 κατ’
2818 2517 2999 2571 αὐτῶν
3045 2520 3226 2589 ἀφιεὶς
3273 2523 3372 2592 τὴν
3415 2523 3619 2595 ὀργὴν,
3647 2524 3684 2578 ἃ

2109 2603 2291 2673 μικρῷ
2315 2603 2550 2676 πρόσθεν
2575 2607 2767 2677 ἐτίμας
2786 2647 2799 2671 ,
2829 2609 2922 2661 καὶ
2946 2609 3023 2673 ώς
3050 2608 3204 2674 θεοὺς
3230 2611 3575 2684 ἐθεράπευες.
3625 2615 3682 2669 '0

2104 2693 2161 2746 δέ
2187 2711 2198 2723 ·
2241 2694 2378 2747 Ἀλλ’
2408 2695 2518 2763 ἐγώ
2551 2713 2610 2748 σε
2647 2697 2834 2761 κακῶς
2868 2700 3053 2753 ἀπολῶ
3075 2740 3088 2765 ,
3115 2703 3278 2774 φησὶν
3297 2742 3312 2766 ,
3343 2704 3418 2766 ὡς
3458 2705 3552 2758 κα)⁵
3582 2723 3665 2776 με-

2103 2785 2351 2840 ταῦαλεῖν
2387 2786 2613 2850 πολλοὺς
2634 2789 2743 2842 τῶν
2767 2792 2975 2861 γοήτων
3008 2793 3254 2847 ἐντεῦθεν
3277 2795 3368 2848 καὶ
3398 2797 3679 2868 σωφρονῆ-

2106 2893 2215 2940 σαι,
2256 2877 2350 2946 ἀφ’
2373 2870 2449 2932 ὧν
2477 2879 2638 2944 αὐτὸς
2663 2880 2733 2934 τὰ
2765 2882 2968 2954 ἔσχατα
2989 2886 3174 2960 πείσῃ,
3204 2886 3274 2940 τὰ
3303 2887 3514 2958 μεγάλα
3533 2890 3678 2943 ὲκεί-

2104 2984 2226 3031 νους
2255 2969 2638 3040 κερδάναντας.

2033 3039 2076 3096 C
2177 3039 2359 3115 CLIX.
2404 3061 2587 3116 Ταῦτα
2612 3065 2640 3115 ὁ
2671 3064 2770 3134 μὲν
2802 3065 3120 3138 φυσώμενος
3147 3069 3250 3122 ὑπὸ
3269 3069 3375 3123 τῶν
3397 3071 3679 3142 παρόντων

2096 3149 2248 3218 ἔλεγε
2269 3190 2284 3214 ,
2319 3151 2414 3204 καὶ
2457 3153 2659 3223 αὐχῶν,
2700 3154 2781 3207 ὃτι
2815 3156 2908 3208 καὶ
2947 3155 3163 3226 δεσμοῖς
3191 3158 3560 3231 ὐποδέϐληκεν
3586 3163 3679 3216 τὸν

2096 3242 2459 3313 πατριάρχην.
2503 3245 2561 3297 Ὁ
2599 3244 2689 3309 δὲ,
2719 3245 2840 3299 οὐδὲ
2868 3245 3040 3310 οὕτως
3076 3249 3236 3302 αὐτὸν
3269 3250 3673 3323 ἀπεστρέφετο,

2094 3332 2231 3386 ἀλλὰ
2261 3334 2360 3405 τὴν
2391 3335 2600 3389 ἐκείνου
2632 3335 2862 3405 σύζυγον
2889 3337 3219 3410 εὐλογήσας,
3247 3341 3340 3394 καὶ
3361 3343 3442 3406 είς
3467 3342 3568 3407 τὰς
3588 3345 3677 3397 εὐ-

2093 3423 2379 3496 γνώμονας
2437 3426 2653 3492 ὲκείνας
2717 3429 2811 3482 καὶ
2873 3431 3224 3496 καταπειθεῖς
3267 3433 3455 3499 ἀκοὰς,
3486 3435 3676 3508 ῶσπερ

2093 3516 2173 3579 είς
2235 3515 2517 3586 βαθύγειόν
2582 3536 2703 3573 τινα
2750 3521 2842 3574 καὶ
2896 3521 3130 3592 λιπαρὰν
3176 3525 3412 3598 ἄρουραν
3475 3527 3672 3599 δαψιλῆ

2095 3606 2382 3677 σπέρματα
2430 3607 2533 3678 τῆς
2578 3608 2864 3674 εὐσεϐείας
2913 3611 3235 3666 καταϐαλὼν
3259 3615 3326 3678 ⁸⁷,
3357 3613 3564 3685 ᾤχετο,
3596 3618 3671 3688 μὴ

2092 3696 2296 3749 ἀνεῖναι
2343 3699 2784 3768 προσευχομένην
2831 3700 3091 3772 πρότερον
3132 3703 3538 3774 ἐντειλάμενος,
3569 3707 3673 3770 ἕως

2092 3787 2187 3840 καὶ
2226 3787 2318 3839 τὸν
2344 3788 2515 3858 ἄνδρα
2559 3789 2641 3852 εἰς
2677 3789 2968 3857 ἐπίγνωσιν
2997 3791 3099 3861 τῆς
3125 3791 3379 3864 ἀληθείας
3406 3811 3670 3865 χειραγω-

2090 3881 2295 3950 γήσειε.
2329 3880 2406 3949 Τῇ
2437 3881 2568 3950 εὐχῇ
2622 3879 2799 3934 τοίνυν
2837 3879 3162 3953 θερμότερον
3208 3873 3579 3960 προσκειμένῃ
3599 3889 3664 3958 τῇ

2089 3968 2340 4042 Θεοδώρᾳ
2362 4011 2376 4034 ,
2408 3971 2749 4039 ἐπιφαίνεταί
2771 3990 2855 4036 τις
2879 3974 3016 4044 αὐτῇ
3043 3974 3180 4045 πρὸς
3201 3975 3438 4045 ἑσπέραν
3463 3977 3659 4030 αἰδέσι-

2093 4077 2192 4130 μος
2219 4061 2358 4132 ἀνὴρ
2383 4061 2476 4114 καὶ
2503 4061 2686 4124 πολιὸς
2724 4063 2822 4133 τὴν
2845 4067 3027 4134 τρῖχα’
3067 4064 3229 4134 ἐῴκει
3250 4066 3307 4119 δὲ
3334 4067 3440 4138 ἄρα
3465 4069 3494 4121 ὁ
3518 4068 3666 4140 πρῶ-

2088 4168 2180 4215 τος
2202 4152 2310 4205 τῶν
2341 4152 2594 4224 μαθητῶν
2619 4149 2757 4207 εἶναι
2783 4155 3006 4224 Πέτρος,
3028 4155 3057 4206 ὁ
3075 4156 3168 4208 τοῦ
3189 4156 3518 4212 Διδασκάλου
3538 4159 3662 4230 θερ-

2093 4245 2190 4315 μὸς
2218 4247 2454 4318 ἐραστής
2474 4264 2486 4276 ·
2515 4246 2607 4298 καί
2629 4263 2758 4315 φησι
2788 4247 2923 4318 πρὸς
2947 4249 3116 4319 αὐτήν
3137 4266 3149 4278 ·
3187 4248 3286 4302 Διὰ
3311 4249 3390 4313 σὲ,
3416 4243 3461 4303 ὦ
3483 4251 3660 4319 γύναι,

2091 4339 2248 4410 ὐγιὴς
2275 4337 2423 4392 ἔσται
2451 4339 2714 4402 Σισίννιος
2735 4379 2750 4403 ,
2795 4339 2943 4403 ὅπως
2989 4340 3056 4394 ἂν
3083 4342 3177 4394 καὶ
3204 4343 3344 4414 ἀνὴρ
3365 4382 3378 4405 ,
3409 4343 3551 4396 κατὰ
3572 4344 3662 4396 τὸν

2017 4418 2062 4476 1)
2089 4431 2314 4500 ἀδελφόν
2366 4449 2466 4502 μου
2510 4431 2750 4495 Παῦλον,
2779 4433 3012 4504 ἁγιασθῇ
3043 4434 3129 4487 διὰ
3163 4435 3262 4506 τὴν
3304 4440 3552 4503 γυναῖκα.
3605 4438 3661 4489 Ὁ

2095 4523 2193 4592 μὲν
2217 4518 2329 4589 οὖν,
2355 4522 2524 4575 ταῦτα
2551 4522 2739 4587 εἰπὼν,
2769 4522 3027 4593 ἀπῆλθεν.

2160 4612 2318 4668 CLX.
2373 4614 2430 4666 '0
2459 4614 2720 4678 Σισίννιος
2743 4615 2800 4668 δὲ
2825 4616 3020 4669 αὐτίκα
3045 4618 3136 4669 καὶ
3161 4617 3348 4688 ὥσπερ
3374 4619 3438 4670 ὲκ
3467 4619 3659 4690 συνθή-

2090 4719 2256 4773 ματος
2279 4701 2376 4772 τὴν
2395 4702 2674 4775 Θεοδώραν
2697 4704 2932 4768 καλέσας
2951 4723 2963 4735 ·
2987 4702 3070 4777 (ἦν
3094 4705 3148 4758 δὲ
3171 4707 3278 4777 ἄρα
3305 4706 3461 4761 τοῦτο
3487 4710 3658 4780 πέρας

2084 4794 2185 4864 τῆς
2213 4794 2472 4866 φανείσης
2496 4795 2632 4867 αὐτῇ
2654 4797 2699 4827 ‘9
2722 4796 2896 4866 ὅψεως
2916 4798 2952 4868 ·)
2983 4798 3074 4850 τοῦ
3101 4799 3264 4852 πόθου
3289 4816 3346 4851 τε
3371 4801 3539 4871 αὐτὴν
3565 4802 3655 4854 καὶ

421 4897 528 4962 iIS,
564 4894 669 4949 cibi
702 4892 1013 4948 communis
1039 4931 1052 4955 ,
1095 4888 1376 4944 convictus
1397 4926 1409 4949 ,
1443 4901 1507 4940 ac
1532 4886 1757 4955 reliquae
1795 4884 1977 4938 omnis

2098 4885 2191 4938 τῶν
2218 4885 2409 4939 κοινῶν
2451 4886 2626 4951 ἁλῶν,
2665 4888 2758 4940 καὶ
2795 4889 2894 4959 τῆς
2937 4888 3149 4953 ἑστίας,
3199 4890 3292 4942 καὶ
3326 4890 3424 4961 τῆς
3464 4891 3655 4960 λοιπῆς

417 4986 821 5043 communionis
872 4983 1004 5040 facit
1050 4981 1426 5048 mentionem,
1513 4992 1812 5048 eorumque
1862 4995 1980 5032 om-

2098 4978 2298 5048 ἱιπάσης
2325 4978 2608 5042 κοινωνίας
2637 4980 3060 5051 ἀναμιμνήσκει,
3089 4982 3183 5034 καὶ
3223 4982 3440 5035 πάντων
3475 4983 3653 5037 αὐτῶν

413 5085 560 5134 nium
626 5093 788 5132 unam
862 5075 1092 5146 gratiam
1154 5072 1363 5142 poscit,
1423 5069 1822 5139 eonjugemque
1880 5083 1973 5121 ro-

411 5185 497 5230 :..it
557 5183 605 5227 et
651 5171 953 5225 obtestatur
1003 5175 1065 5220 ut
1116 5165 1287 5219 Deum
1341 5171 1498 5228 oret,
1551 5176 1661 5231 quo
1721 5161 1822 5230 ipsi
1891 5161 1975 5214 di-

409 5267 693 5320 mittantur
728 5275 850 5331 quae
893 5257 1167 5330 peccavit,
1215 5255 1516 5324 salutisque
1564 5255 1709 5306 viam
1751 5250 1980 5307 demon-

2087 5068 2214 5139 μίαν
2238 5070 2460 5123 ἀπαιτεῖ
2503 5071 2694 5142 χάριν,
2725 5071 2820 5122 καὶ
2867 5069 3085 5143 λιπαρεῖ
3134 5072 3232 5143 τὴν
3279 5077 3511 5142 γυναῖκα
3561 5075 3652 5128 καὶ

2087 5161 2337 5226 ἱκετεύει,
2358 5161 2496 5215 ὥστε
2517 5161 2771 5231 δεηθῆναι
2791 5161 2884 5215 τοῦ
2909 5162 3042 5215 Θεοῦ
3071 5164 3282 5234 ἀφεῖναί
3299 5183 3358 5218 τε
3379 5166 3447 5220 τὰ
3472 5169 3651 5238 ἡμαρ-

2084 5252 2293 5321 τημένα
2312 5291 2326 5313 ,
2353 5255 2446 5305 καὶ
2473 5253 2572 5322 τὴν
2597 5252 2719 5304 ὁδὸν
2744 5252 2891 5336 αὐτῷ
2924 5254 3308 5329 ὑποδεῖξαι-τῆς
3331 5259 3603 5332 σωτηρίας
3629 5295 3643 5312 .

1712 5414 1944 5469 νΑῐιιλΕ
1984 5414 2386 5473 LECTIONES.

471 5527 518 5562 “
554 5528 626 5580 al.
669 5527 780 5579 mi.
858 5530 905 5564 ιδ
944 5525 1154 5588 Mattln,
1202 5545 1315 5595 XXI,
1356 5529 1446 5583 22.
1525 5531 1571 5568 ⁸⁵
1631 5528 1701 5584 al.
1742 5529 2036 5584 διαλέλυτο.

404 5599 531 5651 Cor.
569 5612 665 5660 vu,
696 5597 787 5652 14.
892 5597 937 5630 ⁸⁸
977 5597 1050 5652 aI.
1089 5597 1282 5668 αὐτῆς.

3547 5531 3640 5585 t8]

2168 5529 2213 5562 “
2253 5533 2324 5588 al.
2351 5532 2518 5590 inser.
2560 5534 2660 5595 εἰς.
2739 5535 2800 5606 θ’
2841 5534 2912 5588 al.
2955 5547 3196 5606 praepon.
3238 5531 3442 5592 ἀπιών.
