4066 6140
445 258 552 315 589

1258 255 1794 314 CLEMENTINA.—
1839 255 2138 324 EPITOME
2174 254 2263 311 DE
2299 257 2541 316 GESTIS
2578 261 2634 317 S.
2668 262 2888 316 PETRI.

443 366 577 425 Εἶτα
621 374 923 444 κατήγορος
962 371 1122 435 αὐτὸς
1161 369 1352 424 ἐαυτοῦ
1406 370 1611 439 γίνεται
1639 408 1652 431 ,
1701 369 1795 422 καὶ
1848 368 2022 422 πάντα

2127 377 2280 424 stret.
2313 368 2509 426 Postea
2535 374 2651 444 ipse
2698 376 2782 430 sui
2832 387 3120 431 accusator
3153 376 3416 444 etllcitur,
3456 391 3687 438 cuncta-

444 465 669 536 ποιῆσαι
696 464 762 516 δι’
791 464 961 535 αὐτὴν
983 465 1076 516 καὶ
1102 462 1290 516 παθεῖν
1310 461 1660 530 ἀπαγγέλλει.

512 639 644 696 CLX
655 639 694 693 1.
750 638 888 708 Ἐγὼ
913 639 1022 712 γὰρ
1048 638 1428 710 ἐζηλοτύπουν,
1455 638 1640 709 φησὶν,
1667 636 1758 689 ἐπὶ
1783 637 1884 697 σοί,
1911 636 2013 696 ὅτι,

438 733 531 786 τὸν
569 732 797 800 σύζυγον
825 730 924 802 ἐμὲ
962 729 1307 802 περιορῶσα,
1337 727 1488 799 παρὰ
1525 728 1616 781 τὸν
1657 726 1804 791 ξένον
1830 725 2016 779 τοῦτον

441 825 681 895 ἐφοίτας,
716 823 776 876 τὸ
799 820 893 875 τοῦ
919 821 1254 893 πατριάρχου
1275 818 1528 891 προσθεὶς
1541 817 1710 888 ὄνομα
1726 834 1738 846 ·
1777 816 2018 880 καὶτοὺς

437 917 540 986 τῆς
565 914 774 984 φύσεως
801 911 1064 985 θορύϐους
1082 952 1097 977 ,
1123 911 1218 964 καὶ
1249 911 1348 974 τὰς
1374 911 1437 963 ἐκ
1459 910 1559 981 τῆς
1597 908 1763 978 ζάλης
1776 908 1822 939 ⁸⁸⁵
1846 923 2017 979 ταρα-

439 1008 542 1079 χὰς
588 1008 649 1060 οὐ
694 1006 875 1077 φέρων
899 1045 916 1070 ,
969 1002 1318 1075 ἠναγκάσθην
1365 1001 1502 1072 πρὸς
1561 999 1660 1072 τὴν
1723 997 2016 1069 ἐκκλησίαν

439 1098 703 1154 ἀπιοῦσαν
731 1096 1052 1167 ἐπιφυλὰξαι
1081 1113 1161 1159 σε,
1185 1096 1279 1148 καὶ
1306 1095 1433 1147 ἰδεῖν
1453 1092 1522 1146 τὰ
1545 1092 1860 1163 τελούμενα.
1885 1091 2015 1144 Εἰσ-

439 1192 608 1247 ελθὼν
659 1191 838 1244 τοίνυν
870 1190 965 1243 καὶ
1011 1189 1174 1251 αὐτὸς
1211 1187 1439 1240 κατόπιν
1476 1187 1557 1249 είς
1593 1185 1688 1239 τὸν
1729 1184 1853 1238 ναὸν
1875 1224 1889 1250 ,
1920 1184 2015 1237 καὶ

439 1285 751 1358 περιέργοις
768 1259 1062 1352 ὀφθαλμοῖς
1080 1280 1148 1333 τὰ
1168 1280 1272 1333 ὑπὸ
1293 1278 1386 1332 τοῦ
1404 1278 1738 1349 πατριάρχου
1757 1276 2014 1346 γινόμενα

438 1375 696 1448 θεωρῶν,
753 1373 879 1443 ὃλην
923 1389 983 1424 τε
1023 1369 1171 1442 αὐτῷ
1213 1371 1312 1442 τὴν
1349 1370 1518 1441 ἀκοὴν
1557 1367 1872 1432 διανιστῶν,
1921 1368 2015 1421 καὶ

437 1467 711 1539 ἀκροατὴς
737 1461 1005 1519 εἶναιτῶν
1031 1462 1335 1533 λεγομένων
1371 1461 1600 1526 ἐθέλων,
1634 1459 1924 1530 τὰςοδψεις
1954 1475 2014 1512 τε

436 1557 572 1629 ὁμοῦ
596 1558 689 1612 καὶ
701 1550 895 1610 τὰῶτα
921 1553 1220 1628 πήροῦμαι.
1251 1555 1314 1606 Εἰ
1341 1555 1435 1607 καὶ
1465 1553 1626 1607 πάλιν
1659 1553 1883 1615 ἐκεῖνος,
1918 1551 2014 1605 ἆτε

437 1651 573 1706 Θεοῦ
605 1649 847 1722 μιμητὴς
874 1649 972 1715 ῶν,
1001 1648 1297 1718 ἀναϐλέψαι
1319 1665 1379 1700 τε
1411 1647 1504 1700 καὶ
1527 1644 1756 1700 ἀκοῦσαι
1781 1644 2011 1715 πεποίη-

2121 476 2227 528 que
2257 477 2315 516 se
2343 472 2566 534 prepter
2597 466 2744 520 illam
2790 466 2987 523 fecisse
3035 485 3099 524 ac
3129 471 3417 540 pertulisse
3447 487 3689 530 commo-

2121 561 2320 606 morat.
3119 611 3121 614 γ

2189 642 2373 700 CLXI.
2415 643 2528 717 Ego
2573 647 2719 701 enim
2745 689 2763 712 ,
2822 648 3019 719 inquit,
3069 652 3329 724 zelotypia
3375 656 3451 710 tui
3487 657 3688 716 ductus

2121 749 2266 801 Sum,
2300 737 2447 807 quod
2480 753 2567 792 me
2593 739 2828 809 conjuge
2850 741 3114 811 neglecto,
3149 745 3216 797 ad
3249 747 3514 817 hospitem
3541 749 3688 804 hunc

2119 826 2462 895 adventares,
2497 840 2551 886 ct
2583 831 2791 886 addidit
2826 849 3022 888 nomen
3062 837 3414 906 patriarchae;
3451 850 3687 895 naturae.

2120 919 2239 990 que
2263 924 2700 990 perturbationes
2729 939 2794 978 ac
2833 939 2897 978 ex
2923 924 3276 982 ﬂuctuatione
3305 940 3455 986 ortos
3483 933 3688 987 tumul-

2121 1019 2208 1065 tus
2238 1025 2346 1065 non
2377 1009 2555 1067 ferens
2574 1053 2588 1076 ,
2617 1023 2840 1070 coactus
2867 1030 2988 1069 sum
3031 1024 3084 1070 te
3125 1030 3249 1070 cum
3282 1019 3348 1072 ad
3398 1022 3686 1078 ecclesiam

2117 1103 2225 1158 ires
2253 1105 2566 1169 observare,
2594 1115 2755 1177 atque
2779 1107 2962 1162 videre
2983 1124 3106 1178 qua:
3127 1111 3445 1179 agebantur.
3479 1112 3689 1184 Ingres-

2117 1209 2212 1248 sus
2240 1208 2370 1264 ergo
2391 1202 2445 1248 et
2475 1192 2590 1262 ipse
2618 1205 2742 1265 post
2777 1204 2828 1252 te
2864 1198 2918 1252 in
2955 1200 3248 1269 templum,
3271 1202 3557 1273 oculisque
3590 1221 3688 1260 cu-

2116 1282 2282 1339 riosis
2309 1299 2478 1352 quaza
2504 1287 2810 1355 patriarcha
2837 1290 3166 1360 gerebantur
3208 1293 3502 1362 aspiciens,
3527 1296 3688 1367 eique

2116 1382 2260 1430 totas
2299 1391 2460 1432 aures
2487 1378 2758 1447 arrigcns,
2789 1395 2854 1434 ac
2881 1396 3070 1436 eorum
3094 1399 3216 1453 qua
3240 1384 3562 1441 dicebantur
3591 1403 3690 1444 cu-

2116 1465 2274 1536 piens
2307 1483 2429 1523 esse
2473 1470 2732 1538 auditor,
2779 1473 2954 1528 oculis
2997 1474 3200 1544 pariter
3244 1485 3408 1546 atque
3459 1479 3689 1535 auribus

2117 1569 2310 1628 captus
2340 1575 2483 1615 sum.
2513 1560 2582 1616 Et
2603 1563 2728 1617 licet
2761 1564 2850 1618 ille
2873 1565 3067 1620 iterum
3092 1607 3108 1633 ,
3166 1576 3352 1637 utpote
3381 1567 3476 1624 Dei
3506 1570 3691 1626 imitao

2118 1658 2226 1718 tor,
2262 1665 2349 1706 me
2379 1666 2604 1708 cernere
2629 1670 2693 1709 ac
2721 1656 2910 1710 audire
2935 1655 3155 1725 fecerit;
3194 1674 3294 1729 ego
3327 1669 3507 1715 tamen
3548 1662 3689 1718 tanti

439 1761 502 1798 κε
520 1761 534 1775 ο
564 1741 676 1812 ἐγὼ
701 1741 758 1795 δέ
789 1739 992 1811 ἀγαθοῦ
1029 1739 1282 1793 τοσούτου
1314 1739 1735 1810 ἀμνημονήσας,
1767 1737 1828 1790 οὐ
1859 1737 2017 1808 μόνον

2120 1741 2368 1798 beneﬁcii
2397 1744 2717 1810 immemor,
2749 1762 2858 1801 non
2887 1749 3065 1802 solum
3094 1759 3276 1820 grates
3296 1750 3400 1821 ipsi
3423 1752 3494 1808 ob
3520 1752 3688 1810 bene-

437 1839 535 1893 οὐκ
588 1835 845 1891 ἀπέδωκα
861 1835 905 1866 ⁸¹
931 1835 1160 1907 χάριτας
1185 1833 1332 1904 αὐτῷ
1357 1832 1458 1903 τῆς
1490 1831 1807 1904 εὐεργεσίας
1823 1871 1853 1894 ,,
1883 1827 2018 1884 ἀλλὰ

436 1932 530 1985 καὶ
539 1907 820 2001 τερατείαν
845 1931 872 1982 ὁ
891 1929 1114 1999 μάταιος
1123 1927 1184 1980 τὸ
1201 1925 1387 1998 θαῦμα
1402 1924 1591 1991 εἰπὼν,
1604 1922 2017 1996 τιμωρήσασθαί

435 2039 493 2074 τε
513 2019 674 2074 αὐτὸν
699 2019 1032 2091 ἐπεχείρουν,
1051 2018 1151 2088 ὅση
1183 2035 1272 2088 μοι
1303 2017 1552 2086 δύναμις,
1579 2015 1672 2069 καὶ
1695 2017 2012 2086 κατασχεῖν,

436 2113 596 2185 οἴμοι,
623 2112 718 2165 καὶ
741 2111 958 2183 δεσμοῖς
990 2109 1300 2180 περιϐαλεῖν
1338 2108 1587 2162 ἐκέλευον
1612 2110 1726 2171 τοῖς
1741 2108 1982 2170 οἰκέταις
1999 2134 2014 2150 ο

435 2203 661 2266 ἐκείνοις
676 2201 752 2266 δὲ,
771 2200 1019 2271 κατέχειν
1044 2216 1104 2252 τε
1124 2197 1285 2252 αὐτὸν
1313 2198 1591 2270 νομίζουσι
1620 2197 1714 2251 καὶ
1735 2199 1814 2260 εἰς
1839 2197 2017 2268 δεσμὰ

435 2295 619 2367 φέρειν
642 2336 657 2360 ,
701 2293 832 2359 ξύλα
869 2289 936 2363 ἦν
974 2294 1031 2344 ἐν
1064 2279 1220 2363 χερσὶ
1257 2289 1415 2361 μόνον
1444 2290 1538 2343 καὶ
1571 2288 1735 2342 λίθοι.
1763 2288 1933 2342 Τοῦτο
1959 2288 2016 2341 δὲ

434 2386 528 2439 καὶ
550 2384 698 2456 αὐτῷ
724 2402 814 2456 μοι
853 2384 1048 2450 ἐδόκει,
1089 2384 1183 2437 καὶ
1206 2376 1294 2436 οἷα
1323 2383 1414 2436 ὑπ’
1441 2380 1620 2436 αὐτῶν
1649 2381 2014 2452 κατεχομένου

433 2478 524 2531 τοῦ
562 2478 898 2550 πατριάρχου
919 2519 933 2543 ,
960 2475 1188 2539 ἀπειλὰς
1219 2475 1330 2544 ἐγὼ
1357 2473 1741 2545 χαλεπωτέρας
1787 2473 2010 2545 ἐπῆγον.

435 2567 532 2622 Διὰ
558 2568 714 2621 τοῦτο
739 2568 928 2639 δέομαι
948 2569 976 2620 ὁ
1005 2567 1096 2630 σὸς
1117 2565 1286 2638 ἀνὴρ,
1315 2567 1409 2619 καὶ
1431 2564 1631 2636 ταύτην
1656 2564 1807 2638 παρὰ
1828 2581 2016 2633 γυναι-

435 2661 531 2725 κὸς
561 2659 702 2732 ἐμῆς
730 2659 865 2714 αίτῶ
884 2660 1043 2730 χάριν
1065 2659 1131 2723 ⁸²,
1163 2657 1304 2712 ὥστε
1328 2657 1520 2729 πρῶτα
1561 2655 1660 2727 μὲν
1688 2655 1893 2727 εὐμενῆ
1917 2672 2014 2724 γε-

434 2753 620 2808 νέσθαι
637 2753 686 2785 ⁸³
709 2753 801 2806 τὸν
829 2749 962 2806 Θεὸν
979 2792 992 2814 ,
1023 2751 1211 2805 ἔπειτα
1233 2751 1288 2804 δέ
1317 2793 1332 2817 ,
1360 2752 1454 2804 καὶ
1477 2750 1636 2804 αὐτὸν
1666 2749 2019 2820 διαλλαγῆναι

432 2842 523 2897 τὸν
553 2844 913 2915 πατριάρχην.

503 2934 709 2990 CLXII.
751 2935 968 2988 Τούτων
996 2934 1276 2988 ἀκούσασα
1299 2933 1567 3006 Θεοδώρα,
1593 2935 1731 3006 πρὸς
1755 2934 1847 2987 τὸν
1867 2934 2013 2988 ὅσιον

434 3024 592 3088 εὐθὺς
631 3026 970 3094 ἀφικνεῖται,
997 3026 1090 3078 καὶ
1129 3025 1228 3078 ὅσα
1252 3041 1312 3076 τε
1339 3024 1436 3077 ἴδοι
1456 3064 1470 3088 ,
1511 3025 1604 3077 καὶ
1621 3025 1722 3077 ὅσα
1748 3022 1899 3095 ταρὰ
1916 3021 2011 3076 τοῦ

431 3116 622 3189 ἀνδρὸς
659 3115 910 3170 ἀκούσειε
933 3157 948 3181 ,
997 3117 1158 3171 πάλιν
1209 3115 1538 3185 ἀπαγγέλλει
1578 3115 1752 3169 πάντα
1787 3115 1866 3186 τῷ
1907 3133 2010 3169 πα·

430 3209 682 3282 τριάρχῃ.
723 3209 781 3262 Ὁ
803 3209 859 3262 δὲ
886 3209 960 3280 μή
987 3208 1254 3280 μελλήσας
1278 3207 1462 3280 μηδὲν,
1485 3207 1680 3260 αὐτίκα
1707 3207 1848 3278 μάλα
1872 3206 2009 3278 πρὸς

431 3299 522 3354 τὸν
550 3300 810 3354 Σισίννιον
859 3299 1250 3371 παραγίνεταιό
1283 3301 1376 3353 καὶ
1416 3299 1514 3369 οὐχ
1554 3299 1630 3362 ὠς
1663 3298 1726 3351 τὸ
1749 3298 2010 3370 πρότερον

433 3390 579 3461 αὐτῷ
601 3391 941 3460 ἐντυγχάνει,
965 3389 1101 3443 ἀλλὰ
1123 3388 1240 3460 μεθ’
1257 3389 1390 3458 ὅσης
1417 3390 1624 3451 ἐκεῖνος
1649 3388 1729 3458 τῷ
1751 3387 2012 3458 πατριάρ-

432 3497 504 3556 χῃ
544 3481 846 3554 προσέϐαλε
886 3482 1008 3534 τότε
1052 3480 1157 3551 τῆς
1200 3480 1538 3551 ἀγριότητος,
1589 3477 1727 3550 μετὰ
1769 3476 2010 3541 πλείονος

434 3576 594 3629 αὐτὸν
618 3577 712 3629 νῦν
735 3575 834 3646 τῆς
860 3573 1024 3645 τιμῆς
1043 3573 1381 3643 ὑποδέχεται.
1412 3565 1510 3624 Ἀθ
1520 3570 1644 3642 ρόαν
1667 3569 1842 3623 τοίνυν
1868 3569 2010 3623 οὕτω

433 3668 529 3722 καὶ
555 3667 754 3737 πολλὴν
793 3665 891 3737 τὴν
932 3664 1230 3736 μεταϐολὴν
1270 3665 1299 3717 ὁ
1337 3664 1510 3736 μέγας
1544 3662 1668 3716 ἰδὼν
1688 3703 1700 3726 ,
1728 3662 1918 3730 λόγους
1948 3679 2009 3714 τε

433 3757 683 3829 περὶτῆς
709 3755 990 3819 εὐσεϐείας
1031 3754 1218 3822 δεξιῶς
1244 3756 1384 3824 ἄγαν
1416 3753 1565 3826 αὐτῷ
1588 3753 1890 3818 ὑποτείνει,
1915 3752 2010 3807 καὶ

433 3849 554 3902 ὅλον
577 3849 916 3901 ύποποιεῖται
934 3847 1025 3900 τὸν
1049 3847 1236 3918 ἄνδρα.
1257 3847 1368 3900 Καὶ
1391 3847 1686 3910 πιστεύσας
1705 3846 1813 3899 ὰπὸ
1831 3845 2010 3916 ψυχῆς

434 3944 463 3996 ὁ
503 3941 764 4004 Σισίννιος
801 3940 880 4011 τῷ
913 3939 1033 4010 Θεῷ
1057 3980 1071 4002 ,
1127 3939 1300 4010 ἥψατο
1339 3939 1449 3992 τῶν
1481 3939 1762 4011 μακαρίων
1787 3938 2010 3992 ἐκείνων

433 4035 528 4088 τοῦ
563 4035 897 4106 πατριάρχου
936 4031 1111 4086 ποδῶν
1135 4073 1148 4097 ,
1191 4034 1284 4086 καὶ
1325 4031 1549 4086 τοιαῦτα
1590 4031 1726 4104 μετὰ
1758 4031 2010 4104 δακρύων

436 4129 734 4200 ἐφθέγγετο
751 4143 768 4158 ·

504 4219 732 4277 CLXIII.
767 4217 1084 4290 Εὐχαριστῶ
1097 4235 1176 4270 σοι
1200 4216 1278 4288 τῷ
1294 4215 1483 4288 ἀληθεῖ
1497 4216 1590 4270 καὶ¹
1613 4217 1757 4288 μόνῳ
1775 4215 1914 4287 Θεῷ,
1931 4215 2010 4288 τῷ

435 4315 524 4370 διὰ
541 4312 700 4368 τοῦτό
725 4329 814 4384 μοι
834 4312 959 4372 τοὺς
993 4308 1302 4379 ὀφθαλμοὺς
1329 4307 1679 4379 πεπηρωκὸτι
1700 4305 1793 4358 τοῦ
1822 4305 2007 4376 σώμα-

2119 1833 2393 1890 tlcentiam
2422 1851 2530 1890 non
2559 1836 2828 1906 persolvi,
2859 1839 2954 1893 sed
2983 1848 3038 1894 et
3063 1841 3295 1897 stolidus
3321 1883 3336 1909 ,
3361 1857 3488 1898 cum
3515 1844 3687 1899 mira-

2119 1925 2303 1980 culum
2337 1927 2575 1982 dicerem
2605 1942 2726 1984 esse
2752 1931 3075 2001 prasstigias,
3120 1948 3246 1987 eum
3279 1935 3547 2004 supplicio
3573 1936 3690 1991 alli-

2118 2030 2272 2083 cere,
2299 2027 2561 2087 quantum
2597 2021 2780 2090 potui,
2806 2030 3038 2077 conatus
3058 2038 3178 2077 sum
3197 2064 3212 2090 ,
3237 2023 3489 2095 jussique
3511 2026 3690 2082 famu-

2119 2107 2219 2173 lis,
2264 2107 2351 2163 bei
2392 2110 2560 2164 mihi!
2601 2121 2661 2165 ut
2706 2113 2957 2167 eumdem
3002 2115 3299 2171 retinerent
3342 2130 3406 2173 ac
3455 2119 3688 2176 vinculis

2120 2209 2440 2267 onerarent;
2475 2201 2581 2256 illis
2617 2217 2748 2257 vero
2777 2204 2870 2272 qui
2901 2212 3085 2260 tenere
3122 2205 3273 2260 illum
3303 2217 3357 2262 et
3389 2208 3444 2262 in
3474 2209 3687 2266 vincula

2119 2293 2321 2348 ducere
2348 2293 2651 2364 putabant,
2681 2294 2824 2365 ligna
2848 2296 3114 2352 duntaxat
3134 2305 3189 2351 et
3218 2299 3426 2368 lapides
3449 2313 3606 2358 erant
3629 2302 3686 2357 in

2119 2381 2377 2437 manibus
2405 2401 2421 2437 :
2451 2382 2506 2437 id
2533 2384 2679 2452 quod
2711 2385 2844 2439 mihi
2876 2385 3041 2440 etiam
3075 2387 3393 2456 videbatur;
3439 2399 3494 2444 et
3527 2391 3685 2461 quasi

2119 2474 2189 2528 ab
2224 2474 2304 2528 eis
2339 2474 2649 2544 patriarcha
2699 2476 3069 2544 detineretur,
3114 2478 3292 2534 minas
3335 2481 3687 2550 gravissimas

2117 2580 2218 2635 ego
2243 2565 2543 2635 jactabam.
2569 2565 2837 2632 Quocirca
2869 2583 3098 2637 precor,
3131 2569 3216 2623 vir
3249 2579 3399 2633 tuus,
3437 2571 3688 2642 hancque

2118 2657 2186 2712 ab
2218 2671 2390 2712 uxore
2411 2673 2531 2712 mea
2566 2658 2796 2728 gratiam
2829 2668 2952 2727 peto
2975 2669 3035 2712 ut
3067 2661 3244 2728 primo
3268 2661 3484 2730 quidem
3516 2661 3684 2718 Deum

2116 2748 2252 2802 mihi
2284 2748 2584 2818 pr0pitium
2612 2749 2836 2814 etlicias,
2858 2750 3056 2806 deinde
3079 2767 3210 2808 vero
3231 2761 3286 2807 et
3314 2768 3401 2808 me
3427 2755 3688 2812 concilies

2116 2839 2464 2912 patriarchae.

2187 2930 2391 2985 CLXII.
2418 2931 2512 2988 His
2533 2934 2757 3003 auditis,
2785 2934 3072 2992 Theodora
3099 2936 3164 2990 ad
3195 2945 3442 2991 sanctum
3472 2935 3688 2991 confes-

2118 3023 2212 3077 tim
2240 3024 2420 3090 venit,
2450 3034 2757 3095 cunctaque
2798 3041 2920 3096 quae
2969 3027 3224 3090 vidisset,
3257 3033 3311 3080 et
3359 3040 3479 3094 quzr
3507 3041 3534 3078 a
3568 3024 3686 3078 viro

2113 3116 2394 3182 audiisset,
2414 3133 2634 3172 rursum
2662 3119 2985 3187 patriarcha:
3007 3119 3242 3174 nuntiat.
3271 3117 3363 3173 Ille
3388 3119 3522 3172 nihil
3551 3133 3688 3173 cun-

2112 3215 2312 3274 ctatus,
2345 3208 2610 3264 citissime
2639 3210 2706 3262 ad
2734 3208 3038 3264 Sisinnium
3064 3209 3430 3279 proﬁciscitur
3456 3227 3470 3263 :
3503 3218 3686 3264 etnon

2113 3309 2170 3355 ut
2205 3309 2363 3354 antea
2395 3315 2518 3354 eum
2557 3301 2806 3367 invenit,
2841 3300 2934 3355 sed
2959 3317 3084 3356 cum
3117 3310 3320 3370 quanta
3355 3300 3444 3355 ille
3486 3300 3687 3356 feroci~

2111 3400 2221 3447 tate
2253 3393 2618 3462 patriarcham
2649 3403 2777 3447 tunc
2821 3394 3050 3448 adortus
3089 3391 3296 3459 fuerat,
3323 3408 3450 3448 cum
3478 3393 3686 3463 majore

2111 3488 2318 3542 honore
2366 3503 2513 3541 nunc
2561 3502 2684 3542 eum
2712 3487 2932 3556 excipit.
2970 3487 3121 3541 Adeo
3152 3487 3317 3558 igitur
3356 3489 3592 3543 subitam
3630 3496 3686 3542 et

2111 3594 2363 3648 magnam
2397 3580 2758 3634 mutationem
2804 3579 2889 3633 vir
2929 3594 3161 3650 magnus
3184 3594 3437 3648 cernens,
3469 3595 3684 3635 sermo-

2110 3686 2209 3725 nes
2233 3671 2299 3726 de
2322 3671 2523 3740 pietate
2551 3671 2843 3726 admodum
2871 3672 3007 3727 scite
3034 3672 3085 3727 ei
3112 3673 3375 3744 suggerit,
3401 3682 3687 3744 totumque

2112 3761 2217 3820 sibi
2247 3771 2530 3832 comparat
2562 3763 2864 3825 hominem.
2903 3764 3152 3834 Cumque
3190 3780 3258 3820 ex
3293 3766 3478 3820 animo
3509 3764 3687 3820 Sisin-

2112 3856 2236 3911 nius
2267 3856 2375 3910 Deo
2401 3855 2758 3921 credidisset,
2798 3857 2973 3925 tetigit
2994 3857 3183 3912 beatos
3212 3856 3336 3912 illos
3359 3856 3685 3928 patriarcha

2111 3947 2295 4016 pedes,
2323 3945 2548 4017 haecque
2580 3961 2704 4000 cum
2741 3946 2999 4018 lacrymis
3028 3947 3342 4017 prolocutus
3365 3958 3480 4002 est:

2181 4212 2408 4270 CLXIII.
2458 4212 2673 4270 Gratia’s
2737 4227 2838 4281 ago
2882 4213 2980 4267 tibi
3017 4227 3145 4268 vero
3179 4228 3244 4268 ac
3274 4213 3376 4268 soli
3407 4212 3550 4276 Deo,
3588 4211 3680 4282 qui

2113 4305 2236 4362 ideo
2257 4305 2394 4360 mihi
2423 4305 2614 4360 oculos
2639 4303 2886 4373 corporis
2911 4303 3221 4367 excaecasti,
3249 4313 3311 4358 ut
3339 4317 3434 4358 eos
3456 4302 3550 4372 qui
3573 4302 3687 4356 ani-

433 4418 548 4473 τος,
577 4407 725 4468 ὅπως
763 4404 890 4467 τοὺς
910 4403 1011 4473 τῆς
1029 4402 1207 4473 ψυχῆς
1225 4400 1511 4473 διανοίξῃς,
1530 4401 1623 4453 καὶ
1635 4397 1913 4468 διαϐλέψαι
1944 4415 2010 4468 με

2117 4413 2220 4452 ma:
2252 4406 2380 4452 sunt
2406 4396 2680 4466 aperires,
2710 4409 2908 4463 meque
2933 4392 3142 4448 faceres
3171 4394 3415 4462 aspicere
3447 4391 3515 4446 ad
3542 4391 3685 4446 veri-

437 4496 866 4570 παρασκευάσῃς
909 4493 1046 4566 πρὸς
1089 4495 1190 4565 τὴν
1225 4492 1497 4564 ἀλήθειαν*
1536 4491 1623 4545 διὰ
1657 4491 1814 4544 τοῦτο
1836 4491 1892 4544 δὲ
1921 4489 2014 4544 καὶ

435 4589 546 4643 τῶν
572 4587 726 4642 ὢτων
749 4587 848 4659 τὴν
891 4587 1172 4657 ἐνέργειαν
1193 4582 1578 4646 ἀποσϐέσαντι,
1606 4582 1752 4645 ὅπως
1772 4580 2014 4654 νηφούσῃ

436 4677 677 4750 διανοίᾳ,
704 4677 798 4730 καὶ
843 4675 1067 4748 μηδενὸς
1094 4674 1200 4726 τῶν
1227 4673 1424 4740 ἔξωθεν
1459 4672 1595 4736 ὅλως
1631 4671 2013 4744 αἰσθανομένῃ,

436 4770 500 4824 τὸ
524 4771 622 4841 τῆς
647 4768 928 4832 εὐσεϐείας
957 4767 1298 4837 ὐποδέξωμαι
1324 4766 1604 4842 κήρυγμα.
1629 4765 1742 4818 Νῦν
1764 4765 1822 4818 δὲ
1844 4765 2016 4837 αὐτὴν

437 4864 536 4935 τὴν
555 4861 807 4934 ἀλήθειαν
828 4859 1071 4932 ἐμυήθην
1089 4900 1104 4924 ,
1134 4859 1227 4913 καὶ
1258 4857 1498 4930 ἀκριϐῶς
1525 4858 1592 4911 τὰ
1612 4857 1720 4911 τῶν
1755 4857 2018 4929 Ἐλλήνων

439 4952 915 5024 διέγνων,ὰπάτην
946 4951 1074 5006 ὄντα
1117 4952 1275 5024 μόνον
1300 4950 1392 5003 καὶ
1418 4950 1699 5020 τερατείαν
1734 4949 2011 5002 ἀπίθανον.

451 5042 576 5096 Ἐπὶ
617 5041 829 5106 τούτοις
852 5041 1141 5115 φαιδρότης
1183 5041 1307 5112 ἔσχε
1352 5041 1446 5094 καὶ
1495 5039 1654 5111 ήδονὴ
1695 5041 1786 5092 τὲν
1825 5035 1972 5093 οἷκον
1998 5079 2013 5104 ,

441 5133 536 5188 καὶ
567 5131 646 5204 τῷ
688 5131 910 5204 Χριστῷ
953 5131 1154 5194 πάντες
1195 5131 1537 5184 ἐπίστευσαν.
1585 5128 1690 5182 Τοῦ
1733 5130 1919 5200 πάσχα
1958 5129 2015 5182 δὲ

440 5225 541 5296 ήδη
583 5225 970 5295 ἐνισταμένου,
1018 5222 1378 5276 ἐϐαπτίσαντο
1417 5219 1554 5292 μετὰ
1602 5219 1698 5273 τοῦ
1746 5221 2012 5274 Σισιννίου

442 5320 642 5382 πάντες
674 5319 905 5389 πατέρες
929 5316 1065 5388 ὁμοῦ
1095 5318 1190 5371 καὶ
1221 5316 1453 5388 μητέρες
1479 5315 1571 5368 καὶ
1591 5314 1795 5378 παῖδες,
1830 5315 1910 5377 είς
1936 5312 2014 5366 εί-

441 5427 563 5464 κοσι
588 5410 681 5463 καὶ
705 5413 852 5481 τρεῖς
868 5410 958 5462 ἐπὶ
981 5411 1093 5472 τοῖς
1114 5406 1482 5479 τετρακοσίοις
1499 5406 1667 5470 ὄντες.
1694 5403 1862 5457 Τοῦτο
1888 5403 2015 5456 πολ-

2117 4497 2316 4555 tatem;
2355 4488 2583 4558 ideoque
2606 4488 2770 4541 etiam
2808 4485 3024 4539 aurium
3061 4485 3162 4538 vim
3193 4482 3594 4554 compressisti,
3627 4490 3686 4536 ut

2116 4591 2298 4638 mente
2325 4580 2473 4651 vigili
2504 4579 2749 4648 nihilque
2775 4577 2992 4647 penitus
3018 4591 3206 4630 eorum
3239 4590 3360 4645 qua:
3382 4585 3530 4630 extra
3557 4585 3687 4628 sunt

2118 4673 2386 4729 sentiente
2410 4712 2425 4738 ,
2466 4685 2608 4726 vera!
2646 4669 2930 4740 religionis
2961 4668 3294 4736 susciperem
3341 4665 3684 4736 praedicatio-

2118 4781 2264 4820 nem.
2309 4763 2465 4819 Nunc
2496 4779 2626 4819 vero
2662 4763 2936 4834 mysteriis
2964 4761 3207 4816 veritatis
3252 4760 3495 4814 initiatus
3537 4774 3681 4820 sum,

2120 4866 2384 4927 certoque
2411 4854 2608 4927 agnovi
2637 4854 2921 4924 gentilium
2963 4868 3121 4908 sacra
3170 4850 3415 4905 fraudem
3471 4857 3684 4904 tantum

2119 4964 2242 5004 esse
2271 4964 2337 5003 ac
2369 4945 2741 5002 incredibilem
2775 4945 3092 5000 vanitatem.
3134 4941 3359 5013 Propter
3393 4943 3496 4996 ista
3544 4940 3683 4995 hila-

2118 5041 2254 5095 ritas
2282 5048 2336 5094 et
2366 5038 2550 5093 latitia
2573 5037 2799 5093 domum
2831 5033 3686 5106 occupavit,omnesqueChristo

2118 5130 2486 5185 crediderunt.
2518 5127 2781 5183 Pascbate
2809 5143 2936 5183 veru
2974 5126 3088 5198 jam
3130 5126 3382 5190 ineunte,
3426 5123 3684 5193 baptizati

2119 5230 2246 5278 sunt
2272 5237 2396 5277 cum
2427 5221 2671 5276 Sisinnio
2698 5235 2909 5285 omnes,
2941 5229 3124 5290 patres
3149 5217 3312 5274 simul
3329 5226 3385 5271 et
3407 5225 3609 5271 matres
3633 5225 3689 5270 et

2123 5314 2301 5379 liberi,
2355 5313 2424 5367 ad
2450 5321 2560 5368 tres
2596 5321 2652 5366 et
2677 5311 2868 5378 viginti
2899 5325 3062 5381 supra
3085 5309 3532 5381 quadringentos.
3574 5306 3686 5362 Hoc

2121 5405 2342 5458 attraxit
2377 5403 2674 5457 multosve:
2705 5401 3094 5457 illustrioribus
3117 5443 3131 5468 ,
3159 5400 3251 5471 qui
3278 5399 3491 5471 magnis
3512 5399 3689 5453 bono-

1747 5579 1980 5636 VARIA‘Z
2019 5577 2416 5634 LECTIONES.

515 5697 562 5729 ⁵⁸
604 5698 675 5754 al.
715 5696 808 5751 τοῦ
849 5697 1030 5770 ζήλου.
1106 5697 1148 5732 ³⁸
1185 5699 1254 5753 al.
1283 5699 1611 5753 ἀποδέδωκα.
1691 5699 1734 5732 ⁸³
1768 5698 1839 5753 al.
1875 5698 1998 5754 add.
2030 5697 2127 5770 τὴν
2161 5697 2398 5770 ἐμαυτοῦ
2425 5698 2716 5769 σωτηρίαν.
2798 5699 2844 5732 ⁸³
2879 5701 2948 5755 al.
2993 5701 3156 5758 inser.
3215 5720 3329 5779 μοι.

3507 5794 3556 5808 ι.-
