4066 6140
344 265 443 323 591
1191 257 1248 312 S.
1289 251 1674 310 CLEMENTIS
1714 253 1732 306 l
1775 249 1939 304 ROM.
1972 248 2170 302 ΡΟΝΤ.
2208 248 2436 304 OPERA
2473 245 2700 304 DUBIA.
3487 240 3591 298 592

351 385 504 439 ribus
553 376 980 451 praepollebant,
1028 371 1338 444 quibusque
1395 371 1689 438 imperator
1745 365 1916 420 Nerva

2026 363 2144 426 λοὺς
2171 365 2520 417 ἐπεσπάσατο
2546 363 2662 416 τῶν·
2679 357 3141 430 ἐπιφανεστέρων,
3169 353 3281 407 ὅσοι
3316 368 3376 404 τε
3405 350 3589 420 μακρᾷ

353 472 547 529 amicis
575 469 813 524 maxime
861 472 915 518 et
961 442 1290 518 consiliariis
1317 459 1600 523 utebatur;
1627 466 1790 525 atque
1827 454 1918 525 pio

2026 458 2084 526 τῇ
2112 454 2239 528 δόξῃ
2264 455 2576 527 διέπρεπον,
2600 457 2694 508 καὶ
2712 447 2793 517 οἷς
2816 455 2844 507 ό
2870 450 3120 523 βασιλεὺς
3149 444 3391 518 Νερούας
3421 442 3592 512 φίλοις

350 563 522 619 cultui
553 572 745 616 omnes
771 554 982 611 assensi
1009 561 1156 609 sunt.

420 732 649 792 CLXIV.
691 731 824 799 Quae
871 745 994 786 cum
1054 729 1261 783 videret
1306 725 1581 796 pessimus
1637 739 1735 793 per
1788 720 1918 776 illud

353 835 567 897 tempus
597 838 784 879 comes
812 819 1116 876 ciliciorum
1144 816 1372 871 Publius
1397 813 1786 884 Tarquitianus
1805 828 1920 866 mo—

351 920 487 975 leste
519 917 674 981 tulit,
720 924 775 969 et
810 912 997 984 gravia
1046 908 1411 972 existimavit,
1457 906 1920 973 consideransque

351 1027 462 1082 quo
494 1011 654 1065 modo
684 988 939 1077 pietatem
968 1003 1198 1058 ulterius
1220 999 1652 1070 progredientem
1686 995 1922 1064 compri-

353 1112 566 1167 meret,
602 1101 780 1171 ipsum
826 1098 1005 1168 primo
1052 1095 1386 1149 Clementem
1422 1099 1684 1158 tanquam
1729 1101 1917 1142 eorum

352 1210 476 1267 quae
502 1193 704 1248 ﬁebant
733 1189 968 1244 maxime
1006 1194 1285 1239 auctorem
1311 1180 1502 1236 statuit
1532 1195 1562 1234 e
1594 1178 1772 1232 medio
1818 1178 1918 1232 tol-r

354 1293 468 1349 lere
496 1309 510 1344 :
538 1296 589 1344 et
619 1286 958 1357 singularum
982 1281 1144 1337 Urbis
1170 1279 1454 1349 regionum
1487 1274 1760 1346 praefectis
1789 1288 1921 1327 con-

353 1382 584 1446 vocatis,
609 1380 785 1446 iisque
810 1375 1035 1445 pecunia
1064 1370 1357 1439 corruptis,
1383 1367 1700 1422 seditionem
1730 1363 1921 1418 adver-

353 1491 450 1530 sus
491 1473 824 1528 Clementem
856 1466 934 1521 uti
971 1469 1252 1519 moverent
1297 1460 1377 1515 eis
1408 1457 1726 1530 proposuit,
1753 1463 1920 1524 utque

354 1565 502 1620 illius
536 1559 996 1617 existimationem
1030 1557 1350 1624 impeterent
1380 1552 1633 1605 hortatus
1675 1555 1784 1612 est,
1819 1561 1919 1599 cu-

353 1657 509 1725 piens
535 1665 774 1707 amorem
813 1647 978 1704 Urbis
1006 1661 1132 1716 erga
1161 1659 1284 1698 eum
1328 1657 1424 1711 per
1450 1640 1557 1694 hoc
1591 1637 1917 1700 dissolvere,

2023 548 2255 619 μάλιστα
2306 550 2401 602 καὶ
2448 546 2767 618 συμϐούλοις
2817 545 3045 616 ἐχρῆτο’
3091 540 3185 594 καὶ
3231 539 3296 609 τῇ
3344 533 3593 603 εὐσεϐείᾳ

2020 640 2223 703 πάντες
2252 639 2552 692 συνέθεντο.
2876 631 2878 633 ’
3167 629 3170 634 ’
3597 639 3605 672 ί

2089 729 2314 784 CLXIV.
2355 731 2540 784 Ταῦτα
2591 731 2732 803 όρῶν
2773 729 2801 782 ό
2842 728 3207 796 πονηρότατος
3256 720 3376 772 κατ’
3419 717 3594 768 ἐκεῖνο

2021 821 2212 892 καιροῦ
2238 821 2346 874 τῶν
2377 822 2643 891 ὀφφικίων
2671 820 2846 891 κόμης
2869 816 2980 889 (21)
3015 811 3280 874 Πούπλιος
3319 809 3592 879 Τουρκου-

2019 913 2199 976 τιανδς
2223 912 2356 984 (22),
2382 912 2747 983 ἐδυσχέραινε,
2772 911 2866 963 καὶ
2879 906 3024 961 δεινὰ
3039 903 3241 958 ἐποίει·
3264 901 3358 955 καὶ
3378 896 3594 952 σκοπῶν

2020 1007 2168 1069 ὅπως
2211 1005 2277 1059 ἂν
2323 1005 2520 1076 ἐπίσχῃ
2564 1004 2873 1074 περαιτέρω
2900 1000 3296 1073 προϐαίνουσαν
3318 992 3416 1063 τὴν
3445 987 3596 1042 εὐσέ-

2022 1097 2172 1151 ϐειαν
2196 1136 2210 1160 ,
2243 1096 2401 1149 αὑτὸν
2442 1095 2582 1164 ἔγνω
2622 1095 2836 1168 πρῶτον
2878 1097 2942 1146 ἐκ
2969 1090 3143 1144 ποδῶν
3187 1086 3407 1156 ποιῆσαι
3434 1081 3479 1113 ⁸⁸
3503 1079 3596 1132 τὸν

2021 1187 2311 1258 Κλήμεντά
2333 1227 2348 1250 ,
2390 1183 2476 1240 οἷα
2518 1186 2624 1240 τῶν
2664 1187 2947 1258 παρόντων
2993 1179 3311 1236 αἰτιώτατον
3356 1175 3402 1207 ⁸⁸
3434 1169 3594 1226 αὑτὸν

2020 1279 2147 1333 ὄντα
2163 1297 2176 1308 ·
2209 1279 2306 1333 καὶ
2328 1281 2456 1343 τοὺς
2487 1280 2719 1332 ἑκάστου
2751 1279 2948 1349 μέρους
2972 1275 3074 1346 τῆς
3093 1271 3297 1334 πόλεως
3323 1266 3596 1340 προεστῶ-

2019 1388 2118 1434 τας
2153 1370 2626 1440 συγκαλεσάμενος
2646 1409 2660 1432 ,
2690 1369 2784 1422 καὶ
2823 1371 3096 1439 χρήμασιν
3131 1362 3325 1424 αὐτοὺς
3353 1358 3594 1428 διαφθεί-

2026 1480 2122 1534 ρας
2140 1502 2154 1526 ,
2189 1462 2377 1516 στάσιν
2404 1462 2526 1515 τινὰ
2549 1462 2766 1532 κινῆσαι
2795 1458 2934 1512 κατὰ
2960 1456 3054 1511 τοῦ
3079 1456 3390 1527 Κλήμεντος
3413 1451 3593 1512 αὐτοῖς

2022 1552 2283 1619 ὑπετίθει,
2313 1553 2407 1607 καὶ
2439 1553 2708 1606 διαϐαλεῖν
2737 1550 2899 1604 αὐτοῦ
2921 1550 3018 1621 τὴν
3044 1544 3306 1616 ὑπόληψιν
3336 1540 3596 1614 προετρέ-

2022 1663 2152 1699 πετο
2170 1663 2183 1676 °
2210 1646 2383 1720 ταύτῃ
2404 1644 2702 1700 καταλῦσαι
2716 1643 2776 1697 τὺ
2791 1643 2925 1714 πρὸς
2945 1641 3104 1694 αὑτὸν
3127 1639 3226 1709 τῆς
3245 1635 3450 1698 πόλεως
3476 1631 3596 1702 φίλ-

355 1718 744 1812 hominemque
776 1739 1001 1794 reddere
1041 1735 1255 1791 insidiis
1288 1732 1498 1786 facilem
1531 1738 1692 1799 atque
1718 1742 1919 1797 oppor-

2026 1755 2146 1810 τρον
2172 1718 2493 1810 βουλόμενος
2512 1780 2526 1803 ,
2559 1738 2653 1792 καὶ
2685 1735 2821 1809 πρὸς
2842 1732 3133 1804 ἐπιϐουλὴν
3151 1729 3483 1800 ,εὐχείρωτον
3504 1726 3597 1780 τὸν

357 1850 572 1894 tunum.

427 1926 632 1984 CLXV.
673 1925 1065 1994 Conspirantes
1105 1934 1234 1989 ergo
1269 1918 1531 1971 adversus
1563 1930 1687 1970 eum
1720 1914 1924 1983 impro-

355 2021 568 2078 bissimi
598 2019 676 2073 illi
700 2018 870 2080 cives,
898 2014 1043 2068 mala
1069 2026 1133 2066 ac
1157 2009 1321 2074 taeda,
1354 2019 1412 2063 ut
1450 2008 1552 2077 ipsi
1577 2005 1922 2060 arbitraban-

357 2120 466 2175 tur,
492 2111 558 2165 de
589 2109 682 2162 illo
704 2104 1035 2167 diﬂundunt,
1063 2100 1340 2168 multaque
1369 2097 1633 2165 objiciunt
1656 2094 1920 2156 crimina;

355 2204 662 2276 praestigias
692 2201 743 2254 ei
773 2197 1108 2258 attribuunt,
1141 2201 1195 2246 et
1224 2189 1502 2260 religionis
1531 2202 1721 2241 eorum
1767 2199 1923 2238 ever-

357 2301 589 2365 sionem,
609 2297 823 2364 aliaque
850 2291 1115 2362 plurima;
1145 2297 1308 2356 atque
1331 2286 1520 2340 dicunt
1545 2283 1614 2336 ab
1643 2283 1760 2350 ipso
1788 2280 1923 2335 allici

357 2390 703 2447 contumeliis
727 2397 782 2441 et
814 2382 1040 2440 lacerari
1075 2379 1281 2451 patrios
1308 2378 1439 2432 deos
1471 2393 1484 2430 :
1533 2380 1592 2429 ut
1619 2373 1712 2442 qui
1737 2371 1924 2427 Jovem

357 2484 602 2538 omnium
653 2481 878 2535 deorum
930 2474 1263 2535 maximum,
1297 2483 1474 2537 neque
1501 2467 1661 2521 deum
1701 2480 1925 2534 prorsus

357 2576 702 2636 nominaret;
741 2567 1028 2623 Herculem
1082 2577 1212 2618 vero
1245 2561 1520 2614 Alcmenze
1544 2556 1713 2610 filium
1740 2559 1924 2624 (quem

358 2669 436 2725 illi
467 2681 628 2723 suum
651 2667 1090 2718 conservatorem
1123 2653 1298 2721 aiunt)
1327 2653 1601 2720 impurum
1633 2647 1924 2716 quemdam

357 2761 660 2816 daemonem
703 2763 757 2806 et
801 2751 1087 2805 scelestum
1139 2754 1390 2802 vocaret;
1445 2739 1822 2794 charissimam
1873 2747 1927 2790 et

364 2850 754 2911 suavissimam
800 2842 1100 2904 Venerem,
1136 2835 1478 2890 meretricem
1504 2832 1812 2894 induceret;
1843 2838 1924 2883 at-

359 2962 466 3018 que
494 2943 754 3013 optimam
784 2931 1159 3006 jaculatricem
1195 2925 1439 2987 Dianam,
1465 2921 1761 2990 sapientem
1787 2917 1926 2972 Mer-

359 3009 575 3097 curium
600 3033 760 3086 deum
792 3022 1086 3089 sermonis,
1115 3019 1434 3074 bellicosum
1461 3012 1710 3076 Martem,
1741 3009 1928 3066 Satur-

358 3141 602 3197 numque
634 3125 849 3193 ipsum,
878 3133 944 3172 ex
993 3128 1150 3182 aequo
1194 3122 1385 3165 omnes
1429 3104 1720 3160 infamaret
1763 3111 1926 3171 atque

361 3220 752 3278 criminaretur
786 3225 886 3265 nec
915 3223 1022 3261 non
1054 3205 1250 3259 horum
1292 3198 1415 3253 fana
1451 3205 1504 3252 et
1555 3209 1680 3249 aras
1721 3203 1926 3248 everte-

361 3322 461 3370 ret.
498 3310 577 3365 Ad
607 3317 902 3368 summam,
933 3298 1182 3354 aiebant:
1219 3291 1317 3346 Vel
1347 3291 1452 3346 diis
1487 3287 1776 3344 sacriﬁcet.
1831 3294 1926 3340 aut

365 3407 469 3460 vita
495 3401 680 3459 statim
712 3398 978 3468 privetur.
1017 3391 1193 3458 Atque
1228 3385 1306 3439 illi
1343 3383 1560 3453 quidem
1591 3422 1604 3444 ,
1636 3379 1760 3433 talia
1809 3392 1929 3431 mo-

361 3506 581 3559 ventes,
616 3491 871 3560 petebant
905 3493 964 3540 ut
992 3483 1094 3538 sibi
1140 3479 1206 3534 ad
1241 3486 1468 3532 mortem
1498 3472 1802 3527 traderetur
1829 3487 1926 3540 pa-

363 3588 623 3644 triarcha.
653 3583 734 3638 Ob
757 3595 878 3650 quae
900 3572 1324 3645 indignabantur
1351 3567 1666 3638 quicunque
1695 3561 1925 3632 pecunia

363 3679 607 3737 venalem
639 3669 1030 3729 conscientiam
1059 3679 1169 3719 non
1205 3660 1600 3720 exhibuerant,
1628 3654 1929 3724 loqueban-

364 3785 558 3842 turque
577 3767 646 3823 ad
675 3763 935 3834 populum
955 3757 1135 3813 ‘libere
1157 3795 1172 3819 ,
1201 3752 1443 3808 dicentes
1467 3767 1483 3804 :
1522 3747 1664 3814 Quid
1720 3745 1846 3799 mali
1897 3759 1928 3797 a

363 3838 671 3936 patriarcha
703 3862 912 3926 gestum
946 3847 1070 3904 est?
1105 3846 1216 3900 imo
1238 3856 1368 3896 vero
1397 3855 1520 3905 quae
1542 3838 1802 3894 beneﬁcia
1834 3850 1929 3906 per

364 3930 496 4014 eum
551 3952 746 4007 civitas
790 3959 898 3999 non
947 3949 1031 3994 est
1077 3934 1409 3992 consecuta?
1459 3931 1769 4000 Deindeque
1818 3930 1931 3984 sin—

365 4050 489 4121 gula
519 4058 640 4115 quae
677 4035 993 4095 mirabiliter
1039 4029 1107 4084 ab
1145 4042 1210 4082 eo
1237 4025 1377 4080 facta
1421 4023 1637 4078 fuerant
1677 4034 1930 4076 recense-

365 4112 517 4202 bant,
537 4112 600 4189 et
627 4143 816 4186 eorum
843 4139 964 4194 qua:
990 4118 1370 4176 memorabant
1396 4117 1546 4184 ipsos
1579 4112 1933 4167 assumebant

369 4241 551 4287 [85185.

435 4336 666 4396 CLXVI.
707 4330 1064 4388 Mamertinus
1095 4334 1275 4379 autem
1304 4320 1435 4376 Urbi
1460 4317 1767 4390 praefectus,
1798 4316 1932 4370 adeo

1951 3062 1995 3120 C

2022 1829 2190 1900 ἄνδρα
2211 1828 2648 1899 παρασκευάσαι.

2093 1891 2306 1975 CLXV.
2357 1919 2660 1981 Συστάντες
2699 1913 2789 1971 οὖν
2812 1915 2897 1969 ἐπ’
2938 1914 3098 1969 αὐτὸν
3145 1912 3194 1964 οἱ
3243 1891 3596 1982 πονηρότατοι

2022 2011 2128 2064 τῶν
2158 2009 2387 2063 πολιτῶν
2411 2011 2624 2072 ἐκεῖνοι,
2648 2007 2848 2077 ψόγους
2875 2021 2955 2070 τε,
2981 2005 3055 2066 ὼς
3087 2002 3243 2056 αὐτοὶ
3274 1998 3458 2072 ᾣοντο,
3494 2016 3598 2052 κα-

2022 2101 2303 2173 ταχέουσιν
2333 2099 2498 2155 αὑτοῦ
2538 2099 2806 2170 πονηροὺς
2827 2140 2840 2162 ,
2866 2096 2959 2150 καὶ
2984 2093 3183 2157 πολλὰς
3209 2092 3472 2161 ἐπάγουσι
3498 2090 3598 2154 τὰς

2025 2196 2223 2261 αἰτίας,
2252 2194 2502 2264 γοητείαν
2523 2191 2670 2262 αὐτῷ
2696 2190 3104 2262 περιάπτοντες,
3132 2185 3345 2254 καὶτῆς
3374 2182 3596 2236 ἐκείνων

2027 2286 2319 2356 θρησκείας
2365 2285 2707 2356 ἀνατροπὴν,
2755 2281 2889 2336 ἄλλα
2940 2297 2997 2332 τε
3050 2275 3248 2342 πολλὰ,
3296 2274 3594 2345 ἐξυϐρίζειν

2026 2378 2186 2431 αὑτὸν
2228 2377 2473 2446 λέγοντες
2507 2376 2600 2429 καὶ
2631 2373 2757 2436 τοὺς
2796 2370 3079 2442 πατρῴους
3104 2368 3377 2438 διασύρειν
3405 2365 3592 2427 θεούςο

2025 2471 2116 2524 τὸν
2177 2472 2272 2542 μὲν
2317 2469 2570 2524 ἁπάντων
2621 2467 2757 2520 θεῶν
2791 2466 2837 2497 ⁸⁸
2870 2464 3121 2535 μέγιστον
3160 2461 3277 2527 Δία,
3313 2459 3444 2530 μηδὲ
3477 2457 3595 2511 θεὸν

2025 2562 2212 2625 ἁπλῶς
2238 2559 2568 2633 ὀνομάζοντα
2588 2575 2602 2588 ⁸
2645 2556 2914 2629 Ἠρακλέα
2943 2555 2998 2607 δὲ
3027 2555 3118 2607 τὸν
3161 2553 3483 2623 Ἀλκμήνης,
3539 2550 3596 2603 ὃν

2026 2655 2249 2707 ἐκείνων
2280 2654 2411 2722 φασὶ
2463 2651 2684 2722 σωτῆρα
2708 2648 2823 2719 (25)
2843 2687 2856 2711 ,
2907 2647 3073 2717 ἐναγῆ
3098 2662 3221 2699 τινα
3253 2645 3476 2716 δαίμονα
3505 2644 3598 2697 καὶ

2030 2743 2220 2814 μιαρὸν
2235 2740 2612 2794 ἀποκαλοῦντα
2633 2758 2646 2769 ·
2681 2739 2886 2809 πόρνην
2909 2754 2969 2790 τε
2992 2738 3090 2808 τὴν
3108 2735 3266 2806 φίλην
3283 2734 3596 2805 Ἀφροδίτην

2026 2836 2350 2902 είσάγοντα-,
2390 2833 2483 2885 καὶ
2499 2832 2596 2902 τὴν
2616 2830 2869 2903 ἑκηϐόλον
2890 2831 3172 2900 Ἀρτεμιν,
3211 2827 3411 2880 καὶτὸν
3438 2825 3595 2890 σοφὸν

2038 2924 2249 2995 Ἑρμῆν
2271 2924 2361 2976 τὸν
2388 2922 2481 2975 τοῦ
2513 2921 2673 2990 λόγου
2713 2919 2854 2984 θεὸν,
2890 2920 2980 2973 τὸν
3004 2917 3293 2988 πολεμικόν
3313 2933 3372 2970 τε
3405 2917 3595 2988 Ἀρεα,

2026 3016 2228 3071 καὶτὸν
2264 3015 2468 3086 Κρόνον
2495 3014 2653 3068 αὐτὸν
2672 3053 2686 3076 ,
2712 3012 2907 3081 ἐπίσης
2945 3011 3150 3082 βλασφη
3160 3011 3360 3081 μοῦντα
3392 3008 3598 3071 πάντας

2027 3110 2120 3164 καὶ
2144 3107 2491 3162 διαϐάλλοντα
2509 3146 2525 3167 ,
2563 3107 2655 3159 καὶ
2680 3105 2749 3159 τὰ
2770 3121 2828 3158 τε
2837 3105 2972 3175 μέθη
2996 3102 3198 3156 τούτων
3223 3103 3317 3156 καὶ
3339 3103 3464 3165 τοὺς
3492 3101 3597 3172 βω-

2031 3203 2166 3273 μοὺς
2190 3199 2651 3270 καταστρέφοντα.
2691 3195 2997 3264 Κεφάλαιον
3021 3194 3112 3248 τοῦ
3139 3185 3406 3262 λόγου,“Η
3435 3192 3598 3246 θυσά-

2025 3311 2104 3347 τω
2128 3295 2240 3355 τοῖς
2273 3291 2412 3353 θεοῖς
2429 3331 2443 3353 ,
2468 3289 2650 3358 ἔλεγον
2673 3328 2688 3352 ,
2721 3287 2754 3358 ἢ
2781 3287 2882 3358 τῆς
2910 3286 3055 3356 ζωῆς
3078 3286 3140 3339 τὸ
3167 3286 3329 3356 τάχος
3355 3283 3597 3338 ἀπαλλα-

2027 3387 2194 3456 γήτω.
2227 3385 2288 3436 Οί
2318 3383 2414 3454 μὲν
2436 3378 2548 3447 οὖν,
2585 3379 2809 3434 τοιαῦτα
2832 3378 3103 3440 κινοῦντες
3122 3421 3135 3444 ,
3166 3375 3378 3430 ἔκδοτον
3414 3376 3600 3447 ἠξίουν

2027 3476 2119 3529 τὸν
2171 3474 2510 3546 πατριάρχην
2550 3474 2642 3526 ἐπὶ
2679 3471 2889 3542 θανάτῳ
2910 3470 3112 3525 λαϐεῖν.
3146 3469 3262 3538 Ἐφ’
3283 3467 3363 3532 οἷς
3389 3467 3600 3538 ὴγανά·

2029 3585 2188 3621 κτουν
2214 3567 2410 3630 πάντες
2439 3565 2552 3618 ὅσοι
2576 3563 2648 3635 μὴ
2674 3581 2777 3636 χρη
2789 3563 2968 3634 μάτων
2995 3561 3147 3615 ὢνιον
3169 3561 3266 3632 τὴν
3303 3560 3601 3629 συνείδησιν

2029 3657 2403 3729 προετίθεσαν,
2432 3657 2525 3708 καὶ
2573 3655 2762 3722 λόγους
2805 3651 2941 3724 πρὸς
2965 3651 3054 3704 τὸν
3094 3650 3261 3720 δῆμον
3289 3649 3601 3721 ἐλευθέρους

2029 3749 2327 3803 ἐποιοῦντο·
2344 3749 2409 3800 Τί
2423 3747 2500 3818 τῷ
2516 3746 2825 3817 πατριάρχῃ
2841 3743 3005 3796 κακὸν
3016 3741 3316 3812 εἴργασται,
3333 3740 3601 3808 λέγοντες⁸

2034 3841 2229 3912 μᾶλλον
2247 3841 2302 3894 δὲ
2333 3841 2499 3893 ποίων
2527 3839 2622 3907 οὐχ
2644 3840 2676 3908 ἡ
2702 3836 2854 3900 πόλις
2879 3837 3009 3906 παρ’
3042 3833 3189 3904 αὐτῷ
3215 3833 3448 3904 χαρίτων
3469 3831 3602 3885 ἀττέ-

2031 3929 2258 3991 λαυσεν;
2286 3923 2419 3980 Εἶτα
2450 3927 2544 3978 καὶ
2581 3923 2717 3976 αὐτὰ
2735 3925 2939 3977 ἕκαστα
2965 3922 3071 3986 τῶν
3107 3924 3198 3976 ὑπ’
3221 3921 3383 3975 αὐτοῦ
3425 3939 3600 3992 παρα-

2030 4019 2194 4085 δόξως
2237 4018 2614 4089 γεγενημένων
2661 4015 3067 4088 ἀπηριθμοῦντο
3087 4057 3103 4080 ,
3170 4018 3261 4070 καὶ
3321 4017 3600 4087 μάρτυρας

2033 4110 2227 4173 αὐτοὺς
2259 4108 2538 4163 ἐποιοῦντο
2569 4109 2676 4161 τῶν
2704 4107 3028 4178 λεγομένων.

2103 4309 2332 4366 CLXVI.
2372 4310 2746 4381 Μαρμεντῖνος
2767 4309 2787 4328 ⁶
2805 4305 2863 4359 δὲ
2885 4309 2914 4360 ό
2961 4306 3060 4375 τῆς
3105 4305 3312 4369 πόλεως
3337 4301 3596 4376 ἔπαρχος,

367 4435 632 4492 seditione
656 4429 911 4499 agitatam
947 4421 1217 4477 civitatem
1248 4415 1432 4470 videre
1480 4426 1589 4466 non
1619 4409 1922 4471 sustinens,

2034 4403 2106 4474 μὴ
2124 4402 2302 4473 φέρων
2321 4403 2412 4454 ἐπὶ
2434 4400 2566 4453 πολὺ
2593 4397 2979 4462 στασιάζουσαν
3003 4396 3144 4450 οὕτω
3161 4397 3258 4468 τὴν
3280 4397 3429 4450 πόλιν
3449 4397 3598 4466 όρᾷν,

367 4529 436 4584 ad
458 4527 571 4581 haec
602 4517 742 4576 verte
787 4515 1065 4587 religionis
1092 4511 1428 4565 incremento
1459 4504 1704 4559 invidens
1728 4544 1743 4568 ,
1773 4501 1838 4556 ad
1873 4515 1931 4556 se

369 4617 599 4676 arcessit
633 4615 850 4669 beatum
883 4607 1241 4666 Clementem,
1270 4599 1554 4668 verbisque
1582 4605 1690 4650 tam
1715 4607 1930 4664 genero-

2039 4496 2213 4557 ἄλλως
2239 4511 2298 4547 τε
2340 4494 2432 4546 καὶ
2467 4493 2534 4562 τῇ
2570 4491 2669 4560 τῆς
2692 4489 2968 4551 εὐσεϐείας
2999 4488 3232 4542 ἐπιδόσει
3275 4487 3596 4559 βασκαίνων,

2039 4586 2158 4656 ἄγει
2185 4588 2274 4640 τὸν
2301 4583 2564 4657 μακάριον
2589 4582 2876 4652 Κλήμεντά
2911 4580 3044 4651 πρὸς
3068 4580 3273 4645 ἑαυτὸν,
3302 4579 3395 4634 καὶ
3425 4578 3600 4646 λόγοις

1665 4751 1900 4808 ἾΑΒΙιΕ
1937 4747 2334 4804 LECTIONES.

436 4911 482 4943 ”
515 4910 584 4963 al.
616 4908 767 4961 deest
805 4905 858 4957 in
903 4902 975 4956 al.
1016 4899 1061 4931 ⁸⁸
1102 4898 1172 4952 al.
1217 4895 1368 4950 deest
1391 4895 1443 4946 in
1469 4892 1540 4946 al.
1604 4890 1650 4921 "
1698 4890 1769 4944 al.
1807 4888 1963 4942 Θεὸν.

1705 5018 2065 5075 VARIORUM
2101 5017 2336 5073 NOTAJ.

443 5176 554 5243 (2|)
585 5172 704 5227 Τῶν
736 5171 1025 5240 ὀφφικίων
1057 5167 1262 5243 κόμης.
1288 5159 1524 5216 Historia
1550 5156 1802 5243 Latina,
1829 5154 1930 5243 ρο-

373 5225 476 5302 ηιιῘε
510 5225 1033 5308 -εάἓταηιηῖξιιεῐηρε
1057 5225 1426 5308 largitionum,
1446 5240 1567 5298 qua!
1591 5239 1674 5280 est
1706 5226 1811 5308 alia
1843 5225 1930 5308 di—

373 5265 476 5302 mes
522 5258 815 5307 sacrarum,
839 5254 1033 5308 nempe
1059 5253 1137 5291 lar
1177 5253 1426 5295 tuonum,
1446 5253 1567 5298 qua:
1591 5253 1674 5280 est
1707 5253 1811 5278 anu
1843 5253 1930 5279 υι-

371 5319 568 5388 gnitas.
620 5314 714 5388 Sic
753 5313 807 5366 in
850 5253 1407 5388 concilio_ﬁp-besino
1432 5294 1931 5388 finelpo'ratur

809 5381 917 5434 τῶν
949 5365 1196 5454 σακρῶχς
1213 5374 1404 5454 Κύμης
1426 5365 1722 5454 τῶχθείων
1736 5365 1933 5454 1λοςργιῖ

368 5433 932 5510 ῖέἶιῖιιιοιη
956 5450 989 5502 ὅ
1028 5433 1089 5503 C.
1123 5445 1226 5500 Th.
1261 5433 1328 5499 de
1359 5433 1706 5510 iuetallis,est
1729 5433 1927 5510 Juliani

370 5504 599 5594 Egisti
620 5504 984 5594 Sinin..qu
1017 5518 1274 5594 comitem
1301 5510 1645 5594 Οίιὶομίονιιιιιὲ.Δ
1663 5504 1767 5594 Sed
1794 5513 1931 5588 tem-

372 5575 708 5666 ᾖξιῐι-’ἔιῆξιιθέέ
742 5590 1091 5660 Imperatoris
1135 5585 1267 5641 nulli
1295 5589 1452 5639 erant
1484 5577 1710 5635 comites
1740 5575 1933 5645 hujus-

377 5665 541 5718 iuodi.
571 5665 683 5718 C01
705 5705 718 5720 .

2128 5157 2219 5226 29..)
2271 5157 2440 5227 Aliter
2474 5151 2955 5227 Topxouztav6c_et
2988 5147 3388 5227 Τουρκιτιανός.
3415 5144 3604 5227 [:atine

2037 5230 2092 5283 in
2112 5213 2366 5282 Editione
2385 5213 2702 5297 Tarqu'ingts
2729 5237 2829 5292 pro
2854 5213 3179 5297 Tarquitius;
3217 5217 3403 5297 inlus.
3440 5213 3598 5297 V._‘C.

2042 5299 2227 5353 Vionis
2254 5285 2577 5350 llerovallii:
2618 5285 2946 5363 Torquatus;
2970 5285 3037 5344 ἰιι
3068 5291 3138 5344 sit
3169 5287 3254 5342 vel
3281 5285 3607 5354 Torquatia-

2040 5384 2167 5431 nus,
2202 5368 2281 5422 vel
2316 5362 2741 5435 Tarquitianus.
2769 5362 2847 5416 lu.

2109 5421 2220 5509 (ΞΒ)
2245 5421 2502 5505 Σωτῆρα.
2547 5432 2818 5509 Similiter
2851 5431 2990 5509 apud
3027 5421 3602 5509 Tlieoduritum,_‘3§5~

2039 5491 2285 5564 mo‘mz'de
2312 5491 2632 5576 martyribus
2662 5519 2704 5576 :_
2730 5491 2999 5574 Ἡρακλέα
3037 5501 3252 5570 σωτῆρα
3313 5497 3404 5549 καὶ
3435 5491 3605 5559 ἀλεξι-

2042 5596 2206 5635 κακον
2237 5572 2655 5651 προσηγόρευον.
2687 5572 2761 5627 In.
