4066 6140
491 376 596 430 595

1298 381 1758 439 CLEMENTINA.
1798 411 1870 427 -
1907 381 2204 438 EPITOME
2233 384 2319 438 DE
2357 383 2602 440 CESTIS
2641 385 2697 440 S.
2739 389 2966 445 PETRI.

3611 391 3714 446 594

480 506 580 576 τὴν
617 505 868 573 γενναίαν
918 501 1058 560 οὕτω
1094 507 1269 578 ψυχὴν
1321 507 1571 560 κλέπτειν
1612 510 1901 581 ἐπεχείρει,
1949 503 2048 568 Ἐξ

2150 518 2268 557 sum
2302 505 2541 558 animum
2573 514 2803 562 conatur
2831 506 3018 562 fallere
3044 523 3106 562 ac
3133 507 3402 562 abducere
3421 509 3446 570 ,'
3481 506 3670 561 dicens
3695 522 3708 556 :

479 597 753 665 εὐγενοῦς,
799 598 992 667 λέγων,
1041 601 1409 673 προελήλυθας
1451 604 1626 675 ῥίζης·
1677 605 1834 658 τοῦτο
1883 609 2045 672 πᾶς¹ό

477 691 584 744 τῷν
621 692 907 765 Ῥωμαίων
945 711 1025 749 σοι
1054 701 1318 769 μαρτυρεῖ
1333 699 1522 770 δῆμος,
1551 701 1664 755 ἀλλ’
1704 705 2046 778 ἀνθρωπίνην

477 782 571 835 καὶ
596 783 756 846 αὐτὸς
789 783 990 858 πλάνην
1014 785 1270 860 ὑπέστης,
1301 793 1390 845 καὶ
1414 793 1500 846 διὰ
1521 795 1674 849 τοῦτο
1693 798 1810 851 οὐδὲ
1839 805 2046 874 σιωπᾷν

476 873 686 942 ἡπόλις
713 873 981 944 ἀνέχεται.
1027 879 1162 932 Φασὶ
1198 879 1305 952 γὰρ
1350 884 1408 936 σὲ
1453 887 1769 959 καινοτέραν
1807 873 2044 962 εἰσάγειν

478 964 795 1037 θρησκείαν,
808 967 898 1021 καί
912 986 1032 1022 τινα
1048 970 1194 1042 παρὰ
1212 974 1336 1036 τοὺς
1354 977 1637 1047 πατρῴους
1665 979 1816 1046 θεοὺς
1852 1001 1918 1055 κη
1929 984 2046 1054 ρύσ-

477 1073 592 1110 σειν
618 1059 868 1129 Χριστόν.
914 1061 1072 1115 Ὅθεν
1103 1064 1398 1120 ἀποθέσθαι
1425 1085 1482 1120 σε
1517 1070 1621 1142 χρὴ
1658 1073 1756 1144 τὴν
1789 1077 2044 1149 περιττὴν

473 1149 678 1220 ταύτην
697 1152 1134 1224 δεισιδαιμονίαν,
1158 1159 1248 1212 καὶ
1275 1159 1466 1229 μόνους
1483 1163 1744 1218 αἰδεῖσθαι
1766 1169 1859 1221 καὶ
1878 1171 2043 1242 τιμᾷν

472 1241 598 1303 τοὺς
619 1242 862 1331 συνήθεις
875 1247 940 1316 τῇ
960 1245 1110 1326 πόλει
1128 1246 1301 1312 θεούς.
1327 1252 1475 1305 Καὶό
1501 1255 1862 1327 πατριάρχης·
1881 1241 2044 1331 Εὐχο-

477 1343 574 1398 μαι
606 1327 703 1398 τὴν
728 1331 825 1400 σὴν
853 1333 1211 1406 στερρότητα,
1245 1337 1369 1409 ἔφη,
1399 1343 1716 1411 μεταδοῦναί
1748 1364 1836 1417 μοι
1861 1327 2038 1418 λόγου,

474 1419 567 1471 καὶ
585 1426 838 1492 προσχεῖν
858 1442 956 1493 μου
973 1429 1090 1489 ταῖς
1108 1427 1477 1500 ἀποκρίσεσιν,
1494 1434 1626 1488 ἀλλά
1645 1437 1717 1508 μὴ
1739 1436 1911 1503 οὕτως
1928 1441 2043 1495 ἀλό-

471 1527 552 1580 γῳ
569 1512 752 1565 στάσει
769 1515 862 1568 καὶ
887 1518 1132 1587 ματαίοις
1152 1519 1376 1575 ἕπεσθαι
1397 1523 1659 1595 θορύϐοις.
1694 1528 1828 1581 Οὐδὲ
1845 1530 1951 1602 γὰρ
1965 1531 2044 1584 δεῖ

474 1603 715 1691 στάσεως
733 1603 852 1658 οὐδὲ
872 1605 1134 1678 θορύϐων,
1155 1611 1288 1664 ὅπου
1308 1616 1577 1685 σκοπῆσαί
1593 1634 1649 1669 τε
1670 1621 1794 1688 περί
1807 1621 1905 1691 τῆς
1925 1623 2042 1675 ἐαυ-

469 1686 564 1739 τού
590 1691 860 1760 σωτηρίας
881 1692 1004 1758 τινὶ,
1036 1695 1276 1768 καὶπερὶ
1303 1698 1436 1752 Θεοῦ
1457 1686 1799 1772 διαλεχθῆναι
1833 1686 2042 1776 πρόκει-

469 1795 578 1834 ται.
608 1780 662 1834 '0
678 1780 913 1854 ἔπαρχος
927 1785 1102 1840 τοίνυν
1131 1788 1190 1841 τὸ
1214 1788 1307 1841 τοῦ
1324 1791 1512 1862 ἀνδρὸς
1537 1798 1780 1861 γενναῖον
1801 1797 1892 1851 καὶ
1917 1800 2040 1853 στά-

473 1888 627 1941 σιμον
651 1873 707 1940 ἐξ
731 1875 911 1929 αὐτῶν
944 1877 1104 1941 εὐθὺς
1118 1879 1225 1934 τῶν
1250 1885 1548 1954 προοιμίων
1569 1879 1916 1958 καταμαθὼν,
1946 1890 2040 1944 καὶ

469 1963 641 2016 εἰπεῖν
664 1981 722 2016 τε
749 1966 910 2030 αὐτὸς
933 1969 1026 2022 καὶ
1048 1970 1276 2026 ἀκοῦσαι
1299 1977 1427 2045 παρ’
1461 1977 1666 2030 ἐκείνου
1697 1979 1857 2035 πάλιν
1889 1982 2042 2056 ὀκνή-

2150 595 2420 663 Exlnobili
2451 598 2615 665 stirpe
2640 605 2792 652 ortus
2815 614 2874 652 es
2911 616 2927 652 :
2986 598 3092 654 hoc
3116 600 3182 654 de
3208 608 3260 654 te
3287 598 3534 669 perhibet
3555 598 3712 651 testi-

2150 689 2393 742 monium
2441 689 2620 745 omnis
2667 690 2898 759 populus
2929 689 3205 746 Romanus
3230 732 3245 756 ,
3303 691 3396 744 sed
3423 699 3477 743 et
3510 690 3626 757 ipse
3655 689 3709 742 in

2152 779 2450 834 humanum
2491 797 2732 836 errorem
2795 782 3105 846 incurristi,
3164 792 3327 852 atque
3372 783 3492 838 ideo
3535 798 3711 850 neque

2147 867 2290 924 Urbs
2324 881 2504 927 tacere
2537 881 2734 942 potest.
2771 873 2940 926 Aiunt
2969 873 3112 927 enim
3145 881 3196 927 te
3227 889 3422 928 novam
3454 873 3711 928 inducere

2145 962 2482 1033 religionem,
2514 971 2568 1018 et
2595 973 2782 1019 contra
2810 965 2941 1020 deos
2967 965 3170 1035 patrios
3198 965 3490 1034 praedicare
3519 979 3712 1033 quem-

2143 1053 2267 1107 dam
2289 1053 2589 1108 Christum.
2610 1054 2790 1121 Quare
2815 1065 3024 1126 oportet
3048 1064 3099 1110 te
3119 1057 3356 1125 abjicere
3381 1055 3708 1124 superﬂuam

2145 1143 2288 1200 hanc
2331 1136 2768 1216 superstitionem
2798 1192 2813 1214 ,
2847 1149 3086 1218 deosque
3137 1157 3346 1202 tantum
3394 1147 3628 1202 revereri
3655 1154 3711 1200 et

2143 1234 2320 1288 colere
2347 1252 2484 1304 quos
2509 1238 2700 1292 civitas
2729 1239 2882 1292 solet.
2923 1239 2999 1292 Ad
3051 1239 3166 1293 haec
3203 1239 3510 1306 patriarcha
3537 1257 3551 1293 :
3576 1235 3708 1302 Oro,

2142 1325 2356 1394 inquit,
2395 1336 2540 1381 tuam
2574 1329 2888 1398 gravitatem
2939 1339 2992 1384 et
3025 1331 3424 1396 constantiam,
3468 1340 3527 1385 ut
3573 1330 3709 1384 mihi

2151 1419 2421 1472 concedas
2445 1419 2608 1472 verba
2649 1419 2858 1483 facere,
2891 1437 2954 1476 ac
2987 1422 3124 1476 meis
3149 1422 3597 1491 responsionibus
3628 1430 3710 1475 at-

2143 1506 2358 1572 tendas;
2392 1522 2498 1561 non
2531 1517 2710 1563 autem
2745 1510 2878 1564 adeo
2905 1511 3118 1566 ratione
3141 1513 3455 1566 destitutam
3483 1511 3709 1566 seditio-

2141 1613 2263 1652 nem
2293 1641 2306 1664 ,
2341 1602 2713 1672 tumultusque
2748 1620 2920 1659 vanos
2951 1606 3304 1660 consecteris.
3343 1604 3530 1673 Neque
3559 1604 3708 1659 enim

2145 1705 2284 1759 opus
2307 1701 2389 1745 est
2420 1694 2683 1748 seditione
2710 1711 2774 1750 ac
2807 1696 3153 1760 tumultibus,
3189 1696 3281 1750 ubi
3309 1696 3546 1765 cuipiam
3579 1709 3710 1764 pro-

2144 1783 2383 1850 positum
2412 1792 2495 1839 est
2521 1786 2586 1840 de
2613 1786 2788 1842 salute
2824 1804 2922 1842 sua
2952 1788 3297 1844 considerare
3323 1797 3487 1858 atque
3508 1788 3575 1842 de
3596 1786 3708 1842 Deo

2139 1873 2422 1930 disserere.
2468 1876 2635 1947 Igitur
2663 1879 2947 1948 praefectus
2969 1922 2983 1946 ,
3041 1890 3318 1950 comperta
3345 1897 3412 1935 ex
3448 1882 3568 1951 ipso
3595 1888 3709 1935 sta—

2141 1965 2237 2018 tim
2267 1967 2494 2022 exordio
2522 1971 2830 2026 constantia
2863 1973 2963 2026 viri
2996 1981 3050 2026 et
3079 1972 3423 2039 fortitudine,
3470 1973 3707 2028 veritus-

473 2071 587 2118 σας,
625 2057 718 2110 καὶ
755 2057 1181 2130 ἀναϐαλλόμενος
1216 2064 1315 2135 τὴν
1347 2065 1596 2133 διάλεξιν,
1627 2070 1878 2143 Τραϊανῷ
1910 2077 2039 2146 περὶ

2141 2072 2247 2126 que
2277 2067 2388 2112 tum
2423 2060 2539 2129 ipse
2577 2061 2778 2127 dicere,
2828 2073 2941 2118 tum
2975 2075 3030 2120 et
3069 2066 3136 2121 ab
3175 2081 3241 2121 eo
3270 2066 3460 2120 audire
3484 2105 3499 2131 ,
3545 2074 3708 2135 atque

469 2144 629 2197 αὐτοῦ
655 2144 732 2215 τῷ
758 2146 1115 2220 αὐτοκράτορι
1132 2151 1410 2226 ἀναφέρει.
1437 2155 1544 2208 Καὶ
1570 2157 1597 2208 ὁ
1619 2157 1870 2227 βασιλεὺς
1889 2144 2038 2232 αὐτῷ

466 2233 638 2298 οὕτως
663 2236 873 2291 ἐπιλύει
915 2239 986 2292 τά
1015 2244 1394 2313 γεγραμμένα,
1433 2245 1509 2308 ὡς
1534 2245 1566 2317 ἢ
1595 2247 1753 2301 θῦσαι
1778 2249 1867 2302 τὸν
1891 2251 2040 2322 Κλή-

471 2345 636 2398 μεντα
672 2332 783 2393 τοῖς
823 2331 1096 2403 πατρῴοις
1119 2332 1277 2399 θεοῖς,
1324 2335 1356 2408 ἢ
1401 2338 1575 2410 πέραν
1604 2339 1698 2393 τοῦ
1729 2342 1932 2395 Πόντου
1961 2344 2040 2407 εἰς

467 2420 668 2492 ἔρημόν
714 2440 833 2476 τινα
867 2425 1019 2478 πόλιν
1067 2426 1176 2480 τῶν
1212 2431 1278 2499 τῇ
1319 2430 1566 2501 Χερσῶνι
1605 2433 2036 2504 παρακειμένων,

469 2511 576 2564 ἀπὸ
597 2513 694 2584 τῆς
727 2513 940 2587 Ῥώμης
967 2517 1118 2589 ἀϊδίῳ
1145 2523 1286 2592 φυγῇ
1308 2519 1583 2592 ἐλαθῆναι.

536 2697 784 2754 CLXVII.
805 2701 916 2771 Τῆς
935 2701 1260 2771 ἀποφάσεως
1271 2699 1362 2758 οὖν
1383 2705 1586 2771 ταύτης
1610 2709 2038 2783 καταλαϐούσης,

465 2793 754 2845 ἐσκέπτετο
775 2794 1150 2864 Μαρμεντίνος
1181 2797 1326 2860 ὅπως
1354 2796 1420 2852 ἂν
1451 2799 1524 2871 μὴ
1547 2802 1575 2853 ό
1602 2801 1830 2875 Κλήμης
1852 2803 2039 2876 ἐληται

461 2884 556 2954 τὴν
573 2884 1164 2958 ὐπερορίαν,ἀλλ’,αὐτῷ
1181 2888 1377 2958 μᾶλλον
1390 2892 1480 2944 καὶ
1490 2891 1566 2962 τῷ
1581 2891 1786 2962 βασιλεῖ
1796 2896 2039 2971 πεισθείη

463 2975 555 3027 καὶ
587 2974 817 3030 θύσειεν.
854 2977 988 3030 Οὐδέ
1019 2978 1308 3049 γὰρ’ἕιρερε
1330 2981 1661 3055 τηλικαύτην
1692 2986 1881 3058 ἀνδρὸς
1907 2989 2039 3059 ἁρε-

461 3066 559 3136 τὴν
594 3066 974 3139 ζημιούμενος.
1013 3069 1102 3138 Τῷ
1139 3071 1195 3124 δὲ
1227 3072 1476 3126 τοσοῦτον
1523 3075 1784 3146 ἐμέλησεν
1821 3079 1863 3110 ⁸⁷
1892 3080 2037 3134 ὲκεί-

462 3174 570 3221 νοις
602 3157 909 3229 πεισθῆναι,
945 3159 977 3231 ἢ
1003 3160 1050 3191 ⁸⁸
1073 3161 1392 3234 δυσχερᾶναι
1420 3165 1556 3236 πρὸς
1589 3168 1685 3237 τὴν
1710 3170 2024 3242 ὑπερορίαν,

461 3252 568 3320 ὅσῳ
620 3253 714 3304 καὶ
759 3252 919 3306 αὐτὸν
959 3255 1256 3320 ἐσπούδαζε
1311 3258 1446 3328 πρὸς
1483 3259 1579 3331 τὴν
1623 3261 1906 3318 εὐσέϐειαν
1944 3263 2037 3318 τὸν

461 3341 697 3412 ἔπαρχον
731 3343 1152 3399 ἐπισπάσασθαι.
1189 3347 1434 3421 Τοσαύτη
1469 3352 1576 3422 γάρ
1600 3369 1684 3416 τις
1709 3353 1913 3408 ἄνωθεν
1942 3355 2033 3408 τὸν

2141 2149 2562 2207 collocutionem
2591 2155 2902 2210 detrectans
2923 2196 2938 2221 ,
2987 2158 3053 2212 ad
3086 2157 3381 2228 Trajanum
3413 2159 3708 2228 imperato-

2141 2255 2255 2294 rem
2287 2241 2355 2295 de
2403 2241 2498 2296 illo
2528 2243 2710 2299 refert.
2745 2245 2808 2298 Et
2840 2249 3134 2317 imperator
3175 2249 3240 2302 ad
3275 2249 3438 2304 istum
3481 2249 3705 2304 modum

2140 2343 2206 2385 ea
2236 2345 2357 2399 quae
2387 2333 2587 2402 scripta
2619 2345 2773 2389 erant
2811 2337 3048 2391 dirimit:
3087 2347 3148 2392 ut
3201 2337 3452 2395 Clemens
3477 2347 3570 2393 aut
3600 2339 3706 2393 diis

2141 2422 2331 2490 patriis
2371 2424 2642 2479 sacriﬁcet
2667 2467 2682 2492 ,
2735 2436 2829 2481 aut
2867 2437 3018 2483 trans
3062 2429 3290 2484 Pontum
3326 2431 3381 2484 in
3427 2432 3705 2486 desertum

2141 2514 2359 2582 aliquod
2389 2517 2644 2585 oppidum
2697 2533 2885 2572 eorum
2933 2535 3056 2588 quae
3101 2520 3364 2576 Chersoni
3417 2523 3704 2592 adjacent,

2142 2603 2312 2660 Roma
2344 2617 2606 2676 perpetuo
2627 2610 2820 2664 exsilio
2843 2611 3141 2682 ablegetur.

2211 2720 2468 2778 CLXVII.
2509 2723 2619 2778 Hac
2661 2725 2844 2794 itaque
2875 2729 3137 2781 sententia
3167 2738 3408 2799 accepta,
3437 2729 3708 2798 cogitabat

2141 2811 2495 2872 Mamertinus
2537 2833 2648 2887 quo
2680 2820 2842 2874 modo
2889 2821 3141 2875 Clemens
3163 2836 3269 2876 non
3312 2822 3532 2892 eligeret
3561 2823 3706 2875 exsi-

2141 2904 2272 2960 lium
2295 2949 2310 2973 ,
2343 2908 2435 2980 sed
2465 2911 2648 2978 potius
2671 2921 2885 2982 pareret
2923 2912 3024 2982 ipsi
3054 2929 3119 2968 ac
3156 2915 3508 2984 imperatori,
3543 2924 3706 2984 atque

2141 2995 2470 3053 immolaret.
2505 2999 2621 3054 Non
2675 3003 2820 3055 enim
2855 3003 3160 3058 sustinebat
3189 3005 3391 3073 privari
3428 3013 3575 3060 tanta
3603 3006 3703 3059 viri

2139 3089 2359 3145 virtute.
2385 3089 2558 3146 Porro
2589 3092 2851 3148 Clementi
2877 3094 3014 3148 adeo
3042 3110 3186 3150 cum
3213 3094 3316 3150 fuit
3332 3097 3706 3165 obtemperare

2141 3179 2249 3234 illis
2292 3194 2386 3234 aut
2435 3182 2660 3236 moleste
2711 3180 2849 3238 terre
2878 3184 3264 3254 relegationem
3289 3225 3304 3249 ,
3357 3192 3417 3239 ut
3444 3187 3604 3240 etiam
3635 3175 3703 3244 ad

2139 3270 2393 3339 pietatem
2461 3271 2774 3340 praefectum
2838 3275 3110 3329 attrahere
3175 3275 3457 3330 niteretur.
3530 3276 3704 3332 Tanta

2139 3363 2338 3436 quippe
2388 3363 2648 3419 divinitus
2703 3365 3032 3420 Clementem
3090 3367 3263 3436 gratia
3309 3369 3700 3435 circumdabat,

463 3432 751 3504 Κλήμεντά
782 3434 1110 3506 περιίπτατο
1157 3437 1336 3509 χάρις,
1387 3442 1480 3494 καὶ
1523 3442 1695 3507 οὕτως
1742 3447 1774 3516 ἡ
1822 3446 2032 3500 ἐκείνου

2140 3432 2328 3527 sicque
2354 3457 2500 3511 illius
2531 3457 2714 3529 lingua
2736 3458 2884 3512 omni
2911 3457 3034 3511 favo
3062 3472 3125 3511 ac
3155 3459 3315 3512 melle
3344 3459 3558 3514 dulcius
3587 3461 3704 3515 stil—

459 3525 668 3592 γλῶττα
698 3527 890 3598 κηρίου
937 3528 1132 3594 παντὸς
1174 3531 1265 3582 καὶ
1289 3531 1501 3600 μέλιτος
1522 3535 1852 3609 γλυκύτερον
1876 3539 2034 3594 ἐστα-

461 3615 570 3679 ζεν,
602 3617 678 3681 ὡς
705 3618 798 3672 καὶ
830 3619 988 3672 αὐτὸν
1016 3618 1174 3689 ἔρωτι
1200 3621 1388 3692 θερμῷ
1410 3624 1505 3677 τοῦ
1542 3626 1734 3699 ἀνδρὸς
1761 3628 2034 3700 ληφθέντα

457 3708 548 3761 τὸν
579 3709 970 3780 Μαρμεντῖνον,
997 3713 1163 3767 πολλά
1191 3731 1247 3766 τε
1275 3717 1340 3785 τῇ
1364 3715 1640 3789 ἀποδημίᾳ
1665 3720 2030 3789 ἐπιστενάξαι,

461 3799 554 3852 καὶ
571 3800 775 3872 δάκρυα
797 3803 874 3871 τῷ
896 3805 1204 3877 πατριάρχῃ
1223 3805 1517 3872 ἐπιϐαλεῖν,
1538 3809 1593 3861 '0
1612 3809 1762 3874 Θεὸς,
1789 3795 2030 3880 εἰπόντα,

460 3884 504 3958 ᾧ
541 3893 604 3945 σὺ
638 3880 939 3965 εἰλικρινῶς
969 3895 1266 3968 λατρεύεις,
1298 3900 1457 3962 αὐτός
1497 3918 1580 3955 σοι
1618 3901 1809 3974 βοηθὸς
1838 3905 1930 3960 ἐπὶ
1965 3911 2032 3980 τῇ

463 3984 715 4054 συμφορᾷ
755 3987 1086 4056 παρασταίηο
1131 3987 1224 4040 καί
1259 3988 1454 4042 αὐτίκα
1480 3990 1659 4046 πλοῖον
1697 3993 2031 4066 εὐτρεπίσαι,

458 4074 651 4145 διαρκῆ
684 4092 743 4128 τε
774 4075 922 4146 αὐτῷ
951 4077 1019 4130 τὰ
1054 4077 1188 4149 πρὸς
1208 4079 1305 4150 τὴν
1328 4079 1514 4151 χρείαν
1539 4083 1807 4151 ἐνθέσθαι,
1833 4089 1926 4142 καὶ
1957 4089 2035 4142 δε-

460 4164 751 4230 ξιώσασθαι
778 4169 958 4234 αὐτὸν,
993 4170 1086 4222 καὶ
1113 4171 1442 4242 περιϐαλεῖν,
1465 4175 1558 4228 καὶ
1590 4176 1731 4231 οὕτω
1761 4179 1900 4248 μετά
1925 4180 2032 4235 τῶν

461 4259 838 4327 προσηκόντων
887 4261 1187 4332 ἀσπασμῶν
1229 4262 1511 4318 ἀπολῦσαι.
1552 4267 1742 4320 Πολλο)⁸
1782 4268 1838 4322 δὲ
1886 4270 2032 4342 αὐτῷ

459 4348 551 4398 καὶ
583 4347 690 4399 τῷν
721 4348 960 4403 εὐλαϐῷν
986 4349 1374 4420 ἠκολούθησαν·
1395 4353 1489 4405 καὶ
1509 4354 1587 4416 εἰς
1606 4353 1704 4424 τὴν
1738 4355 2032 4428 ὑπερορίαν

458 4440 757 4511 γενόμενοι,
807 4443 1308 4514 καταλαμϐάνουσιν
1347 4445 1404 4496 ἐν
1456 4447 1522 4516 τῇ
1573 4445 1681 4500 τῶν
1729 4449 2032 4520 μαρμάρων

457 4531 688 4605 λατομίᾳ
731 4535 1110 4604 Χριστιανοὺς,
1151 4535 1277 4604 περί
1303 4553 1405 4588 που
1431 4538 1556 4599 τοὺς
1579 4536 1782 4607 χιλίους
1797 4540 1842 4570 ⁵⁹
1870 4540 1901 4612 ἢ
1937 4542 2033 4595 καὶ

459 4623 728 4690 πλείονας,
765 4626 930 4678 πολὺν
964 4625 1050 4679 διὰ
1083 4627 1180 4699 τὴν
1206 4628 1485 4681 εὐσέϐειαν
1505 4629 1623 4682 ἐκεῖ
1647 4630 1835 4702 χρόνον
1869 4650 2029 4687 κατε-

456 4715 735 4786 χομένους.
797 4717 858 4770 Οἳ
904 4717 997 4770 καὶ
1057 4719 1184 4787 περί
1237 4717 1330 4770 τοῦ
1385 4720 1722 4791 πατριάρχου
1766 4723 2026 4795 πρότερον

2138 3550 2317 3616 labat,
2350 3561 2408 3604 ut
2449 3550 2565 3619 ipse
2604 3566 2821 3620 quoque
2857 3551 2959 3606 viri
3010 3552 3220 3607 fervido
3270 3567 3454 3606 amore
3509 3563 3702 3622 captus

2138 3640 2512 3708 Mamertinus,
2536 3642 2828 3711 plurimum
2853 3659 2918 3697 ex
2942 3644 3062 3713 ejus
3079 3643 3324 3699 discessu
3352 3645 3698 3714 ingemuerit,

2137 3731 2514 3803 Iacrymasque
2569 3732 2778 3788 dederit
2823 3733 3179 3802 patriarchae,
3235 3733 3424 3790 dicens
3471 3753 3485 3788 :
3532 3734 3697 3802 Deus,

2136 3838 2296 3890 quem
2327 3832 2381 3876 tu
2414 3824 2624 3877 sincere
2661 3824 2797 3879 colis
2820 3865 2838 3890 ,
2879 3823 2995 3894 ipse
3025 3824 3122 3880 tibi
3155 3825 3445 3880 auxiliator
3468 3826 3521 3880 in
3550 3827 3699 3881 cala—

2137 3914 2326 3967 mitate
2366 3915 2617 3982 assistat;
2652 3916 2943 3986 statimque
2969 3917 3241 3988 navigium
3269 3918 3562 3988 paraverit,
3595 3919 3702 3974 im-

2135 4003 2330 4073 positis
2360 4005 2409 4058 ei
2432 4021 2553 4074 quae
2584 4006 2648 4060 ad
2674 4021 2833 4060 usum
2878 4007 3249 4074 sufﬁciebant;
3283 4009 3545 4079 illumque
3573 4009 3700 4062 dex-

2137 4101 2250 4148 tera
2268 4095 2638 4164 prehenderit,
2671 4096 2796 4151 item
2822 4101 3138 4168 complexus
3165 4103 3257 4166 sit,
3289 4110 3451 4170 atque
3478 4102 3549 4155 ita
3573 4117 3698 4154 cum

2135 4185 2552 4242 salutationibus
2599 4189 2854 4259 congruis
2903 4189 3188 4246 dimiserit.
3217 4190 3369 4246 Multi
3416 4202 3596 4247 autem
3629 4208 3698 4247 ex

2134 4277 2240 4348 piis
2261 4279 2429 4333 secuti
2455 4288 2582 4338 sunt
2605 4296 2727 4334 eum
2754 4299 2765 4333 :
2801 4289 2854 4335 et
2884 4283 3259 4350 pervenientes
3291 4284 3356 4338 ad
3392 4284 3571 4338 locum
3601 4299 3697 4338 ex-

2134 4371 2260 4434 siIii,
2289 4372 2565 4440 reperiunt
2594 4373 2648 4425 in
2700 4373 2987 4429 marmoris
3016 4375 3322 4443 lapidicinis
3350 4375 3697 4429 Christianos

2133 4461 2350 4516 circiter
2377 4462 2522 4516 mille
2545 4501 2561 4528 ,
2588 4462 2671 4516 vel
2702 4473 2756 4516 et
2798 4458 3014 4531 plures;
3047 4465 3139 4534 qui
3163 4465 3276 4532 jam
3306 4466 3396 4519 diu
3428 4466 3536 4520 illic
3565 4483 3694 4535 pro-

2132 4565 2250 4623 pter
2281 4569 2467 4609 verum
2500 4555 2703 4609 cultum
2723 4555 3122 4610 detinebantur.
3150 4554 3214 4608 Ili
3234 4573 3355 4610 cum
3381 4558 3447 4611 de
3473 4559 3699 4626 patriar-

2132 4646 2232 4699 cha
2271 4645 2422 4714 prius
2458 4646 2760 4714 audiissent
2784 4687 2797 4711 ,
2833 4647 2976 4716 quod
3007 4656 3061 4702 et
3084 4647 3197 4716 ipse
3225 4648 3293 4702 ab
3337 4645 3480 4703 Urbe
3505 4650 3694 4718 pulsus

2131 4738 2284 4791 exsul
2319 4737 2386 4791 ad
2410 4752 2504 4792 eos
2535 4738 2847 4806 duceretur,
2879 4740 3132 4794 solatium
3156 4757 3262 4795 non
3292 4742 3512 4812 vulgare
3541 4759 3695 4813 cepe-

454 4809 812 4874 ἀκούσαντες,
845 4809 938 4863 καὶ
981 4811 1060 4862 ὅτι
1100 4811 1198 4881 τῆς
1243 4809 1448 4874 πόλεως
1490 4814 1806 4879 ἀπελαθεις,
1854 4817 2020 4888 ὑπερ-

2139 4839 2256 4884 runt
2277 4847 2344 4886 ex
2381 4830 2502 4900 ejus
2527 4831 2781 4886 adventu.

454 4897 618 4967 όριος,
649 4897 783 4968 πρὸς
813 4899 1050 4962 ἐκείνους
1087 4900 1182 4953 καὶ¹
1220 4901 1381 4965 αὐτὸς
1409 4901 1619 4970 ἄγεται,
1667 4906 2021 4978 παραμυθίαν

456 4989 610 5060 ἔσχον
639 4991 700 5042 οὐ
729 4989 826 5060 τὴν
848 4990 1114 5061 τυχοῦσαν
1145 4991 1243 5063 τὴν
1268 4993 1475 5045 ἐκείνου
1503 4994 1812 5066 ἐπιδημίαν.

526 5080 938 5135 (ιωιγιιιηοτε
961 5082 1088 5152 γοῦν
1108 5084 1241 5155 πρὸς
1268 5083 1465 5148 αὐτοὺς
1487 5086 1884 5158 κατελάμϐανε,
1916 5090 2011 5144 τοῦ

454 5172 566 5225 τῶν
595 5171 792 5244 χειρῶν
823 5172 984 5244 ἔργου
1016 5174 1275 5243 ἀφέμενοι
1307 5176 1400 5228 καὶ
1428 5175 1598 5246 τούτῳ
1636 5179 2021 5247 προσελθόντες

459 5261 599 5334 μετά
611 5260 880 5332 δακρύων,
897 5262 1108 5316 καὶτῶν
1125 5263 1292 5331 ἁγίων
1314 5264 1518 5317 ἐκείνου
1536 5267 1711 5321 ποδῶν
1734 5267 2022 5339 ἁψάμενοι,

455 5355 551 5408 καὶ
581 5351 682 5417 τάς
717 5353 961 5423 καθαρὰς
995 5354 1450 5425 περιπτυξάμενοι
1489 5359 1694 5428 χεῖρας,
1720 5359 1819 5423 τὰς
1854 5379 2025 5415 κατα-

455 5446 722 5509 λαϐούσας
753 5445 948 5507 αὐτοὺς
971 5445 1312 5499 ἀνεκλαίοντο
1345 5448 1646 5519 συμφορὰς,
1680 5450 1777 5522 τὴν
1798 5451 1898 5520 τῆς
1924 5470 2027 5505 πα-

455 5541 633 5611 τρίδος
685 5539 976 5604 ἔκπτωσιν,
1021 5539 1120 5608 τὴν
1157 5539 1346 5608 ἄφιλον
1385 5541 1478 5594 ἐπὶ
1523 5541 1678 5613 ξένης
1729 5543 2022 5617 διαγωγὴν,

2196 5095 2474 5151 CLXVIII.
2520 5096 2708 5168 Itaque
2758 5115 2883 5153 cum
2921 5100 2990 5164 ad
3045 5101 3169 5158 illos
3216 5103 3397 5168 venit,
3427 5105 3496 5159 ab
3527 5121 3694 5174 opere

2127 5204 2386 5244 manuum
2410 5199 2716 5256 cessarunt,
2735 5200 2790 5245 et
2815 5193 2882 5246 ad
2909 5207 3032 5248 eum
3057 5209 3181 5248 cum
3215 5195 3472 5267 Iacrymis
3503 5214 3690 5256 προετ-

2125 5290 2340 5347 serunt;
2375 5283 2642 5353 lactisque
2693 5288 2899 5340 sanctis
2946 5286 3069 5354 ejus
3109 5287 3371 5357 pedibus,
3424 5307 3482 5344 ετ
3524 5305 3692 5359 puras

2128 5388 2324 5428 manus
2353 5374 2651 5429 deosculati
2708 5376 3044 5433 calamitates
3076 5377 3229 5447 ipsos
3258 5381 3571 5450 complean
3594 5383 3689 5437 deo

2129 5462 2348 5530 ﬂerunt,
2378 5467 2565 5536 patriae
2591 5467 2964 5535 amissionem,
2985 5471 3263 5526 insuavem
3292 5473 3345 5526 in
3372 5474 3551 5528 alieno
3573 5475 3693 5530 solo

2132 5555 2330 5620 vitam,
2374 5571 2554 5611 rerum
2611 5559 3041 5614 necessariarum
3076 5562 3357 5631 penuriam
3390 5581 3404 5630 ;
3436 5565 3692 5636 quodque

1757 5731 1992 5787 VARIIE
2033 5732 2427 5788 LECTIONES.

529 5840 570 5870 ⁵⁷
605 5841 676 5897 al.
719 5844 1032 5916 ἐμέλλησεν.
1111 5848 1154 5882 ³³
1181 5849 1250 5905 al.
1291 5848 1324 5920 ἦ
1360 5849 1471 5903 καί.
1549 5848 1604 5884 ⁵⁸³·
1633 5848 1702 5902 al.
1732 5847 2037 5920 δισχιλίους.
