4066 6140
383 379 488 437 595

377 505 624 550 omnium
677 494 795 542 erat
848 469 1231 556 gravissimum
1259 517 1275 542 ,
1313 491 1468 546 aquae
1492 473 1665 543 ipsius
1695 469 1942 538 indigen-
1973 471 2018 525 Α
2047 457 2248 556 τῶν-ἀν

376 587 530 642 tiam.
562 580 619 636 Si
649 581 775 652 quis
804 578 974 640 enim.
1005 573 1253 637 aiebant,
1285 586 1380 639 per
1411 577 1583 624 totum
1616 566 1758 621 diem
1783 577 1944 632 opere

377 689 642 732 manuum
685 681 739 727 et
771 671 958 724 labore
1003 674 1310 721 maceratus
1337 704 1353 730 ,
1389 676 1545 732 aqua:
1589 667 1796 730 guttam
1827 655 1943 712 exi-

376 781 538 836 guam
571 776 788 819 sumere
817 759 1070 822 voluerit,
1096 771 1204 826 quo
1231 752 1508 808 miseriam
1537 767 1604 804 ex
1633 749 1944 819 fatigatione

377 867 552 912 ortam
583 855 854 919 sublevet;
888 853 935 906 is
964 865 1072 904 non
1103 849 1286 903 minus
1321 860 1486 915 quam
1520 859 1693 912 usque
1728 841 1793 895 ad
1827 849 1942 894 sta-

376 948 465 1003 dia
493 947 734 1017 quinque
775 955 828 998 et
858 941 1215 1012 quadraginta
1250 937 1526 1008 profectus
1548 977 1563 1000 ,
1594 949 1789 1004 aquam
1819 947 1944 1002 por-

377 1040 590 1097 taverit.
623 1036 703 1092 0b
745 1037 859 1089 haec
893 1033 1198 1104 patriarcha
1229 1031 1494 1100 particeps
1516 1043 1704 1082 eorum
1737 1023 1943 1079 doloris

376 1147 441 1188 ac
464 1133 822 1201 Iacrymarum
849 1127 1047 1188 factus,
1079 1125 1201 1178 dein
1250 1131 1304 1176 et
1350 1120 1460 1175 Deo
1483 1119 1672 1189 gratiis
1702 1117 1858 1184 actis,
1888 1124 1943 1170 et

375 1223 702 1280 suillcienter
745 1221 958 1276 animos
993 1217 1210 1272 illorum
1261 1212 1573 1268 consolatus
1607 1229 1619 1264 :
1661 1208 1780 1264 Non
1830 1209 1938 1272 ita,

377 1312 587 1383 inquit,
620 1321 820 1366 temere
849 1316 903 1362 et
929 1307 1047 1362 sine
1075 1319 1242 1360 causa
1268 1303 1374 1356 huc
1403 1317 1489 1356 me
1528 1299 1668 1354 Deus
1696 1299 1943 1369 permisit

375 1403 605 1472 expelli;
637 1402 729 1458 sed
757 1412 814 1456 ut
841 1409 895 1456 et
916 1399 1100 1455 socius
1149 1396 1250 1452 sim
1303 1401 1606 1448 vestrarum
1635 1391 1942 1461 perpessio-

376 1511 544 1561 num,
576 1504 630 1550 et
660 1493 931 1564 patientia:
979 1489 1212 1544 maxime
1267 1502 1330 1541 ac
1382 1483 1718 1538 tolerationis
1769 1481 1942 1536 docu-

376 1596 640 1641 mentum.

448 1765 678 1822 CLXIX.
720 1763 917 1820 Postea
965 1779 1092 1820 vero
1126 1763 1192 1818 ad
1241 1776 1426 1832 preces
1471 1759 1835 1823 convertitur,
1885 1767 1940 1812 et

377 1875 498 1914 cum
528 1861 607 1914 eis
634 1867 755 1913 orat
783 1857 954 1913 Deum
985 1899 998 1923 ,
1032 1866 1091 1911 ut
1139 1855 1255 1910 suis
1301 1853 1708 1910 conl'essoribus
1734 1851 1936 1904 fontem

377 1964 534 2017 aqua
560 1948 768 2018 aperiat
800 1966 814 2002 :
845 1948 1049 2017 quique
1072 1946 1342 2016 percussit
1366 1954 1571 2014 petram
1602 1943 1654 1996 in
1686 1942 1901 1997 deserto
1925 1983 1940 2007 ,

375 2049 431 2096 et
479 2037 754 2095 ﬂuxerunt
822 2055 976 2108 aquae
1005 2039 1081 2104 °°,
1155 2039 1270 2106 ipse
1321 2037 1484 2092 etiam
1526 2036 1605 2090 eis
1663 2035 1940 2105 copiosam

375 2145 574 2200 aquam
601 2131 928 2200 suppeditat.
944 2129 1061 2183 Jam
1080 2130 1228 2184 enim
1258 2128 1513 2183 omnibus
1535 2128 1832 2196 precationi
1854 2127 1941 2180 in-

375 2224 695 2280 sistentibus
715 2264 730 2290 ,
776 2222 1084 2292 patriarcha
1132 2221 1238 2276 huc
1275 2232 1439 2291 atque
1467 2220 1597 2275 illuc
1624 2221 1940 2292 respiciens,

375 2331 576 2386 agnum
605 2314 751 2371 videt
797 2314 889 2385 qui
920 2315 1169 2370 dextrum
1206 2314 1392 2383 pedem
1423 2313 1720 2377 attollebat,
1768 2329 1943 2384 eoque

375 2407 534 2478 quasi
581 2406 906 2462 ostendebat
955 2406 1258 2475 subjectum
1299 2406 1474 2462 solum
1511 2424 1524 2458 :
1556 2421 1587 2459 a
1614 2405 1764 2459 nullo
1794 2407 1940 2460 enim

375 2498 484 2552 alio
509 2513 685 2570 agnus
708 2498 861 2554 visus
884 2507 987 2553 est.
1015 2497 1153 2552 Tum
1182 2498 1491 2568 patriarcha
1529 2497 1788 2566 conjectis
1818 2513 1945 2552 ocu-

375 2589 464 2653 lis,
497 2589 564 2644 ad
596 2591 775 2644 locum
810 2598 1172 2644 monstratum
1219 2605 1344 2644 cum
1378 2589 1444 2642 iis
1473 2590 1566 2660 qui
1593 2593 1818 2647 aderant
1847 2607 1940 2646 ac-

375 2681 540 2742 cedit,
565 2689 620 2734 et
642 2681 719 2733 ait
743 2698 758 2734 :
781 2679 836 2734 In
891 2681 1112 2736 nomine
1127 2680 1345 2735 Domini
1370 2684 1540 2738 nostri
1570 2682 1699 2738 Jesu
1713 2684 1940 2750 Christi,

375 2773 467 2830 hic
496 2772 650 2838 mihi,
678 2771 792 2838 lilii,
839 2771 1022 2826 fodite.
1062 2771 1308 2842 Cumque
1330 2782 1442 2827 tum
1472 2775 1646 2843 ipsum
1677 2775 1856 2830 locum
1889 2776 1943 2829 in

377 2879 488 2935 quo
526 2880 700 2935 agnus
727 2865 928 2932 stabat,
959 2874 1068 2918 tum
1102 2866 1364 2936 quidquid
1392 2867 1598 2922 circum
1623 2877 1740 2923 erat
1769 2867 1944 2923 (odis-

377 2964 531 3019 sent,
563 2956 872 3026 patriarcha
900 2997 914 3021 ,
971 2967 1190 3026 sumpto
1244 2958 1464 3012 sarculo
1491 2999 1507 3024 ,
1560 2959 1738 3014 locum
1779 2975 1940 3029 quem

376 3062 552 3118 agnus
575 3049 915 3114 ostendebat,
935 3051 1034 3104 levi
1055 3060 1106 3105 et
1140 3050 1204 3104 ad
1234 3052 1572 3121 superficiem
1598 3051 1707 3106 ictu
1729 3053 1941 3122 pulsat;

377 3137 777 3210 confestimque
827 3149 971 3195 terra
1020 3141 1219 3196 emittit
1266 3143 1544 3213 limpidam
1575 3159 1772 3214 aquam
1798 3153 1852 3198 et
1875 3145 1943 3199 ad

375 3231 674 3286 bibendum
708 3248 954 3298 suavem,
983 3243 1147 3304 atque
1173 3251 1235 3290 ea
1263 3251 1384 3290 cum
1417 3236 1620 3306 impetu
1649 3236 1820 3292 eﬂ‘usa
1847 3236 1948 3291 ﬂu-

381 3339 504 3381 men
530 3327 872 3394 repentinum
899 3325 1082 3382 elﬁcit.
1111 3326 1393 3384 Universis
1419 3343 1571 3399 ergo,
1596 3345 1753 3398 aquae
1783 3344 1948 3384 causa

381 3416 776 3489 gaudentibus,
810 3421 1120 3489 patriarcha
1177 3420 1317 3476 dixit
1355 3439 1369 3477 :
1426 3419 1695 3476 Fluminis
1724 3423 1948 3492 impetus

380 3507 621 3578 laetiﬁcat
649 3512 915 3567 civitatem
942 3512 1040 3567 Dei
1060 3514 1203 3569 ⁶³-⁶⁶.

454 3733 664 3790 CLXX.
695 3733 833 3790 Hinc
864 3745 974 3790 tota
1024 3736 1091 3792 ad
1126 3752 1252 3792 eum
1293 3737 1600 3794 conﬂuebat
1628 3738 1821 3794 civitas
1846 3780 1862 3805 ,
1897 3747 1953 3794 et

381 3826 648 3896 spiritalis
669 3829 819 3883 illius
851 3828 1119 3884 doctrinae
1161 3829 1449 3886 dulcedine
1477 3831 1543 3885 ad
1567 3846 1751 3886 veram
1789 3831 1950 3886 tidem

381 3929 613 3976 cunctos
641 3922 984 3992 impellebat;
1040 3932 1183 3979 utet
1227 3924 1383 3978 multi
1429 3924 1673 3994 quotidie
1706 3925 1952 3995 baptiza-

385 4024 575 4070 rentur
620 4030 990 4085 numerusque
1043 4015 1112 4069 ad
1161 4015 1486 4086 quingentos
1529 4017 1858 4085 pervenerit,
1889 4032 1954 4072 ac

383 4122 513 4162 vcra
546 4107 734 4177 religio
761 4107 814 4160 in
843 4107 960 4162 dies
1002 4117 1221 4176 caperet
1250 4107 1664 4162 incrementum.
1701 4106 1953 4164 Nondum

388 4197 633 4269 profecto
663 4214 840 4254 annus
882 4200 935 4252 in
983 4201 1177 4255 exsilio
1203 4209 1320 4254 erat
1345 4216 1604 4255 emensus
1626 4216 1691 4256 ac
1713 4201 1955 4270 praeteri-

386 4301 498 4356 tus,
530 4301 585 4345 et
605 4291 941 4346 aediﬁcantur
969 4291 1190 4361 quidem
1211 4332 1226 4356 ,
1257 4291 1324 4345 ab
1352 4291 1420 4346 iis
1467 4291 1556 4361 qui
1588 4291 1952 4357 crediderant,

385 4381 644 4436 Ecclesia:
670 4396 899 4436 numero
927 4382 1169 4464 quinque
1195 4390 1250 4436 et
1275 4379 1636 4452 septuaginta,
1661 4381 1958 4436 idolorum-

387 4491 496 4546 que
521 4476 645 4530 fana
669 4485 724 4530 et
747 4475 946 4544 templa
969 4483 1322 4541 evertuntur;
1352 4475 1525 4545 iisque
1548 4475 1756 4530 adsitos
1777 4475 1950 4542 lucos,

1241 365 1299 420 s.
1345 356 1732 418 CLEMENTIS
1766 358 1788 412 ι
1825 352 1991 410 non.
2029 347 2232 405 pom.
2270 343 2502 401 operm
2533 336 2763 398 suam.
2803 320 2809 326 ’

3517 320 3620 378 596

2250 453 2492 524 αγκαίων
2520 450 2619 521 τήν
2651 445 2904 518 ἀπορίαν,
2941 443 3052 506 καὶ,
3080 439 3109 493 ὂ
3142 435 3358 492 πάντων
3389 433 3626 505 βαρύτα-

2047 570 2139 605 τον
2163 539 2252 623 ἦν,
2279 551 2378 622 τὴν
2400 547 2563 603 αὑτοῦ
2586 544 2680 599 τοὺ
2707 543 2896 604 ὓδατος
2922 538 3145 592 ἔνδειαν.
3173 530 3367 623 Είγάρ
3397 545 3480 591 τις
3495 525 3624 623 ὅλην

2047 638 2144 709 τὴν
2165 615 2381 709 ήμέραν
2410 638 2477 706 τῇ
2503 634 2613 687 τῶν
2642 629 2842 703 χειρῶν
2881 625 3131 699 ἐργασίᾳ,
3169 621 3261 675 καὶ
3285 618 3362 690 τῷ
3391 615 3626 709 καμάτῳ

2050 707 2462 802 προστετηκὼς,
2493 725 2694 794 ἔλεγον,
2723 723 2913 783 ὓδατος
2949 714 3204 789 βραχεῖάν
3234 728 3356 766 τινα
3390 707 3623 802 σταγόνα

2045 797 2230 874 λαϐεῖν
2263 797 2590 889 ἐθελήσειεν,
2616 814 2756 868 ὥστε
2787 811 2886 882 τὴν
2931 810 2995 862 ὲκ
3019 807 3114 860 τοῦ
3147 805 3317 858 κόπου
3352 797 3623 869 ἀναψύξαι

2043 910 2438 983 ταλαιπωρίαν,
2453 908 2553 960 οὑκ
2572 905 2788 960 ἔλαττον
2809 903 2837 954 6
2860 899 3098 962 τοιοῦτος
3119 897 3153 967 ἢ
3185 894 3430 981 σταδίους
3460 889 3622 944 πέντε

2045 1002 2140 1055 καὶ
2197 979 2604 1071 τεσσαράκοντα
2651 989 2927 1066 προελθὼν
2968 986 3054 1050 ἂν,
3113 979 3273 1055 ὕδωρ
3308 979 3614 1071 κομίσαιτοΓ

2045 1097 2187 1167 Πρὸς
2212 1068 2384 1146 ταῦτα
2427 1088 2768 1157 συναλγήσας
2793 1101 2853 1135 τε
2892 1081 3073 1141 αὑτοῖς
3107 1079 3136 1129 ὁ
3163 1068 3622 1167 πατριάρχηςῌκαὶ

2045 1162 2436 1255 σλνδακρὺσας,
2455 1176 2572 1234 εἶτα
2597 1178 2690 1230 καὶ
2713 1174 2791 1245 τῷ
2811 1172 2928 1244 Θεῷ
2954 1168 3372 1240 εὐχαριστήσας,
3391 1163 3485 1217 καὶ

2042 1279 2148 1342 νῶς
2168 1253 2266 1342 τὰς
2286 1275 2508 1330 ἐκείνων
2527 1269 2705 1342 ψυχὰς
2730 1262 3286 1339 παραμυθησάμενος,
3301 1258 3414 1326 Οὑχ
3435 1253 3622 1315 ἁπλῶς

2041 1373 2184 1427 οὑτω
2227 1369 2320 1424 καὶ
2351 1367 2581 1434 ἀλόγως,
2622 1359 2808 1425 εἶπεν,
2845 1354 3078 1412 ὲνταῦθά
3120 1369 3186 1424 με
3223 1353 3252 1404 6
3282 1349 3415 1412 Θεὸς
3464 1363 3620 1399 συνε-

2042 1465 2289 1538 χώρησεν
2337 1457 2690 1529 έκϐληθῆναι,
2745 1453 2859 1507 ἀλλ’
2893 1451 3032 1538 ὥστε
3072 1447 3167 1499 καὶ
3182 1436 3456 1538 -κοινωνὸν
3495 1439 3624 1538 ὑμῖν

2041 1525 2292 1624 γενέσθαι
2320 1548 2427 1601 τῶν
2457 1525 2816 1615 παθημάτων,
2845 1537 2939 1592 καὶ
2969 1533 3248 1606 ὑπομονῆς
3269 1529 3504 1602 μάλιστα
3526 1525 3622 1579 καὶ

2045 1637 2337 1712 καρτερίας
2363 1633 2635 1688 ὑπόθεσιν.

2113 1705 2344 1788 CLXIX.
2372 1728 2599 1780 Ἔπειτα
2619 1721 2798 1794 μέντοι
2815 1719 2908 1772 καὶ
2937 1719 3017 1781 εἰς
3044 1716 3207 1786 εὐχὴν
3226 1711 3509 1784 τρέπεται,
3527 1705 3624 1762 καὶ

1973 1821 2010 1878 Β
2039 1827 2205 1880 δεῖται
2225 1823 2318 1875 σὺν
2334 1820 2514 1880 αὑτοῖς
2528 1814 2621 1868 τοῦ
2637 1810 2770 1866 Θεοῦ
2780 1851 2794 1875 ,
2809 1811 2949 1863 ὥστε
2963 1811 3074 1871 τοῖς
3089 1805 3252 1860 αὑτοῦ
3268 1801 3624 1874 ὁμολογηταῖς

2047 1916 2229 1988 πηγὴν
2246 1913 2433 1974 ὓδατος
2458 1905 2736 1972 διανοῖξαι·
2766 1904 2860 1956 καὶ⁵
2879 1904 2907 1954 ὁ
2937 1897 3181 1964 πατάξας
3199 1896 3402 1988 πέτραν
3424 1893 3625 1988 ἐνιὲρή-

2049 1984 2153 2080 μω,
2187 1984 2282 2058 καὶ
2315 2000 2589 2073 ἐρρύησαν
2621 1996 2808 2058 ὕδατα,
2845 1991 3006 2055 αὑτὸς
3045 1989 3276 2080 ἄφθονον
3307 1986 3409 2080 καὶ
3444 1984 3625 2080 αὑτοῖς

2042 2074 2136 2151 τοὺ
2166 2095 2358 2156 ὑδατος
2391 2090 2617 2162 παρέχει
2642 2088 2740 2159 τὴν
2770 2082 3049 2156 χορηγίαν.
3087 2079 3226 2150 Ἤδη
3261 2075 3370 2148 γὰρ
3407 2074 3624 2128 πάντων

2043 2193 2112 2261 τῇ
2143 2189 2276 2258 εὐχῇ
2318 2180 2748 2256 προσκειμένων,
2787 2176 2815 2227 6
2853 2173 3195 2245 πατριάρχης
3393 2167 3620 2220 κάκεῖσε

2043 2258 2527 2350 περιϐλεψάμενος,
2552 2269 2720 2343 ἀμνόν
2745 2284 2866 2320 τινα
2892 2266 2995 2337 ὁρᾷ
3015 2264 3083 2327 ⁸³,
3107 2261 3198 2314 τὸν
3223 2258 3392 2350 δεξιὸν

2047 2345 2261 2441 ρίξοντα
2275 2345 2428 2427 πόδα,
2456 2362 2551 2416 καὶ
2581 2360 2768 2429 ὥσπερ
2789 2356 2979 2426 ἐκείνῳ
3003 2347 3389 2406 ὑποδεικνύντα
3411 2345 3471 2398 τὸ
3485 2345 3622 2398 ὑπο-

2045 2438 2292 2530 κείμενον
2338 2457 2549 2526 ἔδαφος·
2591 2451 2765 2506 οὐδενὶ
2801 2449 2910 2521 γὰρ
2935 2449 2962 2500 6
2994 2444 3163 2516 ἀμνὸς
3187 2441 3293 2495 τῶν
3330 2438 3512 2530 ἄλλωνΔ
3532 2454 3624 2490 τε-

2043 2527 2220 2601 θέατο.
2247 2546 2358 2600 Καὶ
2382 2541 2670 2615 συμϐαλὼν
2697 2540 2796 2611 τὴν
2817 2538 2936 2607 ὄψιν
2952 2537 2979 2588 6
2999 2531 3364 2605 πατριάρχης,
3391 2527 3470 2600 τῷ
3493 2527 3628 2581 ὑπο-

2042 2639 2304 2710 δειχθέντι
2337 2637 2486 2707 τόπῳ
2525 2633 2660 2706 μετὰ
2695 2630 2804 2684 τῶν
2854 2628 3132 2701 παρόντων
3180 2623 3483 2692 ἐφίσταται,
3531 2617 3625 2710 καί

2045 2707 2226 2803 φησιν’
2247 2731 2335 2783 Ἐν
2355 2728 2576 2798 ὀνόματι
2613 2722 2707 2778 τοῦ
2731 2720 2935 2791 Κυρίου
2961 2715 3120 2789 ήμῶν
3156 2711 3331 2785 Ἰησοῦ
3366 2707 3623 2803 Χριστοὺ,

2045 2801 2278 2878 ἐνταῦθά
2311 2837 2421 2892 μοι,
2446 2818 2630 2880 τέκνα,
2658 2813 2900 2900 ὀρύξατε.
2927 2811 3038 2864 Καὶ
3073 2805 3262 2876 ἐπειδὴ
3299 2803 3461 2900 αὑτόν
3485 2818 3546 2854 τε
3570 2801 3624 2900 :1

2043 2919 2134 2972 τὸν
2158 2917 2342 2978 τόπον,
2381 2915 2459 2977 εἰς
2500 2913 2557 2976 ὃν
2585 2913 2614 2964 6
2646 2893 2813 2980 ἀμνὸς
2857 2907 3060 2968 ἵστατο,
3089 2903 3180 2956 καὶ
3213 2900 3273 2953 τὸ
3299 2897 3483 2967 κύκλῳ
3519 2893 3628 2948 πᾶν

2045 3007 2438 3082 περιέσκαψαν,
2487 3001 2664 3056 λαϐὼν
2706 3001 2958 3066 σκαφεῖον
3001 2997 3029 3048 ὁ
3057 2991 3416 3064 πατριάρχης,
3444 2985 3627 3082 κρούει

2045 3077 2137 3157 τὸν
2175 3101 2338 3154 τόπον
2373 3097 2500 3152 ἔνθα
2527 3100 2555 3150 6
2603 3093 2770 3164 ἀμνὸς
2817 3088 3128 3149 ὑπεδείκνυ,
3175 3084 3361 3154 κούφῳ
3390 3081 3495 3134 τινὶ
3533 3077 3630 3132 καὶ

1974 3181 2017 3242 C
2054 3192 2310 3266 μετεώρῳ
2341 3190 2420 3261 τῷ
2445 3187 2732 3260 κρούματιο
2774 3182 2867 3237 καὶ
2898 3178 3243 3252 παραχρῆμα
3269 3173 3461 3266 διειδὲς
3484 3170 3628 3266 ὕδωρ

2048 3261 2082 3358 ή
2117 3285 2187 3356 γῆ
2354 3281 2453 3354 ήδὺ
2491 3281 2634 3333 πιεῖν
2667 3273 2968 3329 ἀναδίδωσι·
3003 3271 3098 3323 καὶ
3139 3265 3345 3358 τοῦτοζ
3359 3265 3454 3316 σὺν
3484 3261 3628 3358 ὁρμῇ

2051 3350 2298 3448 έκχύθὲν,
2329 3350 2570 3443 ποταμὸν
2602 3367 2795 3439 ἀθρόον
2837 3365 2996 3418 ποιεῖ.
3031 3361 3256 3414 Πάντων
3288 3351 3380 3409 οὖν
3410 3350 3629 3448 χαιρόνῖ

2186 3469 2278 3520 ἐπὶ
2303 3465 2382 3536 τῷ
2413 3441 2564 3518 ὑδατι
2583 3503 2598 3526 ,
2642 3462 2671 3514 6
2717 3457 3080 3529 πατριάρχης,
3122 3450 3232 3504 Τοῦ
3263 3442 3529 3515 ποταμοῦ
3558 3441 3632 3536 τὰ

2051 3530 2366 3629 ὁρμήματά.
2417 3552 2809 3623 εὐφραίνουσι
2869 3545 2982 3612 τὴν
3035 3542 3217 3595 πόλιν
3279 3535 3386 3591 τοῦ
3447 3530 3628 3594 Θεοῦ,

2051 3653 2255 3706 ἔλεγεν.

2267 3741 2310 3795 Χ
2319 3783 2330 3794 .
2350 3738 2626 3794 Ἐντεῦθεν
2638 3738 2672 3808 ή
2687 3735 2840 3798 πόλις
2850 3749 2917 3785 πε
2926 3731 2976 3803 pl.
2991 3729 3151 3783 αὑτὸν
3161 3727 3310 3779 πᾶσα
3322 3722 3630 3793 συνέρρεον,

2052 3837 2148 3892 καὶ⁹
2161 3837 2228 3906 τῇ
2241 3833 2340 3904 τῆς
2352 3825 2726 3900 πνευματικῆς
2737 3825 2949 3893 ἐκείνης
2971 3814 3312 3878 διδασκαλίας
3337 3811 3632 3906 γλυκύτητι

2055 3899 2318 3999 πρὸς
2345 3899 2520 3993 ἀληθῆ
2552 3917 2733 3992 πίστιν
2767 3915 2974 3975 πάντας
2996 3911 3252 3982 ἐπήγετο,
3270 3907 3345 3969 ὡς
3371 3904 3466 3958 καὶ
3497 3899 3629 3999 πολ-

2055 3992 2180 4082 λοὺς
2200 3992 2321 4070 ὅσαι
2341 4014 2547 4086 ἡμέραι
2565 4007 2940 4081 βαπτίζεσθαι,
2958 4005 3038 4066 είς
3053 3999 3442 4059 πεντακοσίους
3459 4011 3518 4047 τε
3541 3992 3634 4046 τὸν

2057 4107 2287 4180 ἀριθμὸν
2335 4103 2620 4173 ἀναϐῆναι,
2669 4100 2763 4153 καὶ
2787 4096 2884 4166 τὴν
2925 4093 3205 4147 εὐσέϐειαν
3245 4087 3365 4142 καθ’
3397 4086 3634 4180 έκάστην

2056 4174 2365 4254 ἐπιδιδόναι.
2393 4193 2558 4249 Οὑπω
2581 4191 2761 4244 τοίνυν
2787 4186 3032 4248 ἐνιαυτὸς
3051 4183 3148 4254 τὴν
3180 4179 3478 4250 ὑπερορίαν
3506 4174 3638 4245 ἐμέ-

2057 4309 2197 4364 τρει,
2232 4289 2328 4343 καὶ
2379 4282 2782 4355 οίκοδομοῢνται
2837 4279 2936 4350 μὲν
2977 4276 3082 4329 ὑπὸ
3103 4273 3209 4326 τῶν
3232 4269 3634 4325 πιστευσάντων

2057 4358 2339 4453 ἐκκλησίαι
2357 4379 2449 4433 τὸν
2472 4374 2701 4450 ἀριθμὸν
2728 4372 2886 4425 πέντε
2917 4369 3010 4422 καὶ
3032 4366 3414 4436 ἐϐδομήκοντα,
3434 4358 3634 4429 τεμένη

2055 4494 2116 4530 τε
2148 4473 2380 4530 εἰδώλων
2415 4471 2509 4524 καὶ¹
2546 4465 2669 4521 ναοὶ
2701 4460 3108 4533 καθαιροῦνται,
3150 4456 3244 4510 καὶ
3281 4454 3348 4507 τὰ
3383 4467 3638 4523 παραπε-

385 4567 620 4621 multum
651 4577 806 4621 terra:
825 4575 1176 4636 occupantes,
1204 4567 1345 4637 ignis
1366 4568 1625 4637 depascit,
1656 4579 1818 4638 atque
1844 4570 1959 4624 uni-

2064 4566 2272 4637 φυκότα
2296 4562 2505 4622 τούτοις
2533 4557 2692 4626 ἄλση,
2738 4555 2831 4608 ἐπὶ
2869 4551 3002 4605 πολὺ
3045 4549 3146 4620 γῆς
3183 4538 3640 4638 διικνούμενα.,-τὸ

386 4675 546 4713 versa
575 4660 941 4729 prosternitur
964 4661 1272 4714 daemonum
1307 4661 1542 4716 insania.

465 4831 698 4888 CLXXI.
737 4833 891 4890 Tunc
931 4849 1063 4905 ergo
1093 4834 1397 4890 invidiosus
1437 4845 1492 4889 et
1539 4836 1720 4906 gravis
1769 4851 1957 4890 rumor

390 4923 457 4978 ad
489 4925 833 4994 imperatoris
857 4941 1020 4981 aures
1052 4928 1319 4998 pervenit,
1354 4925 1595 4982 referens
1625 4928 1958 4983 Christiano-

390 5035 512 5072 rum
545 5027 749 5074 sectam
779 5021 832 5074 ιη
864 5021 1127 5089 majorem
1162 5019 1566 5074 multitudinem
1597 5034 1842 5074 crescere
1861 5061 1877 5085 ,
1906 5028 1960 5074 et

392 5111 626 5181 singulis
654 5111 847 5167 diebus
876 5113 1085 5181 augeri.
1112 5111 1287 5178 Quam
1316 5112 1386 5166 ob
1415 5127 1638 5166 causam
1663 5112 1753 5166 ille
1775 5113 1958 5167 statim

389 5205 739 5260 Autidianum
787 5206 1071 5277 praesidem
1121 5206 1327 5271 mittit,
1374 5205 1467 5275 qui
1497 5220 1604 5258 non
1639 5205 1816 5260 solum
1851 5219 1959 5258 non

391 5298 624 5354 ulterius
654 5299 908 5371 progredi
935 5307 1140 5354 sectam
1168 5298 1408 5362 sineret,
1440 5313 1627 5351 verum
1654 5305 1708 5352 et
1725 5297 1837 5367 jam
1868 5311 1960 5352 ca-

390 5401 514 5460 ptos
565 5392 880 5458 reduceret,
922 5398 1289 5461 avocaretque
1316 5405 1346 5444 a
1394 5389 1610 5459 pietate.
1645 5388 1742 5443 Hic
1774 5389 1959 5458 itaque

385 5491 679 5552 postquam
720 5480 1055 5538 Chersonem
1097 5479 1281 5544 venit,
1330 5479 1779 5548 Christianosque
1799 5493 1948 5532 com-

2067 4631 2180 4729 πῦρ
2206 4652 2596 4723 κατανέμεται,
2631 4648 2726 4701 καὶ
2750 4647 2898 4699 πᾶσα
2928 4642 3037 4696 τῶν
3067 4639 3334 4710 δαιμόνων
3365 4631 3639 4690 καταϐάλ-

2058 4749 2208 4802 λεται
2237 4749 2270 4817 ἡ
2305 4743 2488 4816 μανία.

2126 4835 2358 4893 CLXXI.
2371 4830 2684 4904 Τηνικαῦτα
2701 4823 2792 4883 οὖν
2809 4825 3092 4896 ἐπίφθονός
3105 4841 3162 4876 τε
3177 4822 3271 4875 καὶ
3285 4820 3473 4890 βαρεῖα
3485 4818 3640 4887 φήμη

2061 4929 2164 4992 τὰς
2187 4927 2280 4981 τοῦ
2306 4925 2568 4997 βασιλέως
2594 4921 2761 4985 ἀκοὰς
2784 4919 3090 4990 ὑποτρέχει,
3123 4911 3394 4968 ἐπιδοῦναι
3419 4909 3488 4962 τά
3511 4911 3643 4980 Χρι-

2068 5017 2296 5073 στιανῶν
2316 5019 2396 5080 εἰς
2411 5014 2610 5086 πλῆθος
2628 5011 2858 5086 ἀριθμοῦ
2892 5013 3152 5081 κρεῖττον,
3172 5006 3265 5060 καὶ
3279 5004 3395 5058 καθ’
3409 5001 3647 5068 ἑκάστην

2068 5109 2326 5178 αῠξεσθαι
2354 5109 2453 5179 τὴν
2473 5107 2686 5179 ἡμέραν
2701 5105 3044 5159 διδάσκουσα.
3065 5092 3234 5169 Ἐφ’ἱζ)
3262 5098 3328 5168 δὴ
3357 5096 3451 5150 καὶ
3474 5093 3645 5160 Ᾱὺφι-

2067 5202 2248 5256 διανὸν
2265 5199 2459 5254 αὐτίκα
2482 5198 2572 5251 τὸν
2595 5195 2837 5268 ἡγεμόνα
2856 5195 3060 5255 ἐκεῖνος
3089 5184 3382 5260 ἐκπέμπει,
3406 5185 3546 5239 ὥστε
3567 5183 3643 5255 μὴ

2073 5294 2230 5365 μόνον
2261 5292 2394 5364 μηδὲ
2436 5289 2744 5360 περαιτέρω
2773 5284 3053 5355 προελθεῖν
3081 5281 3220 5336 αὑτά
3269 5277 3642 5349 συγχωρῆσαι,

2065 5384 2202 5440 ἀλλά
2225 5385 2319 5439 καὶ
2346 5384 2470 5446 τοὺς
2493 5381 2590 5452 ήδη
2617 5378 2974 5450 χειρωθέντας
2993 5376 3374 5444 ἐπαναγαγεῖν,
3395 5370 3488 5424 καὶ
3508 5370 3647 5422 ἀπθ-

2058 5475 2255 5546 στῆσαι
2280 5474 2381 5537 τῆς
2406 5469 2705 5534 εὐσεϐείας.
2729 5463 2897 5530 Οὗτος
2923 5466 3121 5531 τοίνυν,
3145 5464 3241 5534 τὴν
3261 5460 3522 5532 Χερσῶνα
3550 5475 3644 5512 και

1691 5632 1925 5688 ἾΑΒΙίΕ
1965 5630 2358 5687 LECTIONES.

463 5780 508 5817 υ
534 5777 696 5835 Nunt.
730 5795 820 5845 xx,
854 5781 908 5836 6.
936 5779 1080 5836 Psal.
1124 5795 1330 5845 un",
1373 5777 1460 5832 20.
1539 5777 1579 5809 “
1613 5778 1682 5832 al.
1730 5775 1894 5830 inser.
1951 5769 2180 5824 ἑστῶτα.

2271 5766 2312 5796 ⁶¹
2334 5764 2484 5820 deest
2525 5764 2576 5820 in
2628 5764 2701 5819 al.
2782 5763 2905 5807 "—ﬂ
2939 5760 3083 5816 Psal.
3117 5774 3236 5824 xxv,
3265 5759 3316 5813 5.
