4032 6146
398 357 506 418 59η

1190 349 1648 408 CLEMENTINA.
1685 380 1756 391 —
1803 333 2112 402 EPITOME
2151 340 2242 396 DE
2278 340 2518 398 CESTIS
2560 339 2618 394 S.
2669 335 2890 392 PETRI.

3566 332 3666 384 593

389 471 672 536 ταλαϐὼν,
706 472 801 525 καὶ
826 470 1052 533 πολλοὺς
1079 466 1186 522 τῶν
1211 464 1551 537 Χριστιανῶν
1575 461 1798 523 πολλαῖς
1826 457 1990 530 βασά-

2097 452 2281 522 plures
2333 449 2617 507 tormentis
2672 447 2862 501 multis
2914 461 2977 501 ac
3022 444 3189 500 variis
3214 442 3414 506 aﬁ'ecit,
3448 442 3668 510 quando

392 581 514 628 νοις
543 564 640 617 καὶ
659 560 928 624 ποικίλαις
944 558 1252 620 ὑποϐαλὼν,
1270 558 1392 609 ἐπεὶ
1421 555 1631 616 πάντας
1651 553 1719 623 τῇ
1737 548 1992 622 προθέσει

395 658 685 730 μάρτυρας
702 653 1096 724 γεγενημένους
1129 650 1294 721 ἐώρα,
1313 646 1558 718 καὶπρὸς
1576 644 1802 716 μυρίους
1835 657 1994 713 παρε-

394 749 805 821 σκευασμένους
832 745 1115 808 θανάτους,
1142 741 1195 795 τί
1218 744 1390 806 ποιεῖ;
1435 737 1720 808 Ἀπέχεται
1759 735 1857 806 μέν
1897 732 1991 786 τοῦ

393 843 659 914 πλήθους,
677 835 929 897 δεδοικὼς
950 835 1024 907 μὴ
1039 834 1134 889 καὶ
1149 833 1255 887 ἀπὸ
1266 831 1360 884 τοῦ
1375 831 1561 894 τέλους
1579 827 1688 900 (24)
1711 827 1992 898 μάρτυρας

393 929 653 990 πλείονας
676 927 996 998 ἐργάσηται·
1030 925 1122 977 τὸν
1146 921 1316 975 αἴτιον
1347 921 1404 973 δὲ
1433 921 1592 991 μόνον
1618 916 1858 980 κολάζει,
1886 915 1982 969 καὶ

393 1019 581 1074 πάντα
607 1019 775 1090 θυμὸν
812 1017 955 1072 κατά
997 1017 1099 1087 τῆς
1149 1014 1422 1088 μακαρίας
1464 1012 1679 1082 ἐκείνης
1712 1008 1808 1062 τοῦ
1841 1007 1989 1078 Κλή-

397 1127 598 1181 μεντος
639 1110 831 1180 ἀφίησι
873 1109 1134 1178 κεφαλῆς.
1185 1105 1401 1176 Ἐπειδὴ
1429 1105 1486 1158 δὲ
1531 1103 1709 1157 πάντα
1742 1096 1812 1172 ἦν
1844 1096 1992 1168 αὑτῷ

401 1198 613 1269 κοῦφα,
658 1201 752 1252 καὶ
790 1201 870 1263 είς
908 1198 1059 1252 οὐδὲν
1101 1196 1446 1267 λογιζόμενα,
1478 1195 1573 1248 καὶ
1606 1193 1700 1262 ἀφ’
1725 1184 1799 1244 ὧν
1832 1186 1993 1242 αὐτὸν

394 1291 613 1362 ἔπασχε
660 1291 858 1362 μᾶλλον
905 1289 1125 1344 πλείονα
1169 1292 1282 1352 τοῖς
1335 1289 1516 1350 ἄλλοις
1556 1285 1846 1358 παρείχετο
1894 1285 1994 1356 τὴν

396 1385 726 1454 ἀσφάλειαν,
768 1382 1028 1454 σύντομον
1073 1382 1394 1452 ἀπαλλαγὴν
1434 1379 1581 1450 αὐτῷ
1611 1378 1706 1433 τοῦ
1737 1377 1851 1449 βίου
1887 1379 1981 1431 καὶ

395 1478 629 1546 ταχεῖαν
678 1475 996 1536 ἐπινοεῖται,
1041 1473 1136 1526 καὶ
1169 1474 1250 1536 είς
1285 1472 1456 1543 μέσην
1479 1471 1568 1523 τὸν
1606 1470 1858 1541 μάρτυρα
1894 1469 1992 1540 τὴν

402 1567 684 1622 θάλασσαν
713 1563 960 1635 ἀγαγὼν,
997 1565 1092 1618 καὶ¹
1120 1564 1368 1636 ἄγκυραν
1404 1564 1628 1636 σιδηρᾶν
1668 1561 1764 1616 τοῦ
1788 1561 1996 1634 τραχή-

399 1657 500 1713 λου
520 1658 774 1729 ἐκδήσας,
805 1657 1025 1728 καθίησι
1068 1657 1146 1728 τῷ
1187 1655 1352 1728 βυθῷ,
1395 1657 1543 1720 ὅπως
1579 1654 1713 1726 μηδὲ
1750 1653 1997 1724 λείψανον

403 1749 640 1812 ἐκείνου,
672 1749 857 1820 φησὶν,
882 1745 1228 1820 ὑπολειφθείη
1253 1749 1618 1819 Χριστιανοῖς.

480 1859 737 1915 CLXXII.
782 1860 918 1913 Ἀλλ’
935 1862 963 1914 ὁ
981 1861 1079 1932 μὲν
1110 1859 1334 1932 ἔρριπτο
1350 1858 1493 1914 κατά
1505 1858 1598 1912 τοῦ
1617 1857 1903 1928 πελάγους·
1930 1859 1990 1912 τὸ

405 1952 468 2006 δέ
479 1951 928 2024 τῶνΧριστιανῶν
946 1952 1148 2025 πλῆθος
1162 1953 1256 2005 ἐπὶ
1269 1951 1362 2006 τοῦ
1377 1951 1625 2020 αἰγιαλοῦ
1640 1950 1991 2024 ἐστὼς,ἐθρή-

406 2060 532 2096 νουν
549 2043 1178 2117 ἐλεεινῶς,ὠλοφύροντο,
1189 2046 1281 2098 καὶ
1295 2046 1411 2098 οἱκτ
1420 2042 1670 2114 ροτάταις
1685 2045 1890 2112 φωναῖς
1906 2043 1990 2096 άν-

406 2135 639 2190 εκάλουν
675 2136 766 2189 τὸν
813 2138 1177 2209 πατριάρχην.
1199 2136 1500 2209 Κορνήλιος
1525 2135 1583 2188 δέ
1603 2136 1698 2188 καὶ
1717 2135 1907 2198 Φοῖϐος
1937 2137 1988 2188 οἱ

412 2223 653 2296 μαθηταὶ
697 2225 815 2288 οἵας
865 2225 928 2278 τὸ
976 2226 1147 2289 πάθος
1199 2226 1398 2297 ἀπῄτει
1455 2225 1638 2296 φωνὰς
1687 2227 1781 2280 κα)⁸
1836 2227 1989 2280 αὐτοὶ

411 2313 664 2384 βοῶντες,
702 2315 798 2369 καὶ
841 2316 941 2369 οὐκ
986 2315 1202 2387 ἔχοντες
1241 2317 1270 2368 ὃ
1302 2333 1353 2368 τι
1382 2317 1482 2386 τῆς
1521 2319 1804 2389 συμφορᾶς
1833 2319 1990 2388 ποιή-

412 2420 597 2458 σονται
629 2405 972 2478 παραμύθιον
992 2447 1008 2472 ,
1039 2406 1339 2479 Εὺξώμεθα
1381 2409 1580 2472 πάντες
1611 2408 1986 2481 ὁμοθυμαδὸν,

411 2490 588 2560 εἷπον,
625 2497 767 2551 ὥστε
797 2497 900 2553 κᾶν
926 2499 1302 2570 ἀναδειχθῆναι
1334 2502 1466 2572 ἡμῖν
1493 2501 1554 2554 τὸ
1585 2500 1680 2554 τοῦ
1717 2501 1989 2574 μάρτυρος

409 2587 682 2658 λείψανον.
717 2592 826 2644 Καὶ
855 2592 1303 2663 προσευχομένων
1333 2594 1540 2654 αὐτῶν,
1571 2591 1616 2644 ὣ
1650 2592 1759 2646 τῶν
1819 2594 1991 2664 μεγά-

412 2680 522 2732 λων
557 2697 671 2746 σου,
699 2681 944 2735 Δέσποτα
962 2723 978 2748 ,
1007 2683 1304 2754 τεραστίων
1320 2684 1387 2750 ⁸⁸,
1423 2683 1910 2756 θαυματουργεῖταί
1934 2701 1988 2736 τι

411 2772 690 2826 κάνταῦθα
713 2774 758 2806 ⁸⁸
788 2774 919 2838 Θεὸς
941 2773 1034 2826 τοῦ
1072 2774 1313 2838 Μωσέως
1333 2775 1778 2846 παραδοξότερον.
1827 2775 1989 2828 Ὑπο-

409 2863 603 2936 φεύγει
622 2865 720 2936 μὲν
736 2865 888 2938 γάρὴ
918 2865 1158 2920 θάλασσα
1183 2866 1510 2938 προσωτέρω
1537 2866 1783 2929 σταδίους
1805 2865 1987 2937 σχεδὸν

407 2957 512 3010 οῦκ
536 2957 790 3021 ἐλάττους
816 2957 924 3010 τῶν
955 2958 1154 3012 εἴκοσι.
1187 2958 1581 3030 Προσελθόντες
1609 2957 1666 3011 δέ
1693 2958 1756 3011 τὸ
1785 2957 1988 3029 πλῆθος

401 3049 500 3104 διὰ
529 3049 692 3121 ξηροῦ
716 3049 808 3103 τοῦ
839 3050 1068 3120 ἐδάφους
1085 3069 1098 3081 ·
1130 3051 1230 3122 τῆς
1254 3051 1572 3121 θαυμαστῆς
1590 3067 1682 3103 σου
1698 3049 1984 3115 καὶτοῦτο,

2098 560 2288 602 omnes
2339 541 2618 614 pr0posito
2647 551 2699 593 et
2735 538 3035 592 intentione
3081 545 3352 607 martyres
3389 534 3559 587 fuisse
3589 533 3668 582 vi-

2092 641 2205 706 dit,
2231 645 2560 709 paratosque
2588 648 2711 688 esse
2741 633 2826 686 ad
2876 631 3020 685 mille
3065 639 3270 684 mortes
3290 668 3304 691 ,
3338 626 3467 696 quid
3502 623 3669 678 facit?

2092 733 2346 788 Abstinet
2377 730 2595 801 quidem
2627 743 2657 779 a
2687 726 2909 796 p0pulo,
2946 723 3152 778 veritus
3177 737 3244 775 ne
3267 721 3429 775 etiam
3463 733 3530 771 ex
3551 715 3667 785 pri-

2093 825 2340 880 moribus
2377 823 2580 878 multos
2629 819 2833 874 faceret
2887 825 3153 886 martyres
3181 833 3192 867 :
3225 813 3400 868 solum
3425 826 3554 865 vero
3577 824 3671 862 au-

2094 926 2302 973 ctorem
2346 912 2640 983 reprimit,
2674 923 3000 978 omnemque
3048 907 3286 960 furorem
3323 901 3566 956 immittit
3611 901 3667 954 in

2093 1008 2314 1062 beatum
2367 1004 2499 1058 illud
2561 1000 2855 1058 Clementis
2903 1006 3085 1066 caput.
3135 992 3304 1048 Porro
3359 1007 3484 1046 cum
3540 989 3670 1043 huic

2093 1098 2277 1155 omnia
2303 1105 2486 1152 essent
2510 1094 2653 1149 levia
2680 1101 2733 1148 et
2773 1090 2978 1146 nullius
3003 1083 3295 1146 momenti,
3326 1081 3458 1152 quin
3489 1081 3670 1150 potius

2100 1208 2167 1248 ex
2181 1192 2260 1244 eis
2273 1204 2395 1259 quae
2419 1188 2533 1258 ipse
2555 1185 2880 1256 patiebatur,
2900 1179 3110 1236 exteris
3127 1177 3393 1247 praeberet
3408 1172 3669 1241 majorem

2095 1280 2348 1335 ﬁduciam
2367 1319 2381 1342 ,
2417 1279 2635 1333 brevem
2665 1276 2714 1331 ei
2744 1283 2794 1330 et
2820 1273 3051 1328 celerem
3074 1270 3342 1339 excogitat
3366 1265 3670 1320 discessum

2095 1371 2297 1436 evita,
2333 1380 2496 1440 atque
2533 1368 2774 1423 adducto
2822 1373 3059 1434 martyre
3109 1362 3163 1414 in
3217 1357 3455 1414 medium
3498 1369 3671 1420 mare,

2096 1463 2449 1532 anchoraque
2480 1459 2653 1514 ferrea
2701 1458 2768 1513 ad
2793 1456 2993 1512 collum
3022 1454 3141 1524 ejus
3171 1451 3426 1521 religata,
3463 1448 3515 1500 in
3547 1461 3674 1517 pro-

2098 1552 2328 1608 fundum
2352 1551 2588 1606 demittit
2629 1567 2643 1603 :
2677 1545 2777 1614 Ne,
2814 1545 3010 1616 inquit,
3035 1543 3186 1598 illius
3209 1541 3293 1596 vel
3319 1538 3563 1608 reliquiae
3588 1552 3674 1591 re-

2099 1655 2356 1700 maneant
2384 1643 2733 1700 Christianis.

2019 1811 2063 1866 Β
2162 1843 2417 1901 CLXXII.
2447 1846 2624 1914 Atque
2654 1841 2744 1897 ille
2767 1841 2989 1911 quidem
3026 1840 3080 1893 in
3113 1837 3362 1909 pelagum
3400 1812 3676 1905 projectus

2091 1946 2175 1993 est
2227 1955 2241 1991 :
2286 1934 2724 1991 Christianorum
2768 1941 2950 1988 autem
2995 1929 3321 1993 multitudo,
3385 1927 3438 1981 in
3495 1927 3677 1981 littore

2093 2039 2266 2095 stans,
2296 2025 2715 2091 lamentabatur,
2749 2025 2946 2079 misere
2983 2021 3244 2092 ejulabat,
3272 2027 3325 2074 et
3351 2016 3674 2072 miserandis

2093 2121 2386 2176 admodum
2413 2119 2638 2174 vocibus
2671 2115 3001 2172 inclamabat
3037 2112 3426 2183 patriarcham.
3465 2109 3674 2163 Corne-

2093 2213 2202 2267 lius
2231 2227 2362 2266 vero
2386 2219 2440 2265 et
2458 2209 2698 2265 Phoebus
2729 2205 3003 2276 discipuli,
3027 2205 3216 2275 quales
3245 2217 3406 2256 voces
3441 2201 3494 2254 id
3529 2199 3678 2269 quod

2093 2303 2470 2375 perferebatur
2493 2300 2820 2370 postulabat,
2853 2307 2907 2352 et
2930 2297 3030 2366 ipsi
3062 2311 3156 2366 per
3186 2295 3479 2348 clamorem
3511 2293 3675 2346 emit-

2097 2407 2242 2465 tunt,
2270 2411 2372 2451 nec
2401 2395 2604 2449 habent
2631 2408 2796 2464 quam
2825 2389 3128 2446 infortunio
3161 2385 3388 2442 aﬂ’eraut
3419 2383 3678 2440 consola—

2092 2490 2318 2555 tionem,
2353 2497 2516 2557 atque
2560 2486 2715 2540 aiunt
2750 2507 2762 2540 :
2797 2482 3029 2538 Oremus
3059 2481 3237 2535 cuncti
3267 2493 3376 2532 uno
3400 2477 3675 2541 animo,ut

2092 2582 2251 2636 nobis
2280 2579 2598 2650 ostendatur
2625 2576 2878 2647 martyris
2908 2589 3128 2644 corpus.
3167 2571 3232 2625 Et
3267 2587 3392 2626 cum
3429 2575 3671 2630 orarent,

2093 2686 2126 2725 ο
2163 2686 2360 2741 magna
2395 2678 2487 2724 tua
2527 2666 2813 2733 miracula,
2862 2664 3121 2719 Domine!
3171 2663 3243 2716 ibi
3290 2660 3434 2714 Deus
3472 2657 3679 2726 aliquid

2091 2762 2300 2832 majore
2335 2759 2699 2816 admiratione
2735 2758 2960 2828 dignum
2988 2755 3126 2820 edit,
3162 2768 3326 2823 quam
3369 2751 3515 2822 quod
3549 2748 3667 2802 Mo-

2093 2869 2182 2908 ses
2211 2852 2277 2907 ⁶⁷.
2309 2851 2523 2907 Etenim
2553 2864 2704 2904 mare
2733 2849 2926 2918 procul
2957 2845 3160 2902 recedit
3183 2845 3374 2916 viginti
3422 2843 3532 2896 fere
3567 2851 3680 2895 sta-

2091 2947 2200 3002 dia.
2228 2945 2508 3001 Accedens
2547 2951 2729 2998 autem
2762 2943 2914 3012 plebs
2944 2957 3039 3010 per
3065 2941 3272 2994 siccum
3310 2939 3488 2993 solum
3511 2976 3525 2999 ,
3575 2936 3681 2991 hoc

2092 3053 2311 3110 quoque
2338 3035 2602 3091 mirabilis
2628 3043 2735 3089 tuae
2755 3032 3026 3103 potentiae,
3051 3029 3269 3086 Christe
3291 3031 3303 3083 !
3325 3030 3531 3083 invenit
3551 3026 3683 3096 lapi-

399 3114 646 3212 Χριστέ,
672 3114 980 3211 δυνάμεως·
1011 3114 1324 3212 εὑρίσκουσι
1363 3114 1539 3193 λίθον.
1573 3141 1628 3192 ἐν
1675 3139 1807 3192 εῖδει
1856 3139 1987 3192 ναοῦ

2098 3127 2244 3191 dem,
2281 3127 2334 3179 in
2361 3125 2536 3179 forma
2568 3123 2752 3193 templi
2782 3123 2850 3176 ab
2883 3120 3143 3175 ineﬁabili
3169 3129 3258 3174 tua
3292 3117 3559 3187 sapientia
3599 3114 3680 3170 cf—

403 3208 568 3304 τταρά
593 3233 692 3304 τῆς
722 3208 821 3302 σῆς
848 3208 1160 3304 ἀπορρήτου
1189 3233 1378 3300 σοφίας
1404 3232 1791 3304 πεποιημένον,
1819 3233 1912 3286 καὶ
1935 3232 1990 3285 τὸ

2102 3218 2327 3282 fectum,
2355 3224 2408 3270 et
2432 3215 2686 3286 martyris
2727 3229 2926 3281 corpus
2954 3211 3243 3281 magniﬁce
3275 3210 3326 3261 in
3367 3223 3433 3262 eo
3465 3208 3675 3276 jacens,

409 3298 1344 3396 μαρτυρικδν’σῶμαλα-μπρῶς-ἐν
1378 3323 1528 3394 αὐτῷ
1575 3298 1859 3395 κείμενον,
1905 3327 1990 3379 καλ

2100 3322 2431 3380 gravemque
2458 3306 2602 3360 illam
2627 3303 2918 3358 anchoram
2948 3301 3193 3372 proxime
3215 3314 3406 3354 saxum
3430 3308 3482 3352 et
3505 3298 3677 3366 ipsam

410 3417 514 3486 τῆν
543 3415 768 3486 βαρεῖαν
795 3415 1012 3485 ἐκείνην
1045 3413 1291 3487 ἄγκυραν
1311 3455 1326 3478 ,
1357 3414 1586 3484 ἔγγιστά
1615 3432 1719 3468 που
1737 3414 1830 3468 τοῦ
1846 3414 1997 3468 λίθου

414 3505 513 3560 καὶ
541 3505 712 3575 αὐτὴν
743 3520 829 3557 κει
837 3503 1024 3574 μένην.

475 3615 757 3672 CLXXIII.
809 3618 948 3671 Ἀλλ’
970 3617 1328 3690 ἀπεκαλύφθη
1357 3617 1640 3690 Κορνηλίῳ
1668 3619 1763 3672 καὶ
1788 3618 1962 3690 Φοίδῳ
1980 3659 1994 3684 ,

2099 3402 2358 3473 positam.

2172 3589 2448 3658 CLXXIII.
2483 3598 2589 3654 Sed
2630 3595 2886 3654 Cornelio
2917 3605 2970 3648 et
2995 3591 3200 3646 Phoebo
3246 3589 3540 3644 revelatum
3572 3596 3675 3652 est,

420 3708 559 3763 ὥστε
581 3709 654 3781 μὴ
669 3710 728 3764 τὸ
742 3711 989 3781 λείψανον
1010 3710 1217 3764 ἐκεῖθεν
1233 3680 1622 3782 μετακινῆσαι,
1648 3710 1824 3774 καλῶς
1839 3711 1897 3764 ἐν

2098 3712 2166 3751 ne
2206 3695 2355 3749 illinc
2392 3691 2751 3747 transferrent
2781 3702 3010 3757 corpus,
3043 3683 3185 3755 quod
3225 3681 3478 3752 praeclare
3514 3680 3677 3735 situm

420 3800 566 3872 βυθῷ
582 3777 857 3874 -κείμενονλ
881 3803 974 3856 καὶ
995 3803 1076 3856 ὅτι
1097 3777 1456 3873 καθ’ἑκάστην
1472 3777 1718 3854 ἐνιαυτοῦ
1734 3818 1800 3854 πε
1806 3777 1990 3873 ριτροξ

2098 3798 2217 3844 erat
2241 3789 2296 3842 in
2324 3785 2598 3857 profundo
2627 3803 2640 3851 ;
2669 3799 2733 3837 ac
2763 3781 2878 3836 fore
2917 3788 2976 3833 ut
3001 3794 3095 3849 per
3121 3777 3364 3847 singulos
3407 3789 3676 3830 annorum

418 3891 526 3963 πὴν
584 3892 734 3964 ἐντῷ
784 3893 960 3966 καιρῷ
1005 3895 1104 3964 τῆς
1159 3892 1251 3946 τοῦ
1313 3893 1586 3964 μάρτυρος
1625 3891 1990 3958 τελειώσεως,

2098 3881 2380 3944 circuitus,
2419 3887 2662 3946 tempore
2687 3889 2796 3944 quo
2822 3882 3024 3943 martyr
3057 3879 3232 3923 morte
3261 3876 3678 3922 consummatus

419 3960 765 4054 ὑποχωρήσει
789 3960 917 4054 παρ’
933 3960 1071 4046 ’ὅλας
1096 3982 1235 4036 ἑπτὰ
1264 3960 1475 4054 ἡμέρας
1491 3960 1604 4046 τοῖς
1623 3982 1937 4054 προσιοῦσιν
1962 3985 1990 4054 ή

2096 3982 2208 4039 est,
2257 3987 2409 4026 mare
2449 3967 2764 4024 adventuris
2798 3965 3012 4020 cederet
3049 3977 3142 4032 per
3184 3969 3387 4030 septem
3437 3960 3677 4029 integros

417 4052 682 4135 θάλασσα,
702 4072 836 4144 πεζῇ
852 4052 944 4127 καὶ
959 4073 1123 4144 βάδην
1139 4052 1322 4138 αὐτοῖς
1342 4052 1503 4146 μέχρι
1514 4073 1609 4127 τοῦ
1625 4052 1878 4144 λειψάνου
1893 4052 1990 4146 τὴν

2096 4064 2234 4129 dies,
2273 4052 2718 4132 permittéretque
2768 4058 2874 4111 illis
2904 4055 3113 4109 aditum
3155 4052 3384 4122 pedibus
3426 4060 3480 4106 et
3531 4052 3677 4104 lento

417 4163 652 4235 πάροδον
665 4165 1236 4236 ἐπιτρέπουσα.”οπερ
1255 4144 1484 4238 ἐτησίως
1500 4164 1558 4229 ἐξ
1572 4165 1779 4233 ἐκείνου
1794 4167 1893 4236 καὶι
1916 4144 1990 4230 είς

2098 4157 2267 4228 gradu
2296 4169 2469 4225 usque
2496 4153 2560 4208 ad
2587 4167 2805 4221 corpus.
2841 4148 2996 4215 Quod
3030 4146 3310 4202 annuatim
3337 4145 3405 4198 ab
3429 4144 3520 4198 illo
3550 4154 3679 4197 tent-

415 4254 576 4326 δεῦρο
595 4256 847 4321 τελεῖται,
877 4256 974 4328 τὴν
999 4257 1290 4330 ἐπιδημίαν
1316 4258 1414 4329 τῆς
1442 4258 1603 4311 αὑτοῦ
1633 4259 1852 4330 μνήμης
1881 4255 1990 4331 (25)

2095 4265 2225 4320 pore
2289 4249 2466 4303 adhuc
2510 4244 2822 4317 perﬁcitur,
2869 4243 3138 4311 habetque
3180 4241 3324 4294 velut
3352 4238 3676 4308 praeﬁnitum

416 4345 580 4399 οἱονεί
617 4363 739 4399 τινα
766 4347 889 4418 ὅρον
919 4346 1040 4416 ἕχον
1069 4347 1164 4400 καὶ
1197 4347 1552 4419 προθεσμίαν.
1598 4347 1873 4402 Ἐντεῦθεν
1906 4349 1990 4401 αἴ-

2095 4341 2388 4395 terminum
2415 4355 2479 4394 ac
2499 4340 2860 4410 praestitutum
2891 4349 3101 4410 tempus
3119 4339 3409 4392 adventum
3435 4350 3678 4390 commc-

423 4452 570 4506 ρεσις
597 4439 724 4510 παρ’
749 4439 930 4501 αὐτοῖς
953 4431 1122 4504 πᾶσα,
1153 4441 1247 4492 καὶ
1270 4439 1589 4512 ἐλληνισμὺς
1611 4440 1988 4504 καταλέλυται,

2095 4431 2420 4488 morationis
2447 4431 2724 4502 martyris.
2749 4431 2886 4486 Hinc
2910 4433 3087 4487 omnis
3117 4432 3259 4501 apud
3297 4445 3392 4484 eos
3429 4428 3670 4494 haeresis,

417 4496 632 4581 τῶν-ἐν
675 4496 742 4600 τῇ
784 4528 880 4581 τοῦ
911 4496 1204 4601 ⁷μάρτυρος
1249 4496 1437 4603 μνήμῃ
1485 4496 1828 4602 τελουμένων
1876 4496 1990 4585 ἐκεῖ

2097 4533 2150 4579 et
2178 4523 2363 4578 Grazca
2389 4524 2580 4594 religio
2602 4539 2788 4580 eversa
2814 4533 2897 4579 est
2921 4544 2934 4592 ;
2977 4541 3098 4579 cum
3132 4525 3286 4594 signa
3318 4530 3371 4577 et
3411 4521 3672 4576 miracula

421 4618 662 4687 σημείων
701 4620 794 4671 καὶ
831 4618 939 4672 τῶν
983 4619 1275 4690 θαυμάτων
1325 4621 1405 4682 είς
1447 4620 1738 4689 ἐπίγνωσιν
1788 4620 1990 4684 πάντας

2101 4631 2224 4686 (τηε
2248 4615 2323 4669 ibi
2363 4615 2417 4670 in
2452 4617 2714 4671 memoria
2757 4618 3012 4688 martyris
3047 4617 3315 4679 eduntur,
3355 4623 3579 4669 cunctos
3607 4617 3676 4673 ad

420 4711 931 4778 χειραγωγούντων,
974 4711 1070 4763 καὶ
1107 4710 1361 4782 καθαρῶς
1400 4712 1700 4780 ἐναγόντων
1731 4712 1870 4784 πρὸς
1897 4711 1990 4783 τὴν

2099 4711 2464 4781 cognitionem
2501 4711 2792 4775 adducant,
2822 4720 2876 4765 et
2898 4710 3055 4779 plane
3087 4710 3154 4764 ad
3177 4709 3458 4762 veritatem
3487 4708 3670 4776 impel~

418 4800 693 4872 ἀλήθειαν.
725 4803 910 4856 Οὐδενὶ
940 4803 1046 4875 γὰρ
1068 4803 1111 4834 ⁸³
1152 4803 1257 4856 ὑπό
1298 4819 1442 4866 τινος
1480 4805 1776 4876 ἀνηκέστου
1825 4803 1990 4856 κακοῦ

2099 4804 2235 4858 lant.
2261 4801 2634 4856 Neminienim
2658 4802 2877 4856 illorum
2901 4802 2994 4871 qui
3019 4799 3301 4854 insanabili
3327 4799 3508 4872 aliquo
3532 4800 3674 4853 malo

423 4892 776 4963 πιεζομένων,
806 4895 906 4965 τῆς
933 4864 1028 4947 τοῦ
1060 4893 1252 4957 ὓδατος
1281 4864 1489 4947 ἐκείνου
1524 4864 1874 4966 μεταλήψεως
1903 4897 1990 4948 καὶ

2101 4906 2494 4966 premerentur,
2529 4894 2637 4948 alia
2669 4909 2726 4948 re
2757 4909 2921 4963 quam
2963 4908 3117 4963 aqua:
3146 4891 3288 4947 illius
3334 4864 3676 4962 perceptione

1725 5025 1959 5081 VARLE
1999 5025 2399 5081 LECTIONES.

494 5139 539 5170 ⁸⁵
565 5138 638 5198 al.
672 5138 1007 5210 θαυμασίων.
1084 5137 1128 5170 ⁸⁸
1165 5139 1318 5194 deest
1364 5139 1420 5192 in
1457 5139 1528 5192 al.
1605 5139 1647 5170 ⁸⁷
1679 5139 1849 5195 Exod.
1889 5155 2000 5196 xlv.
2062 5139 2107 5172 ⁸⁸
2131 5141 2202 5195 al.
2247 5141 2414 5197 inser.
2446 5141 2575 5196 τῶν.

1750 5277 2111 5335 VARIORUM
2147 5279 2377 5334 ΝΟΤᾸΞ.

2100 5417 2257 5485 ἁγίου
2286 5417 2490 5488 μνήμῃ.
2526 5413 2662 5488 Male
2704 5427 2833 5488 ergo
2875 5413 3016 5488 apud
3069 5410 3433 5488 Nicephorum
3459 5407 3672 5488 mals!

2098 5478 2205 5558 ista
2246 5478 2555 5558 παράδοξον
2581 5485 2638 5537 δέ
2667 5501 2720 5535 τι
2749 5478 2848 5558 τῆς
2877 5478 3094 5558 μνήμης
3135 5478 3490 5558 ἐνισταμένης
3507 5478 3674 5558 ,αὑτῴ

2101 5550 2424 5624 ἐπιγίνετάι,
2473 5565 2754 5609 verterunt
2796 5550 2910 5607 Sic':
2944 5550 3019 5607 De
3046 5550 3148 5622 quo
3177 5567 3334 5624 supra
3375 5550 3671 5624 opinionem

2101 5619 2374 5695 praesentis
2430 5627 2716 5695 memorin
2768 5625 3023 5693 quiddam
3058 5619 3332 5695 'accidit._
3376 5619 3521 5690 Lego
3571 5633 3670 5684 ego

2102 5691 2288 5760 αὐτοῦ,
2320 5708 2374 5750 ct
2397 5697 2644 5765 explica:
2676 5691 2869 5748 Editur
2903 5704 3075 5747 autem
3109 5691 3444 5765 miraculum,
3467 5693 3668 5758 quoties

2101 5769 2346 5822 adventat
2375 5763 2481 5821 dies
2509 5784 2608 5838 quo
2641 5767 2785 5818 illius
2816 5767 3067 5819 memoria
3096 5764 3407 5818 celebratur.
3437 5763 3574 5814 Cor.

494 5415 794 5498 (?4)_'Azd
825 5417 930 5498 τοῦ
973 5415 1204 5498 τέλους.
1243 5415 1326 5469 Ea:
1367 5415 1707 5486 primoribus.
1739 5415 1836 5470 Vel
1864 5431 1990 5471 cum

422 5485 698 5545 Perionio.
736 5490 965 5540 tandem.
1001 5486 1139 5542 Cor.

497 5556 621 5636 (2§)_
654 5556 767 5636 Tﬁq
787 5555 1256 5636 αρτοῇέιγήμης.
1285 5557 1427 5636 Infra
1450 5557 1693 5636 Martyrii
1709 5557 1991 5636 'num._2_5,

423 5629 482 5710 ἐν
510 5630 576 5697 τῇ
598 5627 908 5710 quem-17;;
932 5625 1213 5710 ἀθλήσεως
1242 5628 1432 5710 αὐτοὶ
1454 5625 1610 5693 Acta,
1634 5636 1692 5709 et
1709 5627 1994 5710 Frcculfus

422 5698 506 5768 die
563 5699 821 5766 passionis
892 5699 1026 5766 ejus.
1095 5698 1356 5768 Gregorio
1391 5698 1738 5753 Turonensi:
1810 5700 1864 5750 in
1908 5698 1995 5768 die

426 5767 773 5821 solemnitatis
803 5769 936 5834 ejus.
982 5770 1151 5824 Graeci
1191 5767 1254 5822 ad
1290 5772 1358 5823 ιιι
1421 5769 1678 5825 Novemb.
1718 5773 1773 5824 ἐν
1803 5771 1868 5838 τῇ
1898 5767 1991 5821 τοῦ
