4066 6140
423 293 529 353 599
1191 324 1196 328 -
1307 290 1363 348 S.
1402 283 1794 363 CLEMEN’HS
1837 285 1856 340 1
1892 282 2059 341 ROM.
2100 281 2303 339 PONT.
2341 282 2572 343 OPERA
2605 284 2835 343 DUBIA.
3580 288 3687 346 600

416 420 474 466 et
520 410 836 478 aspersione
878 424 1018 481 opus
1048 409 1151 479 fuit
1198 408 1265 465 ad
1299 410 1472 465 morbi
1520 424 1644 464 eum
1684 406 1987 478 occupanti:

2101 402 2195 456 τοῦ
2220 402 2516 476 ῥαντισμοῦ
2543 405 2702 460 πλέον
2725 404 2932 479 ἐδέησε,
2961 404 3099 479 πρὸς
3121 403 3220 478 τὴν
3243 403 3338 459 τοῦ
3364 403 3686 477 κατέχοντος

418 502 815 570 δυρηιεεοηρηι,
2097 495 2261 549 αὐτὸν
2293 495 2500 561 πάθους
2528 497 2867 571 ἀπαλλαγήν.

489 592 771 650 CLXXIV.
813 594 919 653 Sed
951 596 1066 651 haec
1099 594 1321 667 quidem
1354 595 1483 650 talia
1514 602 1676 659 sunt,
1704 604 1758 648 et
1785 592 1859 647 ita
1892 591 1987 645 ha-

2152 585 2431 644 CLXXIV.
2459 588 2617 643 Ἀλλά
2629 589 2801 644 ταῦτα
2818 591 2917 663 μὲν
2928 590 2991 665 δὴ
3005 590 3231 646 τοιαῦτα
3246 589 3340 645 καὶ
3353 588 3526 654 οὕτως
3540 588 3685 661 Ξχσνυ

419 685 582 741 bent:
614 686 746 743 illud
776 704 905 743 vero
937 688 1097 759 longe
1125 686 1322 756 majus,
1355 685 1740 756 sulliciensque
1771 682 1839 739 ad
1863 699 1995 739 con-

418 777 686 849 ﬁrmanda
723 779 1105 852 praecedentia.
1142 777 1280 833 Nam
1310 795 1459 845 cum,
1491 788 1550 833 ut
1579 778 1833 848 superior
1864 792 1993 833 ora-

419 874 497 929 tio
525 874 851 940 declaravit,
886 873 1196 945 iii-pelagus
1232 881 1441 943 martyr
1478 870 1762 926 immissus
1790 877 1904 935 est,
1940 879 1996 924 et

416 964 473 1020 in
512 965 669 1029 sinus
709 980 976 1038 aquarum
1022 964 1336 1035 projectus,
1382 970 1546 1032 atque
1581 976 1733 1016 mare
1773 960 1993 1032 longius

413 1057 718 1124 abscessit,
747 1058 877 1125 dum
904 1057 1060 1129 quasi
1093 1058 1195 1137 sub
1220 1056 1413 1127 pedem
1443 1056 1537 1110 dat
1564 1055 1745 1110 locum
1765 1095 1782 1119 ,
1819 1063 1875 1109 et
1904 1055 1993 1107 in-

413 1152 519 1208 dex
560 1152 810 1222 corporis
853 1138 1177 1221 mirabiliter
1210 1149 1476 1216 eﬂlcitur,
1520 1164 1586 1203 ac
1627 1148 1831 1203 volenti
1862 1146 1993 1203 facit

414 1251 741 1314 potestatem
776 1244 1055 1314 gradiendi
1093 1226 1187 1313 per
1216 1241 1586 1314 profundum;
1620 1241 1813 1312 ingens
1844 1249 1991 1296 certe

412 1335 854 1393 Christianorum
887 1336 1180 1401 multitudo
1217 1344 1348 1397 tunc
1377 1334 1444 1389 ad
1489 1335 1739 1405 corporis
1776 1344 1992 1407 specta-

413 1429 598 1501 culum
645 1430 993 1499 properabat.
1041 1427 1235 1483 Postea
1282 1443 1414 1483 vero
1454 1437 1508 1481 ct
1553 1427 1829 1482 maximus
1872 1426 1990 1482 dies

413 1522 587 1587 festus
620 1523 948 1583 miraculum
981 1522 1235 1588 induxit;
1273 1529 1369 1575 aut
1398 1520 1582 1591 potius
1613 1520 1716 1576 hoc
1746 1520 1989 1575 miracu-

411 1613 523 1667 lum
556 1611 701 1667 diem
737 1612 933 1666 festum
965 1611 1176 1675 elfecit;
1213 1611 1361 1681 quod
1393 1626 1523 1674 non,
1545 1612 1710 1665 semel
1744 1611 1986 1686 editum,

409 1706 607 1761 deinde
637 1705 820 1769 desiit,
858 1705 953 1760 sed
986 1720 1080 1774 per
1116 1702 1548 1774 unumquodque
1578 1703 1705 1757 anni
1741 1705 1989 1759 curricu-

410 1800 523 1857 lum
577 1798 965 1873 perliciebatur
1008 1798 1199 1855 eodem
1253 1797 1448 1863 modo,
1498 1795 1726 1866 piasque
1772 1797 1987 1851 animas
2019 1768 2060 1827 Β

409 1891 745 1953 convocabat
787 1890 854 1944 ad
898 1889 1141 1959 epulum.
1186 1886 1322 1942 Cum
1354 1886 1606 1958 equidem
1640 1888 1755 1943 [nec
1790 1887 1863 1942 ita
1899 1904 1987 1943 es-

409 1993 551 2050 sent,
581 1992 636 2039 et
660 1999 851 2040 omnes
876 1984 1021 2042 circa
1051 1981 1384 2037 Cbersoncm
1414 1979 1715 2035 Christiani
1743 1982 1808 2037 ad
1834 1983 1987 2038 mira:

408 2077 485 2141 rei
532 2076 829 2133 solemnem
875 2076 1018 2133 diem
1075 2077 1372 2151 quotannis
1439 2086 1859 2143 concurrerent;
1908 2077 1983 2131 ibi

406 2170 572 2225 etiam
604 2168 749 2226 Deus
779 2169 1104 2239 miraculum
1125 2213 1140 2237 ,
1180 2171 1552 2227 anterioribus
1594 2169 1774 2242 magis
1807 2170 1986 2239 inopi-

406 2278 540 2318 num
574 2272 628 2317 et
655 2262 997 2329 admirabile,
1031 2274 1308 2334 operatur.

473 2352 731 2410 CLXXV.
774 2354 911 2411 Nam
963 2357 1045 2410 vir
1089 2357 1313 2427 quidam
1359 2357 1686 2429 religiosus,
1717 2370 1827 2410 una
1858 2369 1984 2427 cum

404 2463 614 2516 uxore,
647 2458 702 2503 et
740 2449 891 2520 prole
933 2450 1177 2505 mascula
1198 2493 1212 2516 ,
1244 2450 1512 2507 miraculo
1546 2450 1661 2521 jam
1696 2449 1880 2515 edito,
1917 2449 1985 2504 ad

403 2541 663 2612 martyris
684 2556 905 2613 corpus,
929 2542 1032 2611 ipsi
1056 2558 1275 2613 quoque
1297 2557 1423 2598 cum
1451 2543 1655 2613 p0pulo
1676 2540 1985 2596 conﬂuente

404 2631 634 2707 profecti
678 2641 825 2687 sunt.
875 2631 1047 2703 Igitur
1084 2648 1275 2704 aequor
1306 2650 1338 2689 e
1382 2634 1617 2704 vestigio
1664 2632 1982 2703 trajiciunt,

404 2721 781 2792 templumque
802 2722 856 2776 in
886 2723 1009 2777 sinu
1043 2722 1165 2791 ejus
1197 2724 1435 2797 positum
1463 2725 1758 2795 attingunt,
1787 2739 1988 2795 paren-

405 2823 487 2871 tes
536 2829 703 2868 manu
756 2829 987 2883 puerum
1035 2814 1332 2889 ducentes:
1381 2832 1619 2886 cumque
1660 2817 1804 2872 intra
1850 2826 1986 2871 tem-

405 2905 555 2976 plum
587 2904 841 2969 l'uerunt,
873 2916 927 2959 et
961 2916 1211 2962 sanctum
1262 2908 1412 2963 illum
1462 2908 1734 2963 tumulum
1778 2909 1984 2965 ambie-

404 3006 573 3061 runt,
607 3008 720 3052 tum
751 2996 858 3053 alia
887 3007 1139 3055 sanctum
1169 3001 1377 3072 precati
1406 3009 1556 3065 sunt,
1585 3009 1699 3055 tum
1730 3016 1830 3072 pro
1854 3014 1982 3057 nato

2094 696 2163 733 τα
2175 695 2189 709 ·
2208 680 2385 737 ἐκεῖνο
2397 680 2455 734 δὲ
2471 682 2566 735 καὶ
2579 681 2699 738 λίαν
2715 683 2895 756 πολλῷ
2914 684 3097 756 μεῖζον
3115 724 3131 751 ,
3149 684 3245 738 καὶ
3261 684 3445 738 ἱκανὸν
3459 683 3529 738 τά
3544 700 3682 755 προ-

2094 771 2329 825 λαϐόντα
2357 772 2754 830 πιστώσασθαι.
2790 777 3006 849 Ἐπειδὴ
3033 776 3143 851 γὰρ
3161 817 3176 842 ,
3200 777 3278 843 ὡς
3302 778 3332 831 ό
3355 776 3514 847 λόγος
3540 777 3680 847 φθά-

2097 880 2195 941 σας
2242 865 2543 939 ἐδήλωσεν,
2595 871 2676 935 είς
2723 871 2959 941 πέλαγος
2993 875 3023 927 ὁ
3058 873 3272 945 μάρτυρ
3316 872 3535 943 ἐφίετο,
3587 874 3682 927 καὶ

2094 958 2176 1020 εἰς
2204 957 2411 1012 ὑδάτων
2444 962 2648 1032 μυχοὺς
2678 962 2937 1035 ἔρριπτο,
2980 965 3015 1036 ἦ
3043 983 3102 1020 τε
3145 964 3389 1019 θάλασσα
3418 965 3681 1019 ὑπέϐαινε

2095 1050 2463 1122 πορρωτέρω,
2507 1052 2757 1126 καθάπερ
2786 1055 2891 1109 ὑπὸ
2923 1056 3060 1110 πόδα
3094 1056 3347 1129 χωροῦσα
3367 1098 3383 1121 ,
3436 1058 3682 1129 μηνυτὴς

2093 1143 2188 1199 τοῦ
2202 1143 2461 1214 λειψάνου
2483 1146 2800 1218 παραδόξως
2818 1150 3096 1223 γινομένη,
3125 1151 3220 1205 καὶ
3246 1149 3404 1221 βυθὸν
3428 1150 3681 1215 πεζεύειν

2092 1235 2172 1308 τῷ
2200 1236 2506 1310 βουλομένῳ
2543 1241 2888 1311 παρέχουσα·
2920 1242 3054 1299 πολὺ
3088 1244 3270 1316 μέντοι
3300 1243 3502 1315 πλῆθος
3525 1259 3679 1316 τηνι-

2094 1327 2271 1382 καῦτα
2294 1329 2634 1400 Χριστιανῶν
2663 1331 2800 1403 πρὸς
2824 1332 2924 1405 τὴν
2954 1332 3049 1387 τοῦ
3078 1334 3334 1406 λειψάνου
3362 1334 3489 1388 θέαν
3513 1333 3677 1403 ἠπεί-

2093 1436 2269 1488 γοντο.
2295 1421 2449 1475 Μετὰ
2464 1421 2507 1454 “
2536 1422 2592 1476 δὲ
2614 1423 2786 1477 ταῦτα
2807 1425 2949 1498 καὶὴ
2980 1425 3211 1500 μεγίστη
3232 1427 3393 1500 ἑορτὴ
3413 1428 3475 1482 τὸ
3494 1427 3678 1498 θαῦμα

2092 1511 2282 1582 ἤγετο·
2317 1513 2494 1566 ἐκεῖνο
2525 1512 2582 1567 δὲ
2615 1513 2815 1586 μᾶλλον
2847 1516 3018 1570 ἐποίει
3046 1518 3146 1589 τὴν
3173 1519 3387 1591 ἑορτὴν,
3419 1518 3482 1571 ού
3520 1534 3679 1588 γεγο-

2093 1601 2182 1666 νὸς
2205 1602 2371 1670 ἅπαξ,
2397 1600 2514 1658 εἶτα
2540 1605 2907 1677 παυσάμενον,
2934 1608 3069 1663 ἀλλά
3092 1609 3210 1664 καθ’
3230 1610 3465 1683 ἑκάστην
3493 1611 3677 1665 ἐνιαυ-

2091 1692 2185 1747 τοῦ
2216 1696 2465 1764 περίοδον
2498 1696 2701 1768 ὁμοίως
2730 1699 3089 1774 τελούμενον,
3130 1704 3225 1757 καί
3256 1702 3357 1766 τὰς
3392 1702 3609 1768 ἀσεϐεῖς
3629 1703 3677 1734 το

2087 1785 2265 1856 ψυχάς
2324 1788 2629 1858 συγκαλοῦν
2676 1792 2757 1857 εἰς
2798 1793 3057 1848 ἑστίασιν.
3103 1795 3257 1849 Ἐπεὶ
3304 1795 3484 1850 τοίνυν
3534 1794 3678 1850 οὕτω

2086 1875 2282 1939 ταῦτα,
2310 1879 2403 1932 καὶ
2428 1881 2477 1932 ei
2507 1880 2648 1935 κατά
2672 1882 2934 1955 Χερσῶνα
2956 1883 3158 1947 πάντες
3185 1883 3502 1955 Χριστιανοὶ
3540 1883 3679 1956 πρὸς

2086 1968 2188 2039 τὴν
2238 1969 2333 2024 τοῦ
2372 1970 2651 2044 θαύματος
2694 1978 3001 2048 πανήγυριν
3045 1977 3283 2047 ὲτησίως
3321 1975 3675 2047 συνέτρεχον,

2088 2055 2494 2133 θαυματουργεῖ
2526 2082 2578 2118 τι
2612 2066 2886 2120 κάνταῦθα
2917 2065 3071 2133 Θεὸς,
3129 2066 3239 2122 τῶν
3273 2065 3677 2139 προγεγονότων

2089 2150 2541 2226 παραδοξότερον.
3402 2170 3407 2175 ’

2159 2372 2413 2429 CLXXV.
2444 2377 2607 2451 Ἀνὴρ
2617 2380 2725 2452 γάρ
2738 2397 2821 2444 τις
2838 2380 3095 2455 θεοσεϐὴς
3110 2382 3225 2455 ἅμα
3240 2383 3459 2453 γυναικὶ
3474 2383 3569 2437 καὶ
3582 2382 3677 2457 ἆῤ-

2089 2464 2407 2537 ρενιτέκνῳ,
2425 2467 2520 2521 τοῦ
2536 2468 2812 2541 θαύματος
2826 2471 2927 2543 ήδη
2943 2472 3289 2544 τελουμένου,
3309 2472 3445 2546 πρὸς
3459 2473 3521 2527 τὸ
3538 2492 3678 2546 μαρ-

2086 2557 2307 2628 τυρικδν
2348 2559 2526 2613 ὲκεῖνο
2553 2561 2649 2614 καὶ
2674 2563 2827 2616 αὐτοὶ
2858 2563 3018 2635 σῶμα
3048 2564 3189 2637 μετά
3216 2566 3312 2619 τοῦ
3350 2567 3677 2639 συρρέοντος

2086 2653 2324 2725 πλήθους
2346 2653 2605 2729 ἐχώρουν.
2630 2656 2704 2710 Τὸ
2727 2657 2961 2727 πέλαγος
2983 2654 3077 2713 οὖν
3100 2661 3166 2714 ὲκ
3190 2659 3349 2725 ποδὸς
3370 2660 3671 2726 διαϐάντες,

2087 2746 2294 2809 καὶτὸν
2327 2749 2385 2800 ὲν
2418 2747 2574 2819 μυχῷ
2602 2748 2792 2803 τούτου
2821 2749 3218 2816 καταλαϐόντες
3246 2752 3393 2817 ναὸν,
3430 2754 3529 2825 τῆς
3555 2769 3674 2823 χει-

2089 2832 2182 2906 ρὸς
2205 2833 2492 2906 λαϐόμενοι
2518 2836 2612 2889 τοῦ
2643 2837 2831 2901 παιδὸς
2855 2840 2904 2891 οί
2931 2839 3168 2912 πατέρες
3185 2881 3201 2908 ,
3245 2842 3369 2896 ἐπεὶ
3406 2841 3499 2895 τοῦ
3541 2839 3672 2894 ναοῦ

2085 2923 2231 2978 ἔνδον
2259 2924 2524 2995 ἐγένοντο,
2552 2928 2645 2980 καὶ
2664 2928 2760 3000 τὴν
2778 2929 2939 2998 ἁγίαν
2954 2929 3168 3002 ἐκείνην
3200 2931 3558 3004 περιστάντες
3582 2947 3673 2985 σο-

2091 3016 2203 3090 ρὸν,
2229 3018 2299 3072 τά
2320 3035 2380 3083 τε
2407 3018 2542 3074 ἀλλα
2570 3020 2779 3075 ἐδέοντο
2804 3022 2897 3076 τοῦ
2925 3024 3104 3093 ἁγίου,
3131 3025 3225 3079 καὶ
3254 3023 3399 3099 ὑπὲρ
3419 3025 3515 3078 τοῦ
3540 3041 3670 3078 παι-

406 3100 671 3173 rogarunt
697 3107 761 3146 ea
787 3108 911 3164 quae
938 3080 1192 3165 parentes
1222 3093 1468 3149 decebat.
1503 3091 1714 3149 Precati
1737 3109 1888 3166 ergo,
1919 3110 1985 3152 ac

2087 3080 2494 3183 δδςὲλιπάρουν
2522 3113 2623 3167 ὅσα
2648 3115 2889 3187 πατέρας
2918 3080 3415 3189 εἰκός.Ἐὺξάμενοι
3448 3113 3542 3172 οὖν
3579 3118 3673 3171 καὶ

406 3183 716 3252 sepulcrum
768 3182 1039 3242 ferventer
1083 3186 1390 3259 exosculati
1427 3196 1482 3241 et
1526 3188 1828 3259 complexi,
1881 3190 1984 3261 ipsi

405 3275 649 3352 quidem,
669 3276 782 3355 jam
808 3286 1029 3349 peracta
1052 3279 1390 3346 celebritate,
1416 3281 1743 3352 cunctisque
1757 3283 1982 3342 domum

409 3366 787 3435 redeuntibus,
815 3379 962 3423 retro
989 3370 1186 3425 iterum
1220 3388 1345 3427 cum
1383 3374 1588 3443 populo
1615 3374 1711 3443 qui
1749 3390 1984 3430 concur-

407 3470 554 3515 rerat
578 3462 986 3518 abscesserunt.
1018 3463 1162 3519 Puer
1189 3474 1369 3520 autem
1398 3466 1539 3521 clam
1566 3476 1847 3536 parentes,
1866 3485 1987 3525 nes-

406 3552 495 3612 cio
520 3568 630 3623 quo
662 3554 826 3609 modo
853 3556 1005 3610 solus
1042 3557 1185 3625 apud
1235 3556 1549 3627 sepulcrum
1596 3559 1821 3615 relictus
1858 3570 1980 3627 est;

406 3645 630 3701 omnino
663 3646 713 3701 id
758 3647 1297 3718 incomprehensibili
1344 3647 1439 3703 Dei
1478 3650 1820 3719 providentia
1866 3653 1983 3708 dis-

405 3747 677 3807 ponente,
708 3747 766 3793 ut
800 3740 975 3810 magis
1014 3741 1309 3795 honoraret
1354 3757 1477 3795 eum
1523 3742 1618 3813 qui
1654 3744 1895 3798 animam
1929 3754 1985 3800 et

406 3814 610 3900 corpus
637 3845 736 3900 pro
764 3831 883 3902 ipso
913 3832 1141 3886 libenter
1170 3832 1414 3887 dederat.
1458 3831 1526 3888 Et
1572 3850 1712 3906 aqua
1759 3836 1979 3906 quidem

406 3920 474 3974 ad
506 3921 723 3990 propria
750 3936 1022 3984 remeans,
1049 3922 1382 3992 profundum
1410 3924 1638 3993 obtexit,
1672 3926 1984 3999 iterumque

406 4012 661 4069 eﬂ‘ectum
690 4023 776 4068 est
804 4013 1051 4084 pelagus.

475 4102 757 4159 CLXXVI.
794 4106 863 4159 At
888 4117 1140 4176 parentes
1174 4108 1395 4178 paulum
1420 4126 1449 4165 a
1472 4126 1700 4182 corpore
1724 4113 1979 4186 digressi,

408 4207 461 4251 ut
495 4198 609 4267 jam
643 4197 813 4253 lilium
846 4214 1031 4254 secum
1064 4217 1173 4256 non
1204 4202 1479 4268 viderunt,
1505 4206 1572 4275 ad
1603 4207 1981 4279 investigatio-

406 4305 531 4351 nem
562 4288 684 4359 ejus
708 4299 929 4349 vertunt
958 4306 1049 4346 se:
1098 4307 1164 4348 ac
1204 4300 1351 4348 retro
1388 4298 1635 4352 conversi
1675 4308 1734 4353 ut
1772 4300 1983 4356 inveni-

406 4388 530 4434 rent
551 4395 805 4450 puerum,
843 4391 1075 4437 cernunt
1110 4398 1261 4437 mare
1302 4400 1495 4441 rursus
1531 4403 1653 4445 esse
1680 4406 1800 4445 eam
1832 4393 1975 4449 viam

404 4487 528 4542 qua:
560 4472 627 4525 ad
659 4488 857 4543 corpus
886 4474 1144 4545 deinceps
1183 4476 1440 4532 duceret:
1481 4480 1778 4551 statimque
1817 4500 1980 4541 cons—
2012 4468 2055 4522 ί)

405 4573 712 4632 ternautur,
740 4566 1050 4633 turbantur,
1080 4577 1519 4638 commoventur,
1550 4573 1735 4629 acrius
1765 4574 1832 4629 ad
1866 4578 1980 4632 uati

407 4655 811 4726 indagationem
880 4667 1280 4728 prorumpunt:
1332 4660 1379 4716 is
1427 4670 1607 4718 autem
1659 4665 1712 4720 in
1764 4670 1979 4724 tumulo

405 4747 633 4803 relictus
656 4747 853 4805 fuerat.
885 4747 1135 4819 Cumque
1164 4761 1287 4820 post
1309 4754 1537 4810 multum
1566 4756 1807 4814 laborem
1842 4776 1978 4831 pue-

403 4855 527 4894 rum
572 4854 681 4895 non
724 4852 1079 4911 repererunt,
1113 4843 1208 4898 sed
1241 4843 1293 4899 in
1323 4848 1492 4903 maris
1520 4848 1693 4907 fundo
1723 4853 1979 4910 desertus

405 4932 577 4988 fuisse
619 4933 753 5003 ipsis
791 4934 941 4990 visus
969 4944 1083 5002 est,
1110 4936 1188 4992 uti
1231 4953 1419 4995 revera
1452 4951 1606 5008 erat,
1654 4944 1877 5016 longum
1911 4962 1979 5004 ac

403 5023 660 5080 ﬂebiliter
685 5025 1148 5095 vociferabantur,
1181 5027 1351 5093 ﬁlium
1401 5033 1766 5102 appellantes,
1803 5044 1858 5091 et
1886 5053 1981 5107 pe-

404 5126 558 5173 ctora
595 5116 1429 5191 feriebant.atquedcplorabant
1460 5125 1824 5189 calamitatem
1854 5144 1978 5199 quae

403 5225 502 5266 eos
525 5211 890 5281 opprimebat.
926 5211 1176 5283 Tumque
1208 5214 1276 5269 ad
1322 5225 1572 5272 sanctum
1610 5233 1673 5273 ea
1702 5218 1976 5288 dicebant,

403 5317 527 5372 qua:
555 5302 774 5359 animus
803 5304 990 5369 dolore
1024 5304 1229 5363 fractus
1256 5309 1710 5378 pronuntiaverit,
1740 5321 1973 5368 mortem

404 5395 510 5452 sibi
540 5411 641 5466 pro
677 5397 842 5453 rebus
867 5398 1229 5467 praesentibus
1259 5408 1548 5468 optantes:
1584 5401 1760 5459 donec
1790 5406 1977 5473 proxi-

404 5502 622 5551 morum
654 5491 924 5559 nonnulli,
960 5490 1263 5553 incidentes
1296 5492 1350 5555 in
1372 5507 1469 5548 eos
1493 5494 1976 5556 lamentationibus

2087 3201 2306 3274 θερμῶς
2348 3204 2439 3259 τὸν
2476 3207 2647 3275 τάφον
2690 3209 3174 3281 περιπτυξάμενοι,
3219 3210 3376 3264 αὐτοὶ
3422 3210 3523 3283 μὲν
3568 3208 3672 3282 ήδη

2083 3296 2183 3367 τῆς
2232 3296 2597 3370 πανηγύρεως
2646 3299 3028 3373 τελεσθείσης,
3079 3301 3172 3356 καὶ
3223 3301 3406 3357 οἶκαδε
3451 3302 3671 3358 πάντων

2084 3387 2446 3453 ἐπανιόντων,
2478 3391 2654 3445 ὀπίσω
2688 3391 2851 3445 πάλιν
2882 3392 3019 3464 μετά
3043 3392 3137 3447 τοῦ
3169 3394 3670 3467 σονδραμοῦντοςη

2086 3477 2323 3548 πλήθους
2345 3478 2604 3550 ἐχώρουν.
2635 3482 2707 3536 Τὸ
2737 3484 2943 3537 παιδίον
2967 3483 3023 3536 δὲ
3046 3485 3175 3549 τοὺς
3201 3485 3457 3550 τεκόντας
3486 3486 3668 3552 λαθὸν,

2081 3572 2185 3626 οὐκ
2222 3568 2318 3626 οἷδ’
2356 3575 2537 3641 ὅπως,
2572 3576 2729 3647 μόνον
2774 3579 2923 3649 παρά
2968 3581 3034 3651 τῇ
3077 3579 3221 3652 σορῷ
3264 3581 3667 3647 κατελέλειπτο,

2084 3664 2302 3728 πάντως
2327 3666 2425 3737 τῆς
2451 3666 2833 3741 ἁκαταλήπτου
2860 3669 3117 3742 προνοίας
3143 3670 3239 3724 τοῦ
3265 3671 3399 3727 Θεοῦ
3428 3672 3522 3726 καὶ
3547 3672 3670 3726 τοῦ-

2082 3770 2145 3807 το
2172 3757 2697 3830 οικονομησαμένης,
2727 3760 2813 3813 ῖνα
2841 3762 3051 3835 τιμήσῃ
3076 3761 3236 3816 πλέον
3258 3763 3349 3816 τὸν
3373 3764 3468 3817 καὶ
3491 3762 3667 3837 ψυχὴν

2083 3848 2178 3900 καὶ
2219 3848 2379 3920 σῶμα
2420 3849 2486 3903 δι’
2527 3851 2690 3903 αὑτὸν
2719 3851 2889 3923 ήδέως
2932 3852 3287 3925 προθέμενον.
3332 3856 3442 3908 Καὶ
3481 3856 3543 3909 τὺ
3569 3856 3667 3928 μὲν

2084 3939 2249 4012 ὕδωρ,
2269 3943 2676 4016 έπαναστρέφον
2696 3945 2775 4008 εἰς
2790 3943 2857 3997 τὰ
2871 3945 3065 4011 οἰκεῖα,
3086 3945 3357 4000 ἐκάλυπτε
3374 3948 3464 4001 τὸν
3485 3947 3663 4019 βυθὸν,

2083 4034 2178 4087 καὶ
2203 4033 2436 4104 πέλαγος
2462 4035 2688 4107 ἐγίνετο.

2134 4124 2413 4185 CLXXVI.
2431 4129 2493 4182 Oi
2508 4128 2742 4201 πατέρες
2756 4129 2812 4182 δὲ
2832 4130 3026 4202 μικρὸν
3041 4131 3148 4184 ἀπὸ
3160 4129 3255 4185 τοῦ
3272 4131 3525 4202 λειψάνου
3542 4148 3666 4204 προ-

2081 4214 2349 4282 ελθόντες,
2371 4218 2447 4281 ὡς
2462 4218 2563 4292 ήδη
2578 4219 2671 4273 τὸν
2686 4221 2849 4274 παῖδα
2868 4223 2995 4293 παρ’
3012 4222 3194 4286 αὐτοῖς
3219 4223 3318 4293 οὐχ
3341 4221 3526 4295 ἐώρων
3545 4263 3560 4287 ,
3586 4223 3665 4285 είς

2082 4306 2306 4378 ἔρευναν
2329 4309 2493 4363 αὑτοῦ
2509 4311 2801 4383 τρέπονται
2820 4329 2834 4341 ·
2857 4315 2951 4367 καὶ
2966 4313 3139 4367 ὀπίσω
3157 4314 3506 4387 στραφέντες,
3524 4314 3664 4368 ὥστε

2081 4398 2143 4451 τὸ
2153 4400 2362 4454 παιδίον
2377 4403 2579 4475 εὑρεῖν,
2594 4403 2828 4473 πέλαγος
2842 4405 2869 4456 ό
2877 4404 3009 4476 ρῶσι
3021 4406 3185 4459 πάλιν
3199 4405 3295 4477 τὴν
3313 4407 3405 4459 ἐπὶ
3419 4407 3480 4460 τὸ
3490 4405 3545 4458 λε
3554 4406 3666 4476 ίψα-

2082 4507 2174 4544 νον
2201 4491 2330 4564 ἑξῆς
2358 4493 2628 4565 φέρουσαν
2646 4510 2659 4523 ·
2692 4496 2785 4548 καὶ
2813 4496 3013 4549 αὐτίκα
3044 4496 3424 4570 θορυϐοῦνται,
3463 4498 3665 4570 ταράτ-

2082 4601 2286 4650 τονται,
2319 4585 2653 4651 κλονοῢνται,
2685 4586 3012 4660 θερμότερον
3038 4590 3251 4661 ὁρμῶσι
3280 4592 3418 4663 πρὸς
3442 4591 3538 4663 τὴν
3569 4590 3663 4646 τοῦ

2084 4675 2274 4739 παιδὸς
2310 4676 2564 4749 ζήτησιν·
2606 4678 2669 4731 τὸ
2703 4678 2761 4731 δὲ
2788 4678 2896 4751 ἄρα
2925 4677 2993 4752 ἦν
3025 4681 3083 4733 ὲν
3121 4684 3189 4754 τῇ
3240 4682 3385 4755 σορῷ
3432 4683 3662 4737 καταλε-

2080 4766 2391 4840 λειμμένον.
2442 4769 2594 4823 Ἐπεὶ
2621 4770 2679 4823 δὲ
2708 4771 2878 4825 πολλὰ
2906 4773 3173 4844 καμόντες
3190 4814 3205 4840 ,
3240 4775 3302 4828 τὸ
3329 4776 3540 4830 παιδίον
3566 4776 3664 4848 οὐχ

2080 4853 2262 4931 εὖρον,
2306 4859 2420 4914 ἀλλ’
2454 4862 2512 4915 ὲν
2544 4861 2624 4933 τῷ
2668 4863 2816 4935 βυθῷ
2859 4865 3275 4936 καταλελεῖφθαι
3325 4867 3506 4931 αὐτοῖς
3545 4869 3662 4923 ἐνο-

2087 4951 2273 5024 μίσθη,
2303 4951 2493 5026 ὥσπερ
2519 4954 2626 5029 ἄρα
2651 4959 2744 5011 καὶ
2765 4953 2853 5030 ἦν,
2891 4958 3097 5031 μακρόν
3126 4976 3184 5012 τε
3214 4960 3309 5014 κοιλ⁸
3334 4959 3526 5031 γοερὸν
3550 4961 3665 5013 ἀνε-

2083 5044 2224 5099 ϐόων
2254 5047 2679 5121 ἀνακαλούμενοι
2709 5051 2801 5105 τὸν
2833 5052 2976 5117 υίδν,
3008 5055 3100 5107 καὶ
3126 5053 3194 5107 τά
3223 5053 3394 5126 στήθη
3436 5054 3626 5108 ἔπαιον
3645 5093 3659 5120 ε

2082 5138 2177 5192 καὶ
2201 5136 2301 5210 τὴν
2334 5141 2714 5212 κατασχοῦσαν
2754 5143 2953 5208 αὐτοὺς
2995 5145 3403 5217 ἀνωλοφύροντο
3447 5162 3662 5216 συμφο-

2086 5229 2205 5301 ράν.
2237 5228 2371 5286 Εἶτα
2398 5234 2491 5287 καὶ
2515 5234 2651 5306 πρὸς
2672 5235 2763 5289 τὸν
2795 5235 2969 5305 ἆγιον,
2998 5230 3089 5290 οἶά
3118 5255 3225 5309 περ
3258 5237 3322 5292 ἂν
3349 5237 3662 5311 ὀδυνωμένη

2081 5321 2227 5394 ψυχὴ
2252 5323 2542 5393 φθέγξαιτο
2561 5326 2629 5389 τ’,
2660 5324 2862 5394 ἔλεγον,
2899 5326 3127 5382 θάνατον
3159 5330 3374 5391 ἑαυτοῖς
3399 5325 3519 5381 ἀντὶ
3552 5330 3662 5384 τῶν

2083 5412 2363 5484 παρόντων
2409 5415 2721 5485 εὐχόμενοι·
2773 5414 2879 5480 ἕως
2918 5416 3028 5470 τῶν
3071 5418 3297 5492 πλησίον
3326 5421 3470 5485 τινὲς
3503 5439 3662 5494 περε-

2082 5506 2340 5567 «sudus;
2355 5505 2400 5538 ⁷³
2422 5507 2622 5571 αὐτοῖς,
2650 5507 3027 5579 ἐκλελυμένοις
3046 5512 3151 5566 ὑπὸ
3171 5511 3280 5565 τῶν
3296 5512 3514 5585 θρήνων
3536 5515 3659 5589 ήδη,

1710 5607 1944 5667 VARDE
1982 5610 2378 5679 LECTIUNES.

498 5695 643 5788 ποθι.
663 5694 1024 5788 ,πολλοξιςξπὶ
1040 5695 1177 5788 θέαν
1204 5698 1460 5788 ὲῇγετο.
1486 5699 1641 5769 μετά.
1719 5702 1763 5731 ⁷ο
1791 5704 1860 5757 al.
1903 5705 2164 5771 εὐσεϐεῖς,
2196 5719 2250 5764 ut
2280 5709 2409 5780 legit
2442 5709 2727 5782 interpres.
2810 5714 2851 5745 ⁷¹
2886 5714 2957 5772 al.
3004 5715 3413 5788 συνδραμόντος.
3506 5720 3550 5751 ⁷³
3582 5734 3653 5774 ιιι.

406 5765 707 5847 φθέγξοιτο.

820 5766 865 5801 ⁷³
891 5767 962 5821 al.
995 5766 1392 5843 περιτυχόντες.
