4066 6140
392 285 491 363 σοι

1092 294 1563 366 ιοιΕΜΕΜιΝΑ.
1595 298 2005 364 -ἿΞΡῙΤΟΜΕ
2043 308 2131 365 DE
2170 309 2416 368 GESTIS
2451 310 2507 369 S.
2548 313 2772 373 PETRI.

3524 327 3630 384 609

390 402 483 454 καὶ
507 401 678 456 πολλά
708 404 800 458 ἐπὶ
830 404 909 477 τῷ
936 407 1098 462 πάθει
1124 412 1219 465 καὶ
1240 412 1392 467 αὐτοὶ
1414 416 1707 487 ἐκχέαντες
1729 419 1949 492 δάκρυα,

2029 423 2173 493 ,Ῐεπι
2215 425 2531 493 confectos,
2581 431 2893 503 multasque
2934 443 3157 505 propter
3178 451 3384 513 .casum
3430 448 3486 496 et
3526 441 3629 510 ipsi

389 494 845 593 παρεμυθήσαντό
882 501 1210 593 αὐτοὺς,
1253 507 1348 560 καὶ
1379 508 1589 576 ὑφεῖναι
1615 510 1716 582 τῆς
1745 515 1949 584 μακρᾶς

2066 518 2332 587 lacrymas
2368 518 2791 589 profundentes,
2818 529 3082 582 consolati
3109 538 3237 585 sunt
3261 520 3389 593 eos.
3430 532 3627 587 effece-

386 580 562 654 λύπης
584 583 864 655 ἐποίησαν.
883 586 1040 641 Ἀλλά
1072 590 1210 662 πρὸς
1229 593 1329 665 τὴν
1351 594 1527 649 οὶκίαν
1550 580 1769 650 ἐκείνων
1799 580 1949 652 ἐπαν-

2059 617 2295 678 runtque
2325 619 2383 663 ut
2403 611 2469 665 de
2494 628 2692 683 magno
2724 615 3093 689 diuturnoque
3124 637 3357 678 mmrore
3384 626 3626 681 remitte'

386 672 677 739 ελθόντων,
726 677 911 747 μεῖζον
941 680 1037 734 καὶ
1090 682 1253 736 πάλιν
1286 684 1347 738 τὸ
1378 685 1550 751 πάθος
1580 687 1820 757 ἐγίνετο,
1864 690 1959 744 καὶ

387 765 598 836 ἱμάτιον
620 765 782 836 ὀφθὲν
806 767 900 822 τοῦ
925 771 1132 836 παιδὸς,
1163 774 1273 827 εἴτε
1295 776 1416 829 τινά
1441 776 1551 830 τῶν
1580 777 1772 848 ἐκείνῳ
1796 780 1957 852 συνή-

384 856 492 911 θων
514 859 595 922 εἰς
620 861 838 933 μνήμην
859 864 975 927 τοῖς
1004 865 1274 937 πατράσιν
1304 866 1543 935 ἐλθόντα,
1573 870 1955 942 χαλεπωτέραν

379 948 563 1014 αὐτοῖς
592 952 765 1006 ἐποίει
787 951 887 1025 τὴν
916 958 1219 1030 συμφοράν.

446 1127 754 1184 CLXXVII.
766 1131 871 1187 Τοῦ
887 1133 1131 1188 ἐνιαυτοῦ
1147 1135 1205 1189 δὲ
1220 1136 1320 1209 ἥδη
1337 1138 1729 1210 περιελθόντος,
1745 1143 1952 1217 καὶτῆς

377 1218 634 1294 λαμπρᾶς
646 1222 837 1295 ἑορτῆς
847 1224 1059 1298 ἐκείνης
1068 1226 1295 1296 άγεσθαι
1306 1228 1466 1284 πάλιν
1480 1229 1794 1304 μελλούσης,
1806 1234 1951 1291 ἐκέν-

375 1328 455 1366 τει
485 1329 545 1367 τε
578 1314 773 1379 αὐτοὺς
800 1317 891 1370 ἐπὶ
927 1318 1084 1372 πλέον
1115 1320 1177 1373 τὸ
1217 1320 1419 1386 πάθος,
1470 1324 1562 1376 κού⁸
1594 1325 1946 1398 σφοδρότερον

374 1402 536 1465 πάλιν
561 1405 655 1458 τοῦ
685 1405 870 1471 παιδὸς
895 1409 1289 1483 ἀνεμίμνησκε.
1318 1414 1428 1469 Καὶ
1449 1415 1583 1487 δῆτα
1618 1398 1755 1491 πρὸς
1780 1419 1945 1492 ἀλλή-

373 1492 526 1563 λους,
561 1498 787 1569 Ἴωμεν,
828 1502 993 1571 φασὶ,
1033 1503 1169 1575 πρὸς
1195 1504 1287 1571 τὸν
1327 1506 1528 1576 τάφονο
1568 1507 1763 1580 ίδωμεν
1800 1512 1855 1566 εἴ
1889 1529 1944 1568 τι

372 1585 464 1640 τοῦ
500 1588 685 1652 παιδὸς
723 1591 1097 1647 ὑπολέλειπται
1140 1594 1407 1666 λείψανον,
1441 1598 1497 1652 εἴ
1527 1617 1643 1663 πως
1682 1600 1784 1655 κᾶν
1812 1604 1943 1657 αὐτὸ

2058 710 2201 755 rent.
2254 700 2452 757 Verum
2504 717 2792 777 postquam
2847 709 2925 763 illi
2977 711 3201 773 domum
3258 725 3621 784 revenerant,

2058 791 2255 846 iterum
2291 804 2345 849 et
2371 796 2549 871 major
2574 798 2840 867 aegritudo
2868 809 2987 856 orta
3016 814 3099 858 est
3123 822 3138 871 ;
3168 813 3328 876 atque
3357 808 3473 864 visa
3508 810 3618 865 nati

2055 884 2259 944 vestis,
2304 886 2419 940 sive
2465 887 2711 956 quaedam
2757 906 2880 959 quae
2920 892 2995 945 illi
3044 892 3333 949 familiaria
3376 909 3532 953 erant
3566 899 3617 952 in

2052 984 2340 1043 parentum
2368 980 2684 1034 memoriam
2711 984 3069 1051 recurrentia,
3096 987 3460 1042 molestiorem
3485 990 3618 1059 ipsis

2051 1064 2347 1120 reddebant
2368 1067 2659 1135 iacturam.

2118 1153 2422 1215 CLXXVII.
2470 1159 2741 1221 (laterum
2794 1139 2940 1219 anno
2987 1165 3100 1234 jam
3154 1165 3437 1231 confecto,
3490 1183 3644 1230 eum

2048 1242 2391 1311 splendidum
2425 1247 2557 1303 illud
2595 1249 2792 1305 festum
2844 1253 3041 1308 iterum
3085 1255 3397 1325 agitandum
3432 1269 3614 1324 esset,

2048 1333 2414 1413 ipsosmulto
2454 1341 2628 1410 magis
2668 1344 2943 1413 pungebat
2968 1355 3023 1399 et
3045 1348 3396 1402 excruciabat
3422 1349 3612 1417 dolor,

2046 1426 2531 1500 vehementiusque
2588 1448 2807 1488 rursum
2862 1436 3016 1505 pueri
3077 1440 3396 1494 memoriam
3454 1440 3615 1495 rev0¢

2046 1517 2222 1573 cabat.
2246 1517 2431 1589 Itaque
2459 1522 2601 1577 inter
2631 1540 2689 1579 se
2719 1525 2910 1581 aiunt:
2952 1527 3153 1585 Eamus
3173 1530 3241 1585 ad
3264 1532 3610 1600 sepulcrum:
3708 1535 3711 1537 ’

2043 1607 2326 1665 videamus
2365 1627 2494 1665 num
2528 1613 2725 1682 aliquae
2778 1615 2873 1669 filii
2922 1619 3166 1688 reliquiae
3217 1622 3525 1690 supersint,
3563 1624 3610 1678 si

371 1678 729 1748 κομιούμεθα.
774 1682 957 1737 Ταῦτα
1001 1684 1094 1739 καὶ
1136 1687 1235 1740 ὅσα
1278 1689 1371 1743 τοῦ
1412 1690 1618 1754 πάθους
1650 1692 1784 1764 πρὸς
1809 1693 1939 1747 ἐαυ-

2044 1715 2154 1769 quo
2177 1711 2337 1777 pacto
2364 1713 2420 1757 et
2452 1704 2572 1760 illas
2605 1678 2965 1776 asportemus.
3022 1678 3146 1767 lianc
3180 1722 3233 1768 ct
3272 1678 3610 1784 quaecunque

368 1766 494 1829 τοὺς
519 1769 1042 1845 κοινολογησάμενοι,
1071 1778 1423 1850 προέρχονται
1450 1781 1551 1852 τῆς
1604 1760 1782 1847 οἰκίας
1811 1799 1940 1837 πεν-
1968 1760 2012 1816 Β

368 1858 536 1925 θικῶς
576 1864 998 1937 ἐσκευασμένοι,
1043 1870 1139 1935 καὶ
1179 1869 1279 1934 τὰς
1320 1871 1540 1943 ὁράσεις
1567 1874 1672 1928 ὑπὸ
1704 1876 1815 1930 τῶν
1840 1876 1936 1930 δα-

366 1953 549 2025 κρύων
597 1957 981 2029 ἐκτετηκότες,
1032 1962 1128 2016 καὶ
1174 1963 1328 2033 παρά
1374 1965 1466 2018 τὸν
1520 1968 1765 2035 αἰγιαλὸν
1812 1970 1939 2038 ἀφι-

367 2047 633 2103 κνοῦνται.
666 2050 777 2105 Καὶ
806 2052 1078 2125 ὑποχωρεί
1104 2055 1203 2126 μὲν
1227 2056 1429 2121 εὐθέως
1455 2060 1488 2130 ἡ
1528 2058 1802 2126 θάλασσα,
1834 2063 1937 2134 τῆς

364 2135 699 2209 προθεσμίας
750 2140 1177 2213 καταλαϐούσης.
1240 2143 1612 2200 ’Δκολουθοῦσι
1670 2146 1726 2201 δὲ
1783 2149 1936 2202 αὐτοὶ

363 2229 586 2301 πρῶτοι,
616 2231 710 2284 καὶ
755 2231 890 2302 μετά
929 2233 1097 2299 πόδας
1141 2234 1318 2307 ἕτεροι
1362 2237 1542 2302 πάλιν,
1584 2240 1651 2310 τῇ
1688 2238 1932 2314 θαλάσσῃ

361 2317 609 2391 καθάπερ
641 2321 818 2391 ὁδηγῷ
855 2322 1144 2394 χρώμενοι.
1180 2326 1289 2378 Καὶ
1318 2326 1409 2387 τὸν
1441 2328 1758 2398 αὐτομάτως
1790 2331 1933 2385 οἰκο-

356 2410 657 2481 δομηθέντα
694 2414 821 2467 ναὸν
859 2416 1063 2469 ἐκεῖνον
1086 2456 1102 2481 ,
1152 2417 1348 2487 μᾶλλον
1395 2419 1453 2472 δὲ
1500 2420 1604 2473 ὑπὸ
1646 2421 1744 2492 τῆς
1791 2422 1892 2491 σῆς
1912 2463 1926 2486 ,

358 2502 623 2564 Δέσποτα,
656 2504 844 2573 σοφίας
865 2505 927 2577 δη
936 2507 1332 2579 μιουργηθέντα
1354 2509 1766 2574 καταλαϐόντες,
1791 2511 1930 2582 ὁρῷ-

359 2607 415 2643 σι
472 2591 534 2644 τὸ
592 2593 819 2658 παιδίον,
865 2594 910 2649 ὣ
938 2596 1033 2650 τοῦ
1072 2596 1376 2670 θαύματοςῑ
1420 2599 1526 2665 ζῶν
1567 2602 1659 2654 καὶ
1703 2600 1929 2673 ἀλλόμε-

357 2699 448 2735 νον
479 2681 588 2754 (26)
634 2683 783 2755 παρὰ
808 2685 885 2757 τῷ
908 2686 1170 2758 ναῷ.Κώ
1190 2689 1403 2761 πρῶτον
1423 2690 1469 2722 ’⁸
1488 2690 1586 2763 μὲν
1614 2692 1927 2762 ἀμφιϐόλως

354 2767 499 2843 εἶχον
530 2774 665 2845 πρὸς
694 2773 764 2828 τὰ
795 2775 1079 2848 ὁρώμενα,
1122 2777 1456 2851 λογιζόμενοι
1492 2782 1566 2852 μὴ
1590 2783 1693 2853 οὐχ
1730 2786 1758 2837 ὁ
1795 2787 1925 2851 παῖς

352 2862 384 2941 ᾖ
412 2868 473 2921 τὸ
497 2869 838 2941 φαινόμενον.
881 2872 1032 2935 Ἐπεὶ
1069 2872 1126 2937 δέ
1166 2875 1262 2928 καὶ
1297 2879 1410 2940 τοῖς
1445 2879 1788 2951 γνωρίσμασι
1831 2881 1924 2941 καὶ

348 2963 463 3023 τοῖς
493 2963 731 3033 σχήμασι
771 2964 1033 3019 πάντοθεν
1064 2967 1144 3030 είς
1173 2966 1352 3022 πίστιν
1372 2969 1569 3034 αὐτοὺς
1605 2970 1667 3023 τὸ
1710 2972 1921 3026 παιδίον

351 3052 508 3123 ἐνῆγε
529 3094 543 3118 ,
581 3056 674 3108 καὶ
700 3055 888 3110 τοῦτον
912 3057 1116 3111 ἐκεῖνον
1142 3054 1280 3112 εἶναι
1303 3060 1394 3112 τὸν
1421 3060 1534 3114 υἱὸν
1561 3062 1917 3130 ἐπίστευσαν,

351 3142 731 3214 περιχυθέντες
758 3146 959 3210 εὐθέως
985 3147 1153 3218 αὐτῷ,
1186 3149 1276 3203 καὶ
1304 3149 1614 3222 ὀφθαλμοὺς
1645 3153 1737 3205 καὶ
1764 3154 1914 3228 χείλη

349 3235 705 3305 προσφύντες,
740 3237 951 3291 ἔκλαιόν
981 3256 1040 3294 τε
1069 3240 1228 3312 μέχρι
1258 3241 1450 3296 πολλοῦ
1470 3282 1485 3307 ,
1514 3243 1580 3297 τὰ
1612 3244 1816 3313 γλυκέα
1850 3247 1914 3320 δὴ

347 3327 518 3381 ταῦτα
545 3328 633 3398 ὑφ’
661 3330 851 3401 ἡδονῆς
876 3332 1193 3403 προχέοντες
1211 3334 1256 3365 ⁷⁸
1283 3334 1491 3406 δάκρυα
1515 3375 1530 3399 ,
1575 3337 1667 3390 καὶ
1700 3336 1918 3409 θερμῶς

347 3420 506 3473 αὐτὸν
535 3420 728 3494 ὥσπερ
753 3426 931 3495 γυμνῇ
963 3427 1028 3496 τῇ
1054 3425 1198 3498 ψυχῇ
1233 3427 1573 3496 κατεφίλουν.

415 3511 596 3565 CLXX
609 3512 739 3567 VIII.
760 3515 990 3568 Ἔπειτα
1009 3516 1201 3588 μικρὸν
1216 3520 1442 3583 ἑαυτοὺς
1457 3519 1833 3584 ἀναλαϐόντες,
1851 3522 1916 3592 ὴ-

350 3602 533 3674 ρώτων
552 3603 792 3674 ἀκριϐῶς
807 3605 1012 3660 ἕκαστα
1030 3608 1090 3661 τὸ
1111 3609 1337 3675 παιδίον,
1355 3611 1501 3674 ὅπως
1518 3611 1660 3665 οὕτω
1674 3629 1750 3667 πα
1758 3613 1912 3684 ραδό-

345 3697 449 3763 ξως
459 3696 904 3770 διεσώθη⁷⁶,τίνος
915 3699 1290 3770 φυλάττοντος,
1303 3703 1445 3766 τίνος
1454 3703 1758 3775 τρέφοντος,
1772 3705 1915 3771 τίνος

345 3784 669 3853 θάλποντος,
711 3788 853 3852 τίνος
890 3789 1296 3858 ζωογονοῦντος.
1332 3792 1405 3844 Τὸ
1440 3792 1525 3864 δὴ,
1553 3795 1618 3865 τῇ
1661 3793 1758 3864 μὲν
1787 3793 1915 3866 λαιᾷ

342 3877 490 3948 χειρὶ
513 3877 612 3949 τὴν
639 3879 793 3950 σορὸν
818 3868 1065 3951 κατέχον,
1108 3880 1310 3953 θατέρᾳ
1336 3882 1392 3935 δὲ
1421 3883 1512 3935 τὸν
1537 3886 1595 3937 ὲν
1622 3885 1760 3956 αὐτῇ
1797 3885 1910 3941 κεί-

346 3986 507 4041 μενον
532 3970 898 4036 ὑποδεικνύον,
927 3968 1094 4037 Οὗτός
1122 3989 1211 4043 μοι
1240 3974 1333 4026 καὶ
1357 3973 1457 4044 τῆς
1480 3974 1625 4047 ζωῆς
1652 3977 1909 4048 πάροχος,

342 4062 495 4131 ἔλεγε
516 4102 529 4127 ,
558 4064 652 4117 καὶ
675 4064 907 4134 τροφεὺς
925 4103 939 4127 ,
967 4063 1060 4116 καὶ
1084 4063 1256 4132 φύλαξ
1275 4102 1289 4127 ,
1317 4066 1446 4136 παρ’
1470 4066 1648 4137 ἐαυτῷ
1676 4069 1913 4139 γνησίως

340 4156 427 4210 ἀεί
450 4172 518 4227 με
543 4154 726 4226 τηρῶν
757 4156 850 4209 καὶ
874 4154 1052 4218 καλῶς
1087 4154 1484 4228 τιθηνούμενος.
1528 4157 1776 4229 Θαύματι
1815 4156 1908 4215 οὖν

340 4248 391 4300 οἱ
431 4246 681 4309 τεκόντες
720 4245 1016 4320 ἀπορρήτῳ
1062 4246 1159 4299 σὺν
1206 4245 1364 4318 ἡδονῇ
1411 4244 1738 4316 ληφθέντες,
1784 4251 1912 4314 τοὺς

341 4337 637 4411 προτέρους
683 4337 911 4409 θρήνους
957 4338 1051 4390 καὶ
1094 4337 1163 4390 τά
1212 4337 1510 4410 σκυθρωπά
1564 4339 1658 4392 τοῦ
1706 4343 1911 4407 πάθους

339 4430 520 4483 ἐκεῖνα
549 4431 787 4508 ῥήματα,
812 4429 891 4492 είς
915 4428 1242 4501 φαιδρότητα
1265 4429 1358 4482 καὶ
1381 4429 1726 4502 εὐχαριστίαν
1749 4434 1908 4504 μετέ-
1936 4467 1981 4522 D

340 4521 518 4584 ϐαλον,
536 4521 907 4592 Θαυμαστὸς,
941 4522 1209 4591 λέγοντες,
1240 4525 1272 4576 ό
1298 4523 1442 4589 Θεὸς
1472 4523 1541 4576 ἐν
1564 4523 1687 4590 τοῖς
1715 4526 1905 4595 ἁγίοις

335 4614 539 4681 αὐτοῦ,
565 4614 659 4668 καὶ
672 4615 771 4667 ὅσα
788 4612 913 4683 ἑξῆς
928 4612 1325 4685 προστιθέντες.
1357 4614 1774 4687 Ἐπανέρχονται
1795 4618 1905 4672 τοί-

335 4724 429 4759 νυν
474 4707 729 4778 μακάριοι
766 4706 862 4760 καὶ
902 4705 1133 4776 ζηλωτοὶ
1178 4705 1316 4777 πρὸς
1354 4705 1454 4777 τὴν
1490 4709 1697 4761 οἰκίαν·
1742 4709 1800 4761 ὃν
1828 4709 1905 4774 ὡς

334 4797 524 4870 νεκρὸν
552 4798 828 4863 ἐπένθουν,
855 4799 949 4851 καὶ
974 4796 1146 4865 τάφον
1182 4797 1330 4868 αὐτῷ
1354 4796 1636 4852 θαλαττίου
1661 4801 1902 4873 γαστέρα

2040 1797 2295 1852 maestitia
2327 1802 2651 1870 suggerebat
2687 1803 2828 1858 inter
2853 1821 2912 1859 se
2940 1807 3228 1874 collocuti,
3274 1810 3439 1862 domo
3479 1825 3607 1879 pro-

2037 1887 2241 1953 deunt,
2279 1891 2493 1961 lugubri
2539 1904 2771 1959 ornatu,
2809 1898 3090 1971 oculisque
3139 1890 3604 1969 lacrymarum'vi

2036 1979 2408 2050 liquentibus;
2450 1992 2612 2054 atque
2643 1987 2707 2040 ad
2738 1988 2890 2043 littus
2919 1994 3256 2058 perveniunt.
3292 1992 3356 2047 Et
3385 1995 3602 2063 quidem

2035 2072 2220 2127 statim
2247 2074 2454 2130 recedit
2483 2092 2654 2143 mare,
2684 2081 3019 2147 przestitutus
3046 2081 3164 2138 dies
3195 2098 3317 2137 cum
3351 2085 3590 2139 advenis-

2033 2172 2136 2218 set.
2178 2163 2493 2235 Sequuntur
2522 2177 2702 2223 autem
2738 2170 2816 2224 illi
2860 2172 3060 2240 primi,
3101 2182 3264 2242 atque
3300 2189 3332 2227 e
3374 2174 3602 2245 vestigio

2032 2256 2121 2309 alii
2150 2256 2354 2323 denuo,
2384 2260 2522 2313 mari
2554 2269 2811 2331 tanquam
2846 2263 3056 2318 itineris
3087 2264 3225 2319 duce
3259 2275 3493 2319 utentes.
3522 2267 3600 2321 Ac

2031 2350 2291 2418 templum
2317 2351 2449 2405 illud
2476 2368 2573 2406 sua
2598 2366 2792 2423 sponte
2817 2355 3141 2410 aedificatum
3165 2395 3182 2422 ,
3227 2357 3338 2411 imo
3389 2374 3418 2411 a
3471 2366 3561 2411 tua
3580 2399 3595 2425 ,

2029 2438 2291 2509 Domine,
2334 2443 2599 2521 sapientia
2629 2447 2906 2499 conditum
2954 2447 3317 2516 attingentes,
3363 2456 3598 2501 cernunt

2026 2544 2255 2598 puerum
2283 2571 2297 2596 ,
2328 2548 2362 2586 ο
2390 2535 2713 2589 miraculum
2736 2538 2749 2590 !
2776 2537 2959 2590 vivum
2987 2546 3040 2601 et
3067 2538 3346 2593 salientem
3376 2538 3430 2591 in
3458 2546 3597 2591 tem-

2026 2622 2135 2690 plo.
2172 2621 2238 2676 Et
2267 2623 2447 2693 primo
2474 2627 2691 2695 quidem
2718 2627 2785 2681 de
2814 2628 2882 2684 iis
2917 2644 3039 2697 quae
3076 2629 3440 2683 cernebantur
3478 2645 3595 2683 am-

2025 2709 2301 2780 bigebant,
2335 2723 2650 2782 reputantes
2678 2732 2804 2771 num
2834 2717 2977 2772 Illius
3002 2727 3146 2774 esset
3176 2718 3226 2772 id
3250 2721 3396 2789 quod
3427 2734 3599 2789 appa-

2022 2809 2187 2857 reret.
2243 2800 2540 2875 Postquam
2592 2807 2995 2880 vero_indiciis
3050 2818 3103 2863 et
3159 2811 3402 2879 gestibus
3459 2825 3596 2880 puer

2022 2893 2250 2949 omnino
2277 2895 2359 2949 eis
2386 2895 2545 2951 Iidem
2583 2877 3013 2970 fecit,'huncque
3040 2901 3221 2970 ipsum
3260 2917 3381 2957 esse
3418 2902 3590 2955 lilium

2020 2982 2404 3051 crediderunt,
2433 2985 2723 3040 confestim
2757 2988 2992 3058 amplexi
3022 3004 3147 3045 eum
3169 3029 3185 3055 ,
3223 2997 3276 3043 et
3320 2989 3496 3044 oculis
3526 3004 3591 3045 ac

2020 3073 2189 3129 labris
2224 3075 2564 3137 adhaerentes
2588 3118 2604 3144 ,
2632 3077 2899 3141 fleverunt
2942 3065 3033 3141 diu
3061 3121 3075 3146 ,
3110 3080 3195 3135 his
3228 3081 3480 3153 dulcibus
3510 3082 3589 3136 la-

2019 3164 2222 3233 crymis
2269 3180 2379 3232 pra:
2431 3166 2631 3235 gaudio
2677 3167 2902 3233 effusis,
2953 3184 3190 3239 eumque
3239 3171 3589 3226 vehementer

2017 3256 2173 3326 quasi
2201 3258 2350 3312 nudo
2380 3258 2566 3314 animo
2588 3259 2889 3317 deosculati
2917 3269 3063 3317 sunt.

2087 3522 2415 3579 CLXXVIII.
2449 3522 2653 3579 Deinde
2689 3539 2812 3578 cum
2846 3525 3069 3594 paulum
3103 3524 3454 3595 collegissent
3486 3540 3579 3594 se,

2013 3616 2225 3684 singula
2265 3616 2550 3686 diligenter
2580 3624 2840 3686 rogarunt
2869 3630 3096 3685 puerum
3117 3658 3132 3683 ,
3164 3631 3273 3686 quo
3300 3616 3465 3670 modo
3504 3616 3580 3670 ita

2014 3707 2336 3762 mirabiliter
2363 3714 2611 3762 servatus
2645 3703 2874 3771 fuisset,
2917 3718 3028 3774 quo
3056 3704 3395 3760 custodiente
3416 3744 3432 3772 ,
3469 3721 3582 3775 quo

2013 3797 2324 3861 nutriente,
2370 3809 2480 3865 quo
2523 3794 2774 3863 ferente,
2813 3808 2924 3865 quo
2959 3794 3126 3867 vitam
3166 3804 3472 3869 praestante.
3511 3795 3583 3869 ᾼι

2013 3887 2103 3944 ille
2127 3887 2258 3941 laeva
2287 3886 2507 3956 quidem
2539 3901 2700 3939 manu
2730 3886 2966 3940 loculum
3002 3893 3215 3952 tenens,
3243 3885 3412 3940 altera
3447 3902 3578 3942 vero

2013 3979 2070 4033 in
2096 3993 2162 4037 eo
2187 3978 2457 4047 jacentem
2487 3978 2803 4033 ostendens:
2832 3977 2929 4033 Hie
2956 3978 3111 4045 mihi,
3144 3978 3341 4049 inquit,
3373 3987 3426 4033 et
3456 3979 3579 4035 vita:

2011 4069 2257 4141 largitor,
2283 4079 2337 4125 et
2367 4069 2547 4133 aliter,
2577 4077 2630 4123 et
2652 4078 2839 4124 custos
2871 4069 3009 4134 fuit,
3045 4069 3186 4139 apud
3218 4085 3277 4124 se
3305 4085 3430 4124 vere
3453 4085 3578 4138 per-

2011 4170 2174 4232 petuo
2201 4177 2287 4221 me
2321 4177 2656 4217 conservans
2684 4177 2748 4216 ac
2774 4163 3035 4232 praeclare
3071 4162 3372 4217 enutriens.
3412 4160 3579 4217 Mira-

2011 4256 2138 4310 culo
2196 4255 2361 4326 igitur
2410 4254 2761 4310 inenarrabili
2810 4264 3063 4324 parentes
3118 4270 3243 4309 cum
3299 4254 3576 4322 voluptate

2011 4349 2187 4418 capti,
2212 4348 2447 4402 lamenta
2485 4348 2686 4417 priora,
2719 4355 2773 4401 et
2804 4348 2977 4401 tristia
3015 4347 3105 4400 illa
3135 4346 3342 4401 doloris
3371 4346 3533 4399 verba
3553 4385 3571 4411 ,

2012 4439 2065 4493 in
2097 4439 2427 4493 hilaritatem
2458 4447 2512 4494 et
2541 4439 2836 4510 gratiarum
2879 4439 3149 4494 actionem
3189 4446 3570 4501 mutaverunt,

2009 4532 2285 4589 dicentes:
2330 4531 2596 4585 Mirabilis
2628 4531 2766 4585 Deus
2798 4532 2853 4584 in
2882 4531 3079 4584 sanctis
3117 4531 3227 4583 suis
3250 4530 3327 4593 ’7;
3363 4539 3416 4583 et
3442 4544 3574 4582 con-

2010 4623 2291 4692 sequentia
2347 4621 2627 4677 addentes.
2682 4619 2869 4689 Itaque
2920 4621 3062 4677 beati
3108 4635 3174 4674 ac
3224 4619 3573 4674 aemulatione

2007 4713 2155 4783 digni
2181 4712 2405 4766 redeunt
2436 4711 2659 4766 domum
2686 4728 2699 4766 :
2729 4725 2887 4780 quem
2912 4719 2971 4764 ut
2993 4719 3266 4764 mortuum
3291 4708 3567 4780 lugebant,

2006 4811 2060 4856 et
2085 4801 2173 4856 cui
2205 4802 2514 4871 sepulcrum
2543 4816 2666 4855 esse
2691 4806 2933 4855 ventrem
2966 4799 3157 4854 bellua:
3184 4799 3409 4854 marina:
3428 4814 3570 4869 pra:—

1158 4982 1163 4993 .
1630 4936 1866 4993 VARI/Ei
1907 4937 2301 4994 LECTIONES.

437 5026 485 5059 "
504 5028 579 5083 al.
617 5028 829 5101 πρῶτα.
922 5028 966 5060 ⁷⁸
1012 5027 1083 5081 aI.
1147 5026 1451 5096 ἐκχέοντες.
1526 5028 1572 5060 ⁷⁵
1607 5029 1682 5082 al.
1747 5014 2077 5102 περιεσώθη.
2153 5033 2198 5065 ⁷⁷
2229 5032 2375 5088 Psal.
2413 5034 2693 5099 van,56.

1658 5169 2019 5230 VABIORUM
2063 5174 2291 5232 NOTAE.

398 5255 514 5326 (26)
561 5256 961 5331 Δ’.ιὶλλόμενοτα
998 5258 1073 5314 Ex
1104 5260 1407 5329 Ephraemo.
1441 5262 1507 5316 At
1533 5261 1893 5331 Nicephorus,

2000 5272 2179 5343 cisset,
2211 5273 2499 5343 excitatum
2526 5269 2791 5343 uelociter,
2825 5271 3177 5338 spectantibus
3207 5273 3436 5343 populis,
3475 5273 3559 5326 in-

327 5346 405 5382 πα
445 5325 790 5448 ακαθιὲμενον
830 5327 1079 5399 λάρνακι.
1127 5325 1183 5384 In
1231 5347 1333 5386 ms.
1375 5333 1552 5398 2421,
1595 5325 1753 5403 ἐν’τῇ
1795 5325 1891 5388 τού
1998 5325 2261 5394 columem
2299 5342 2483 5396 levavit
2516 5342 2569 5393 in
2600 5340 2740 5394 ulnis
2762 5325 2790 5403 ,’
2818 5325 3147 5411 interrogans
3177 5325 3315 5394 5;qu
3342 5325 3552 5405 oscula,

325 5345 484 5453 d‘fgm
526 5413 596 5450 κα
633 5399 834 5453 ήμενον
867 5398 1113 5453 λάρνακι.
1151 5399 1479 5453 Greaorius.
1523 5403 1885 5453 dormientem.
1994 5412 2085 5453 ubi
2121 5427 2211 5453 npr
2239 5414 2365 5453 ηπ»ιό
2402 5414 2584 5453 fuisse!
2611 5412 2806 5453 snnlitL
2851 5411 3063 5453 Nescire
3091 5428 3144 5453 ιο
3174 5414 3251 5453 m't
3302 5413 3349 5453 εἰ
3385 5429 3552 5453 annm;

365 5415 484 5467 γιου

526 5398 834 5472 καθῄμενον
867 5398 1113 5472 λάρνακι.
1151 5399 1479 5472 Gregorius,
1523 5398 1885 5458 dormientem.

328 5466 534 5536 Aspicit
564 5466 738 5535 ﬁlium
766 5466 821 5520 in
853 5485 913 5522 eo
938 5466 1091 5533 loco,
1120 5470 1210 5524 ubi
1235 5466 1350 5524 eam
1383 5466 1726 5529 dormientem
1758 5474 1881 5526 reli-

1994 5412 2085 5462 ubi
2119 5427 2211 5479 per
2239 5414 2365 5465 anui
2398 5414 2584 5481 fuisset
2611 5412 2807 5479 spatia.
2844 5411 3063 5465 Nescire
3091 5428 3144 5465 se
3174 5414 3270 5477 ait,
3301 5413 3349 5464 si
3385 5429 3554 5466 annus

1993 5481 2194 5549 integer
2226 5482 2570 5551 prwterit'sset
2591 5496 2609 5533 :
2659 5490 2860 5535 tantum
2899 5482 3155 5536 domuisse
3186 5484 3334 5536 suavi
3370 5498 3552 5551 sopore

326 5546 534 5608 (μίμνοι,
556 5539 612 5591 in
635 5539 752 5620 ipso
777 5538 949 5591 adhuc
970 5544 1363 5620 saporeteneri.
1389 5542 1687 5620 zEstiman-s
1710 5553 1885 5620 autem
1989 5553 2041 5604 in
2072 5538 2237 5606 tritius.
2260 5554 2426 5607 noctis
2457 5552 2628 5620 spatio
2672 5551 2990 5606 a'stimabat.
3044 5552 3135 5608 Sic
3173 5562 3327 5608 vetus
3362 5569 3389 5607 t‘
3412 5538 3549 5608 illex.

326 5624 446 5662 eum
477 5624 587 5682 esse
615 5607 941 5682 defunctum,
971 5612 1188 5682 accessit
1229 5613 1484 5675 cominus,
1516 5614 1668 5682 quasi
1696 5612 1884 5666 collec-

329 5689 452 5732 tum
477 5678 701 5732 cadaver
722 5680 997 5733 exanime:
1026 5680 1114 5734 sed
1145 5693 1258 5733 cum
1287 5697 1405 5735 eum
1437 5678 1664 5737 dormire
1693 5700 1881 5754 cogno-

1986 5622 2123 5675 Cor.
