4032 6146
311 335 420 390 605

1771 329 2176 396 LITURGICA.

885 471 1488 606 LITURGIA“
1553 517 1647 608 s.
1733 514 2410 608 CLEMENTIS
2492 515 3001 610 ROMANI.

677 711 917 768 Primum
953 713 1142 769 Oratio
1173 724 1293 768 ante
1324 715 1537 770 Pacem.

394 805 539 860 Deus
563 806 654 876 qui
677 821 735 860 es
765 820 916 860 mare
948 805 1219 859 ineﬁ‘abile
1246 805 1549 870 charitatis,
1575 815 1629 861 et
1653 807 1889 878 abyssus

321 897 816 967 imperserutahilis
844 897 1017 965 pacis,
1050 894 1174 949 fons
1222 895 1516 962 bonorum,
1563 907 1616 952 et
1662 898 1890 968 largitor

317 988 644 1053 dilectionis,
674 989 768 1058 qui
791 987 961 1042 mittis
986 1003 1172 1057 pacem
1198 987 1266 1040 ad
1295 989 1418 1043 illos
1447 990 1540 1059 qui
1565 1005 1685 1044 eam
1709 990 1890 1044 susci-

316 1079 669 1148 piunt:aperi
702 1079 861 1133 nobis
888 1079 993 1133 hoc
1017 1085 1259 1147 tempore
1286 1095 1437 1134 mare
1466 1079 1753 1135 charitatis
1784 1089 1891 1135 tua;

313 1181 367 1225 et
398 1170 564 1242 irriga
589 1186 689 1226 nos
710 1170 929 1225 ﬂuentis
958 1170 1269 1238 ditissimis,
1306 1187 1371 1226 ex
1405 1173 1652 1227 ubertate
1703 1173 1890 1242 gratiae

313 1275 446 1330 tuae,
501 1272 555 1317 et
603 1278 667 1316 ex
715 1261 959 1317 fontibus
995 1263 1341 1319 suavissimis
1371 1264 1724 1333 benignitatis
1760 1273 1885 1320 tuae.

295 1352 425 1408 .Fac
469 1369 570 1407 nos
599 1353 741 1408 ﬁlios
773 1354 1186 1424 tranquillitatis
1224 1365 1279 1409 et
1310 1356 1553 1412 haeredes
1592 1359 1764 1427 pacis,
1798 1374 1889 1414 ac-

313 1443 487 1498 cende
515 1444 568 1497 in
627 1444 785 1498 nobis
814 1444 991 1514 ignem
1041 1444 1329 1500 charitatis
1375 1456 1502 1513 tuae,
1538 1455 1592 1501 et
1619 1446 1886 1502 fervorem

311 1535 522 1589 amoris
552 1535 649 1589 tui.
676 1535 805 1590 Sere
836 1538 888 1588 in
908 1536 1064 1590 nobis
1089 1537 1337 1591 timorem
1363 1539 1888 1604 tuum,etconlirma

312 1623 689 1679 inﬁrmitatem
734 1635 974 1680 nostram
1012 1626 1239 1680 veritate
1270 1633 1382 1681 tua.
1415 1626 1747 1699 Constringe
1785 1643 1888 1684 nos

312 1723 518 1780 tecum,
565 1725 618 1770 et
661 1716 945 1772 nobiscum
988 1717 1246 1782 invicem,
1293 1734 1423 1786 una,
1471 1721 1740 1791 ﬁrmaque
1787 1737 1888 1777 nec

309 1809 625 1865 dissolubili
659 1810 973 1864 concordia.
1002 1808 1207 1864 Praesta
1234 1812 1400 1866 etiam
1445 1819 1508 1866 ut
1529 1813 1686 1868 vacui
1733 1813 1883 1879 dolo,

310 1913 366 1958 et
394 1903 519 1972 puri
541 1902 609 1957 ab
631 1903 780 1956 omni
812 1903 1001 1968 livore,
1027 1904 1329 1958 salutemus
1357 1904 1588 1960 invicem
1616 1905 1670 1959 in
1698 1908 1887 1963 osculo

309 2004 366 2048 et
380 1995 630 2064 amplexu
647 1995 796 2064 pacis
817 2003 872 2048 et
889 1994 1172 2050 charitatis
1191 2009 1299 2049 non
1323 1996 1479 2062 ﬁctae,
1493 2006 1554 2052 ut
1577 2013 1702 2052 cum
1721 2000 1885 2054 corde

309 2099 451 2154 puro
480 2092 533 2138 et
562 2086 743 2138 anima
766 2085 991 2151 munda,
1021 2085 1111 2140 hic
1130 2086 1347 2155 quidem
1375 2088 1737 2152 arrhabonem
1763 2091 1885 2145 vitae

308 2176 574 2232 membris
603 2177 810 2232 nostris
848 2177 1200 2244 misceamus,
1241 2187 1295 2232 et
1325 2179 1437 2234 illic
1465 2179 1520 2233 in
1550 2178 1739 2235 futuro
1783 2197 1878 2238 sa:-

307 2268 436 2322 culo
462 2269 672 2323 invitati
710 2269 882 2324 simus
907 2269 973 2323 ad
1005 2268 1207 2324 festum
1238 2269 1368 2323 illud
1419 2281 1742 2340 perpetuum
1782 2273 1883 2329 de-

306 2356 562 2428 liciisque
589 2356 1125 2411 abundantissimum
1155 2373 1167 2408 :
1215 2365 1272 2410 et
1299 2357 1702 2426 triumphaliter
1736 2360 1882 2414 cele-

306 2445 533 2502 bremus
561 2457 631 2514 te,
664 2461 697 2500 ο
724 2447 900 2513 beate,
938 2447 993 2501 in
1026 2462 1193 2514 regno
1217 2454 1332 2512 tuo,
1363 2448 1509 2516 quod
1535 2447 1588 2501 in
1617 2459 1882 2504 aeternum

308 2550 614 2607 permanet,
643 2547 696 2592 et
723 2538 1062 2610 unigenitum
1094 2537 1293 2593 Filium
1333 2547 1509 2601 tuum,
1532 2550 1586 2595 et
1616 2539 1880 2612 Spiritum

308 2636 465 2684 tuum
506 2639 780 2685 sanctum.

377 2720 638 2790 Populus.
669 2721 864 2775 Amen.

375 2810 658 2867 Sacerdos.
685 2812 815 2867 Pax.

375 2902 636 2974 Populus.
669 2904 883 2961 Etcum
911 2907 1103 2977 spiritu
1134 2917 1248 2966 tuo.

373 2997 664 3052 Diaconus.
701 2996 798 3053 Det
830 3001 1209 3072 unusquisque
1240 3017 1452 3072 pacem.

377 3089 632 3160 Populus.
665 3089 888 3148 Omnes.

373 3178 668 3236 Diaconus.
703 3181 854 3248 Post,
885 3192 989 3238 etc.

275 3268 281 3278 ’
372 3269 636 3341 Populus.
666 3271 933 3328 Coramte
956 3273 1204 3330 Domine.

1927 717 1972 774 Α
2004 729 2133 768 num
2182 724 2518 769 nostrarum.
2553 712 2721 767 Indue
2763 727 2866 765 nos
2904 711 3040 765 stola
3091 725 3231 763 nova
3276 720 3560 768 Intertexta

1992 816 2193 861 ornatu
2226 823 2438 861 morum
2475 807 2827 860 honestorum
2856 821 2870 856 :
2897 812 2948 856 et
2980 818 3075 870 per
3113 800 3374 870 Spiritum
3408 813 3558 860 tuum

1991 907 2240 954 sanctum
2273 900 2638 968 perﬁcientem
2669 897 2874 961 omnia,
2901 896 2993 965 qui
3026 895 3078 947 in
3105 895 3363 949 omnibus
3409 912 3563 950 men-

1991 992 2138 1046 tibus
2166 992 2316 1060 puris
2355 992 2588 1056 habitat,
2623 1002 2672 1045 et
2714 991 2766 1043 in
2808 989 3096 1042 animabus
3133 988 3350 1042 mundis
3377 989 3560 1042 sedem

1991 1084 2180 1149 habet,
2211 1078 2494 1137 sanctiﬁca
2538 1098 2638 1136 nos
2669 1097 2766 1150 per
2813 1081 3067 1150 gratiam,
3100 1079 3558 1138 misericordiam.

1990 1185 2043 1230 et
2075 1190 2315 1229 amorem
2367 1190 2493 1245 erga
2537 1175 2789 1228 homines
2828 1171 3090 1240 unigeniti
3136 1170 3258 1225 Filii
3306 1170 3382 1226 tui
3417 1188 3430 1225 :
3465 1186 3563 1240 per

1989 1280 2151 1336 quem
2178 1275 2229 1320 et
2253 1281 2376 1320 cum
2399 1279 2509 1334 quo
2532 1272 2581 1318 te
2601 1264 2758 1319 decet
2775 1263 2965 1334 gloria,
2993 1271 3100 1318 etc.

2060 1355 2316 1424 Populus.
2355 1355 2549 1409 ‘Amen.

2060 1447 2352 1501 Diaconus.
2383 1447 2602 1501 Stemus
2631 1447 2903 1501 decenter.

2063 1540 2315 1608 Populus.
2348 1538 2754 1595 Misericordiae.

2063 1629 2346 1686 Sacerdos.
2371 1629 2648 1685 Charitas.

2059 1721 2318 1792 Populus.
2351 1720 2416 1775 Et
2441 1737 2566 1775 cum
2593 1719 2785 1790 spiritu
2820 1728 2935 1774 tuo.

2059 1813 2337 1870 Sacerdos.
2370 1813 2601 1868 Sursum
2627 1813 2811 1867 corda.

2058 1903 2315 1973 Populus.
2350 1902 2628 1958 Habemus
2660 1903 2728 1957 ad
2758 1901 3071 1957 Dominum.

2061 1994 2341 2049 Sacerdos.
2366 1991 2580 2048 Gratias
2607 2008 2834 2062 agamus
2866 1991 3116 2047 Domino.

2057 2080 2318 2152 Populus.
2347 2081 2578 2151 Dignum
2605 2091 2658 2136 et
2682 2083 2892 2151 justum
2925 2095 3029 2137 est.

2059 2173 2340 2228 Sacerdos.
2382 2173 2458 2230 Te
2509 2175 2654 2229 enim
2696 2175 2852 2229 decet
2882 2175 3055 2246 gloria
3094 2182 3148 2231 et
3189 2175 3284 2230 tibi
3333 2175 3561 2230 debetur

1985 2266 2230 2322 laudatio
2260 2283 2273 2318 :
2305 2276 2357 2321 te
2386 2267 2542 2334 decet
2570 2267 2806 2337 hymnus
2835 2277 2888 2322 et
2919 2267 3178 2322 cxaltatio
3212 2282 3560 2338 quocumque

1987 2366 2252 2427 tempore,
2297 2355 2535 2424 Patrem,
2588 2356 2809 2422 Filium,
2859 2368 2913 2414 et
2966 2358 3230 2428 Spiritum
3284 2367 3560 2424 sanctum,

1984 2446 2156 2502 Deum
2179 2463 2392 2514 verum,
2418 2448 2583 2503 unius
2606 2457 2816 2502 naturae
2838 2450 3087 2515 excelsas,
3119 2450 3282 2503 unius
3305 2449 3562 2503 substan-

2000 2543 2108 2609 tize,
2140 2541 2235 2612 qui
2263 2540 2316 2595 in
2360 2537 2616 2594 Hersonis
2655 2537 2832 2592 tribus
2857 2534 3104 2590 adoraris
3133 2543 3186 2591 et
3231 2536 3470 2596 laudaris
3499 2540 3568 2596 ab

1996 2633 2274 2696 omnibus,
2300 2646 2422 2700 quae
2447 2645 2545 2701 per
2574 2628 2891 2699 sapientiam
2925 2627 3120 2681 creasti
3146 2636 3200 2681 et
3227 2628 3511 2685 ordinasti.

2054 2713 2312 2774 Sacerdos
2328 2721 2534 2774 elevans
2559 2737 2755 2776 vocem.
2789 2721 3172 2776 Benedicimus
3211 2731 3260 2776 te
3297 2720 3560 2775 factorem

1983 2814 2308 2868 saeculorum
2329 2823 2383 2868 ct
2409 2825 2710 2868 creatorem
2736 2822 2930 2868 natura
2941 2830 3082 2881 rum,
3104 2813 3418 2883 largitorem
3438 2812 3561 2866 vita:

1981 2912 2037 2957 et
2066 2902 2359 2958 Dominum
2380 2913 2761 2959 creaturarum
2794 2905 3088 2959 visibilium
3109 2915 3160 2959 et
3184 2905 3558 2959 invisibilium.

1980 2996 2116 3052 Coali
2147 2998 2433 3063 ccelorum,
2471 3007 2525 3053 et
2559 3014 2900 3070 quaecunque
2952 3000 3008 3054 in
3057 3000 3166 3055 illis
3221 3008 3372 3067 sunt,
3430 3015 3558 3055 cum

1982 3088 2196 3142 naturis
2235 3089 2410 3158 igneis
2441 3098 2495 3143 et
2528 3091 2908 3159 spiritualibus
2946 3101 2998 3146 te
3029 3092 3358 3162 glorilicant.
3390 3091 3562 3146 Solet

1983 3177 2112 3231 luna
2142 3179 2404 3232 cursibus
2433 3180 2551 3234 suis
2590 3189 2640 3234 te
2666 3192 2998 3236 venerantur
3030 3199 3044 3234 :
3070 3183 3240 3237 stellae
3268 3183 3560 3252 splendore

1981 3283 2088 3322 suo
2118 3278 2169 3324 te
2197 3272 2499 3338 praedicant
2530 3289 2543 3324 :
2582 3273 2830 3327 tonitrua
2861 3274 3013 3328 sonis
3043 3274 3159 3328 suis
3203 3282 3434 3337 terrent,
3485 3274 3556 3328 ad

373 3359 634 3416 Sacerdos
682 3361 887 3416 elevans
932 3379 1126 3418 vocem.
1178 3363 1323 3420 Deus
1354 3363 1668 3428 invisibilis,
1701 3370 1754 3417 et
1794 3363 1878 3416 in-
1904 3384 1951 3446 ο
1985 3359 2301 3414 mandatum
2349 3370 2758 3418 tuumzmotus
2806 3363 2859 3416 in
2910 3378 3037 3418 aere
3088 3363 3344 3418 virtutem
3403 3373 3554 3419 tuam

301 3453 839 3522 comprehensibilis,
875 3454 1164 3510 ineﬁabilis
1187 3465 1241 3510 et
1266 3457 1498 3522 inlinite,
1531 3455 1627 3524 qui
1654 3456 1707 3508 in
1737 3453 1878 3508 San-

303 3545 411 3598 ctis
436 3553 757 3599 sanctorum
784 3546 1018 3600 excelsis
1046 3547 1290 3612 habitas,
1321 3547 1374 3600 in
1427 3556 1637 3600 secreto
1666 3545 1879 3599 habita-

302 3635 453 3701 culo,
499 3636 645 3707 quod
685 3638 938 3692 manibus
970 3636 1174 3693 factum
1205 3653 1311 3693 non
1344 3645 1447 3703 est,
1485 3652 1651 3707 supra
1704 3637 1876 3691 caelos

302 3727 596 3794 malorum,
621 3738 675 3784 et
707 3745 873 3800 supra
896 3730 1162 3800 quidquid
1189 3730 1444 3800 superius
1472 3729 1582 3784 illis
1630 3738 1748 3797 est;
1782 3729 1878 3800 qui

303 3817 545 3876 destruis
572 3836 790 3876 omnem
839 3822 1183 3877 altitudinem
1237 3823 1554 3892 passionum
1611 3821 1880 3878 extollen-

303 3917 414 3963 tem
439 3926 500 3966 se
542 3912 804 3968 adversus
835 3913 1121 3968 scientiam
1154 3923 1326 3979 tuam,
1359 3925 1414 3969 et
1443 3915 1689 3984 captivas
1757 3929 1878 3970 om-

303 4016 430 4056 nem
463 4003 848 4074 cogitationem
881 4006 950 4061 ad
982 4005 1219 4062 formam
1251 4007 1580 4062 humilitatis
1619 4016 1676 4062 et
1720 4007 1878 4063 adni-

304 4093 588 4150 bilationis
643 4107 765 4154 Iure.
818 4095 901 4152 Tu
955 4099 1298 4165 beatissime;
1339 4107 1395 4154 et
1421 4098 1573 4153 dives
1605 4099 1876 4153 donorum

304 4187 647 4254 sublimium,
677 4191 863 4260 aspice
901 4206 1002 4246 nos
1030 4206 1061 4246 e
1106 4191 1262 4246 caelis
1310 4191 1418 4246 tuis
1457 4191 1788 4245 sublimibus
1823 4198 1878 4245 et

303 4276 627 4348 splendidis,
657 4290 710 4335 et
731 4295 798 4334 ex
833 4280 1170 4336 habitatione
1200 4283 1350 4350 regni
1385 4283 1462 4336 tui
1501 4281 1879 4336 aaterni.Mitte

303 4374 466 4430 nobis
495 4375 637 4429 dona
669 4375 859 4446 gratia:
885 4383 990 4430 tua:
1016 4376 1236 4444 divinat,
1263 4377 1720 4432 inhabilationem
1749 4377 1877 4447 Spi~

303 4467 444 4524 ritus
477 4468 554 4522 tui
581 4469 755 4523 sancti
783 4484 795 4519 :
840 4468 969 4538 quia
1000 4479 1056 4523 tu
1101 4469 1254 4524 dives
1293 4470 1796 4524 misericordiarum
1824 4481 1878 4525 et

305 4560 632 4630 magniﬁcus
661 4561 715 4614 in
745 4560 925 4626 donis,
951 4570 1004 4615 et
1032 4561 1384 4630 amplissima:
1403 4562 1723 4628 clementiae,
1747 4561 1876 4616 tibi-

305 4664 414 4718 que
448 4651 678 4719 gloriam
731 4660 787 4706 et
828 4651 1128 4721 gratiarum
1175 4651 1448 4706 actionem
1482 4651 1790 4716 oﬁ‘erimus,
1822 4659 1878 4706 et

304 4739 586 4810 unigenito
609 4739 750 4795 Filio
787 4749 903 4806 tuo,
942 4748 1044 4796 etc.

373 4830 632 4900 Populus.
663 4831 854 4887 Amen.

376 4922 656 4980 Sacerdos.
681 4923 911 4978 Domine
943 4922 1086 4979 Dens
1113 4933 1330 4993 potens,
1353 4925 1448 4995 qui
1469 4927 1621 4983 vides
1643 4929 1879 4984 abscon-

303 5013 440 5076 dita.
472 5024 527 5068 et
577 5013 761 5068 futura
792 5015 956 5068 etiam
989 5024 1269 5084 penetras,
1314 5013 1440 5071 fons
1484 5018 1610 5071 vitm
1643 5029 1698 5073 et
1722 5021 1876 5091 origo

305 5107 463 5162 beata
492 5107 844 5162 beatitudinis
858 5116 913 5162 et
937 5108 1226 5173 bonitatis;
1257 5107 1484 5178 largitor
1517 5110 1792 5179 puritatis,
1820 5119 1875 5166 et

303 5215 335 5253 a
378 5213 490 5270 quo
537 5199 800 5256 sanctitas
831 5199 996 5253 habet
1025 5200 1326 5269 originem;
1367 5200 1660 5256 thesaurus
1687 5217 1871 5256 rerum

319 5294 708 5362 pretiosarum,
735 5300 790 5347 et
815 5290 940 5346 fons
969 5293 1254 5362 sapientia:
1271 5311 1284 5345 :
1303 5301 1458 5362 pater
1475 5293 1612 5348 lucis
1635 5304 1870 5362 εἰει-πω,

305 5394 426 5449 quae
457 5392 544 5436 est
592 5391 718 5434 ante
773 5382 959 5435 omnia
1018 5382 1217 5436 saecula
1269 5383 1324 5436 in
1379 5391 1430 5438 te
1483 5385 1869 5453 essentialiter,

303 5473 530 5544 aqualis
567 5472 810 5543 potentia
834 5481 888 5526 et
911 5472 1102 5540 gloria.
1142 5472 1218 5528 Te
1245 5473 1607 5544 deprecamur
1635 5475 1869 5530 sanctis-

305 5565 444 5620 sime
493 5565 765 5632 Domine,
814 5564 1093 5620 sanctilica
1143 5575 1355 5621 mentes
1408 5575 1463 5622 et
1512 5568 1872 5638 cogitationes

307 5656 552 5711 ominum
582 5668 854 5726 nostrum,
893 5657 1096 5712 munda
1133 5656 1348 5714 animas
1382 5669 1436 5714 et
1477 5674 1710 5732 corpora
1754 5675 1874 5714 om-

267 5749 461 5810 ,nium
496 5761 766 5820 nostrum,
817 5749 1029 5806 refrena
1075 5749 1535 5806 inordinationem
1586 5750 1872 5823 cogitatio-

283 5835 294 5881 ι

1981 3450 2334 3520 signiﬁcant:
2369 3467 2526 3522 aqua:
2570 3453 2624 3506 in
2657 3453 2896 3508 nubibus
2941 3462 3080 3508 nutu
3111 3463 3205 3508 tuo
3229 3463 3503 3525 coguntur
3536 3470 3552 3507 :

1979 3551 2125 3599 terra
2151 3553 2206 3599 et
2234 3560 2573 3616 quaecunque
2597 3531 2790 3615 \super
2817 3561 2937 3599 eam
2967 3554 3116 3613 sunt,
3150 3562 3181 3600 a
3219 3555 3272 3601 te
3299 3548 3554 3616 pendent,

1979 3642 2143 3706 atque
2173 3651 2204 3690 a
2237 3645 2287 3690 te
2317 3645 2699 3692 sustentantur
2736 3655 2752 3690 :
2791 3645 3002 3691 naturae
3037 3638 3354 3704 rationales,
3386 3648 3440 3693 et
3467 3655 3557 3693 ra-

1979 3729 2128 3785 tione
2158 3737 2428 3794 carentes,
2461 3727 2568 3782 illaa
2592 3743 2716 3798 quae
2742 3728 3119 3799 intelligentia,
3175 3739 3231 3785 et
3267 3745 3390 3800 qua:
3431 3729 3553 3786 solo

1978 3833 2144 3874 sensu
2172 3817 2412 3887 praedita
2438 3825 2588 3883 sunt,
2612 3832 2706 3886 per
2728 3825 2779 3872 te
2800 3817 3010 3885 vivunt,
3035 3825 3090 3873 et
3120 3819 3374 3889 potestati
3399 3820 3553 3890 regni

1979 3909 2060 3964 tui
2088 3909 2372 3964 obediunt.
2421 3907 2622 3976 Habes,
2651 3908 2903 3976 Domine,
2936 3910 2991 3964 in
3025 3911 3165 3966 caelo
3206 3912 3301 3966 illo
3331 3913 3552 3968 excelso

1976 4001 2126 4072 quod
2147 4011 2230 4058 est
2252 4001 2552 4057 scabellum
2583 4003 2686 4058 sub
2716 4003 2950 4072 pedibus
2973 4003 3106 4070 tuis,
3137 4003 3419 4060 ministros
3464 4003 3553 4058 in-

1978 4097 2372 4164 numerabiles,
2403 4107 2456 4152 et
2481 4097 2756 4152 inﬁnitum
2792 4111 3082 4151 numerum
3109 4097 3448 4152 laudantium
3476 4106 3549 4166 te,

1978 4189 2071 4260 qui
2104 4188 2158 4242 in
2189 4188 2505 4258 regionibus
2535 4191 2781 4246 materia:
2805 4188 3143 4259 expertibus,
3197 4188 3344 4242 laudi
3378 4187 3552 4257 maje-

1979 4281 2135 4334 statis
2169 4288 2298 4346 tuae,
2330 4290 2384 4335 et
2413 4281 2722 4336 ministerio
2755 4290 2849 4336 tuo
2876 4281 2972 4337 toti
3002 4280 3204 4335 addicti
3246 4289 3394 4346 sunt,
3426 4295 3552 4350 per-

1978 4388 2146 4428 sonas
2171 4374 2399 4439 scilicet,
2427 4389 2549 4443 qua:
2577 4389 2643 4440 ex
2673 4375 2796 4446 igne
2825 4383 2880 4430 et
2921 4374 3115 4444 spiritu
3144 4381 3341 4429 creatae
3372 4381 3500 4427 sunt
3531 4391 3548 4427 :

1978 4479 2100 4533 quae
2139 4465 2370 4519 canticis
2385 4465 2630 4519 omnium
2660 4465 2887 4520 musicae
2903 4480 3184 4535 generum,
3212 4463 3401 4518 laudes
3427 4471 3550 4517 tuas

1978 4571 2104 4610 cum
2130 4556 2372 4610 clamore
2400 4557 2702 4623 celebrant,
2735 4556 2942 4610 milleni
2992 4565 3047 4611 et
3087 4556 3271 4610 decies
3310 4553 3550 4621 milleni,

1978 4650 2071 4716 qui
2124 4648 2194 4702 ab
2239 4657 2442 4704 aeterno
2495 4648 2709 4706 fructus
2754 4647 3087 4704 laudationis
3132 4649 3230 4703 tibi
3273 4646 3546 4713 deferunt,

1905 4732 1950 4788 D
1980 4740 2198 4808 agmina
2232 4750 2285 4795 et
2317 4741 2541 4796 ordines
2564 4740 2932 4810 spiritualium
2968 4739 3023 4792 in
3055 4754 3186 4794 suos
3216 4739 3436 4794 ordines
3467 4739 3551 4794 di-

1979 4833 2366 4899 stributorum,
2399 4834 2493 4902 qui
2523 4833 2755 4904 hymnos
2800 4832 3077 4902 iucundos
3121 4831 3220 4885 tibi
3269 4831 3544 4886 offerunt:

1979 4934 2154 4981 cretus
2202 4925 2544 4996 angelorum,
2576 4925 2912 4995 ordinesque
2937 4923 3418 4994 archangelorum,
3451 4925 3546 4993 qui

1976 5017 2073 5070 tibi
2098 5016 2192 5071 uni
2221 5015 2333 5071 Deo
2378 5015 2594 5070 laudem
2625 5031 2821 5070 novam
2865 5023 2920 5069 et
2962 5014 3363 5069 indesinentcm
3406 5013 3548 5068 refe-

1976 5115 2104 5160 runt
2130 5124 2144 5160 :
2177 5104 2382 5160 Throni
2417 5117 2472 5159 et
2497 5104 2914 5159 Dominationes
2942 5104 2997 5157 in
3018 5103 3333 5158 ﬁrmissima
3351 5111 3407 5158 et
3435 5118 3546 5156 non

1974 5196 2332 5267 perturbabili
2357 5195 2650 5251 securitate
2665 5196 2973 5261 constituti,
2999 5195 3093 5264 qui
3111 5195 3325 5250 cantica
3349 5194 3548 5247 trium-

1975 5290 2156 5360 phalia
2185 5289 2484 5346 concinunt
2506 5289 2988 5358 tibi,summopere
3011 5287 3273 5342 timendo.
3295 5286 3511 5341 Archan
3529 5313 3547 5322 -

1975 5381 2078 5451 geli
2103 5389 2159 5436 et
2184 5381 2436 5445 virtutes,
2470 5379 2924 5449 Potestatumque
2953 5377 3355 5448 principes,qui
3372 5376 3542 5446 gloria

1974 5473 2322 5528 Thronorum
2352 5479 2709 5537 exornantur,
2740 5470 3040 5540 laudesque
3067 5478 3123 5525 et
3149 5468 3394 5524 encomia
3423 5467 3545 5539 dig-

1979 5564 2208 5619 nissima
2238 5572 2399 5634 prout
2419 5564 2573 5617 decet
2602 5563 2847 5634 dirigunt
2867 5561 2934 5616 ad
2960 5561 3178 5616 inﬁmos
3197 5561 3399 5632 gradus
3422 5559 3545 5615 solii

1980 5655 2080 5710 tui.
2113 5653 2459 5724 Principatus
2476 5653 2788 5724 spirituales
2803 5652 2896 5723 qui
2921 5667 3106 5708 coram
3125 5660 3177 5708 te
3199 5667 3323 5707 cum
3350 5651 3543 5706 timore

1979 5749 2314 5813 consistunt,
2367 5746 2737 5802 indesinenter
2778 5745 3126 5803 sanctiﬁcaut
3178 5745 3386 5801 tonitru
3416 5758 3545 5799 sau-
