4066 6140
504 342 605 401 607

1316 344 1375 402 S.
1416 344 1801 403 CLEMENTIS
1838 345 1859 399 Ι
1898 346 2063 401 RUM.
2099 344 2294 401 PONT.
2337 337 2564 401 OPERA
2601 347 2827 407 DUBIA.

3640 342 3747 395 603

507 463 713 519 ctitatis
744 473 871 521 tuae.
904 467 1111 522 Curras
1156 468 1347 539 igneus
1375 472 1694 527 animalium
1731 471 2072 542 quadruplici
2102 476 2147 531 Α
2247 470 2505 540 Populus.
2531 471 2725 525 Amen.

509 551 647 609 facie
676 556 1083 625 distinctorum,
1117 561 1676 633 similitmlinibusque
1712 564 1945 619 diversis
1974 564 2074 619 do-

507 660 704 701 norum
742 650 929 719 gloria:
967 651 1328 718 diversorum,
1365 654 1618 709 decorem
1660 656 1809 724 regni
1857 655 1936 709 tui
1963 656 2074 709 ela-

506 748 659 793 mant
691 755 705 791 :
741 741 954 810 agmina
987 740 1280 798 Cherubim
1312 746 1495 800 multis
1510 746 1682 800 oculis
1699 746 2070 816 praeditorum,

507 828 561 882 in
603 830 872 885 circulum
904 848 1063 888 voces
1091 834 1486 891 benedictionis
1524 838 1578 891 in
1613 838 1890 907 regionem
1922 846 2069 891 luam

506 919 880 975 absconditam
913 924 1186 978 extollunt
1217 941 1229 976 :
1260 924 1546 995 Seraphin:
1603 926 1789 980 multis
1838 925 1940 980 alis
1976 918 2072 978 in-

507 1012 721 1078 structi,
749 1013 839 1083 qui
873 1013 1037 1070 iacies
1072 1030 1200 1070 suas
1229 1017 1419 1070 iisdem
1449 1018 1551 1071 alis
1579 1018 1695 1072 suis
1724 1027 2011 1088 protegunt
2040 1032 2070 1071 a

505 1104 793 1173 splendore
840 1116 952 1173 tuo,
1004 1119 1056 1161 et
1095 1108 1256 1177 pedes
1287 1124 1419 1164 suos
1454 1110 1646 1178 pennis
1675 1124 1897 1179 quoque
1950 1110 2066 1165 suis

506 1206 711 1268 tegunt,
742 1208 803 1253 ut
840 1216 947 1253 non
984 1200 1284 1255 adurantur
1321 1201 1390 1255 ab
1411 1201 1607 1255 ardore
1635 1200 1778 1270 ignis
1801 1201 1880 1255 tui
1913 1200 2069 1255 inac-

505 1290 799 1355 Cessibilis,
845 1300 895 1345 et
936 1290 1184 1346 volantes
1232 1293 1596 1362 undeq‘uaque
1643 1291 1888 1359 laudant,
1922 1300 1976 1346 et
2002 1291 2068 1346 ad

498 1379 825 1449 alterutrum
877 1381 980 1436 alis
1025 1382 1345 1451 plaudentes
1402 1382 1773 1449 benedicunt,
1826 1393 1880 1438 et
1935 1384 2072 1438 alter

504 1471 656 1524 alteri
686 1472 1007 1526 conformati
1032 1473 1336 1544 gloriﬁcant
1358 1494 1370 1528 :
1392 1484 1445 1528 et
1465 1491 1607 1530 unus
1634 1475 1703 1529 ab
1728 1475 1898 1530 altero
1923 1476 2076 1547 hym—

503 1575 632 1613 num
678 1562 1061 1631 suscipientes,
1107 1565 1297 1619 oribus
1344 1565 1537 1635 igneis,
1570 1564 1880 1637 linguisque
1924 1565 2072 1621 ﬂam-

503 1653 662 1717 meis,
702 1668 811 1707 una
858 1669 989 1708 voce
1022 1655 1306 1724 triplicata:
1344 1656 1795 1711 sanctiﬁcationis
1826 1658 2068 1724 laudant,

504 1743 761 1811 clamant,
785 1743 1174 1811 vociferantur,
1201 1757 1255 1802 et
1277 1748 1490 1804 dicunt.

575 1834 831 1904 Populus.
873 1833 1127 1903 Sanctus,
1157 1848 1401 1903 sanctus,
1438 1852 1684 1897 sanctus.

574 1921 829 1979 Sacerdos
853 1927 1155 1981 inclinatus.
1190 1928 1424 1985 Sanctus
1465 1946 1524 1986 es
1549 1930 1692 1985 Deus
1722 1929 1902 1996 Pater,
1939 1945 2072 1985 san-

505 2023 625 2071 ctus
655 2031 714 2071 es
751 2015 895 2072 Deus
925 2017 1050 2085 Fili,
1088 2030 1313 2074 sanctus
1342 2037 1403 2076 es
1437 2021 1675 2091 Spiritus
1707 2028 1914 2084 sancte,
1952 2020 2071 2075 Tri-

505 2105 648 2160 nitas
685 2100 875 2161 sancta
905 2118 958 2161 et
990 2109 1246 2172 indivisa,
1287 2127 1429 2167 unus
1469 2111 1611 2168 Deus
1645 2112 1797 2177 solus
1846 2121 1901 2166 et
1946 2128 2074 2165 san-

503 2196 625 2254 ctus
654 2215 736 2265 es,
769 2201 822 2254 in
848 2211 1042 2255 natura
1073 2218 1087 2255 :
1123 2202 1215 2271 qui
1242 2203 1294 2256 iu
1329 2202 1589 2258 Pet-sonis
1606 2204 1782 2259 tribus
1800 2205 2069 2270 adoraris,

502 2303 556 2347 et
583 2293 637 2348 in
673 2294 877 2350 unitate
906 2296 1227 2352 substantia:
1265 2298 1606 2367 glorificaris.
1644 2297 1699 2351 lu
1736 2297 2074 2368 quibuscun-

502 2400 608 2455 que
636 2386 772 2441 locis
801 2395 854 2441 et
876 2387 1066 2442 mundi
1117 2390 1387 2459 partibus,
1422 2406 1532 2444 non
1566 2389 1841 2445 sufficiunt
1874 2389 1939 2442 ad
1973 2404 2071 2442 ex-

503 2479 1078 2549 tolle_ndam_virtutem
1129 2481 1430 2551 majestatis
1481 2488 1607 2543 tuae.
1645 2479 1750 2546 Qui
1790 2480 2071 2549 plasmasti

503 2570 778 2625 hominem
813 2571 881 2626 ad
914 2572 1205 2643 imaginem
1258 2573 1562 2643 majestatis
1606 2582 1735 2637 tute,
1775 2573 2073 2627 rationem~

502 2674 610 2728 que
643 2658 1028 2728 ipsiindidisti,
1050 2662 1541 2731 prrescripsistique
1561 2669 1820 2730 tauquam
1841 2660 2069 2713 limitem

502 2765 533 2804 a
566 2747 795 2805 Domino
819 2750 1201 2812 constitutum,
1234 2768 1301 2805 ne
1340 2760 1668 2820 praceptum
1704 2761 1858 2805 tuum
1892 2760 2071 2804 trans-

505 2841 822 2909 grederetur
850 2860 864 2897 :
898 2844 990 2913 qui
1012 2859 1134 2899 eum
1167 2853 1425 2910 errasset,
1450 2842 2073 2913 contempsissetquele-

503 2944 623 3000 gem
650 2932 1161 2995 tuam,sententiam
1184 2933 1379 2987 mortis
1397 2933 1646 3000 incurrit,
1662 2941 1714 2988 et
1734 2936 1786 2987 in
1817 2933 2071 2987 exsilium

504 3019 834 3077 infirmitatis
867 3021 1126 3091 depulsus
1153 3033 1255 3078 est.
1294 3021 1376 3077 Tu
1402 3039 1530 3079 vero
1565 3035 1778 3080 creator
1800 3024 1942 3094 ejus,
1970 3024 2070 3079 bo-

501 3127 609 3167 nus
633 3125 687 3167 et
715 3114 1049 3180 misericors,
1078 3131 1186 3170 non
1217 3116 1464 3186 abjecisti
1503 3132 1689 3171 curam
1721 3117 1862 3187 ejus,
1902 3132 2067 3187 quam
2097 3155 2142 3215 Ο

504 3204 763 3273 habebas,
790 3205 886 3261 sed
917 3208 1099 3262 omnia
1133 3209 1199 3263 ad
1248 3209 1477 3264 salutem
1506 3209 1626 3279 ejus
1659 3209 1966 3272 instituisti,
2003 3224 2070 3263 eo

500 3312 676 3367 usque
700 3296 966 3353 utFilium
991 3310 1144 3354 tuum
1175 3309 1438 3355 mternum
1465 3286 1519 3356 et
1546 3301 1882 3372 unigenitum
1917 3305 2069 3356 tuum

501 3387 720 3443 miseris
749 3388 804 3443 in
836 3390 1124 3456 mundum,
1161 3390 1254 3460 qui
1288 3390 1751 3460 dispensationem
1793 3405 1949 3445 suam
1984 3405 2069 3444 sa-

500 3479 729 3533 lutarem
762 3489 983 3549 propter
1010 3496 1133 3536 eum
1150 3481 1402 3550 explevit.

573 3566 798 3622 Elevans
826 3585 1018 3624 uocem.
1055 3570 1191 3625 Cum
1216 3587 1346 3642 ergo
1378 3580 1601 3640 paratus
1653 3579 1818 3637 esset,
1873 3585 2074 3626 secun-

498 3660 630 3713 dum
656 3659 993 3716 voluntatem
1029 3677 1184 3717 suam
1222 3663 1288 3717 ad
1327 3662 1624 3730 gustandas
1664 3663 1971 3732 passiones,
2002 3661 2070 3715 ad

500 3752 909 3807 aseendendum
944 3752 1001 3807 in
1032 3768 1251 3807 crucem
1290 3764 1344 3807 et
1366 3754 1692 3824 patibulum,
1728 3764 2071 3823 mortemque

502 3845 840 3901 subeundam
886 3860 987 3913 pro
1009 3844 1122 3898 vita
1154 3845 1323 3899 totius
1355 3845 1565 3910 mundi,
1600 3861 1663 3901 ea
1701 3861 1928 3914 vespera
1961 3859 2070 3914 qua

501 3934 1027 3997 consummationem
1060 3934 1472 4005 mysteriorum,
1506 3944 1559 3989 et
1580 3935 1914 3989 mirabilium
1946 3950 2072 4006 per-

503 4027 648 4094 fecit,
663 4043 858 4097 panem
882 4027 1156 4096 accepitin
1189 4044 1384 4083 manus
1403 4043 1531 4084 suas
1562 4044 1726 4099 puras
1746 4038 1801 4083 et
1827 4038 2068 4093 sanctas,

502 4128 556 4172 et
584 4118 786 4187 gratias
816 4135 982 4187 agens
1013 4118 1074 4189 1-,
1106 4119 1402 4182 benedixit,
1428 4119 1468 4191 1-
1491 4120 1873 4179 sanctificavit,
1896 4121 1936 4192 1-
1964 4119 2072 4174 fre-

503 4209 602 4281 git,
634 4210 889 4280 deditque
917 4212 1147 4266 initiatis
1180 4211 1285 4267 hoc
1314 4214 1436 4283 ejus
1468 4214 1754 4286 mysterio,
1806 4212 2072 4282 apostolis

503 4299 710 4354 sanctis
739 4299 929 4356 dicens
959 4317 973 4353 :
1013 4301 1277 4372 Accipite,
1311 4312 1366 4357 et
1385 4305 1711 4358 manducate
1739 4320 1802 4358 ex
1833 4318 1919 4365 eo,
1943 4301 2070 4371 quia

502 4388 619 4445 Hoc
645 4399 731 4446 est
764 4405 963 4460 corpus
1002 4407 1206 4457 meum,
1233 4394 1380 4463 quod
1406 4408 1505 4463 pro
1534 4394 1690 4448 vobis
1724 4393 1996 4464 frangitur
2016 4400 2072 4449 et

2249 555 2529 611 Sacerdos.
2553 557 2785 625 Quando
2815 566 2998 613 autem
3038 557 3169 612 huic
3199 555 3326 626 pani
3373 552 3748 609 communica-

2173 647 2322 711 bitis,
2355 657 2408 702 et
2437 648 2664 703 calicem
2699 649 2844 703 hunc
2859 648 2984 703 vita:
3019 644 3376 716 usurpabitis,
3409 657 3744 698 commemo-

2175 741 2441 794 rationem
2466 740 2660 796 mortis
2690 755 2824 795 mea:
2841 738 3074 805 facietis,
3099 737 3530 804 memoriamque
3560 750 3745 790 resur—

2173 828 2434 884 rectionis
2471 844 2606 882 mea:
2628 828 2918 898 perﬁcietis
2952 829 3127 882 donec
3153 826 3388 882 veniam.

2245 921 2506 991 Populus.
2553 919 2744 976 Mortis
2798 930 2925 986 ture,
2963 918 3215 985 Domine,
3252 916 3573 973 memoriam
3624 914 3744 985 agi-

2173 1029 2315 1069 mus.

2246 1103 2501 1159 Sacerdos
2520 1104 2725 1159 elevans
2748 1120 2945 1158 vocem.
2970 1101 3144 1159 Oculo
3172 1099 3529 1158 intellectuali
3558 1098 3744 1153 cordis

2171 1196 2534 1253 describimus
2557 1198 2841 1268 periodum
2865 1194 3291 1266 dispensationis
3321 1202 3428 1248 tua:
3455 1192 3748 1260 sapientis-

2173 1288 2345 1353 simae,
2372 1290 2586 1345 Christe
2609 1289 2835 1344 Domine
2862 1298 3068 1353 noster,
3096 1295 3149 1341 et
3168 1301 3230 1341 ea
3247 1285 3429 1340 omnia
3461 1300 3582 1354 quae
3610 1299 3758 1351 ope--

2172 1390 2325 1436 ratus
2373 1397 2433 1437 es
2480 1397 2576 1452 per
2617 1381 3046 1436 incarnationem
3105 1387 3250 1433 tuam
3306 1377 3600 1433 salutarem
3646 1390 3746 1446 pro

2173 1472 2347 1526 salute
2376 1480 2581 1536 nostra,
2602 1485 3098 1526 commemoramus
3122 1486 3135 1521 :
3161 1459 3564 1541 generationem
3593 1476 3742 1521 tuam

2171 1577 2238 1616 ex
2281 1561 2439 1617 Patre
2480 1561 2801 1618 abscondito
2830 1578 2843 1615 :
2868 1561 3206 1615 nativitatem
3248 1568 3396 1613 tuam
3429 1574 3494 1614 ex
3528 1557 3746 1628 Virgine

2172 1653 2646 1723 inexplicabilem:
2677 1662 2855 1707 ortum
2913 1660 3067 1706 tuum
3110 1650 3373 1706 eximium
3424 1658 3480 1704 et
3518 1646 3745 1718 praecla-

2172 1759 2294 1796 rum
2327 1743 2725 1797 :elevatiunem
2748 1751 2894 1819 tuam
2936 1742 2988 1796 in
3023 1756 3188 1796 cruce
3229 1740 3521 1795 salutarem
3552 1748 3606 1793 et
3643 1738 3744 1792 ad-

2174 1834 2477 1905 mirandam
2505 1854 2519 1890 :
2553 1835 2845 1888 adventum
2880 1842 3031 1888 tuum
3059 1831 3264 1887 mundo
3291 1832 3456 1885 vitam
3481 1841 3748 1900 prazstan-

2174 1904 2305 1991 tem,
2333 1925 2716 1979 excitationem
2749 1935 2893 1978 tuam
2918 1924 3130 1993 plenam
3159 1922 3426 1975 miraculo
3456 1940 3469 1975 :
3504 1934 3747 1975 resurre-

2173 2016 2409 2070 ctionem
2441 2025 2586 2070 tuam
2613 2016 2930 2085 gloriosam,
2965 2014 3290 2083 plenamque
3326 2014 3477 2067 omni
3509 2012 3741 2081 gaudio:

2172 2107 2525 2162 elevationem
2578 2116 2727 2161 tuam
2777 2107 2829 2160 in
2883 2105 3137 2161 sublimia
3187 2121 3201 2157 :
3258 2104 3749 2172 excellentiamque

2174 2199 2438 2254 sessionis
2466 2206 2570 2252 ture
2595 2198 2661 2252 ad
2691 2198 2970 2252 dexteram
3015 2196 3277 2267 genitoris
3320 2196 3426 2263 tui;
3484 2203 3747 2265 praeterea

2172 2292 2335 2346 etiam
2385 2291 2771 2346 revelationem
2817 2290 2969 2359 regni
3002 2291 3079 2345 tui
3120 2289 3363 2359 gloriosi,
3394 2303 3516 2358 quae
3561 2284 3746 2355 futura

2171 2392 2254 2437 est
2286 2384 2339 2437 in
2363 2382 2598 2438 adventu
2626 2381 2719 2436 tuo
2743 2382 2986 2437 secundo
3021 2399 3034 2435 :
3061 2381 3284 2452 quando
3325 2390 3378 2432 tu
3411 2394 3534 2433 cum
3569 2377 3746 2447 gloria

2174 2476 2430 2531 ineﬂ‘abili
2457 2478 2731 2553 exoriens,
2759 2486 2811 2532 et
2835 2477 2888 2530 in
2916 2476 3091 2531 turbis
3128 2475 3301 2544 igneis
3326 2473 3745 2543 legionibusque

2171 2569 2437 2624 tlammeis
2460 2570 2934 2640 circumgestatus,
2955 2578 3214 2638 tanquam
3239 2567 3421 2638 fulgur
3440 2564 3742 2620 timendum

2171 2669 2224 2715 et
2244 2660 2508 2725 validum,
2536 2675 2601 2715 ex
2626 2660 2845 2715 sublimi
2878 2662 3062 2732 gloriae
3091 2671 3196 2714 tua:
3216 2658 3458 2730 prodibis
3482 2674 3496 2709 :
3525 2656 3747 2728 quando

2173 2759 2439 2805 statuetur
2469 2752 2667 2806 solium
2700 2752 2938 2807 terribile
2962 2752 3287 2821 majestatis,
3316 2758 3371 2805 et
3391 2751 3545 2806 sedes
3559 2749 3747 2805 electis

2175 2843 2281 2896 tuis
2310 2843 2726 2898 collocabuntur
2757 2860 2770 2896 :
2801 2845 3023 2915 quando
3045 2844 3232 2914 populi
3262 2852 3314 2898 et
3339 2843 3586 2896 nationes
3610 2856 3747 2896 con-

2171 2933 2557 3003 gregabuntur,
2582 2943 2636 2989 et
2655 2936 2720 2989 ad
2750 2936 2928 2990 locum
2950 2934 3142 3005 judicii
3165 2936 3449 2999 sistentur,
3483 2945 3544 2988 ut
3573 2933 3749 2989 susci-

2173 3022 2286 3091 piat
2319 3025 2698 3095 unusquisque
2727 3028 3027 3081 Sccundum
3053 3043 3192 3097 opus
3220 3042 3418 3080 suum:
3447 3036 3613 3095 atque
3650 3040 3740 3078 re-

2174 3115 2442 3170 tribuetur
2458 3117 2754 3188 unicuique
2771 3119 3071 3173 secundum
3097 3116 3340 3173 actiones
3356 3133 3503 3179 suas,
3526 3116 3747 3185 quando

2172 3204 2298 3260 libri
2331 3206 2671 3285 aperientur,
2703 3217 2757 3263 et
2778 3224 2966 3278 opera,
2992 3208 3179 3275 verba,
3207 3218 3260 3264 et
3290 3209 3535 3262 actiones
3566 3206 3748 3261 discu-

2172 3298 2378 3353 tientur
2407 3314 2422 3351 :
2452 3299 2673 3370 quando
2695 3301 3073 3355 recitabuntur
3099 3299 3352 3367 erimina,
3389 3307 3444 3354 et
3484 3307 3744 3367 tanquam

2173 3391 2256 3448 sol
2276 3380 2615 3462 splendidus,
2641 3393 2818 3463 palam
2844 3392 2977 3448 fient
3006 3388 3349 3457 abscondita,
3393 3389 3701 3444 clarissime
3724 3404 3739 3436 :

2173 3481 2393 3550 quando
2427 3496 2578 3536 mare
2601 3481 2740 3553 ignis
2774 3482 3113 3546 exundabit,
3146 3479 3503 3547 zestuabitque
3558 3476 3746 3532 fumus

2174 3573 2544 3641 ﬂammarum,
2567 3574 2968 3650 descendetque
2991 3573 3187 3627 fluvius
3217 3572 3356 3641 ignis
3374 3570 3639 3632 ardentis,
3677 3569 3744 3623 ad

2173 3666 2572 3734 probationem,
2603 3673 2658 3720 et
2682 3681 2910 3720 examen
2949 3665 3131 3719 omnis
3159 3664 3376 3730 carnis;
3401 3661 3622 3732 quando
3650 3675 3745 3714 an-

2174 3757 2733 3827 gustiatamarissimae
2756 3765 2918 3810 erunt
2934 3755 3166 3825 iniquis:
3196 3762 3251 3808 et
3271 3760 3572 3822 prmparata
3585 3758 3748 3804 erunt

2174 3845 2316 3900 bona
2329 3845 2770 3914 etdelicizejustis
2788 3862 2800 3898 :
2819 3845 3036 3914 quando
3055 3841 3429 3897 misericordia
3446 3838 3742 3904 auferetur,

2173 3947 2227 3992 et
2243 3938 2393 4007 impii
2417 3937 2701 3992 tradentur
2716 3938 2996 4009 gehennaa,
3014 3949 3176 4006 atque
3192 3936 3265 4005 pii
3281 3935 3446 3989 vitam
3467 3948 3663 3988 novatn
3685 3932 3741 3985 in

2173 4038 2434 4083 aeternum
2468 4029 2885 4083 haereditabunt.
2913 4027 3142 4093 Quando
3167 4042 3270 4079 vox
3295 4025 3468 4079 valida
3492 4023 3746 4077 audietur

2172 4136 2294 4193 qua
2320 4131 2524 4190 partem
2552 4135 2714 4174 unam
2746 4121 2813 4175 ab
2841 4121 3007 4174 altera
3029 4118 3322 4188 separabit,
3347 4114 3745 4182 transferetque

2173 4200 2343 4283 agnos
2372 4212 2438 4266 ad
2467 4213 2765 4279 dexteram,
2794 4222 2847 4267 et
2876 4213 3064 4266 haedos
3101 4210 3168 4265 ad
3207 4210 3509 4281 sinistram.
3546 4203 3623 4260 Te
3651 4207 3745 4259 de-

2171 4320 2459 4374 precamur
2500 4305 2720 4374 plenum
2769 4303 3169 4367 misericordia,
3222 4301 3469 4365 Domine,
3503 4300 3557 4353 in
3609 4299 3743 4352 hora

2172 4396 2264 4450 illa
2309 4397 2634 4462 decretoria,
2689 4397 2992 4466 multiplica
3035 4396 3381 4451 clementiam
3432 4402 3583 4447 tuam
3614 4406 3743 4462 erga

500 4482 685 4546 datur,
724 4481 793 4535 ad
835 4482 1049 4536 veniam
1107 4482 1353 4537 omnium
1408 4484 1648 4539 fidelium
1706 4486 2065 4555 plurimorum
2099 4506 2143 4559 ι)
2172 4490 2488 4543 adorator-es
2514 4498 2655 4551 tuos,
2690 4489 2742 4541 in
2766 4498 3006 4558 tempore
3031 4488 3122 4542 illo
3152 4486 3398 4549 terribili,
3420 4496 3472 4540 et
3500 4484 3739 4539 tristitia

500 4582 602 4637 pro
622 4568 822 4637 quibus
851 4569 1192 4635 immolatur,
1227 4580 1282 4625 et
1313 4572 1596 4637 dividitur,
1635 4575 1700 4629 ad
1736 4578 2071 4647 propitiatio-

502 4674 625 4713 ncm
653 4660 1005 4728 delictorum,
1034 4663 1414 4719 remissionem
1441 4676 1790 4735 peccatorum
1826 4679 1879 4724 et
1902 4671 2071 4726 vitam

499 4761 780 4809 aeternam.

576 4843 829 4914 Populus.
858 4847 1051 4901 Amen.

573 4934 852 4991 Sacerdos.
887 4936 1019 4993 Post
1046 4953 1259 4994 orenam
1293 4940 1442 4996 illam
1482 4943 1791 5015 mysticam,
1846 4946 2070 5002 miscuit

502 5029 725 5084 calicem
758 5031 884 5086 vitae
903 5047 970 5086 ex
992 5033 1117 5087 vino
1133 5042 1189 5087 et
1220 5050 1360 5104 aqua
1394 5051 1408 5087 :
1445 5044 1499 5090 et
1520 5037 1586 5092 ad
1612 5044 1687 5104 te,
1716 5037 1858 5095 Deus
1883 5038 2069 5106 Pater,

502 5123 694 5180 oculos
728 5125 965 5188 elevans,
999 5125 1202 5196 gratias
1238 5128 1369 5198 egit,
1404 5128 1444 5198 1-
1466 5129 1762 5194 benedixit,
1795 5131 1834 5203 1-
1864 5124 2071 5187 sancti-'-

502 5216 706 5281 tlcavit,
729 5216 771 5288 1-
805 5226 859 5271 ct
883 5219 1028 5272 dedit
1063 5219 1233 5275 turba:
1272 5222 1663 5291 discipulorum
1698 5241 1922 5279 suorum
1956 5226 2068 5280 ele-

500 5317 737 5376 ctorum,
768 5311 1251 5381 apostolorumque
1283 5322 1599 5369 sanctorum
1631 5327 1686 5371 et
1708 5316 1845 5370 dixit
1874 5333 1886 5369 :
1919 5317 2073 5373 Aeci-

501 5397 633 5467 pite,
665 5398 835 5454 bibite
849 5415 916 5455 ex
944 5416 1011 5454 eo
1038 5417 1135 5455 vos
1154 5418 1344 5457 omnes
1371 5422 1384 5457 :
1417 5402 1514 5457 Hic
1538 5415 1621 5460 est
1647 5408 1873 5476 sanguis
1894 5424 2067 5476 meus,

502 5491 594 5559 qui
640 5491 931 5545 confirmat
964 5502 1348 5548 testamentum
1399 5498 1594 5552 mortis
1630 5514 1764 5553 mete
1798 5517 1811 5553 :
1841 5500 1935 5570 qui
1970 5516 2071 5570 pro

504 5579 657 5635 vobis
682 5580 979 5637 eﬂ'unditur
1006 5592 1061 5638 et
1087 5600 1187 5653 pro
1244 5586 1432 5641 multis
1478 5587 1659 5653 datur,
1704 5598 1758 5642 et
1810 5590 2073 5645 dividitur

507 5670 573 5724 ad
609 5673 1053 5741 propitiationem
1086 5675 1431 5747 delictorum,
1462 5681 1838 5737 remissionem
1877 5698 2070 5751 pecca-

510 5774 713 5831 torum,
730 5776 779 5820 rt
812 5769 975 5822 vitam
1000 5781 1277 5825 aeternam.

2171 4577 2350 4646 pleno.
2403 4577 2677 4646 Propitius
2719 4586 2837 4633 esto
2884 4593 3011 4648 erga
3049 4578 3262 4633 animas
3292 4591 3574 4633 servorum
3623 4584 3744 4628 tuo-

2173 4685 2331 4736 rum;
2375 4670 2429 4723 in
2481 4670 2612 4723 hora
2644 4670 2733 4724 illa
2776 4671 3024 4734 terroris,
3060 4670 3279 4724 effunde
3305 4667 3740 4723 misericordiam

2172 4771 2320 4816 tuam
2346 4776 2511 4831 super
2537 4778 2654 4825 eos,
2691 4764 2784 4832 qui
2824 4777 2919 4832 per
2947 4778 3163 4818 crucem
3195 4774 3343 4818 tuam
3375 4762 3566 4815 salvati
3592 4770 3739 4816 sunt.

2172 4853 2229 4908 In
2254 4864 2497 4924 tempore
2518 4854 2610 4909 illo
2643 4855 2880 4922 timoris,
2908 4855 3166 4910 miserere
3189 4855 3406 4909 illorum
3431 4855 3524 4923 qui
3566 4856 3741 4909 couti-

2173 4957 2356 5003 tentur
2384 4947 2668 5018 passiones
2705 4959 2827 5004 tuas
2858 4965 2871 5001 :
2900 4958 3086 5020 tangat
3128 4959 3179 5004 te
3217 4965 3348 5003 cura
3381 4950 3620 5016 illorum,
3646 4948 3739 5019 qui

2171 5041 2425 5095 liduciam
2451 5041 2833 5109 babentsuper
2861 5055 3101 5094 amorem
3136 5047 3290 5092 tuum
3317 5054 3443 5109 erga
3463 5038 3739 5102 homines,

2171 5142 2225 5188 et
2253 5148 2415 5204 parce
2442 5133 2679 5203 peccatis
2708 5146 2934 5196 eorum;
2973 5141 3388 5186 commoveatur
3429 5130 3741 5201 benignitas

2172 5236 2285 5292 tua,
2308 5240 2444 5303 erga.
2463 5225 2584 5278 illos
2606 5226 2698 5293 qui
2728 5224 2985 5277 invocant
3013 5237 3209 5277 nomen
3233 5231 3385 5277 tuum
3410 5230 3658 5276 sanctum
3689 5232 3743 5274 et

2171 5316 2386 5370 remitte
2413 5315 2607 5370 delicta
2634 5315 2874 5370 illorum.
2906 5313 2984 5369 Ne
3015 5314 3333 5385 auferantur
3359 5316 3742 5371 miserationes

2173 5422 2278 5468 tua!
2304 5428 2399 5483 per
2426 5416 2564 5469 iram
2598 5421 2767 5478 tuam,
2793 5429 2968 5484 neque
2998 5416 3211 5471 deficiat
3236 5417 3395 5472 nobis
3418 5418 3593 5488 gratia
3630 5427 3743 5484 tua,

2172 5517 2394 5578 propter
2430 5508 2833 5562 multitudinem
2872 5509 3095 5567 malitia:
3138 5521 3358 5567 nostrae.
3383 5509 3461 5567 Ne
3484 5512 3744 5568 excludas

2171 5601 2514 5655 clementiam
2546 5609 2715 5664 tuam,
2746 5612 2969 5674 propter
2991 5602 3330 5675 iniquitatem
3356 5614 3597 5660 nostram
3627 5623 3639 5658 :
3675 5622 3743 5661 ne

2169 5705 2417 5751 nmtetur
2440 5704 2629 5749 natura
2656 5703 2771 5757 tua,
2795 5707 3012 5766 propter
3035 5697 3460 5769 magnitudinem
3487 5699 3742 5768 insipien-

2171 5787 2366 5841 tialum
2393 5796 2724 5844 nostrarum.
2755 5787 2868 5844 Non
2892 5789 3090 5860 eligant
3113 5805 3211 5844 nos
3235 5790 3409 5860 angeli
3437 5791 3511 5846 tui
3540 5791 3737 5856 sancti,
