4066 6140
283 249 385 300 609

1743 240 2136 300 LITURGICA.

3447 241 3549 296 010

279 378 332 420 et
381 377 650 437 tanquam
700 366 996 426 fasciculos
1047 372 1407 437 zizaniorum,
1437 368 1493 425 in
1539 371 1716 441 ignem
1759 381 1863 421 nos
1891 369 1939 426 Α
1969 367 2241 435 nostra,-l~
2267 370 2470 432 corpus
2521 362 2693 433 ipsius
2723 362 2940 418 Domini
2994 360 3088 417 Dei
3133 369 3188 415 et
3243 358 3548 416 Salvator-is

281 460 596 530 projicinnt.
623 458 742 516 Non
769 463 1016 533 inerepes
1045 464 1331 521 ministros
1367 463 1518 535 regni
1541 463 1618 517 tui
1646 471 1866 532 propter

282 552 474 607 sordes
492 551 974 618 vestimentorum,
993 567 1170 622 neque
1183 561 1442 622 tanquam
1462 557 1865 617 contemptores

279 645 586 713 majestatis
621 655 729 700 tua:
777 660 880 700 nos
911 644 966 698 in
995 645 1248 699 tenebras
1277 644 1576 699 exteriores
1617 641 1858 710 ejiciant.

276 735 355 792 Ne
381 736 769 806 exstinguatur
793 736 974 790 lumen
1007 735 1324 803 lampadum
1351 732 1773 798 nostrarum,ita
1803 739 1864 784 ut

276 837 430 888 extra
474 829 624 884 fores
665 827 890 881 thalami
917 827 1179 896 nuptialis
1208 827 1284 882 tui
1335 841 1735 881 remaneamus.
1782 821 1861 876 Ne

273 919 487 992 justitia
514 929 605 974 tua
631 919 790 974 nobis
818 917 1160 985 adversetur,
1191 934 1368 989 neque
1394 919 1445 972 in
1475 918 1728 973 tenebras
1760 932 1858 970 ex-

281 1011 518 1066 teriores
560 1019 615 1064 et
660 1008 950 1064 stridorem
983 1008 1227 1063 dentium
1272 1007 1499 1078 projeeti
1529 1007 1854 1062 cruciemur.

279 1102 489 1158 Exhibe
504 1101 766 1157 auxilium
788 1101 975 1171 gratia:
1000 1109 1105 1156 tuae
1127 1116 1255 1172 erga
1281 1099 1544 1154 malitiam
1573 1109 1814 1154 nostram
1839 1114 1853 1150 :

279 1193 498 1252 effunde
541 1194 767 1264 pelagus
793 1193 1168 1248 miserationis
1217 1202 1324 1247 tuae
1366 1208 1529 1260 super
1555 1192 1855 1257 nequitiam

279 1292 546 1348 nostram,
582 1292 636 1337 et
658 1283 818 1337 ablue
849 1291 1037 1336 nostra
1073 1283 1326 1337 crimina.
1357 1281 1552 1337 Emitte
1573 1284 1858 1345 abundan-

277 1375 407 1428 tiam
439 1375 741 1428 clementiae
771 1382 878 1427 tum
903 1381 956 1428 et
998 1374 1205 1428 amoris
1232 1374 1310 1428 tui
1339 1389 1467 1443 erga
1505 1375 1776 1439 homines,
1801 1382 1856 1428 et

271 1467 390 1521 delc
419 1468 609 1537 qumin
629 1466 787 1520 nobis
810 1464 938 1520 odio
963 1465 1126 1536 digna
1155 1473 1284 1520 sunt
1309 1481 1321 1516 ε
1349 1465 1586 1529 contine,
1606 1464 1852 1528 Domine,

272 1559 653 1614 fortitudinem
684 1567 854 1624 tuam,
883 1566 938 1612 et
958 1557 1158 1612 blando
1197 1572 1323 1628 erga
1354 1573 1455 1612 nos
1477 1566 1699 1627 aspectu
1731 1573 1855 1611 mu-

269 1659 418 1706 tetur
447 1649 752 1721 indignatio
780 1659 894 1714 tua,
935 1649 1230 1718 vultusque
1258 1649 1337 1703 tui
1365 1649 1715 1704 serenitatem
1753 1649 1851 1704 de-

270 1747 519 1798 monstra
566 1741 749 1806 nobis,
794 1747 855 1795 ut
902 1740 1138 1797 victores
1184 1741 1238 1794 in
1289 1756 1454 1796 causa
1500 1749 1848 1810 peccatorum
1884 1717 1925 1771 Β

268 1843 587 1890 nostrorum
611 1850 798 1889 coram
831 1833 959 1889 sede
988 1833 1294 1907 maiestatis
1321 1841 1428 1888 tuae
1459 1849 1848 1903 appareamus:

269 1939 628 1982 numeremur
658 1925 821 1980 etiam
860 1925 1006 1980 inter
1032 1935 1257 1982 vocatos
1287 1926 1355 1980 ad
1395 1942 1622 1996 regnum
1672 1936 1848 1994 tuum,

267 2027 321 2072 et
360 2018 508 2074 inter
529 2018 788 2073 invitatos
815 2017 1226 2073 discumbentes
1249 2018 1392 2088 apud
1415 2027 1466 2072 te
1488 2019 1848 2088 collocemur,

267 2119 320 2166 et
349 2111 642 2180 splendore
677 2111 818 2167 lucis
861 2120 972 2167 tua:
1008 2111 1224 2166 eximite
1259 2128 1385 2166 eum
1415 2113 1693 2182 voluptate
1721 2129 1848 2183 pcr-

268 2203 536 2259 fruamur.
570 2203 865 2275 Propterea
892 2203 1132 2260 Ecclesia
1169 2213 1263 2258 tua
1304 2215 1444 2270 orat,
1477 2214 1530 2259 et
1559 2221 1687 2276 grex
1721 2215 1849 2262 tuus

266 2294 614 2364 deprecatur,
639 2305 692 2349 et
719 2294 948 2350 vocibus
973 2294 1403 2363 triumphalibus
1436 2303 1488 2348 te
1512 2294 1845 2364 interpellat,

267 2386 838 2457 misericordiamque,
890 2395 946 2441 et
989 2368 1337 2442 clementiam
1387 2401 1417 2441 a
1450 2393 1502 2442 te
1527 2385 1755 2458 ﬂagitat,
1793 2395 1848 2442 et

267 2481 523 2536 obsecrat
548 2488 601 2535 te
621 2480 828 2536 dicens.

335 2570 602 2640 Populus.
629 2568 908 2629 Miserere.

337 2660 626 2714 Diaconus.
659 2659 829 2727 Quam
857 2659 1094 2715 timenda
1115 2668 1198 2715 est
1220 2660 1334 2715 hac
1369 2661 1523 2717 hora.

334 2749 614 2806 Sacerdos.
638 2750 748 2807 Nos
768 2767 1008 2822 quoque.

328 2843 588 2898 Sacerdos
635 2844 929 2900 inclinatus
969 2845 1103 2899 dicit
1144 2846 1441 2900 orationem
1481 2844 1841 2901 Invocationis

265 2933 501 3003 Spiritus
531 2937 725 2990 sancti.

1969 457 2142 512 nostri
2173 455 2304 511 Jesu
2341 455 2568 520 Christi,
2593 455 2661 509 ad
2707 454 3150 525 prepitiationem
3189 452 3542 518 delictorum,

1967 547 2350 602 remissionem
2375 554 2749 617 peccatorum,
2785 554 2838 598 et
2877 544 3044 597 vitam
3077 551 3337 597 aeternam
3362 542 3545 598 susci-

1965 637 2250 708 pientium.

2035 729 2296 798 Populus.
2321 728 2517 783 Amen.

2034 821 2294 876 Sacerdos
2325 823 2532 877 elevans
2555 838 2750 876 vocem.
2779 819 3042 874 Similiter
3065 827 3119 874 et
3149 820 3369 874 mistum
3393 821 3540 890 quod

1965 911 2019 964 in
2052 912 2157 967 hoc
2185 913 2355 968 calice
2387 923 2492 978 est,
2517 912 2711 967 elﬁciat
2733 911 2773 982 ἰ-
2814 910 3133 980 sanguinem
3161 909 3538 977 puriﬁcantem

1961 1010 2015 1056 et
2041 1003 2494 1069 sanctiticantem,
2517 1003 2557 1074 -ι-
2585 1004 2906 1074 sanguinem
2954 1001 3231 1056 vivilicum
3258 1012 3310 1058 et
3334 1003 3542 1057 saluta-

1960 1113 2098 1164 rem,
2137 1097 2188 1168 *Η
2219 1100 2544 1169 sanguinem
2593 1098 2895 1153 salvantem
2952 1096 3167 1150 animas
3205 1105 3259 1148 et
3306 1110 3537 1164 corpora

1961 1199 2172 1257 nostra,
2210 1191 2532 1261 sanguinem
2565 1191 2739 1260 ipsius
2778 1188 2873 1244 Dci
2923 1188 3106 1260 magni
3149 1198 3204 1243 et
3240 1187 3540 1242 Salvatoris

1959 1284 2134 1340 nostri
2175 1283 2307 1339 Jesu
2351 1284 2580 1349 Christi,
2608 1284 2675 1338 ad
2704 1283 3148 1353 prOpitiationem
3187 1281 3537 1347 delictorum,

1957 1376 2334 1431 remissionem
2378 1374 2750 1445 peccatorum,
2781 1383 2836 1429 et
2866 1373 3032 1428 vitam
3075 1383 3334 1429 aeternam
3381 1373 3538 1427 illum

1957 1469 2403 1539 suscipientium.

2027 1562 2290 1631 Populus.
2317 1562 2514 1615 Amen.

2026 1652 2289 1709 Sacerdos
2337 1652 2547 1708 elevans
2596 1669 2790 1708 vocem.
2845 1651 2915 1707 Ut
2958 1668 3052 1722 per
3087 1653 3531 1708 communionem

1955 1747 2152 1801 horum
2200 1753 2674 1801 sacramentorum
2735 1744 3149 1810 viviﬁcantium,
3193 1745 3260 1799 ad
3307 1743 3534 1798 delicias

1953 1837 2079 1892 vita:
2105 1837 2344 1892 caelestis
2365 1836 2570 1890 aditum
2603 1836 2925 1901 habeamus,
2954 1851 3374 1906 mereamurque
3405 1850 3533 1890 eva-

1954 1928 2083 1982 dere
2105 1937 2339 1982 mortem
2375 1929 2678 1984 secundam
2703 1946 2717 1982 :
2751 1943 2928 1997 neque
2951 1937 3215 1998 tanquam
3242 1928 3321 1982 rei
3350 1927 3416 1980 ad
3441 1926 3532 1996 ju-

1953 2018 2157 2074 dicium
2185 2020 2532 2076 subeundum
2565 2035 2938 2090 praeparentur
2967 2035 3157 2075 coram
3185 2020 3386 2074 throno
3407 2019 3528 2089 glo-

1952 2111 2051 2167 rias
2082 2123 2229 2168 tute:
2261 2122 2314 2168 et
2344 2113 2735 2168 beatitudinem
2760 2114 2906 2168 illam
2949 2114 3018 2168 ab
3061 2114 3269 2184 angelis
3313 2130 3532 2168 annun-

1952 2205 2145 2259 tiatam
2202 2207 2544 2274 pastoribus,
2581 2207 2922 2277 spiritualem
2976 2207 3218 2272 scilicet,
3273 2206 3328 2260 in
3381 2215 3526 2261 terra

1950 2297 2158 2352 caelesti
2197 2297 2586 2367 suscipiamus,
2610 2314 2672 2352 ea
2698 2298 2752 2353 in
2787 2299 3008 2369 regione
3037 2299 3130 2353 ubi
3173 2298 3527 2353 tabernacula

1950 2388 2090 2443 lueis
2130 2388 2236 2443 lixa
2278 2398 2451 2445 sunt:
2490 2390 2545 2444 in
2574 2391 2738 2445 domo
2769 2391 2998 2461 nuptiali
3039 2399 3340 2456 exornata,
3381 2399 3436 2444 et
3469 2390 3525 2443 in

1949 2483 2201 2538 convivio
2242 2483 2367 2538 vitae
2395 2483 2722 2554 spiritualis,
2767 2501 2892 2540 cum
2937 2484 3046 2539 illis
3075 2485 3396 2551 victoribus,
3428 2483 3525 2554 qui

1947 2571 2146 2627 festum
2189 2574 2299 2630 illic
2345 2582 2632 2644 peragunt,
2680 2575 2909 2631 feliciter
2958 2577 3299 2631 celebremus
3348 2585 3420 2640 te,
3471 2585 3527 2630 ct

1947 2665 2090 2720 inter
2117 2667 2338 2736 agmina
2370 2681 2585 2734 eorum,
2619 2682 2882 2723 canamus
2926 2668 3021 2723 tibi
3059 2669 3291 2739 gloriam
3324 2677 3378 2723 et
3405 2668 3526 2722 lau-

1946 2756 2092 2812 dem.

2016 2848 2281 2920 Populus.
2309 2850 2506 2905 Amen.

2020 2939 2279 2998 Sacerdos
2326 2943 2639 2998 inclinatus.
2684 2943 2974 3011 Memento,
2997 2943 3525 3015 Domine,Ecclesiae

334 3027 703 3084 Obsecramus
736 3036 808 3094 te,
838 3029 1182 3086 sanctissime
1196 3030 1527 3097 Deus,mitte
1553 3032 1621 3087 ad
1647 3047 1750 3089 nos
1773 3048 1837 3088 ex
1868 3058 1912 3120 α
1947 3044 2054 3089 tuae
2075 3045 2298 3101 sanctae,
2330 3036 2592 3090 conﬁrma
2617 3035 2973 3091 fundamenta
2995 3037 3114 3106 ejus
3139 3037 3194 3091 in
3220 3036 3325 3091 ﬁde
3351 3046 3522 3104 recta,

267 3121 580 3176 habitacqu
609 3124 761 3193 regni
792 3122 869 3176 tui
895 3123 1112 3190 aeterni,
1145 3132 1201 3178 et
1230 3139 1299 3178 ex
1333 3124 1558 3194 regione
1595 3141 1841 3195 prasen—

264 3214 350 3268 tize
376 3223 483 3268 tuae
523 3214 772 3276 excelsae,
806 3212 1072 3284 Spiritum
1117 3224 1270 3270 tuum
1297 3213 1570 3283 sanetum,
1599 3218 1842 3272 consub-

265 3306 574 3360 stantialem
605 3307 724 3373 tibi,
746 3316 801 3362 et
819 3308 1138 3377 Operatione
1164 3309 1426 3379 aequalem
1454 3309 1590 3381 (27),
1615 3311 1707 3380 qui
1736 3327 1768 3364 a
1793 3319 1844 3366 te

264 3399 472 3468 absque
494 3399 647 3454 initio
674 3401 937 3470 procedit,
953 3417 1050 3472 per
1075 3402 1412 3472 unigenitum
1438 3400 1638 3457 Filium
1659 3406 1839 3466 tuum,

261 3499 316 3544 et
345 3492 439 3560 qui
467 3505 796 3563 quocunque
823 3504 1066 3563 tempore
1089 3494 1252 3549 datur
1299 3494 1367 3550 iis
1392 3495 1486 3564 qui
1511 3495 1606 3550 tibi
1631 3495 1840 3565 accepti

263 3592 412 3646 sunt,
442 3599 648 3653 eosque
676 3585 772 3654 qui
803 3594 856 3640 te
887 3586 1070 3640 vident
1107 3595 1162 3642 et
1208 3586 1519 3656 intelligunt
1548 3588 1760 3656 perﬁcit
1788 3597 1844 3643 et

262 3687 610 3730 consummat
659 3696 672 3730 :
717 3683 778 3731 ut
821 3676 1072 3745 illabens,
1108 3679 1588 3749 requiescensque,
1635 3680 1842 3735 habitet

263 3782 431 3836 super
457 3767 766 3823 oblationes
794 3767 928 3823 istas
955 3785 967 3819 :
1001 3769 1202 3838 quibus
1227 3769 1582 3826 sanctiﬁcatis
1612 3786 1706 3840 per
1731 3772 1841 3826 vir-

263 3873 434 3918 tutem
475 3861 662 3930 gratia-
686 3870 792 3916 tua;
816 3861 1066 3932 perﬁciat
1099 3861 1215 3916 haec
1238 3861 1520 3934 mysteria,
1554 3870 1719 3932 atque
1749 3864 1838 3919 illa

260 3962 642 4023 suscepturos.

333 4045 619 4100 Sacerdos.
652 4041 864 4098 Exaudi
891 4059 998 4110 me,
1033 4043 1282 4100 Domine.

331 4137 594 4208 Populus.
651 4136 816 4209 Kyrie
871 4137 1112 4204 eleison,
1171 4135 1333 4208 Kyrie
1384 4139 1613 4206 eleison,
1674 4139 1838 4211 Kyrie

258 4233 486 4287 eleison.

329 4323 588 4379 Sacerdos
615 4323 820 4379 elevans
856 4340 1052 4380 vocem.
1082 4323 1150 4378 Et
1172 4339 1367 4394 panem
1391 4323 1612 4394 quidem
1644 4325 1833 4390 istum,

1946 3135 2000 3182 et
2039 3142 2304 3182 conserva
2349 3142 2472 3182 eam
2518 3128 2571 3182 in
2609 3129 3006 3198 tranquillitate
3050 3137 3334 3197 perpetua,
3381 3128 3522 3184 etin

1945 3234 2079 3289 pace
2125 3218 2448 3273 abundanti.
2481 3217 2740 3273 Pastores
2785 3227 2839 3273 et
2869 3221 3126 3274 doctores
3156 3220 3519 3287 orthodoxos,

1943 3311 2035 3380 qui
2067 3319 2329 3380 prmsunt,
2357 3309 2410 3364 in
2429 3325 2514 3375 ea,
2540 3310 2864 3364 castimonia
2889 3326 3103 3364 morum
3120 3325 3356 3365 exorna:
3384 3327 3521 3380 prae-

1944 3400 2102 3470 cipue
2129 3416 2260 3456 vcro
2289 3401 2574 3455 dominum
2605 3399 2670 3454 N.
2701 3401 3070 3471 patriarcham
3107 3417 3120 3452 :
3154 3411 3209 3454 et
3231 3401 3517 3455 dominum

1945 3491 2014 3548 N.
2046 3494 2366 3564 episcopum
2401 3502 2673 3557 nostrum,
2725 3501 2779 3547 et
2808 3493 2877 3547 da
2914 3493 3021 3547 illis
3053 3501 3111 3546 ut
3147 3508 3270 3548 cum
3320 3495 3519 3548 decore

1942 3593 2170 3654 pascant
2207 3599 2351 3639 eam.
2380 3581 2651 3637 Memento
2673 3582 2837 3638 etiam
2857 3625 2872 3648 ,
2900 3582 3147 3647 Domine,
3172 3585 3515 3640 sacerdotum

1942 3676 2202 3733 Ecclesiae
2231 3685 2358 3741 tum,
2384 3685 2436 3729 et
2458 3676 2816 3730 diaconorum
2851 3675 3035 3745 templi
3067 3677 3164 3740 tui,
3191 3687 3246 3730 et
3267 3679 3516 3733 omnium

1942 3769 2218 3833 ordinum,
2249 3768 2342 3837 qui
2371 3767 2437 3822 ad
2479 3766 2843 3822 ministerium
2883 3775 3035 3822 tuum
3058 3769 3322 3839 segregati
3363 3780 3514 3825 sunt.

1939 3861 2211 3915 Memento
2239 3859 2426 3920 etiam,
2447 3857 2695 3925 Domine,
2724 3861 2831 3914 mei
2859 3861 3161 3929 peccatoris
3182 3860 3516 3930 insipientis,

1938 3962 1993 4009 et
2021 3952 2278 4024 pauperis
2314 3952 2458 4005 servi
2501 3951 2602 4016 tui,
2636 3952 2744 4005 mei
2773 3953 2995 4022 inquam
3033 3953 3337 4022 peccatoris
3369 3955 3513 4009 servi

1941 4047 2040 4111 tui,
2089 4059 2253 4115 quem
2289 4043 2464 4099 nubes
2493 4044 2744 4100 obscura:
2786 4045 3109 4100 delictorum
3147 4046 3509 4102 circumdant.

1937 4139 2041 4194 Per
2062 4137 2438 4207 aspersionem
2460 4137 2679 4207 hyssopi
2709 4138 2784 4189 tui
2811 4137 3013 4190 munda
3041 4153 3147 4201 me,
3177 4149 3230 4192 et
3250 4147 3509 4208 tanquam

1936 4233 2117 4287 nivem
2163 4228 2353 4284 dealba
2396 4243 2504 4294 me,
2543 4237 2833 4298 purgatum
2886 4243 2916 4282 a
2961 4229 3192 4284 maculis
3249 4238 3302 4285 et
3342 4232 3512 4287 naevis

1937 4322 2164 4395 peccati.
2196 4320 2486 4386 Memento,
2512 4317 2962 4384 etiam,Domine,
2991 4322 3234 4376 omnium
3270 4322 3510 4379 ﬁdelium

257 4417 474 4481 eﬂiciat,
505 4431 705 4486 corpus
738 4415 1034 4480 vivilicum,
1067 4415 1109 4487 -ι-
1138 4430 1340 4486 corpus
1362 4416 1584 4471 casleste
1615 4426 1668 4472 et
1687 4419 1836 4472 salu-
1865 4404 1914 4464 Ι)
1939 4416 2033 4486 qui
2056 4415 2110 4468 in
2128 4413 2337 4469 exsiliis
2361 4424 2509 4478 sunt,
2534 4423 2790 4467 eteorum
2821 4413 2914 4482 qui
2945 4428 3045 4482 pro
3073 4413 3178 4469 tide
3202 4414 3510 4470 orthodoxa

259 4517 396 4571 tare,
423 4507 462 4578 4.-
491 4523 692 4577 corpus
722 4509 945 4563 salvans
975 4509 1192 4563 animas
1242 4516 1482 4574 nostras,
1515 4515 1565 4561 et
1595 4522 1830 4578 corpora

329 4644 446 4726 (2³7)
489 4641 764 4726 Ιρνορειιὶο
792 4643 1037 4712 ejusdem
1065 4643 1357 4726 sententiae
1390 4653 1497 4726 est,
1533 4658 1596 4698 ac
1629 4658 1818 4699 omnes

257 4713 481 4784 reliqum
512 4713 681 4784 Syrte,
715 4730 953 4784 quarum,
981 4714 1134 4784 nulla
1157 4729 1276 4784 eam
1302 4715 1587 4768 lectionem
1621 4729 1808 4782 reprae-

257 4783 454 4848 sentat,
487 4783 650 4852 quam
682 4783 919 4838 editores
945 4783 1182 4839 Missalis
1211 4783 1488 4838 Chaldaici
1507 4785 1819 4853 elegerunt:

255 4857 356 4909 etsi
379 4855 598 4924 aliquos
619 4855 836 4909 codices
861 4855 1121 4919 vidimus,
1159 4869 1299 4922 quos
1327 4869 1393 4908 ex
1422 4869 1824 4924 commemora-

257 4926 405 4979 tione
441 4923 613 4979 sancti
645 4924 884 4978 Maronis
919 4936 974 4980 et
1003 4925 1126 4980 aliis
1159 4924 1395 4989 indiciis,
1427 4923 1820 4978 Maronitarum

255 4995 684 5049 orthodoxorum
713 5011 834 5049 esse
861 4995 1167 5055 constabat,
1202 4993 1295 5063 qui
1329 5004 1564 5048 veterem
1596 5004 1649 5047 et
1672 5010 1824 5048 com-

257 5081 478 5120 munem
503 5067 757 5137 omnibus
786 5065 1047 5137 Liturgiis
1074 5066 1306 5137 formam
1335 5065 1708 5137 continebant.
1738 5063 1825 5118 ln-

256 5145 486 5191 vocatur
523 5133 760 5204 Spiritus
802 5133 1027 5191 sauct'ns
1063 5144 1122 5189 ut
1167 5136 1423 5189 illabatur
1458 5135 1676 5188 coalitus
1712 5152 1724 5187 :
1765 5143 1825 5188 ut

255 5207 581 5276 requiescat,
613 5216 669 5259 ut
697 5207 899 5261 habitet
937 5222 1100 5276 super
1121 5206 1261 5259 dona
1289 5205 1590 5276 preposita,
1623 5215 1674 5259 et
1717 5206 1839 5268 illis.

253 5275 436 5332 verbis
463 5277 788 5346 exprimitur
813 5278 1011 5343 oratio,
1037 5292 1269 5346 quorum
1302 5277 1407 5328 vim
1427 5275 1540 5344 jam
1570 5277 1838 5344 superius

253 5349 633 5417 exposuimus,
687 5361 812 5401 cum
869 5348 935 5400 ad
989 5346 1409 5417 signiﬁcandum
1467 5346 1719 5417 illapsum
1771 5354 1824 5417 et

253 5414 726 5472 obumbrationem
753 5417 989 5485 Spiritus
1013 5414 1182 5471 sancti
1211 5417 1265 5469 in
1296 5415 1462 5471 Maria
1490 5415 1707 5484 Virgine
1728 5414 1825 5469 ad-

256 5487 850 5543 hibeantur.‘Ell'ectum
875 5488 1133 5556 exprimit
1152 5486 1394 5556 Liturgia
1414 5503 1508 5555 per
1523 5487 1684 5539 verba
1712 5487 1822 5539 duo

251 5568 420 5618 Tan
463 5559 709 5626 perﬁciat
743 5575 761 5613 :
813 5568 866 5612 et
899 5555 1034 5620 πω
1066 5557 1228 5625 faciat
1263 5575 1282 5611 :
1316 5555 1436 5625 Quae
1494 5555 1822 5625 respondent

251 5628 455 5684 Graecis
482 5629 742 5702 τελειώσῃ
765 5631 1060 5702 θιγποεήσῃ.
1083 5628 1216 5702 illud
1238 5630 1409 5702 magis
1434 5627 1818 5702 observatione

252 5702 499 5766 digitum,
534 5702 678 5768 quod
710 5697 765 5758 in
805 5701 896 5755 illa
930 5697 1046 5768 ipsa
1093 5699 1431 5752 invocatione
1487 5700 1554 5752 de
1602 5697 1811 5767 Spiritu

1940 4522 2168 4578 agonem
2208 4505 2499 4561 sustinent.

1925 4649 2118 4698 sancto
2162 4639 2362 4693 dicitur
2403 4639 2491 4708 qui
2533 4655 2565 4691 a
2606 4647 2653 4690 te
2689 4639 2882 4707 absque
2934 4638 3089 4708 initio
3133 4639 3369 4706 procedit
3415 4655 3509 4708 per

1925 4710 2253 4781 unigenitum
2282 4707 2485 4762 Filium
2512 4717 2660 4781 litum
2684 4723 2715 4781 .'_
2737 4708 2882 4781 quod
2921 4723 3026 4762 non
3067 4707 3119 4781 in
3154 4709 3286 4781 aliis,
3325 4707 3508 4762 Litur-

1927 4779 2051 4854 giis,
2090 4782 2202 4854 imo
2242 4795 2343 4854 nec
2384 4780 2640 4854 precibus
2665 4779 3132 4854 diversigeneris,
3164 4779 3507 4854 facile__rcpe-

1929 4849 2122 4906 riatur.
2161 4849 2217 4902 ln
2246 4849 2434 4904 Jacobi
2461 4850 2599 4920 Syra
2627 4860 2679 4904 et
2705 4849 2758 4920 i_n
2782 4849 3120 4920 quibusdam
3148 4849 3272 4903 aliis
3303 4849 3506 4906 dicitur

1927 4924 2017 4996 qui
2048 4939 2079 4974 a
2111 4931 2157 4974 te
2177 4921 2434 4996 procedit,
2454 4917 2667 4996 aliquid
2699 4917 2977 4996 Filio_tu_o,
3003 4935 3120 4990 qua:
3137 4924 3205 4973 ad
3222 4922 3504 4975 essentiam

1929 4988 2187 5062 spectant,
2236 5001 2327 5043 aut
2360 4991 2429 5042 τὰ
2471 4988 2705 5062 aenean
2747 4991 2940 5058 accipit
2977 4988 3156 5062 aqua:
3206 5000 3408 5044 rectam
3438 4997 3506 5046 de

1930 5060 2287 5132 processwne
2337 5062 2512 5132 sancti
2571 5060 2807 5132 Spiritus
2843 5061 3147 5132 doctrinam
3201 5063 3269 5114 ita
3319 5063 3503 5130 expri-

1931 5130 2106 5197 inunt,
2149 5144 2207 5186 ut
2246 5147 2275 5186 a
2321 5130 2526 5186 Graecis
2577 5131 2944 5186 schisrnaticis
2991 5131 3330 5199 rejiciantur.
3384 5132 3504 5186 Non

1928 5204 2294 5273 spernendum
2323 5217 2454 5256 sane
2473 5202 2844 5273 testimonium
2873 5201 3015 5256 istud
3039 5211 3148 5273 est,
3184 5202 3504 5270 qualiscun-

1928 5271 2036 5342 que
2076 5275 2291 5327 tandem
2324 5273 2396 5327 sit
2427 5273 2531 5327 ista
2567 5271 2813 5340 Liturgia
2845 5287 2856 5322 :
2891 5287 3012 5324 nam
3038 5271 3107 5326 ah
3138 5272 3501 5342 interpolato-

1930 5345 2080 5398 ribus
2106 5345 2239 5398 nihil
2265 5358 2480 5412 passam
2498 5343 2643 5396 illam
2665 5358 2786 5396 esse
2813 5343 3179 5395 certissimum
3199 5353 3302 5396 est.
3323 5344 3504 5411 Atque

1928 5415 2000 5468 ita
2033 5423 2248 5468 constat
2268 5430 2376 5466 non
2403 5414 2545 5481 apud
2568 5413 2792 5466 Latinos
2830 5422 3009 5465 natam
3033 5413 3349 5480 opinionem
3379 5429 3502 5466 esse

1927 5484 1995 5538 de
2025 5485 2378 5552 processione
2403 5482 2642 5552 Spiritus
2667 5483 2841 5552 sancti
2881 5499 2910 5534 a
2936 5481 3097 5537 Patre
3126 5491 3180 5536 et
3208 5481 3362 5546 Filio,
3403 5498 3499 5535 seu

1928 5551 2270 5623 per’Filium.
2303 5557 2446 5621 quod
2475 5553 2616 5607 idem
2651 5569 2770 5607 esse
2806 5551 2978 5606 Graeci
3013 5564 3340 5622 agnoscunt,
3374 5569 3499 5606 cum

1925 5626 1981 5676 in
2014 5623 2191 5676 media
2223 5623 2403 5692 Syria,
2439 5624 2581 5677 inter
2603 5639 2698 5676 eos
2721 5623 2814 5690 qui
2840 5624 3000 5675 alieni
3027 5633 3155 5676 sunt
3187 5641 3214 5677 a
3243 5624 3500 5677 Romana:

1920 5693 2174 5748 Ecclesia:
2197 5695 2602 5765 communione,
2638 5703 2803 5748 testes
2827 5694 2973 5747 ill.us
3004 5697 3380 5762 reperiantur.
