4032 6146
522 230 618 284 6H

1340 225 1396 281 S.
1437 225 1824 281 CLEMENTIS
1862 226 1881 280 l
1921 224 2088 281 ROM.
2118 223 2326 280 ‘PONT.
2363 225 2590 282 OPERA
2628 226 2854 284 DUBIA.

3670 232 3773 291 612

595 339 854 396 Sacerdos
878 338 1084 392 elevans
1121 351 1315 391 uocem.
1345 333 1412 387 Et
1443 332 1742 388 Ecclesiam
1779 341 1951 399 tuam,
1983 331 2090 386 Do—
2125 331 2173 388 Α
2198 331 2450 403 disperge
2478 345 2532 388 et
2559 334 2765 404 dissipa
2793 352 2806 389 :
2843 349 3006 407 regna
3037 337 3286 406 profana,
3316 348 3371 395 et
3397 341 3634 399 hareses
3671 362 3774 400 tm-

524 433 692 499 mine,
722 447 885 502 quam
927 427 1219 501 possedisti
1253 427 1320 482 ab
1361 426 1538 493 initio,
1579 434 1634 480 et
1675 425 1953 480 redemisti
2001 439 2098 494 per

526 525 846 594 sanguinem
880 522 1142 592 unigeniti
1174 518 1295 573 Filii
1327 517 1404 572 tui
1443 517 1695 582 benedic,
1718 525 1774 571 et
1797 515 2006 585 depelle
2029 517 2099 571 ab

527 627 590 667 ea
623 612 1056 668 conﬂictationes
1087 612 1366 664 hareseon
1401 608 1858 677 perniciosarum,
1903 624 2027 678 qua
2065 624 2096 664 a

529 705 815 774 spiritibus
846 703 1052 773 peccati
1077 701 1435 765 suscitantur,
1462 712 1514 752 et
1540 702 1605 754 ad
1639 715 1758 754 eam
1783 700 2100 771 demergen-

529 793 653 848 dam
687 795 740 846 in
765 794 1020 863 abyssum
1052 792 1368 860 impietatis,
1396 791 2009 861 excitantur.Propulsa
2031 791 2100 846 ab

529 884 644 948 illa,
674 882 926 944 Domine,
952 881 1232 946 scandala,
1256 889 1311 935 et
1340 881 1510 946 rixas,
1534 890 1589 935 et
1626 896 1893 950 praserva
1917 896 2034 935 eam
2066 895 2096 934 a

527 978 715 1046 virgis,
739 975 1073 1045 ﬂagellisque
1097 976 1228 1040 tuis,
1267 983 1432 1044 atque
1462 991 1491 1028 a
1528 973 1946 1036 tentationibus,
1969 973 2096 1042 qui-

526 1069 630 1123 bus
652 1084 747 1138 per
777 1067 1144 1121 iutirmitatem
1171 1067 1510 1122 succumbat.
1536 1066 1729 1121 Libera
1757 1083 1877 1122 eam
1900 1083 1928 1121 a
1956 1067 2099 1122 fame

527 1177 733 1225 amara,
765 1177 793 1214 a
825 1161 1162 1230 captivitate,
1207 1169 1263 1215 et
1287 1161 1642 1214 mortalitate.
1693 1159 1768 1213 Da
1799 1161 1962 1213 etiam
2016 1160 2096 1214 illi

524 1265 768 1324 tempora
827 1254 1144 1323 tranquilla,
1190 1263 1243 1307 et
1271 1253 1628 1317 abundantia,
1669 1253 2098 1322 praclaramque

524 1347 668 1402 aeris
692 1348 1026 1416 temperiem,
1061 1355 1306 1417 segetum
1333 1344 1722 1415 fructuumque
1745 1353 2094 1415 proventum,

523 1453 648 1493 cum
691 1437 1131 1492 accumulatione
1173 1437 1420 1490 omnium
1490 1433 1796 1503 bonorum;
1853 1435 1982 1504 quia
2039 1447 2095 1490 tu

522 1528 700 1584 bonus
731 1543 811 1594 es,
843 1537 896 1583 et
925 1543 1089 1598 super
1112 1541 1302 1582 omnes
1319 1525 1540 1596 largiter
1553 1527 1837 1581 effundens
1867 1542 2094 1582 munera

520 1631 636 1687 tua,
670 1620 1009 1692 gratiamque
1049 1627 1198 1672 tuam
1231 1618 1582 1687 dispensans,
1623 1617 1833 1689 tibique
1863 1619 2092 1689 gloriam

520 1727 576 1773 et
606 1717 904 1787 gratiarum
940 1712 1209 1766 actionem
1240 1709 1544 1766 offerimus.

593 1807 850 1875 Populus.
877 1805 1072 1858 Amen.

591 1898 848 1954 Sacerdos
905 1897 1214 1950 inclinatus.
1267 1891 1562 1960 Memento,
1601 1892 1852 1959 Domine,
1897 1909 2093 1949 eorum

519 1991 612 2062 qui
631 1992 684 2045 in
727 1988 1036 2060 virginitate
1074 2002 1210 2056 pure
1227 1986 1442 2050 vivunt,
1469 1985 1886 2056 conjugatorum
1911 1995 2097 2040 casto-

521 2097 665 2148 rum,
689 2082 1056 2151 orplianorum
1082 2089 1133 2132 et
1153 2077 1463 2142 viduarum,
1488 2092 1786 2146 pauperum
1811 2085 1865 2131 et
1890 2092 2094 2148 egeno-

520 2189 666 2237 rum,
697 2181 752 2226 ct
789 2185 978 2225 eorum
1010 2169 1102 2238 qui
1131 2168 1394 2237 adjuvant
1422 2167 1721 2222 Ecclesiam
1761 2179 1932 2222 tuam.
1965 2168 2094 2224 illo-

519 2281 640 2320 rum
672 2265 836 2319 etiam
868 2261 960 2332 qui
1010 2261 1209 2315 addicti
1253 2269 1381 2314 sunt
1415 2260 1720 2315 ministerio
1753 2269 2092 2328 sanctorum,

519 2363 575 2412 et
625 2357 884 2426 adjuvant
924 2354 1302 2408 necessitatem
1351 2355 1666 2422 patientes:
1712 2354 1810 2423 qui
1860 2354 2095 2409 oﬁ‘erunt

519 2451 846 2514 oblationes,
872 2457 926 2501 et
955 2447 1214 2517 praclare
1237 2454 1554 2514 operantur.

590 2541 850 2611 Populus.
883 2538 1047 2609 Kyrie
1068 2539 1297 2593 eleison.

592 2635 849 2690 Sacerdos
878 2631 1084 2686 elevans
1129 2647 1324 2684 vocem.
1351 2631 1417 2686 Et
1455 2630 1653 2700 adjuva
1685 2647 1781 2700 per
1810 2631 2091 2687 dexteram

522 2736 671 2781 tuam
701 2732 996 2794 potentem,
1023 2722 1395 2790 conﬁrmaque
1423 2721 1648 2774 brachio
1672 2731 1765 2775 tuo
1795 2719 1944 2788 forti,
1971 2737 2092 2776 om-

520 2833 620 2871 nes
656 2816 750 2885 qui
785 2815 839 2868 in
876 2813 1118 2868 Ecclesia
1173 2823 1266 2866 tua
1317 2823 1503 2868 sancta
1534 2814 1799 2868 catholica
1830 2824 2093 2884 perpetuo

521 2907 826 2963 oblationes
850 2906 1108 2959 olferunt.
1131 2913 1186 2958 et
1211 2906 1490 2959 memoria
1523 2915 1837 2960 sanctorum
1872 2915 2090 2963 tuorum

521 3000 957 3065 communicant;
991 2999 1084 3068 qui
1107 2999 1574 3070 eleemosynarum
1603 2997 1870 3055 fructibus
1893 3015 2092 3071 egenos
2119 3024 2162 3082 ο

522 3090 866 3146 abundanter
894 3098 1224 3155 sustentant,
1255 3099 1310 3144 et
1340 3089 1694 3160 indigentiam
1715 3091 1933 3161 explent
1955 3106 2092 3161 pau-

520 3197 734 3253 perum.
775 3180 852 3235 Da
889 3181 994 3235 illis
1023 3181 1412 3235 abundantiam
1441 3181 1732 3247 bonorum,
1775 3198 1874 3252 pro
1904 3183 2093 3252 dispo-

521 3276 719 3333 sitione
741 3275 988 3330 cordium
1011 3289 1200 3328 eorum
1229 3291 1242 3327 :
1273 3282 1326 3327 et
1359 3289 1457 3343 pro
1477 3274 1638 3327 donis
1671 3276 2087 3344 temporalibus,

521 3366 590 3422 da
614 3366 720 3421 illis
745 3365 1074 3420 afﬂuentiam
1120 3365 1562 3420 benedictionum
1601 3365 1998 3422 ditissimarum
2035 3377 2101 3422 et-

523 3456 970 3512 inamissibilium
997 3471 1013 3510 :
1046 3463 1102 3509 et
1144 3470 1242 3525 pro
1265 3455 1714 3524 possessionibus
1736 3472 1845 3510 non
1876 3473 2092 3526 perma-

521 3549 799 3614 nentibus,
826 3561 1070 3617 praepara
1101 3547 1209 3601 illis
1240 3547 1466 3602 delicias
1485 3547 1690 3614 beatas,
1713 3551 2089 3605 etmercedem

523 3640 1086 3708 inconsumptibilem,
1111 3647 1164 3693 et
1193 3654 1418 3693 munera
1445 3639 1648 3695 amoris
1688 3655 1816 3711 erga
1843 3641 2091 3700 homines

522 3732 625 3797 tui,
668 3731 918 3800 bonaque
949 3730 1226 3784 uberrima
1266 3730 1596 3785 hareditatis
1644 3739 1752 3786 tua
1794 3751 1807 3787 :
1859 3733 1988 3802 quia
2030 3744 2089 3790 tu

521 3823 698 3879 bonus
713 3837 795 3889 es,
813 3831 866 3876 et
889 3823 1040 3876 dives
1057 3823 1110 3875 in
1128 3822 1467 3886 muneribus,
1499 3823 1794 3894 largusque
1815 3824 2087 3882 donorum

523 3921 742 3968 tuorum
778 3932 791 3968 :
823 3923 878 3969 et
915 3913 1010 3969 tibi
1035 3913 1264 3983 gloriam
1288 3922 1342 3969 et
1363 3915 1662 3986 gratiarum
1689 3915 1956 3972 actionem
2005 3917 2092 3973 of-

523 4003 773 4060 ferimus.

594 4097 853 4167 Populus.
881 4095 1076 4151 Amen.

593 4187 852 4244 Sacerdos
887 4188 1198 4242 inclinatus.
1250 4187 1540 4257 Memento,
1590 4191 1855 4260 Domine,
1897 4210 2085 4264 regum

524 4279 958 4358 orthodoxorum
991 4278 1130 4349 (28),
1177 4278 1246 4334 da
1289 4279 1395 4334 illis
1417 4281 1702 4336 victoriam
1732 4283 1800 4337 de
1849 4284 2087 4340 inimicis

2200 425 2319 494 pias
2347 425 2645 495 comprime
2671 425 2890 482 dextera
2916 438 3007 482 tua
3036 431 3276 498 potenti:
3311 431 3507 488 hebeta
3532 435 3770 504 gladium

2201 522 2448 582 acutum,
2502 530 2571 570 ne
2605 516 2890 572 immineat
2918 520 3222 576 cervicibus
3251 512 3430 592 gregis
3468 526 3587 580 tui:
3617 543 3773 583 com-

2199 619 2360 672 pesce
2385 605 2750 674 eaptivitatcs,
2778 608 2973 675 cades,
3013 620 3068 664 et
3108 611 3246 666 bella
3280 629 3310 668 a
3339 617 3558 685 populis
3584 626 3640 672 et
3663 619 3774 674 ha-

2200 691 2430 746 reditate
2458 702 2550 748 tua
2586 710 2599 746 :
2633 710 2810 764 neque
2831 698 3067 766 aspicias
3100 700 3435 771 iniquitatem
3463 722 3654 761 eorum
3677 715 3772 779 qui

2199 786 2536 854 unigenitum
2569 786 2766 842 Filium
2803 798 2954 843 tuum
2985 792 3235 847 dividunt
3262 810 3276 846 :
3313 797 3405 850 sed
3433 799 3770 869 reliquorum

2200 886 2492 943 memento,
2517 879 2610 949 qui
2650 881 2886 936 retinent
2909 882 3064 937 ﬁdem
3088 885 3470 954 orthodoxam,
3497 901 3552 946 et
3580 893 3647 946 da
3667 894 3773 947 illis

2199 976 2362 1038 atque
2385 971 2542 1026 nobis
2569 973 2824 1028 virtutem
2852 975 3297 1046 insuperabileiu,
3312 991 3364 1034 et
3387 983 3545 1037 nobis
3563 995 3617 1038 et
3639 986 3775 1055 ipsis

2198 1061 2436 1116 concede
2465 1071 2708 1132 tempora
2739 1066 2958 1134 quietis,
2998 1077 3052 1122 et
3074 1071 3524 1140 tranquillitatem
3552 1077 3772 1142 salutis,

2197 1166 2293 1221 per
2321 1153 2548 1221 gratiam
2571 1163 2625 1207 et
2649 1155 3079 1214 misericordiam
3113 1170 3164 1216 et
3184 1177 3424 1217 amorem
3443 1179 3569 1236 erga
3597 1168 3774 1223 homi-

2198 1260 2296 1299 nes
2327 1247 2587 1316 unigeniti
2614 1247 2736 1303 Filii
2768 1251 2979 1322 tui,per
2993 1269 3153 1324 quem
3175 1264 3370 1311 etcum
3398 1273 3509 1328 quo
3541 1268 3593 1315 te
3617 1261 3778 1317 decet

2197 1337 2367 1408 gloria
2395 1348 2450 1392 et
2475 1339 2671 1406 honor,
2700 1350 2806 1396 etc.

2267 1429 2530 1500 Populus.
2561 1432 2755 1488 Amen.

2269 1521 2530 1577 Sacerdos
2580 1525 2891 1582 inclinatus.
2935 1526 3135 1583 Eorum
3179 1529 3344 1584 etiam
3400 1532 3644 1588 omnium
3675 1536 3772 1606 qui

2197 1614 2465 1684 agonibus
2493 1615 2608 1669 suis
2636 1616 2730 1670 tibi
2756 1617 3098 1686 placuerunt,
3131 1628 3185 1674 et
3225 1637 3498 1677 summam
3524 1626 3772 1683 moribus

2198 1705 2314 1760 suis
2331 1705 2562 1776 gloriam
2585 1711 2867 1764 consecuti
2901 1711 3154 1774 sunt,fac
3183 1713 3383 1768 bonam
3415 1717 3766 1785 memoriam,

2199 1795 2449 1865 Domine,
2475 1799 2582 1854 hoc
2601 1807 2844 1870 tempore
2878 1821 2889 1855 :
2923 1812 3138 1872 patrum
3163 1805 3626 1875 patriarcharum,
3644 1825 3771 1880 pro-

2195 1889 2503 1960 phetarum,
2529 1887 3386 1962 apostolorum,'pradicatorum,
3422 1902 3769 1957 annuntiato-

2196 1997 2340 2048 rum,
2401 1983 2884 2053 evangelistarum,
2921 1984 3147 2042 Joannis
3175 1986 3450 2059 Baptista,
3505 1991 3765 2062 Stephani

2194 2074 2430 2140 diaconi,
2486 2086 2540 2131 et
2581 2075 2873 2133 Genitricis
2931 2077 3027 2134 Dei
3072 2078 3278 2148 Maria,
3335 2097 3459 2137 cum
3510 2085 3768 2141 omnibus

2197 2167 2423 2223 sancﬁs.

2269 2258 2490 2314 Elevans
2505 2276 2697 2314 vocem.
2722 2258 2924 2315 Eorum
2949 2261 3042 2331 qui
3065 2263 3364 2318 certamine
3385 2264 3644 2320 athletico
3667 2281 3773 2321 suo

2194 2348 2441 2420 perfecti,
2495 2359 2548 2406 et
2580 2366 2754 2420 agone
2776 2350 3004 2421 justitia
3039 2356 3408 2410 consummati
3453 2366 3604 2411 sunt.
3652 2356 3768 2412 Me-

2195 2449 2380 2496 mento
2405 2441 2591 2510 etiam,
2623 2441 3102 2510 Domine,eorum,
3130 2445 3224 2514 qui
3253 2445 3306 2499 in
3331 2446 3561 2518 singulis
3583 2448 3771 2518 regio-

2194 2533 2359 2587 nibus
2389 2542 2443 2586 et
2467 2533 2781 2590 civitatibus
2810 2535 3134 2605 placuerunt
3159 2536 3385 2608 tibi,qui
3409 2539 3617 2593 exitum
3644 2540 3770 2594 vita

2194 2625 2528 2695 inculpatum
2564 2627 2826 2683 habentes
2855 2643 2922 2682 ex
2954 2628 3058 2683 hoc
3089 2630 3297 2684 mundo
3332 2629 3585 2699 profecti,
3611 2631 3682 2686 ad
3715 2640 3769 2686 te

2193 2728 2579 2787 pervenerunt,
2595 2728 2651 2773 et
2669 2719 2736 2774 ad
2761 2720 3011 2776 caelestes
3042 2720 3239 2776 domos
3254 2721 3448 2776 elevati
3468 2732 3599 2777 sunt
3626 2745 3638 2778 :
3662 2721 3771 2777 Pa-

2194 2819 2337 2864 trum
2362 2810 2714 2880 antiquorum
2747 2821 2801 2867 et
2848 2812 3306 2882 patriarcharum,
3344 2815 3652 2885 principum
3686 2815 3770 2870 fa-

2193 2902 2492 2968 miliarum,
2524 2903 2621 2973 qui
2642 2904 2899 2974 mysteria
2933 2905 3189 2960 viderunt
3217 2914 3271 2960 et
3295 2906 3653 2963 revelationes
3673 2923 3763 2978 pe

2195 3002 2568 3058 netraverunt,
2594 3010 3005 3051 aconomorum
3033 2997 3421 3068 spiritualium,
3440 2999 3768 3067 pradicato—

2194 3101 2317 3140 rum
2353 3085 2742 3157 gloriosorum,
2775 3097 2830 3143 et
2858 3088 3181 3144 dilectorum
3215 3090 3314 3144 tibi
3351 3091 3762 3161 deprecantium

2195 3185 2265 3243 te,
2325 3177 2532 3248 tibique
2579 3188 2924 3250 acceptorum
2979 3189 3033 3236 et
3077 3181 3517 3250 dispensatorum
3564 3182 3764 3239 domus

2192 3279 2319 3326 tua.
2345 3269 2622 3341 Propitius
2663 3281 2801 3337 esto,
2845 3271 3096 3338 Domine,
3135 3275 3512 3344 iniquitatibus
3537 3277 3762 3342 nostris,

2191 3378 2289 3433 per
2318 3363 2596 3419 orationes
2628 3379 2842 3418 eorum.
2878 3363 2955 3419 Da
2987 3367 3146 3422 nobis
3187 3378 3248 3422 ut
3276 3383 3399 3423 cum
3445 3365 3551 3420 ﬁde
3583 3365 3766 3419 ortho-

2191 3453 2354 3522 doxa,
2383 3456 2681 3511 secundum
2712 3465 2960 3511 exactam
2979 3459 3285 3514 doctrinam
3325 3473 3538 3523 eorum,
3569 3472 3766 3526 sequa-

2191 3563 2316 3603 mur
2343 3549 2560 3603 illorum
2586 3550 2836 3622 vestigia,
2867 3553 3150 3621 simusque
3169 3552 3412 3607 haredes
3442 3551 3762 3621 promissio-

2191 3655 2323 3694 num
2353 3657 2476 3711 qua
2499 3641 2566 3696 ad
2591 3657 2686 3698 eos
2717 3642 2871 3698 facta
2892 3652 3038 3706 sunt,
3065 3644 3469 3713 participesque
3494 3641 3762 3696 mercedis

2190 3746 2411 3799 eorum;
2448 3741 2647 3788 etcum
2675 3734 2754 3790 eis
2783 3735 3052 3803 latemur,
3086 3734 3266 3806 adepti
3315 3749 3551 3789 coronas
3591 3735 3764 3788 victo-

2189 3822 2305 3890 ria,
2337 3833 2503 3894 atque
2519 3824 2657 3880 inter
2677 3827 2891 3897 agmina
2909 3842 3098 3881 eorum
3115 3843 3378 3883 canamus
3407 3827 3507 3882 tibi
3532 3827 3762 3898 gloriam

2188 3923 2243 3970 et
2280 3915 2494 3970 laudem
2517 3925 2572 3971 et
2602 3917 2881 3988 unigenito
2902 3917 3040 3974 Filio
3060 3928 3176 3974 tuo.

2259 4007 2516 4078 Populus.
2545 4009 2740 4066 Amen.

2263 4101 2521 4157 Sacerdos
2564 4102 2877 4158 inclinatus.
2913 4103 3425 4163 Commemoramus
3463 4123 3654 4165 coram
3705 4119 3760 4165 ω

2191 4193 2297 4248 hoc
2351 4203 2616 4264 tempore,
2667 4193 2916 4261 Domine,
2958 4207 3206 4266 pastores
3235 4214 3396 4254 veros
3425 4212 3479 4256 et
3507 4201 3763 4258 doctores

2192 4286 2439 4340 sinceros
2470 4327 2485 4351 ,
2539 4300 2731 4340 omnes
2769 4284 2959 4342 Patres
2985 4287 3189 4343 electos
3210 4298 3264 4343 et
3281 4290 3495 4356 beatos,
3521 4293 3760 4348 maxime

522 4373 660 4439 suis,
685 4381 740 4427 et
763 4372 961 4426 virtute
977 4372 1336 4442 omnipotenti
1363 4384 1452 4426 tua
1475 4373 1672 4428 robora
1695 4374 1835 4438 illos,
1859 4385 1913 4431 et
1937 4393 2087 4433 arma
2118 4375 2167 4433 D
2192 4393 2323 4434 vero
2345 4376 2986 4450 lgnatium,Dionysium,
3004 4395 3128 4434 cum
3142 4381 3372 4450 reliquis
3386 4382 3604 4438 dilectis
3624 4385 3758 4440 tuis.

521 4462 666 4517 illos.

593 4553 818 4608 Elevans
847 4569 1040 4606 vocem.
1067 4551 1295 4609 Ordines
1321 4555 1484 4609 etiam
1511 4555 1740 4623 militia,
1770 4558 1955 4628 copias
1977 4559 2090 4613 bel-

519 4645 675 4710 licas,
707 4645 959 4714 viresque
990 4659 1307 4714 regnorum,
1340 4661 1464 4716 qua
1501 4648 1602 4702 sub
1621 4647 1757 4719 jugo
1808 4651 2087 4706 servitutis

517 4735 701 4790 crucis
730 4745 835 4789 tua
861 4735 1107 4790 victricis
1137 4736 1486 4804 inclinantur,
1511 4747 1563 4793 et
1586 4739 1800 4809 signum
1823 4742 2086 4813 unigeniti

518 4826 643 4881 Filii
686 4830 764 4882 tui
801 4837 1006 4894 tenent,
1037 4837 1295 4898 tanquam
1341 4845 1492 4885 arma
1539 4832 1755 4897 salutis,
1804 4834 2000 4905 adjuva
2029 4846 2085 4893 et

519 4915 690 4979 salva,
719 4913 964 4970 Domine.
987 4914 1410 4986 Conjurationes
1439 4920 1682 4990 gentium
1733 4921 2081 4982 inimicarum

589 5029 701 5106 (28)
742 5030 1033 5106 Memento,
1068 5031 1302 5106 Domine,
1355 5051 1533 5106 regum
1557 5037 1986 5100 orthodoxorum.
2018 5045 2076 5101 In

517 5099 640 5154 aliis
663 5101 824 5172 hujus
857 5104 1069 5176 generis
1099 5103 1373 5172 formulis,
1411 5099 1608 5176 quales
1641 5123 1942 5166 occurrunt
1969 5099 2078 5170 non

517 5185 737 5248 pauca,
754 5173 1018 5248 quasdam
1047 5183 1252 5229 tractas
1276 5191 1342 5248 ex
1375 5173 1542 5248 veteri
1584 5179 1873 5248 diseiplina
1907 5181 2079 5241 fuisse

516 5240 780 5320 credibile
813 5252 934 5323 est_:
968 5244 1128 5298 istam
1162 5261 1267 5324 non
1301 5246 1448 5300 item.
1469 5245 1604 5324 Ijam
1633 5240 1847 5324 planam
1871 5262 1924 5324 et
1955 5240 2079 5324 per?-

515 5310 760 5396 spicuam
775 5313 1077 5396 orationem
1098 5316 1338 5396 continet
1360 5331 1457 5387 pro
1471 5310 1798 5396 Eliristiatiis
1814 5310 2076 5396 principi--

515 5379 640 5462 bus,
669 5382 982 5462 utuinimicis
1009 5383 1131 5462 ﬁdei
1145 5379 1468 5462 superiores
1487 5389 1624 5442 ﬁant
1640 5379 1829 5462 divino
1845 5379 2071 5462 auxilio,

515 5460 574 5527 et
600 5466 713 5527 pro
741 5453 1040 5527 inﬁdelium
1077 5453 1456 5522 debellatione,
1509 5459 1655 5527 quod
1701 5476 1809 5527 qua
1861 5453 2074 5522 ratione

513 5517 864 5596 Christianis
887 5523 1153 5587 moribus,
1188 5527 1394 5595 legibus
1433 5517 1686 5596 ipsorum
1709 5517 2073 5592 Orientalium

513 5589 922 5676 ecclesiasticis,
963 5602 1018 5647 et
1041 5589 1304 5676 exemplis
1338 5589 1630 5653 convenire
1659 5602 1854 5676 possit,
1900 5589 2074 5676 expli;

516 5671 641 5712 care
665 5660 822 5717 facile
845 5678 955 5716 non
985 5673 1086 5718 est.
1121 5660 1256 5719 Nam
1301 5682 1460 5722 orare
1486 5683 1586 5738 pro
1612 5660 1953 5743 principibus
1973 5660 2071 5732 'iuo

2263 4473 2486 4529 Eleuatus
2517 4490 2712 4529 vocem.
2743 4472 2849 4530 Eos
2889 4476 2982 4544 qui
3019 4491 3186 4546 super
3213 4487 3420 4547 petram
3464 4480 3760 4536 inconcus-

2189 4579 2306 4620 sam
2343 4563 2704 4619 confessionis
2735 4566 3068 4634 apostolica,
3099 4568 3527 4635 adiﬁcaverunt,
3560 4580 3616 4626 et
3649 4581 3762 4626 sta-

2189 4657 2483 4712 biliverunt
2535 4657 2720 4723 ﬁdem,
2765 4657 3239 4728 extenderuntque
3287 4669 3342 4714 et
3390 4661 3759 4718 dilataverunt

2192 4748 2488 4804 tentorium
2529 4747 2788 4804 Ecclesia
2835 4758 2962 4816 tua,
3002 4766 3032 4804 a
3071 4751 3272 4806 ﬁnibus
3299 4768 3475 4823 usque
3503 4753 3572 4808 ad
3621 4754 3757 4809 ﬁnes

2193 4849 2389 4896 terra:
2427 4841 2521 4912 qui
2556 4843 2963 4898 adiﬁcaverunt
2991 4845 3136 4898 ovile
3217 4855 3372 4900 tuum
3405 4848 3460 4902 in
3497 4847 3756 4905 universa

2193 4942 2338 4987 terra
2389 4932 2676 4988 habitabili
2723 4949 2737 4985 :
2791 4933 2884 5002 qui
2923 4935 2978 4989 in
3031 4936 3204 5006 pratis
3245 4937 3646 5008 spiritualibus,
3704 4949 3760 4995 et

2185 5046 2436 5103 ﬁdelibus
2484 5045 2640 5114 jubet
2685 5045 2997 5102 Christiana
3049 5049 3284 5117 religio,
3335 5060 3390 5105 et
3443 5053 3756 5109 testimonia

2185 5117 2358 5191 multa
2381 5125 2650 5191 veterum,
2677 5127 2736 5191 u_t
2758 5117 3142 5191 Alexandrina
3172 5118 3422 5176 Historia
3463 5125 3640 5191 palam
3673 5123 3755 5178 fa-

2186 5189 2340 5261 ciunt
2366 5226 2382 5251 ,
2413 5195 2469 5241 et
2498 5185 2830 5261 Egyptiaca
2861 5203 3078 5261 quoque
3101 5187 3380 5261 Liturgia,
3407 5185 3476 5247 ad
3508 5209 3648 5261 quas
3677 5197 3757 5248 vi-

2187 5257 2361 5330 denda
2393 5271 2514 5326 qua
2541 5257 2869 5330 notavimus.
2906 5257 3090 5330 Neque
3120 5261 3213 5313 ulli
3248 5257 3315 5315 ex
3333 5279 3444 5330 quo
3476 5257 3755 5323 Muhame-

2186 5328 2314 5383 dani
2338 5325 2544 5398 rerum
2586 5327 2640 5380 iu
2677 5325 2898 5382 Oriente
2930 5325 3084 5398 potiti
3113 5342 3262 5393 sunt,
3307 5325 3592 5398 Jacobita,
3619 5335 3756 5390 tales

2172 5397 2804 5471 principeshabuerunt,
2834 5397 3028 5471 quales
3054 5400 3157 5455 hac
3185 5403 3436 5458 oratione
3460 5405 3756 5471 designan-

2178 5478 2286 5535 tur,
2326 5467 2474 5535 quod
2501 5468 2706 5522 notavit
2729 5469 2784 5523 in
2827 5467 3240 5526 Commentario
3265 5473 3332 5527 ad
3371 5473 3521 5530 hunc
3569 5467 3752 5530 locum

2178 5483 2286 5535 tur,
2367 5483 2474 5522 uoa
2501 5483 2784 5523 notavum
2827 5483 3240 5526 uommeutarto
3265 5483 3332 5527 ad
3374 5483 3521 5530 hunc
3570 5483 3749 5530 locum

2173 5483 2463 5598 Barsaiibi,
2495 5539 2590 5606 qui
2633 5540 2800 5614 etiam
2848 5541 3490 5614 abbreviariidiptycha.
3541 5547 3647 5600 hac
3680 5548 3749 5599 de

2173 5623 2339 5688 causa
2366 5617 2617 5688 testatur.
2644 5607 2772 5688 μειερ
2791 5610 2956 5680 igitur
2989 5610 3226 5688 formula
3251 5607 3394 5669 nitier
3435 5617 3754 5688 singulares

2171 5687 2224 5732 et
2250 5677 2538 5732 inusitatas
2567 5678 2786 5735 videtur
2810 5677 3143 5756 reponenda.
