4066 6140
353 202 458 258 613

1794 203 2190 262 LITURGICA.
2211 273 2214 276 ,

3495 208 3601 264 (ιη

349 319 684 389 evangelicis
714 319 1056 379 fortitudinis
1080 332 1206 389 tuae,
1237 332 1509 394 paverunt
1529 335 1660 377 oves
1684 330 1807 375 tuas
1831 335 1919 373 ra-
1947 323 1995 381 Α
2268 329 2466 371 animae
2509 316 2783 386 primitias
2817 318 2942 373 vitae
2968 317 3177 387 absque
3197 312 3383 374 labore
3395 330 3590 388 ωερε-

352 411 607 478 tionales,
653 421 709 468 et
738 429 904 483 super
937 430 1108 484 aquas
1130 415 1330 485 quietis
1358 415 1701 470 deduxerunt
1751 426 1922 482 agnos

353 504 536 575 gregis
564 505 646 559 tui
677 520 691 555 :
727 505 823 575 qui
858 520 1043 561 coram
1069 508 1289 578 regibus
1308 516 1362 561 et
1385 506 1633 578 tyrannis
1661 505 1924 575 praedica-

350 603 551 650 verunt
577 592 924 663 Evangelium
945 607 1119 660 tuum,
1136 605 1190 650 et
1215 611 1399 651 coram
1423 596 1701 666 judicibus
1725 594 1926 666 iniquis

355 686 818 742 confirmaverunt
866 687 1182 759 religionem
1235 698 1434 743 tuam:
1479 688 1573 758 qui
1630 697 1816 757 gentes
1869 686 1925 740 in

353 777 595 834 tenebris
616 778 942 835 constitutas
972 779 1291 834 direxerunt
1307 790 1470 850 atque
1495 779 1924 834 illustraverunt.

354 868 768 938 docueruntque
791 870 912 924 illas
931 871 1079 939 quod
1109 871 1163 924 in
1194 871 1384 925 umbra
1417 871 1622 926 erroris
1650 871 1924 936 sederent,

354 961 577 1031 illisque
609 962 1126 1016 demonstraverunt
1156 963 1339 1017 lumen
1386 963 1628 1018 scientiae
1662 971 1787 1016 tuae.
1818 961 1924 1028 Qui

355 1054 566 1111 semina
584 1053 724 1108 bona
756 1053 878 1107 fidei
902 1055 1310 1110 seminaverunt
1334 1056 1387 1108 in
1410 1057 1568 1110 terris
1594 1055 1923 1121 animarum,

354 1155 409 1202 et
439 1155 809 1216 purgaverunt
837 1161 997 1215 agros
1021 1147 1171 1218 sylva
1194 1147 1476 1216 spinarum
1507 1155 1560 1201 et
1589 1147 1926 1200 zizaniorum

355 1238 562 1308 peccati
597 1237 724 1308 :qui
763 1238 997 1308 propriis
1027 1239 1373 1308 passionibus
1405 1239 1927 1307 reduxeruntcapti-

359 1328 581 1384 vitalem
616 1330 823 1400 populi.
851 1332 928 1384 tui
957 1347 987 1385 a
1015 1340 1280 1400 potestate
1325 1331 1450 1384 duri
1486 1341 1540 1386 et
1587 1331 1835 1400 maligni,
1873 1339 1928 1384 et

361 1421 626 1489 sanguine
669 1420 944 1474 cervicum
998 1436 1220 1475 suarum
1270 1421 1640 1476 liberaverunt
1687 1438 1808 1477 eam
1857 1422 1926 1476 ab

361 1513 716 1584 oppressione
745 1513 966 1569 rebellis
1013 1514 1159 1569 illius
1195 1533 1208 1568 :
1247 1513 1316 1570 Ut
1366 1529 1463 1584 per
1513 1514 1925 1584 deprecationes

355 1622 547 1663 eorm
577 1607 1002 1677 propitiatorias,
1045 1615 1100 1662 et
1148 1623 1243 1677 per
1290 1607 1705 1662 obsecrationes
1733 1624 1922 1662 eorum

2025 389 2336 482 cauti”),
2378 417 2432 463 et
2472 409 2696 478 spiritus
2721 411 2992 480 iustorum
3029 409 3096 464 ad
3129 409 3289 464 linem
3313 411 3600 479 promissa:

2030 497 2299 552 mercedis
2325 497 2531 566 pariter
2559 498 2848 553 attendunt
2883 515 2895 549 :
2936 498 2988 551 in
3025 514 3087 553 ea
3111 499 3330 569 regione
3359 499 3450 552 ubi
3471 515 3600 569 ope-

2025 590 2158 644 rarii
2187 601 2242 643 et
2268 589 2480 660 fatigati
2538 591 2855 660 paradisum
2889 591 3181 660 aspiciunt,
3211 601 3266 648 et
3293 593 3504 648 invitati
3531 594 3598 648 ad

2026 680 2246 750 nuptias
2271 696 2533 749 sponsum
2567 681 2844 736 cmlestem
2892 681 3202 737 desiderant
3235 698 3248 734 :
3284 685 3374 738 ubi
3417 686 3598 740 vocati

2027 770 2093 824 ad
2142 771 2477 837 convivium,
2533 781 2592 824 ut
2641 772 2942 828 ascendant
2987 773 3396 842 praestolamur,
3437 780 3491 831 et
3540 783 3602 831 ut

2026 862 2226 916 stolam
2253 861 2401 918 illam
2429 877 2626 917 novam
2660 863 2845 934 gloria:
2863 864 3156 932 accipiant,
3193 867 3445 921 ardenter
3466 884 3598 924 conv

2025 953 2313 1022 cupiscunt
2345 969 2360 1006 :
2394 954 2536 1008 unde
2568 955 2770 1009 absunt
2794 956 3224 1023 mmstitudines,
3273 967 3327 1012 et
3348 960 3438 1013 ubi
3465 976 3600 1030 gau-

2026 1044 2115 1098 dia
2148 1045 2496 1114 reperiuntur
2524 1063 2536 1098 :
2571 1060 2715 1098 unus
2741 1045 2887 1099 enim
2914 1046 3140 1100 omnino
3167 1055 3220 1100 et
3263 1048 3416 1102 solus
3446 1048 3600 1104 visus

2025 1143 2110 1190 est
2139 1152 2247 1190 non
2273 1137 2516 1190 irretitus
2539 1136 2890 1206 passionibus
2913 1137 3141 1205 peccati,
3166 1152 3232 1192 ex
3251 1138 3358 1193 illis
3381 1140 3474 1208 qui
3499 1139 3603 1193 hu-

2027 1243 2192 1281 mano
2213 1243 2444 1296 corpore
2473 1227 2647 1282 induti
2672 1227 2914 1293 fuerunt,
2930 1229 3142 1284 scilicet
3160 1228 3321 1285 Jesus
3347 1230 3603 1287 Christus

2031 1317 2294 1375 Dominus
2323 1329 2507 1375 noster
2551 1321 2866 1392 unigenitus
2896 1320 3067 1376 Filius
3117 1331 3266 1387 tuus,
3299 1339 3396 1393 per
3435 1341 3602 1395 quem

2029 1425 2131 1466 nos
2160 1411 2323 1465 etiam
2349 1426 2634 1480 speramus
2663 1412 3099 1468 misericordiam
3124 1415 3408 1484 consequi,
3433 1425 3540 1470 etc.

2099 1501 2360 1572 Populus.
2393 1502 2641 1569 Quietem
2669 1514 2888 1574 praesta.

2097 1591 2358 1646 Sacerdos
2431 1591 2636 1646 elevans
2722 1610 2916 1648 vocem.
2969 1593 3170 1662 Aufer,
3233 1595 3482 1666 ignosce,
3550 1606 3604 1653 et

357 1700 719 1770 acceptabiles
763 1715 949 1754 coram
986 1708 1058 1763 te,
1103 1701 1376 1755 concedas
1406 1701 1568 1755 nobis
1599 1715 1784 1756 mores
1823 1719 1921 1759 ca-

2030 1685 2151 1741 dele
2205 1695 2426 1755 peccata
2478 1685 2887 1754 nostra,Deus,
2937 1702 3062 1756 qua:
3101 1688 3482 1744 commisimus
3508 1705 3603 1761 per

358 1801 493 1859 stos,
524 1800 577 1846 et
608 1791 984 1860 inculpabiles,
1013 1792 1172 1845 fidem
1200 1801 1427 1858 rectam,
1456 1792 1923 1861 etiucorruptam,

358 1883 524 1938 vitam
554 1892 782 1947 castam,
811 1897 986 1953 neque
1015 1884 1412 1952 perturbationi
1444 1885 1758 1951 obnoxiam,
1785 1886 1928 1941 dona

359 1974 612 2030 sublimia
657 1984 709 2029 et
766 1983 974 2039 sancta,
1026 1975 1404 2030 liberationem
1453 1991 1484 2030 a
1531 1977 1926 2031 tentationibus

360 2066 605 2136 asperis:
635 2067 814 2121 exitus
843 2076 1060 2135 paratos
1092 2077 1145 2121 et
1175 2066 1593 2136 insuperabiles,
1641 2066 1802 2122 linem
1825 2067 1914 2122 bo-

357 2173 490 2212 num
542 2166 596 2213 et
642 2158 1062 2222 immutabilem,
1125 2159 1265 2212 bona
1326 2159 1662 2227 amplissima
1703 2168 1755 2212 et
1801 2174 1927 2228 pro-

360 2246 563 2313 missa,
626 2245 849 2301 delicias
897 2254 1316 2315 permanentes,
1373 2245 1742 2299 haereditatem
1798 2261 1924 2305 cum

360 2337 600 2402 sanctis,
629 2336 882 2391 fiduciam
917 2336 1096 2389 standi
1140 2350 1325 2388 coram
1356 2335 1495 2389 solio
1539 2344 1633 2389 tuo
1664 2335 1921 2400 terribili,

359 2427 490 2497 quia
515 2436 570 2481 tu
601 2427 915 2482 misericors
938 2442 1017 2492 es,
1051 2433 1106 2500 et
1134 2427 1318 2495 largus
1349 2426 1401 2478 in
1431 2426 1773 2493 muneribus,
1801 2427 1926 2481 tibi-

360 2531 470 2588 que
494 2515 722 2585 gloriam
753 2525 805 2570 et
832 2515 1046 2570 laudem
1072 2513 1391 2579 referemus,
1415 2523 1518 2567 etc.

431 2605 690 2674 Populus.
721 2604 915 2660 Amen.

433 2697 690 2753 Sacerdos
719 2696 1028 2749 inclinatus.
1061 2694 1127 2748 Et
1152 2695 1217 2748 ad
1250 2694 1420 2748 altare
1450 2703 1604 2748 tuum
1643 2693 1926 2764 spirituale

359 2799 414 2846 et
440 2799 714 2850 sanctum,
741 2787 989 2852 Domine,
1038 2796 1234 2855 praesta
1292 2787 1548 2856 quietem,
1607 2787 1926 2839 memoriam

362 2883 560 2937 bonam
589 2891 644 2936 et
663 2880 976 2939 felicitatem
997 2874 1252 2932 omnibus
1282 2879 1588 2943 animabus,
1607 2879 1929 2947 corporibus

2030 1779 2293 1834 remissas
2333 1778 2694 1850 cogitationes
2721 1821 2736 1846 ,
2773 1787 2828 1834 et
2873 1796 2997 1850 quae
3037 1796 3066 1834 a
3127 1782 3361 1851 pueritia
3420 1793 3602 1839 nostra

2029 1873 2099 1926 ad
2147 1881 2480 1927 senectutem
2531 1889 2726 1944 usque,
2783 1883 2969 1944 aperta
3022 1883 3074 1929 et
3111 1885 3236 1930 nota
3265 1885 3413 1943 sunt,
3460 1875 3606 1933 Deus

2031 1971 2261 2018 noster:
2316 1965 2620 2020 voluntaria
2694 1965 2810 2021 sive
2879 1966 3278 2034 involuntaria,
3340 1983 3402 2022 ea
3465 1984 3606 2038 prae-

2029 2057 2220 2110 sertim
2262 2057 2465 2127 quibus
2509 2058 2564 2111 in
2614 2057 2815 2113 saeculo
2861 2061 2981 2114 sine
3023 2059 3162 2122 ﬁne,
3215 2061 3601 2116 condemnatio

2027 2156 2332 2218 praeparata
2366 2157 2469 2203 est.
2510 2148 2588 2202 Da
2618 2150 2776 2203 nobis
2811 2158 2869 2204 ut
2897 2150 3119 2219 quando
3148 2151 3278 2221 iusti
3311 2151 3365 2204 in
3406 2152 3602 2208 horrea

2029 2241 2194 2296 tritici
2222 2239 2558 2306 deferentur,
2575 2251 2628 2296 et
2655 2243 2807 2311 impii
2823 2243 2978 2311 quasi
3001 2243 3153 2312 palea
3182 2245 3601 2312 comburentur,

2026 2341 2088 2387 ut
2121 2333 2261 2387 inter
2295 2333 2513 2403 agmina
2571 2342 2888 2388 sanctorum
2935 2344 3154 2389 tuorum
3195 2337 3479 2391 laudemus
3519 2347 3601 2405 te,

2025 2432 2232 2478 etcum
2266 2425 2473 2494 angelis
2521 2425 2628 2478 tuis
2661 2439 2927 2479 canamus
2954 2425 3197 2482 dicentes
3225 2445 3238 2480 :
3277 2426 3604 2484 Benedictus

2025 2516 2114 2570 ille
2142 2517 2234 2586 qui
2263 2516 2408 2570 venit
2437 2517 2503 2570 ad
2533 2517 2762 2571 salutem
2789 2527 3054 2584 nostram,
3083 2529 3136 2572 et
3166 2534 3314 2573 nunc
3357 2521 3507 2574 venit
3534 2523 3602 2576 ad

2026 2607 2434 2661 innovationem
2465 2618 2733 2672 nostram,
2763 2617 2823 2661 ut
2855 2608 2908 2660 in
2939 2609 3043 2662 hoc
3069 2609 3211 2663 sicut
3236 2619 3290 2664 et
3329 2610 3381 2664 in
3415 2611 3600 2664 omni-

2027 2700 2148 2767 bus,
2173 2701 2242 2754 ah
2261 2701 2516 2754 omnibus
2534 2701 2864 2771 gloriﬁcetur
2881 2709 2935 2755 et
2957 2700 3210 2756 laudetur
3227 2718 3423 2757 nomen
3448 2713 3606 2759 tuum.

2029 2792 2406 2846 honorandum
2437 2801 2491 2846 et
2517 2792 2886 2857 benedictum,
2921 2802 2973 2846 et
2998 2793 3161 2847 simul
3191 2792 3408 2848 Domini
3431 2796 3604 2850 nostri

2031 2886 2157 2944 Jesu
2183 2888 2408 2955 Christi,
2440 2898 2494 2943 et
2525 2887 2762 2958 Spiritus
2789 2889 2868 2944 tui
2899 2889 3096 2956 sancti,
3124 2906 3291 2958 nunc,
3319 2899 3426 2946 etc.

360 2980 416 3027 et
442 2971 750 3042 spiritibus,
796 2979 1034 3041 patrum,
1067 2969 1296 3024 fratrum
1328 2978 1382 3024 et
1414 2972 1797 3039 magistrorum
1830 2986 1928 3024 no-
1955 3001 1998 3058 α
2105 2971 2364 3043 Populus.
2397 2974 2570 3030 Sicut.

361 3074 600 3120 strorum
625 3061 892 3126 omnium,
919 3062 1286 3131 corporalium
1313 3073 1407 3113 aut
1431 3061 1925 3128 spiritualium,qui

361 3155 416 3210 in
439 3156 752 3225 regionibus
777 3155 1215 3223 quibuscunque,
1267 3154 1601 3220 civitatibus,
1645 3163 1735 3206 aut
1759 3153 1928 3220 parti-

361 3246 465 3302 bus
491 3244 731 3300 defuncti
763 3253 908 3308 sunt,
934 3253 1029 3298 aut
1055 3244 1304 3298 sutl‘ocati
1338 3244 1392 3296 in
1423 3245 1584 3308 mari,
1627 3243 1710 3296 vel
1745 3242 1927 3296 flumi-

362 3339 544 3402 nibus,
579 3346 673 3392 aut
703 3338 757 3391 in
805 3337 996 3390 itinere
1019 3335 1293 3401 obierunt,
1317 3345 1371 3388 et
1400 3351 1634 3404 quorum
1666 3335 1926 3388 memoria

361 3429 506 3486 facta
532 3444 639 3485 non
676 3438 761 3484 est
785 3428 837 3482 in
875 3427 1134 3482 Ecclesiis
1163 3443 1326 3495 super
1355 3435 1552 3480 terram
1587 3428 1924 3481 constitutis.

364 3518 477 3585 Tu,
518 3518 779 3585 Domine,
821 3527 1019 3588 praesta
1064 3518 1172 3572 illis
1203 3518 1522 3572 memoriam
1557 3517 1789 3580 bonam,
1836 3519 1928 3586 qui

363 3611 601 3668 defuncti
639 3619 770 3667 sunt
801 3620 852 3664 et
893 3611 959 3664 ad
993 3620 1043 3664 te
1085 3610 1479 3680 migraverunt,
1519 3610 1572 3663 in
1605 3611 1706 3664 lide
1737 3610 1927 3663 ortho-

362 3703 530 3768 doxa,
562 3701 728 3757 simul
750 3716 873 3755 cum
902 3700 1030 3764 illis,
1066 3714 1302 3769 quorum
1339 3699 1562 3752 nomina
1589 3699 1643 3751 in
1672 3698 1808 3751 libro
1834 3707 1928 3750 tuo

363 3795 489 3850 vitae
512 3794 828 3863 consignata
861 3801 1006 3846 sunt.

436 3884 663 3940 Elevans
708 3900 899 3938 uocem.
931 3882 1041 3936 Illis
1088 3882 1345 3937 omnibus
1393 3883 1486 3952 qui
1532 3882 1768 3936 stadium
1807 3883 1928 3936 vitm

364 3981 754 4044 decurrentes,
790 3977 1013 4046 perfecti
1062 3985 1113 4032 et
1168 3975 1410 4045 praeclari
1442 3990 1629 4030 coram
1670 3984 1723 4029 te
1764 3992 1928 4045 appa-

367 4079 598 4127 ruerunt
633 4079 684 4124 et
714 4085 781 4124 ex
811 4069 1134 4124 delictorum
1166 4070 1355 4138 pelago
1381 4069 1596 4122 liberati
1632 4069 1698 4122 ad
1725 4078 1776 4123 te
1806 4085 1928 4137 per-

365 4172 653 4228 venerunt,
685 4161 930 4232 patribus
979 4169 1032 4215 et
1065 4160 1328 4214 fratribus
1375 4160 1578 4214 nostris
1626 4163 1926 4214 secundum

364 4269 589 4312 carnem
640 4262 695 4308 et
725 4253 978 4322 spiritum
1009 4268 1022 4303 :
1065 4251 1324 4306 fratribus
1354 4253 1574 4320 inquam
1605 4253 1803 4307 nostris
1839 4269 1927 4307 se-

2103 3063 2379 3119 Sacerdos.
2405 3065 2538 3119 Pax.

2101 3159 2360 3228 Populus.
2386 3157 2454 3211 Et
2480 3173 2606 3212 cum
2643 3158 2836 3228 spiritu
2862 3168 2978 3215 tuo.

2101 3249 2378 3306 Sacerdos.
2404 3248 2792 3303 Misericordia
2811 3248 2906 3302 Dei
2935 3250 3065 3317 sint,
3090 3259 3197 3306 etc.

2099 3342 2358 3412 Populus.
2383 3341 2446 3394 Et
2473 3357 2596 3396 cum
2622 3341 2812 3409 spiritu
2851 3350 2967 3395 tuo.

2100 3436 2394 3490 Diaconus.
2423 3435 2685 3504 Angelus,
2715 3443 2823 3488 etc.

2105 3527 2360 3583 Sacerdos
2391 3527 2592 3597 frangit
2631 3525 2886 3580 oblatam.
2925 3526 3188 3582 Diaconus
3220 3529 3351 3583 dicit
3402 3529 3601 3587 Catho-

2029 3622 2211 3675 licam.

2101 3712 2356 3767 Sacerdos
2379 3712 2509 3765 dicit
2541 3712 2844 3767 Orationem
2872 3721 2992 3767 ante
3021 3711 3184 3768 Pater
3217 3725 3419 3771 noster.

2101 3806 2244 3860 Deus
2261 3805 2353 3874 qui
2380 3820 2476 3874 per
2493 3805 2744 3874 spiritum
2771 3814 2923 3860 tuum
2954 3807 3167 3862 locutus
3193 3824 3251 3862 es
3281 3809 3335 3861 in
3363 3809 3600 3879 prophe-

2029 3897 2121 3964 tis,
2149 3905 2201 3950 et
2227 3895 2531 3965 prazdicasti
2559 3910 2654 3965 per
2685 3897 2965 3966 apostolos
2994 3897 3298 3951 doctrinam
3325 3897 3600 3954 sufﬁcien-

2009 3999 2138 4048 tem
2185 3988 2254 4041 ad
2309 3987 2686 4056 inspirandam
2714 3988 2990 4042 mentibus
3017 3989 3218 4043 nostris
3249 3990 3597 4059 sapientiam,

2029 4087 2084 4133 et
2106 4094 2203 4148 per
2232 4093 2326 4132 eos
2351 4077 2750 4133 commendasti
2775 4078 2908 4132 illud
2938 4078 3083 4147 quod
3123 4095 3317 4134 sensus
3344 4082 3601 4150 spiritua-

2030 4169 2107 4224 les
2134 4169 2330 4222 animae
2353 4178 2629 4239 purgaret,
2656 4169 2866 4238 etquod
2887 4169 3026 4223 ostia
3050 4178 3234 4238 aperta
3263 4171 3455 4240 capitis
3477 4188 3603 4227 cor-

2030 4262 2180 4332 poris
2208 4260 2380 4315 nostri
2413 4263 2700 4314 mundaret
2728 4279 2741 4315 :
2771 4261 3128 4316 obsecramus
3160 4270 3214 4315 et
3242 4263 3601 4331 deprecamur

363 4345 607 4402 cundum
658 4359 857 4412 COI‘PUS
902 4355 956 4398 ει
1011 4344 1310 4396 secundum
1366 4343 1638 4408 animam.
1692 4345 1926 4412 quietem
1964 4335 2006 4388 Ῑ)
2033 4368 2272 4407 amorem
2307 4368 2435 4422 erga
2483 4352 2736 4406 homines
2774 4360 2953 4419 tuum,
2993 4361 3047 4406 et
3087 4353 3409 4408 charitatem
3446 4361 3597 4409 tuam

317 4495 320 4500 _
362 4447 582 4507 praesta,
606 4435 853 4502 Domine,
881 4435 936 4488 in
969 4436 1090 4490 sinu
1121 4436 1212 4489 illo
1243 4435 1510 4504 spirituali
1532 4444 1583 4489 et
1609 4453 1824 4506 magno.
1857 4437 1930 4491 Da

363 4529 476 4584 illis
500 4528 754 4598 spiritum
784 4528 966 4597 gaudii
999 4531 1052 4580 in
1087 4528 1414 4581 habitaculis
1450 4529 1589 4583 lucis
1629 4539 1681 4582 et
1714 4530 1927 4592 laetitiae,

362 4618 420 4676 in
457 4619 826 4673 tabernaculis
868 4618 1075 4672 umbrae
1099 4628 1152 4672 et
1181 4619 1400 4688 quietis,
1429 4629 1482 4673 et
1524 4620 1793 4674 thesauris
1835 4637 1929 4673 vo-

362 4713 660 4783 luptatum,
704 4712 850 4764 unde
893 4711 1053 4781 longe
1087 4713 1243 4765 abest
1292 4713 1470 4764 (nullis
1519 4713 1800 4774 maestitia,
1835 4715 1928 4767 ubi

437 4827 553 4897 (29-)
612 4825 711 4880 Ubi
729 4828 935 4897 piorum
957 4827 1150 4880 animae
1172 4827 1436 4895 primitias
1464 4828 1583 4880 vita:
1623 4829 1814 4896 absque
1844 4829 1927 4881 la-

365 4901 487 4953 bore
502 4896 822 4968 exspectant.
844 4896 1022 4951 Locus
1035 4897 1156 4960 iste,
1175 4905 1360 4964 etquze
1377 4910 1678 4968 sequuntur
1693 4899 1759 4950 ad
1776 4914 1927 4951 com-

365 4966 602 5024 munem
633 4967 944 5021 Graecorum
991 4969 1300 5036 Opinionem
1346 4966 1594 5019 videntur
1624 4968 1927 5036 referenda,

367 5039 462 5109 qui
505 5037 974 5109 animaspiorum
1016 5037 1302 5109 usquead
1347 5037 1524 5109 ultimi
1551 5036 1743 5104 judicii
1785 5038 1929 5109 diem

367 5106 577 5164 caelesti
602 5107 934 5162 beatitudine
965 5123 1071 5160 non
1102 5106 1304 5176 perfrui
1335 5106 1685 5169 existimant;
1728 5123 1833 5175 qua
1865 5108 1932 5163 de

367 5195 460 5244 re,
495 5177 737 5232 maxima
776 5176 1041 5230 Ferrarius
1074 5188 1126 5231 et
1156 5176 1445 5231 Florentiae
1484 5176 1760 5230 contentio
1792 5177 1928 5245 fuit,

370 5259 430 5305 ut
455 5251 523 5304 de
550 5247 875 5318 Purgatorio
895 5263 907 5297 :
930 5247 1223 5318 quiaiduaa
1253 5248 1356 5300 illae
1379 5248 1723 5318 quaestiones
1756 5249 1932 5299 maxi-

367 5336 514 5378 mam
535 5316 681 5373 inter
703 5333 761 5371 se
785 5317 986 5370 habent
1009 5317 1343 5371 aﬂimtatem.
1378 5316 1454 5371 De
1475 5319 1578 5370 hoc
1609 5327 1931 5385 argumento

366 5391 489 5448 fuse
528 5391 742 5444 dictum
780 5397 865 5441 est
913 5386 1038 5440 alibi
1087 5399 1134 5441 ι,
1191 5388 1333 5442 Sane
1363 5387 1674 5441 Grtecorum
1715 5387 1780 5439 de
1812 5387 1931 5439 aui-

364 5476 583 5518 marum
615 5468 738 5536 post
777 5471 1007 5511 mortem
1047 5459 1388 5519 conditione,
1427 5459 1698 5513 absurdas
1736 5457 1929 5526 opina-

436 5609 463 5639 ι
511 5596 664 5650 Pero.
692 5604 731 5649 t.
766 5592 828 5659 V,
851 5594 887 5648 l.
924 5608 1042 5656 γιιι,
1067 5607 1116 5645 c.
1145 5593 1199 5646 9.

2032 4444 2313 4508 eximiam,
2343 4452 2402 4497 ut
2433 4443 2646 4512 aperias
2677 4458 2838 4496 aures
2879 4443 3128 4496 cordium
3180 4452 3496 4498 nostrorum
3529 4444 3596 4498 ad

2033 4533 2356 4587 audiendam
2402 4529 2714 4586 Orationem
2763 4531 3130 4598 Dominicam,
3180 4548 3302 4602 quae
3345 4534 3462 4602 ipsa
3515 4543 3600 4588 est

2034 4640 2202 4695 quam
2251 4622 2520 4678 Dominus
2559 4631 2613 4676 et
2648 4622 2792 4678 Deus
2846 4631 3034 4676 noster
3073 4623 3386 4692 unigenitus
3426 4622 3598 4679 Filius

2033 4727 2184 4783 tuus,
2235 4715 2463 4771 initiatis
2505 4715 2763 4786 mysterio
2801 4731 2902 4769 suo
2959 4723 3017 4770 ct
3070 4713 3433 4769 familiaribus
3480 4716 3597 4772 suis

2031 4851 2228 4915 tiones,
2259 4847 2628 4920 Orientalibus
2668 4849 2882 4920 ignotas
2908 4865 3029 4903 esse
3053 4848 3418 4920 certissimum
3442 4849 3595 4903 vide-

2034 4930 2140 4978 tur.
2175 4920 2330 4984 Quod
2366 4935 2498 4974 vero
2523 4919 2804 4972 beatorum
2841 4920 3038 4973 animae
3067 4919 3342 4974 coglestem
3366 4921 3592 4989 gloriam

2032 4990 2247 5060 plenam
2291 4998 2451 5059 atque
2487 4989 2781 5060 perfectam
2822 4990 2895 5060 a_d_
2937 4989 3186 5060 ultimum
3234 5005 3408 5060 usque
3449 4989 3597 5060 ﬁndi-

2033 5057 2176 5115 cium
2213 5057 2550 5138 exspectent,
2594 5058 2812 5128 scripsit
2844 5058 3025 5138 Moses
3051 5057 3332 5138 Darcepha
3362 5060 3415 5112 in
3455 5057 3595 5112 Tra-

2033 5139 2180 5186 ctatu
2215 5131 2278 5184 de
2302 5127 2599 5194 Paradiso,
2637 5127 2802 5198 atque
2843 5129 2916 5183 ita
2951 5129 3063 5181 lieri
3090 5127 3285 5198 potuit,
3323 5139 3379 5183 ut
3404 5139 3597 5183 auctor

2035 5201 2200 5270 hujus
2217 5199 2473 5270 Liturgia:
2491 5216 2544 5252 ιιι
2564 5199 2750 5270 eadem
2772 5199 3038 5253 sententia
3064 5199 3381 5263 fuerit,cum
3401 5214 3596 5270 magna

2031 5267 2290 5325 sit'Mosis
2321 5267 2467 5324 illius
2483 5270 2624 5338 apud
2649 5267 2926 5324 Jacobitas
2957 5284 3088 5323 suos
3111 5270 3433 5324 auctoritas.
3453 5267 3598 5324 Nihil

2030 5348 2211 5394 tamen
2257 5341 2442 5395 obstat
2485 5339 2618 5411 quin
2660 5339 2890 5411 figurata
2935 5339 3053 5411 haec
3093 5340 3300 5411 oratio,
3325 5339 3401 5411 _de
3431 5340 3597 5411 plena

2028 5419 2517 5481 consummataque
2544 5409 2880 5465 beatitudine
2903 5410 3078 5480 possit
3108 5409 3361 5483 intelligi.
