4032 6146
444 248 551 305 615

1013 243 1068 300 S.
1106 241 1536 300 CLEMENTISI
1575 240 1740 296 ROM.
1781 238 1982 297 ΡΟΝΤ.
2021 241 2252 298 OPERA
2288 244 2514 302 DUBIA.
2551 240 3035 302 —LITURGICA.

3595 246 3699 301 6H5

444 364 702 430 tradidit,
730 364 784 417 in
815 376 924 432 qua
945 360 1263 432 consignata
1291 367 1420 413 sunt
1441 363 1706 426 praecepta
1745 365 1799 408 et
1833 369 2020 408 norma
2050 360 2095 416 Α
2125 366 2179 413 et
2215 356 2497 427 sanguinis
2543 356 2717 412 sancti
2770 372 2894 426 qua:
2930 358 2983 412 in
3037 360 3117 413 eis
3142 369 3310 425 sunt,
3360 333 3698 416 mererentur

444 456 742 528 dirigenda:
772 454 898 509 vitae
937 462 1176 516 nostrae;
1213 458 1277 505 et‘
1307 464 1433 505 cum
1474 448 1692 513 ﬁducia,
1723 448 1903 516 qualis
1937 447 2022 501 di-

445 551 615 605 lectos
636 548 779 603 filios
808 547 984 611 decet,
1013 545 1335 599 invocemus
1364 551 1417 596 te
1443 539 1613 594 Deum
1654 538 1869 594 Patrem
1909 553 2023 593 cm-

444 643 657 710 lestem,
681 642 907 698 oremus
935 650 991 694 et
1010 638 1260 693 dicamus
1292 654 1307 689 :
1338 633 1504 689 Pater
1526 632 1837 702 noster,qui
1865 647 1925 687 es
1965 631 2021 685 in

443 737 618 793 caelis.

516 849 776 923 Populus.
807 846 1212 911 Sanctiﬁcetur,
1242 850 1348 897 etc.

516 943 774 1000 Sacerdos
798 940 1004 996 elevans
1027 952 1222 992 vocem.
1253 933 1417 989 Pater
1446 924 1658 1004 gratiae.
1692 945 1723 983 a
1753 944 1862 1000 quo
1895 942 2022 998 pro-

445 1038 590 1093 cedit
621 1045 676 1091 et
720 1034 898 1089 oritur
945 1031 1209 1085 sanctitas
1241 1026 1471 1089 sanctis,
1503 1023 1758 1078 adveniat
1793 1036 2021 1091 regnum

444 1138 623 1190 tuum,
651 1126 799 1197 quod
841 1129 1064 1193 superat
1104 1118 1292 1176 omnia
1328 1132 1520 1187 regna,
1564 1115 1631 1168 ad
1662 1112 2021 1168 salvationem

444 1230 690 1277 nostram
731 1235 745 1270 :
778 1227 927 1275 etne
956 1216 1183 1270 inducas
1210 1226 1312 1266 nos
1340 1211 1393 1263 in
1425 1207 1802 1272 tentationem,
1841 1211 1936 1259 aut
1966 1203 2021 1257 in

444 1312 823 1370 confusionem
872 1318 928 1364 et
966 1306 1314 1362 alﬂictionem
1351 1318 1364 1354 :
1392 1301 1485 1357 sed
1531 1299 1698 1353 libera
1727 1312 1829 1351 nos
1851 1311 1882 1349 a
1907 1294 2025 1349 vio-

444 1405 611 1463 lentia
635 1402 838 1457 diaboli
861 1408 917 1456 et
954 1397 1248 1468 spirituum
1291 1391 1681 1461 malignorum,
1703 1395 1758 1443 et
1784 1385 2024 1457 potentia

445 1494 752 1565 deccptoris
785 1509 799 1545 :
832 1491 960 1561 quia
988 1496 1143 1543 tuum
1173 1495 1259 1540 est
1284 1481 1599 1552 imperium,
1623 1478 1802 1550 gloria
1828 1484 1884 1532 et
1916 1491 2020 1546 po-

446 1596 639 1649 testas,
657 1594 712 1639 et
735 1581 1000 1653 unigeniti
1027 1578 1153 1633 Filii
1187 1577 1292 1642 tui,
1320 1584 1376 1630 et
1400 1572 1643 1644 Spiritus
1675 1569 1754 1624 tui
1787 1567 1987 1625 sancti.

516 1676 775 1747 Populus.
810 1676 1003 1729 Amen.

519 1767 799 1825 Sacerdos.
829 1764 964 1819 Pax.

519 1858 774 1928 Papulas.
796 1855 865 1909 Et
898 1869 1023 1908 cum
1042 1850 1239 1922 spiritu
1271 1859 1386 1904 tuo.

521 1951 811 2005 Diaconus.
848 1945 1010 2012 Ante,
1049 1952 1153 1998 etc.

517 2043 778 2115 Populus.
805 2040 1007 2096 Coram
1032 2046 1106 2100 te,
1134 2033 1382 2088 Domine.

520 2136 800 2194 Sacerdos.
826 2132 949 2188 Tibi
984 2133 1084 2189 soli
1116 2129 1454 2186 inclinantur
1502 2124 1639 2181 colla
1673 2122 1920 2178 omnium
1963 2120 2019 2175 in

446 2229 648 2301 quibus
678 2227 861 2282 anima
892 2224 1016 2279 vitae
1047 2230 1151 2289 est,
1183 2230 1238 2275 et
1267 2236 1298 2274 a
1344 2227 1397 2272 te
1424 2215 1704 2287 postulant
1730 2211 2018 2267 remissio-

447 2338 573 2379 nem
603 2320 850 2376 omnium
896 2312 1436 2389 praevaricationum,
1468 2324 1592 2379 quae
1619 2323 1714 2378 per
1739 2305 2019 2377 negligen-

446 2421 578 2471 tiam
622 2411 933 2469 commissa:
977 2417 1127 2466 sunt.
1171 2405 1253 2460 Tu
1302 2414 1485 2459 autem
1529 2416 1625 2472 per
1673 2405 2018 2455 constantem

447 2505 881 2569 misericordiam
912 2512 1061 2559 tuam
1083 2501 1204 2556 dele
1227 2508 1281 2554 et
1306 2497 1461 2553 aufer
1490 2509 1681 2550 omnes
1706 2491 2022 2563 iniquitates

451 2609 693 2662 nostras,
716 2606 772 2652 et
800 2611 966 2667 parce
992 2593 1152 2649 nobis
1182 2607 1276 2661 per
1302 2592 1547 2644 amorem
1575 2595 1728 2639 tuum
1761 2597 1888 2654 erga
1920 2582 2017 2635 ho-

448 2693 646 2749 mines.
680 2688 857 2743 Etiam
883 2693 1082 2757 praesta
1115 2683 1295 2748 nobis,
1346 2689 1407 2734 ut
1453 2693 1578 2733 cum
1629 2676 1826 2729 anima:
1859 2679 2021 2727 cauta

448 2782 869 2853 praeparatione,
891 2786 947 2834 et
976 2777 1160 2834 cordis
1190 2772 1478 2835 munditie,
1512 2768 1719 2825 sanctis
1741 2767 1850 2821 tuis
1877 2780 2023 2820 com-

450 2874 815 2937 municemus,
853 2880 908 2926 et
935 2870 1045 2925 sint
1087 2867 1249 2923 nobis
1294 2867 1347 2921 in
1390 2864 1587 2934 pignus
1621 2858 1916 2929 voluptatis
1964 2856 2021 2911 in

450 2978 715 3025 :eternum
748 2977 1149 3037 permansurae,
1205 2974 1302 3029 per
1338 2955 1570 3027 gratiam
1617 2961 1670 3008 et
1708 2951 2024 3005 misericor-

450 3062 596 3117 diam
619 3068 675 3115 et
722 3071 966 3112 amorem
994 3069 1124 3125 erga
1159 3049 1408 3105 homines
1446 3045 1719 3118 uuigeniti
1758 3043 1880 3098 Filii
1920 3041 2020 3109 tui,
2049 3058 2091 3116 (ς

451 3168 545 3225 per
566 3166 750 3223 quem,
783 3160 887 3205 etc.

522 3242 784 3315 Populus.
812 3242 1012 3295 Amen.

524 3336 808 3392 Sacerdos.
834 3333 969 3387 Pax.
1106 3392 1110 3396 _

526 3429 785 3500 Populus.
820 3426 1030 3481 Etcum
1062 3424 1257 3496 spiritu
1284 3430 1400 3477 tuo.

524 3520 805 3577 Sacerdos.
842 3520 945 3574 Sit.

524 3614 816 3669 Diaconus.
838 3611 976 3666 Cum
1007 3612 1224 3676 timore,
1254 3617 1362 3663 etc.

525 3703 799 3763 Sacerdos.
838 3701 1039 3757 Sancta
1066 3700 1292 3757 sanctis.

523 3796 782 3868 Populus.
813 3793 968 3851 Unus
997 3792 1158 3847 Pater
1183 3800 1425 3847 sanctus.

526 3888 816 3942 Diaconus.
845 3884 1065 3939 Stemus
1094 3884 1371 3938 decenter.

527 3979 787 4050 Populus.
816 3978 1032 4033 Gratias
1049 3976 1287 4046 agimus.

525 4070 804 4130 Sacerdos.
837 4068 1015 4133 Nunc,
1040 4068 1291 4133 Domine,
1322 4066 1544 4137 quando
1575 4065 1799 4136 quidem
1826 4064 2024 4119 invita-

459 4173 545 4220 tos
565 4163 633 4217 ad
673 4177 898 4233 regnum
922 4169 1076 4215 tuum
1106 4156 1296 4213 'l'ecisti
1324 4170 1452 4222 nos,
1488 4171 1586 4226 per
1620 4154 2020 4224 susceptionem

458 4267 923 4313 sacramentorum
944 4262 1163 4308 tuorum
1190 4257 1506 4306 sanctorum
1530 4256 1584 4304 et
1603 4246 2019 4310 viviﬁcaotium,

457 4348 659 4420 quibus
681 4348 875 4419 dignos
898 4343 1196 4418 praestitisti
1212 4356 1336 4411 nos,
1362 4341 1436 4398 ita
1459 4350 1519 4397 ut
1542 4348 1748 4411 partem
1775 4338 2022 4410 corporis

2123 449 2400 519 accipere,
2445 458 2608 520 atque
2652 452 3060 506 communicare
3116 450 3295 520 ipsis:
3335 449 3619 523 fecistique
3643 464 3699 508 ut

2122 556 2369 597 essemus
2413 542 2653 597 haeredes
2692 551 3005 598 sanctorum
3037 551 3276 608 tuorum,
3305 559 3549 610 oramus,
3598 547 3697 598 oh-
3770 582 3775 585 -

2122 644 2403 692 secramus
2426 646 2480 691 et
2503 636 2860 707 deprecamur
2902 648 2973 706 te,
3021 654 3055 694 ο
3080 639 3343 703 clemens,
3377 649 3437 694 ut
3464 654 3573 694 non
3603 652 3699 695 ex-

2048 724 2054 735 '
2121 727 2308 797 quiras
2336 744 2366 782 a
2392 728 2549 783 nobis
2565 738 2810 783 exactam
2836 730 2983 784 illam
3007 730 3442 786 observationem
3461 742 3514 787 et
3535 735 3700 786 casti-

2122 819 2384 886 moniam,
2410 819 2556 875 circa
2585 821 2676 875 illa
2712 823 2991 891 mysteria,
3021 838 3094 876 ne
3119 821 3551 877 condemnemur
3570 836 3695 878 cum

2121 915 2190 971 iis
2205 915 2297 986 qui
2317 925 2368 971 te
2393 933 2501 972 non
2530 930 2820 983 noverunt,
2854 919 2920 972 ad
2955 904 3232 973 cruciatus
3257 917 3398 988 ignis
3428 918 3695 974 iuexstin-

2122 1008 2342 1076 guihilis
2373 1028 2386 1064 :
2423 1009 2517 1064 sed
2549 1024 2645 1079 per
2681 1011 2910 1079 gratiam
2945 1018 3118 1074 tuam,
3151 1024 3275 1064 cum
3308 1010 3433 1065 liliis
3477 1011 3696 1080 nuptia-

2121 1116 2242 1155 rum
2276 1109 2491 1154 tuarum
2516 1102 2796 1171 quiescere
2826 1118 2926 1157 nos
2948 1102 3098 1171 jube,
3124 1112 3177 1157 et
3205 1116 3328 1157 cum
3358 1103 3513 1171 agnis
3536 1117 3697 1156 mun-

2122 1193 2208 1249 dis
2233 1192 2287 1246 in
2314 1192 2568 1263 paradiso
2613 1192 2697 1247 l‘ac
2731 1208 2831 1249 nos
2858 1192 3225 1257 discumbere,
3257 1201 3318 1247 ut
3343 1208 3468 1247 cum
3504 1191 3613 1247 illis
3640 1198 3700 1247 et

2124 1287 2267 1344 inter
2294 1303 2391 1344 eos
2417 1289 2712 1344 oﬂ'eramus
2740 1289 2836 1344 tibi
2865 1288 3091 1358 gloriam
3117 1295 3172 1342 et
3193 1288 3492 1359 gratiarum
3522 1287 3702 1344 actio-

2124 1396 2270 1436 nem.
3256 1394 3259 1399 ’

2196 1493 2455 1564 Populus.
2485 1495 2681 1550 Amen.

2196 1583 2474 1640 Sacerdos.
2506 1585 2640 1641 Pax.

2197 1678 2456 1749 Populus.
2488 1678 2701 1735 Etcum
2728 1678 2920 1750 spiritu
2949 1688 3061 1735 tuo.

2195 1771 2485 1826 Diaconus.
2518 1771 2667 1826 Post.

2196 1861 2454 1933 Populus.
2483 1863 2681 1918 Coram
2713 1873 2783 1928 te,
2819 1863 3065 1921 Domine.

2196 1977 2476 2034 Sacerdos.
2513 1978 2713 2032 Coram
2742 1987 2814 2044 te,
2839 1977 3069 2034 Domine
3102 1976 3245 2035 Deus
3274 1988 3483 2047 noster,
3531 1978 3691 2035 incli-

2124 2088 2323 2128 namus
2336 2072 2471 2127 colla
2492 2070 2801 2126 animarum
2814 2078 2868 2127 et
2887 2086 3178 2141 corporum
3198 2082 3540 2136 nostrorum,
3563 2072 3691 2142 quia

2126 2178 2235 2220 non
2286 2180 2481 2220 sumus
2513 2163 2860 2230 suﬁicientes,
2906 2164 2972 2219 ad
3014 2162 3355 2219 referendam
3391 2164 3690 2234 gratiarum

2125 2260 2396 2315 actiouem
2431 2259 2701 2329 majestati
2738 2267 2862 2326 tuae,
2919 2259 3109 2329 quales
3157 2258 3482 2314 deberemus
3528 2257 3678 2313 retri-

2118 2352 2287 2431 buere
2320 2353 2388 2407 ad
2418 2360 2598 2425 grates
2621 2352 2860 2423 agendas
2894 2350 3016 2418 tibi,
3046 2351 3138 2407 sed
3164 2352 3266 2407 has
3288 2350 3688 2412 tantummodo.

2121 2447 2248 2516 quia
2277 2447 2460 2501 omnia
2485 2447 2624 2502 dona
2655 2448 2997 2516 qumcuuque
3026 2444 3313 2511 habemus,
3345 2459 3412 2499 ex
3455 2454 3513 2499 te
3539 2448 3689 2498 sunt.

2122 2538 2200 2594 Da
2234 2539 2412 2604 nobis,
2446 2539 2694 2605 Domine,
2745 2552 2905 2594 voces
2952 2538 3224 2593 sermonis
3270 2537 3533 2607 dignitate
3566 2535 3693 2591 ani-

2121 2640 2316 2693 matas,
2353 2638 2412 2683 ut
2436 2628 2705 2684 sulliciant
2733 2628 2801 2682 ad
2822 2628 3145 2698 condignam
3170 2628 3697 2695 convenientemque

2124 2720 2201 2775 tui
2234 2720 2621 2775 laudationem.
2671 2716 2718 2775 Ο
2749 2720 2989 2774 clemens
3019 2719 3114 2788 qui
3144 2719 3305 2774 nobis
3348 2719 3473 2773 licet
3523 2719 3693 2773 etiam

2122 2822 2265 2868 terra
2298 2812 2504 2883 indigni
2551 2813 2746 2878 simus,
2783 2813 2966 2867 claves
3011 2811 3252 2867 thesauri
3305 2814 3382 2865 tui
3411 2825 3698 2866 commen-

2122 2904 2282 2968 dasti,
2328 2913 2382 2959 et
2428 2920 2593 2975 super
2617 2920 2844 2974 regnum
2877 2888 3029 2959 tuum
3064 2920 3164 2959 nos
3204 2919 3327 2959 cum
3372 2904 3699 2958 auctoritate

2125 2995 2492 3067 praeposuisti,
2540 2991 2739 3065 prazst'a
2770 2995 2930 3049 nobis
2981 3005 3043 3049 ut
3072 2995 3125 3049 in
3151 3002 3266 3049 toto
3297 2993 3533 3048 decursu
3571 2992 3698 3047 vitae

2126 3094 2346 3152 nostra},
2392 3085 2513 3156 puri
2539 3101 2730 3140 coram
2767 3094 2818 3139 te
2851 3099 3233 3155 appar-eamus,
3280 3093 3333 3138 et
3380 3098 3412 3139 a
3458 3083 3699 3137 vanitate

2127 3178 2423 3244 mundana,
2454 3193 2483 3231 a
2507 3176 2927 3247 cogitationibus
2959 3176 3211 3243 terrenis,
3237 3191 3269 3229 a
3298 3174 3538 3229 motibus
3565 3188 3699 3242 pas-

2123 3272 2363 3339 sionum,
2387 3279 2441 3325 et
2465 3270 2713 3325 remissis
2758 3266 3198 3339 cogitationibus,
3232 3281 3429 3322 sensus
3474 3278 3698 3320 nostros

2124 3363 2368 3417 occultos
2388 3369 2443 3416 et
2476 3361 2800 3417 manifestos
2829 3373 3048 3414 remove
3073 3377 3087 3412 :
3111 3367 3275 3428 atque
3297 3372 3396 3426 per
3420 3354 3699 3411 fortitudi-

2123 3469 2249 3509 nem
2279 3454 2532 3524 potentiae
2551 3461 2656 3509 tuae
2680 3452 2908 3508 extende
2932 3466 3095 3521 super
3120 3465 3220 3505 nos
3240 3450 3520 3507 dexteram
3544 3457 3694 3503 tuam

2123 3547 2306 3602 omnia
2328 3546 2796 3617 complectentem,
2832 3544 3173 3615 benedicque
3206 3543 3379 3598 servis
3413 3551 3469 3598 et
3500 3542 3697 3598 adora-

2125 3639 2336 3695 toribus
2375 3641 2506 3707 tuis,
2534 3638 2629 3709 qui
2678 3637 2913 3694 salutem
2968 3637 3146 3706 adepti
3189 3637 3318 3692 sunt
3360 3651 3456 3704 per
3494 3649 3694 3689 nomen

2124 3740 2276 3785 tuum
2316 3743 2590 3798 sanctum,
2635 3738 2690 3784 et
2715 3728 2801 3784 fac
2826 3743 2927 3784 nos
2950 3727 3148 3797 templa
3184 3726 3542 3781 habitationis
3564 3734 3693 3790 tua,

2123 3832 2178 3878 et
2197 3824 2377 3877 locum
2397 3820 2747 3876 habitationis
2772 3820 2957 3891 gloriae
2979 3832 3086 3874 tuae
3119 3837 3133 3873 :
3165 3827 3225 3873 ut
3251 3818 3305 3871 in
3325 3817 3413 3871 die
3435 3816 3530 3871 illo
3551 3829 3694 3870 novo

2126 3924 2182 3970 et
2219 3923 2456 3979 artemo,
2498 3913 2554 3967 in
2602 3926 2772 3982 regno
2803 3920 2898 3965 tuo
2932 3911 3199 3974 laetemur,
3227 3917 3282 3963 et
3307 3923 3402 3977 per
3432 3915 3483 3963 te
3514 3907 3691 3962 salve-

2124 4023 2267 4073 mur,
2294 4016 2350 4062 et
2378 4005 2681 4062 referamus
2715 4005 2813 4060 tibi
2843 4004 3069 4074 gloriam
3090 4012 3144 4058 et
3177 4004 3479 4074 gratiarum
3515 3999 3693 4056 actio-

2124 4115 2271 4164 nem,
2295 4108 2351 4153 ct
2378 4097 2526 4154 Patri
2552 4106 2648 4153 tuo
2677 4104 2732 4152 et
2750 4096 2978 4168 Spiritui
3007 4105 3224 4162 sancto,
3246 4109 3413 4160 nunc,
3436 4098 3548 4149 etc.

2196 4214 2454 4286 Populus.
2494 4214 2689 4270 Amen.

2196 4328 2486 4385 Diaconus.
2515 4327 2773 4394 Benedic,
2803 4325 3052 4391 Domine,
3079 4333 3184 4379 etc.
