4066 6140
466 247 570 302 619
1566 237 1905 293 ᾹΡΡΕΝΒΙΧ
1943 236 2035 290 AD

2170 233 2608 292 CLEMENTEM.
3598 230 3708 286 6‘20

464 393 609 467 quod
636 391 702 446 ad
732 388 987 444 Davidem
1006 388 1177 443 dixit.
1206 387 1282 441 De
1304 387 1482 456 fructu
1512 386 1706 439 uentris
1733 384 1810 438 tui
1843 401 2034 455 ponam

2152 382 2254 436 Ἐκ
2281 379 2515 449 καρποῦ
2565 377 2676 447 τῆς
2731 377 2972 442 κοιλίας
3004 392 3122 430 σου
3168 372 3423 444 θήσομαι
3468 373 3570 428 ἐπι
3605 374 3714 429 τοῦ

462 464 618 558 super
653 484 826 539 sedem
851 491 998 535 tuam
1025 493 1073 535 α.
1102 479 1413 548 iterumque
1451 493 1547 547 per
1566 477 1764 532 Isaiam
1795 477 2029 546 prophe-

2142 472 2351 540 θρόνου
2373 488 2511 525 σου.
2544 468 2651 523 Καὶ
2682 464 2837 533 αὖθις
2862 467 2951 521 διὰ
2993 466 3217 520 Ἡσαΐου
3248 464 3344 518 τοῦ
3388 467 3671 537 προφήτου
3693 483 3709 497 -

465 554 597 647 tam,
629 577 775 651 quod
814 574 974 645 Virgo
998 575 1221 627 inulero
1237 572 1514 640 concipiet,
1555 580 1606 624 et
1635 571 1806 641 pariet
1832 570 2028 639 ﬁlium,

2142 564 2257 615 ’Ότι
2289 562 2329 629 ἡ
2375 558 2759 627 παρθένοςέν
2797 556 3011 627 γαστρί
3044 555 3326 624 λήψεται,
3355 554 3454 609 καί
3483 555 3714 620 τέξεται

461 680 512 727 et
542 668 815 725 vocabitur
838 680 1025 720 nomen
1053 664 1167 733 ejus
1195 661 1511 716 Emmanuel
1536 660 1589 717 ι’.

2142 653 2293 719 υἱὸν,
2314 651 2417 705 καί
2428 649 2794 718 κληθήσεται
2814 648 2878 702 τὸ
2898 648 3085 718 ὄνομα
3103 646 3292 701 αὐτοῦ
3315 645 3710 717 Ἐμμανουήλ.

537 761 624 816 ιιι.
655 760 702 813 Α
730 755 1059 813 Christianis
1081 769 1213 809 vero
1243 754 1365 809 ideo
1393 762 1448 808 et
1477 751 1653 823 magis
1681 750 2030 823 diligebatur,

2200 744 2295 796 III.
2326 741 2485 814 Παρά
2512 739 2570 792 δὲ
2604 740 2962 820 ,Χριστιανοῖς
2983 776 2999 801 ,
3032 737 3121 790 διὰ
3159 737 3318 790 τοῦτο
3367 737 3462 790 καὶ
3515 736 3716 808 μᾶλλον

464 857 594 927 quia
654 850 996 920 singularum
1052 846 1341 915 regionum
1390 858 1658 914 pauperes
1704 842 2032 898 nominatim

2142 833 2400 905 ἡγαπᾶτοζ
2424 831 2614 902 ἐπειδὴ
2636 831 2763 894 τοὺς
2796 828 2917 883 καθ’
2931 828 3168 899 ἑκάστην
3205 827 3328 868 "-“
3344 827 3585 900 ρεγεῶνα
3618 829 3717 883 πέ-

465 920 705 1005 habebat
734 942 1000 1011 scriptos;
1028 945 1081 993 et
1111 953 1206 993 eos
1227 952 1367 1007 quos
1419 935 1770 1005 baptismatis
1825 934 2033 990 sancti-

2142 945 2299 999 νητας
2329 927 2449 980 κατ’
2475 927 2647 998 ὄνομα
2681 922 3237 997 εἷχεγεγραμμένους
3253 940 3268 954 ·
3289 922 3385 976 καὶ
3402 920 3497 985 οὓς
3516 921 3595 993 τῷ
3618 921 3715 975 τοῦ

464 1037 648 1094 monia
676 1035 1063 1094 illustraverat,
1096 1044 1206 1083 non
1246 1025 1461 1081 sinebat
1505 1024 1782 1095 publicam
1824 1022 2035 1079 mendi-

2142 1017 2509 1089 βαπτίσματος
2540 1017 2796 1088 ἁγιασμῷ
2820 1016 3103 1087 ἐφώτιζεν,
3134 1015 3196 1068 οὐ
3224 1012 3516 1084 συνεχώρει
3541 1013 3714 1084 δημο-

464 1128 705 1188 σὶιοιοηι
736 1126 943 1183 subire.
1012 1121 1341 1189 Quotidiana
1399 1131 1581 1173 autem
1648 1117 2035 1189 praedicatione

2142 1108 2252 1162 σίαν
2277 1108 2570 1180 ἀπαίτησιν
2595 1108 2869 1162 ὑπελθεῖν.
2901 1106 2993 1179 Τῷ
3017 1107 3075 1160 δὲ
3108 1106 3229 1160 καθ’
3251 1106 3466 1177 ἡμέραν
3502 1104 3715 1177 κηρύγ-

464 1223 770 1278 medioeres
792 1234 857 1274 ac
883 1216 1079 1273 divites
1122 1213 1453 1269 admonebat
1477 1227 1546 1266 ne
1593 1218 1908 1281 paterentur
1939 1209 2037 1263 ba-

465 1310 1022 1387 ptismoilluminatos
1050 1320 1339 1377 pauperes,
1370 1320 1401 1359 a
1448 1302 1651 1359 ludatis
1691 1309 1789 1356 aut
1816 1299 2035 1371 gentili-

2136 1217 2266 1271 ματι
2288 1199 2417 1264 τούς
2460 1217 2523 1253 τε
2571 1198 2826 1272 μετρίους
2874 1200 2971 1253 καὶ
2990 1198 3281 1262 πλουσίους
3324 1196 3589 1251 ἐνουθέτει
3618 1196 3715 1250 τοῦ

2137 1293 2211 1364 μὴ
2228 1292 2515 1364 ἀνέχεσθαι
2534 1293 2663 1356 τοὺς
2684 1292 3130 1363 πεφωτισμένους
3149 1290 3385 1362 πένητας
3405 1290 3559 1362 παρά
3587 1290 3717 1343 Ἰου-

464 1381 571 1463 bus
614 1404 861 1476 publicos
905 1400 1058 1456 cibos
1087 1397 1363 1466 accipere,
1394 1404 1450 1451 et
1473 1396 1641 1450 vitam
1694 1396 2034 1466 baptismatis

2142 1382 2293 1437 δαίων
2323 1382 2358 1454 ἢ
2411 1382 2675 1454 Ἐλλήνων
2720 1381 2955 1455 δημόσια
2981 1382 3086 1453 ὄψα
3118 1381 3436 1454 λαμϐάνειν,
3476 1384 3570 1436 καὶ
3601 1381 3716 1453 βίον

465 1494 878 1556 consecratione
931 1489 1282 1553 mundatam,
1327 1485 1488 1541 donis
1524 1486 1809 1557 gentilium
1848 1487 2035 1557 inqui-

543 1606 609 1643 ΓΙ.

543 1606 609 1643 τι.

465 1606 626 1736 mw.
682 1677 800 1745 His,
849 1685 1149 1742 eorumque
1194 1670 1444 1742 pluribus
1492 1669 1753 1724 virtutum
1809 1669 2037 1726 ﬂoribus

2132 1476 2200 1546 τῇ
2252 1473 2348 1527 τοῦ
2405 1473 2777 1546 βαπτίσματος
2823 1470 3154 1547 καθιερώσει
3199 1473 3607 1546 κεκαθαρμένον
3644 1473 3713 1537 ⁸⁵,

2133 1567 2469 1640 χαρίσμασιν
2513 1567 2782 1638 Ἐλλήνων
2814 1566 3150 1639 χραίνεσθαι.

2210 1679 2301 1736 IV.
2340 1681 2585 1745 Τούτοις,
2618 1681 2714 1734 καὶ
2736 1679 3197 1735 τούτων’πλείοσιν
3226 1679 3593 1753 ἀνδραγαθίας
3616 1680 3713 1734 άν-

467 1789 593 1831 cum
626 1771 757 1838 Deo,
800 1777 917 1823 tum
956 1763 1171 1821 cunctis
1216 1771 1398 1817 mente
1436 1762 1679 1832 praeditis
1720 1762 2036 1818 hominibus

2142 1770 2254 1824 θεσι
2281 1769 2361 1841 τῷ
2393 1787 2453 1823 τε
2481 1770 2602 1841 Θεῷ
2626 1771 2720 1825 καὶ
2758 1771 2923 1824 πᾶσιν
2968 1769 3275 1842 ἀνθρώποις
3308 1771 3593 1843 ἐχέφροσιν
3627 1772 3715 1824 εύ-

466 1867 717 1940 placebat
751 1883 764 1918 :
795 1877 922 1917 nam
954 1845 1136 1916 mente
1156 1856 1468 1912 carentibus
1493 1858 1706 1926 placere
1729 1872 1836 1912 non
1862 1864 2039 1926 potest

469 1960 523 2016 id
552 1958 697 2030 quod
729 1956 840 2010 Deo
868 1953 1081 2023 placere
1102 1949 1383 2020 probatur.
1408 1949 1584 2019 Atque
1611 1949 1732 2004 ideo
1757 1949 2037 2003 hominum

470 2049 699 2106 rationis
740 2043 1046 2116 expertium
1094 2041 1455 2099 contumelias
1491 2039 1647 2095 veriti
1676 2054 1787 2094 non
1821 2047 1949 2094 sunt
1976 2038 2036 2103 ii,

469 2142 673 2213 quibus
720 2140 906 2195 animo
947 2139 1110 2202 sedit,
1157 2148 1500 2205 nequaquam
1538 2133 1732 2187 timere
1780 2132 1902 2186 illos
1944 2130 2039 2201 qui

470 2233 745 2303 plerisque
776 2231 1086 2299 displicent.
1118 2227 1238 2295 Quo
1263 2225 1464 2281 factum
1498 2233 1600 2286 est,
1646 2233 1705 2277 ut
1737 2222 2036 2278 Sisinnium

469 2323 816 2395 imperatoris
834 2321 1024 2377 Nervae
1041 2322 1277 2376 amicum
1304 2334 1412 2374 non
1430 2317 1671 2373 timuerit
1693 2315 2040 2372 beatissimus

469 2417 723 2473 Clemens
742 2415 890 2472 sedis
918 2413 1181 2469 Romanae
1193 2413 1503 2483 episcopus.

542 2588 610 2644 ν.
650 2588 834 2659 Itaque
857 2602 980 2643 eum
1014 2601 1109 2657 per
1145 2585 1319 2654 ipsius
1345 2583 1646 2639 doctrinam
1680 2597 1942 2638 conversa
1973 2581 2041 2636 ad

472 2682 645 2737 Deum
678 2696 819 2735 uxor
852 2678 1081 2734 Sisinnii
1107 2676 1420 2741 Theodora,
1462 2674 1712 2731 sedulum
1750 2673 1863 2729 Deo
1886 2674 2043 2728 exhi-

472 2776 624 2831 beret
653 2771 1038 2836 ministerium,
1061 2784 1180 2825 eam
1213 2768 1475 2839 zelotypia
1498 2766 1694 2822 ductus
1717 2765 1944 2822 maritus
1965 2766 2044 2821 la-

473 2866 630 2936 queis
642 2865 918 2920 involvere
935 2863 1230 2926 nitebatur,
1245 2868 1624 2932 properantem
1643 2859 1711 2915 ad
1731 2858 2038 2916 ecclesiam.

474 2957 543 3011 Et
568 2956 788 3028 quidem
817 2955 907 3010 illa
932 2953 1284 3025 ingrediente,
1315 2954 1428 3023 ipse
1456 2968 1551 3023 per
1571 2952 1737 3007 alium
1761 2951 2040 3007 introitum

474 3048 789 3112 adveniens,
832 3047 997 3117 ccepit
1042 3047 1256 3102 curiose
1300 3045 1568 3114 inspicere
1617 3063 1631 3099 :
1675 3052 1729 3100 et
1748 3044 1965 3115 quando
2011 3058 2040 3097 a

475 3149 661 3197 sancto
684 3139 962 3194 Clemente
994 3136 1133 3192 facta
1158 3136 1261 3191 fuit
1280 3135 1476 3202 oratio,
1505 3135 1750 3206 dixitque
1776 3135 2039 3204 populus:

473 3234 676 3299 Amen;
701 3247 766 3287 eo
787 3240 1028 3301 tempore
1049 3228 1322 3285 Sisinnius
1336 3242 1511 3284 caecus
1527 3237 1581 3283 et
1599 3228 1800 3284 surdus
1823 3227 2046 3284 effectus

473 3331 577 3389 est,
612 3331 673 3377 ut
690 3336 865 3392 neque
882 3321 1064 3376 videre
1093 3334 1269 3389 neque
1292 3317 1482 3373 audire
1508 3327 1710 3388 posset.
1743 3317 1897 3375 Tunc
1917 3334 2047 3390 ergo

473 3412 613 3468 dixit
633 3411 805 3467 servis
826 3410 943 3466 suis
969 3425 984 3463 :
1016 3407 1340 3463 Prehendite
1377 3421 1462 3461 me
1497 3407 1553 3460 in
1593 3421 1788 3462 manus
1814 3417 2044 3473 vestras,

473 3514 529 3561 et
548 3515 700 3560 extra
726 3504 960 3571 educite,
983 3502 1245 3573 quoniam
1283 3498 1428 3556 oculi
1451 3499 1557 3553 mei
1589 3498 1717 3554 caeci
1739 3498 1868 3555 facti
1895 3507 2043 3565 sunt,

474 3604 531 3651 et
559 3610 722 3651 aures
744 3610 878 3649 meai
907 3594 963 3648 in
1002 3600 1211 3648 tantum
1234 3587 1661 3656 obsurduerunt,
1698 3599 1760 3645 ut
1782 3590 1916 3645 nihil
1953 3605 2050 3661 pe—

475 3687 624 3744 nitus
643 3686 833 3742 audire
862 3685 1091 3740 valeam.

550 3845 635 3901 Vl.
673 3844 828 3901 Tunc
847 3842 990 3901 servi
1019 3844 1137 3915 ejus
1163 3843 1465 3900 circuibant
1494 3859 1618 3900 eum
1645 3843 1738 3899 illo
1760 3858 1855 3914 per
1882 3852 2047 3899 totam

475 3938 784 4004 ecclesiam,
810 3937 866 3991 in
894 3935 1073 3991 medio
1104 3936 1310 3991 orantis
1344 3935 1550 4007 populi,
1582 3935 1822 3992 virorum
1850 3936 2051 4006 pariter

476 4038 532 4085 et
555 4027 868 4093 mulierum,
891 4041 993 4082 nec
1022 4033 1207 4096 portas
1233 4041 1373 4096 quas
1393 4026 1624 4097 ingressi
1656 4026 1870 4082 fuerant
1897 4036 2051 4097 pote-

477 4127 603 4176 rant
624 4119 958 4191 contingere.
986 4116 1141 4173 Unde
1164 4117 1293 4173 dum
1318 4117 1419 4187 ipsi
1451 4117 1755 4188 vagabundi
1771 4119 2048 4187 oberrant,

478 4211 787 4280 iterumque
833 4224 994 4281 gyros
1040 4216 1226 4280 agunt,
1277 4208 1346 4262 ad
1387 4206 1729 4264 Theodoram
1770 4208 2050 4265 dominam

479 4318 659 4366 suam,
691 4300 785 4357 ubi
821 4299 932 4356 Deo
977 4315 1164 4371 preces
1208 4298 1487 4366 fundebat,
1527 4308 1888 4369 pervenerunt
1924 4315 2048 4355 cum

477 4393 702 4451 domino
730 4406 853 4447 suo.
877 4390 1009 4459 Quae
1033 4406 1156 4447 cum
1179 4390 1402 4446 vidisset
1430 4404 1616 4446 servos
1636 4404 1767 4446 suos
1789 4406 1897 4446 una
1922 4407 2047 4448 cum

478 4484 705 4539 domino
736 4496 927 4537 eorum
956 4488 1225 4536 excaecato
1250 4480 1699 4550 circumagentes,
1731 4481 1907 4551 primo
1927 4482 2051 4553 qui-

478 4578 601 4633 dem
635 4575 926 4632 declinavit
954 4582 1232 4645 aspectum
1252 4587 1466 4640 eorum,
1494 4581 1690 4643 putans
1718 4574 1863 4644 quod
1892 4589 2049 4644 aper-

480 4669 551 4726 tis
575 4666 751 4725 oculis
772 4666 949 4737 ipsam
970 4667 1255 4736 aspiceret.
1286 4662 1419 4720 Dein
1450 4664 1599 4721 misit
1623 4681 1793 4722 unum
1822 4681 1853 4722 e
1876 4668 2048 4724 servis

478 4760 617 4826 suis,
642 4767 702 4815 ut
719 4759 883 4815 sciret
902 4757 1035 4829 quid
1058 4756 1163 4813 sibi
1185 4756 1403 4822 vellent,
1424 4771 1547 4812 cum
1567 4756 1790 4814 domino
1811 4757 2049 4815 circum-

479 4856 692 4905 euntes.
726 4846 807 4901 Illi
831 4846 1127 4902 dixerunt:
1160 4842 1424 4900 Dominus
1446 4854 1650 4914 noster,
1675 4847 1804 4903 dum
1828 4848 1943 4904 vult
1962 4849 2048 4904 vi-

480 4939 611 4999 dere
632 4940 778 5018 quod
807 4939 858 4995 ei
884 4937 1090 4994 licitum
1116 4951 1225 4991 non
1254 4946 1355 5003 est,
1382 4946 1436 4992 et
1470 4937 1706 4995 alienum
1729 4941 2048 5012 mysterium

481 5033 691 5100 audire,
714 5038 1018 5088 excaecatus
1041 5037 1144 5095 est,
1167 5035 1221 5084 et
1245 5030 1444 5085 surdus
1474 5029 1732 5099 eﬂ‘ectus;
1760 5032 1919 5089 nobis
1950 5048 2050 5089 au-

482 5134 590 5180 tem
621 5122 926 5195 imperavit,
956 5129 1017 5177 ut
1050 5120 1201 5176 illum
1225 5119 1352 5176 hinc
1387 5122 1880 5195 quomodocunque
1917 5126 2051 5181 edu-

552 5248 579 5277 a
601 5234 749 5291 Psal.
776 5251 961 5299 cum,
992 5224 1080 5289 Μ’.
1140 5237 1169 5277 b
1203 5238 1306 5294 lsa.
1334 5253 1431 5303 vn,
1467 5238 1553 5293 ll.

2138 1863 2378 1935 ηρέστει.
2412 1863 2536 1926 Τοῖς
2556 1861 2666 1934 γὰρ
2687 1862 2990 1931 ἀλογίστοις
3008 1862 3261 1934 ἀρέσκειν
3283 1861 3563 1927 ἀδύνατον,
3579 1864 3717 1932 ὅπερ

2136 1951 2217 2022 τῷ
2261 1950 2380 2022 Θεῷ
2421 1951 2711 2023 εὐάρεστον
2749 1950 3150 2004 ἀποδείκνυται.
3182 1948 3384 2003 Τούτου
3416 1946 3511 2004 οὖν
3533 1951 3718 2004 ἕνεκεν

2137 2042 2236 2095 οὐκ
2267 2040 2537 2113 ἐφόϐησαν
2562 2041 2609 2074 ³⁸
2635 2040 2734 2104 τὰς
2786 2039 2973 2113 ὕϐρεις
3016 2040 3125 2095 τῶν
3169 2027 3466 2109 ἀλογίστων
3510 2040 3720 2113 ἀνθρώ-

2139 2149 2257 2187 πων
2286 2134 2503 2197 ἐκεῖνοι,
2547 2125 2630 2195 οἷς
2663 2133 2697 2202 ἡ
2722 2130 2912 2203 γνώμη
2936 2131 3199 2202 ἐτύγχανε
3224 2131 3352 2195 τοὺς
3374 2131 3719 2204 ἀπαρέσκον-

2138 2242 2239 2288 τας
2275 2225 2320 2259 ⁸⁷
2362 2223 2632 2286 πλείστοις
2651 2222 2698 2255 ⁸⁸
2736 2222 2811 2293 μὴ
2850 2221 3072 2294 δειλιᾷν.
3104 2223 3265 2276 Ὅτου
3315 2222 3475 2294 χάριν
3522 2224 3720 2295 περιῆν

2138 2311 2217 2384 τῷ
2247 2310 2654 2386 μακαριωτάτῳ
2675 2310 2956 2382 Κλήμεντι
2982 2311 3062 2383 τῷ
3087 2311 3180 2365 τοῦ
3204 2310 3390 2384 θρόνου
3434 2312 3720 2384 Ῥωμαίων

2140 2401 2424 2474 ἐπισκόπῳ
2478 2401 2571 2455 τὸν
2614 2400 2766 2471 φίλον
2807 2400 2902 2455 τοῦ
2944 2400 3205 2472 βασιλέως
3242 2401 3460 2475 Νερούα
3513 2402 3588 2476 μὴ
3627 2421 3724 2475 φο-

2143 2492 2378 2548 ϐεῖσθαι.
3167 2535 3171 2538 ν
3288 2540 3293 2544 ~

2216 2583 2299 2639 ν(
2331 2584 2550 2656 Ἐπειδὴ
2568 2584 2746 2640 τοίνυν
2768 2589 2834 2663 τῇ
2861 2585 3027 2642 αὑτοῦ
3056 2588 3375 2663 διδασκαλίᾳ
3405 2591 3440 2663 ἡ
3464 2591 3600 2663 γυνὴ
3631 2591 3724 2645 τοῦ

2141 2673 2405 2728 Σισιννίου
2426 2673 2699 2746 Θεοδώρα,
2722 2676 3123 2749 ἐπιπραφείσα
3141 2678 3186 2709 ⁸³
3218 2678 3355 2748 πρὸς
3376 2678 3527 2744 Θεὸν,
3560 2696 3726 2732 σπου-

2141 2767 2297 2822 δαίαν
2330 2766 2501 2821 ἐτέλει
2539 2767 2639 2839 τὴν
2675 2768 3046 2841 λειτουργίαν,
3094 2769 3296 2841 ταύτην
3326 2771 3354 2823 ό
3389 2771 3529 2843 ἀνὴρ
3567 2770 3726 2842 ζηλο-

2141 2860 2410 2930 τυπήσας,
2434 2859 2761 2928 παγιδεῦσαι
2789 2861 3213 2933 κατηγωνίζετο,
3238 2862 3377 2934 πρὸς
3398 2863 3496 2934 τὴν
3526 2863 3725 2937 ἐκκλη-

2146 2950 2265 3004 σίαν
2294 2949 2629 3005 σπεύδουσαν
2652 2951 2719 3004 ὀ.
2761 2951 2872 3006 Καὶ
2904 2952 2970 3023 δὴ
3012 2953 3402 3026 εἰσερχομένης
3420 2954 3488 3021 ",
3523 2956 3728 3020 ἐκεῖνος

2143 3040 2211 3094 δι’
2237 3039 2430 3111 ἐτέρας
2456 3040 2660 3094 εἰσόδου
2698 3040 3075 3112 καταφθάσας,
3108 3043 3309 3115 ἤρξατο
3337 3045 3728 3120 πολυπραγμο-

2145 3131 2255 3185 νεῖν
2277 3147 2290 3160 ·
2332 3130 2427 3183 καὶ
2452 3130 2617 3202 ἡνίκα
2654 3132 2808 3204 παρά
2830 3132 2926 3185 τοῦ
2947 3132 3102 3201 ἁγίου
3134 3133 3446 3206 Κλήμεντος
3472 3137 3607 3207 εὐχὴ
3634 3136 3728 3206 γέ-

2146 3238 2293 3292 γονε,
2327 3220 2423 3275 τοῦ
2456 3220 2587 3274 λαοῦ
2629 3223 2911 3294 εἰρηκότος
2950 3223 3012 3276 τὸ
3064 3224 3256 3296 Ἀμήν,
3296 3226 3327 3279 ό
3365 3226 3627 3291 Σισίννιος
3669 3229 3727 3282 ἐν

2145 3311 2322 3384 τούτῳ
2362 3312 2560 3384 τυφλός
2592 3330 2654 3366 τε
2697 3315 2792 3368 καὶ
2827 3314 3009 3385 κωφὸς
3041 3314 3398 3387 ἀπετελέσθη,
3444 3316 3540 3372 τοῦ
3593 3319 3728 3390 μήτε

2147 3403 2303 3476 όρᾷν,
2356 3405 2494 3476 μήτε
2536 3403 2755 3459 ἀκούειν
2801 3404 3081 3460 δύνασθαι.
3136 3405 3270 3459 Τότε
3317 3403 3409 3461 οὖν
3444 3406 3593 3476 λέγει
3618 3409 3730 3471 τοῖς

2146 3496 2356 3561 δούλοις
2382 3496 2569 3551 αὑτοῦ·
2601 3497 2809 3551 Λάϐετέ
2847 3516 2915 3570 με
2944 3498 3023 3562 εἰς
3038 3497 3145 3562 ea;
3170 3502 3359 3570 χεῖρας
3404 3500 3556 3571 ὑμῶν
3579 3539 3596 3564 ,
3635 3500 3729 3554 καὶ

2147 3587 2444 3657 ἐξαγάγετε
2469 3587 2595 3655 ἔξω,
2620 3588 2702 3641 ὅτι
2725 3588 2775 3641 οἰ
2807 3587 3076 3660 ὀφθαλμοί
3100 3605 3201 3659 μου
3230 3588 3421 3659 τυφλοὶ
3449 3590 3726 3659 γεγόνασι,

2148 3678 2242 3732 καὶ
2270 3679 2326 3731 αἱ
2347 3678 2508 3732 ἀκοαί
2532 3696 2634 3749 μου
2660 3681 2741 3742 εἰς
2769 3678 3021 3734 τοσοῦτον
3049 3677 3442 3752 ἐκωφώθησαν,
3470 3681 3554 3735 ὃτι
3574 3681 3728 3736 οὐδὲν

2148 3770 2210 3824 τὸ
2243 3768 2460 3824 σύνολον
2482 3769 2700 3825 ἀκούειν
2718 3770 2972 3843 δύναμαι.

2144 3880 2151 3887 ·
2222 3860 2313 3916 VI.
2354 3862 2489 3916 Τότε
2513 3863 2562 3916 οἱ
2581 3863 2768 3927 παῖδες
2790 3863 2956 3918 αὐτοῦ
2988 3865 3251 3937 περιῆγον
3271 3864 3390 3937 μετ’
3405 3866 3570 3921 αὐτοῦ
3600 3868 3665 3921 δι’
3680 3868 3725 3899 "

2147 3951 2275 4024 ὅλης
2299 3953 2399 4025 τῆς
2427 3953 2723 4027 ἐκκλησίας
2744 3957 2801 4010 ἐν
2832 3955 2985 4029 μέσῳ
3001 3956 3095 4010 τοῦ
3125 3957 3419 4029 εὐχομένου
3446 3958 3597 4024 λαοῦ,
3634 3959 3727 4013 άν-

2148 4042 2291 4115 δρῶν
2325 4061 2386 4097 τε
2413 4045 2827 4114 καὶγυναικῶν,
2851 4049 2948 4102 καὶ
2967 4047 3069 4112 τὰς
3093 4048 3265 4121 θύρας
3292 4049 3414 4105 ὅθεν
3440 4050 3726 4123 εἰσέϐησαν

2149 4132 2474 4188 καταλαϐεῖν
2496 4134 2541 4167 ’³
2566 4136 2667 4188 οὐκ
2692 4135 2962 4191 ἐδύναντο.
2985 4136 3145 4191 Ὅθεν
3167 4138 3224 4192 ἐν
3243 4137 3322 4210 τῷ
3348 4140 3726 4212 περιέρχεσθαι

2150 4225 2351 4290 αὐτοὺς
2394 4226 2784 4299 πλανηθέντας,
2827 4228 2922 4283 καί
2965 4229 3127 4284 πάλιν
3173 4230 3458 4287 κυκλεύειν
3483 4235 3550 4297 ’³,
3593 4232 3728 4304 πρὸς

2150 4316 2434 4389 Θεοδώραν
2475 4318 2575 4391 τὴν
2612 4318 2809 4390 κυρίαν
2838 4318 3037 4385 αὐτῶν,
3069 4320 3196 4376 ἔνθα
3219 4322 3298 4395 τῷ
3326 4323 3445 4396 Θεῷ
3484 4324 3726 4397 προσηύ-

2079 4441 2124 4497 D
2153 4425 2298 4478 χετο,
2339 4411 2437 4463 σὺν
2458 4409 2539 4481 τῷ
2567 4409 2802 4486 δεσπότῃ
2829 4411 3007 4467 αὐτῶν
3027 4415 3408 4487 παρεγένοντο.
3448 4417 3608 4481 Ἤτις
3626 4418 3729 4472 ἐω-

2153 4506 2354 4575 ρακυία
2401 4506 2530 4569 τοὺς
2565 4505 2771 4576 ἑαυτῆς
2810 4506 3006 4569 παῖδας
3046 4506 3183 4578 μετά
3206 4506 3301 4561 τοῦ
3332 4506 3519 4579 κυρίου
3548 4507 3729 4563 αὐτῶν

2149 4593 2518 4664 τυφλωθέντος
2550 4595 2597 4627 ³³
2643 4596 3025 4668 περιάγοντας,
3075 4596 3291 4670 πρῶτον
3339 4598 3440 4671 μὲν
3489 4597 3727 4667 ἐξέκλινε

2148 4685 2247 4757 τὴν
2272 4684 2401 4740 θέαν
2429 4685 2609 4741 αὐτῶν
2636 4688 2705 4755 ’⁸,
2754 4687 3049 4760 νομίζουσα
3094 4690 3325 4763 ὅτιπερ
3364 4691 3727 4762 ἡνεῳγμένοις

2147 4777 2391 4848 ὄμμασιν
2437 4777 2696 4851 θεάσηται
2740 4781 2929 4854 αὐτην.
2969 4781 3080 4836 Καὶ
3121 4782 3411 4853 πεμψάσης
3431 4782 3475 4815 ’⁷
3506 4782 3601 4836 ἐνα
3618 4780 3727 4836 τῶν

2150 4868 2551 4942 παίδωναίηῆς
2573 4870 2712 4944 πρὸς
2728 4872 2790 4926 τὸ
2816 4872 3017 4943 γνῶναι
3045 4872 3097 4926 τί
3117 4872 3226 4946 ἄρα
3244 4872 3454 4927 θέλοιεν
3472 4872 3610 4946 μετὰ
3629 4871 3726 4927 τοῦ

2158 4958 2348 5030 κυρίου
2390 4960 2568 5015 αὐτῶν
2622 4964 3053 5035 περιερχόμενοι,
3095 4959 3245 5016 εἶπον
3286 4962 3362 4996 ³⁸·
3425 4964 3483 5018 Ὁ
3537 4963 3727 5036 κύριος

2152 5045 2330 5117 ἡμῶν,
2348 5046 2515 5103 θέλων
2537 5049 2666 5121 όρᾷν
2685 5050 2823 5122 ὅπερ
2841 5049 3002 5104 αὐτὸν
3028 5049 3128 5103 οὐκ
3151 5048 3276 5120 ἐξῆν
3298 5049 3367 5114 ⁸’,
3396 5049 3491 5103 καὶ
3506 5048 3725 5104 ἀκούειν

2154 5136 2434 5210 ἀλλοτρίου
2496 5141 2817 5213 μυστηρίου,
2878 5139 3365 5210 ἀποτετύφλωταιν
3400 5140 3497 5196 καὶ
3543 5139 3725 5213 κωφὸς

1786 5308 2021 5366 ἾΑΒΙίΕ
2060 5313 2466 5373 LECTIONES.

554 5395 676 5436 ⁸¹-⁸⁸
713 5397 784 5449 al.
851 5398 971 5452 καθ’
1024 5396 1272 5453 ἕκαστον.

479 5463 656 5529 εντας.

756 5399 1350 5499 ἓεέἓὲζςὲὶξίἶτοὲςηη
1377 5399 2043 5499 ⁸ἷ.ςέ¹];..ἕείίέῗξίξμὲἳίῖἕ·
2108 5406 2155 5499 ῗ⁸
2190 5408 2263 5461 ει·
2304 5408 2664 5499 exedra“
2740 5408 2787 5441 ⁸⁷
2823 5410 2895 5499 ξιο
2936 5410 3415 5499 ἀπαεεεῐκομινοεις
3437 5414 3723 5499 “Musis:

832 5465 1165 5523 Concinnior
1219 5470 1353 5524 mihi
1410 5470 1624 5525 videtur
1669 5465 2130 5533 lectio'duoruml
2158 5493 2293 5533 mss.

2373 5479 2469 5551 οὺς
2498 5479 2998 5551 ἀπαρεσκομένουςν
3032 5479 3319 5549 πλείστους
3342 5487 3504 5548 ὄντας
3529 5523 3544 5547 ,
3598 5479 3723 5539 illos

617 5537 982 5627 ,ωρνελετιιηε
1005 5579 1042 5627 9,
1073 5548 1297 5627 {unique
1324 5556 1565 5627 _uume.ro
1614 5540 1811 5627 plures.
1856 5541 2111 5627 cogn-3’
2145 5549 2217 5627 al.
2262 5536 2628 5627 πιστεύσασαῖ
2656 5547 2706 5627 ’ξ
2727 5536 2798 5603 al:
2838 5536 3316 5627 dittoﬁaev.‘5‘ﬂal:
3353 5536 3702 5627 ειάέἰθὸῠᾶήξ

510 5606 531 5635 ⁸
581 5606 651 5659 al.
692 5606 943 5670 λαϐόντες
984 5608 1144 5662 αὐτὸν
1194 5606 1455 5680 περιῆγον
1486 5610 1571 5665 δι’.
1614 5606 1690 5643 ’⁸³
1727 5611 1798 5665 al.
1852 5613 2097 5685 εἰσῆλθον
2144 5618 2242 5719 εὕρ

510 5675 829 5719 ίυωλιιιθὲυτα
856 5678 1015 5719 αὐτόν
1110 5680 1216 5719 "nl
1280 5678 1441 5719 αὐτηῦ
1502 5681 1545 5715 9⁷
1565 5682 1613 5719 nl
1658 5684 2121 5719 ιιςη-ηηςηρίηηιςι..
2186 5688 2205 5719 ο

486 5675 830 5745 τυφλωθέντα
856 5678 1031 5735 αὐτόν.
1110 5680 1239 5737 "ad.
1267 5675 1459 5735 ἀύτοῦ.
1502 5681 1545 5715 ⁹⁷
1564 5682 1635 5737 al.
1655 5675 2146 5759 μεταπεμψαμένη.
2186 5675 2231 5722 ’δ
2265 5687 2337 5743 al.

2245 5619 2341 5690 εἴν.
2404 5618 2484 5690 _”
2532 5618 2603 5672 al.
2648 5616 3031 5690 πλανωμένους
3081 5625 3177 5677 καὶ
3210 5623 3513 5679 κυκλεύειν.
3589 5616 3722 5681 "al.

2378 5682 2549 5744 εἶπεν.
2591 5690 2637 5723 ⁹⁹
2675 5689 2746 5745 al.
2786 5682 2929 5763 άπερ
2952 5682 3099 5765 αύτῷ
3118 5695 3217 5749 οὐκ
3243 5693 3435 5764 ἔξεστι.
