4066 6140
365 265 471 323 631

1547 255 1964 314 MARTYRIUM
2008 255 2066 309 S.
2093 253 2500 310 CLEMENTIS.

3533 248 3638 303 62?.

363 379 733 454 ἀπειργάσθη·
767 379 899 451 ήμῖν
913 394 971 431 τε
993 374 1298 438 ἐκέλευσεν,
1315 372 1607 428 ἵνατοῦτον
1623 372 1872 426 ἐντεῦθεν
1890 372 1960 402 ¹⁰⁰

2064 386 2344 436 eeremus;
2391 370 2486 426 sed
2531 384 2638 424 non
2663 370 2814 426 licuit
2846 371 3001 428 nobis
3019 387 3145 428 eum
3174 373 3302 430 hinc
3341 373 3452 429 ullo
3480 386 3641 448 pacto

361 474 612 533 ὁπωσοῦν
636 472 997 542 ἐξαγάγωμεν
1016 487 1030 500 ’
1062 469 1156 523 καὶ
1175 469 1236 522 οὐ
1272 465 1686 538 συγκεχώρηται
1707 467 1840 538 ἡμῖν
1858 465 1956 518 αὐ-

363 567 458 621 τὸν
485 564 740 618 ἐντεῦθεν
767 561 1018 616 ὁπωσοῦν
1057 559 1314 632 ἐκφέρειν
1350 562 1390 613 ¹.

439 657 550 712 Vll.
604 655 797 710 Ἦνίκα
825 655 882 708 δὲ
901 653 1060 707 τοῦτο
1089 653 1110 684 ⁸
1134 652 1194 706 τὸ
1225 653 1469 724 διήγημα
1502 653 1536 724 ἡ
1562 651 1816 724 Θεοδώρα
1836 651 1960 703 ὑπε-

366 749 597 816 δέξατο⁸
623 746 777 820 παρά
803 745 897 799 τοῦ
935 744 1149 808 παιδὸς,
1183 744 1564 816 κατέστρωσεν
1597 742 1616 774 ⁸
1657 742 1856 812 ἑαυτὴν
1880 740 1960 802 εἰς

366 844 552 915 εὐχὴν,
581 842 677 896 καὶ
723 838 862 912 μετά
887 837 1138 910 δακρύων
1171 838 1192 869 ⁵
1248 836 1403 909 παρά
1451 834 1548 890 τοῦ
1595 834 1729 888 Θεοῦ
1783 834 1960 887 ἐδέετο

367 937 456 991 ἵνα
490 935 520 989 6
543 934 683 1006 ἀνὴρ
715 932 886 1003 αὐτῆς
913 930 1118 984 ἐκεῖθεν
1150 930 1350 1002 δυνηθῇ
1384 929 1639 996 ἐξελθεῖν.
1664 929 1775 982 Καὶ
1796 944 1960 997 στρα-

368 1030 530 1097 φεῖσα
571 1025 708 1096 πρὸς
737 1023 866 1086 τοὺς
893 1023 1092 1085 παῖδας
1119 1022 1246 1086 τοὺς
1285 1021 1542 1084 συνόντας
1577 1019 1748 1091 αὐτῷ,
1778 1015 1953 1072 εἶπεν·

381 1118 690 1181 Ἀπέλθετε,
731 1116 826 1169 καὶ
873 1114 1387 1187 χειραγωγήσαντες
1422 1112 1513 1166 τὸν
1551 1111 1741 1183 κύριον
1783 1109 1956 1182 ὑμῶν,

365 1209 684 1278 ἀπαγάγετε
716 1208 797 1271 εἰς
817 1206 910 1260 τὸν
939 1201 1114 1259 οἷκον·
1143 1203 1254 1273 ἐγὼ
1282 1205 1390 1276 γὰρ
1424 1205 1523 1276 τὴν
1551 1203 1736 1274 εὐχὴν,
1771 1204 1836 1273 ἣν
1857 1203 1958 1274 ἡρ-

367 1303 568 1374 ξάμην,
587 1300 648 1353 οὐ
681 1299 755 1370 μὴ
784 1298 1122 1362 καταλείπω,
1153 1296 1288 1350 ἀλλά
1318 1296 1614 1369 προσφέρω
1641 1295 1740 1368 τὴν
1768 1294 1959 1350 θυσίαν

367 1413 471 1468 μου
491 1393 571 1465 τῷ
598 1392 810 1464 Κυρίῳ,
829 1392 922 1446 καὶ
949 1388 1340 1462 πληρουμένων
1367 1387 1475 1443 τῶν
1506 1387 1838 1460 μυστηρίων,
1857 1403 1959 1440 κα-

365 1487 628 1558 ταφθάνω
648 1487 812 1557 ὑμᾶς.
842 1485 977 1538 Τότε
1007 1483 1186 1537 τοίνυν
1203 1481 1444 1554 ἀπῆλθον
1465 1481 1515 1534 οἰ
1549 1480 1742 1544 παῖδες
1768 1496 1959 1550 χειρα-

367 1579 675 1650 γωγοῦντες
720 1579 885 1633 αὐτὸν
921 1580 962 1644 ⁸,
1005 1578 1100 1632 καὶ
1135 1577 1504 1649 ἐξερχόμενοι,
1546 1575 1835 1645 ἀπήγαγον
1880 1575 1962 1637 εἰς

365 1672 457 1725 τὸν
488 1669 637 1726 οἷκον
658 1689 671 1699 ·
717 1672 813 1727 καὶ
848 1671 1288 1743 ὑποστρέψαντες
1330 1663 1475 1741 πρὸς
1492 1669 1592 1739 τὴν
1618 1666 1816 1738 κυρίαν
1857 1666 1958 1719 αὐ-

366 1762 495 1828 τῶν,
520 1764 718 1834 τυφλὸν
751 1763 1094 1836 ἀπήγγειλαν
1123 1761 1217 1815 καὶ
1248 1761 1431 1830 κωφὸν
1459 1760 1622 1814 αὑτὸν
1643 1758 1813 1811 εἰσέτι
1838 1757 1957 1810 δια-

369 1859 550 1927 μεῖναι
579 1857 622 1910 ⁷.
668 1857 732 1909 Ἡ
760 1856 817 1909 δὲ
846 1854 1099 1925 Θεοδώρα
1134 1855 1228 1907 ἐπί
1270 1853 1452 1906 πλεῖον
1496 1851 1574 1922 τῷ
1603 1850 1723 1921 Θεῷ
1747 1851 1960 1921 δεήσεις

366 1949 462 2002 καὶ
484 1948 696 2020 δάκρυα
718 1948 950 2018 ἐξέχεεν,
980 1949 1128 2012 ὅπως
1157 1945 1252 1999 τοῦ
1283 1946 1475 2017 ἀνδρὸς
1506 1945 1675 2016 αὐτῆς
1704 1943 1766 1997 τὸ
1793 1942 1956 1998 αὑτοῦ

367 2041 514 2104 ἔλεος
549 2040 928 2112 ἀντιλήψηται.
955 2040 1065 2093 Καὶ
1102 2038 1168 2109 δὴ
1199 2038 1299 2109 τῆς
1332 2036 1648 2100 ἀπολύσεως
1675 2035 1960 2105 γεγονυίας

369 2134 674 2206 προσέπεσε
701 2133 781 2204 τῷ
823 2131 1074 2204 μακαρίῳ
1097 2131 1376 2202 Κλήμεντι
1405 2131 1439 2200 ή
1465 2126 1736 2199 Θεοδώρα,
1769 2127 1958 2196 λέγου-

369 2243 437 2278 σα
463 2227 484 2258 ⁸
505 2264 522 2290 ,
549 2225 642 2278 τὸν
669 2225 842 2296 ἄνδρα
867 2224 1038 2294 αὐτῆς
1059 2239 1214 2293 περιε
1226 2220 1556 2292 ργαζόμενον
1587 2219 1654 2272 τὰ
1669 2219 1961 2291 ἀπόρρητα

364 2316 472 2370 τῶν
501 2317 817 2389 μυστηρίων
842 2314 936 2368 τοῦ
961 2315 1231 2367 Δεσπότου
1267 2313 1440 2385 Ἰησοῦ
1473 2312 1733 2384 Χριστοῦ,
1756 2309 1962 2381 τυφλώ·

369 2427 452 2464 σει
486 2412 806 2482 περιπεσεῖν
855 2408 964 2462 τῶν
1014 2407 1339 2478 ἀμφοτέρων
1378 2405 1695 2475 ὀφθαλμῶν,
1745 2403 1854 2456 τῶν
1898 2419 1958 2454 τε

368 2505 649 2576 ἑκατέρων
679 2503 828 2557 ὢτων
859 2503 921 2555 τὸ
950 2501 1272 2555 ἀκουστικὸν
1296 2499 1552 2571 παραυτά
1567 2497 1850 2551 ἀπολέσαι.

443 2598 580 2654 VIII.
619 2597 929 2668 Τηνικαῦτα
963 2591 1056 2648 οῦν
1087 2595 1116 2647 6
1153 2592 1422 2666 μακάριος
1447 2593 1698 2664 Κλήμης,
1722 2591 1960 2664 προχέας

368 2690 601 2760 δάκρυα,
633 2689 961 2761 προτρέπειν
987 2685 1190 2760 ήρξατο
1218 2687 1239 2718 ⁹
1265 2687 1398 2749 τοὺς
1429 2685 1836 2756 συμπαρόντας,
1872 2684 1960 2738 ἵνα

367 2783 708 2854 ὁμοθυμαδὸν
755 2781 908 2854 παρά
949 2781 1042 2833 τοῦ
1074 2779 1279 2852 Κυρίου
1315 2779 1666 2849 αἰτήσωνται,
1697 2778 1845 2841 ὅπως
1881 2775 1959 2848 τῷ

367 2877 524 2949 ἀνδρὶ
550 2877 721 2946 αὐτῆς
747 2875 847 2946 τήν
873 2891 934 2926 τε
964 2873 1133 2945 ἀκοὴν
1156 2871 1449 2944 χαρίσηται
1479 2872 1572 2924 καὶ
1599 2869 1698 2942 τὴν
1732 2870 1920 2941 ὅρασιν
1938 2886 1957 2902 ·

370 2967 681 3040 θαρσαλέως
714 2966 896 3019 τοίνυν
933 2967 961 3018 6
993 2963 1263 3036 μακάριος
1295 2961 1528 3034 Κλήμης
1567 2961 1704 3033 μετὰ
1736 2963 1836 3033 τὴν
1863 2963 1958 3015 εὐ-

2061 465 2330 520 emittere.

2135 650 2246 705 V’ll.
2313 651 2609 723 Postquam
2642 663 2824 712 autem
2867 659 3008 715 hanc
3050 665 3420 719 narrationem
3467 662 3644 718 Thco~

2061 745 2196 799 dora
2235 760 2266 798 a
2305 761 2476 814 puero
2513 750 2774 818 suscepit,
2804 754 3097 820 prostravit
3131 771 3190 810 se
3225 757 3278 810 in
3315 758 3640 820 orationem,

2063 845 2111 891 et
2141 853 2265 891 cum
2299 838 2555 910 lacrymis
2597 856 2629 896 a
2670 840 2783 897 Deo
2831 845 3080 916 rogabat,
3119 855 3180 900 ut
3215 847 3339 903 inde
3387 849 3473 902 vir
3521 848 3642 919 ejus

2061 938 2246 998 posset
2275 930 2443 985 exire.
2477 930 2863 1004 Conversaque
2909 935 2979 990 ad
3031 952 3242 1005 servos,
3296 941 3389 1009 qui
3429 957 3554 995 cum
3577 957 3644 994 eo

2060 1031 2216 1075 erant
2245 1040 2259 1075 :
2286 1022 2465 1088 Abite,
2501 1023 2697 1094 inquit,
2739 1042 2903 1082 manu
2949 1029 3211 1084 ducentes
3241 1032 3522 1086 dominum
3551 1047 3645 1086 ve-

2062 1123 2257 1178 strum,
2287 1115 2510 1171 domum
2550 1118 2792 1174 reducitc
2825 1139 2837 1174 :
2867 1135 2967 1190 ego
2996 1122 3140 1176 enim
3179 1138 3369 1192 preces
3399 1140 3539 1193 quas
3561 1124 3637 1178 in-

2061 1207 2254 1262 choavi
2277 1225 2384 1263 non
2413 1211 2740 1280 relinquam,
2781 1213 2874 1268 sed
2906 1213 3132 1269 oﬂeram
3172 1215 3401 1270 Domino
3437 1216 3647 1271 sacriﬁ-

2061 1299 2205 1352 cium
2229 1314 2434 1367 meum,
2463 1301 2748 1372 completis
2767 1317 2898 1358 vero
2922 1305 3219 1375 mysteriis,
3239 1321 3336 1361 vos
3359 1322 3642 1376 assequar.

2063 1389 2216 1446 Tune
2255 1390 2420 1461 igitur
2456 1392 2830 1450 discesserunt
2880 1394 3072 1451 famuli
3116 1413 3285 1452 manu
3315 1397 3648 1454 deducentes

2061 1499 2208 1547 eum,
2235 1492 2289 1538 et
2312 1485 2517 1555 egressi
2540 1486 2874 1541 reduxerunt
2899 1487 3124 1543 domum
3174 1508 3188 1544 :
3231 1491 3545 1562 reversique
3577 1496 3648 1547 ad

2061 1577 2339 1632 dominam
2370 1594 2549 1645 suam,
2597 1579 2750 1634 illum
2775 1581 3166 1637 nuntiaverunt
3188 1599 3392 1639 eiscum
3427 1593 3488 1660 et
3525 1601 3648 1640 sur-

2061 1670 2190 1724 dum
2221 1670 2402 1724 adhuc
2429 1673 2820 1740 permansisse.
2845 1675 2916 1728 At
2937 1673 3221 1732 Theodora
3252 1679 3425 1748 magis
3444 1678 3647 1748 magis-

2059 1777 2168 1832 que
2205 1761 2316 1816 Deo
2345 1763 2757 1832 deprecationes
2795 1774 2850 1819 et
2877 1766 3147 1837 lacrymas
3186 1768 3398 1833 effudit,
3431 1778 3492 1823 ut
3543 1785 3646 1824 suo

2061 1855 2180 1909 viro
2197 1855 2573 1911 misericordia
2593 1857 2714 1927 ejus
2737 1857 3069 1915 subveniret.
3097 1861 3274 1930 Atque
3295 1861 3434 1917 facta
3456 1863 3648 1916 dimis-

2062 1947 2238 2014 sione,
2291 1948 2489 2003 accidit
2543 1950 2704 2004 beato
2754 1949 3022 2006 Clementi
3077 1951 3385 2017 Theodora,
3433 1955 3644 2018 dicens,

2062 2040 2320 2094 maritum
2339 2056 2500 2095 suum
2523 2041 2653 2097 dum
2675 2043 2998 2100 abscondita
3023 2046 3408 2117 mysteriorum
3429 2046 3645 2103 Domini

2059 2129 2186 2185 Jesu
2216 2130 2420 2186 Christi
2447 2143 2840 2202 perscrutatur,
2862 2135 3122 2191 incidisse
3144 2135 3198 2190 in
3216 2138 3502 2192 orbitatem
3527 2154 3646 2192 am-

2061 2225 2257 2279 borum
2289 2225 2601 2292 oculorum,
2657 2227 2952 2298 statimque
3001 2229 3288 2299 utriusque
3333 2231 3484 2287 auris
3532 2231 3642 2285 vitr-

2061 2318 2316 2373 audiendi
2341 2319 2612 2374 amisisse.

2135 2608 2268 2665 VIII.
2309 2608 2463 2664 Tunc
2487 2609 2650 2680 igitur
2671 2609 2865 2664 beatus
2887 2608 3135 2664 Clemens
3158 2608 3346 2664 effusis
3364 2609 3644 2682 lacrymis,

2062 2700 2268 2756 hortari
2295 2701 2462 2770 coepit
2490 2715 2584 2755 eos
2615 2700 2707 2770 qui
2733 2699 2984 2765 aderant,
3011 2710 3070 2754 ut
3110 2715 3141 2754 a
3181 2699 3412 2755 Domino
3449 2703 3648 2757 unani-

2061 2794 2225 2848 miter
2251 2793 2612 2864 postularent,
2640 2792 2759 2846 viro
2783 2792 2902 2860 ejus
2929 2792 3173 2846 auditum
3198 2792 3451 2847 redderet
3479 2809 3543 2847 ac
3564 2795 3647 2848 vi-

2062 2903 2206 2942 sum.
2241 2886 2518 2943 Audacter
2563 2889 2745 2957 itaque
2794 2886 2856 2940 Β.
2889 2887 3141 2941 Clemens
3187 2895 3307 2955 post
3338 2888 3643 2942 orationem

2061 2980 2301 3050 perrexit
2336 2996 2459 3034 cum
2477 2979 2704 3033 muliere
2727 2979 2793 3033 ad
2817 2979 2994 3032 virum
3029 2980 3182 3048 ejus;
3211 2964 3266 3032 et
3293 2979 3498 3033 invenit
3519 2996 3644 3034 eum

368 3063 470 3135 χὴν
492 3058 860 3131 συνεπορεύθη
893 3061 960 3131 τῇ
993 3059 1215 3127 γυναικὶ
1243 3057 1381 3129 πρὸς
1405 3056 1497 3108 τὸν
1526 3055 1740 3127 ἐκείνης
1765 3055 1955 3127 ἀνδρα,

2064 3072 2264 3142 apertis
2295 3073 2470 3126 oeulis
2502 3071 2638 3124 nihil
2673 3071 2878 3137 videre,
2920 3087 3098 3141 neque
3135 3072 3298 3126 etiam
3333 3087 3642 3127 sermonem

371 3158 466 3211 καὶ
491 3151 647 3228 εὗρεν
675 3154 838 3208 αὐτὸν
861 3193 875 3216 ,
917 3152 1279 3223 ἀνεῳγμένων
1313 3150 1422 3204 τῶν
1454 3150 1498 3181 ⁸ο
1533 3149 1796 3220 ὀμμάτων
1817 3187 1831 3211 ,
1868 3150 1960 3201 οὐ-

369 3250 461 3304 δὲν
477 3244 532 3281 ’³⁸
554 3248 790 3321 ὁρῶντα,
818 3245 943 3298 οὔτε
969 3245 1066 3317 μὲν
1087 3245 1247 3314 λόγου
1271 3243 1333 3297 τὸ
1356 3243 1641 3314 παράπαν,
1673 3239 1796 3294 οὔτε
1815 3241 1961 3304 τινὸς

372 3341 508 3412 ήχου
566 3339 854 3393 ἀκούοντα·
911 3336 1042 3391 ἔνθα
1088 3336 1184 3390 καὶ
1228 3337 1526 3406 συμμιγεῖς
1571 3331 1896 3404 ὀλοφυρμῶν
1919 3335 1962 3364 ²¹

375 3433 611 3496 ἅπαντες
640 3432 961 3505 περιήχουν,
992 3429 1052 3484 οῦ
1079 3445 1224 3492 τινος
1256 3430 1284 3481 6
1315 3426 1579 3488 Σισίννιος
1617 3424 1961 3479 παντάπασιν

373 3525 474 3579 οὐκ
495 3526 754 3596 ἠκροᾶτο.

444 3614 535 3669 IX.
576 3615 711 3668 Τότε
736 3610 850 3679 οῦν,
883 3613 1072 3676 κλίνας
1119 3611 1193 3665 τὰ
1241 3611 1444 3681 γόνατα
1484 3609 1621 3681 πρὸς
1664 3609 1754 3662 τὸν
1807 3608 1958 3672 Θεὸν,

374 3707 477 3778 ἔφη
509 3709 538 3759 6
574 3705 841 3779 μακάριος
862 3706 1125 3777 Κλήμης·
1153 3702 1327 3774 Κύριε
1357 3700 1528 3773 Ἰησοῦ
1559 3701 1782 3773 Χριστέ,
1803 3701 1832 3752 6
1862 3699 1962 3764 τὰς

375 3801 523 3863 κλεῖς
548 3800 648 3871 τῆς
681 3798 960 3870 βασιλείας
985 3798 1095 3851 τῶν
1131 3796 1377 3870 οὐρανῶν
1419 3793 1667 3858 δεδωκὼς
1714 3794 1794 3866 τῷ
1825 3796 1962 3849 ἀπο-

377 3891 549 3962 στόλῳ
587 3909 702 3956 σου,
743 3891 1049 3962 διδασκάλῳ
1097 3891 1154 3946 δέ
1197 3889 1317 3961 ἐμῷ
1361 3890 1576 3963 Πέτρῳ,
1623 3890 1718 3944 καὶ
1770 3887 1960 3942 εἰπών·

381 3986 573 4052 “Am-rp
593 3983 668 4039 ἂν
687 3984 957 4054 ἀνοίξῃς,
972 3982 1288 4052 ἠνέῳκται,
1308 3982 1407 4037 καὶ
1421 3982 1572 4051 ἅπερ
1589 3979 1964 4050 κλείσῃς,κέ-

377 4085 672 4143 admorat,
698 4080 761 4133 σὺ
783 4078 1088 4150 πρόσταξον
1115 4078 1204 4133 ἵνα
1219 4076 1566 4148 διανοιχθῶσι
1585 4076 1664 4148 τῷ
1692 4074 1963 4147 ἀνθρώπῳ

376 4173 668 4244 τούτῳη-ιι
682 4175 737 4226 αἱ
751 4172 1032 4235 ἀκοαὶ,καὶ
1043 4172 1091 4224 οἰ
1105 4170 1395 4242 ὀφθαλμοὶ,
1413 4171 1494 4223 ὅτι
1513 4170 1576 4223 σὺ
1592 4165 1770 4232 εἶπας
1781 4168 1964 4236 Ἀπερ

379 4267 457 4321 ἂν
469 4265 756 4335 αἰτήσητε
776 4266 1186 4330 πιστεύοντες,
1205 4263 1501 4333 λήψεσθε.
1524 4263 1637 4318 Καὶ
1658 4261 1796 4332 αῦτη
1821 4278 1911 4313 σου
1929 4262 1962 4332 ή

381 4357 679 4428 ἐπαγγελία
701 4357 948 4428 διαμένει
966 4357 1047 4419 εἰς
1074 4355 1246 4408 αἰῶνα
1272 4353 1482 4409 αἰώνων
1501 4353 1565 4393 ι’·
1582 4353 1771 4407 ¹“.Κα“ι
1801 4351 1962 4423 ἡνίκα

378 4416 583 4515 πάντες
635 4416 990 4523 ἀπεκρίνοντο
1027 4416 1102 4512 νη,
1158 4447 1363 4518 Ἀμήν,
1413 4444 1790 4517 διηνοίχθησαν
1822 4416 1877 4475 ’⁸⁸
1914 4445 1965 4497 οἱ
1999 4416 2042 4476 D

380 4545 651 4617 ὀφθαλμοὶ
678 4544 943 4598 Σισιννίου
975 4543 1070 4597 καὶ
1099 4545 1154 4598 αἰ
1186 4542 1368 4597 ἀκοαί.
1403 4541 1513 4595 Καὶ
1538 4537 1660 4593 ἰδὼν
1694 4538 1784 4590 τὸν
1814 4537 1968 4606 ἅγιον

382 4639 674 4710 Κλήμεντα
721 4639 819 4691 σὺν
855 4639 922 4708 τῇ
961 4634 1153 4690 ἐαυτοῦ
1181 4635 1467 4705 ἱστάμενον
1496 4631 1738 4700 γυναικὶ,
1776 4629 1967 4701 ἐξέστη

382 4735 449 4804 τῇ
478 4729 708 4803 διανοίᾳ,
753 4729 1101 4802 λογιζόμενος
1148 4728 1202 4782 τί
1246 4728 1354 4799 ἄρα
1395 4727 1481 4797 είη
1511 4725 1690 4788 τοῦτο,
1721 4725 1813 4778 καὶ
1833 4725 1968 4777 ὑπο-

383 4823 520 4878 νοῶν
547 4823 705 4876 τοῦτο
731 4822 864 4876 αὐτὸ
892 4824 1175 4894 γοητικαῖς
1203 4820 1420 4890 τέχναις
1443 4817 1836 4890 ἐμπεπαῖχθαι,
1867 4819 1969 4890 ᾕρ-

385 4916 515 4984 ξατο
569 4915 796 4990 κράζειν
838 4916 882 4949 ¹⁹
926 4918 1038 4979 τοῖς
1071 4914 1279 4978 δούλοις
1319 4913 1484 4968 αὑτοῦ
1515 4915 1590 4945 ¹⁰·
1640 4915 1970 4985 Κρατήσατε

384 5006 682 5077 Κλήμεντα
738 5005 830 5060 τὸν
885 5005 1210 5060 ἐπίσκοπον·
1270 5003 1356 5058 διὰ
1405 5003 1512 5084 γάρ
1563 5003 1656 5058 τοῦ
1710 5006 1971 5060 εἰσελθεῖν

349 5129 356 5136 -
387 5100 525 5172 πρὸς
559 5100 657 5173 τὴν
687 5101 924 5170 γυναῖκά
956 5119 1079 5174 μου,
1109 5101 1176 5172 τῇ
1226 5101 1438 5172 μαγικῇ
1486 5099 1652 5153 αὐτοῦ
1679 5100 1844 5172 τέχνῃ
1872 5101 1971 5172 τήν

387 5192 636 5264 πήρωσίν
673 5210 763 5264 μοι
790 5193 1094 5264 ἐπήγαγεν.

460 5319 488 5350 α
511 5307 706 5364 Matth.
739 5321 852 5372 xvr,
882 5306 972 5363 19.
1048 5307 1079 5348 b
1102 5304 1270 5362 Mare.
1301 5319 1420 5371 nt,
1446 5303 1536 5358 22.

2063 3165 2359 3227 ullatenus,
2384 3173 2477 3216 aut
2510 3163 2680 3216 ullum
2712 3179 2909 3217 sonum
2944 3163 3134 3217 audire
3161 3180 3173 3214 :
3201 3164 3293 3216 ubi
3324 3171 3378 3217 et
3400 3166 3646 3232 permisti

2063 3271 2257 3311 omnes
2283 3255 2576 3323 ejulatibus
2607 3254 3054 3324 perstrepebant;
3099 3269 3200 3309 nec
3229 3253 3506 3311 Sisinnius
3532 3257 3646 3311 ullo

2063 3347 2228 3403 modo
2249 3346 2525 3401 audiebat.

2136 3619 2229 3673 ιχ.
2265 3619 2422 3672 Tune
2470 3614 2635 3686 igitur
2688 3611 2918 3685 genibus
2970 3611 3127 3667 ﬂexis
3167 3613 3232 3667 ad
3269 3613 3459 3682 Deum,
3510 3617 3648 3672 dixit

2066 3715 2256 3769 beatus
2284 3711 2538 3766 Clemens
2570 3729 2582 3764 :
2618 3709 2846 3763 Domine
2875 3705 3004 3762 Jesu
3044 3707 3280 3772 Christe,
3335 3709 3428 3778 qui
3467 3708 3648 3763 claves

2067 3806 2219 3876 regni
2255 3805 2518 3859 caelorum
2543 3804 2739 3860 dedisti
2770 3803 3015 3874 apostolo
3041 3810 3155 3868 tuo,
3180 3802 3442 3873 magistro
3466 3811 3647 3857 autem

2066 3912 2188 3952 meo
2221 3895 2400 3962 Petro,
2427 3903 2483 3950 et
2510 3895 2697 3951 dixisti
2723 3915 2736 3951 :
2762 3897 3100 3966 Quwcunque
3124 3895 3392 3964 aperueris
3413 3935 3428 3958 ,
3465 3907 3649 3966 aperta

2065 4001 2222 4053 sunt,
2278 3999 2329 4044 et
2394 4005 2718 4060 qua’cunque
2761 3989 3016 4044 clauseris
3069 3989 3256 4043 clausa
3308 3997 3520 4056 sint“;
3590 3997 3648 4044 tu

2065 4082 2298 4156 praecipe
2354 4090 2417 4134 ut
2469 4080 2786 4150 aperiantur
2837 4080 2965 4135 huic
3019 4081 3228 4134 homini
3273 4096 3433 4135 aures
3485 4089 3652 4150 atque

2066 4175 2245 4242 oculi;
2275 4173 2536 4243 quoniam
2563 4183 2619 4226 tu
2643 4170 2829 4226 dixisti
2865 4189 2877 4224 :
2904 4169 3244 4241 Qua’cunque
3263 4172 3516 4241 petieritis
3541 4186 3653 4223 cre-

2067 4268 2266 4333 dentes,
2292 4263 2563 4333 accipietis
2589 4262 2639 4316 b.
2678 4263 2744 4318 Et
2767 4261 2883 4314 haec
2914 4270 3005 4313 tua
3030 4261 3324 4330 promissio
3369 4267 3652 4331 permanet

2069 4362 2124 4416 in
2159 4359 2417 4416 saeculum
2460 4355 2664 4410 saeculi.
2709 4352 2957 4420 Cumque
2987 4368 3180 4407 omnes
3218 4353 3649 4422 responderunt:

2069 4453 2266 4516 Amen,
2310 4447 2483 4520 aperti
2517 4453 2647 4501 sunt
2681 4444 2826 4500 oculi
2871 4443 3123 4507 Sisinnii,
3179 4443 3419 4514 itemque
3464 4460 3648 4499 aures.

2071 4545 2136 4599 Et
2161 4545 2349 4598 videns
2381 4549 2630 4596 sanctum
2656 4539 2989 4594 Clementem
3017 4547 3251 4593 stantem
3276 4554 3400 4592 eum
3421 4539 3654 4609 conjuge

2071 4653 2192 4703 sua,
2223 4643 2404 4690 mente
2425 4632 2646 4699 excidit,
2677 4640 2937 4700 reputans
2963 4629 3227 4700 quidnam
3254 4630 3358 4684 hoc
3387 4638 3563 4697 esset;
3590 4647 3656 4685 ac

2070 4727 2392 4785 existimans
2433 4724 2486 4777 id
2520 4723 2696 4792 ipsum
2739 4721 3094 4790 pra'sligiosis
3118 4720 3332 4774 artibus
3361 4728 3414 4774 et
3443 4720 3656 4775 illusio-

2071 4820 2233 4875 nibus
2275 4816 2527 4872 effectum
2570 4814 2761 4878 fuisse,
2805 4813 2970 4881 cmpit
3010 4813 3249 4867 clamare
3288 4811 3460 4866 servis
3491 4811 3652 4868 suis:

2073 4912 2275 4968 Tcnete
2296 4909 2632 4964 Clementem
2652 4907 2968 4978 episcopum
2999 4922 3011 4957 :
3042 4921 3166 4958 nam
3192 4912 3250 4958 ut
3278 4904 3653 4975 ingrederetur

2073 5007 2142 5063 ad
2169 5021 2398 5061 uxorem
2427 5020 2628 5072 meam,
2669 5002 2880 5073 magica
2906 5017 3005 5058 sua
3035 5007 3150 5056 arte
3188 5001 3321 5058 mihi
3352 5001 3652 5060 caecitatem

2075 5100 2308 5156 induxit.

1695 5369 1934 5428 VARIAZ
1974 5367 2377 5424 LECTIONES.

463 5498 535 5532 ¹⁰⁰
574 5498 729 5554 deest
785 5498 840 5553 in
891 5497 964 5554 al.

391 5571 413 5602 ⁸
465 5570 618 5624 deest
673 5570 737 5623 in
809 5570 883 5624 al.
989 5569 1122 5640 Ἀπί.
1182 5569 1477 5640 διαμένειν.

1069 5498 1087 5530 ¹
1131 5499 1203 5554 al.
1247 5497 1517 5552 ἐκϐαλεῖν.
1598 5497 1618 5527 ¹
1659 5493 1811 5548 deest
1854 5492 1908 5546 in
1964 5491 2032 5545 al.

1577 5567 1599 5599 ⁸
1637 5565 1709 5619 al.
1777 5563 2010 5632 λέγουσα
2053 5562 2244 5632 ,πάντα
2310 5554 2380 5615 τά
2432 5561 2716 5631 συμϐάντα
2785 5559 2863 5631 τῷ
2927 5554 3084 5632 ἀνδρὶ
3137 5555 3348 5632 αὐτῆς,
3408 5554 3655 5632 καὶ-,ὃτι

2143 5490 2165 5522 ³
2203 5492 2274 5545 al.
2334 5492 2587 5556 ἤκουσεν.
2698 5488 2721 5521 ⁸
2760 5488 2832 5544 aI.
2904 5487 3150 5556 ἔστησεν.
3186 5555 3193 5556 7
3229 5483 3255 5556 ’ἦ
3289 5483 3438 5538 deest
3479 5481 3535 5556 in
3577 5480 3650 5556 aI.

2373 5508 2587 5544 κουσεν.

387 5641 590 5712 τυφλός
622 5641 749 5712 ἐστι
787 5642 917 5712 τοῖς
946 5638 1252 5712 κόφθαλμοίς
1277 5624 1389 5694 ’καὶ
1440 5637 1642 5712 κωφὸς-
1663 5638 1776 5698 τοῖς
1808 5624 1927 5712 ὠσί.
1960 5631 2146 5712 Ταῦτα
2177 5632 2416 5712 ἀκούσας
2440 5633 2480 5712 ὁ*
2505 5624 2805 5712 μακάριος.⁵
2835 5624 2846 5631 ⁷
2875 5633 2896 5662 ⁹
2938 5624 3445 5712 θειλπροετρέξζκατο.
3502 5624 3555 5712 ,ίξ

391 5695 586 5786 a5.qu
626 5713 668 5786 f‘
705 5711 777 5786 a‘l:
823 5695 1044 5786 μηδένα.
1126 5695 1276 5786 ita].
1317 5695 1566 5786 συμμιγῇ
1601 5695 1926 5786 ὀλοφυρμόν.
1954 5703 2120 5786 “‘3‘”
2158 5704 2228 5786 a_|.
2270 5703 2365 5783 τοῦ
2387 5695 2678 5786 ἀνθρωποῦ
2717 5701 2928 5756 τούτου.
2976 5695 3184 5754 “LW-al.
3209 5695 3421 5764 αἰῶνος.
3502 5695 3544 5728 ⁸⁷
3581 5695 3652 5748 al.

392 5773 548 5846 εἷπον
578 5781 657 5836 τό.
738 5783 781 5814 ⁸⁸
821 5773 898 5840 in:
925 5782 1089 5840 inser.
1116 5780 1338 5844 εὐθέως.
1389 5773 1400 5781 ’
1424 5773 1464 5813 ¹’⁹
1500 5773 1570 5836 al;
1615 5773 1874 5833 κελεύείν.
1954 5776 2094 5853 '°_al.
2135 5773 2332 5842 αὑτοῦ,
2364 5773 2455 5828 καὶ
2488 5773 2685 5858 λέγειν
