4066 6140
442 272 548 330 62⁸5
1534 276 1874 331 APPENDIX
1909 279 2000 333 AD
2043 279 2100 336 S.
2140 278 2585 334 CLEMENTEM.
3587 285 3693 343 624

516 390 583 444 Χ.
626 388 704 444 Illi
731 402 881 453 vero,
926 403 1067 458 quos
1096 388 1335 457 iusserat
1370 387 1702 444 Clementem
1740 391 2012 444 constrin-

2186 388 2255 444 X.
2309 390 2537 442 Ἐκεῖνοι
2563 387 2644 453 δὲ,
2692 382 2775 453 οἷς
2812 390 3063 447 ἐκέλευσε
3091 393 3183 448 τὸν
3211 394 3501 468 Κλήμεντα
3528 417 3701 454 κατα-

446 498 571 553 gere
600 498 666 536 ac
692 481 925 545 trahere,
977 480 1079 549 ipsi
1120 480 1405 536 columnas
1435 481 1745 551 adjacentes
1778 484 2012 551 ligabant

2119 481 2372 549 σφίγγειν
2399 482 2444 511 ’⁸
2484 496 2544 532 τε
2569 480 2663 533 καί⁵
2694 480 2900 552 σύρειν,
2932 484 3085 538 αυτοὶ
3108 487 3235 550 τοὺς
3264 489 3550 558 κειμένους
3572 492 3702 547 στύ-

444 585 499 630 ct
526 574 846 638 trahebant;
879 573 1173 642 aliquando
1213 573 1431 643 quidem
1462 590 1529 629 ex
1565 575 1918 631 interioribus
1948 577 2012 631 ad

2116 566 2243 633 λους
2260 569 2585 640 δεσμοῦντες
2609 562 2787 624 εἷλκον
2810 587 2824 602 ·
2850 572 2981 624 ποτέ
3013 572 3113 644 μὲν
3136 574 3348 629 ἔνδοθεν
3371 580 3451 641 είς
3469 578 3539 632 τὰ
3560 580 3665 649 ἔξω
3681 622 3697 645 ,

444 666 737 729 exteriora,
780 663 1074 734 aliquando
1093 679 1222 718 vero
1257 664 1327 718 ab
1367 666 1731 721 exterioribus
1772 668 1836 721 ad
1877 667 2016 722 inte-

444 758 639 812 riora:
683 758 787 812 hoc
836 765 1017 811 autem
1060 756 1165 825 ipsi
1209 757 1371 810 etiam
1418 756 1660 814 Sisinnio
1708 759 2014 826 videbatur,

445 848 591 919 quod
616 856 866 902 sanctum
893 845 1225 902 Clementem
1248 849 1468 921 ligatum
1491 859 1737 905 tenerent
1757 867 1822 905 ac
1842 853 2021 906 trahe-

446 948 586 994 rent.
618 939 698 993 Ad
729 953 888 1009 quem
918 937 977 993 S.
999 938 1253 994 Clemens
1281 942 1418 997 dixit
1448 961 1461 997 :
1492 942 1695 997 Duritia
1728 943 1908 997 cordis
1934 943 2015 997 tui

448 1034 502 1087 in
543 1032 750 1101 lapides
783 1047 1050 1088 conversa
1080 1041 1163 1088 est
1196 1052 1211 1090 :
1243 1034 1371 1104 quia
1421 1035 1565 1089 enim
1610 1034 1815 1104 lapides
1856 1042 2017 1105 putas

445 1140 567 1179 esse
592 1124 746 1191 deos,
770 1125 976 1194 lapides
1007 1126 1225 1181 trahere
1251 1126 1476 1182 sortitus
1510 1141 1591 1181 es.

518 1216 610 1271 XI.
651 1217 744 1273 Ille
764 1234 894 1275 vero
922 1220 1076 1289 quasi
1100 1221 1284 1275 vincto
1308 1220 1598 1285 insultans,
1622 1220 1874 1276 dicebat:
1904 1220 2015 1292 Ego

448 1322 501 1369 tc
528 1308 732 1367 iaciam
757 1309 813 1366 in
840 1311 1147 1383 exemplum
1185 1310 1432 1365 omnium
1460 1312 1912 1383 praestigiatorum
1931 1316 2016 1368 in-

444 1407 644 1461 terimi.
664 1405 817 1461 Tunc
843 1416 1064 1461 sanctus
1078 1406 1351 1472 Clemens,
1392 1418 1516 1461 cum
1546 1403 1784 1459 dedisset
1811 1407 2013 1460 oratio-

446 1510 595 1562 nem,
625 1504 681 1551 et
712 1496 870 1549 uxori
900 1496 1020 1565 ejus
1069 1496 1459 1561 benedixisset,
1489 1492 1659 1561 abi-it;
1704 1493 1809 1549 hoc
1836 1495 2012 1551 eidem

446 1588 732 1653 niandans,
764 1603 833 1643 ne
855 1587 923 1642 ab
949 1588 1197 1642 oratione
1228 1588 1339 1641 ullo
1361 1586 1524 1642 modo
1547 1597 1806 1650 cessaret,
1841 1588 2015 1644 donec

444 1679 810 1734 visitationem
838 1695 993 1735 suam
1024 1678 1287 1735 Dominus
1317 1681 1370 1734 in
1396 1681 1577 1736 virum
1616 1682 1735 1752 ejus
1761 1682 2013 1753 dignare-

446 1780 535 1825 tur
564 1771 868 1826 ostendere.
898 1770 1074 1826 Flenti
1113 1771 1276 1843 igitur
1308 1781 1364 1827 et
1391 1773 1566 1828 oranti
1591 1772 1912 1840 Theodortc,
1936 1773 2012 1828 ad

446 1877 728 1932 vesperam
752 1863 1005 1932 apparuit
1037 1864 1258 1935 quidam
1297 1865 1382 1919 vir
1425 1866 1626 1922 canitie
1645 1868 2011 1931 venerandus,

446 1954 693 2023 dixitque
725 1972 739 2008 :
772 1952 1004 2024 Propter
1053 1965 1105 2009 te
1157 1969 1325 2010 sanus
1352 1957 1454 2010 erit
1490 1956 1796 2027 Sisinniusg
1825 1969 1886 2011 ut
1913 1959 2016 2012 im-

445 2048 658 2116 pleatur
693 2050 835 2118 quod
869 2047 1009 2105 dixit
1054 2048 1223 2104 frater
1262 2065 1417 2105 meus
1456 2049 1657 2106 Paulus
1689 2053 2011 2121 apostolus:

447 2136 885 2207 Sancti/icabitur
918 2140 998 2193 vir
1033 2141 1266 2209 inﬁdelis
1303 2157 1396 2211 per
1431 2143 1698 2196 mulierem
1720 2143 1924 2210 ﬁdelem
1962 2158 2010 2200 υ.

446 2228 652 2301 [lisque
681 2232 842 2287 dictis
876 2232 1131 2288 discessit
1157 2234 1229 2287 ab
1254 2234 1374 2304 ejus
1391 2244 1637 2305 aspectu.
1671 2234 1824 2291 Unde
1856 2235 2015 2292 indu-

445 2321 596 2377 bium
620 2331 676 2376 et
700 2323 1049 2394 perspicuum
1079 2334 1183 2391 est,
1211 2326 1427 2381 beatum
1460 2325 1680 2382 Petrum
1705 2328 2013 2398 apostolum

444 2413 557 2471 illic
581 2414 921 2486 apparuisse.

514 2679 629 2735 XII.
670 2679 739 2735 Et
757 2696 886 2737 vero
914 2682 1099 2736 statim
1128 2680 1404 2737 Sisinnius
1427 2678 1640 2737 vocavit
1670 2679 1735 2735 ad
1763 2694 1823 2738 se
1844 2677 2018 2733 Theo-

443 2764 654 2836 doram,
677 2771 859 2841 aitque
886 2772 962 2825 illi
994 2790 1007 2826 :
1037 2770 1276 2826 Obsecro
1298 2782 1349 2827 te
1372 2783 1430 2828 ut
1453 2787 1610 2843 roges
1639 2771 1809 2827 Deum
1834 2784 2010 2841 tuum,

444 2877 514 2917 ne
539 2863 810 2916 irascatur
831 2863 987 2917 mihi.
1019 2862 1297 2934 Zelotypia
1330 2865 1475 2919 enim
1501 2867 1579 2919 tui
1601 2864 1797 2919 ductus
1820 2864 2014 2919 adveni

443 2960 497 3005 et
524 2951 805 3022 ingressus
840 2967 960 3006 sum
990 2959 1182 3022 postte
1209 2953 1263 3007 in
1289 2954 1607 3021 ecclesiam;
1633 2963 1687 3009 et
1711 2954 1842 3024 quia
1865 2954 2012 3008 volui

442 3042 628 3097 videre
659 3058 782 3113 qua:
810 3042 1247 3112 celebrabantur,
1290 3045 1614 3116 auditorque
1651 3060 1774 3101 esse
1822 3061 2010 3101 eorum

442 3150 565 3204 qua:
606 3134 948 3201 dicebantur,
981 3136 1159 3190 visum
1209 3136 1412 3206 pariter
1457 3145 1512 3191 et
1554 3137 1799 3191 auditqu
1830 3136 2009 3191 amisi.

451 3224 610 3281 Nunc
633 3241 759 3281 vero
801 3226 1241 3296 quandoquidem
1270 3227 1385 3283 haec
1413 3243 1501 3283 me
1533 3243 1855 3299 recuperare
1888 3227 2016 3284 fecit

442 3316 740 3373 Clementis
770 3319 1055 3385 adventus,
1076 3333 1171 3373 ora
1187 3334 1310 3373 eum
1331 3320 1581 3374 utveniat
1598 3320 1663 3374 ad
1695 3335 1801 3383 me,
1822 3335 2015 3390 meque

443 3409 605 3464 faciat
646 3410 926 3463 veritatem
963 3424 1276 3479 agnoscere.
1325 3408 1536 3465 Etenim
1569 3410 1702 3464 mihi
1732 3410 2016 3480 servisque

441 3500 578 3555 meis
599 3515 699 3570 pro
721 3513 871 3555 certo
891 3500 1206 3570 putabatur,
1229 3502 1373 3569 quod
1396 3499 1731 3557 Clementem
1753 3516 1877 3557 eum
1896 3502 2014 3568 ejus

440 3592 657 3648 clericis
678 3594 927 3662 ligarem,
953 3609 1192 3663 eumque
1216 3593 1584 3649 distraherent
1610 3609 1625 3645 :
1658 3594 1752 3650 sed
1776 3594 1856 3648 illi
1878 3594 2015 3665 lapi-

439 3684 536 3739 des
560 3692 615 3738 et
637 3684 920 3739 columnas
946 3684 1165 3754 ligasse,
1184 3696 1240 3742 et
1263 3687 1371 3741 huc
1393 3685 1630 3758 illucque
1648 3686 1883 3745 traxisse
1910 3704 2011 3741 no-

441 3783 690 3829 SCIIIIIIII'.

510 4029 649 4083 XIII.
680 4028 836 4085 Tunc
880 4030 1166 4087 'I‘hcodora
1213 4032 1481 4103 proiecta,
1527 4035 1768 4090 narravit
1821 4046 2012 4092 sancto

440 4122 705 4177 Clementi
731 4124 918 4177 omnia
945 4140 1069 4194 quae
1095 4124 1326 4193 viderat,
1352 4135 1406 4181 et
1451 4142 1573 4197 quae
1598 4143 1627 4181 a
1662 4128 1862 4183 marito
1909 4144 2012 4184 suo

438 4215 580 4269 dicta
609 4213 845 4271 fuerant.
864 4215 1103 4272 Veniens
1127 4218 1311 4288 itaque
1342 4229 1570 4275 sanctus
1601 4220 1667 4274 ad
1685 4220 2009 4288 Sisinnium,

438 4324 563 4363 cum
594 4310 803 4364 honore
829 4318 1119 4381 susceptus
1152 4322 1255 4367 est.
1280 4313 1325 4366 Λ
1357 4328 1467 4384 quo
1496 4313 1709 4367 audivit
1751 4330 2011 4383 quaecun-

2118 660 2249 712 ποτέ
2274 659 2332 713 δὲ
2371 661 2436 712 ἐκ
2461 659 2571 713 τῶν
2594 659 2700 727 ἔξω
2728 661 2811 725 είς
2836 660 2905 715 τά
2930 663 3066 716 ἐσω’
3111 663 3272 718 τοῦτο
3316 666 3373 720 δέ
3423 671 3516 723 καὶ
3552 673 3704 745 αὐτῷ

2117 751 2197 823 τῷ
2221 753 2471 823 Σισιννίῳ
2499 752 2696 817 ἐδόκει,
2720 753 2802 806 ὅτι
2833 771 2941 825 περ
2964 755 3055 808 τὸν
3076 755 3230 824 ἀγιον
3254 758 3369 830 Κλή
3380 777 3545 830 μεντα
3564 761 3703 817 δεδε-

2120 845 2279 915 μένον
2317 837 2494 897 εἷλκὸν
2519 860 2580 896 τε
2603 844 2696 896 καὶ
2719 846 2968 915 κατεῖχον
2995 847 3062 900 ³³.
3087 848 3230 918 Πρὸς
3249 848 3308 901 ὃν
3327 849 3356 900 ὁ
3378 849 3533 921 ἀγιος
3560 852 3703 927 Κλή-

2121 952 2230 1007 μης
2256 935 2304 967 ’⁸
2339 933 2441 1006 ἔφη
2458 952 2472 966 ο
2508 935 2572 988 Ἦ
2596 935 2901 1008 σκληρότης
2930 938 3030 1008 τῆς
3051 939 3276 1011 καρδίας
3304 957 3397 994 σου
3419 944 3501 1008 είς
3516 943 3700 1010 λίθους

2125 1025 2375 1098 ἐτράπη’
2431 1026 2620 1098 ἐπειδὴ
2681 1027 2794 1099 γὰρ
2839 1030 2966 1092 τοὺς
3017 1029 3200 1094 λίθους
3249 1029 3492 1099 δοξάζεις
3558 1034 3700 1092 εἶναι

2120 1115 2303 1181 θεοὺς,
2329 1116 2512 1181 λίθους
2539 1116 2724 1188 σύρειν
2748 1117 3115 1190 κεκλήρωσαι.

2187 1205 2279 1262 XI.
2322 1207 2559 1272 Ἐκεῖνος
2585 1207 2673 1271 δὲ,
2709 1208 2785 1272 ὡς
2819 1206 2982 1279 δῆθεν
3017 1209 3302 1282 δεδεμένου
3344 1215 3702 1287 κατακαυχιῦ-

2121 1317 2284 1372 μενος
2310 1300 2379 1365 ’⁸,
2410 1300 2625 1370 ἐλεγεψ
2672 1299 2814 1370 Ἐγώ
2850 1318 2910 1355 σε
2935 1302 3074 1355 ποιῶ
3106 1305 3186 1367 εἰς
3214 1305 3518 1380 ὑπόδειγμα
3555 1291 3704 1365 πάν-⁸

2110 1406 2220 1444 των
2241 1390 2350 1444 τῶν
2375 1391 2588 1462 γοήτων
2602 1389 2973 1463 ἀναιρεθῆναι.
3002 1392 3309 1463 Τηνικαῦτα
3326 1397 3355 1448 6
3383 1396 3547 1466 ἅγιος
3557 1400 3699 1474 Κλή.

2119 1500 2246 1555 μης,
2267 1480 2516 1546 δεδωκὼς
2542 1481 2728 1553 εὐχὴν,
2768 1483 2863 1536 καὶ
2893 1483 3190 1557 εὐλογήσας
3210 1490 3311 1560 τὴν
3335 1490 3544 1545 ἐκείνου
3567 1493 3629 1546 σύ
3637 1511 3698 1564 μ.

2117 1573 2256 1639 διον,
2286 1572 2541 1645 ἀπῴχετο
2565 1575 2633 1639 ³⁸,
2661 1572 2821 1627 τοῦτο
2860 1575 3233 1648 ἐντειλάμενος
3256 1580 3415 1652 αὐτῇ,
3456 1584 3530 1655 μὴ
3559 1584 3696 1637 παύ-

2117 1666 2316 1720 σασθαι
2357 1667 2421 1720 τδ
2467 1668 2730 1739 παράπαν
2756 1668 2859 1739 τῆς
2885 1670 3212 1742 προσευχῆς,
3258 1674 3453 1745 μέχρις
3492 1675 3558 1729 ἂν
3597 1678 3699 1747 τὴν

2115 1762 2245 1835 παρ’
2275 1761 2438 1816 αὐτοῦ
2470 1761 2759 1832 ἐπίσκεψιν
2785 1763 2815 1814 ὁ
2843 1762 3047 1834 Κύριος
3084 1767 3164 1828 είς
3198 1765 3292 1818 τὸν
3321 1767 3487 1838 ἄνδρα
3525 1769 3696 1840 αὐτῆς

2115 1852 2427 1928 καταξιώσῃ
2445 1853 2741 1922 ἀναδεῖξαι.
2777 1855 3057 1930 Κλαιούσῃ
3088 1857 3268 1910 τοίνυν
3310 1859 3403 1911 καὶ
3430 1859 3697 1935 εύχομένῃ

2113 1946 2182 2015 τῇ
2206 1943 2477 2016 Θεοδώρᾳ,
2507 1944 2643 2015 πρὸς
2690 1945 2929 2018 ἑσπέραν
2955 1947 3128 2017 ἐφάνη
3158 1964 3242 2011 τις
3264 1946 3403 2021 ἀνὴρ
3435 1950 3500 2021 τῇ
3538 1949 3697 2023 πολιᾷ

2114 2033 2411 2105 αἰδέσιμος,
2470 2034 2568 2087 καὶ
2614 2030 2764 2088 εἷπε’
2799 2036 2898 2089 Διά
2958 2037 3019 2088 σὲ
3046 2037 3207 2109 ὑγιὴς
3232 2038 3414 2093 ἔσεται
3450 2042 3478 2093 ὁ
3514 2042 3695 2094 Σισίν-

2124 2143 2239 2189 νιος
2262 2141 2276 2155 °
2336 2125 2484 2188 ὅπως
2546 2124 2807 2197 πληρωθῇ
2873 2127 3010 2199 ὅπερ
3062 2127 3163 2199 ἔφη
3217 2130 3246 2181 ὁ
3301 2130 3527 2200 ἀδελφός
3593 2149 3695 2202 μου

2112 2213 2327 2278 Παῦλος
2350 2217 2379 2268 ὁ
2408 2214 2733 2279 ἀπόστολος·
2779 2216 3233 2286 Ἀγιασθήσεται
3262 2220 3295 2272 ό
3320 2218 3473 2286 ἀνὴρ
3503 2223 3537 2273 ὀ
3561 2220 3697 2275 ἄπι-

2110 2322 2260 2372 στος
2300 2305 2398 2360 διὰ
2439 2304 2553 2374 τὴν
2583 2305 2839 2377 γυναῖκα
2877 2307 2992 2377 τὴν
3016 2308 3265 2376 πιστὴν.
3286 2311 3395 2364 Καὶ
3416 2310 3586 2365 ταῦτα
3610 2314 3692 2365 εί-

2115 2400 2256 2464 πὼν,
2286 2400 2352 2451 ἐκ
2378 2398 2478 2470 τῆς
2499 2398 2674 2469 ὅψεως
2692 2400 2860 2472 αὐτῆς
2883 2399 3247 2472 ἀνεχώρησεν.
3277 2401 3438 2456 Ὅθεν
3459 2403 3696 2475 ἀναμφί-

2114 2489 2266 2543 6ολον
2306 2491 2540 2562 ὑπάρχει
2585 2492 2682 2544 καὶ
2726 2491 3024 2563 κατάδηλον
3067 2492 3162 2545 τὸν
3208 2494 3475 2566 μακάριον
3516 2496 3694 2548 ἐκεῖσε

2115 2580 2320 2652 Πέτρον
2342 2582 2438 2634 τὸν
2463 2582 2757 2636 ἀπόστολον
2783 2584 3033 2654 φανῆναι.

2182 2669 2299 2727 XII.
2340 2672 2451 2724 Kal.
2471 2671 2536 2743 δὴ
2565 2671 2798 2743 ἐξαυτῆς
2827 2673 3051 2727 ἐκάλεσε
3088 2676 3225 2748 πρὸς
3247 2676 3436 2729 ἐαυτὸν
3463 2676 3491 2727 ὁ
3515 2677 3694 2730 Σισίν-

2113 2778 2225 2827 νιος
2245 2760 2346 2837 τὴν
2373 2760 2676 2836 Θεοδώραν,
2722 2762 2816 2816 καὶ
2854 2762 3001 2831 λέγει
3041 2766 3197 2837 αὐτῇ
3237 2768 3437 2838 Δέομαί
3479 2785 3570 2821 σου
3606 2768 3693 2821 ἵνα

2117 2854 2399 2931 ἱκετεύσης
2436 2855 2530 2911 τὸν
2569 2855 2703 2911 Θεόν
2734 2874 2850 2922 σου,
2875 2854 2970 2912 τοῦ
3006 2855 3081 2932 μὴ
3109 2856 3428 2933 ὀργισθῆναί
3465 2875 3574 2933 μοι.
3620 2859 3695 2916 Σὶ

2110 2944 2221 3019 γὰρ
2248 2946 2642 3019 ζηλοτυπήσας,
2676 2948 3051 3021 παρεγενόμην
3097 2950 3191 3004 καὶ
3222 2952 3551 3024 παρεισέϐην
3578 2955 3689 2996 ιθ-ιτ

2113 3037 2341 3093 κατόπιν
2366 3055 2459 3092 σου
2489 3041 2570 3103 εἰς
2595 3040 2696 3112 τὴν
2721 3039 3032 3112 ἐκκλησίαν.
3066 3043 3174 3096 Kal.
3212 3042 3302 3097 διά
3333 3043 3396 3097 τὸ
3425 3044 3598 3100 θέλειν
3624 3063 3694 3118 με

2116 3131 2248 3202 ὁρᾷν
2283 3129 2354 3184 τά
2379 3130 2677 3202 τελούμενα
2708 3132 2775 3197 ’⁸,
2807 3133 2900 3186 καὶ
2935 3133 3206 3206 ἀκροατὴν
3234 3130 3373 3189 εἶναι
3399 3135 3506 3190 τῶν
3538 3124 3690 3205 λεγο-

2120 3223 2318 3294 μένων,
2339 3224 2440 3295 τήν
2459 3241 2519 3277 τε
2544 3222 2712 3295 ἀκοὴν
2738 3224 2854 3296 ἅμα
2881 3225 2979 3278 καὶ
3005 3224 3105 3296 τὴν
3129 3226 3318 3298 ὅρασιν
3346 3227 3392 3259 ³⁸
3415 3226 3691 3281 ἀπώλεσα.

2114 3314 2250 3369 Νυνὶ
2269 3315 2350 3381 δὲ,
2375 3316 2565 3388 ἐπειδὴ
2589 3316 2635 3348 ³ο
2660 3315 2755 3370 τοῦ
2789 3315 2963 3371 ταῦτά
2988 3334 3056 3388 με
3087 3318 3490 3391 ἀνακτήσασθαι
3524 3322 3556 3391 ή
3596 3319 3691 3374 τοῦ

2115 3408 2434 3481 Κλήμεντος
2494 3410 2870 3482 ἀπειργάσατο
2906 3411 3200 3484 παρουσία,
3246 3412 3467 3485 δεήθητι
3528 3411 3695 3467 αὐτοῦ

2114 3497 2263 3560 ὅπως
2288 3496 2418 3571 ἔλθῃ
2443 3498 2582 3569 πρός
2607 3515 2695 3569 με,
2724 3499 2817 3553 καὶ
2845 3502 3046 3574 ποιήσῃ
3075 3517 3142 3571 με
3166 3500 3264 3573 τὴν
3278 3502 3533 3573 ἀλήθειαν
3561 3506 3694 3574 γνῶ-

2113 3605 2200 3641 ναι
2229 3587 2296 3642 ⁸⁸.
2337 3588 2491 3643 Ἐπεὶ
2524 3591 2619 3643 καὶ
2658 3590 2785 3661 ἐμοὶ
2813 3591 2907 3645 καὶ
2935 3594 3051 3655 τοῖς
3088 3593 3243 3646 παισί
3287 3612 3386 3665 μου
3436 3596 3692 3665 ἀσφαλῶς

2113 3678 2390 3750 ἐνομίζετο
2413 3680 2504 3735 τὸν
2528 3680 2644 3753 Κλή
2654 3698 2819 3753 μεντα
2836 3682 3117 3753 δεσμεύειν
3141 3685 3236 3738 σὺν
3249 3688 3362 3751 τοῖς
3380 3686 3546 3740 αὐτοῦ
3566 3687 3692 3759 κλη-

2117 3775 2313 3843 ρικοίς,
2356 3772 2452 3826 καὶ
2494 3773 2685 3826 τοῦτον
2721 3773 3069 3846 περισύρειν·
3099 3775 3213 3829 ἀλλ’
3243 3771 3388 3832 οὗτοι
3421 3777 3601 3845 λίθους
3627 3796 3691 3833 τι

2113 3865 2207 3917 καὶ
2241 3862 2501 3935 πυλάρια
2522 3864 2566 3894 ³³
2592 3863 2938 3935 δεσμοῦντες,
2959 3865 3138 3921 ἐλκειν
3175 3883 3237 3920 τε
3277 3868 3372 3922 καὶ
3409 3868 3687 3924 ἀνθέλκειν

2112 3953 2537 4022 καταφαίνονται
2565 3953 2631 4006 ³³.

2181 4045 2319 4100 XIII.
2378 4045 3048 4122 Τηνικαῦταήθεοδὼρα,
3099 4051 3441 4123 πορευθεῖσα,
3493 4053 3683 4127 διηγή..

2113 4155 2242 4191 σατο
2279 4139 2459 4192 πάντα
2517 4137 2662 4211 ἅπερ
2705 4135 2831 4203 εἶδε,
2878 4142 2974 4194 καὶ
3015 4141 3161 4214 ἅπερ
3218 4144 3324 4198 ὑπὸ
3374 4144 3470 4199 τοῦ
3514 4146 3686 4217 αὐτῆς

2113 4230 2345 4300 συμϐίου
2389 4229 2624 4303 ἐλαλήθη
2650 4232 2715 4298 ³⁸,
2770 4231 2851 4303 τῷ
2881 4232 3022 4304 ἁγίῳ
3076 4234 3378 4306 Κλήμεντι.
3428 4239 3683 4312 Παραγε-

2108 4321 2331 4391 νόμενος
2358 4317 2450 4376 οὖν
2478 4323 2506 4375 ὁ
2534 4322 2688 4392 ἀγιος
2711 4324 2847 4398 πρὸς
2865 4323 2955 4377 τὸν
2978 4325 3257 4392 Σισίννιον,
3296 4328 3434 4400 μετά
3457 4330 3620 4405 τιμῆς
3636 4332 3683 4364 ³⁸

437 4416 542 4471 que
567 4401 634 4457 ad
659 4402 1074 4457 aediﬁcationem
1108 4405 1304 4460 animae
1348 4405 1725 4474 pertinebant:
1751 4414 1804 4460 ct
1831 4407 2011 4460 credi~

2114 4410 2404 4483 ὑπεδέχθη.
2466 4413 2603 4484 Παρ’
2641 4407 2702 4468 οὗ
2749 4412 3002 4485 ἀκηκοὼς
3045 4415 3254 4489 ὅσαπερ
3290 4418 3426 4490 πρὸς
3481 4401 3687 4475 οίκοδο-

437 4495 515 4546 dit
540 4492 668 4561 Deo,
721 4495 1224 4565 co'rroboratusquc
1267 4504 1393 4551 est:
1446 4506 1501 4552 et
1520 4497 1686 4566 cmpit
1727 4498 1793 4551 ad
1832 4513 2009 4570 genua

2115 4504 2222 4573 μὴν
2265 4504 2365 4576 τῆς
2410 4503 2590 4575 ψυχῆς
2642 4505 2686 4537 ³⁸
2735 4504 3059 4572 συνέτεινεν,
3091 4508 3377 4563 ἐπίστευσε
3415 4511 3495 4583 τῷ
3539 4513 3679 4584 Θεῷ,

436 4582 734 4641 Clementis
765 4587 1003 4653 advolvi,
1028 4597 1085 4643 et
1125 4589 1365 4643 clamare
1397 4606 1413 4644 :

505 4758 645 4818 XIV.
671 4760 888 4819 Gratias
918 4778 1021 4834 ago
1047 4780 1179 4820 vero
1211 4764 1323 4820 Deo
1386 4773 1441 4821 et
1472 4765 1861 4836 omnipotenti,
1911 4768 2005 4837 qui

432 4868 521 4908 me
574 4854 698 4909 ideo
756 4857 1049 4911 excaecavit
1096 4866 1157 4912 ut
1209 4857 1449 4923 videam,
1498 4867 1553 4913 et
1602 4857 1724 4914 ideo
1761 4858 2004 4913 auditum

429 4945 661 5002 abstulit
699 4956 759 5001 ut
788 4949 1017 5003 auribus
1048 4949 1346 5020 percipiam
1374 4951 1678 5017 veritatem,
1703 4968 1866 5023 quam
1897 4952 2001 5006 ali-

431 5038 654 5108 quando
682 5041 996 5095 deridebam
1026 5057 1124 5112 per
1151 5042 1540 5111 ignorantiam,
1572 5053 1627 5099 et
1649 5044 1751 5100 hoc
1780 5044 1997 5115 quidem

502 5167 527 5195 ι
561 5152 583 5208 I
628 5154 754 5211 Cor.
782 5170 881 5221 vn,
923 5156 1006 5211 ιι.

2111 4594 2205 4646 καὶ
2231 4593 2273 4624 ³τ
2305 4592 2649 4665 ἐστερεώθη’
2693 4594 2789 4648 καὶ
2852 4596 3053 4667 ἤρξατο
3092 4601 3207 4662 τοῖς
3254 4599 3445 4668 γόνασι
3496 4602 3540 4633 ³⁸
3585 4604 3691 4657 τοῦ

2109 4682 2423 4755 Κλήμεντος
2455 4684 2979 4755 προσκυλινδεῖσθαι,
3006 4690 3100 4742 καὶ
3142 4689 3290 4761 βοᾷν·

2176 4773 2318 4827 XIV.
2349 4774 2669 4846 Εύχαριστῶ
2697 4775 2777 4846 τῷ
2831 4776 3067 4847 ἀληθινῷ
3100 4778 3217 4849 Θεῷ
3253 4781 3297 4812 ³’
3343 4781 3436 4835 καὶ
3486 4800 3679 4837 παντο-

2107 4864 2355 4937 κράτορι,
2377 4863 2436 4928 ὃς
2463 4862 2551 4916 διὰ
2574 4862 2732 4916 τοῦτό
2762 4880 2828 4935 με
2849 4863 3209 4933 τετύφλωκεν,
3266 4866 3351 4921 ἵνα
3378 4867 3594 4941 mpm
3611 4871 3676 4935 ⁸ο,

2109 4955 2202 5009 καὶ
2253 4954 2341 5007 διὰ
2388 4952 2545 5007 τοῦτο
2612 4952 2711 5026 τὴν
2772 4954 2939 5024 ἀκοὴν
2979 4952 3246 5023 ἀφείλετο,
3300 4957 3366 5011 ἶν’
3410 4959 3677 5012 ἐνωτίσω-

2109 5064 2207 5117 μαι
2230 5047 2328 5118 ’τὴν
2362 5043 2636 5118 ἀλήθειαν,
2676 5040 2745 5117 ἧς
2774 5060 2903 5097 ποτε
2928 5043 3001 5096 δι’
3029 5045 3248 5115 ἄγνοιαν
3278 5049 3582 5118 κατεγέλων
3597 5050 3637 5081 δι
3657 5066 3675 5081 ο

1730 5223 1967 5280 VARIJE
2005 5223 2405 5280 LECTIONES.

498 5319 541 5350 ’ί
582 5318 655 5372 al.
724 5322 1032 5373 κατασγεῖν.

1137 5321 1183 5351 ’³
1222 5320 1294 5373 al.
1336 5318 1619 5389 κατέχουσι
1682 5318 1777 5371 καὶ
1834 5317 2070 5389 ἕλκουσι.
2182 5317 2339 5389 ναι.
2369 5317 2535 5372 inser.
2585 5315 2728 5371 ίδὼν.

2824 5315 2978 5397 εχει.
2991 5319 3126 5397 ’.τοῦ
3183 5324 3358 5397 ἀγίου,
3376 5323 3671 5397 καυχώμε-

429 5406 556 5470 νρςκ
615 5389 662 5422 ³³
686 5386 1173 5470 ‘Esempl'ar-SIQII,
1198 5391 1278 5453 ei;
1307 5386 1566 5470 τδΔαύτού
1592 5389 1939 5470 ὲπισκοπρίον
1972 5386 2595 5470 ἀπίεικράιερὶεοορὶιιεπ
2619 5387 2955 5470 διειιηιιαὺξίι.
2985 5388 3122 5470 (ἔρ-ι’.
3183 5386 3379 5470 "l'Zal.
3397 5386 3670 5470 εἰσῆλθον.

429 5461 477 5491 η
509 5459 579 5514 al.

429 5529 597 5603 βίους.

624 5459 778 5515 τελού

854 5477 921 5513 να
971 5463 1264 5533 μυστήρια.

685 5530 730 5600 ξ’
761 5530 828 5584 aI.
872 5530 1084 5600 κατεφα

1345 5462 1388 5531 ’κθ
1422 5460 1492 5531 aI.
1533 5458 2070 5531 ὄρεισίγλκτι).ἀκοήνἔ
2118 5458 2195 5531 Α⁸ῗ
2240 5459 2397 5531 deest
2422 5457 2475 5531 in
2512 5457 2641 5531 al.__
2663 5457 2815 5531 “Aal.
2868 5458 3186 5531 ἐπιγνῶναι.
3276 5465 3321 5497 ³³
3362 5464 3432 5519 al.
3476 5457 3672 5521 σίτυλα-

1087 5527 1277 5607 ίνξντος
1356 5530 1515 5607 ⁸⁵-.θιο
1543 5527 1791 5607 ,ἐδηλώθη
1839 5529 1945 5607 δέτδ
1974 5527 2091 5607 ἶτδδ.
2106 5528 2298 5607 ἀὲδρές
2332 5528 2547 5607 ,σξῧῑῆςι
2596 5527 2758 5607 ⁸⁸.Ξ¹¹·
2799 5528 3008 5607 Mi;
3035 5532 3220 5607 ﬂens:
3269 5534 3343 5607 ,³⁸
3378 5536 3449 5589 al-
3489 5535 3671 5607 ψυχῆς

427 5596 612 5677 αὑτοῦ.
636 5598 750 5677 .-⁸1⁷⁸
772 5600 843 5677 aI.
884 5601 943 5667 ἐξ
974 5596 1327 5677 ὅλης-ψυχῆς.
1407 5599 1449 5630 ³⁸
1504 5596 1800 5677 λιιι.“’ἰιοσί.’⁸
1862 5599 2011 5677 ”_aI_.
2045 5598 2171 5677 ﬂat}?
2202 5596 2280 5669 τῷ
2315 5596 2577 5677 ἀληθινῷ.
2653 5596 2700 5677 δξ
2764 5599 2839 5677 aI;
2900 5596 3117 5675 δψωμαὶ
3149 5596 3332 5658 adadv,

3414 5608 3469 5679 ⁸⁸,
3497 5607 3568 5660 aI.
3611 5609 3670 5662 ἐν

428 5664 464 5742 ᾖ
495 5669 593 5738 τήν
623 5669 877 5740 ἀλήθειάν
908 5664 1036 5723 ποτε
1060 5664 1134 5722 ’δι’
1147 5664 1393 5738 ἄγνοιαν,
1409 5670 1743 5737 κατεγέλων,
1784 5671 1841 5725 ἐν
1874 5671 2010 5741 αὐτῇ
2035 5664 2272 5733 ἀκούσας
2310 5664 2544 5738 statim
2565 5684 2579 5698 ·
2615 5670 2707 5722 καὶ
2745 5668 2927 5723 τοῦτο.
