  <div class='ocr_page' id='page_1' title='image "/cluster/home/n/w/nwhite01/storage/ocr_20150623/2/mdp.39015005182426/322.png"; bbox 0 0 4066 6140; ppageno 0'>
   <div class='ocr_carea' id='block_1_1' title="bbox 377 337 488 391">
    <p class='ocr_par' dir='ltr' id='par_1_1' title="bbox 377 337 488 391">
     <span class='ocr_line' id='line_1_1' title="bbox 377 337 488 391; baseline 0 0"><span class='ocrx_word' id='word_1_1' title='bbox 377 337 488 391; x_wconf 69' lang='lat'><strong>625&#39;</strong></span> 
     </span>
    </p>
   </div>
   <div class='ocr_carea' id='block_1_2' title="bbox 1507 333 2456 393">
    <p class='ocr_par' dir='ltr' id='par_1_2' title="bbox 1507 333 2456 393">
     <span class='ocr_line' id='line_1_2' title="bbox 1507 333 2456 393; baseline -0.005 0"><span class='ocrx_word' id='word_1_2' title='bbox 1507 335 1918 393; x_wconf 72' lang='lat' dir='ltr'><strong>MARTYRIUM</strong></span> <span class='ocrx_word' id='word_1_3' title='bbox 1955 335 2012 389; x_wconf 89' lang='lat' dir='ltr'><strong>S.</strong></span> <span class='ocrx_word' id='word_1_4' title='bbox 2053 333 2456 389; x_wconf 77' lang='lat' dir='ltr'><strong>CLEMENTIS.</strong></span> 
     </span>
    </p>
   </div>
   <div class='ocr_carea' id='block_1_3' title="bbox 3511 332 3616 385">
    <p class='ocr_par' dir='ltr' id='par_1_3' title="bbox 3511 332 3616 385">
     <span class='ocr_line' id='line_1_3' title="bbox 3511 332 3616 385; baseline -0.019 0"><span class='ocrx_word' id='word_1_5' title='bbox 3511 332 3616 385; x_wconf 73' lang='lat'><strong>6‘26</strong></span> 
     </span>
    </p>
   </div>
   <div class='ocr_carea' id='block_1_4' title="bbox 379 443 1945 522">
    <p class='ocr_par' dir='ltr' id='par_1_4' title="bbox 379 443 1944 522">
     <span class='ocr_line' id='line_1_4' title="bbox 379 443 1944 522; baseline -0.003 -19"><span class='ocrx_word' id='word_1_6' title='bbox 379 452 473 506; x_wconf 73' lang='lat' dir='ltr'><strong>ml.</strong></span> <span class='ocrx_word' id='word_1_7' title='bbox 503 451 665 504; x_wconf 87' lang='grc' dir='ltr'>τοῦτο</span> <span class='ocrx_word' id='word_1_8' title='bbox 693 453 790 522; x_wconf 83' lang='grc' dir='ltr'>μὲν</span> <span class='ocrx_word' id='word_1_9' title='bbox 842 451 1092 522; x_wconf 79' lang='grc' dir='ltr'>ἐνόμιζον</span> <span class='ocrx_word' id='word_1_10' title='bbox 1129 451 1325 522; x_wconf 66' lang='grc' dir='ltr'>ψευδὲς</span> <span class='ocrx_word' id='word_1_11' title='bbox 1364 451 1652 521; x_wconf 81' lang='grc' dir='ltr'><strong>ὑπάρχειν,</strong></span> <span class='ocrx_word' id='word_1_12' title='bbox 1712 449 1847 517; x_wconf 79' lang='grc' dir='ltr'>ὅπερ</span> <span class='ocrx_word' id='word_1_13' title='bbox 1877 443 1944 517; x_wconf 79' lang='grc' dir='ltr'><strong>ἦν</strong></span> 
     </span>
    </p>
   </div>
   <div class='ocr_carea' id='block_1_5' title="bbox 2047 443 3618 522">
    <p class='ocr_par' dir='ltr' id='par_1_5' title="bbox 2047 447 3618 520">
     <span class='ocr_line' id='line_1_5' title="bbox 2047 447 3618 520; baseline 0.004 -22"><span class='ocrx_word' id='word_1_14' title='bbox 2047 447 2300 514; x_wconf 99' lang='lat' dir='ltr'><strong>putabam</strong></span> <span class='ocrx_word' id='word_1_15' title='bbox 2329 447 2522 501; x_wconf 86' lang='lat' dir='ltr'><strong>falsum</strong></span> <span class='ocrx_word' id='word_1_16' title='bbox 2549 463 2688 514; x_wconf 89' lang='lat' dir='ltr'><strong>esse,</strong></span> <span class='ocrx_word' id='word_1_17' title='bbox 2735 451 2880 520; x_wconf 84' lang='lat' dir='ltr'><strong>quod</strong></span> <span class='ocrx_word' id='word_1_18' title='bbox 2928 468 3115 506; x_wconf 87' lang='lat' dir='ltr'><strong>verum</strong></span> <span class='ocrx_word' id='word_1_19' title='bbox 3164 460 3310 517; x_wconf 87' lang='lat' dir='ltr'><strong>erat;</strong></span> <span class='ocrx_word' id='word_1_20' title='bbox 3339 451 3618 506; x_wconf 78' lang='lat' dir='ltr'><strong>existima-</strong></span> 
     </span>
    </p>
   </div>
   <div class='ocr_carea' id='block_1_6' title="bbox 372 542 1950 618">
    <p class='ocr_par' dir='ltr' id='par_1_6' title="bbox 372 542 1950 618">
     <span class='ocr_line' id='line_1_6' title="bbox 372 542 1950 618; baseline 0.003 -19"><span class='ocrx_word' id='word_1_21' title='bbox 372 548 591 618; x_wconf 80' lang='grc' dir='ltr'>ἀληθὲς,</span> <span class='ocrx_word' id='word_1_22' title='bbox 643 547 859 600; x_wconf 82' lang='grc' dir='ltr'><strong>ἐδόκουν</strong></span> <span class='ocrx_word' id='word_1_23' title='bbox 896 547 953 599; x_wconf 86' lang='grc' dir='ltr'><strong>δέ</strong></span> <span class='ocrx_word' id='word_1_24' title='bbox 1006 547 1068 600; x_wconf 84' lang='grc' dir='ltr'>τὸ</span> <span class='ocrx_word' id='word_1_25' title='bbox 1118 547 1354 618; x_wconf 75' lang='grc' dir='ltr'>ἔμπαλιν</span> <span class='ocrx_word' id='word_1_26' title='bbox 1405 547 1622 616; x_wconf 84' lang='grc' dir='ltr'>ἀληθὲς,</span> <span class='ocrx_word' id='word_1_27' title='bbox 1679 544 1706 597; x_wconf 83' lang='grc' dir='ltr'>ὃ</span> <span class='ocrx_word' id='word_1_28' title='bbox 1756 542 1950 612; x_wconf 72' lang='grc' dir='ltr'>ψευδὲς</span> 
     </span>
    </p>
   </div>
   <div class='ocr_carea' id='block_1_7' title="bbox 373 633 1950 710">
    <p class='ocr_par' dir='ltr' id='par_1_7' title="bbox 373 633 1950 710">
     <span class='ocr_line' id='line_1_7' title="bbox 373 633 1950 710; baseline -0.006 -16"><span class='ocrx_word' id='word_1_29' title='bbox 373 640 670 710; x_wconf 76' lang='grc' dir='ltr'>ἐτύγχανε·</span> <span class='ocrx_word' id='word_1_30' title='bbox 740 639 802 691; x_wconf 84' lang='grc' dir='ltr'><strong>τὸ</strong></span> <span class='ocrx_word' id='word_1_31' title='bbox 859 638 1049 702; x_wconf 83' lang='grc' dir='ltr'><strong>σκότος</strong></span> <span class='ocrx_word' id='word_1_32' title='bbox 1104 639 1351 709; x_wconf 76' lang='grc' dir='ltr'>ἐνόμιζον</span> <span class='ocrx_word' id='word_1_33' title='bbox 1396 639 1530 708; x_wconf 82' lang='grc' dir='ltr'>φῶς,</span> <span class='ocrx_word' id='word_1_34' title='bbox 1588 637 1682 690; x_wconf 64' lang='grc' dir='ltr'><strong>καὶ</strong></span> <span class='ocrx_word' id='word_1_35' title='bbox 1725 636 1786 688; x_wconf 83' lang='grc' dir='ltr'><strong>τὸ</strong></span> <span class='ocrx_word' id='word_1_36' title='bbox 1833 633 1950 704; x_wconf 82' lang='grc' dir='ltr'><strong>φῶς</strong></span> 
     </span>
    </p>
   </div>
   <div class='ocr_carea' id='block_1_8' title="bbox 376 727 1946 800">
    <p class='ocr_par' dir='ltr' id='par_1_8' title="bbox 376 727 1946 800">
     <span class='ocr_line' id='line_1_8' title="bbox 376 727 1946 800; baseline -0.006 -14"><span class='ocrx_word' id='word_1_37' title='bbox 376 733 566 795; x_wconf 81' lang='grc' dir='ltr'><strong>σκότος</strong></span> <span class='ocrx_word' id='word_1_38' title='bbox 595 731 996 800; x_wconf 79' lang='grc' dir='ltr'>ὑπελάμϐανον.</span> <span class='ocrx_word' id='word_1_39' title='bbox 1063 730 1205 783; x_wconf 82' lang='grc' dir='ltr'>Ἀλλ’</span> <span class='ocrx_word' id='word_1_40' title='bbox 1242 729 1574 800; x_wconf 84' lang='grc' dir='ltr'>ἐκαθαρίσθη</span> <span class='ocrx_word' id='word_1_41' title='bbox 1620 731 1648 781; x_wconf 85' lang='grc' dir='ltr'><strong>ὁ</strong></span> <span class='ocrx_word' id='word_1_42' title='bbox 1688 727 1810 789; x_wconf 93' lang='grc' dir='ltr'>νοῦς</span> <span class='ocrx_word' id='word_1_43' title='bbox 1847 742 1946 796; x_wconf 89' lang='grc' dir='ltr'><strong>μου</strong></span> 
     </span>
    </p>
   </div>
   <div class='ocr_carea' id='block_1_9' title="bbox 373 816 1948 893">
    <p class='ocr_par' dir='ltr' id='par_1_9' title="bbox 373 816 1948 893">
     <span class='ocr_line' id='line_1_9' title="bbox 373 816 1948 893; baseline -0.005 -16"><span class='ocrx_word' id='word_1_44' title='bbox 373 827 437 877; x_wconf 89' lang='grc' dir='ltr'><strong>ἐκ</strong></span> <span class='ocrx_word' id='word_1_45' title='bbox 479 822 574 874; x_wconf 87' lang='grc' dir='ltr'><strong>τοῦ</strong></span> <span class='ocrx_word' id='word_1_46' title='bbox 615 820 888 892; x_wconf 82' lang='grc' dir='ltr'>μολυσμοῦ</span> <span class='ocrx_word' id='word_1_47' title='bbox 944 822 1045 892; x_wconf 85' lang='grc' dir='ltr'>τῆς</span> <span class='ocrx_word' id='word_1_48' title='bbox 1086 821 1492 893; x_wconf 80' lang='grc' dir='ltr'>είδωλομανίας.</span> <span class='ocrx_word' id='word_1_49' title='bbox 1559 818 1796 889; x_wconf 76' lang='grc' dir='ltr'>Ἀληθῶς</span> <span class='ocrx_word' id='word_1_50' title='bbox 1841 816 1948 888; x_wconf 77' lang='grc' dir='ltr'><strong>γὰρ</strong></span> 
     </span>
    </p>
   </div>
   <div class='ocr_carea' id='block_1_10' title="bbox 372 909 1948 984">
    <p class='ocr_par' dir='ltr' id='par_1_10' title="bbox 372 909 1948 984">
     <span class='ocr_line' id='line_1_10' title="bbox 372 909 1948 984; baseline -0.003 -18"><span class='ocrx_word' id='word_1_51' title='bbox 372 915 544 984; x_wconf 72' lang='grc' dir='ltr'>ἔγνων</span> <span class='ocrx_word' id='word_1_52' title='bbox 591 917 636 944; x_wconf 75' lang='grc'><strong>¹⁵²</strong></span> <span class='ocrx_word' id='word_1_53' title='bbox 693 915 821 977; x_wconf 84' lang='grc' dir='ltr'>τοὺς</span> <span class='ocrx_word' id='word_1_54' title='bbox 875 914 1134 984; x_wconf 88' lang='grc' dir='ltr'>δαίμονας</span> <span class='ocrx_word' id='word_1_55' title='bbox 1212 912 1662 984; x_wconf 80' lang='grc' dir='ltr'><strong>ἐξαπατήσαντας</strong></span> <span class='ocrx_word' id='word_1_56' title='bbox 1715 909 1760 940; x_wconf 75' lang='grc'><strong><em>⁵³</em></strong></span> <span class='ocrx_word' id='word_1_57' title='bbox 1821 911 1948 972; x_wconf 80' lang='grc' dir='ltr'>τοὺς</span> 
     </span>
    </p>
   </div>
   <div class='ocr_carea' id='block_1_11' title="bbox 373 998 1948 1075">
    <p class='ocr_par' dir='ltr' id='par_1_11' title="bbox 373 998 1948 1075">
     <span class='ocr_line' id='line_1_11' title="bbox 373 998 1948 1075; baseline -0.004 -18"><span class='ocrx_word' id='word_1_58' title='bbox 373 1003 726 1075; x_wconf 77' lang='grc' dir='ltr'><strong>ἀνθρώπους·</strong></span> <span class='ocrx_word' id='word_1_59' title='bbox 767 1005 916 1066; x_wconf 83' lang='grc' dir='ltr'>ὅπως</span> <span class='ocrx_word' id='word_1_60' title='bbox 953 1004 1061 1057; x_wconf 86' lang='grc' dir='ltr'><strong>τῶν</strong></span> <span class='ocrx_word' id='word_1_61' title='bbox 1092 1005 1164 1075; x_wconf 86' lang='grc' dir='ltr'>μὴ</span> <span class='ocrx_word' id='word_1_62' title='bbox 1214 1004 1573 1056; x_wconf 82' lang='grc' dir='ltr'>πιστευόντων</span> <span class='ocrx_word' id='word_1_63' title='bbox 1597 1002 1686 1055; x_wconf 76' lang='grc' dir='ltr'><strong>τὸν</strong></span> <span class='ocrx_word' id='word_1_64' title='bbox 1717 998 1948 1069; x_wconf 87' lang='grc' dir='ltr'>Χριστὸν</span> 
     </span>
    </p>
   </div>
   <div class='ocr_carea' id='block_1_12' title="bbox 371 1090 1947 1168">
    <p class='ocr_par' dir='ltr' id='par_1_12' title="bbox 371 1090 1947 1168">
     <span class='ocr_line' id='line_1_12' title="bbox 371 1090 1947 1168; baseline -0.004 -19"><span class='ocrx_word' id='word_1_65' title='bbox 371 1094 510 1150; x_wconf 72' lang='grc' dir='ltr'>εἶναι</span> <span class='ocrx_word' id='word_1_66' title='bbox 548 1097 680 1149; x_wconf 75' lang='grc' dir='ltr'>Θεὸν</span> <span class='ocrx_word' id='word_1_67' title='bbox 715 1096 1052 1168; x_wconf 84' lang='grc' dir='ltr'>κυριεύσωσι</span> <span class='ocrx_word' id='word_1_68' title='bbox 1081 1095 1279 1165; x_wconf 84' lang='grc' dir='ltr'>πέτραι</span> <span class='ocrx_word' id='word_1_69' title='bbox 1317 1095 1411 1148; x_wconf 75' lang='grc' dir='ltr'><strong>καὶ</strong></span> <span class='ocrx_word' id='word_1_70' title='bbox 1457 1093 1808 1162; x_wconf 69' lang='grc' dir='ltr'>λίθοι,κωιροὶ</span> <span class='ocrx_word' id='word_1_71' title='bbox 1852 1090 1947 1144; x_wconf 62' lang='grc' dir='ltr'><strong>καὶ⁵</strong></span> 
     </span>
    </p>
   </div>
   <div class='ocr_carea' id='block_1_13' title="bbox 372 1179 1943 1258">
    <p class='ocr_par' dir='ltr' id='par_1_13' title="bbox 372 1179 1943 1258">
     <span class='ocr_line' id='line_1_13' title="bbox 372 1179 1943 1258; baseline -0.005 -18"><span class='ocrx_word' id='word_1_72' title='bbox 372 1188 580 1250; x_wconf 82' lang='grc' dir='ltr'>άλαλοι,</span> <span class='ocrx_word' id='word_1_73' title='bbox 619 1187 806 1258; x_wconf 84' lang='grc' dir='ltr'>ὥσπερ</span> <span class='ocrx_word' id='word_1_74' title='bbox 833 1185 1010 1255; x_wconf 84' lang='grc' dir='ltr'>κάμοῦ</span> <span class='ocrx_word' id='word_1_75' title='bbox 1037 1187 1415 1257; x_wconf 77' lang='grc' dir='ltr'>ἐπεκράτησαν</span> <span class='ocrx_word' id='word_1_76' title='bbox 1468 1184 1628 1254; x_wconf 85' lang='grc' dir='ltr'>μέχρι</span> <span class='ocrx_word' id='word_1_77' title='bbox 1653 1183 1749 1253; x_wconf 79' lang='grc' dir='ltr'><strong>τῆς</strong></span> <span class='ocrx_word' id='word_1_78' title='bbox 1767 1179 1943 1252; x_wconf 88' lang='grc' dir='ltr'>δεῦρο.</span> 
     </span>
    </p>
   </div>
   <div class='ocr_carea' id='block_1_14' title="bbox 372 1272 1948 1348">
    <p class='ocr_par' dir='ltr' id='par_1_14' title="bbox 372 1272 1948 1348">
     <span class='ocr_line' id='line_1_14' title="bbox 372 1272 1948 1348; baseline -0.007 -16"><span class='ocrx_word' id='word_1_79' title='bbox 372 1279 556 1332; x_wconf 87' lang='grc' dir='ltr'>Ταῦτα</span> <span class='ocrx_word' id='word_1_80' title='bbox 588 1279 682 1331; x_wconf 82' lang='grc' dir='ltr'><strong>καὶ</strong></span> <span class='ocrx_word' id='word_1_81' title='bbox 728 1277 799 1330; x_wconf 77' lang='grc' dir='ltr'>τὰ</span> <span class='ocrx_word' id='word_1_82' title='bbox 837 1277 1194 1348; x_wconf 87' lang='grc' dir='ltr'>παραπλήσια</span> <span class='ocrx_word' id='word_1_83' title='bbox 1223 1277 1270 1308; x_wconf 70' lang='grc'><strong>’⁵⁸</strong></span> <span class='ocrx_word' id='word_1_84' title='bbox 1303 1275 1396 1328; x_wconf 86' lang='grc' dir='ltr'><strong>τοῦ</strong></span> <span class='ocrx_word' id='word_1_85' title='bbox 1427 1272 1688 1326; x_wconf 84' lang='grc' dir='ltr'>Σισιννίου</span> <span class='ocrx_word' id='word_1_86' title='bbox 1716 1272 1948 1340; x_wconf 84' lang='grc' dir='ltr'>φάσκον-</span> 
     </span>
    </p>
   </div>
   <div class='ocr_carea' id='block_1_15' title="bbox 369 1361 1946 1438">
    <p class='ocr_par' dir='ltr' id='par_1_15' title="bbox 369 1361 1946 1438">
     <span class='ocr_line' id='line_1_15' title="bbox 369 1361 1946 1438; baseline -0.005 -18"><span class='ocrx_word' id='word_1_87' title='bbox 369 1386 480 1431; x_wconf 85' lang='grc' dir='ltr'>τος,</span> <span class='ocrx_word' id='word_1_88' title='bbox 543 1367 687 1438; x_wconf 82' lang='grc' dir='ltr'>χαρά</span> <span class='ocrx_word' id='word_1_89' title='bbox 737 1368 946 1437; x_wconf 79' lang='grc' dir='ltr'><strong>μεγάλη</strong></span> <span class='ocrx_word' id='word_1_90' title='bbox 997 1368 1240 1436; x_wconf 79' lang='grc' dir='ltr'>γέγονεν.</span> <span class='ocrx_word' id='word_1_91' title='bbox 1323 1366 1636 1419; x_wconf 86' lang='grc' dir='ltr'>Ἐπίστευσε</span> <span class='ocrx_word' id='word_1_92' title='bbox 1692 1361 1800 1433; x_wconf 76' lang='grc' dir='ltr'>γὰρ</span> <span class='ocrx_word' id='word_1_93' title='bbox 1851 1361 1946 1412; x_wconf 81' lang='grc' dir='ltr'><strong>σὺν</strong></span> 
     </span>
    </p>
   </div>
   <div class='ocr_carea' id='block_1_16' title="bbox 373 1452 1946 1532">
    <p class='ocr_par' dir='ltr' id='par_1_16' title="bbox 373 1452 1946 1532">
     <span class='ocr_line' id='line_1_16' title="bbox 373 1452 1946 1532; baseline -0.006 -20"><span class='ocrx_word' id='word_1_94' title='bbox 373 1461 520 1532; x_wconf 81' lang='grc' dir='ltr'>πάσῃ</span> <span class='ocrx_word' id='word_1_95' title='bbox 553 1462 620 1529; x_wconf 82' lang='grc' dir='ltr'>τῇ</span> <span class='ocrx_word' id='word_1_96' title='bbox 660 1457 826 1511; x_wconf 84' lang='grc' dir='ltr'>αὑτοῦ</span> <span class='ocrx_word' id='word_1_97' title='bbox 898 1458 1076 1528; x_wconf 80' lang='grc' dir='ltr'>οἰκίᾳ·</span> <span class='ocrx_word' id='word_1_98' title='bbox 1131 1459 1225 1511; x_wconf 61' lang='grc' dir='ltr'><strong>καὶ⁹</strong></span> <span class='ocrx_word' id='word_1_99' title='bbox 1273 1453 1612 1517; x_wconf 78' lang='grc' dir='ltr'><strong>ἐπιδεδωκὼς</strong></span> <span class='ocrx_word' id='word_1_100' title='bbox 1644 1452 1703 1506; x_wconf 85' lang='grc' dir='ltr'><strong>τὸ</strong></span> <span class='ocrx_word' id='word_1_101' title='bbox 1751 1453 1946 1504; x_wconf 74' lang='grc' dir='ltr'>οἰκεῖον</span> 
     </span>
    </p>
   </div>
   <div class='ocr_carea' id='block_1_17' title="bbox 367 1544 1942 1622">
    <p class='ocr_par' dir='ltr' id='par_1_17' title="bbox 367 1544 1942 1622">
     <span class='ocr_line' id='line_1_17' title="bbox 367 1544 1942 1622; baseline -0.005 -18"><span class='ocrx_word' id='word_1_102' title='bbox 367 1551 560 1622; x_wconf 77' lang='grc' dir='ltr'>ὗνομα,</span> <span class='ocrx_word' id='word_1_103' title='bbox 595 1549 1046 1622; x_wconf 76' lang='grc' dir='ltr'>προσεγγίζοντος</span> <span class='ocrx_word' id='word_1_104' title='bbox 1075 1549 1120 1581; x_wconf 73' lang='grc'><strong>’⁵⁵</strong></span> <span class='ocrx_word' id='word_1_105' title='bbox 1149 1549 1242 1603; x_wconf 91' lang='grc' dir='ltr'><strong>τοῦ</strong></span> <span class='ocrx_word' id='word_1_106' title='bbox 1293 1551 1504 1618; x_wconf 88' lang='grc' dir='ltr'>Πάσχα,</span> <span class='ocrx_word' id='word_1_107' title='bbox 1535 1545 1832 1616; x_wconf 78' lang='grc' dir='ltr'>ἐϐαπτίσθη</span> <span class='ocrx_word' id='word_1_108' title='bbox 1865 1544 1909 1575; x_wconf 71' lang='grc'><strong>⁸⁵</strong></span> <span class='ocrx_word' id='word_1_109' title='bbox 1928 1560 1942 1574; x_wconf 80' lang='grc'><em>’</em></span> 
     </span>
    </p>
   </div>
   <div class='ocr_carea' id='block_1_18' title="bbox 367 1635 1944 1715">
    <p class='ocr_par' dir='ltr' id='par_1_18' title="bbox 367 1635 1944 1715">
     <span class='ocr_line' id='line_1_18' title="bbox 367 1635 1944 1715; baseline -0.005 -20"><span class='ocrx_word' id='word_1_110' title='bbox 367 1643 750 1715; x_wconf 75' lang='grc' dir='ltr'>ἠριθμήθησαν</span> <span class='ocrx_word' id='word_1_111' title='bbox 797 1642 852 1694; x_wconf 81' lang='grc' dir='ltr'>δὲ</span> <span class='ocrx_word' id='word_1_112' title='bbox 895 1643 942 1695; x_wconf 90' lang='grc' dir='ltr'>οἱ</span> <span class='ocrx_word' id='word_1_113' title='bbox 970 1641 1357 1712; x_wconf 79' lang='grc' dir='ltr'>βαπτισθέντες</span> <span class='ocrx_word' id='word_1_114' title='bbox 1387 1643 1451 1694; x_wconf 89' lang='grc' dir='ltr'><strong>ἐκ</strong></span> <span class='ocrx_word' id='word_1_115' title='bbox 1477 1638 1570 1694; x_wconf 88' lang='grc' dir='ltr'><strong>τοῦ</strong></span> <span class='ocrx_word' id='word_1_116' title='bbox 1605 1640 1753 1692; x_wconf 78' lang='grc' dir='ltr'>οἴκου</span> <span class='ocrx_word' id='word_1_117' title='bbox 1782 1635 1944 1690; x_wconf 73' lang='grc' dir='ltr'>αὑτοῦ</span> 
     </span>
    </p>
   </div>
   <div class='ocr_carea' id='block_1_19' title="bbox 371 1729 1946 1806">
    <p class='ocr_par' dir='ltr' id='par_1_19' title="bbox 371 1729 1946 1806">
     <span class='ocr_line' id='line_1_19' title="bbox 371 1729 1946 1806; baseline -0.005 -16"><span class='ocrx_word' id='word_1_118' title='bbox 371 1737 487 1806; x_wconf 77' lang='grc' dir='ltr'>ἅμα</span> <span class='ocrx_word' id='word_1_119' title='bbox 520 1737 719 1798; x_wconf 89' lang='grc' dir='ltr'>πάντες</span> <span class='ocrx_word' id='word_1_120' title='bbox 755 1734 945 1804; x_wconf 79' lang='grc' dir='ltr'>ἄνδρες</span> <span class='ocrx_word' id='word_1_121' title='bbox 965 1751 1025 1786; x_wconf 87' lang='grc' dir='ltr'><strong>τε</strong></span> <span class='ocrx_word' id='word_1_122' title='bbox 1055 1735 1148 1787; x_wconf 75' lang='grc' dir='ltr'><strong>καὶ</strong></span> <span class='ocrx_word' id='word_1_123' title='bbox 1181 1737 1435 1802; x_wconf 87' lang='grc' dir='ltr'>γυναῖκες</span> <span class='ocrx_word' id='word_1_124' title='bbox 1467 1734 1562 1786; x_wconf 81' lang='grc' dir='ltr'><strong>σὺν</strong></span> <span class='ocrx_word' id='word_1_125' title='bbox 1589 1735 1702 1793; x_wconf 89' lang='grc' dir='ltr'>τοῖς</span> <span class='ocrx_word' id='word_1_126' title='bbox 1733 1729 1946 1800; x_wconf 83' lang='grc' dir='ltr'>νηπίοις</span> 
     </span>
    </p>
   </div>
   <div class='ocr_carea' id='block_1_20' title="bbox 367 1822 1946 1899">
    <p class='ocr_par' dir='ltr' id='par_1_20' title="bbox 367 1822 1946 1899">
     <span class='ocr_line' id='line_1_20' title="bbox 367 1822 1946 1899; baseline -0.003 -19"><span class='ocrx_word' id='word_1_127' title='bbox 367 1828 714 1899; x_wconf 80' lang='grc' dir='ltr'>τετρακόσιοι</span> <span class='ocrx_word' id='word_1_128' title='bbox 757 1826 930 1879; x_wconf 82' lang='grc' dir='ltr'>εἴκοσι</span> <span class='ocrx_word' id='word_1_129' title='bbox 958 1829 1125 1898; x_wconf 87' lang='grc' dir='ltr'>τρεῖς.</span> <span class='ocrx_word' id='word_1_130' title='bbox 1152 1826 1250 1879; x_wconf 80' lang='grc' dir='ltr'><strong>Διὰ</strong></span> <span class='ocrx_word' id='word_1_131' title='bbox 1272 1825 1457 1878; x_wconf 91' lang='grc' dir='ltr'>τοῦτον</span> <span class='ocrx_word' id='word_1_132' title='bbox 1490 1824 1546 1876; x_wconf 85' lang='grc' dir='ltr'><strong>δέ</strong></span> <span class='ocrx_word' id='word_1_133' title='bbox 1574 1823 1664 1876; x_wconf 79' lang='grc' dir='ltr'><strong>τὸν</strong></span> <span class='ocrx_word' id='word_1_134' title='bbox 1688 1822 1946 1876; x_wconf 89' lang='grc' dir='ltr'>Σισίννιον</span> 
     </span>
    </p>
   </div>
   <div class='ocr_carea' id='block_1_21' title="bbox 372 1915 1944 1992">
    <p class='ocr_par' dir='ltr' id='par_1_21' title="bbox 372 1915 1944 1992">
     <span class='ocr_line' id='line_1_21' title="bbox 372 1915 1944 1992; baseline -0.005 -17"><span class='ocrx_word' id='word_1_135' title='bbox 372 1922 554 1975; x_wconf 69' lang='grc' dir='ltr'>πολλοὶ</span> <span class='ocrx_word' id='word_1_136' title='bbox 586 1921 695 1973; x_wconf 83' lang='grc' dir='ltr'><strong>τῶν</strong></span> <span class='ocrx_word' id='word_1_137' title='bbox 734 1920 1053 1992; x_wconf 70' lang='grc' dir='ltr'>περιφανῶν</span> <span class='ocrx_word' id='word_1_138' title='bbox 1100 1921 1195 1973; x_wconf 78' lang='grc' dir='ltr'><strong>καὶ</strong></span> <span class='ocrx_word' id='word_1_139' title='bbox 1242 1919 1410 1988; x_wconf 80' lang='grc' dir='ltr'>φίλων</span> <span class='ocrx_word' id='word_1_140' title='bbox 1463 1915 1678 1987; x_wconf 88' lang='grc' dir='ltr'>Νερούα</span> <span class='ocrx_word' id='word_1_141' title='bbox 1725 1915 1818 1968; x_wconf 86' lang='grc' dir='ltr'><strong>τοῦ</strong></span> <span class='ocrx_word' id='word_1_142' title='bbox 1847 1915 1944 1984; x_wconf 85' lang='grc' dir='ltr'><strong>βα-</strong></span> 
     </span>
    </p>
   </div>
   <div class='ocr_carea' id='block_1_22' title="bbox 372 2011 1558 2082">
    <p class='ocr_par' dir='ltr' id='par_1_22' title="bbox 372 2011 1558 2082">
     <span class='ocr_line' id='line_1_22' title="bbox 372 2011 1558 2082; baseline -0.003 -17"><span class='ocrx_word' id='word_1_143' title='bbox 372 2012 564 2075; x_wconf 89' lang='grc' dir='ltr'>σιλέως</span> <span class='ocrx_word' id='word_1_144' title='bbox 596 2012 731 2082; x_wconf 78' lang='grc' dir='ltr'>πρὸς</span> <span class='ocrx_word' id='word_1_145' title='bbox 766 2013 808 2043; x_wconf 76' lang='grc'><strong>⁸⁷</strong></span> <span class='ocrx_word' id='word_1_146' title='bbox 847 2012 935 2066; x_wconf 87' lang='grc' dir='ltr'><strong>τὸν</strong></span> <span class='ocrx_word' id='word_1_147' title='bbox 962 2011 1092 2064; x_wconf 83' lang='grc' dir='ltr'>Θεὸν</span> <span class='ocrx_word' id='word_1_148' title='bbox 1116 2011 1558 2080; x_wconf 77' lang='grc' dir='ltr'>ἐπεστράφησαν.</span> 
     </span>
    </p>
   </div>
   <div class='ocr_carea' id='block_1_23' title="bbox 437 2096 1945 2172">
    <p class='ocr_par' dir='ltr' id='par_1_23' title="bbox 437 2096 1945 2172">
     <span class='ocr_line' id='line_1_23' title="bbox 437 2096 1945 2172; baseline -0.005 -15"><span class='ocrx_word' id='word_1_149' title='bbox 437 2103 554 2157; x_wconf 74' lang='lat' dir='ltr'><strong>XV.</strong></span> <span class='ocrx_word' id='word_1_150' title='bbox 596 2103 733 2157; x_wconf 86' lang='grc' dir='ltr'>Κατ’</span> <span class='ocrx_word' id='word_1_151' title='bbox 759 2103 967 2157; x_wconf 80' lang='grc' dir='ltr'>ἐκείνου</span> <span class='ocrx_word' id='word_1_152' title='bbox 998 2102 1054 2154; x_wconf 85' lang='grc' dir='ltr'><strong>δέ</strong></span> <span class='ocrx_word' id='word_1_153' title='bbox 1095 2102 1186 2154; x_wconf 89' lang='grc' dir='ltr'><strong>τοῦ</strong></span> <span class='ocrx_word' id='word_1_154' title='bbox 1215 2099 1407 2172; x_wconf 79' lang='grc' dir='ltr'>καιροῦ</span> <span class='ocrx_word' id='word_1_155' title='bbox 1437 2099 1481 2130; x_wconf 74' lang='grc'>⁸⁸</span> <span class='ocrx_word' id='word_1_156' title='bbox 1511 2101 1540 2151; x_wconf 87' lang='grc' dir='ltr'>ὁ</span> <span class='ocrx_word' id='word_1_157' title='bbox 1571 2099 1747 2169; x_wconf 82' lang='grc' dir='ltr'>κόμης</span> <span class='ocrx_word' id='word_1_158' title='bbox 1776 2096 1883 2150; x_wconf 81' lang='grc' dir='ltr'>τῶν</span> <span class='ocrx_word' id='word_1_159' title='bbox 1902 2098 1945 2128; x_wconf 62' lang='grc' dir='ltr'><strong>δ’</strong></span> 
     </span>
    </p>
   </div>
   <div class='ocr_carea' id='block_1_24' title="bbox 368 2186 1948 2262">
    <p class='ocr_par' dir='ltr' id='par_1_24' title="bbox 368 2186 1948 2262">
     <span class='ocr_line' id='line_1_24' title="bbox 368 2186 1948 2262; baseline -0.005 -16"><span class='ocrx_word' id='word_1_160' title='bbox 368 2193 527 2247; x_wconf 81' lang='grc' dir='ltr'>θείων</span> <span class='ocrx_word' id='word_1_161' title='bbox 573 2193 841 2262; x_wconf 69' lang='grc' dir='ltr'>όφφικίων</span> <span class='ocrx_word' id='word_1_162' title='bbox 882 2192 1140 2254; x_wconf 82' lang='grc' dir='ltr'>Πούϐλιος</span> <span class='ocrx_word' id='word_1_163' title='bbox 1199 2189 1634 2261; x_wconf 81' lang='grc' dir='ltr'>Ταρκουτιανὸς,</span> <span class='ocrx_word' id='word_1_164' title='bbox 1689 2186 1948 2258; x_wconf 80' lang='grc' dir='ltr'>ἑωρακὼς</span> 
     </span>
    </p>
   </div>
   <div class='ocr_carea' id='block_1_25' title="bbox 371 2279 1942 2357">
    <p class='ocr_par' dir='ltr' id='par_1_25' title="bbox 371 2279 1942 2357">
     <span class='ocr_line' id='line_1_25' title="bbox 371 2279 1942 2357; baseline -0.005 -17"><span class='ocrx_word' id='word_1_165' title='bbox 371 2287 738 2357; x_wconf 80' lang='grc' dir='ltr'>ἀναρίθμητον</span> <span class='ocrx_word' id='word_1_166' title='bbox 809 2283 1018 2354; x_wconf 75' lang='grc' dir='ltr'>πληθὺν</span> <span class='ocrx_word' id='word_1_167' title='bbox 1085 2283 1162 2354; x_wconf 80' lang='grc' dir='ltr'>τῷ</span> <span class='ocrx_word' id='word_1_168' title='bbox 1229 2280 1449 2352; x_wconf 77' lang='grc' dir='ltr'>Χριστῷ</span> <span class='ocrx_word' id='word_1_169' title='bbox 1537 2279 1942 2340; x_wconf 84' lang='grc' dir='ltr'>πιστεύσασαν,</span> 
     </span>
    </p>
   </div>
   <div class='ocr_carea' id='block_1_26' title="bbox 369 2370 1948 2450">
    <p class='ocr_par' dir='ltr' id='par_1_26' title="bbox 369 2370 1948 2450">
     <span class='ocr_line' id='line_1_26' title="bbox 369 2370 1948 2450; baseline -0.006 -19"><span class='ocrx_word' id='word_1_170' title='bbox 369 2377 806 2450; x_wconf 76' lang='grc' dir='ltr'>προσεκαλέσατο</span> <span class='ocrx_word' id='word_1_171' title='bbox 830 2377 955 2438; x_wconf 77' lang='grc' dir='ltr'>τοὺς</span> <span class='ocrx_word' id='word_1_172' title='bbox 988 2375 1294 2444; x_wconf 85' lang='grc' dir='ltr'>προστάτας</span> <span class='ocrx_word' id='word_1_173' title='bbox 1348 2371 1455 2425; x_wconf 82' lang='grc' dir='ltr'>τῶν</span> <span class='ocrx_word' id='word_1_174' title='bbox 1503 2370 1798 2445; x_wconf 80' lang='grc' dir='ltr'>ρεγεώνων,</span> <span class='ocrx_word' id='word_1_175' title='bbox 1829 2371 1948 2423; x_wconf 86' lang='grc' dir='ltr'>ἐπι-</span> 
     </span>
    </p>
   </div>
   <div class='ocr_carea' id='block_1_27' title="bbox 366 2460 1948 2536">
    <p class='ocr_par' dir='ltr' id='par_1_27' title="bbox 366 2460 1948 2536">
     <span class='ocr_line' id='line_1_27' title="bbox 366 2460 1948 2536; baseline -0.007 -14"><span class='ocrx_word' id='word_1_176' title='bbox 366 2467 616 2532; x_wconf 80' lang='grc' dir='ltr'>δεδωκὼς</span> <span class='ocrx_word' id='word_1_177' title='bbox 666 2468 710 2498; x_wconf 81' lang='lat'><strong>&#39;°</strong></span> <span class='ocrx_word' id='word_1_178' title='bbox 737 2466 920 2528; x_wconf 83' lang='grc' dir='ltr'>αὑτοῖς</span> <span class='ocrx_word' id='word_1_179' title='bbox 957 2467 1234 2536; x_wconf 74' lang='grc' dir='ltr'>χρήματα,</span> <span class='ocrx_word' id='word_1_180' title='bbox 1299 2463 1622 2534; x_wconf 76' lang='grc' dir='ltr'>παρέσεισεν</span> <span class='ocrx_word' id='word_1_181' title='bbox 1650 2461 1692 2493; x_wconf 81' lang='grc'><strong>⁵¹</strong></span> <span class='ocrx_word' id='word_1_182' title='bbox 1751 2460 1948 2522; x_wconf 78' lang='grc' dir='ltr'>αὐτοὺς</span> 
     </span>
    </p>
   </div>
   <div class='ocr_carea' id='block_1_28' title="bbox 371 2552 1942 2630">
    <p class='ocr_par' dir='ltr' id='par_1_28' title="bbox 371 2552 1942 2630">
     <span class='ocr_line' id='line_1_28' title="bbox 371 2552 1942 2630; baseline -0.006 -16"><span class='ocrx_word' id='word_1_183' title='bbox 371 2563 459 2614; x_wconf 79' lang='grc' dir='ltr'>ἵνα</span> <span class='ocrx_word' id='word_1_184' title='bbox 522 2560 781 2630; x_wconf 78' lang='grc' dir='ltr'>κινήσωσι</span> <span class='ocrx_word' id='word_1_185' title='bbox 839 2559 1075 2629; x_wconf 86' lang='grc' dir='ltr'>τάραχον</span> <span class='ocrx_word' id='word_1_186' title='bbox 1135 2556 1213 2626; x_wconf 86' lang='grc' dir='ltr'><strong>τῷ</strong></span> <span class='ocrx_word' id='word_1_187' title='bbox 1265 2553 1574 2628; x_wconf 82' lang='grc' dir='ltr'>Χριστιανῷ</span> <span class='ocrx_word' id='word_1_188' title='bbox 1599 2554 1642 2584; x_wconf 82' lang='grc'><strong>⁸⁸</strong></span> <span class='ocrx_word' id='word_1_189' title='bbox 1700 2552 1942 2623; x_wconf 79' lang='grc' dir='ltr'>ὀνόματι.</span> 
     </span>
    </p>
   </div>
   <div class='ocr_carea' id='block_1_29' title="bbox 445 2641 1945 2717">
    <p class='ocr_par' dir='ltr' id='par_1_29' title="bbox 445 2641 1945 2717">
     <span class='ocr_line' id='line_1_29' title="bbox 445 2641 1945 2717; baseline -0.006 -15"><span class='ocrx_word' id='word_1_190' title='bbox 445 2649 580 2702; x_wconf 72' lang='lat' dir='ltr'><strong>XVI.</strong></span> <span class='ocrx_word' id='word_1_191' title='bbox 617 2647 950 2710; x_wconf 86' lang='grc' dir='ltr'>Διοικοῦντος</span> <span class='ocrx_word' id='word_1_192' title='bbox 972 2646 1148 2700; x_wconf 82' lang='grc' dir='ltr'>τοίνυν</span> <span class='ocrx_word' id='word_1_193' title='bbox 1193 2646 1544 2717; x_wconf 86' lang='grc' dir='ltr'>Μαμερτίνου</span> <span class='ocrx_word' id='word_1_194' title='bbox 1576 2641 1668 2696; x_wconf 84' lang='grc' dir='ltr'><strong>τοῦ</strong></span> <span class='ocrx_word' id='word_1_195' title='bbox 1706 2643 1945 2713; x_wconf 85' lang='grc' dir='ltr'>ἐπάρχου</span> 
     </span>
    </p>
   </div>
   <div class='ocr_carea' id='block_1_30' title="bbox 369 2732 1947 2808">
    <p class='ocr_par' dir='ltr' id='par_1_30' title="bbox 369 2732 1947 2808">
     <span class='ocr_line' id='line_1_30' title="bbox 369 2732 1947 2808; baseline -0.005 -17"><span class='ocrx_word' id='word_1_196' title='bbox 369 2739 462 2791; x_wconf 87' lang='grc' dir='ltr'><strong>τοῦ</strong></span> <span class='ocrx_word' id='word_1_197' title='bbox 492 2737 768 2790; x_wconf 78' lang='grc' dir='ltr'>πολιτικοῦ</span> <span class='ocrx_word' id='word_1_198' title='bbox 813 2737 1000 2808; x_wconf 88' lang='grc' dir='ltr'>θρόνου</span> <span class='ocrx_word' id='word_1_199' title='bbox 1054 2736 1132 2798; x_wconf 81' lang='grc'>³³,</span> <span class='ocrx_word' id='word_1_200' title='bbox 1184 2735 1372 2798; x_wconf 85' lang='grc' dir='ltr'>στάσις</span> <span class='ocrx_word' id='word_1_201' title='bbox 1418 2734 1605 2804; x_wconf 88' lang='grc' dir='ltr'>γέγονε</span> <span class='ocrx_word' id='word_1_202' title='bbox 1651 2732 1745 2785; x_wconf 89' lang='grc' dir='ltr'><strong>τοῦ</strong></span> <span class='ocrx_word' id='word_1_203' title='bbox 1817 2733 1947 2784; x_wconf 90' lang='grc' dir='ltr'><strong>Ῥω-</strong></span> 
     </span>
    </p>
   </div>
   <div class='ocr_carea' id='block_1_31' title="bbox 374 2821 1946 2902">
    <p class='ocr_par' dir='ltr' id='par_1_31' title="bbox 374 2821 1946 2902">
     <span class='ocr_line' id='line_1_31' title="bbox 374 2821 1946 2902; baseline -0.005 -20"><span class='ocrx_word' id='word_1_204' title='bbox 374 2831 545 2901; x_wconf 85' lang='grc' dir='ltr'>μαίων</span> <span class='ocrx_word' id='word_1_205' title='bbox 585 2830 756 2902; x_wconf 82' lang='grc' dir='ltr'>δήμου</span> <span class='ocrx_word' id='word_1_206' title='bbox 809 2830 893 2882; x_wconf 79' lang='grc' dir='ltr'>ἐπ’</span> <span class='ocrx_word' id='word_1_207' title='bbox 922 2830 1142 2900; x_wconf 81' lang='grc' dir='ltr'>ὀνόματι</span> <span class='ocrx_word' id='word_1_208' title='bbox 1183 2827 1277 2881; x_wconf 90' lang='grc' dir='ltr'><strong>τοῦ</strong></span> <span class='ocrx_word' id='word_1_209' title='bbox 1311 2827 1658 2898; x_wconf 78' lang='grc' dir='ltr'><strong>Κλήμεντος⁸</strong></span> <span class='ocrx_word' id='word_1_210' title='bbox 1693 2823 1786 2877; x_wconf 72' lang='grc' dir='ltr'>καὶ</span> <span class='ocrx_word' id='word_1_211' title='bbox 1811 2821 1946 2895; x_wconf 76' lang='grc' dir='ltr'>πρὸς</span> 
     </span>
    </p>
   </div>
   <div class='ocr_carea' id='block_1_32' title="bbox 368 2914 1945 2994">
    <p class='ocr_par' dir='ltr' id='par_1_32' title="bbox 368 2914 1945 2994">
     <span class='ocr_line' id='line_1_32' title="bbox 368 2914 1945 2994; baseline -0.007 -17"><span class='ocrx_word' id='word_1_212' title='bbox 368 2923 630 2994; x_wconf 79' lang='grc' dir='ltr'><strong>ἀλλήλους</strong></span> <span class='ocrx_word' id='word_1_213' title='bbox 663 2922 1040 2992; x_wconf 82' lang='grc' dir='ltr'>συγχυθέντες,</span> <span class='ocrx_word' id='word_1_214' title='bbox 1080 2921 1228 2974; x_wconf 84' lang='grc' dir='ltr'>ἄλλοι</span> <span class='ocrx_word' id='word_1_215' title='bbox 1269 2920 1316 2952; x_wconf 77' lang='grc'><strong>⁵⁷⁸</strong></span> <span class='ocrx_word' id='word_1_216' title='bbox 1362 2920 1458 2990; x_wconf 79' lang='grc' dir='ltr'><strong>μὲν</strong></span> <span class='ocrx_word' id='word_1_217' title='bbox 1493 2918 1674 2986; x_wconf 74' lang='grc' dir='ltr'>ἔλεγον</span> <span class='ocrx_word' id='word_1_218' title='bbox 1695 2935 1707 2945; x_wconf 93' lang='grc'><strong>·</strong></span> <span class='ocrx_word' id='word_1_219' title='bbox 1743 2915 1805 2968; x_wconf 89' lang='grc' dir='ltr'>Τί</span> <span class='ocrx_word' id='word_1_220' title='bbox 1839 2914 1945 2985; x_wconf 76' lang='grc' dir='ltr'><strong>γὰρ</strong></span> 
     </span>
    </p>
   </div>
   <div class='ocr_carea' id='block_1_33' title="bbox 369 3005 1942 3085">
    <p class='ocr_par' dir='ltr' id='par_1_33' title="bbox 369 3005 1942 3085">
     <span class='ocr_line' id='line_1_33' title="bbox 369 3005 1942 3085; baseline -0.008 -17"><span class='ocrx_word' id='word_1_221' title='bbox 369 3017 536 3070; x_wconf 71' lang='grc' dir='ltr'>κακὸν</span> <span class='ocrx_word' id='word_1_222' title='bbox 566 3014 821 3085; x_wconf 80' lang='grc' dir='ltr'>ἔπραξεν,</span> <span class='ocrx_word' id='word_1_223' title='bbox 874 3013 906 3084; x_wconf 80' lang='grc' dir='ltr'>ἦ</span> <span class='ocrx_word' id='word_1_224' title='bbox 967 3013 1020 3064; x_wconf 88' lang='grc' dir='ltr'><strong>τί</strong></span> <span class='ocrx_word' id='word_1_225' title='bbox 1067 3011 1174 3065; x_wconf 80' lang='grc' dir='ltr'>τῶν</span> <span class='ocrx_word' id='word_1_226' title='bbox 1221 3010 1400 3064; x_wconf 83' lang='grc' dir='ltr'>καλῶν</span> <span class='ocrx_word' id='word_1_227' title='bbox 1443 3010 1502 3061; x_wconf 88' lang='grc' dir='ltr'><strong>οὑ</strong></span> <span class='ocrx_word' id='word_1_228' title='bbox 1549 3005 1942 3076; x_wconf 72' lang='grc' dir='ltr'>κατώρθωσενς</span> 
     </span>
    </p>
   </div>
   <div class='ocr_carea' id='block_1_34' title="bbox 369 3101 1945 3177">
    <p class='ocr_par' dir='ltr' id='par_1_34' title="bbox 369 3101 1945 3177">
     <span class='ocr_line' id='line_1_34' title="bbox 369 3101 1945 3177; baseline -0.009 -14"><span class='ocrx_word' id='word_1_229' title='bbox 369 3111 517 3172; x_wconf 86' lang='grc' dir='ltr'>ὅστις</span> <span class='ocrx_word' id='word_1_230' title='bbox 567 3106 675 3177; x_wconf 80' lang='grc' dir='ltr'><strong>γάρ</strong></span> <span class='ocrx_word' id='word_1_231' title='bbox 726 3105 1008 3176; x_wconf 75' lang='grc' dir='ltr'>ἄρρωστος</span> <span class='ocrx_word' id='word_1_232' title='bbox 1042 3108 1170 3176; x_wconf 80' lang='grc' dir='ltr'>παρ’</span> <span class='ocrx_word' id='word_1_233' title='bbox 1195 3103 1358 3157; x_wconf 90' lang='grc' dir='ltr'>αὑτοῦ</span> <span class='ocrx_word' id='word_1_234' title='bbox 1389 3101 1718 3172; x_wconf 75' lang='grc' dir='ltr'>ἐπεσκέφθη,</span> <span class='ocrx_word' id='word_1_235' title='bbox 1753 3101 1945 3161; x_wconf 79' lang='grc' dir='ltr'>ἰάσεως</span> 
     </span>
    </p>
   </div>
   <div class='ocr_carea' id='block_1_35' title="bbox 370 3189 1940 3274">
    <p class='ocr_par' dir='ltr' id='par_1_35' title="bbox 370 3189 1940 3274">
     <span class='ocr_line' id='line_1_35' title="bbox 370 3189 1940 3274; baseline -0.008 -19"><span class='ocrx_word' id='word_1_236' title='bbox 370 3203 594 3274; x_wconf 54' lang='grc' dir='ltr'>ἔτυχεν</span> <span class='ocrx_word' id='word_1_237' title='bbox 644 3201 792 3263; x_wconf 83' lang='grc' dir='ltr'>ὅστις</span> <span class='ocrx_word' id='word_1_238' title='bbox 827 3201 962 3270; x_wconf 82' lang='grc' dir='ltr'>πρὸς</span> <span class='ocrx_word' id='word_1_239' title='bbox 1009 3197 1168 3251; x_wconf 76' lang='grc' dir='ltr'>αὑτὸν</span> <span class='ocrx_word' id='word_1_240' title='bbox 1203 3195 1573 3266; x_wconf 82' lang='grc' dir='ltr'>λελυπημένος</span> <span class='ocrx_word' id='word_1_241' title='bbox 1626 3194 1670 3225; x_wconf 84' lang='grc'><strong>⁵³</strong></span> <span class='ocrx_word' id='word_1_242' title='bbox 1711 3189 1940 3260; x_wconf 78' lang='grc' dir='ltr'>ἀπῆλθε,</span> 
     </span>
    </p>
   </div>
   <div class='ocr_carea' id='block_1_36' title="bbox 370 3283 1944 3366">
    <p class='ocr_par' dir='ltr' id='par_1_36' title="bbox 370 3283 1944 3366">
     <span class='ocr_line' id='line_1_36' title="bbox 370 3283 1944 3366; baseline -0.01 -16"><span class='ocrx_word' id='word_1_243' title='bbox 370 3295 574 3366; x_wconf 81' lang='grc' dir='ltr'>χαίρων</span> <span class='ocrx_word' id='word_1_244' title='bbox 623 3294 1002 3366; x_wconf 84' lang='grc' dir='ltr'>ἀνεχώρησεν·</span> <span class='ocrx_word' id='word_1_245' title='bbox 1056 3288 1246 3342; x_wconf 76' lang='grc' dir='ltr'>οὐδένα</span> <span class='ocrx_word' id='word_1_246' title='bbox 1288 3287 1416 3340; x_wconf 85' lang='grc' dir='ltr'><strong>ποτέ</strong></span> <span class='ocrx_word' id='word_1_247' title='bbox 1467 3285 1685 3354; x_wconf 62' lang='grc' dir='ltr'>ἔϐλαψε,</span> <span class='ocrx_word' id='word_1_248' title='bbox 1739 3283 1944 3344; x_wconf 86' lang='grc' dir='ltr'>πάντας</span> 
     </span>
    </p>
   </div>
   <div class='ocr_carea' id='block_1_37' title="bbox 369 3375 1946 3456">
    <p class='ocr_par' dir='ltr' id='par_1_37' title="bbox 369 3375 1946 3456">
     <span class='ocr_line' id='line_1_37' title="bbox 369 3375 1946 3456; baseline -0.008 -18"><span class='ocrx_word' id='word_1_249' title='bbox 369 3387 424 3438; x_wconf 86' lang='grc' dir='ltr'><strong>δέ</strong></span> <span class='ocrx_word' id='word_1_250' title='bbox 469 3387 768 3456; x_wconf 70' lang='grc' dir='ltr'>ὠφέλησεν.</span> <span class='ocrx_word' id='word_1_251' title='bbox 804 3385 987 3437; x_wconf 79' lang='grc' dir='ltr'>Ἀλλοι</span> <span class='ocrx_word' id='word_1_252' title='bbox 1041 3381 1095 3434; x_wconf 81' lang='grc' dir='ltr'><strong>δὲ</strong></span> <span class='ocrx_word' id='word_1_253' title='bbox 1117 3379 1384 3450; x_wconf 83' lang='grc' dir='ltr'>πνεύματι</span> <span class='ocrx_word' id='word_1_254' title='bbox 1414 3375 1703 3446; x_wconf 78' lang='grc' dir='ltr'>διαϐολικῷ</span> <span class='ocrx_word' id='word_1_255' title='bbox 1755 3376 1946 3427; x_wconf 81' lang='grc' dir='ltr'>ἐκκαυ-</span> 
     </span>
    </p>
   </div>
   <div class='ocr_carea' id='block_1_38' title="bbox 372 3462 1941 3546">
    <p class='ocr_par' dir='ltr' id='par_1_38' title="bbox 372 3462 1941 3546">
     <span class='ocr_line' id='line_1_38' title="bbox 372 3462 1941 3546; baseline -0.01 -18"><span class='ocrx_word' id='word_1_256' title='bbox 372 3475 586 3540; x_wconf 80' lang='grc' dir='ltr'>θέντες,</span> <span class='ocrx_word' id='word_1_257' title='bbox 621 3476 880 3546; x_wconf 73' lang='grc' dir='ltr'>ἔκραζονο</span> <span class='ocrx_word' id='word_1_258' title='bbox 921 3474 964 3526; x_wconf 91' lang='grc' dir='ltr'><strong>Γ</strong></span> <span class='ocrx_word' id='word_1_259' title='bbox 966 3473 1211 3542; x_wconf 87' lang='grc' dir='ltr'>οητικαῖς</span> <span class='ocrx_word' id='word_1_260' title='bbox 1255 3469 1470 3538; x_wconf 79' lang='grc' dir='ltr'>τέχναις</span> <span class='ocrx_word' id='word_1_261' title='bbox 1528 3466 1700 3519; x_wconf 89' lang='grc' dir='ltr'>ταῦτα</span> <span class='ocrx_word' id='word_1_262' title='bbox 1753 3462 1941 3526; x_wconf 77' lang='grc' dir='ltr'>ποιῶν,</span> 
     </span>
    </p>
   </div>
   <div class='ocr_carea' id='block_1_39' title="bbox 373 3554 1946 3637">
    <p class='ocr_par' dir='ltr' id='par_1_39' title="bbox 373 3554 1946 3637">
     <span class='ocr_line' id='line_1_39' title="bbox 373 3554 1946 3637; baseline -0.01 -17"><span class='ocrx_word' id='word_1_263' title='bbox 373 3568 478 3620; x_wconf 82' lang='grc' dir='ltr'><strong>τῶν</strong></span> <span class='ocrx_word' id='word_1_264' title='bbox 511 3567 647 3619; x_wconf 85' lang='grc' dir='ltr'>θεῶν</span> <span class='ocrx_word' id='word_1_265' title='bbox 677 3566 834 3637; x_wconf 82' lang='grc' dir='ltr'>ήμῶν</span> <span class='ocrx_word' id='word_1_266' title='bbox 883 3561 990 3634; x_wconf 80' lang='grc' dir='ltr'><strong>τὴν</strong></span> <span class='ocrx_word' id='word_1_267' title='bbox 1052 3561 1306 3632; x_wconf 81' lang='grc' dir='ltr'>λατρείαν</span> <span class='ocrx_word' id='word_1_268' title='bbox 1350 3557 1672 3628; x_wconf 75' lang='grc' dir='ltr'>ἀνατρέπειο</span> <span class='ocrx_word' id='word_1_269' title='bbox 1722 3555 1812 3608; x_wconf 80' lang='grc' dir='ltr'><strong>τὸν</strong></span> <span class='ocrx_word' id='word_1_270' title='bbox 1849 3554 1946 3606; x_wconf 86' lang='grc' dir='ltr'>Δία</span> 
     </span>
    </p>
   </div>
   <div class='ocr_carea' id='block_1_40' title="bbox 372 3646 1945 3728">
    <p class='ocr_par' dir='ltr' id='par_1_40' title="bbox 372 3646 1945 3728">
     <span class='ocr_line' id='line_1_40' title="bbox 372 3646 1945 3728; baseline -0.009 -18"><span class='ocrx_word' id='word_1_271' title='bbox 372 3659 520 3728; x_wconf 81' lang='grc' dir='ltr'>λέγει</span> <span class='ocrx_word' id='word_1_272' title='bbox 581 3650 702 3711; x_wconf 81' lang='grc' dir='ltr'><strong>θέδν</strong></span> <span class='ocrx_word' id='word_1_273' title='bbox 760 3656 833 3728; x_wconf 77' lang='grc' dir='ltr'><strong>μή</strong></span> <span class='ocrx_word' id='word_1_274' title='bbox 881 3651 1042 3708; x_wconf 82' lang='grc' dir='ltr'>εἷναι.</span> <span class='ocrx_word' id='word_1_275' title='bbox 1107 3650 1378 3723; x_wconf 82' lang='grc' dir='ltr'>Ἠρακλέα</span> <span class='ocrx_word' id='word_1_276' title='bbox 1421 3649 1476 3702; x_wconf 88' lang='grc' dir='ltr'><strong>δέ</strong></span> <span class='ocrx_word' id='word_1_277' title='bbox 1535 3647 1624 3700; x_wconf 83' lang='grc' dir='ltr'><strong>τὸν</strong></span> <span class='ocrx_word' id='word_1_278' title='bbox 1679 3646 1945 3718; x_wconf 78' lang='grc' dir='ltr'>ἡμέτερον</span> 
     </span>
    </p>
   </div>
   <div class='ocr_carea' id='block_1_41' title="bbox 374 3737 1944 3820">
    <p class='ocr_par' dir='ltr' id='par_1_41' title="bbox 374 3737 1944 3820">
     <span class='ocr_line' id='line_1_41' title="bbox 374 3737 1944 3820; baseline -0.01 -17"><span class='ocrx_word' id='word_1_279' title='bbox 374 3751 609 3820; x_wconf 87' lang='grc' dir='ltr'>φύλακα,</span> <span class='ocrx_word' id='word_1_280' title='bbox 649 3749 952 3820; x_wconf 84' lang='grc' dir='ltr'>ἀκάθαρτον</span> <span class='ocrx_word' id='word_1_281' title='bbox 973 3743 1110 3799; x_wconf 80' lang='grc' dir='ltr'>εἶναι</span> <span class='ocrx_word' id='word_1_282' title='bbox 1159 3743 1308 3811; x_wconf 83' lang='grc' dir='ltr'>λέγει</span> <span class='ocrx_word' id='word_1_283' title='bbox 1337 3741 1581 3810; x_wconf 87' lang='grc' dir='ltr'>πνεῦμα·</span> <span class='ocrx_word' id='word_1_284' title='bbox 1629 3737 1944 3809; x_wconf 80' lang='grc' dir='ltr'>Ἀφροδίτην</span> 
     </span>
    </p>
   </div>
   <div class='ocr_carea' id='block_1_42' title="bbox 373 3830 1942 3913">
    <p class='ocr_par' dir='ltr' id='par_1_42' title="bbox 373 3830 1942 3913">
     <span class='ocr_line' id='line_1_42' title="bbox 373 3830 1942 3913; baseline -0.009 -17"><span class='ocrx_word' id='word_1_285' title='bbox 373 3845 472 3913; x_wconf 77' lang='grc' dir='ltr'>τὴν</span> <span class='ocrx_word' id='word_1_286' title='bbox 519 3843 672 3895; x_wconf 81' lang='grc' dir='ltr'>ὁσίαν</span> <span class='ocrx_word' id='word_1_287' title='bbox 715 3842 762 3872; x_wconf 78' lang='grc'>⁸⁸</span> <span class='ocrx_word' id='word_1_288' title='bbox 803 3840 952 3906; x_wconf 82' lang='grc' dir='ltr'>θεὰν,</span> <span class='ocrx_word' id='word_1_289' title='bbox 1008 3839 1212 3908; x_wconf 80' lang='grc' dir='ltr'>πόρνην</span> <span class='ocrx_word' id='word_1_290' title='bbox 1267 3835 1546 3905; x_wconf 84' lang='grc' dir='ltr'>γεγονέναι</span> <span class='ocrx_word' id='word_1_291' title='bbox 1597 3830 1942 3884; x_wconf 85' lang='grc' dir='ltr'>ὑποτίθεται·</span> 
     </span>
    </p>
   </div>
   <div class='ocr_carea' id='block_1_43' title="bbox 388 3919 1946 4002">
    <p class='ocr_par' dir='ltr' id='par_1_43' title="bbox 388 3919 1946 4002">
     <span class='ocr_line' id='line_1_43' title="bbox 388 3919 1946 4002; baseline -0.01 -16"><span class='ocrx_word' id='word_1_292' title='bbox 388 3933 604 3986; x_wconf 82' lang='grc' dir='ltr'>Ἑστίαν</span> <span class='ocrx_word' id='word_1_293' title='bbox 632 3933 689 3985; x_wconf 84' lang='grc' dir='ltr'><strong>δέ</strong></span> <span class='ocrx_word' id='word_1_294' title='bbox 725 3932 822 4002; x_wconf 75' lang='grc' dir='ltr'><strong>τὴν</strong></span> <span class='ocrx_word' id='word_1_295' title='bbox 859 3929 1099 4001; x_wconf 85' lang='grc' dir='ltr'>μεγάλην</span> <span class='ocrx_word' id='word_1_296' title='bbox 1151 3926 1279 3980; x_wconf 77' lang='grc' dir='ltr'>θεὰν</span> <span class='ocrx_word' id='word_1_297' title='bbox 1338 3925 1469 3994; x_wconf 70' lang='grc' dir='ltr'>πυρὶ</span> <span class='ocrx_word' id='word_1_298' title='bbox 1534 3919 1946 3990; x_wconf 81' lang='grc' dir='ltr'>κατηναλῶσθαι</span> 
     </span>
    </p>
   </div>
   <div class='ocr_carea' id='block_1_44' title="bbox 379 4012 1944 4095">
    <p class='ocr_par' dir='ltr' id='par_1_44' title="bbox 379 4012 1944 4095">
     <span class='ocr_line' id='line_1_44' title="bbox 379 4012 1944 4095; baseline -0.01 -17"><span class='ocrx_word' id='word_1_299' title='bbox 379 4025 710 4095; x_wconf 78' lang='grc' dir='ltr'>βλασφημεῖ.</span> <span class='ocrx_word' id='word_1_300' title='bbox 771 4021 1040 4084; x_wconf 78' lang='grc' dir='ltr'>Ὡσαύτως</span> <span class='ocrx_word' id='word_1_301' title='bbox 1093 4019 1147 4078; x_wconf 76' lang='grc' dir='ltr'>δὲ</span> <span class='ocrx_word' id='word_1_302' title='bbox 1175 4019 1267 4072; x_wconf 69' lang='grc' dir='ltr'>καὶ</span> <span class='ocrx_word' id='word_1_303' title='bbox 1326 4018 1425 4088; x_wconf 78' lang='grc' dir='ltr'>τὴν</span> <span class='ocrx_word' id='word_1_304' title='bbox 1486 4012 1854 4082; x_wconf 87' lang='grc' dir='ltr'>εὑαγεστάτην</span> <span class='ocrx_word' id='word_1_305' title='bbox 1899 4012 1944 4042; x_wconf 84' lang='grc'><strong>³⁷</strong></span> 
     </span>
    </p>
   </div>
   <div class='ocr_carea' id='block_1_45' title="bbox 379 4107 1948 4185">
    <p class='ocr_par' dir='ltr' id='par_1_45' title="bbox 379 4107 1948 4185">
     <span class='ocr_line' id='line_1_45' title="bbox 379 4107 1948 4185; baseline -0.008 -15"><span class='ocrx_word' id='word_1_306' title='bbox 379 4118 506 4171; x_wconf 81' lang='grc' dir='ltr'>θεάν</span> <span class='ocrx_word' id='word_1_307' title='bbox 551 4116 796 4185; x_wconf 79' lang='grc' dir='ltr'>Ἀθηνᾶν,</span> <span class='ocrx_word' id='word_1_308' title='bbox 829 4116 893 4167; x_wconf 70' lang='grc' dir='ltr'><strong>Ἀ</strong></span> <span class='ocrx_word' id='word_1_309' title='bbox 907 4114 1094 4185; x_wconf 86' lang='grc' dir='ltr'>ρτεμίν</span> <span class='ocrx_word' id='word_1_310' title='bbox 1146 4129 1206 4164; x_wconf 90' lang='grc' dir='ltr'><strong>τε</strong></span> <span class='ocrx_word' id='word_1_311' title='bbox 1235 4112 1327 4164; x_wconf 75' lang='grc' dir='ltr'><strong>καὶ</strong></span> <span class='ocrx_word' id='word_1_312' title='bbox 1365 4109 1588 4180; x_wconf 83' lang='grc' dir='ltr'>Ἑρμῆν,</span> <span class='ocrx_word' id='word_1_313' title='bbox 1631 4107 1747 4177; x_wconf 74' lang='grc' dir='ltr'>ἅμα</span> <span class='ocrx_word' id='word_1_314' title='bbox 1775 4123 1834 4158; x_wconf 89' lang='grc' dir='ltr'><strong>τε</strong></span> <span class='ocrx_word' id='word_1_315' title='bbox 1855 4107 1948 4158; x_wconf 76' lang='grc' dir='ltr'><strong>καί</strong></span> 
     </span>
    </p>
   </div>
   <div class='ocr_carea' id='block_1_46' title="bbox 376 4200 1946 4279">
    <p class='ocr_par' dir='ltr' id='par_1_46' title="bbox 376 4200 1946 4279">
     <span class='ocr_line' id='line_1_46' title="bbox 376 4200 1946 4279; baseline -0.007 -16"><span class='ocrx_word' id='word_1_316' title='bbox 376 4211 466 4263; x_wconf 79' lang='grc' dir='ltr'><strong>τὸν</strong></span> <span class='ocrx_word' id='word_1_317' title='bbox 517 4208 738 4279; x_wconf 84' lang='grc' dir='ltr'>Κρόνον,</span> <span class='ocrx_word' id='word_1_318' title='bbox 780 4208 873 4260; x_wconf 80' lang='grc' dir='ltr'><strong>καὶ</strong></span> <span class='ocrx_word' id='word_1_319' title='bbox 936 4205 1026 4258; x_wconf 76' lang='grc' dir='ltr'>τὸν</span> <span class='ocrx_word' id='word_1_320' title='bbox 1070 4207 1240 4274; x_wconf 77' lang='grc' dir='ltr'>’Ἄρεα</span> <span class='ocrx_word' id='word_1_321' title='bbox 1301 4201 1595 4256; x_wconf 82' lang='grc' dir='ltr'>διαϐάλλει.</span> <span class='ocrx_word' id='word_1_322' title='bbox 1669 4200 1850 4252; x_wconf 89' lang='grc' dir='ltr'>Πάντα</span> <span class='ocrx_word' id='word_1_323' title='bbox 1887 4216 1946 4252; x_wconf 87' lang='grc' dir='ltr'><strong>τε</strong></span> 
     </span>
    </p>
   </div>
   <div class='ocr_carea' id='block_1_47' title="bbox 378 4293 1948 4370">
    <p class='ocr_par' dir='ltr' id='par_1_47' title="bbox 378 4293 1948 4370">
     <span class='ocr_line' id='line_1_47' title="bbox 378 4293 1948 4370; baseline -0.006 -17"><span class='ocrx_word' id='word_1_324' title='bbox 378 4302 446 4354; x_wconf 79' lang='grc' dir='ltr'>τὰ</span> <span class='ocrx_word' id='word_1_325' title='bbox 488 4301 728 4370; x_wconf 84' lang='grc' dir='ltr'>ὀνόματα</span> <span class='ocrx_word' id='word_1_326' title='bbox 784 4298 892 4352; x_wconf 82' lang='grc' dir='ltr'><strong>τῶν</strong></span> <span class='ocrx_word' id='word_1_327' title='bbox 947 4297 1227 4368; x_wconf 81' lang='grc' dir='ltr'>ἡμετέρων</span> <span class='ocrx_word' id='word_1_328' title='bbox 1287 4293 1443 4358; x_wconf 84' lang='grc' dir='ltr'>θεῶν,</span> <span class='ocrx_word' id='word_1_329' title='bbox 1494 4293 1749 4355; x_wconf 75' lang='grc' dir='ltr'>καὶτοὺς</span> <span class='ocrx_word' id='word_1_330' title='bbox 1788 4293 1948 4355; x_wconf 78' lang='grc' dir='ltr'>ναοὺς</span> 
     </span>
    </p>
   </div>
   <div class='ocr_carea' id='block_1_48' title="bbox 380 4383 1949 4464">
    <p class='ocr_par' dir='ltr' id='par_1_48' title="bbox 380 4383 1949 4464">
     <span class='ocr_line' id='line_1_48' title="bbox 380 4383 1949 4464; baseline -0.007 -18"><span class='ocrx_word' id='word_1_331' title='bbox 380 4392 716 4464; x_wconf 79' lang='grc' dir='ltr'>καθυϐρίζει.</span> <span class='ocrx_word' id='word_1_332' title='bbox 787 4393 858 4444; x_wconf 83' lang='grc' dir='ltr'>’Ἡ</span> <span class='ocrx_word' id='word_1_333' title='bbox 904 4390 1054 4444; x_wconf 89' lang='grc' dir='ltr'>θύσει</span> <span class='ocrx_word' id='word_1_334' title='bbox 1091 4393 1205 4452; x_wconf 83' lang='grc' dir='ltr'>τοῖς</span> <span class='ocrx_word' id='word_1_335' title='bbox 1264 4387 1406 4451; x_wconf 84' lang='grc' dir='ltr'>θεοῖς</span> <span class='ocrx_word' id='word_1_336' title='bbox 1464 4385 1642 4457; x_wconf 75' lang='grc' dir='ltr'>ἡμῶν,</span> <span class='ocrx_word' id='word_1_337' title='bbox 1696 4383 1729 4455; x_wconf 79' lang='grc' dir='ltr'>ἢ</span> <span class='ocrx_word' id='word_1_338' title='bbox 1787 4384 1949 4449; x_wconf 82' lang='grc' dir='ltr'>αὑτὸς</span> 
     </span>
    </p>
   </div>
   <div class='ocr_carea' id='block_1_49' title="bbox 378 4484 738 4555">
    <p class='ocr_par' dir='ltr' id='par_1_49' title="bbox 378 4484 738 4555">
     <span class='ocr_line' id='line_1_49' title="bbox 378 4484 738 4555; baseline -0.003 -17"><span class='ocrx_word' id='word_1_339' title='bbox 378 4484 738 4555; x_wconf 68' lang='grc' dir='ltr'>ἐξαλειφθείη.</span> 
     </span>
    </p>
   </div>
   <div class='ocr_carea' id='block_1_50' title="bbox 448 4568 1944 4646">
    <p class='ocr_par' dir='ltr' id='par_1_50' title="bbox 448 4568 1944 4646">
     <span class='ocr_line' id='line_1_50' title="bbox 448 4568 1944 4646; baseline -0.007 -16"><span class='ocrx_word' id='word_1_340' title='bbox 448 4577 608 4632; x_wconf 74' lang='lat' dir='ltr'><strong>XVII.</strong></span> <span class='ocrx_word' id='word_1_341' title='bbox 667 4577 801 4630; x_wconf 84' lang='grc' dir='ltr'>Τότε</span> <span class='ocrx_word' id='word_1_342' title='bbox 826 4578 1172 4646; x_wconf 85' lang='grc' dir='ltr'>Μαμερτῖνος</span> <span class='ocrx_word' id='word_1_343' title='bbox 1217 4575 1244 4627; x_wconf 89' lang='grc' dir='ltr'>ὁ</span> <span class='ocrx_word' id='word_1_344' title='bbox 1291 4573 1391 4642; x_wconf 86' lang='grc' dir='ltr'>τῆς</span> <span class='ocrx_word' id='word_1_345' title='bbox 1437 4570 1642 4633; x_wconf 87' lang='grc' dir='ltr'>πόλεως</span> <span class='ocrx_word' id='word_1_346' title='bbox 1689 4568 1944 4640; x_wconf 77' lang='grc' dir='ltr'>ἔπαρχος,</span> 
     </span>
    </p>
   </div>
   <div class='ocr_carea' id='block_1_51' title="bbox 381 4660 1947 4742">
    <p class='ocr_par' dir='ltr' id='par_1_51' title="bbox 381 4660 1947 4742">
     <span class='ocr_line' id='line_1_51' title="bbox 381 4660 1947 4742; baseline -0.007 -19"><span class='ocrx_word' id='word_1_347' title='bbox 381 4671 454 4741; x_wconf 75' lang='grc' dir='ltr'>μὴ</span> <span class='ocrx_word' id='word_1_348' title='bbox 505 4671 684 4742; x_wconf 82' lang='grc' dir='ltr'>φέρων</span> <span class='ocrx_word' id='word_1_349' title='bbox 727 4669 820 4722; x_wconf 87' lang='grc' dir='ltr'><strong>τοῦ</strong></span> <span class='ocrx_word' id='word_1_350' title='bbox 860 4669 1030 4740; x_wconf 82' lang='grc' dir='ltr'>δήμου</span> <span class='ocrx_word' id='word_1_351' title='bbox 1082 4668 1179 4738; x_wconf 79' lang='grc' dir='ltr'><strong>τὴν</strong></span> <span class='ocrx_word' id='word_1_352' title='bbox 1241 4666 1450 4727; x_wconf 89' lang='grc' dir='ltr'>στάσιν,</span> <span class='ocrx_word' id='word_1_353' title='bbox 1503 4662 1753 4716; x_wconf 81' lang='grc' dir='ltr'>ἐκέλευσε</span> <span class='ocrx_word' id='word_1_354' title='bbox 1811 4660 1947 4732; x_wconf 80' lang='grc' dir='ltr'>πρὸς</span> 
     </span>
    </p>
   </div>
   <div class='ocr_carea' id='block_1_52' title="bbox 378 4753 1944 4831">
    <p class='ocr_par' dir='ltr' id='par_1_52' title="bbox 378 4753 1944 4831">
     <span class='ocr_line' id='line_1_52' title="bbox 378 4753 1944 4831; baseline -0.006 -17"><span class='ocrx_word' id='word_1_355' title='bbox 378 4761 568 4816; x_wconf 79' lang='grc' dir='ltr'>ἑαυτὸν</span> <span class='ocrx_word' id='word_1_356' title='bbox 613 4761 911 4831; x_wconf 79' lang='grc' dir='ltr'>ἀναχθῆναι</span> <span class='ocrx_word' id='word_1_357' title='bbox 937 4761 983 4791; x_wconf 78' lang='grc'><strong>⁵⁸</strong></span> <span class='ocrx_word' id='word_1_358' title='bbox 1043 4758 1131 4812; x_wconf 64' lang='grc' dir='ltr'><strong>τδυ</strong></span> <span class='ocrx_word' id='word_1_359' title='bbox 1178 4753 1590 4829; x_wconf 69' lang='grc' dir='ltr'>μακαριώτατον</span> <span class='ocrx_word' id='word_1_360' title='bbox 1621 4753 1944 4825; x_wconf 71' lang='grc' dir='ltr'>Κλήμεντασ</span> 
     </span>
    </p>
   </div>
   <div class='ocr_carea' id='block_1_53' title="bbox 376 4843 1947 4925">
    <p class='ocr_par' dir='ltr' id='par_1_53' title="bbox 376 4843 1947 4925">
     <span class='ocr_line' id='line_1_53' title="bbox 376 4843 1947 4925; baseline -0.006 -18"><span class='ocrx_word' id='word_1_361' title='bbox 376 4855 546 4925; x_wconf 74' lang='grc' dir='ltr'>ὅνπερ</span> <span class='ocrx_word' id='word_1_362' title='bbox 586 4853 935 4923; x_wconf 90' lang='grc' dir='ltr'>θεασάμενος,</span> <span class='ocrx_word' id='word_1_363' title='bbox 1005 4849 1204 4922; x_wconf 69' lang='grc' dir='ltr'>ἧρξατο</span> <span class='ocrx_word' id='word_1_364' title='bbox 1273 4847 1482 4915; x_wconf 86' lang='grc' dir='ltr'>λέγειν·</span> <span class='ocrx_word' id='word_1_365' title='bbox 1564 4845 1654 4910; x_wconf 78' lang='grc' dir='ltr'><strong>Ἐξ</strong></span> <span class='ocrx_word' id='word_1_366' title='bbox 1695 4843 1947 4914; x_wconf 79' lang='grc' dir='ltr'>εὐγενοῦς</span> 
     </span>
    </p>
   </div>
   <div class='ocr_carea' id='block_1_54' title="bbox 382 4937 1944 5019">
    <p class='ocr_par' dir='ltr' id='par_1_54' title="bbox 382 4937 1944 5019">
     <span class='ocr_line' id='line_1_54' title="bbox 382 4937 1944 5019; baseline -0.008 -19"><span class='ocrx_word' id='word_1_367' title='bbox 382 4947 481 5017; x_wconf 84' lang='grc' dir='ltr'><strong>μὲν</strong></span> <span class='ocrx_word' id='word_1_368' title='bbox 506 4946 658 5019; x_wconf 76' lang='grc' dir='ltr'>ῥίζης</span> <span class='ocrx_word' id='word_1_369' title='bbox 694 4943 1064 5018; x_wconf 87' lang='grc' dir='ltr'>προελήλυθας</span> <span class='ocrx_word' id='word_1_370' title='bbox 1083 4959 1097 4972; x_wconf 77' lang='grc'><em>’</em></span> <span class='ocrx_word' id='word_1_371' title='bbox 1131 4942 1267 5011; x_wconf 85' lang='grc' dir='ltr'>ὅπερ</span> <span class='ocrx_word' id='word_1_372' title='bbox 1300 4941 1430 5008; x_wconf 74' lang='grc' dir='ltr'>ἡμῖν</span> <span class='ocrx_word' id='word_1_373' title='bbox 1461 4941 1494 5009; x_wconf 76' lang='grc' dir='ltr'>ἡ</span> <span class='ocrx_word' id='word_1_374' title='bbox 1521 4937 1630 4990; x_wconf 82' lang='grc' dir='ltr'>τῶν</span> <span class='ocrx_word' id='word_1_375' title='bbox 1664 4937 1944 5007; x_wconf 84' lang='grc' dir='ltr'>Ῥωμαίων</span> 
     </span>
    </p>
   </div>
   <div class='ocr_carea' id='block_1_55' title="bbox 379 5027 1945 5110">
    <p class='ocr_par' dir='ltr' id='par_1_55' title="bbox 379 5027 1945 5110">
     <span class='ocr_line' id='line_1_55' title="bbox 379 5027 1945 5110; baseline -0.008 -20"><span class='ocrx_word' id='word_1_376' title='bbox 379 5038 587 5110; x_wconf 73' lang='grc' dir='ltr'>πληθὺς</span> <span class='ocrx_word' id='word_1_377' title='bbox 634 5037 1046 5109; x_wconf 87' lang='grc' dir='ltr'>προσμαρτυρεῖ</span> <span class='ocrx_word' id='word_1_378' title='bbox 1091 5034 1169 5064; x_wconf 81' lang='grc'><strong>⁵³·</strong></span> <span class='ocrx_word' id='word_1_379' title='bbox 1235 5030 1369 5083; x_wconf 81' lang='grc' dir='ltr'>ἀλλὰ</span> <span class='ocrx_word' id='word_1_380' title='bbox 1421 5028 1627 5097; x_wconf 85' lang='grc' dir='ltr'>πλάνην</span> <span class='ocrx_word' id='word_1_381' title='bbox 1674 5027 1945 5096; x_wconf 61' lang='lat' dir='ltr'><strong>tim-Em;-</strong></span> 
     </span>
    </p>
   </div>
   <div class='ocr_carea' id='block_1_56' title="bbox 378 5115 1948 5198">
    <p class='ocr_par' dir='ltr' id='par_1_56' title="bbox 378 5115 1948 5198">
     <span class='ocr_line' id='line_1_56' title="bbox 378 5115 1948 5198; baseline -0.01 -13"><span class='ocrx_word' id='word_1_382' title='bbox 378 5132 472 5185; x_wconf 82' lang='grc' dir='ltr'>καὶ</span> <span class='ocrx_word' id='word_1_383' title='bbox 516 5131 604 5184; x_wconf 79' lang='grc' dir='ltr'><strong>διά</strong></span> <span class='ocrx_word' id='word_1_384' title='bbox 644 5131 802 5184; x_wconf 86' lang='grc' dir='ltr'>τοῦτο</span> <span class='ocrx_word' id='word_1_385' title='bbox 859 5131 920 5182; x_wconf 81' lang='grc' dir='ltr'><strong>ού</strong></span> <span class='ocrx_word' id='word_1_386' title='bbox 980 5127 1237 5198; x_wconf 80' lang='grc' dir='ltr'>φέρουσιν</span> <span class='ocrx_word' id='word_1_387' title='bbox 1288 5124 1366 5154; x_wconf 77' lang='grc'><strong>⁵⁸·</strong></span> <span class='ocrx_word' id='word_1_388' title='bbox 1429 5120 1616 5190; x_wconf 84' lang='grc' dir='ltr'>ἐπειδὴ</span> <span class='ocrx_word' id='word_1_389' title='bbox 1683 5121 1784 5173; x_wconf 79' lang='grc' dir='ltr'><strong>οὑκ</strong></span> <span class='ocrx_word' id='word_1_390' title='bbox 1830 5115 1948 5172; x_wconf 80' lang='grc' dir='ltr'>οἶδα</span> 
     </span>
    </p>
   </div>
   <div class='ocr_carea' id='block_1_57' title="bbox 378 5214 1944 5296">
    <p class='ocr_par' dir='ltr' id='par_1_57' title="bbox 378 5214 1944 5296">
     <span class='ocr_line' id='line_1_57' title="bbox 378 5214 1944 5296; baseline -0.008 -20"><span class='ocrx_word' id='word_1_391' title='bbox 378 5224 499 5277; x_wconf 88' lang='grc' dir='ltr'>τίνα</span> <span class='ocrx_word' id='word_1_392' title='bbox 525 5225 756 5295; x_wconf 74' lang='grc' dir='ltr'>Χριστὸν</span> <span class='ocrx_word' id='word_1_393' title='bbox 789 5223 940 5296; x_wconf 77' lang='grc' dir='ltr'>σέϐῃ,</span> <span class='ocrx_word' id='word_1_394' title='bbox 970 5221 1063 5274; x_wconf 71' lang='grc' dir='ltr'>καὶ</span> <span class='ocrx_word' id='word_1_395' title='bbox 1111 5216 1325 5271; x_wconf 85' lang='grc' dir='ltr'>ἐναντία</span> <span class='ocrx_word' id='word_1_396' title='bbox 1369 5214 1476 5267; x_wconf 84' lang='grc' dir='ltr'><strong>τῶν</strong></span> <span class='ocrx_word' id='word_1_397' title='bbox 1504 5214 1546 5244; x_wconf 80' lang='grc'><strong>⁶¹</strong></span> <span class='ocrx_word' id='word_1_398' title='bbox 1573 5215 1630 5267; x_wconf 90' lang='grc' dir='ltr'><strong>ἐν</strong></span> <span class='ocrx_word' id='word_1_399' title='bbox 1666 5217 1775 5276; x_wconf 86' lang='grc' dir='ltr'>τοῖς</span> <span class='ocrx_word' id='word_1_400' title='bbox 1799 5215 1944 5274; x_wconf 87' lang='grc' dir='ltr'>ναοῖς</span> 
     </span>
    </p>
   </div>
   <div class='ocr_carea' id='block_1_58' title="bbox 2051 538 3614 612">
    <p class='ocr_par' dir='ltr' id='par_1_58' title="bbox 2051 538 3614 612">
     <span class='ocr_line' id='line_1_58' title="bbox 2051 538 3614 612; baseline 0.003 -20"><span class='ocrx_word' id='word_1_401' title='bbox 2051 538 2174 592; x_wconf 86' lang='lat' dir='ltr'><strong>ham</strong></span> <span class='ocrx_word' id='word_1_402' title='bbox 2225 548 2406 592; x_wconf 90' lang='lat' dir='ltr'><strong>autem</strong></span> <span class='ocrx_word' id='word_1_403' title='bbox 2438 555 2630 594; x_wconf 85' lang='lat' dir='ltr'><strong>rursus</strong></span> <span class='ocrx_word' id='word_1_404' title='bbox 2672 556 2883 608; x_wconf 90' lang='lat' dir='ltr'><strong>verum,</strong></span> <span class='ocrx_word' id='word_1_405' title='bbox 2918 545 3065 612; x_wconf 89' lang='lat' dir='ltr'><strong>quod</strong></span> <span class='ocrx_word' id='word_1_406' title='bbox 3124 544 3319 598; x_wconf 87' lang='lat' dir='ltr'><strong>falsum</strong></span> <span class='ocrx_word' id='word_1_407' title='bbox 3353 553 3502 598; x_wconf 89' lang='lat' dir='ltr'><strong>erat:</strong></span> <span class='ocrx_word' id='word_1_408' title='bbox 3533 551 3614 596; x_wconf 80' lang='lat' dir='ltr'><strong>te-</strong></span> 
     </span>
    </p>
   </div>
   <div class='ocr_carea' id='block_1_59' title="bbox 2049 630 3618 697">
    <p class='ocr_par' dir='ltr' id='par_1_59' title="bbox 2049 630 3618 697">
     <span class='ocr_line' id='line_1_59' title="bbox 2049 630 3618 697; baseline 0.004 -15"><span class='ocrx_word' id='word_1_409' title='bbox 2049 630 2249 683; x_wconf 86' lang='lat' dir='ltr'><strong>nebras</strong></span> <span class='ocrx_word' id='word_1_410' title='bbox 2273 630 2528 697; x_wconf 88' lang='lat' dir='ltr'><strong>putabam</strong></span> <span class='ocrx_word' id='word_1_411' title='bbox 2560 632 2760 694; x_wconf 90' lang='lat' dir='ltr'><strong>lucem,</strong></span> <span class='ocrx_word' id='word_1_412' title='bbox 2791 642 2844 686; x_wconf 95' lang='lat' dir='ltr'><strong>ct</strong></span> <span class='ocrx_word' id='word_1_413' title='bbox 2884 634 3059 688; x_wconf 88' lang='lat' dir='ltr'><strong>lucem</strong></span> <span class='ocrx_word' id='word_1_414' title='bbox 3113 639 3362 690; x_wconf 89' lang='lat' dir='ltr'><strong>tenebras</strong></span> <span class='ocrx_word' id='word_1_415' title='bbox 3389 637 3618 689; x_wconf 85' lang='lat' dir='ltr'><strong>arbitra-</strong></span> 
     </span>
    </p>
   </div>
   <div class='ocr_carea' id='block_1_60' title="bbox 2048 724 3619 796">
    <p class='ocr_par' dir='ltr' id='par_1_60' title="bbox 2048 724 3619 796">
     <span class='ocr_line' id='line_1_60' title="bbox 2048 724 3619 796; baseline 0.003 -18"><span class='ocrx_word' id='word_1_416' title='bbox 2048 724 2166 779; x_wconf 85' lang='lat' dir='ltr'><strong>bar.</strong></span> <span class='ocrx_word' id='word_1_417' title='bbox 2203 724 2307 778; x_wconf 89' lang='lat' dir='ltr'><strong>Sed</strong></span> <span class='ocrx_word' id='word_1_418' title='bbox 2336 735 2598 796; x_wconf 86' lang='lat' dir='ltr'><strong>purgatus</strong></span> <span class='ocrx_word' id='word_1_419' title='bbox 2629 736 2710 780; x_wconf 84' lang='lat' dir='ltr'><strong>est</strong></span> <span class='ocrx_word' id='word_1_420' title='bbox 2739 728 2955 782; x_wconf 88' lang='lat' dir='ltr'><strong>animus</strong></span> <span class='ocrx_word' id='word_1_421' title='bbox 2985 745 3138 784; x_wconf 90' lang='lat' dir='ltr'><strong>meus</strong></span> <span class='ocrx_word' id='word_1_422' title='bbox 3167 748 3198 785; x_wconf 90' lang='lat' dir='ltr'><strong>a</strong></span> <span class='ocrx_word' id='word_1_423' title='bbox 3251 733 3504 786; x_wconf 85' lang='lat' dir='ltr'><strong>sordibus</strong></span> <span class='ocrx_word' id='word_1_424' title='bbox 3533 731 3619 783; x_wconf 91' lang='lat' dir='ltr'><strong>in-</strong></span> 
     </span>
    </p>
   </div>
   <div class='ocr_carea' id='block_1_61' title="bbox 2050 817 3616 894">
    <p class='ocr_par' dir='ltr' id='par_1_61' title="bbox 2050 817 3616 894">
     <span class='ocr_line' id='line_1_61' title="bbox 2050 817 3616 894; baseline 0.003 -23"><span class='ocrx_word' id='word_1_425' title='bbox 2050 817 2170 872; x_wconf 89' lang='lat' dir='ltr'><strong>sani</strong></span> <span class='ocrx_word' id='word_1_426' title='bbox 2195 818 2463 872; x_wconf 74' lang='lat' dir='ltr'><strong>idolorum</strong></span> <span class='ocrx_word' id='word_1_427' title='bbox 2499 819 2698 872; x_wconf 77' lang='lat' dir='ltr'><strong>cultus.</strong></span> <span class='ocrx_word' id='word_1_428' title='bbox 2731 819 2865 873; x_wconf 77' lang='lat' dir='ltr'><strong>Vere</strong></span> <span class='ocrx_word' id='word_1_429' title='bbox 2894 821 3162 890; x_wconf 84' lang='lat' dir='ltr'><strong>siquidem</strong></span> <span class='ocrx_word' id='word_1_430' title='bbox 3214 824 3409 892; x_wconf 84' lang='lat' dir='ltr'><strong>agnovi</strong></span> <span class='ocrx_word' id='word_1_431' title='bbox 3439 822 3616 894; x_wconf 87' lang='lat' dir='ltr'><strong>decipi</strong></span> 
     </span>
    </p>
   </div>
   <div class='ocr_carea' id='block_1_62' title="bbox 2048 909 3618 982">
    <p class='ocr_par' dir='ltr' id='par_1_62' title="bbox 2048 909 3618 982">
     <span class='ocr_line' id='line_1_62' title="bbox 2048 909 3618 982; baseline 0.004 -21"><span class='ocrx_word' id='word_1_432' title='bbox 2048 924 2078 961; x_wconf 91' lang='lat' dir='ltr'><strong>a</strong></span> <span class='ocrx_word' id='word_1_433' title='bbox 2105 909 2448 964; x_wconf 75' lang='lat' dir='ltr'><strong>daanonihus</strong></span> <span class='ocrx_word' id='word_1_434' title='bbox 2479 911 2762 976; x_wconf 84' lang='lat' dir='ltr'><strong>homines;</strong></span> <span class='ocrx_word' id='word_1_435' title='bbox 2795 919 2854 964; x_wconf 93' lang='lat' dir='ltr'><strong>ut</strong></span> <span class='ocrx_word' id='word_1_436' title='bbox 2885 912 2936 964; x_wconf 94' lang='lat' dir='ltr'><strong>in</strong></span> <span class='ocrx_word' id='word_1_437' title='bbox 2966 929 3059 967; x_wconf 89' lang='lat' dir='ltr'><strong>cos</strong></span> <span class='ocrx_word' id='word_1_438' title='bbox 3108 913 3201 982; x_wconf 91' lang='lat' dir='ltr'><strong>qui</strong></span> <span class='ocrx_word' id='word_1_439' title='bbox 3249 929 3354 968; x_wconf 91' lang='lat' dir='ltr'><strong>non</strong></span> <span class='ocrx_word' id='word_1_440' title='bbox 3390 915 3618 968; x_wconf 77' lang='lat' dir='ltr'><strong>creduli:</strong></span> 
     </span>
    </p>
   </div>
   <div class='ocr_carea' id='block_1_63' title="bbox 2049 999 3617 1076">
    <p class='ocr_par' dir='ltr' id='par_1_63' title="bbox 2049 999 3617 1076">
     <span class='ocr_line' id='line_1_63' title="bbox 2049 999 3617 1076; baseline 0.003 -21"><span class='ocrx_word' id='word_1_441' title='bbox 2049 1001 2332 1055; x_wconf 86' lang='lat' dir='ltr'><strong>Christum</strong></span> <span class='ocrx_word' id='word_1_442' title='bbox 2365 1017 2487 1055; x_wconf 91' lang='lat' dir='ltr'><strong>esse</strong></span> <span class='ocrx_word' id='word_1_443' title='bbox 2518 999 2709 1066; x_wconf 88' lang='lat' dir='ltr'><strong>Deum,</strong></span> <span class='ocrx_word' id='word_1_444' title='bbox 2739 1004 3093 1059; x_wconf 78' lang='lat' dir='ltr'><strong>dominentur</strong></span> <span class='ocrx_word' id='word_1_445' title='bbox 3117 1014 3280 1074; x_wconf 65' lang='lat' dir='ltr'><strong>petrae</strong></span> <span class='ocrx_word' id='word_1_446' title='bbox 3323 1022 3385 1059; x_wconf 90' lang='lat' dir='ltr'><strong>ac</strong></span> <span class='ocrx_word' id='word_1_447' title='bbox 3411 1006 3617 1076; x_wconf 78' lang='lat' dir='ltr'><strong>lapides</strong></span> 
     </span>
    </p>
   </div>
   <div class='ocr_carea' id='block_1_64' title="bbox 2049 1091 3616 1161">
    <p class='ocr_par' dir='ltr' id='par_1_64' title="bbox 2049 1091 3616 1161">
     <span class='ocr_line' id='line_1_64' title="bbox 2049 1091 3616 1161; baseline 0.003 -17"><span class='ocrx_word' id='word_1_448' title='bbox 2049 1091 2236 1144; x_wconf 90' lang='lat' dir='ltr'><strong>auditu</strong></span> <span class='ocrx_word' id='word_1_449' title='bbox 2270 1100 2519 1144; x_wconf 84' lang='lat' dir='ltr'><strong>carentes</strong></span> <span class='ocrx_word' id='word_1_450' title='bbox 2572 1100 2625 1144; x_wconf 89' lang='lat' dir='ltr'><strong>et</strong></span> <span class='ocrx_word' id='word_1_451' title='bbox 2678 1107 2830 1157; x_wconf 84' lang='lat' dir='ltr'><strong>voce,</strong></span> <span class='ocrx_word' id='word_1_452' title='bbox 2857 1094 3319 1161; x_wconf 89' lang='lat' dir='ltr'><strong>quemadmodum</strong></span> <span class='ocrx_word' id='word_1_453' title='bbox 3380 1105 3433 1149; x_wconf 91' lang='lat' dir='ltr'><strong>et</strong></span> <span class='ocrx_word' id='word_1_454' title='bbox 3483 1096 3616 1150; x_wconf 88' lang='lat' dir='ltr'><strong>mihi</strong></span> 
     </span>
    </p>
   </div>
   <div class='ocr_carea' id='block_1_65' title="bbox 2047 1182 3620 1258">
    <p class='ocr_par' dir='ltr' id='par_1_65' title="bbox 2047 1182 3620 1258">
     <span class='ocr_line' id='line_1_65' title="bbox 2047 1182 3620 1258; baseline 0.004 -22"><span class='ocrx_word' id='word_1_455' title='bbox 2047 1182 2389 1250; x_wconf 87' lang='lat' dir='ltr'><strong>imperarunt</strong></span> <span class='ocrx_word' id='word_1_456' title='bbox 2448 1197 2622 1250; x_wconf 90' lang='lat' dir='ltr'><strong>usque</strong></span> <span class='ocrx_word' id='word_1_457' title='bbox 2675 1182 2730 1236; x_wconf 88' lang='lat' dir='ltr'><strong>in</strong></span> <span class='ocrx_word' id='word_1_458' title='bbox 2783 1185 2929 1239; x_wconf 89' lang='lat' dir='ltr'><strong>hunc</strong></span> <span class='ocrx_word' id='word_1_459' title='bbox 2975 1186 3138 1239; x_wconf 89' lang='lat' dir='ltr'><strong>diem.</strong></span> <span class='ocrx_word' id='word_1_460' title='bbox 3179 1185 3282 1241; x_wconf 83' lang='lat' dir='ltr'><strong>Ista</strong></span> <span class='ocrx_word' id='word_1_461' title='bbox 3310 1186 3620 1258; x_wconf 79' lang='lat' dir='ltr'><strong>similiaque</strong></span> 
     </span>
    </p>
   </div>
   <div class='ocr_carea' id='block_1_66' title="bbox 2051 1273 3617 1348">
    <p class='ocr_par' dir='ltr' id='par_1_66' title="bbox 2051 1273 3617 1348">
     <span class='ocr_line' id='line_1_66' title="bbox 2051 1273 3617 1348; baseline 0.006 -22"><span class='ocrx_word' id='word_1_462' title='bbox 2051 1273 2292 1327; x_wconf 88' lang='lat' dir='ltr'><strong>Sisinnio</strong></span> <span class='ocrx_word' id='word_1_463' title='bbox 2329 1275 2657 1342; x_wconf 86' lang='lat' dir='ltr'><strong>proferente,</strong></span> <span class='ocrx_word' id='word_1_464' title='bbox 2707 1276 2966 1346; x_wconf 83' lang='lat' dir='ltr'><strong>gaudium</strong></span> <span class='ocrx_word' id='word_1_465' title='bbox 3010 1293 3268 1348; x_wconf 85' lang='lat' dir='ltr'><strong>magnum</strong></span> <span class='ocrx_word' id='word_1_466' title='bbox 3305 1289 3482 1332; x_wconf 88' lang='lat' dir='ltr'><strong>ortum</strong></span> <span class='ocrx_word' id='word_1_467' title='bbox 3515 1290 3617 1335; x_wconf 91' lang='lat' dir='ltr'><strong>est.</strong></span> 
     </span>
    </p>
   </div>
   <div class='ocr_carea' id='block_1_67' title="bbox 2049 1364 3620 1440">
    <p class='ocr_par' dir='ltr' id='par_1_67' title="bbox 2049 1364 3620 1440">
     <span class='ocr_line' id='line_1_67' title="bbox 2049 1364 3620 1440; baseline 0.004 -22"><span class='ocrx_word' id='word_1_468' title='bbox 2049 1364 2292 1418; x_wconf 87' lang='lat' dir='ltr'><strong>Credidit</strong></span> <span class='ocrx_word' id='word_1_469' title='bbox 2313 1366 2457 1418; x_wconf 87' lang='lat' dir='ltr'><strong>enim</strong></span> <span class='ocrx_word' id='word_1_470' title='bbox 2485 1381 2608 1420; x_wconf 91' lang='lat' dir='ltr'><strong>cum</strong></span> <span class='ocrx_word' id='word_1_471' title='bbox 2635 1367 2785 1419; x_wconf 90' lang='lat' dir='ltr'><strong>omni</strong></span> <span class='ocrx_word' id='word_1_472' title='bbox 2810 1367 2973 1421; x_wconf 90' lang='lat' dir='ltr'><strong>domo</strong></span> <span class='ocrx_word' id='word_1_473' title='bbox 3003 1383 3135 1435; x_wconf 90' lang='lat' dir='ltr'><strong>sua;</strong></span> <span class='ocrx_word' id='word_1_474' title='bbox 3189 1371 3496 1440; x_wconf 89' lang='lat' dir='ltr'><strong>traditoque</strong></span> <span class='ocrx_word' id='word_1_475' title='bbox 3518 1388 3620 1426; x_wconf 92' lang='lat' dir='ltr'><strong>suo</strong></span> 
     </span>
    </p>
   </div>
   <div class='ocr_carea' id='block_1_68' title="bbox 2049 1457 3618 1530">
    <p class='ocr_par' dir='ltr' id='par_1_68' title="bbox 2049 1457 3618 1530">
     <span class='ocr_line' id='line_1_68' title="bbox 2049 1457 3618 1530; baseline 0.006 -22"><span class='ocrx_word' id='word_1_476' title='bbox 2049 1458 2294 1520; x_wconf 88' lang='lat' dir='ltr'><strong>nomine,</strong></span> <span class='ocrx_word' id='word_1_477' title='bbox 2332 1457 2801 1526; x_wconf 89' lang='lat' dir='ltr'><strong>appropinquante</strong></span> <span class='ocrx_word' id='word_1_478' title='bbox 2851 1457 3114 1515; x_wconf 86' lang='lat' dir='ltr'><strong>Paschate</strong></span> <span class='ocrx_word' id='word_1_479' title='bbox 3167 1462 3470 1530; x_wconf 80' lang='lat' dir='ltr'><strong>baptizatus</strong></span> <span class='ocrx_word' id='word_1_480' title='bbox 3515 1473 3618 1517; x_wconf 89' lang='lat' dir='ltr'><strong>est.</strong></span> 
     </span>
    </p>
   </div>
   <div class='ocr_carea' id='block_1_69' title="bbox 2047 1543 3620 1618">
    <p class='ocr_par' dir='ltr' id='par_1_69' title="bbox 2047 1543 3620 1618">
     <span class='ocr_line' id='line_1_69' title="bbox 2047 1543 3620 1618; baseline 0.008 -21"><span class='ocrx_word' id='word_1_481' title='bbox 2047 1543 2330 1600; x_wconf 84' lang='lat' dir='ltr'><strong>Numerati</strong></span> <span class='ocrx_word' id='word_1_482' title='bbox 2359 1557 2541 1600; x_wconf 90' lang='lat' dir='ltr'><strong>autem</strong></span> <span class='ocrx_word' id='word_1_483' title='bbox 2575 1558 2700 1601; x_wconf 90' lang='lat' dir='ltr'><strong>sunt</strong></span> <span class='ocrx_word' id='word_1_484' title='bbox 2727 1549 2816 1617; x_wconf 86' lang='lat' dir='ltr'><strong>qui</strong></span> <span class='ocrx_word' id='word_1_485' title='bbox 2840 1549 3096 1618; x_wconf 87' lang='lat' dir='ltr'><strong>baptizati</strong></span> <span class='ocrx_word' id='word_1_486' title='bbox 3125 1551 3343 1607; x_wconf 89' lang='lat' dir='ltr'><strong>fuerunt</strong></span> <span class='ocrx_word' id='word_1_487' title='bbox 3365 1555 3430 1609; x_wconf 91' lang='lat' dir='ltr'><strong>de</strong></span> <span class='ocrx_word' id='word_1_488' title='bbox 3455 1556 3620 1610; x_wconf 80' lang='lat' dir='ltr'><strong>domn</strong></span> 
     </span>
    </p>
   </div>
   <div class='ocr_carea' id='block_1_70' title="bbox 2048 1639 3615 1714">
    <p class='ocr_par' dir='ltr' id='par_1_70' title="bbox 2048 1639 3615 1714">
     <span class='ocr_line' id='line_1_70' title="bbox 2048 1639 3615 1714; baseline 0.006 -20"><span class='ocrx_word' id='word_1_489' title='bbox 2048 1639 2188 1709; x_wconf 88' lang='lat' dir='ltr'><strong>ejus,</strong></span> <span class='ocrx_word' id='word_1_490' title='bbox 2221 1656 2411 1695; x_wconf 89' lang='lat' dir='ltr'><strong>omnes</strong></span> <span class='ocrx_word' id='word_1_491' title='bbox 2441 1642 2602 1695; x_wconf 91' lang='lat' dir='ltr'><strong>simul</strong></span> <span class='ocrx_word' id='word_1_492' title='bbox 2632 1643 2731 1695; x_wconf 82' lang='lat' dir='ltr'><strong>viri</strong></span> <span class='ocrx_word' id='word_1_493' title='bbox 2759 1654 2811 1696; x_wconf 87' lang='lat' dir='ltr'><strong>et</strong></span> <span class='ocrx_word' id='word_1_494' title='bbox 2843 1645 3098 1699; x_wconf 89' lang='lat' dir='ltr'><strong>mulieres</strong></span> <span class='ocrx_word' id='word_1_495' title='bbox 3125 1663 3250 1700; x_wconf 91' lang='lat' dir='ltr'><strong>cum</strong></span> <span class='ocrx_word' id='word_1_496' title='bbox 3292 1648 3615 1714; x_wconf 80' lang='lat' dir='ltr'><strong>infantibus,</strong></span> 
     </span>
    </p>
   </div>
   <div class='ocr_carea' id='block_1_71' title="bbox 2051 1736 3621 1810">
    <p class='ocr_par' dir='ltr' id='par_1_71' title="bbox 2051 1736 3621 1810">
     <span class='ocr_line' id='line_1_71' title="bbox 2051 1736 3621 1810; baseline 0.006 -21"><span class='ocrx_word' id='word_1_497' title='bbox 2051 1736 2434 1806; x_wconf 89' lang='lat' dir='ltr'><strong>quadringenti</strong></span> <span class='ocrx_word' id='word_1_498' title='bbox 2466 1737 2654 1805; x_wconf 79' lang='lat' dir='ltr'><strong>viginti</strong></span> <span class='ocrx_word' id='word_1_499' title='bbox 2694 1747 2822 1792; x_wconf 89' lang='lat' dir='ltr'><strong>tres.</strong></span> <span class='ocrx_word' id='word_1_500' title='bbox 2871 1739 3138 1795; x_wconf 66' lang='lat' dir='ltr'><strong>Caeterum</strong></span> <span class='ocrx_word' id='word_1_501' title='bbox 3196 1752 3415 1810; x_wconf 86' lang='lat' dir='ltr'><strong>prepter</strong></span> <span class='ocrx_word' id='word_1_502' title='bbox 3473 1744 3621 1799; x_wconf 90' lang='lat' dir='ltr'><strong>hunc</strong></span> 
     </span>
    </p>
   </div>
   <div class='ocr_carea' id='block_1_72' title="bbox 1980 1814 3620 1890">
    <p class='ocr_par' dir='ltr' id='par_1_72' title="bbox 1980 1814 3620 1890">
     <span class='ocr_line' id='line_1_72' title="bbox 1980 1814 3620 1890; baseline 0.007 -12"><span class='ocrx_word' id='word_1_503' title='bbox 1980 1814 2022 1868; x_wconf 77' lang='grc' dir='ltr'><strong>Β</strong></span> <span class='ocrx_word' id='word_1_504' title='bbox 2053 1824 2355 1879; x_wconf 89' lang='lat' dir='ltr'><strong>Sisinnium</strong></span> <span class='ocrx_word' id='word_1_505' title='bbox 2410 1827 2563 1880; x_wconf 90' lang='lat' dir='ltr'><strong>multi</strong></span> <span class='ocrx_word' id='word_1_506' title='bbox 2626 1828 2942 1889; x_wconf 87' lang='lat' dir='ltr'><strong>illustrium,</strong></span> <span class='ocrx_word' id='word_1_507' title='bbox 2992 1839 3044 1883; x_wconf 90' lang='lat' dir='ltr'><strong>et</strong></span> <span class='ocrx_word' id='word_1_508' title='bbox 3093 1833 3400 1886; x_wconf 83' lang='lat' dir='ltr'><strong>amicorum</strong></span> <span class='ocrx_word' id='word_1_509' title='bbox 3432 1831 3620 1890; x_wconf 67' lang='lat' dir='ltr'><strong>Nerva:</strong></span> 
     </span>
    </p>
   </div>
   <div class='ocr_carea' id='block_1_73' title="bbox 2049 1919 3137 1988">
    <p class='ocr_par' dir='ltr' id='par_1_73' title="bbox 2049 1919 3137 1988">
     <span class='ocr_line' id='line_1_73' title="bbox 2049 1919 3137 1988; baseline 0.006 -16"><span class='ocrx_word' id='word_1_510' title='bbox 2049 1919 2392 1988; x_wconf 88' lang='lat' dir='ltr'><strong>imperatoris</strong></span> <span class='ocrx_word' id='word_1_511' title='bbox 2423 1921 2488 1974; x_wconf 88' lang='lat' dir='ltr'><strong>ad</strong></span> <span class='ocrx_word' id='word_1_512' title='bbox 2517 1920 2686 1975; x_wconf 90' lang='lat' dir='ltr'><strong>Deum</strong></span> <span class='ocrx_word' id='word_1_513' title='bbox 2717 1924 2964 1977; x_wconf 90' lang='lat' dir='ltr'><strong>conversi</strong></span> <span class='ocrx_word' id='word_1_514' title='bbox 2991 1933 3137 1978; x_wconf 92' lang='lat' dir='ltr'><strong>sunt.</strong></span> 
     </span>
    </p>
   </div>
   <div class='ocr_carea' id='block_1_74' title="bbox 2119 2076 3621 2148">
    <p class='ocr_par' dir='ltr' id='par_1_74' title="bbox 2119 2076 3621 2148">
     <span class='ocr_line' id='line_1_74' title="bbox 2119 2076 3621 2148; baseline 0.008 -18"><span class='ocrx_word' id='word_1_515' title='bbox 2119 2077 2236 2131; x_wconf 78' lang='lat' dir='ltr'><strong>XV.</strong></span> <span class='ocrx_word' id='word_1_516' title='bbox 2267 2076 2324 2131; x_wconf 90' lang='lat' dir='ltr'><strong>In</strong></span> <span class='ocrx_word' id='word_1_517' title='bbox 2355 2078 2449 2131; x_wconf 88' lang='lat' dir='ltr'><strong>illo</strong></span> <span class='ocrx_word' id='word_1_518' title='bbox 2473 2087 2652 2133; x_wconf 85' lang='lat' dir='ltr'><strong>autem</strong></span> <span class='ocrx_word' id='word_1_519' title='bbox 2681 2090 2923 2148; x_wconf 87' lang='lat' dir='ltr'><strong>tempore</strong></span> <span class='ocrx_word' id='word_1_520' title='bbox 2957 2095 3142 2136; x_wconf 87' lang='lat' dir='ltr'><strong>comes</strong></span> <span class='ocrx_word' id='word_1_521' title='bbox 3196 2098 3474 2140; x_wconf 85' lang='lat' dir='ltr'><strong>sacrorum</strong></span> <span class='ocrx_word' id='word_1_522' title='bbox 3502 2087 3621 2142; x_wconf 80' lang='lat' dir='ltr'><strong>oili—</strong></span> 
     </span>
    </p>
   </div>
   <div class='ocr_carea' id='block_1_75' title="bbox 2048 2167 3621 2238">
    <p class='ocr_par' dir='ltr' id='par_1_75' title="bbox 2048 2167 3621 2238">
     <span class='ocr_line' id='line_1_75' title="bbox 2048 2167 3621 2238; baseline 0.004 -16"><span class='ocrx_word' id='word_1_523' title='bbox 2048 2169 2258 2222; x_wconf 86' lang='lat' dir='ltr'><strong>ciorum</strong></span> <span class='ocrx_word' id='word_1_524' title='bbox 2283 2168 2507 2222; x_wconf 84' lang='lat' dir='ltr'><strong>Publius</strong></span> <span class='ocrx_word' id='word_1_525' title='bbox 2551 2167 2938 2238; x_wconf 88' lang='lat' dir='ltr'><strong>Tarquitianus</strong></span> <span class='ocrx_word' id='word_1_526' title='bbox 2969 2183 3090 2224; x_wconf 89' lang='lat' dir='ltr'><strong>cum</strong></span> <span class='ocrx_word' id='word_1_527' title='bbox 3117 2169 3460 2226; x_wconf 86' lang='lat' dir='ltr'><strong>innumeram</strong></span> <span class='ocrx_word' id='word_1_528' title='bbox 3480 2175 3621 2227; x_wconf 89' lang='lat' dir='ltr'><strong>mul-</strong></span> 
     </span>
    </p>
   </div>
   <div class='ocr_carea' id='block_1_76' title="bbox 2048 2259 3621 2333">
    <p class='ocr_par' dir='ltr' id='par_1_76' title="bbox 2048 2259 3621 2333">
     <span class='ocr_line' id='line_1_76' title="bbox 2048 2259 3621 2333; baseline 0.006 -21"><span class='ocrx_word' id='word_1_529' title='bbox 2048 2259 2334 2314; x_wconf 89' lang='lat' dir='ltr'><strong>titudinem</strong></span> <span class='ocrx_word' id='word_1_530' title='bbox 2367 2261 2588 2314; x_wconf 89' lang='lat' dir='ltr'><strong>Christo</strong></span> <span class='ocrx_word' id='word_1_531' title='bbox 2615 2261 2821 2314; x_wconf 84' lang='lat' dir='ltr'><strong>videret</strong></span> <span class='ocrx_word' id='word_1_532' title='bbox 2848 2261 3164 2324; x_wconf 87' lang='lat' dir='ltr'><strong>credidisse,</strong></span> <span class='ocrx_word' id='word_1_533' title='bbox 3185 2266 3621 2333; x_wconf 69' lang='lat' dir='ltr'><strong>areessivitprae-</strong></span> 
     </span>
    </p>
   </div>
   <div class='ocr_carea' id='block_1_77' title="bbox 2049 2349 3622 2420">
    <p class='ocr_par' dir='ltr' id='par_1_77' title="bbox 2049 2349 3622 2420">
     <span class='ocr_line' id='line_1_77' title="bbox 2049 2349 3622 2420; baseline 0.004 -16"><span class='ocrx_word' id='word_1_534' title='bbox 2049 2349 2218 2404; x_wconf 78' lang='lat' dir='ltr'><strong>lectos</strong></span> <span class='ocrx_word' id='word_1_535' title='bbox 2244 2351 2550 2420; x_wconf 82' lang='lat' dir='ltr'><strong>regionum,</strong></span> <span class='ocrx_word' id='word_1_536' title='bbox 2575 2359 2624 2405; x_wconf 85' lang='lat' dir='ltr'><strong>et</strong></span> <span class='ocrx_word' id='word_1_537' title='bbox 2677 2349 2800 2406; x_wconf 88' lang='lat' dir='ltr'><strong>data</strong></span> <span class='ocrx_word' id='word_1_538' title='bbox 2848 2351 2928 2406; x_wconf 90' lang='lat' dir='ltr'><strong>eis</strong></span> <span class='ocrx_word' id='word_1_539' title='bbox 2965 2354 3196 2420; x_wconf 87' lang='lat' dir='ltr'><strong>pecunia</strong></span> <span class='ocrx_word' id='word_1_540' title='bbox 3261 2356 3528 2419; x_wconf 75' lang='lat' dir='ltr'><strong>persuasit</strong></span> <span class='ocrx_word' id='word_1_541' title='bbox 3560 2367 3622 2411; x_wconf 89' lang='lat' dir='ltr'><strong>ut</strong></span> 
     </span>
    </p>
   </div>
   <div class='ocr_carea' id='block_1_78' title="bbox 2049 2442 3622 2502">
    <p class='ocr_par' dir='ltr' id='par_1_78' title="bbox 2049 2442 3622 2502">
     <span class='ocr_line' id='line_1_78' title="bbox 2049 2442 3622 2502; baseline 0.004 -8"><span class='ocrx_word' id='word_1_542' title='bbox 2049 2442 2342 2494; x_wconf 84' lang='lat' dir='ltr'><strong>tumultum</strong></span> <span class='ocrx_word' id='word_1_543' title='bbox 2395 2450 2801 2496; x_wconf 89' lang='lat' dir='ltr'><strong>commovercnt</strong></span> <span class='ocrx_word' id='word_1_544' title='bbox 2866 2443 3128 2499; x_wconf 91' lang='lat' dir='ltr'><strong>adversus</strong></span> <span class='ocrx_word' id='word_1_545' title='bbox 3195 2461 3392 2500; x_wconf 80' lang='lat' dir='ltr'><strong>nomen</strong></span> <span class='ocrx_word' id='word_1_546' title='bbox 3461 2447 3622 2502; x_wconf 85' lang='lat' dir='ltr'><strong>Chri-</strong></span> 
     </span>
    </p>
   </div>
   <div class='ocr_carea' id='block_1_79' title="bbox 2048 2533 2308 2588">
    <p class='ocr_par' dir='ltr' id='par_1_79' title="bbox 2048 2533 2308 2588">
     <span class='ocr_line' id='line_1_79' title="bbox 2048 2533 2308 2588; baseline -0.004 0"><span class='ocrx_word' id='word_1_547' title='bbox 2048 2533 2308 2588; x_wconf 89' lang='lat' dir='ltr'><strong>stianum.</strong></span> 
     </span>
    </p>
   </div>
   <div class='ocr_carea' id='block_1_80' title="bbox 2118 2621 3619 2694">
    <p class='ocr_par' dir='ltr' id='par_1_80' title="bbox 2118 2621 3619 2694">
     <span class='ocr_line' id='line_1_80' title="bbox 2118 2621 3619 2694; baseline 0.003 -17"><span class='ocrx_word' id='word_1_548' title='bbox 2118 2623 2260 2679; x_wconf 75' lang='lat' dir='ltr'><strong>XVI.</strong></span> <span class='ocrx_word' id='word_1_549' title='bbox 2314 2623 2748 2678; x_wconf 80' lang='lat' dir='ltr'><strong>Administrante</strong></span> <span class='ocrx_word' id='word_1_550' title='bbox 2809 2623 2971 2692; x_wconf 79' lang='lat' dir='ltr'><strong>igitur</strong></span> <span class='ocrx_word' id='word_1_551' title='bbox 3026 2621 3188 2679; x_wconf 86' lang='lat' dir='ltr'><strong>Urbis</strong></span> <span class='ocrx_word' id='word_1_552' title='bbox 3242 2625 3619 2694; x_wconf 68' lang='lat' dir='ltr'><strong>praefecturam</strong></span> 
     </span>
    </p>
   </div>
   <div class='ocr_carea' id='block_1_81' title="bbox 2048 2713 3619 2784">
    <p class='ocr_par' dir='ltr' id='par_1_81' title="bbox 2048 2713 3619 2784">
     <span class='ocr_line' id='line_1_81' title="bbox 2048 2713 3619 2784; baseline 0.003 -16"><span class='ocrx_word' id='word_1_553' title='bbox 2048 2713 2394 2782; x_wconf 85' lang='lat' dir='ltr'><strong>Mamertino,</strong></span> <span class='ocrx_word' id='word_1_554' title='bbox 2423 2715 2616 2769; x_wconf 84' lang='lat' dir='ltr'><strong>seditio</strong></span> <span class='ocrx_word' id='word_1_555' title='bbox 2645 2713 2789 2768; x_wconf 82' lang='lat' dir='ltr'><strong>facta</strong></span> <span class='ocrx_word' id='word_1_556' title='bbox 2828 2723 2914 2768; x_wconf 86' lang='lat' dir='ltr'><strong>est</strong></span> <span class='ocrx_word' id='word_1_557' title='bbox 2946 2715 3130 2784; x_wconf 88' lang='lat' dir='ltr'><strong>populi</strong></span> <span class='ocrx_word' id='word_1_558' title='bbox 3165 2715 3397 2771; x_wconf 83' lang='lat' dir='ltr'><strong>Romani</strong></span> <span class='ocrx_word' id='word_1_559' title='bbox 3422 2719 3490 2773; x_wconf 86' lang='lat' dir='ltr'><strong>de</strong></span> <span class='ocrx_word' id='word_1_560' title='bbox 3519 2736 3619 2773; x_wconf 81' lang='lat' dir='ltr'><strong>ne-</strong></span> 
     </span>
    </p>
   </div>
   <div class='ocr_carea' id='block_1_82' title="bbox 2048 2813 3616 2886">
    <p class='ocr_par' dir='ltr' id='par_1_82' title="bbox 2048 2813 3616 2886">
     <span class='ocr_line' id='line_1_82' title="bbox 2048 2813 3616 2886; baseline 0.001 -16"><span class='ocrx_word' id='word_1_561' title='bbox 2048 2817 2194 2870; x_wconf 92' lang='lat' dir='ltr'><strong>mine</strong></span> <span class='ocrx_word' id='word_1_562' title='bbox 2218 2814 2548 2879; x_wconf 87' lang='lat' dir='ltr'><strong>Clementis;</strong></span> <span class='ocrx_word' id='word_1_563' title='bbox 2573 2820 2736 2884; x_wconf 88' lang='lat' dir='ltr'><strong>atque</strong></span> <span class='ocrx_word' id='word_1_564' title='bbox 2765 2813 2906 2866; x_wconf 89' lang='lat' dir='ltr'><strong>inter</strong></span> <span class='ocrx_word' id='word_1_565' title='bbox 2929 2828 2986 2867; x_wconf 89' lang='lat' dir='ltr'><strong>se</strong></span> <span class='ocrx_word' id='word_1_566' title='bbox 3013 2813 3249 2881; x_wconf 88' lang='lat' dir='ltr'><strong>confusi,</strong></span> <span class='ocrx_word' id='word_1_567' title='bbox 3284 2817 3374 2869; x_wconf 86' lang='lat' dir='ltr'><strong>alii</strong></span> <span class='ocrx_word' id='word_1_568' title='bbox 3399 2819 3616 2886; x_wconf 85' lang='lat' dir='ltr'><strong>quidem</strong></span> 
     </span>
    </p>
   </div>
   <div class='ocr_carea' id='block_1_83' title="bbox 2047 2902 3621 2974">
    <p class='ocr_par' dir='ltr' id='par_1_83' title="bbox 2047 2902 3621 2974">
     <span class='ocr_line' id='line_1_83' title="bbox 2047 2902 3621 2974; baseline 0.002 -14"><span class='ocrx_word' id='word_1_569' title='bbox 2047 2905 2341 2960; x_wconf 83' lang='lat' dir='ltr'><strong>dicebant:</strong></span> <span class='ocrx_word' id='word_1_570' title='bbox 2371 2906 2510 2971; x_wconf 81' lang='lat' dir='ltr'><strong>Quid</strong></span> <span class='ocrx_word' id='word_1_571' title='bbox 2548 2905 2693 2958; x_wconf 90' lang='lat' dir='ltr'><strong>enim</strong></span> <span class='ocrx_word' id='word_1_572' title='bbox 2726 2903 2854 2957; x_wconf 87' lang='lat' dir='ltr'><strong>mali</strong></span> <span class='ocrx_word' id='word_1_573' title='bbox 2880 2902 3027 2967; x_wconf 89' lang='lat' dir='ltr'><strong>fecit,</strong></span> <span class='ocrx_word' id='word_1_574' title='bbox 3057 2915 3149 2958; x_wconf 89' lang='lat' dir='ltr'><strong>aut</strong></span> <span class='ocrx_word' id='word_1_575' title='bbox 3173 2908 3302 2974; x_wconf 90' lang='lat' dir='ltr'><strong>quid</strong></span> <span class='ocrx_word' id='word_1_576' title='bbox 3331 2924 3437 2960; x_wconf 92' lang='lat' dir='ltr'><strong>non</strong></span> <span class='ocrx_word' id='word_1_577' title='bbox 3467 2909 3621 2963; x_wconf 62' lang='lat' dir='ltr'><strong>bona</strong></span> 
     </span>
    </p>
   </div>
   <div class='ocr_carea' id='block_1_84' title="bbox 2047 2995 3616 3067">
    <p class='ocr_par' dir='ltr' id='par_1_84' title="bbox 2047 2995 3616 3067">
     <span class='ocr_line' id='line_1_84' title="bbox 2047 2995 3616 3067; baseline 0.002 -16"><span class='ocrx_word' id='word_1_578' title='bbox 2047 2999 2124 3051; x_wconf 91' lang='lat' dir='ltr'><strong>rei</strong></span> <span class='ocrx_word' id='word_1_579' title='bbox 2157 2997 2364 3067; x_wconf 80' lang='lat' dir='ltr'><strong>gessit?</strong></span> <span class='ocrx_word' id='word_1_580' title='bbox 2387 2998 2712 3066; x_wconf 86' lang='lat' dir='ltr'><strong>Quicunque</strong></span> <span class='ocrx_word' id='word_1_581' title='bbox 2752 2995 2898 3050; x_wconf 92' lang='lat' dir='ltr'><strong>enim</strong></span> <span class='ocrx_word' id='word_1_582' title='bbox 2955 3009 3191 3065; x_wconf 67' lang='lat' dir='ltr'><strong>aegrotus</strong></span> <span class='ocrx_word' id='word_1_583' title='bbox 3235 3000 3306 3052; x_wconf 89' lang='lat' dir='ltr'><strong>ab</strong></span> <span class='ocrx_word' id='word_1_584' title='bbox 3336 3017 3400 3054; x_wconf 90' lang='lat' dir='ltr'><strong>eo</strong></span> <span class='ocrx_word' id='word_1_585' title='bbox 3429 3001 3616 3054; x_wconf 89' lang='lat' dir='ltr'><strong>visita-</strong></span> 
     </span>
    </p>
   </div>
   <div class='ocr_carea' id='block_1_85' title="bbox 2048 3090 3618 3160">
    <p class='ocr_par' dir='ltr' id='par_1_85' title="bbox 2048 3090 3618 3160">
     <span class='ocr_line' id='line_1_85' title="bbox 2048 3090 3618 3160; baseline 0.001 -19"><span class='ocrx_word' id='word_1_586' title='bbox 2048 3096 2137 3144; x_wconf 89' lang='lat' dir='ltr'><strong>tus</strong></span> <span class='ocrx_word' id='word_1_587' title='bbox 2162 3098 2264 3154; x_wconf 91' lang='lat' dir='ltr'><strong>est,</strong></span> <span class='ocrx_word' id='word_1_588' title='bbox 2292 3090 2581 3142; x_wconf 86' lang='lat' dir='ltr'><strong>sanitatem</strong></span> <span class='ocrx_word' id='word_1_589' title='bbox 2619 3097 2702 3140; x_wconf 91' lang='lat' dir='ltr'><strong>est</strong></span> <span class='ocrx_word' id='word_1_590' title='bbox 2761 3097 3132 3140; x_wconf 88' lang='lat' dir='ltr'><strong>consecutus:</strong></span> <span class='ocrx_word' id='word_1_591' title='bbox 3186 3091 3499 3160; x_wconf 90' lang='lat' dir='ltr'><strong>quicunque</strong></span> <span class='ocrx_word' id='word_1_592' title='bbox 3552 3091 3618 3144; x_wconf 90' lang='lat' dir='ltr'><strong>ad</strong></span> 
     </span>
    </p>
   </div>
   <div class='ocr_carea' id='block_1_86' title="bbox 2046 3178 3616 3250">
    <p class='ocr_par' dir='ltr' id='par_1_86' title="bbox 2046 3178 3616 3250">
     <span class='ocr_line' id='line_1_86' title="bbox 2046 3178 3616 3250; baseline 0 -18"><span class='ocrx_word' id='word_1_593' title='bbox 2046 3193 2172 3232; x_wconf 90' lang='lat' dir='ltr'><strong>eum</strong></span> <span class='ocrx_word' id='word_1_594' title='bbox 2203 3178 2421 3232; x_wconf 88' lang='lat' dir='ltr'><strong>tristitia</strong></span> <span class='ocrx_word' id='word_1_595' title='bbox 2451 3179 2674 3231; x_wconf 62' lang='lat' dir='ltr'><strong>allectus</strong></span> <span class='ocrx_word' id='word_1_596' title='bbox 2711 3179 2863 3239; x_wconf 89' lang='lat' dir='ltr'><strong>abiit,</strong></span> <span class='ocrx_word' id='word_1_597' title='bbox 2909 3182 3150 3250; x_wconf 80' lang='lat' dir='ltr'><strong>gaudens</strong></span> <span class='ocrx_word' id='word_1_598' title='bbox 3202 3194 3451 3232; x_wconf 72' lang='lat' dir='ltr'><strong>reversus</strong></span> <span class='ocrx_word' id='word_1_599' title='bbox 3498 3188 3616 3233; x_wconf 90' lang='lat' dir='ltr'><strong>est:</strong></span> 
     </span>
    </p>
   </div>
   <div class='ocr_carea' id='block_1_87' title="bbox 2047 3269 3616 3340">
    <p class='ocr_par' dir='ltr' id='par_1_87' title="bbox 2047 3269 3616 3340">
     <span class='ocr_line' id='line_1_87' title="bbox 2047 3269 3616 3340; baseline 0 -17"><span class='ocrx_word' id='word_1_600' title='bbox 2047 3269 2256 3323; x_wconf 87' lang='lat' dir='ltr'><strong>nullum</strong></span> <span class='ocrx_word' id='word_1_601' title='bbox 2288 3285 2530 3338; x_wconf 89' lang='lat' dir='ltr'><strong>unquam</strong></span> <span class='ocrx_word' id='word_1_602' title='bbox 2584 3271 2758 3335; x_wconf 68' lang='lat' dir='ltr'><strong>laesit;</strong></span> <span class='ocrx_word' id='word_1_603' title='bbox 2793 3273 2903 3324; x_wconf 92' lang='lat' dir='ltr'><strong>imo</strong></span> <span class='ocrx_word' id='word_1_604' title='bbox 2958 3271 3162 3340; x_wconf 82' lang='lat' dir='ltr'><strong>profuit</strong></span> <span class='ocrx_word' id='word_1_605' title='bbox 3189 3270 3460 3324; x_wconf 90' lang='lat' dir='ltr'><strong>omnibus.</strong></span> <span class='ocrx_word' id='word_1_606' title='bbox 3511 3271 3616 3324; x_wconf 88' lang='lat' dir='ltr'><strong>Alii</strong></span> 
     </span>
    </p>
   </div>
   <div class='ocr_carea' id='block_1_88' title="bbox 2045 3361 3619 3430">
    <p class='ocr_par' dir='ltr' id='par_1_88' title="bbox 2045 3361 3619 3430">
     <span class='ocr_line' id='line_1_88' title="bbox 2045 3361 3619 3430; baseline 0 -16"><span class='ocrx_word' id='word_1_607' title='bbox 2045 3371 2225 3415; x_wconf 90' lang='lat' dir='ltr'><strong>autem</strong></span> <span class='ocrx_word' id='word_1_608' title='bbox 2249 3361 2517 3415; x_wconf 87' lang='lat' dir='ltr'><strong>diabolico</strong></span> <span class='ocrx_word' id='word_1_609' title='bbox 2542 3364 2754 3416; x_wconf 87' lang='lat' dir='ltr'><strong>accensi</strong></span> <span class='ocrx_word' id='word_1_610' title='bbox 2777 3363 2992 3430; x_wconf 78' lang='lat' dir='ltr'><strong>spiritu,</strong></span> <span class='ocrx_word' id='word_1_611' title='bbox 3021 3363 3329 3416; x_wconf 85' lang='lat' dir='ltr'><strong>clamabant</strong></span> <span class='ocrx_word' id='word_1_612' title='bbox 3352 3380 3365 3414; x_wconf 91' lang='lat'><strong>:</strong></span> <span class='ocrx_word' id='word_1_613' title='bbox 3395 3362 3619 3429; x_wconf 75' lang='lat' dir='ltr'><strong>Magicis</strong></span> 
     </span>
    </p>
   </div>
   <div class='ocr_carea' id='block_1_89' title="bbox 2047 3450 3614 3517">
    <p class='ocr_par' dir='ltr' id='par_1_89' title="bbox 2047 3450 3614 3517">
     <span class='ocr_line' id='line_1_89' title="bbox 2047 3450 3614 3517; baseline -0.002 -11"><span class='ocrx_word' id='word_1_614' title='bbox 2047 3451 2257 3506; x_wconf 87' lang='lat' dir='ltr'><strong>artibus</strong></span> <span class='ocrx_word' id='word_1_615' title='bbox 2306 3452 2409 3506; x_wconf 88' lang='lat' dir='ltr'><strong>ista</strong></span> <span class='ocrx_word' id='word_1_616' title='bbox 2461 3450 2704 3517; x_wconf 77' lang='lat' dir='ltr'><strong>faciens,</strong></span> <span class='ocrx_word' id='word_1_617' title='bbox 2776 3453 3003 3505; x_wconf 91' lang='lat' dir='ltr'><strong>deorum</strong></span> <span class='ocrx_word' id='word_1_618' title='bbox 3049 3461 3358 3505; x_wconf 87' lang='lat' dir='ltr'><strong>nostrorum</strong></span> <span class='ocrx_word' id='word_1_619' title='bbox 3409 3451 3614 3505; x_wconf 87' lang='lat' dir='ltr'><strong>cultum</strong></span> 
     </span>
    </p>
   </div>
   <div class='ocr_carea' id='block_1_90' title="bbox 2046 3541 3619 3612">
    <p class='ocr_par' dir='ltr' id='par_1_90' title="bbox 2046 3541 3619 3612">
     <span class='ocr_line' id='line_1_90' title="bbox 2046 3541 3619 3612; baseline -0.002 -15"><span class='ocrx_word' id='word_1_620' title='bbox 2046 3545 2270 3611; x_wconf 84' lang='lat' dir='ltr'><strong>evertit;</strong></span> <span class='ocrx_word' id='word_1_621' title='bbox 2303 3542 2489 3598; x_wconf 80' lang='lat' dir='ltr'><strong>Jovem</strong></span> <span class='ocrx_word' id='word_1_622' title='bbox 2520 3552 2680 3612; x_wconf 86' lang='lat' dir='ltr'><strong>negat</strong></span> <span class='ocrx_word' id='word_1_623' title='bbox 2701 3559 2821 3597; x_wconf 88' lang='lat' dir='ltr'><strong>esse</strong></span> <span class='ocrx_word' id='word_1_624' title='bbox 2869 3544 3030 3597; x_wconf 93' lang='lat' dir='ltr'><strong>deum</strong></span> <span class='ocrx_word' id='word_1_625' title='bbox 3081 3561 3097 3598; x_wconf 85' lang='lat'><strong>:</strong></span> <span class='ocrx_word' id='word_1_626' title='bbox 3145 3541 3430 3597; x_wconf 84' lang='lat' dir='ltr'><strong>Herculem</strong></span> <span class='ocrx_word' id='word_1_627' title='bbox 3488 3559 3619 3596; x_wconf 85' lang='lat' dir='ltr'><strong>vero</strong></span> 
     </span>
    </p>
   </div>
   <div class='ocr_carea' id='block_1_91' title="bbox 2047 3637 3620 3706">
    <p class='ocr_par' dir='ltr' id='par_1_91' title="bbox 2047 3637 3620 3706">
     <span class='ocr_line' id='line_1_91' title="bbox 2047 3637 3620 3706; baseline 0 -16"><span class='ocrx_word' id='word_1_628' title='bbox 2047 3638 2327 3690; x_wconf 87' lang='lat' dir='ltr'><strong>custodem</strong></span> <span class='ocrx_word' id='word_1_629' title='bbox 2369 3647 2656 3702; x_wconf 89' lang='lat' dir='ltr'><strong>nostrum,</strong></span> <span class='ocrx_word' id='word_1_630' title='bbox 2707 3639 2840 3692; x_wconf 88' lang='lat' dir='ltr'><strong>dicit</strong></span> <span class='ocrx_word' id='word_1_631' title='bbox 2881 3652 3001 3692; x_wconf 90' lang='lat' dir='ltr'><strong>esse</strong></span> <span class='ocrx_word' id='word_1_632' title='bbox 3069 3637 3405 3690; x_wconf 91' lang='lat' dir='ltr'><strong>immundum</strong></span> <span class='ocrx_word' id='word_1_633' title='bbox 3457 3637 3620 3706; x_wconf 91' lang='lat' dir='ltr'><strong>spiri-</strong></span> 
     </span>
    </p>
   </div>
   <div class='ocr_carea' id='block_1_92' title="bbox 2050 3727 3623 3794">
    <p class='ocr_par' dir='ltr' id='par_1_92' title="bbox 2050 3727 3623 3794">
     <span class='ocr_line' id='line_1_92' title="bbox 2050 3727 3623 3794; baseline 0.002 -13"><span class='ocrx_word' id='word_1_634' title='bbox 2050 3739 2203 3781; x_wconf 90' lang='lat' dir='ltr'><strong>tum:</strong></span> <span class='ocrx_word' id='word_1_635' title='bbox 2241 3729 2508 3782; x_wconf 72' lang='lat' dir='ltr'><strong>V&#39;cnerem</strong></span> <span class='ocrx_word' id='word_1_636' title='bbox 2537 3729 2694 3782; x_wconf 85' lang='lat' dir='ltr'><strong>(leam</strong></span> <span class='ocrx_word' id='word_1_637' title='bbox 2743 3739 3008 3794; x_wconf 85' lang='lat' dir='ltr'><strong>sanctam,</strong></span> <span class='ocrx_word' id='word_1_638' title='bbox 3061 3729 3396 3781; x_wconf 89' lang='lat' dir='ltr'><strong>meretricem</strong></span> <span class='ocrx_word' id='word_1_639' title='bbox 3449 3727 3623 3784; x_wconf 68' lang='lat' dir='ltr'><strong>fuisse</strong></span> 
     </span>
    </p>
   </div>
   <div class='ocr_carea' id='block_1_93' title="bbox 2047 3815 3618 3888">
    <p class='ocr_par' dir='ltr' id='par_1_93' title="bbox 2047 3815 3618 3888">
     <span class='ocr_line' id='line_1_93' title="bbox 2047 3815 3618 3888; baseline -0.001 -17"><span class='ocrx_word' id='word_1_640' title='bbox 2047 3819 2204 3872; x_wconf 75' lang='lat' dir='ltr'><strong>docet</strong></span> <span class='ocrx_word' id='word_1_641' title='bbox 2233 3835 2247 3872; x_wconf 87' lang='lat'><strong>:</strong></span> <span class='ocrx_word' id='word_1_642' title='bbox 2279 3819 2494 3871; x_wconf 75' lang='lat' dir='ltr'><strong>Vestam</strong></span> <span class='ocrx_word' id='word_1_643' title='bbox 2525 3831 2704 3872; x_wconf 80' lang='lat' dir='ltr'><strong>autent</strong></span> <span class='ocrx_word' id='word_1_644' title='bbox 2757 3835 3007 3888; x_wconf 88' lang='lat' dir='ltr'><strong>magnam</strong></span> <span class='ocrx_word' id='word_1_645' title='bbox 3035 3819 3214 3882; x_wconf 91' lang='lat' dir='ltr'><strong>deam,</strong></span> <span class='ocrx_word' id='word_1_646' title='bbox 3272 3816 3392 3886; x_wconf 86' lang='lat' dir='ltr'><strong>igne</strong></span> <span class='ocrx_word' id='word_1_647' title='bbox 3445 3815 3618 3871; x_wconf 83' lang='lat' dir='ltr'><strong>fuisse</strong></span> 
     </span>
    </p>
   </div>
   <div class='ocr_carea' id='block_1_94' title="bbox 2048 3909 3620 3978">
    <p class='ocr_par' dir='ltr' id='par_1_94' title="bbox 2048 3909 3620 3978">
     <span class='ocr_line' id='line_1_94' title="bbox 2048 3909 3620 3978; baseline 0 -16"><span class='ocrx_word' id='word_1_648' title='bbox 2048 3917 2426 3976; x_wconf 89' lang='lat' dir='ltr'><strong>consumptam</strong></span> <span class='ocrx_word' id='word_1_649' title='bbox 2497 3910 2880 3964; x_wconf 88' lang='lat' dir='ltr'><strong>calumniatur.</strong></span> <span class='ocrx_word' id='word_1_650' title='bbox 2937 3909 3110 3962; x_wconf 90' lang='lat' dir='ltr'><strong>Simili</strong></span> <span class='ocrx_word' id='word_1_651' title='bbox 3168 3924 3384 3978; x_wconf 91' lang='lat' dir='ltr'><strong>quoque</strong></span> <span class='ocrx_word' id='word_1_652' title='bbox 3454 3909 3620 3962; x_wconf 88' lang='lat' dir='ltr'><strong>modo</strong></span> 
     </span>
    </p>
   </div>
   <div class='ocr_carea' id='block_1_95' title="bbox 2048 3999 3620 4066">
    <p class='ocr_par' dir='ltr' id='par_1_95' title="bbox 2048 3999 3620 4066">
     <span class='ocr_line' id='line_1_95' title="bbox 2048 3999 3620 4066; baseline -0.003 -10"><span class='ocrx_word' id='word_1_653' title='bbox 2048 4001 2449 4056; x_wconf 86' lang='lat' dir='ltr'><strong>sanctissimam</strong></span> <span class='ocrx_word' id='word_1_654' title='bbox 2492 4001 2645 4054; x_wconf 88' lang='lat' dir='ltr'><strong>deam</strong></span> <span class='ocrx_word' id='word_1_655' title='bbox 2675 4001 2999 4066; x_wconf 80' lang='lat' dir='ltr'><strong>Minervam,</strong></span> <span class='ocrx_word' id='word_1_656' title='bbox 3026 4003 3153 4055; x_wconf 92' lang='lat' dir='ltr'><strong>item</strong></span> <span class='ocrx_word' id='word_1_657' title='bbox 3204 4001 3452 4066; x_wconf 90' lang='lat' dir='ltr'><strong>Dianam,</strong></span> <span class='ocrx_word' id='word_1_658' title='bbox 3479 3999 3620 4056; x_wconf 85' lang='lat' dir='ltr'><strong>Mer-</strong></span> 
     </span>
    </p>
   </div>
   <div class='ocr_carea' id='block_1_96' title="bbox 2048 4092 3616 4162">
    <p class='ocr_par' dir='ltr' id='par_1_96' title="bbox 2048 4092 3616 4162">
     <span class='ocr_line' id='line_1_96' title="bbox 2048 4092 3616 4162; baseline 0.001 -17"><span class='ocrx_word' id='word_1_659' title='bbox 2048 4093 2294 4156; x_wconf 90' lang='lat' dir='ltr'><strong>curium,</strong></span> <span class='ocrx_word' id='word_1_660' title='bbox 2327 4093 2597 4162; x_wconf 85' lang='lat' dir='ltr'><strong>simulque</strong></span> <span class='ocrx_word' id='word_1_661' title='bbox 2647 4092 2943 4147; x_wconf 85' lang='lat' dir='ltr'><strong>Saturnum</strong></span> <span class='ocrx_word' id='word_1_662' title='bbox 2996 4103 3050 4147; x_wconf 92' lang='lat' dir='ltr'><strong>et</strong></span> <span class='ocrx_word' id='word_1_663' title='bbox 3101 4093 3324 4148; x_wconf 79' lang='lat' dir='ltr'><strong>Martem</strong></span> <span class='ocrx_word' id='word_1_664' title='bbox 3369 4093 3616 4146; x_wconf 81' lang='lat' dir='ltr'><strong>infamat.</strong></span> 
     </span>
    </p>
   </div>
   <div class='ocr_carea' id='block_1_97' title="bbox 2049 4185 3618 4254">
    <p class='ocr_par' dir='ltr' id='par_1_97' title="bbox 2049 4185 3618 4254">
     <span class='ocr_line' id='line_1_97' title="bbox 2049 4185 3618 4254; baseline 0.002 -16"><span class='ocrx_word' id='word_1_665' title='bbox 2049 4185 2223 4254; x_wconf 87' lang='lat' dir='ltr'><strong>Atque</strong></span> <span class='ocrx_word' id='word_1_666' title='bbox 2251 4186 2435 4241; x_wconf 86' lang='lat' dir='ltr'><strong>omnia</strong></span> <span class='ocrx_word' id='word_1_667' title='bbox 2465 4185 2690 4239; x_wconf 89' lang='lat' dir='ltr'><strong>deorum</strong></span> <span class='ocrx_word' id='word_1_668' title='bbox 2717 4194 3028 4240; x_wconf 87' lang='lat' dir='ltr'><strong>nostrorum</strong></span> <span class='ocrx_word' id='word_1_669' title='bbox 3068 4187 3312 4251; x_wconf 88' lang='lat' dir='ltr'><strong>nomina,</strong></span> <span class='ocrx_word' id='word_1_670' title='bbox 3341 4195 3394 4240; x_wconf 93' lang='lat' dir='ltr'><strong>et</strong></span> <span class='ocrx_word' id='word_1_671' title='bbox 3420 4187 3618 4254; x_wconf 84' lang='lat' dir='ltr'><strong>templa</strong></span> 
     </span>
    </p>
   </div>
   <div class='ocr_carea' id='block_1_98' title="bbox 2049 4275 3613 4343">
    <p class='ocr_par' dir='ltr' id='par_1_98' title="bbox 2049 4275 3613 4343">
     <span class='ocr_line' id='line_1_98' title="bbox 2049 4275 3613 4343; baseline 0.002 -14"><span class='ocrx_word' id='word_1_672' title='bbox 2049 4278 2395 4331; x_wconf 90' lang='lat' dir='ltr'><strong>contumeliis</strong></span> <span class='ocrx_word' id='word_1_673' title='bbox 2440 4275 2620 4330; x_wconf 78' lang='lat' dir='ltr'><strong>afﬁcit.</strong></span> <span class='ocrx_word' id='word_1_674' title='bbox 2678 4277 2785 4330; x_wconf 80' lang='lat' dir='ltr'><strong>Aut</strong></span> <span class='ocrx_word' id='word_1_675' title='bbox 2840 4278 3169 4331; x_wconf 84' lang='lat' dir='ltr'><strong>saerilicabit</strong></span> <span class='ocrx_word' id='word_1_676' title='bbox 3228 4278 3334 4331; x_wconf 92' lang='lat' dir='ltr'><strong>diis</strong></span> <span class='ocrx_word' id='word_1_677' title='bbox 3378 4279 3613 4343; x_wconf 81' lang='lat' dir='ltr'><strong>nostris,</strong></span> 
     </span>
    </p>
   </div>
   <div class='ocr_carea' id='block_1_99' title="bbox 2050 4371 2572 4438">
    <p class='ocr_par' dir='ltr' id='par_1_99' title="bbox 2050 4371 2572 4438">
     <span class='ocr_line' id='line_1_99' title="bbox 2050 4371 2572 4438; baseline -0.004 -14"><span class='ocrx_word' id='word_1_678' title='bbox 2050 4379 2144 4424; x_wconf 87' lang='lat' dir='ltr'><strong>aut</strong></span> <span class='ocrx_word' id='word_1_679' title='bbox 2173 4371 2285 4438; x_wconf 83' lang='lat' dir='ltr'><strong>ipse</strong></span> <span class='ocrx_word' id='word_1_680' title='bbox 2311 4371 2572 4424; x_wconf 86' lang='lat' dir='ltr'><strong>deleatur.</strong></span> 
     </span>
    </p>
   </div>
   <div class='ocr_carea' id='block_1_100' title="bbox 2123 4553 3616 4623">
    <p class='ocr_par' dir='ltr' id='par_1_100' title="bbox 2123 4553 3616 4623">
     <span class='ocr_line' id='line_1_100' title="bbox 2123 4553 3616 4623; baseline -0.005 -11"><span class='ocrx_word' id='word_1_681' title='bbox 2123 4559 2286 4613; x_wconf 71' lang='lat' dir='ltr'><strong>XVII.</strong></span> <span class='ocrx_word' id='word_1_682' title='bbox 2333 4558 2487 4612; x_wconf 86' lang='lat' dir='ltr'><strong>Tunc</strong></span> <span class='ocrx_word' id='word_1_683' title='bbox 2535 4556 2888 4610; x_wconf 80' lang='lat' dir='ltr'><strong>Mamertinus</strong></span> <span class='ocrx_word' id='word_1_684' title='bbox 2937 4553 3100 4608; x_wconf 85' lang='lat' dir='ltr'><strong>Urbis</strong></span> <span class='ocrx_word' id='word_1_685' title='bbox 3153 4553 3462 4623; x_wconf 62' lang='lat' dir='ltr'><strong>praefectus,</strong></span> <span class='ocrx_word' id='word_1_686' title='bbox 3509 4568 3616 4604; x_wconf 91' lang='lat' dir='ltr'><strong>non</strong></span> 
     </span>
    </p>
   </div>
   <div class='ocr_carea' id='block_1_101' title="bbox 2054 4647 3618 4723">
    <p class='ocr_par' dir='ltr' id='par_1_101' title="bbox 2054 4647 3618 4723">
     <span class='ocr_line' id='line_1_101' title="bbox 2054 4647 3618 4723; baseline -0.004 -18"><span class='ocrx_word' id='word_1_687' title='bbox 2054 4652 2236 4707; x_wconf 88' lang='lat' dir='ltr'><strong>ferens</strong></span> <span class='ocrx_word' id='word_1_688' title='bbox 2271 4653 2453 4723; x_wconf 90' lang='lat' dir='ltr'><strong>populi</strong></span> <span class='ocrx_word' id='word_1_689' title='bbox 2485 4651 2828 4714; x_wconf 81' lang='lat' dir='ltr'><strong>seditionem,</strong></span> <span class='ocrx_word' id='word_1_690' title='bbox 2855 4648 3022 4716; x_wconf 89' lang='lat' dir='ltr'><strong>jussit</strong></span> <span class='ocrx_word' id='word_1_691' title='bbox 3049 4648 3116 4702; x_wconf 89' lang='lat' dir='ltr'><strong>ad</strong></span> <span class='ocrx_word' id='word_1_692' title='bbox 3151 4663 3209 4702; x_wconf 90' lang='lat' dir='ltr'><strong>se</strong></span> <span class='ocrx_word' id='word_1_693' title='bbox 3261 4647 3456 4700; x_wconf 86' lang='lat' dir='ltr'><strong>adduci</strong></span> <span class='ocrx_word' id='word_1_694' title='bbox 3486 4649 3618 4699; x_wconf 85' lang='lat' dir='ltr'><strong>hea—</strong></span> 
     </span>
    </p>
   </div>
   <div class='ocr_carea' id='block_1_102' title="bbox 2054 4736 3616 4808">
    <p class='ocr_par' dir='ltr' id='par_1_102' title="bbox 2054 4736 3616 4808">
     <span class='ocr_line' id='line_1_102' title="bbox 2054 4736 3616 4808; baseline -0.006 -11"><span class='ocrx_word' id='word_1_695' title='bbox 2054 4743 2326 4798; x_wconf 90' lang='lat' dir='ltr'><strong>tissimum</strong></span> <span class='ocrx_word' id='word_1_696' title='bbox 2354 4743 2722 4794; x_wconf 75' lang='lat' dir='ltr'><strong>Clementem:</strong></span> <span class='ocrx_word' id='word_1_697' title='bbox 2748 4754 2909 4808; x_wconf 91' lang='lat' dir='ltr'><strong>quem</strong></span> <span class='ocrx_word' id='word_1_698' title='bbox 2939 4738 3190 4803; x_wconf 86' lang='lat' dir='ltr'><strong>intuitus,</strong></span> <span class='ocrx_word' id='word_1_699' title='bbox 3218 4736 3616 4805; x_wconf 70' lang='lat' dir='ltr'><strong>cmpitdicere:</strong></span> 
     </span>
    </p>
   </div>
   <div class='ocr_carea' id='block_1_103' title="bbox 2053 4825 3621 4903">
    <p class='ocr_par' dir='ltr' id='par_1_103' title="bbox 2053 4825 3621 4903">
     <span class='ocr_line' id='line_1_103' title="bbox 2053 4825 3621 4903; baseline -0.004 -16"><span class='ocrx_word' id='word_1_700' title='bbox 2053 4835 2096 4887; x_wconf 86' lang='lat' dir='ltr'><strong>E</strong></span> <span class='ocrx_word' id='word_1_701' title='bbox 2121 4835 2287 4887; x_wconf 92' lang='lat' dir='ltr'><strong>nobili</strong></span> <span class='ocrx_word' id='word_1_702' title='bbox 2321 4834 2538 4903; x_wconf 84' lang='lat' dir='ltr'><strong>quidem</strong></span> <span class='ocrx_word' id='word_1_703' title='bbox 2572 4830 2753 4884; x_wconf 86' lang='lat' dir='ltr'><strong>radice</strong></span> <span class='ocrx_word' id='word_1_704' title='bbox 2801 4829 3088 4898; x_wconf 82' lang='lat' dir='ltr'><strong>prodiisti;</strong></span> <span class='ocrx_word' id='word_1_705' title='bbox 3122 4829 3267 4898; x_wconf 91' lang='lat' dir='ltr'><strong>quod</strong></span> <span class='ocrx_word' id='word_1_706' title='bbox 3300 4828 3458 4883; x_wconf 91' lang='lat' dir='ltr'><strong>nobis</strong></span> <span class='ocrx_word' id='word_1_707' title='bbox 3510 4825 3621 4881; x_wconf 57' lang='lat' dir='ltr'><strong>Hoc</strong></span> 
     </span>
    </p>
   </div>
   <div class='ocr_carea' id='block_1_104' title="bbox 2057 4918 3621 4993">
    <p class='ocr_par' dir='ltr' id='par_1_104' title="bbox 2057 4918 3621 4993">
     <span class='ocr_line' id='line_1_104' title="bbox 2057 4918 3621 4993; baseline -0.006 -13"><span class='ocrx_word' id='word_1_708' title='bbox 2057 4942 2218 4980; x_wconf 90' lang='lat' dir='ltr'><strong>mana</strong></span> <span class='ocrx_word' id='word_1_709' title='bbox 2249 4926 2400 4993; x_wconf 88' lang='lat' dir='ltr'><strong>plebs</strong></span> <span class='ocrx_word' id='word_1_710' title='bbox 2450 4929 2785 4975; x_wconf 87' lang='lat' dir='ltr'><strong>attestatur:</strong></span> <span class='ocrx_word' id='word_1_711' title='bbox 2841 4919 2934 4972; x_wconf 85' lang='lat' dir='ltr'><strong>sed</strong></span> <span class='ocrx_word' id='word_1_712' title='bbox 2986 4933 3225 4971; x_wconf 87' lang='lat' dir='ltr'><strong>errorem</strong></span> <span class='ocrx_word' id='word_1_713' title='bbox 3277 4918 3526 4971; x_wconf 84' lang='lat' dir='ltr'><strong>subiisti:</strong></span> <span class='ocrx_word' id='word_1_714' title='bbox 3567 4927 3621 4971; x_wconf 88' lang='lat' dir='ltr'><strong>ct</strong></span> 
     </span>
    </p>
   </div>
   <div class='ocr_carea' id='block_1_105' title="bbox 2052 5009 3615 5082">
    <p class='ocr_par' dir='ltr' id='par_1_105' title="bbox 2052 5009 3615 5082">
     <span class='ocr_line' id='line_1_105' title="bbox 2052 5009 3615 5082; baseline -0.006 -8"><span class='ocrx_word' id='word_1_715' title='bbox 2052 5021 2174 5074; x_wconf 91' lang='lat' dir='ltr'><strong>ideo</strong></span> <span class='ocrx_word' id='word_1_716' title='bbox 2205 5033 2310 5071; x_wconf 79' lang='lat' dir='ltr'><strong>non</strong></span> <span class='ocrx_word' id='word_1_717' title='bbox 2343 5015 2527 5068; x_wconf 90' lang='lat' dir='ltr'><strong>ferunt</strong></span> <span class='ocrx_word' id='word_1_718' title='bbox 2553 5031 2568 5079; x_wconf 89' lang='lat'><strong>;</strong></span> <span class='ocrx_word' id='word_1_719' title='bbox 2598 5013 2725 5082; x_wconf 90' lang='lat' dir='ltr'><strong>quia</strong></span> <span class='ocrx_word' id='word_1_720' title='bbox 2754 5012 2938 5065; x_wconf 84' lang='lat' dir='ltr'><strong>nescio</strong></span> <span class='ocrx_word' id='word_1_721' title='bbox 2963 5027 3122 5078; x_wconf 91' lang='lat' dir='ltr'><strong>quem</strong></span> <span class='ocrx_word' id='word_1_722' title='bbox 3152 5009 3429 5065; x_wconf 86' lang='lat' dir='ltr'><strong>Christum</strong></span> <span class='ocrx_word' id='word_1_723' title='bbox 3459 5010 3615 5075; x_wconf 90' lang='lat' dir='ltr'><strong>colis,</strong></span> 
     </span>
    </p>
   </div>
   <div class='ocr_carea' id='block_1_106' title="bbox 2053 5102 3614 5175">
    <p class='ocr_par' dir='ltr' id='par_1_106' title="bbox 2053 5102 3614 5175">
     <span class='ocr_line' id='line_1_106' title="bbox 2053 5102 3614 5175; baseline -0.007 -8"><span class='ocrx_word' id='word_1_724' title='bbox 2053 5121 2246 5167; x_wconf 90' lang='lat' dir='ltr'><strong>contra</strong></span> <span class='ocrx_word' id='word_1_725' title='bbox 2275 5110 2406 5162; x_wconf 87' lang='lat' dir='ltr'><strong>deos</strong></span> <span class='ocrx_word' id='word_1_726' title='bbox 2451 5106 2543 5175; x_wconf 89' lang='lat' dir='ltr'><strong>qui</strong></span> <span class='ocrx_word' id='word_1_727' title='bbox 2595 5106 2648 5159; x_wconf 92' lang='lat' dir='ltr'><strong>in</strong></span> <span class='ocrx_word' id='word_1_728' title='bbox 2697 5103 2914 5171; x_wconf 89' lang='lat' dir='ltr'><strong>templis</strong></span> <span class='ocrx_word' id='word_1_729' title='bbox 2959 5102 3300 5155; x_wconf 85' lang='lat' dir='ltr'><strong>honorantur</strong></span> <span class='ocrx_word' id='word_1_730' title='bbox 3361 5103 3614 5170; x_wconf 89' lang='lat' dir='ltr'><strong>suscipis.</strong></span> 
     </span>
    </p>
   </div>
   <div class='ocr_carea' id='block_1_107' title="bbox 2052 5193 3614 5273">
    <p class='ocr_par' dir='ltr' id='par_1_107' title="bbox 2052 5193 3614 5273">
     <span class='ocr_line' id='line_1_107' title="bbox 2052 5193 3614 5273; baseline -0.008 -12"><span class='ocrx_word' id='word_1_731' title='bbox 2052 5205 2322 5273; x_wconf 78' lang='lat' dir='ltr'><strong>Quocirca</strong></span> <span class='ocrx_word' id='word_1_732' title='bbox 2347 5207 2564 5270; x_wconf 90' lang='lat' dir='ltr'><strong>oportet</strong></span> <span class='ocrx_word' id='word_1_733' title='bbox 2613 5206 2672 5252; x_wconf 88' lang='lat' dir='ltr'><strong>ut</strong></span> <span class='ocrx_word' id='word_1_734' title='bbox 2727 5197 2966 5264; x_wconf 90' lang='lat' dir='ltr'><strong>deponas</strong></span> <span class='ocrx_word' id='word_1_735' title='bbox 3017 5209 3233 5248; x_wconf 89' lang='lat' dir='ltr'><strong>omnem</strong></span> <span class='ocrx_word' id='word_1_736' title='bbox 3288 5193 3614 5264; x_wconf 85' lang='lat' dir='ltr'><strong>superﬂuam</strong></span> 
     </span>
    </p>
   </div>
   <div class='ocr_carea' id='block_1_108' title="bbox 1683 5345 2350 5406">
    <p class='ocr_par' dir='ltr' id='par_1_108' title="bbox 1683 5345 2350 5406">
     <span class='ocr_line' id='line_1_108' title="bbox 1683 5345 2350 5406; baseline -0.012 0"><span class='ocrx_word' id='word_1_737' title='bbox 1683 5353 1764 5406; x_wconf 85' lang='lat' dir='ltr'><strong>VA</strong></span> <span class='ocrx_word' id='word_1_738' title='bbox 1777 5351 1913 5405; x_wconf 54' lang='lat' dir='ltr'><strong>RLIE</strong></span> <span class='ocrx_word' id='word_1_739' title='bbox 1950 5345 2350 5404; x_wconf 83' lang='lat' dir='ltr'><strong>LECTIONES.</strong></span> 
     </span>
    </p>
   </div>
   <div class='ocr_carea' id='block_1_109' title="bbox 454 5453 1586 5522">
    <p class='ocr_par' dir='ltr' id='par_1_109' title="bbox 454 5453 1586 5522">
     <span class='ocr_line' id='line_1_109' title="bbox 454 5453 1586 5522; baseline -0.005 -13"><span class='ocrx_word' id='word_1_740' title='bbox 454 5454 497 5485; x_wconf 68' lang='grc' dir='ltr'><strong>δ’</strong></span> <span class='ocrx_word' id='word_1_741' title='bbox 537 5456 607 5509; x_wconf 88' lang='lat' dir='ltr'><strong>al.</strong></span> <span class='ocrx_word' id='word_1_742' title='bbox 653 5454 915 5522; x_wconf 77' lang='grc' dir='ltr'>ἐπέγνων.</span> <span class='ocrx_word' id='word_1_743' title='bbox 1002 5456 1048 5486; x_wconf 75' lang='grc'>⁸³</span> <span class='ocrx_word' id='word_1_744' title='bbox 1077 5457 1146 5509; x_wconf 87' lang='lat' dir='ltr'><strong>al.</strong></span> <span class='ocrx_word' id='word_1_745' title='bbox 1187 5453 1586 5522; x_wconf 77' lang='grc' dir='ltr'>ἐξαπατῶντας.</span> 
     </span>
    </p>
   </div>
   <div class='ocr_carea' id='block_1_110' title="bbox 380 5516 2785 5596">
    <p class='ocr_par' dir='ltr' id='par_1_110' title="bbox 380 5516 2785 5596">
     <span class='ocr_line' id='line_1_110' title="bbox 380 5516 2785 5596; baseline 0 0"><span class='ocrx_word' id='word_1_746' title='bbox 380 5525 470 5596; x_wconf 49' lang='grc' dir='ltr'>τις</span> <span class='ocrx_word' id='word_1_747' title='bbox 497 5527 590 5578; x_wconf 67' lang='grc' dir='ltr'>και</span> <span class='ocrx_word' id='word_1_748' title='bbox 624 5516 822 5596; x_wconf 50' lang='grc' dir='ltr'>πάντες</span> <span class='ocrx_word' id='word_1_749' title='bbox 846 5527 892 5596; x_wconf 60' lang='grc' dir='ltr'><strong>τμξ</strong></span> <span class='ocrx_word' id='word_1_750' title='bbox 927 5527 983 5577; x_wconf 67' lang='grc' dir='ltr'>έν</span> <span class='ocrx_word' id='word_1_751' title='bbox 1110 5516 1244 5596; x_wconf 49' lang='lat' dir='ltr'><strong>arma;</strong></span> <span class='ocrx_word' id='word_1_752' title='bbox 1601 5519 1646 5572; x_wconf 66' lang='grc' dir='ltr'><strong>δε</strong></span> <span class='ocrx_word' id='word_1_753' title='bbox 1684 5519 1928 5596; x_wconf 44' lang='lat' dir='ltr'><strong>eam</strong></span> <span class='ocrx_word' id='word_1_754' title='bbox 1954 5516 2159 5596; x_wconf 62' lang='grc' dir='ltr'><strong>ᾇνβρεςο</strong></span> <span class='ocrx_word' id='word_1_755' title='bbox 2238 5516 2387 5596; x_wconf 68' lang='grc' dir='ltr'><strong>’τηθιο</strong></span> <span class='ocrx_word' id='word_1_756' title='bbox 2428 5516 2785 5596; x_wconf 38' lang='lat' dir='ltr'><strong>miseere,</strong></span> 
     </span>
    </p>
   </div>
   <div class='ocr_carea' id='block_1_111' title="bbox 381 5577 2930 5667">
    <p class='ocr_par' dir='ltr' id='par_1_111' title="bbox 381 5577 2930 5667">
     <span class='ocr_line' id='line_1_111' title="bbox 381 5577 2930 5667; baseline -0.005 -20"><span class='ocrx_word' id='word_1_757' title='bbox 381 5577 551 5667; x_wconf 65' lang='grc' dir='ltr'>δὲτοῦ</span> <span class='ocrx_word' id='word_1_758' title='bbox 581 5577 820 5667; x_wconf 47' lang='grc' dir='ltr'>καιροῦί</span> <span class='ocrx_word' id='word_1_759' title='bbox 850 5595 984 5649; x_wconf 84' lang='lat' dir='ltr'><strong>Hinc</strong></span> <span class='ocrx_word' id='word_1_760' title='bbox 1009 5577 1702 5667; x_wconf 15' lang='lat' dir='ltr'><strong>ilicipitiiriapud&#39;Siirium,</strong></span> <span class='ocrx_word' id='word_1_761' title='bbox 1742 5577 2065 5667; x_wconf 52' lang='lat' dir='ltr'><strong>Novembris</strong></span> <span class='ocrx_word' id='word_1_762' title='bbox 2093 5599 2254 5667; x_wconf 49' lang='grc' dir='ltr'>σηιξη.</span> <span class='ocrx_word' id='word_1_763' title='bbox 2285 5581 2424 5667; x_wconf 58' lang='grc' dir='ltr'><strong>(Ζοί-ζ</strong></span> <span class='ocrx_word' id='word_1_764' title='bbox 2499 5577 2840 5667; x_wconf 25' lang='lat' dir='ltr'><strong>“(mirabilia</strong></span> 
     </span>
    </p>
   </div>
   <div class='ocr_carea' id='block_1_112' title="bbox 2007 5645 3021 5723">
    <p class='ocr_par' dir='ltr' id='par_1_112' title="bbox 2007 5645 3021 5723">
     <span class='ocr_line' id='line_1_112' title="bbox 2007 5645 3021 5723; baseline -0.013 -16"><span class='ocrx_word' id='word_1_765' title='bbox 2007 5656 2052 5687; x_wconf 84' lang='grc'><strong><em>⁵³</em></strong></span> <span class='ocrx_word' id='word_1_766' title='bbox 2085 5654 2331 5723; x_wconf 82' lang='grc' dir='ltr'>ὑπάρχου</span> <span class='ocrx_word' id='word_1_767' title='bbox 2377 5651 2468 5702; x_wconf 86' lang='grc' dir='ltr'><strong>τὸν</strong></span> <span class='ocrx_word' id='word_1_768' title='bbox 2501 5647 2772 5723; x_wconf 73' lang='grc' dir='ltr'>πολιτικὸν</span> <span class='ocrx_word' id='word_1_769' title='bbox 2814 5645 3021 5723; x_wconf 41' lang='grc' dir='ltr'>Θρόνονί</span> 
     </span>
    </p>
   </div>
   <div class='ocr_carea' id='block_1_113' title="bbox 1677 5706 3608 5799">
    <p class='ocr_par' dir='ltr' id='par_1_113' title="bbox 1677 5706 3608 5799">
     <span class='ocr_line' id='line_1_113' title="bbox 1677 5706 3608 5799; baseline -0.015 -14"><span class='ocrx_word' id='word_1_770' title='bbox 1969 5727 2037 5780; x_wconf 88' lang='lat' dir='ltr'><strong>al.</strong></span> <span class='ocrx_word' id='word_1_771' title='bbox 2071 5706 2424 5789; x_wconf 52' lang='grc' dir='ltr'>Μπόύξζιενος.</span> <span class='ocrx_word' id='word_1_772' title='bbox 2499 5718 2712 5771; x_wconf 69' lang='lat' dir='ltr'><strong>“deest</strong></span> <span class='ocrx_word' id='word_1_773' title='bbox 2748 5717 2806 5770; x_wconf 88' lang='lat' dir='ltr'><strong>in</strong></span> <span class='ocrx_word' id='word_1_774' title='bbox 2847 5706 2916 5768; x_wconf 72' lang='lat' dir='ltr'><strong>5n.</strong></span> <span class='ocrx_word' id='word_1_775' title='bbox 2993 5715 3035 5746; x_wconf 80' lang='grc'><strong>⁸⁷</strong></span> <span class='ocrx_word' id='word_1_776' title='bbox 3062 5713 3211 5767; x_wconf 89' lang='lat' dir='ltr'><strong>deest</strong></span> <span class='ocrx_word' id='word_1_777' title='bbox 3241 5713 3292 5766; x_wconf 92' lang='lat' dir='ltr'><strong>in</strong></span> <span class='ocrx_word' id='word_1_778' title='bbox 3317 5709 3386 5762; x_wconf 88' lang='lat' dir='ltr'><strong>al.</strong></span> <span class='ocrx_word' id='word_1_779' title='bbox 3464 5707 3508 5737; x_wconf 83' lang='grc'><strong><em>⁵⁸</em></strong></span> <span class='ocrx_word' id='word_1_780' title='bbox 3536 5706 3608 5757; x_wconf 86' lang='lat' dir='ltr'><strong>al.</strong></span> 
     </span>
    </p>
   </div>
   <div class='ocr_carea' id='block_1_114' title="bbox 1755 5783 2472 5848">
    <p class='ocr_par' dir='ltr' id='par_1_114' title="bbox 1755 5783 2472 5848">
     <span class='ocr_line' id='line_1_114' title="bbox 1755 5783 2472 5848; baseline -0.01 0"><span class='ocrx_word' id='word_1_781' title='bbox 1755 5783 1939 5848; x_wconf 60' lang='grc' dir='ltr'>Ῐωπᾶν.</span> <span class='ocrx_word' id='word_1_782' title='bbox 2016 5798 2058 5829; x_wconf 80' lang='grc'><strong>⁶¹</strong></span> <span class='ocrx_word' id='word_1_783' title='bbox 2094 5783 2289 5848; x_wconf 73' lang='lat' dir='ltr'><strong>desunt</strong></span> <span class='ocrx_word' id='word_1_784' title='bbox 2321 5791 2373 5843; x_wconf 83' lang='lat' dir='ltr'><strong>in</strong></span> <span class='ocrx_word' id='word_1_785' title='bbox 2401 5789 2472 5843; x_wconf 79' lang='lat' dir='ltr'><strong>al.</strong></span> 
     </span>
    </p>
   </div>
   <div class='ocr_carea' id='block_1_115' title="bbox 385 5657 1926 5783">
    <p class='ocr_par' dir='ltr' id='par_1_115' title="bbox 385 5657 1926 5783">
     <span class='ocr_line' id='line_1_115' title="bbox 385 5657 1926 5783; baseline -0.006 -65"><span class='ocrx_word' id='word_1_786' title='bbox 385 5665 426 5694; x_wconf 85' lang='grc'><strong>¹¹</strong></span> <span class='ocrx_word' id='word_1_787' title='bbox 465 5667 534 5718; x_wconf 90' lang='lat' dir='ltr'><strong>al.</strong></span> <span class='ocrx_word' id='word_1_788' title='bbox 572 5657 819 5719; x_wconf 71' lang='grc' dir='ltr'>ἔπεισεν·</span> <span class='ocrx_word' id='word_1_789' title='bbox 860 5668 896 5719; x_wconf 91' lang='lat' dir='ltr'><strong>f.</strong></span> <span class='ocrx_word' id='word_1_790' title='bbox 935 5657 1285 5736; x_wconf 83' lang='grc' dir='ltr'>παρέπεισεν.</span> <span class='ocrx_word' id='word_1_791' title='bbox 1331 5657 1404 5696; x_wconf 76' lang='grc'><strong>’⁸⁸</strong></span> <span class='ocrx_word' id='word_1_792' title='bbox 1441 5664 1510 5716; x_wconf 89' lang='lat' dir='ltr'><strong>al.</strong></span> <span class='ocrx_word' id='word_1_793' title='bbox 1540 5657 1926 5783; x_wconf 58' lang='grc' dir='ltr'>Χριστιανικῶ.</span> 
     </span>
     <span class='ocr_line' id='line_1_116' title="bbox 387 5712 1926 5783; baseline 0 0"><span class='ocrx_word' id='word_1_794' title='bbox 387 5737 502 5783; x_wconf 75' lang='grc' dir='ltr'>κατ’</span> <span class='ocrx_word' id='word_1_795' title='bbox 539 5737 700 5783; x_wconf 75' lang='grc' dir='ltr'>αὑτοῦ</span> <span class='ocrx_word' id='word_1_796' title='bbox 735 5736 937 5783; x_wconf 65' lang='grc' dir='ltr'>ἕλει-ὀν’</span> <span class='ocrx_word' id='word_1_797' title='bbox 966 5734 1107 5783; x_wconf 69' lang='grc' dir='ltr'>τινὲς</span> <span class='ocrx_word' id='word_1_798' title='bbox 1129 5735 1183 5783; x_wconf 79' lang='grc' dir='ltr'>δὲ</span> <span class='ocrx_word' id='word_1_799' title='bbox 1217 5734 1499 5783; x_wconf 66' lang='grc' dir='ltr'>ἀντέλεγον</span> <span class='ocrx_word' id='word_1_800' title='bbox 1521 5749 1533 5761; x_wconf 87' lang='grc'>⁶</span> <span class='ocrx_word' id='word_1_801' title='bbox 1631 5731 1644 5781; x_wconf 86' lang='grc' dir='ltr'><strong>ί</strong></span> <span class='ocrx_word' id='word_1_802' title='bbox 1677 5732 1803 5783; x_wconf 77' lang='grc' dir='ltr'>γάρ.</span> <span class='ocrx_word' id='word_1_803' title='bbox 1879 5712 1926 5758; x_wconf 46' lang='grc' dir='ltr'>δ’</span> 
     </span>
    </p>
   </div>
   <div class='ocr_carea' id='block_1_116' title="bbox 387 5731 1644 5804">
    <p class='ocr_par' dir='ltr' id='par_1_116' title="bbox 387 5731 1644 5804">
     <span class='ocr_line' id='line_1_117' title="bbox 387 5731 1644 5804; baseline -0.002 -20"><span class='ocrx_word' id='word_1_804' title='bbox 387 5737 502 5786; x_wconf 79' lang='grc' dir='ltr'>κατ’</span> <span class='ocrx_word' id='word_1_805' title='bbox 539 5737 700 5789; x_wconf 78' lang='grc' dir='ltr'>αὑτοῦ</span> <span class='ocrx_word' id='word_1_806' title='bbox 735 5736 937 5804; x_wconf 69' lang='grc' dir='ltr'>ἔλεγονο</span> <span class='ocrx_word' id='word_1_807' title='bbox 966 5731 1107 5796; x_wconf 72' lang='grc' dir='ltr'>τινὲς</span> <span class='ocrx_word' id='word_1_808' title='bbox 1129 5735 1183 5788; x_wconf 82' lang='grc' dir='ltr'>δὲ</span> <span class='ocrx_word' id='word_1_809' title='bbox 1217 5734 1499 5804; x_wconf 75' lang='grc' dir='ltr'>ἀντέλεγον</span> <span class='ocrx_word' id='word_1_810' title='bbox 1521 5749 1533 5761; x_wconf 91' lang='grc'><strong>·</strong></span> <span class='ocrx_word' id='word_1_811' title='bbox 1581 5731 1644 5783; x_wconf 90' lang='grc' dir='ltr'><strong>Τί</strong></span> 
     </span>
    </p>
   </div>
   <div class='ocr_carea' id='block_1_117' title="bbox 386 5802 1939 5878">
    <p class='ocr_par' dir='ltr' id='par_1_117' title="bbox 386 5802 1939 5878">
     <span class='ocr_line' id='line_1_118' title="bbox 386 5802 1939 5878; baseline -0.003 -22"><span class='ocrx_word' id='word_1_812' title='bbox 386 5806 632 5875; x_wconf 71' lang='grc' dir='ltr'>ἀχθῆναι.</span> <span class='ocrx_word' id='word_1_813' title='bbox 713 5809 756 5839; x_wconf 73' lang='grc'><strong>⁸³</strong></span> <span class='ocrx_word' id='word_1_814' title='bbox 792 5802 862 5860; x_wconf 88' lang='lat' dir='ltr'><strong>al.</strong></span> <span class='ocrx_word' id='word_1_815' title='bbox 897 5815 1187 5878; x_wconf 76' lang='grc' dir='ltr'>μαρτυρεῖ,</span> <span class='ocrx_word' id='word_1_816' title='bbox 1249 5806 1292 5836; x_wconf 77' lang='grc'><strong>⁵⁵⁸</strong></span> <span class='ocrx_word' id='word_1_817' title='bbox 1332 5805 1401 5858; x_wconf 85' lang='lat' dir='ltr'><strong>al.</strong></span> <span class='ocrx_word' id='word_1_818' title='bbox 1435 5803 1681 5872; x_wconf 67' lang='grc' dir='ltr'>φέρουσιν</span> <span class='ocrx_word' id='word_1_819' title='bbox 1715 5802 1939 5870; x_wconf 72' lang='grc' dir='ltr'>σιωπᾷν.</span> 
     </span>
    </p>
   </div>
   <div class='ocr_carea' id='block_1_118' title="bbox 1693 5444 2254 5506">
    <p class='ocr_par' dir='ltr' id='par_1_118' title="bbox 1693 5444 2254 5506">
     <span class='ocr_line' id='line_1_119' title="bbox 1693 5444 2254 5506; baseline -0.016 -4"><span class='ocrx_word' id='word_1_820' title='bbox 1693 5450 1736 5481; x_wconf 66' lang='grc' dir='ltr'><strong>δ’</strong></span> <span class='ocrx_word' id='word_1_821' title='bbox 1750 5450 1818 5502; x_wconf 88' lang='lat' dir='ltr'><strong>al.</strong></span> <span class='ocrx_word' id='word_1_822' title='bbox 1837 5450 2001 5501; x_wconf 89' lang='lat' dir='ltr'><strong>inser.</strong></span> <span class='ocrx_word' id='word_1_823' title='bbox 2025 5444 2254 5506; x_wconf 86' lang='grc' dir='ltr'>τούτοις.</span> 
     </span>
    </p>
   </div>
   <div class='ocr_carea' id='block_1_119' title="bbox 2335 5425 3618 5508">
    <p class='ocr_par' dir='ltr' id='par_1_119' title="bbox 2335 5425 3618 5508">
     <span class='ocr_line' id='line_1_120' title="bbox 2335 5425 3618 5508; baseline -0.016 -13"><span class='ocrx_word' id='word_1_824' title='bbox 2335 5441 2380 5473; x_wconf 76' lang='grc'><strong>⁸³</strong></span> <span class='ocrx_word' id='word_1_825' title='bbox 2395 5441 2463 5495; x_wconf 92' lang='lat' dir='ltr'><strong>al.</strong></span> <span class='ocrx_word' id='word_1_826' title='bbox 2485 5437 2961 5508; x_wconf 78' lang='grc' dir='ltr'>προσεγγίσαντος.</span> <span class='ocrx_word' id='word_1_827' title='bbox 3015 5429 3078 5508; x_wconf 36' lang='grc'>,⁸⁸</span> <span class='ocrx_word' id='word_1_828' title='bbox 3111 5425 3618 5508; x_wconf 40' lang='grc' dir='ltr'>τεῇ-ἐξαπτίσθηρὺ-</span> 
     </span>
    </p>
   </div>
   <div class='ocr_carea' id='block_1_120' title="bbox 2238 5495 3615 5580">
    <p class='ocr_par' dir='ltr' id='par_1_120' title="bbox 2238 5495 3615 5580">
     <span class='ocr_line' id='line_1_121' title="bbox 2238 5495 3615 5580; baseline -0.015 -15"><span class='ocrx_word' id='word_1_829' title='bbox 2238 5513 2283 5544; x_wconf 66' lang='lat'><strong>‘7</strong></span> <span class='ocrx_word' id='word_1_830' title='bbox 2317 5513 2387 5564; x_wconf 86' lang='lat' dir='ltr'><strong>al.</strong></span> <span class='ocrx_word' id='word_1_831' title='bbox 2428 5495 2748 5561; x_wconf 76' lang='grc' dir='ltr'>ἐπίστευσαν</span> <span class='ocrx_word' id='word_1_832' title='bbox 2795 5507 2885 5558; x_wconf 76' lang='grc' dir='ltr'><strong>καὶ</strong></span> <span class='ocrx_word' id='word_1_833' title='bbox 2925 5501 3076 5580; x_wconf 77' lang='grc' dir='ltr'>πρός.</span> <span class='ocrx_word' id='word_1_834' title='bbox 3127 5500 3199 5580; x_wconf 40' lang='grc'><strong>,⁸⁸</strong></span> <span class='ocrx_word' id='word_1_835' title='bbox 3238 5498 3374 5580; x_wconf 50' lang='lat' dir='ltr'><strong>Kac:</strong></span> <span class='ocrx_word' id='word_1_836' title='bbox 3407 5495 3615 5580; x_wconf 68' lang='grc' dir='ltr'>ἐκείνου</span> 
     </span>
    </p>
   </div>
   <div class='ocr_carea' id='block_1_121' title="bbox 3010 5567 3613 5626">
    <p class='ocr_par' dir='ltr' id='par_1_121' title="bbox 3010 5567 3613 5626">
     <span class='ocr_line' id='line_1_122' title="bbox 3010 5567 3613 5626; baseline -0.012 -1"><span class='ocrx_word' id='word_1_837' title='bbox 3010 5573 3054 5603; x_wconf 76' lang='grc' dir='ltr'><strong>⁵ο</strong></span> <span class='ocrx_word' id='word_1_838' title='bbox 3094 5572 3165 5624; x_wconf 88' lang='lat' dir='ltr'><strong>al.</strong></span> <span class='ocrx_word' id='word_1_839' title='bbox 3205 5570 3299 5622; x_wconf 77' lang='grc' dir='ltr'>καὶ</span> <span class='ocrx_word' id='word_1_840' title='bbox 3346 5567 3613 5626; x_wconf 78' lang='grc' dir='ltr'>δεδωκώς.</span> 
     </span>
    </p>
   </div>
   <div class='ocr_carea' id='block_1_122' title="bbox 3097 5634 3615 5698">
    <p class='ocr_par' dir='ltr' id='par_1_122' title="bbox 3097 5634 3615 5698">
     <span class='ocr_line' id='line_1_123' title="bbox 3097 5634 3615 5698; baseline -0.014 -4"><span class='ocrx_word' id='word_1_841' title='bbox 3097 5643 3144 5674; x_wconf 74' lang='grc'><strong>⁸⁵</strong></span> <span class='ocrx_word' id='word_1_842' title='bbox 3194 5642 3264 5694; x_wconf 85' lang='lat' dir='ltr'><strong>al.</strong></span> <span class='ocrx_word' id='word_1_843' title='bbox 3301 5637 3454 5698; x_wconf 79' lang='grc' dir='ltr'>ἄλλος</span> <span class='ocrx_word' id='word_1_844' title='bbox 3489 5634 3615 5689; x_wconf 77' lang='grc' dir='ltr'>ἄλλο</span> 
     </span>
    </p>
   </div>
  </div>
