4066 6140
475 306 576 367 627
1112 310 1115 317 “
1571 314 1912 369 ΑΡΡΕΝΒΙΧ
1950 316 2041 371 AD
2078 318 2136 372 S.
2177 317 2616 375 CLEMENTEM.
3612 325 3716 383 628

351 439 371 472 ι“
469 435 933 504 superstitionem,
952 436 1209 505 colasquc
1236 431 1369 488 deos
1391 433 1644 489 eximios.
1668 433 1823 489 Tunc
1849 435 2006 489 beatu

2107 435 2250 500 ,τῶν
2296 436 2436 491 θεῶν
2469 436 2730 511 ἀποδέχῃ.
2765 437 2857 491 Διὸ
2882 434 3179 491 ἀποθέσθαι
3204 450 3263 490 σε
3290 434 3372 489 δεῖ
3409 435 3590 492 πᾶσαν
3614 438 3714 510 τήν

464 527 719 584 Clemens
749 543 763 595 ;
792 524 1073 597 Optarcm,
1115 527 1311 597 inquit,
1369 535 1477 580 tute
1516 525 1851 581 excellentiae
1901 542 2007 597 prun

2138 528 2400 599 περιττὴν
2461 527 2903 600 δεισιδαιμονίαν,
2955 528 3052 583 καὶ
3093 529 3208 591 τοῖς
3268 526 3528 594 ἐξαισίοις
3572 527 3713 593 θεοῖς

462 620 703 676 dentiam
732 619 800 675 ad
832 635 1008 675 meam
1054 618 1428 674 defensionem
1482 619 1786 683 attendere,
1836 626 1892 673 et
1920 632 2007 672 not

2136 617 2419 690 λατρεύειν
2450 620 2515 674 θ’.
2568 621 2703 674 Τότε
2748 624 2777 675 6
2815 622 3082 693 μακάριος
3124 619 3354 693 Κλήμης
3407 623 3545 691 εφη·
3598 621 3710 675 Ηύ-

459 718 683 780 propter
711 709 1089 779 imperitorum
1116 709 1461 773 seditionem,
1491 709 1584 764 sed
1608 716 1830 779 propter
1850 723 2007 763 mean

2133 710 2309 783 χόμην
2351 711 2452 784 τήν
2485 713 2589 783 τῆς
2618 712 2720 784 σῆς
2765 692 3041 785 ὑπεροχῆς
3059 712 3322 784 φρόνησιν
3357 692 3737 786 προσανέχειν.

458 801 766 857 doctrinam
798 815 1092 857 accusasse
1134 815 1263 879 me._
1292 799 1428 855 Nam
1459 801 1506 856 si
1535 815 1700 855 canes
1732 799 1886 854 multi
1942 799 2028 854 al-

454 881 779 949 latraverlnt
828 910 939 949 nos
958 909 1025 949 ac
1053 892 1393 960 disciderint,
1439 908 1549 948 non
1604 899 1834 962 possunt
1857 891 2023 946 etiam

454 985 676 1041 auferre
703 986 848 1055 quod
879 986 1131 1040 homines
1176 985 1474 1040 rationales
1534 998 1761 1044 sumus:
1812 982 2027 1054 ipsique

454 1088 741 1132 remanent
770 1092 937 1132 canes
991 1077 1111 1132 sine
1158 1076 1369 1131 ratione
1405 1076 1760 1131 oblatrantes.
1811 1073 2023 1128 Etenim

452 1170 650 1226 seditio
709 1185 927 1240 semper
958 1168 1026 1225 ab
1073 1168 1340 1240 imperitis
1379 1167 1653 1240 proﬁcisci
1694 1166 2024 1232 ostenditur,

449 1263 588 1318 adeo
621 1271 682 1318 ut
738 1262 872 1318 nihil
902 1262 1100 1317 habeat
1140 1270 1342 1327 tutum,
1369 1276 1472 1316 nec
1497 1261 1661 1314 etiam
1695 1273 1886 1313 verum
1937 1272 2025 1312 re-

447 1364 730 1425 ctumque.
766 1354 1133 1421 Quamobrem
1163 1361 1442 1424 quaeratur
1465 1351 1670 1407 silentii
1699 1348 1941 1415 occasio,
1966 1349 2021 1404 in

445 1462 556 1520 quo
576 1462 675 1518 pro
700 1446 875 1502 salute
903 1460 1001 1502 sua
1023 1446 1189 1502 homo
1213 1444 1445 1500 rationis
1474 1443 1744 1514 particeps
1776 1438 1919 1510 apud
1962 1453 2022 1495 se

444 1541 761 1596 consultare
800 1555 866 1594 ac
886 1539 1159 1596 disserere
1199 1537 1445 1608 incipiat,
1495 1551 1605 1605 quo
1631 1548 1819 1589 verum
1846 1530 2016 1586 Deum

444 1633 707 1699 inveniat,
753 1632 841 1687 cui
871 1632 1030 1686 [idem
1063 1646 1218 1688 suam
1242 1630 1403 1700 digne
1427 1626 1790 1684 commendet.

2138 819 2242 873 μου
2269 805 2337 874 τῇ
2384 803 2674 877 ἀπολογίᾳ,
2720 805 2817 859 καὶ
2856 804 2933 877 μὴ
2958 804 3048 859 διὰ
3085 804 3274 858 στάσιν
3307 803 3419 858 τῶν
3453 805 3711 859 ἀπαιδεύ-

2131 909 2260 959 των,
2307 894 2444 949 ἀλλά
2467 895 2558 950 διὰ
2598 897 2691 950 τὸν
2721 897 2854 968 ἐμὸν
2876 896 3033 966 λόγον
3060 895 3373 969 γράψασθαί
3402 913 3492 967 με.
3534 896 3707 961 Ἐπεὶ,

2122 984 2219 1038 ἐὰν
2241 984 2403 1051 κύνες
2422 989 2574 1060 ἡμᾶς
2596 987 2781 1042 πολλοὶ
2808 989 3177 1061 περιυλάξωσι
3197 989 3292 1042 καὶ
3314 987 3707 1061 κατασχίσωσι,

2123 1074 2198 1146 μὴ
2226 1076 2480 1132 δύνανται
2507 1079 2804 1149 ἀφελέσθαι
2840 1081 2935 1135 καὶ
2978 1079 3041 1133 τὸ
3071 1075 3212 1133 εἶναι
3258 1081 3408 1152 ἡμᾶς
3438 1079 3540 1150 μὲν
3566 1079 3709 1151 λογι-

2122 1166 2254 1230 κοὺς
2290 1167 2650 1240 ἀνθρώπους,
2708 1171 2955 1236 ἐκείνους
3001 1171 3060 1226 δέ
3107 1171 3278 1237 κύνας
3325 1172 3372 1204 ⁸⁸
3405 1171 3707 1241 ἀλογίστως

2120 1258 2623 1327 καθυλακτοῦντας.
2659 1263 2773 1318 Καὶ
2796 1263 2906 1335 γὰρ
2938 1265 2972 1337 ή
3003 1263 3195 1329 στάσις
3240 1262 3331 1320 ἀεὶ
3360 1263 3514 1336 παρὰ
3540 1265 3705 1319 ἀπαι-

2120 1348 2325 1404 δεύτων
2394 1342 2774 1426 προερχομένη
2846 1354 3252 1422 διαδείκνυται,
3316 1353 3460 1410 ὥστε
3535 1355 3703 1428 μηδὲν

2121 1440 2366 1512 ἀσφαλὲς
2415 1443 2461 1476 ⁶δ
2505 1443 2671 1517 ἔχειν,
2726 1447 2866 1518 μήτε
2927 1446 3035 1519 μὴν
3066 1446 3285 1517 ἀληθές.
3338 1445 3501 1502 Ὅθεν
3543 1445 3702 1516 σιγῆς

2120 1531 2391 1602 ζητείσθω
2432 1536 2728 1608 πρόφασις,
2783 1539 2841 1592 ἐν
2883 1534 2919 1612 ᾖ
2964 1538 3106 1609 ὑπὲρ
3136 1538 3240 1611 τῆς
3294 1536 3489 1593 ἐαυτοῦ
3528 1554 3713 1609 αντη-ι.

2120 1624 2241 1694 ρίας
2266 1628 2294 1680 ὁ
2322 1627 2539 1698 λογικὸς
2560 1628 2865 1702 ἄνθρωπος,
2893 1631 2985 1684 καὶ
3001 1630 3124 1686 καθ’
3146 1629 3337 1687 ἑαυτὸν
3353 1629 3699 1702 βουλεύεσθαι

443 1727 538 1780 καὶ
617 1722 960 1794 διαλέγεσθαι
1020 1721 1330 1793 ἀπάρξηται
1354 1761 1369 1786 ,
1420 1720 1510 1774 ἴνα
1572 1719 1663 1773 τὸν
1712 1715 1886 1789 ἀληθῆ
1935 1713 2068 1767 Θεὸν
2127 1715 2275 1788 εὖροι
2299 1758 2314 1783 ,
2363 1712 2409 1789 ᾧ
2475 1721 2577 1793 τὴν
2627 1721 2818 1777 ἐαυτοῦ
2885 1722 3069 1777 πίστιν
3137 1722 3530 1796 σεμνοπρεπῶς
3594 1738 3697 1777 πα·

443 1819 618 1891 ράθοι.

440 2023 590 2079 tione
631 2023 699 2080 ad
722 2022 1020 2093 Traianum
1059 2021 1467 2091 imperatorem,
1496 2019 1565 2076 de
1615 2021 1839 2075 nomine
1867 2017 2010 2074 beati

438 2117 735 2174 Clementis
760 2116 973 2182 detulit,
1019 2116 1207 2171 dicens
1241 2134 1254 2169 :
1300 2113 1459 2170 Hunc
1507 2114 1843 2170 Clementem
1875 2115 2013 2170 sedi-

438 2213 596 2268 tiosis
624 2209 965 2267 clamoribus
990 2208 1224 2279 populus
1270 2223 1381 2263 non
1417 2215 1598 2263 cessat
1645 2222 1925 2279 quaerere;
1958 2217 2012 2263 et

439 2306 546 2361 ﬁde
574 2304 738 2374 digna
778 2301 1032 2373 probatio
1079 2301 1343 2357 adversus
1392 2300 1543 2356 illius
1586 2310 1736 2372 gesta
1777 2299 2010 2355 inveniri

436 2415 545 2454 non
571 2406 769 2468 potest.
823 2394 979 2451 Tunc
1036 2384 1310 2466 Trajanus
1370 2395 1666 2465 imperator
1703 2395 2006 2464 rescripsit,

435 2501 688 2563 oportere
720 2505 845 2545 eum
872 2489 955 2544 vel
982 2489 1295 2544 consentire
1321 2487 1706 2557 sacriﬁcando,
1735 2497 1833 2547 aut
1864 2489 2009 2548 ultra

435 2600 587 2642 mare
635 2595 691 2641 et
735 2581 972 2641 Pontum
1015 2584 1070 2639 in
1102 2585 1390 2641 "desertum
1447 2584 1712 2641 Chersoni
1751 2586 2008 2658 adjacens

432 2679 693 2751 oppidum
718 2678 971 2750 relegari.

504 2835 648 2890 XIX.
701 2835 951 2906 Cumque
986 2850 1051 2890 ex
1103 2835 1325 2905 Traiani
1363 2836 1521 2907 jussu
1562 2851 1651 2891 res
1682 2837 2005 2891 conﬁrmata

435 2929 561 2994 fuit,
590 2928 865 2999 eOgitabat
904 2928 1048 2998 apud
1075 2944 1133 2983 se
1159 2927 1543 2995 Mamertinus,
1570 2943 1809 2998 quonam
1841 2928 2005 2984 modo

430 3021 685 3077 Clemens
715 3019 1085 3075 voluntarium
1113 3035 1223 3074 non
1254 3029 1460 3090 peteret
1483 3021 1759 3088 exsilium,
1787 3022 1879 3077 sed
1906 3037 2005 3092 po-

431 3116 540 3170 tius
568 3113 673 3169 diis
731 3111 992 3166 libamina
1039 3111 1339 3166 exhiberet.
1395 3110 1597 3167 Verum
1651 3111 1845 3168 beatus
1880 3112 2003 3167 Cle-

511 1929 698 1986 XV‘lll.
732 1929 889 1986 Tunc
928 1928 1157 1985 Publius
1209 1928 1623 1999 Tarquitianus,
1668 1927 1837 1982 missa
1872 1925 2007 1980 rela-

2183 1914 2371 1972 XVlll.
2398 1916 2557 1987 ξΤότε
2609 1916 2871 1983 Πούϐλιος
2918 1919 2948 1972 6
2993 1917 3397 1990 Ταρκουτιανὸς
3445 1917 3513 1983 ⁸⁸,
3555 1918 3705 1972 ἀπο-ο·

2114 2004 2329 2070 στείλας
2374 2007 2656 2081 ἀναφορὰν
2697 2007 2952 2080 Τραϊανῷ
2995 2006 3075 2079 τῷ
3125 2007 3505 2081 αὐτοκράτορι,
3555 2008 3690 2080 ἀνή-

2112 2112 2250 2166 γαγε
2280 2098 2528 2171 περὶτοῦ
2571 2099 2837 2171 ὀνόματος
2878 2099 2975 2154 τοῦ
3024 2098 3296 2177 μακαρίου
3348 2100 3688 2177 Κλήμεντος,

2112 2189 2334 2259 φάσκων
2355 2206 2370 2221 ο
2418 2188 2623 2245 Τοῦτον
2669 2190 2763 2249 τὸν
2811 2191 3107 2269 Κλήμεντά
3156 2195 3473 2252 στασιώδεσι
3512 2214 3692 2270 κραυ-

2109 2282 2234 2347 γαῖς
2283 2279 2462 2354 ζητῶν
2517 2281 2553 2339 ὁ
2585 2280 2769 2358 δῆμος
2813 2287 2877 2341 οὐ
2923 2287 3186 2342 παύεταν
3237 2290 3331 2344 καὶ
3377 2278 3692 2356 ἀξιόπιστος

2109 2371 2385 2440 ἀπόδειξις
2412 2374 2494 2441 είς
2538 2378 2609 2433 τὰ
2654 2379 2777 2433 κατ’
2823 2378 2986 2434 αὐτὸν
3026 2378 3317 2452 εὑρεθῆναι
3355 2382 3416 2436 οὐ
3443 2381 3685 2436 δύναται.

2108 2462 2421 2538 Τηνικαῦτα
2449 2468 2721 2541 Τραϊανὸς
2762 2470 2790 2523 6
2816 2469 3170 2543 αὐτοκράτωρ
3218 2471 3545 2545 ἀντέγραψε,
3570 2473 3689 2528 δέον

2110 2557 2275 2611 αὐτὸν
2318 2558 2353 2630 ἢ
2397 2562 2667 2615 συναινεῖν
2721 2558 2935 2626 θύοντα,
2990 2559 3024 2632 ἢ
3078 2561 3253 2633 πέραν
3275 2562 3375 2634 τῆς
3410 2562 3689 2636 θαλάσσης

2108 2650 2201 2702 καὶ
2226 2649 2322 2703 τοῦ
2368 2651 2574 2704 Πόντου
2602 2652 2660 2705 ἐν
2685 2653 2878 2725 ἐρήμῳ
2924 2654 3309 2727 παρακειμένῃ
3346 2657 3413 2727 τῇ
3435 2655 3684 2728 Χερσῶνι

2108 2740 2153 2770 ⁸⁸
2179 2741 2331 2794 πόλει
2359 2740 2704 2814 ἐξορισθῆναι
2728 2744 2794 2797 ⁸⁷.

2175 2830 2317 2886 XIX.
2371 2832 2482 2886 Καὶ
2534 2834 2698 2888 ὁπότε
2745 2834 2826 2906 τῷ
2880 2834 2975 2889 τοῦ
3020 2835 3291 2908 Τραϊανοῦ
3357 2836 3681 2909 κελεύσματι

2106 2921 2452 2995 ἐπεκυρὼθη,
2487 2926 2884 2981 συνεσκέπτετο
2935 2928 2965 2980 6
3005 2929 3354 3000 Μαμερτῖνος
3376 2929 3442 2996 ⁸⁸,
3467 2930 3617 2995 ὅπως
3647 2933 3679 2985 6

2105 3014 2337 3085 Κλήμης
2376 3006 2640 3072 νέκούσιον
2688 3017 2987 3090 ὑπερορίαν
3032 3019 3107 3092 μὴ
3163 3022 3491 3093 αἰτήσηται,
3545 3022 3682 3078 ἀλλά

2107 3104 2304 3174 μᾶλλον
2330 3109 2445 3174 τοῖς
2466 3107 2609 3172 θεοῖς
2634 3110 2867 3176 σπονδὰς
2910 3111 3198 3186 ἐμπαρέξῃ
3237 3113 3303 3166 ⁸⁸.
3354 3113 3496 3168 Ἀλλ’
3521 3116 3551 3168 6
3578 3132 3681 3186 μα-

429 3224 585 3264 mens
609 3206 970 3264 contendebat
996 3213 1055 3261 ut
1100 3205 1273 3276 ipsius
1300 3220 1522 3276 quoque
1540 3204 1737 3277 jndicis
1752 3206 1996 3262 animum

2107 3195 2294 3268 κάριος
2341 3197 2574 3271 Κλήμης
2614 3199 2913 3271 ἠγωνίζετο
2957 3201 3052 3256 καὶ
3100 3201 3265 3256 αὐτοῦ
3301 3202 3396 3257 τοῦ
3423 3203 3677 3259 δικαστοῦ

427 3300 495 3355 ad
525 3298 683 3354 [idem
707 3296 909 3352 Christi
955 3296 1267 3359 adduceret,
1321 3296 1546 3367 ipseque
1572 3297 1907 3365 ostenderet,
1938 3314 1998 3357 se

426 3394 629 3464 eligere
663 3390 915 3446 exsilium
944 3391 1140 3460 magis,
1167 3404 1333 3460 quam
1390 3389 1602 3446 timere.
1631 3388 1863 3447 Tantam
1893 3390 1997 3445 ita-

424 3501 532 3556 que
560 3484 790 3555 gratiam
841 3482 1107 3538 Dominus
1154 3481 1423 3537 Clementi
1476 3482 1729 3553 prrebuit,
1779 3492 1838 3539 ut
1882 3482 1997 3538 Ma-

425 3578 696 3633 mertinus
720 3572 1011 3646 praefectus
1038 3573 1268 3645 lugeret,
1290 3591 1354 3631 ac
1393 3575 1601 3631 diceret
1629 3592 1644 3629 :
1670 3573 1816 3630 Deus
1832 3589 1993 3644 quem

425 3679 479 3726 tu
510 3668 725 3725 sincere
747 3668 905 3733 colis,
951 3665 1070 3735 ipse
1105 3666 1203 3720 tibi
1230 3681 1388 3736 opem
1422 3665 1560 3720 feret
1587 3665 1641 3719 in
1663 3665 1769 3722 hoc
1810 3665 1992 3722 exsilii

419 3762 630 3833 judicio
658 3780 671 3816 :
695 3769 750 3815 et
766 3759 1054 3816 constituit
1075 3774 1290 3825 navem,
1314 3760 1639 3830 cunctisque
1664 3759 1993 3816 necessariis

423 3854 714 3924 impositis,
737 3852 965 3909 dimisit.
1013 3850 1246 3906 Onerata
1282 3861 1466 3907 autem
1495 3861 1579 3908 est
1620 3854 1796 3908 navis.
1821 3851 1993 3920 Quin-

422 3950 586 4004 etiam
617 3964 649 4004 e
686 3948 894 4018 populo
949 3946 1202 4003 homines
1242 3945 1483 4017 religiosi
1504 3955 1559 4001 et
1583 3947 1803 4017 quidem
1833 3946 1991 4002 multi

419 4040 593 4096 secuti
622 4047 752 4095 sunt
778 4048 926 4093 eum.

488 4276 610 4331 XX.
643 4275 745 4331 Ubi
770 4283 950 4332 autem
982 4288 1340 4348 pervenerunt
1372 4280 1439 4335 ad
1490 4279 1666 4335 exsilii
1691 4280 1896 4346 locum,
1933 4282 1986 4336 in

298 4433 302 4436 ς
417 4387 582 4443 opere
625 4371 867 4428 caedendi
915 4372 1231 4439 marmoris,
1284 4373 1425 4429 ultra
1472 4366 1597 4430 duo
1625 4375 1795 4431 millia
1826 4374 1986 4432 Chri-

417 4465 723 4520 stianorum
756 4464 869 4519 illic
925 4464 1160 4533 invenit,
1184 4466 1298 4536 jam
1335 4465 1430 4521 diu
1471 4466 1664 4538 judicil
1717 4470 1984 4525 sententia

2098 3286 2188 3341 τὸν
2212 3287 2469 3361 λογισμὸν
2521 3291 2602 3355 είς
2639 3292 2738 3364 τὴν
2773 3291 2955 3347 πίστιν
2994 3292 3110 3347 ’τοῦ
3146 3293 3384 3366 Χριστοῦ
3436 3312 3679 3366 μεταγα-

2097 3381 2241 3449 γεῖν,
2260 3381 2355 3434 καὶ
2380 3380 2570 3435 ἐαυτὸν
2594 3381 2875 3449 ἀποδεῖξαι
2918 3383 3297 3457 προαιρεῖσθαι
3327 3385 3527 3457 μᾶλλον
3574 3386 3676 3459 τὴν

2098 3468 2418 3539 ὑπερορίαν,
2449 3469 2483 3541 ἢ
2531 3469 2884 3526 δεδίττεσθαι.
2911 3472 3194 3545 Τοσαύτην
3216 3473 3393 3529 τοίνυν
3418 3475 3448 3527 6
3470 3474 3676 3545 Κύριος

2096 3559 2256 3631 χάριν
2278 3559 2357 3632 τῷ
2395 3559 2673 3632 Κλήμεντι
2720 3563 3046 3635 παρέσχετο,
3094 3563 3235 3618 ὥστε
3284 3565 3673 3638 κατοδύρεσθαι

2095 3652 2442 3723 Μαμερτῖνον
2464 3652 2557 3707 τὸν
2602 3651 2841 3724 ἔπαρχον
2888 3654 2959 3721 ⁷⁸,
3009 3655 3106 3709 καὶ
3144 3655 3356 3725 λέγειν’
3393 3656 3452 3711 '0
3473 3658 3606 3723 Θεὸς
3627 3652 3672 3728 ᾧ

2097 3743 2161 3795 σὺ
2217 3742 2529 3814 εἰλικρινῶς
2580 3744 2885 3814 λατρεύεις,
2936 3734 3098 3812 αὐτός
3159 3764 3244 3802 σοι
3304 3749 3559 3823 βοηθήσει
3613 3751 3671 3803 ἐν

2095 3831 2266 3904 ταύτῃ
2289 3834 2472 3904 γραφῇ
2511 3834 2610 3904 τῆς
2667 3835 2991 3906 ὑπερορίαςο
3043 3836 3138 3890 καὶ
3189 3836 3468 3909 ὴφώρισεν
3510 3838 3663 3904 ναῦν,

2094 3925 2189 3978 καὶ
2214 3924 2392 3978 πάντα
2432 3923 2503 3977 τὰ
2541 3926 2813 3995 ἀναγκαῖα
2862 3928 2907 3959 ⁷⁸
2948 3927 3242 3995 ἐπιϐαλὼν,
3302 3929 3572 3985 ἀπέλυσεν
3597 3932 3662 3986 τ’.

2106 4014 2418 4087 Ἑφορτώθη
2465 4015 2522 4069 δὲ
2558 4019 2591 4088 ή
2638 4017 2791 4082 ναῦς.
2843 4019 2919 4073 Οὐ
2968 4019 3074 4091 μὴν
3126 4019 3264 4075 ἀλλὰ
3309 4021 3407 4076 καὶ
3461 4023 3526 4076 ἐκ
3570 4023 3665 4078 τοῦ

2092 4107 2223 4162 λαοῦ
2272 4106 2519 4174 εὐλαϐεῖς
2557 4109 2749 4179 ἄνδρες
2796 4110 2864 4177 ⁷³,
2917 4112 3011 4165 καὶ
3053 4111 3235 4167 πολλοὶ
3297 4112 3665 4188 ήκολούθησαν

2090 4218 2258 4272 αυτῳ.

2158 4291 2279 4348 XX.
2324 4292 2515 4347 Ἡνίκα
2539 4293 2598 4347 δὲ
2621 4292 2920 4348 κατέλαϐον
2943 4294 2992 4327 ⁷⁸
3035 4295 3128 4350 τὸν
3157 4296 3322 4352 τόπον
3344 4299 3446 4370 τῆς
3463 4299 3661 4371 ὕπεροδ

2090 4384 2231 4455 ρίας,
2258 4384 2317 4439 ἐν
2341 4386 2408 4455 τῇ
2453 4384 2687 4456 ἐργασίᾳ
2723 4384 2826 4456 τῆς
2872 4384 2982 4440 τῶν
3031 4388 3338 4461 μαρμάρων
3378 4388 3658 4464 λατομίας,

2090 4480 2403 4554 περαιτέρω
2423 4481 2517 4535 δύο
2546 4481 2807 4557 χιλιάδων
2832 4482 3191 4553 Χριστιανοὺς
3242 4483 3429 4538 αὐτόθι
3462 4485 3509 4517 ⁷⁸
3537 4500 3660 4537 κατ-

414 4556 928 4612 condemnatorum.
958 4554 1063 4623 Qui
1096 4567 1347 4613 sanctum
1379 4567 1433 4614 et
1476 4559 1746 4615 celebrem
1770 4560 1982 4631 episco-

2107 4570 2281 4637 ἱλαϐε,
2357 4569 2736 4643 μακροχρονίῳ
2785 4554 2970 4644 γραφῇ
3043 4573 3535 4639 καταδικασθέντας
3586 4575 3654 4629 ⁷⁸.

412 4666 542 4721 pum
589 4648 923 4705 Clementem
976 4649 1180 4717 intuiti,
1221 4666 1415 4706 omnes
1454 4654 1801 4709 concorditer
1829 4670 1979 4710 .cum

2107 4662 2311 4727 )ἴτινες,
2362 4663 2668 4734 ἑωρακότες
2689 4663 2780 4717 τὸν
2805 4664 2960 4733 ἆγιον
2985 4665 3078 4717 καὶ
3103 4665 3341 4738 ἀοίδιμον
3364 4666 3657 4739 Κλήμεντα

411 4736 616 4806 gemitu
641 4751 706 4791 ac
729 4736 854 4792 fletu
882 4737 1228 4804 accedentes,
1278 4738 1538 4798 dixerunt
1563 4761 1577 4798 :
1609 4742 1720 4800 Ora
1755 4761 1856 4816 pro
1880 4762 1975 4805 no-

2107 4756 2126 4786 "
2154 4754 2469 4819 ἐπίσκοπον,
2500 4754 2740 4820 ἅπαντες
2761 4755 3102 4828 ὁμοθυμαδὸν
3127 4758 3209 4822 εἰς
3243 4736 3543 4831 στεναγμὸν
3562 4761 3656 4815 καὶ

410 4830 518 4897 bis,
549 4839 738 4887 sancte
770 4831 1014 4901 pontifex
1037 4873 1053 4901 ,
1085 4841 1145 4887 ut
1194 4833 1342 4904 digni
1392 4827 1691 4895 elliciamur
1738 4845 1977 4911 promis-

2082 4844 2316 4915 ὀδυρμὸν
2339 4843 2387 4875 ⁷⁸
2410 4844 2801 4915 προσελθόντες
2839 4846 3023 4915 ἔλεγον
3044 4865 3059 4878 ⁸
3095 4841 3264 4915 Εὗξαι
3313 4848 3454 4920 ὑπὲρ
3478 4848 3651 4921 ἡμῶν,

1707 4980 1941 5038 νΑΡιιΑε
1978 4985 2380 5043 LECTIONES.

475 5096 521 5125 ⁶²
571 5096 644 5148 al.
693 5092 753 5161 ἐξ
774 5094 927 5166 ἔθους
964 5096 1115 5166 ἡμῖν.
1221 5098 1266 5128 ⁸³
1298 5098 1447 5152 deost
1500 5098 1552 5151 in
1585 5100 1657 5153 al.

406 5163 666 5236 ἔπαρχος.

1754 5099 1802 5175 ἒξ
1838 5101 2122 5175 ΪΑσφαλές.
2179 5119 2284 5159 ms.
2343 5104 2479 5158 2421
2539 5105 2756 5175 ἀφελές.
2795 5105 2934 5163 Cor.

773 5165 1202 5261 :Adec‘stgnnal:
1236 5168 1320 5261 me:
1362 5168 1583 5261 ibidem,
1615 5169 1908 5261 συγελθεῖν,
1946 5165 2160 5261 θύοντα,
2184 5176 2508 5261 ειοηὲρΐήμῳ
2539 5165 2693 5231 πόλει
2718 5165 3111 5261 ’παρακειμένη
3127 5183 3195 5253 τῇ
3228 5165 3496 5261 Χερσιῖίνι.
3542 5165 3649 5236 ΙΙέ-

3037 5109 3081 5141 ⁶⁸
3114 5110 3191 5195 al;
3230 5111 3594 5195 ‘Mapspci'vo;
3621 5112 3652 5166 6

404 5233 532 5303 que'
555 5233 627 5288 in
692 5233 844 5319 ictis
882 5233 1113 5319 latinis
1171 5234 1502 5319 praeferenda
1554 5248 1639 5319 est
1677 5239 1858 5303 lrclio,
1894 5233 2059 5319 'ultra
2099 5233 2243 5319 more
2271 5257 2324 5319 et
2349 5233 2613 5319 :P'on'tumJ
2639 5233 3023 5319 communiori,
3054 5233 3199 5305 ἀίει-ἆ
3226 5233 3647 5319 inci-clientum,

403 5319 665 5392 proy‘qulo
700 5303 1013 5392 ξτοοιιίίυε,
1032 5303 1212 5392 ηενρ-ξε
1230 5376 1242 5389 ο
1264 5323 1411 5392 mare
1440 5306 1723 5392 Ponticum
1748 5350 1764 5376 ,
1792 5313 2046 5392 quamvis
2094 5313 2251 5392 aliter
2275 5314 2524 5392 videatur
2571 5303 2830 5392 Baronjo.
2860 5303 3059 5392 vocem
3092 5303 3483 5392 Aureliam;
3502 5303 3649 5392 (qua;

401 5374 659 5458 abest’ab
693 5376 868 5457 altero
890 5390 995 5458 ms.
1032 5374 1197 5458 22347)
1222 5376 1461 5458 jungunt
1502 5393 1626 5433 cum
1657 5374 1789 5434 voce
1810 5374 2016 5454 ’ἐρήμῳ
2036 5383 2688 5458 λειξιιιιι-Μοιοριιτεειθε,
2739 5374 3416 5458 Νἰρομίιονιιε,ειδίοιιιιοιι
3457 5374 3474 5447 ἐ
3505 5374 3645 5447 ’διιιιι

400 5459 536 5519 voce
600 5444 849 5519 Χερσῷνι
897 5447 1039 5519 Acta
1082 5442 1302 5519 Latina,
1327 5442 1536 5519 Quique
1572 5464 1635 5503 ea
1678 5442 1999 5518 sequuntur"
2036 5452 2197 5519 Beda,
2229 5455 2369 5517 Atlo,

402 5513 976 5585 Τραϊανοῦκέλευσμα
1024 5513 1370 5587 ἐπεκυρὼθη,
1412 5513 1706 5571 ἐσκέπτετο
1749 5513 2112 5593 Μαμερτῖνος.
2184 5513 2260 5557 ’⁸⁸
2300 5513 2372 5578 al.
2428 5525 2655 5595 προσάξτ

402 5583 503 5648 τὴν
548 5585 736 5648 χρείαν
774 5586 1062 5648 ἀναγκαῖα.
1139 5586 1185 5616 ⁷²
1252 5588 1451 5640 desunt
1476 5589 1530 5641 in
1558 5589 1629 5642 al.
1706 5590 1751 5621 ’⁷³
1775 5592 1924 5646 deest
1952 5593 2004 5645 in
2038 5594 2108 5647 al.
2186 5594 2232 5625 ’⁷⁸
2267 5595 2338 5648 al.
2380 5584 2655 5648 κατέλαϐεἶ

400 5583 503 5652 τὴν
548 5585 736 5654 χρείαν
774 5583 1062 5653 ἀναγκαῖα.
1139 5583 1212 5616 "—
1252 5583 1451 5640 desunt
1476 5589 1530 5641 in
1558 5589 1629 5642 al.

2986 5460 3031 5532 εδ
3063 5462 3135 5515 al.
3175 5460 3236 5514 τὸ
3259 5459 3354 5514 τοῦ
3384 5460 3648 5532 βασιλέως

3308 5533 3352 5564 τι
3392 5532 3483 5604 al:
3507 5532 3647 5604 πρὸς

2766 5596 2811 5627 ⁷⁵
2844 5598 2913 5651 al.
2947 5596 3337 5670 εὗρενἀὐτόθι.
3442 5603 3487 5633 ⁷⁸
3525 5596 3631 5656 Μαι

2455 5456 2714 5510 recnll‘us.
2746 5454 2878 5511 lum.

2217 5526 2260 5602 .°°
2300 5526 2372 5602 ‘31-
2428 5525 2692 5602 πρρσδεξηο
2766 5527 2814 5602 ff
2855 5528 2926 5602 δίο
2969 5528 3230 5602 ἰἔπαρχον-

979 5654 1671 5747 ξοιταξδξκαςθξνταςζςίὶί
1686 5662 2096 5747 ημακροχρόνιοι-
2123 5661 2366 5747 σχξῦντας
2387 5664 2510 5733 (sic)
2535 5665 2851 5747 ὑπερορίαν,
2878 5679 2941 5747 et
2961 5653 3122 5747 paulo
3140 5653 3287 5742 ipost,
3305 5653 3626 5743 Ππαραγενέ-

405 5724 530 5777 σθαι
552 5722 799 5790 ἠξίωσεν
839 5722 939 5795 pro
990 5724 1450 5797 ἁπεκατέστησεν.
1483 5726 1643 5806 Ιιιιιι.⁴
1686 5722 1731 5764 7'7
1777 5722 1933 5789 (local
1968 5731 2025 5788 in
2048 5732 2119 5790 al.
2158 5722 2208 5766 {"9
2242 5722 2728 5808 μετάστὲναγμῶν
2758 5722 2849 5793 καί
2886 5722 3149 5812 ὀδύρμῶν.
