4032 6146
349 309 457 426 σεξ)

1485 326 1897 389 MABT’YI’JUM
1941 323 1995 380 S.
2022 320 2421 378 CLEMENTIS.

3485 307 3586 362 650

349 470 464 524 ὕσιε
493 467 742 536 ἱεράρχα,
783 464 868 517 Eva
893 463 1031 528 ἄξιοι
1075 457 1483 528 ἀποδειχθῶμεν
1518 455 1620 524 τῆς
1653 450 1806 523 παρὰ
1822 448 1917 502 τοῦ

2028 447 2184 501 sione
2203 443 2428 499 Christi.
2455 440 2602 506 Quos
2640 452 2763 492 cum
2825 434 3170 502 cognovisset
3223 429 3281 484 S.
3334 430 3585 483 Clemens

286 610 289 612 _
349 559 596 634 Χριστοῦ
624 555 973 626 ἐπαγγελίας.
1031 553 1140 616 Οὓς
1170 551 1425 622 ἐγνωκὼς
1448 550 1493 581 ⁷⁹
1537 550 1565 602 6
1597 547 1750 615 ἅγιος
1777 543 1922 615 Κλή-

354 673 461 727 μης
502 652 591 707 διὰ
654 649 748 704 τοῦ
795 647 928 702 Θεοῦ
995 646 1042 678 ⁸⁸
1090 641 1564 716 ὐπερορισθέντας,
1615 637 1756 707 ἔφη·
1808 634 1922 688 Οὐκ

351 743 710 817 ἀπροσφόρως
755 743 784 796 6
832 737 1037 810 Κύριός
1068 753 1135 808 με
1174 733 1410 788 ἐνταῦθα
1456 728 1918 798 ἁπεκατέστησεν,

354 839 440 891 ἵνα
469 837 515 869 ⁸⁸
546 852 610 888 συ
617 833 885 905 μμέτοχος
929 828 1219 899 γενόμενος
1243 823 1354 878 τῶν
1377 821 1522 892 παθη
1531 819 1721 890 μάτων⁶
1745 819 1774 871 ὐ
1782 817 1918 888 μῶν,

350 928 432 981 ἔτι
491 922 828 997 παρηγορίας
879 917 1227 975 ὑποτύπωσιν
1277 915 1369 970 καὶ
1405 910 1682 983 ὑπομονῆς
1709 911 1921 980 ἐμπαρ-

351 1018 476 1084 ἐξω.

419 1106 561 1162 XXI.
595 1105 806 1178 Ἔμαθε
841 1105 899 1158 δέ
941 1104 1070 1175 παρ’
1098 1099 1306 1164 αὐτῶν,
1352 1099 1435 1152 ὅτι
1485 1095 1595 1150 ἀπὸ
1640 1093 1700 1160 ἐξ
1731 1091 1920 1178 μιλίων

345 1198 406 1251 τὸ
431 1198 576 1269 ὕδωρ
599 1177 692 1250 ἐπὶ
725 1195 834 1249 τῶν
876 1194 1022 1247 ίδίων
1056 1191 1221 1262 ὤμων
1259 1187 1533 1260 ἐκόμιζον.
1569 1184 1778 1239 Αὐτίκα
1827 1177 1920 1237 οὖν

346 1292 374 1344 6
411 1289 566 1357 ἅγιος
617 1287 852 1358 Κλήμης
879 1282 1250 1355 προετρέψατο
1269 1279 1485 1344 αὐτοὺς,
1507 1277 1680 1344 λέγων
1697 1291 1711 1305 ·
1741 1271 1922 1337 Εύξώ-

350 1379 486 1448 μεθα
507 1378 601 1430 τὸν
623 1378 670 1409 ⁸³
710 1375 915 1447 Κύριον
958 1372 1118 1444 ήμῶν
1156 1368 1362 1442 Ἰησοῦν
1401 1365 1655 1440 Χριστὸν,
1683 1365 1770 1418 ἵνα
1809 1365 1921 1426 τοῖς

345 1467 702 1537 ὁμολογηταῖς
769 1465 868 1536 τῆς
936 1461 1102 1516 αὐτοῦ
1170 1459 1406 1521 πίστεως
1486 1456 1657 1527 νομὴν
1733 1453 1923 1514 ὓδατος

345 1559 603 1631 διανοίξῃ·
632 1559 726 1612 καὶ
756 1559 784 1610 6
809 1556 1054 1621 πατάξας
1074 1553 1171 1625 τὴν
1195 1552 1398 1623 πέτραν
1434 1549 1493 1603 ἐν
1531 1551 1602 1618 τῇ
1645 1545 1692 1578 ⁸⁸
1731 1545 1920 1616 ἐρήμῳ

345 1648 439 1702 τοῦ
482 1649 631 1713 Σινᾶ,
670 1649 766 1701 καὶ
807 1645 1082 1719 ἐρρύησαν
1130 1641 1297 1696 ὕδατα
1339 1642 1418 1703 εἰς
1459 1635 1791 1709 πλησμονὴν,
1821 1633 1919 1686 αύ-

345 1740 437 1803 τὺς
463 1742 594 1811 ἡμῖν
618 1739 680 1793 τὺ
726 1738 955 1808 ἄφθονον
1001 1739 1149 1807 νᾶμα
1171 1733 1466 1805 παράσχοι,
1492 1731 1640 1792 ὅπως
1665 1729 1732 1798 τῇ
1753 1723 1917 1778 αὐτοῦ

2030 546 2250 608 propter
2281 535 2450 587 Deum
2488 531 2659 585 fuisse
2713 529 3049 598 deportatos,
3103 524 3216 578 ait:
3254 521 3368 576 Non
3399 521 3496 575 abs
3526 537 3584 575 re

2024 629 2294 683 Dominus.
2318 642 2403 679 me
2425 625 2532 678 huc
2560 619 2847 693 perduxit;
2880 628 2937 672 ut
2967 616 3238 687 particeps
3270 612 3448 668 factus
3470 627 3587 681 pcr-

2022 721 2341 792 pessionum
2390 725 2721 775 vestrarum,
2776 711 2939 764 etiam
2975 705 3369 764 consolationis
3405 715 3458 760 et
3490 719 3584 773 pa-

2023 813 2224 869 tientiae
2253 809 2565 878 exemplum
2601 803 2916 876 prwhercm.
2954 815 2961 820 '

2089 1072 2232 1128 XXI.
2259 1071 2456 1127 Didicit
2479 1079 2658 1125 autem
2686 1069 2759 1122 ab.
2775 1067 2875 1134 eis,
2896 1067 3039 1136 quod
3063 1065 3129 1120 de
3153 1073 3305 1120 sexto
3332 1061 3586 1116 milliaria

2021 1182 2221 1237 aquam
2254 1165 2371 1220 suis
2403 1163 2644 1218 humeris
2681 1161 3052 1228 deportarent.
3111 1155 3416 1212 Confestim
3458 1168 3588 1223 ergo

2020 1263 2242 1309 sanctus
2274 1251 2524 1305 Clemens
2555 1250 2875 1304 cohortatus
2899 1255 2983 1302 est
3011 1247 3154 1310 illos,
3190 1244 3377 1299 dicens
3403 1262 3416 1296 :
3447 1240 3588 1296 Ore-

2020 1359 2146 1398 mus
2168 1342 2460 1397 Dominum
2498 1349 2746 1395 nostrum
2801 1337 2986 1394 Iesum
3045 1337 3347 1403 Christum,
3373 1344 3434 1389 ut
3464 1334 3586 1388 ﬁdei

2021 1451 2135 1491 sua:
2171 1433 2584 1489 confessoribus
2631 1447 2826 1487 venam
2876 1445 3033 1499 aqua:
3082 1429 3324 1498 aperiat;
3382 1435 3436 1481 et
3492 1427 3586 1494 qni

2018 1529 2289 1600 percussit
2319 1537 2529 1598 petram
2559 1526 2614 1579 in
2638 1526 2851 1580 deserto
2878 1523 3041 1588 Sina),
3065 1531 3119 1576 et
3139 1520 3410 1574 ﬂuxerunt
3434 1534 3590 1588 aqua:

2019 1621 2075 1677 in
2134 1620 2520 1674 abundantiam
2555 1631 2605 1686 ε,
2652 1617 2768 1688 ipse
2827 1615 2984 1669 nobis
3037 1613 3320 1682 e0piosum
3371 1610 3587 1665 laticem

2017 1711 2294 1781 praebeat,
2345 1726 2456 1780 quo
2498 1710 2672 1779 ipsius
2721 1705 3157 1776 suppeditatione
3198 1704 3466 1757 laetemur.
3521 1701 3590 1755 Et

344 1795 577 1902 χορηγίᾳ
614 1795 1021 1900 εὐφρανθῶμεν.
1075 1795 1189 1882 Καὶ
1214 1795 1278 1896 δή
1321 1795 1420 1894 τῆς
1454 1795 1675 1882 νῑκεσίας
1701 1795 1915 1888 πληρω-

2018 1819 2142 1859 vero
2185 1804 2455 1872 completa
2505 1801 2919 1872 supplicatione,
2967 1797 3095 1852 hinc
3149 1797 3408 1865 illincque
3469 1795 3581 1849 cir-

345 1923 550 1992 θείσης,
589 1919 740 1974 ἐνθεν
783 1920 1037 1974 κάκεῖθεν
1075 1914 1496 1989 περιεϐλέψατω
1562 1910 1656 1965 καὶ¹
1707 1905 1845 1963 εἶδεν
1869 1907 1917 1941 ⁸⁸

343 2014 512 2085 ἀμνὸν
543 2013 830 2084 ἱστάμενον
870 2012 938 2076 ⁸⁸,
981 2011 1043 2075 ὃς
1084 2010 1177 2063 τὸν
1210 2006 1384 2074 δεξιὸν
1415 2004 1553 2058 πόδα
1603 2002 1913 2071 ἐκούφισεν,

343 2102 432 2160 οἷα
451 2105 543 2160 τὸν
568 2098 732 2159 τόπον
758 2104 836 2176 τῷ
875 2103 1016 2174 ἁγίῳ
1057 2102 1334 2172 Κλήμεντι
1369 2096 1705 2158 ὐποδεικνύς.
1733 2094 1864 2147 Τότε
1887 2095 1917 2146 ὁ

345 2196 498 2263 ἅγιος
531 2195 780 2266 Κλήμης,
834 2191 1136 2266 συννοήσας.
1175 2190 1222 2221 ⁸⁸
1260 2187 1352 2242 τὸν
1400 2185 1605 2257 Κύριον
1635 2180 1810 2247 εἷναι,
1855 2181 1915 2234 ὃν

347 2289 506 2359 μόνος
533 2287 693 2349 αὐτὸς
726 2285 948 2338 τεθέατο
980 2284 1023 2316 ⁸⁷
1073 2282 1168 2336 καὶ
1203 2281 1388 2351 ἕτερος
1419 2276 1693 2340 παντελῶς
1719 2275 1913 2339 οὐδεὶς,

343 2377 614 2448 ἐπορεύθη
663 2377 802 2448 πρὸς
849 2374 942 2428 τὸν
979 2373 1166 2436 τόπον,
1207 2371 1304 2423 καὶ
1330 2365 1515 2422 εἶπεν·
1583 2367 1670 2419 Ἐν
1694 2363 1917 2434 ὀνόματι

340 2469 435 2523 τοῦ
461 2465 671 2540 Πατρὸς
711 2466 807 2522 καὶ
843 2463 937 2520 τοῦ
975 2462 1104 2519 Υἱοῦ
1129 2461 1222 2518 καῖ
1264 2457 1358 2514 τοῦ
1404 2455 1566 2528 ἁγίου
1597 2451 1919 2527 Πνεύματος

345 2538 612 2632 κρούσατέ
664 2561 720 2613 ὲν
743 2558 822 2629 τῷ
845 2558 994 2628 τόπῳ
1033 2555 1228 2626 τούτῳ.
1257 2553 1370 2606 Καὶ
1413 2548 1600 2620 ἐπειδὴ
1631 2547 1830 2608 πάντες
1858 2538 1925 2597 ἐν’

344 2652 528 2722 κύκλῳ
549 2653 661 2714 τοῖς
699 2648 1014 2711 σκαπανίοις
1041 2645 1305 2714 ἐσκαψαν,
1355 2642 1450 2695 καὶ
1494 2641 1594 2694 οὐκ
1640 2637 1799 2692 αὐτὸν
1825 2635 1916 2689 τὸν

339 2745 504 2797 τόπον
530 2745 588 2796 ἐν
616 2736 660 2811 ᾧ
685 2743 714 2795 6
748 2741 920 2812 ἀμνὸς
967 2739 1118 2809 ἔστη,
1173 2734 1352 2789 λαϐὼν
1405 2731 1598 2804 μικρὸν
1648 2729 1916 2784 σκαλίδιω

2021 1895 2360 1966 cumspexit;
2393 1903 2447 1949 et
2468 1895 2600 1948 vidit
2623 1908 2822 1963 agnum
2876 1899 3136 1954 stantem,
3168 1888 3262 1958 qui
3301 1888 3587 1942 dexterum

2020 1989 2212 2058 pedem
2261 1987 2479 2054 levavit,
2535 1995 2796 2056 tanquam
2834 1991 3024 2038 sancto
3085 1980 3352 2036 Clementi
3406 1979 3586 2032 locum

2021 2081 2334 2136 ostendens.
2373 2078 2528 2133 Tunc
2575 2077 2632 2132 S.
2689 2077 2944 2132 Clemens
2991 2081 3252 2143 reputans
3293 2070 3584 2124 Dominum

2019 2189 2174 2238 esse,
2208 2188 2368 2243 quem
2400 2173 2552 2228 solus
2576 2172 2692 2242 ipse
2718 2169 3024 2238 conspexit,
3053 2175 3107 2222 et
3137 2165 3324 2220 nullus
3355 2164 3587 2218 omnino

2018 2265 2193 2331 alius;
2247 2266 2312 2319 ad
2343 2266 2522 2319 locum
2553 2263 2830 2334 profectus
2856 2270 2958 2326 cst,
2989 2276 3056 2315 ac
3084 2259 3253 2313 dixit:
3286 2257 3343 2312 In
3367 2257 3589 2311 nomine

2017 2355 2195 2412 Patris
2219 2365 2272 2411 et
2314 2355 2440 2409 Filii
2468 2364 2522 2410 et
2571 2355 2809 2424 Spiritus
2854 2352 3052 2418 sancti,
3107 2352 3324 2421 pulsate
3376 2343 3433 2403 in
3483 2349 3592 2403 hoc

2017 2447 2160 2505 loco.
2192 2448 2441 2522 Cumque
2469 2463 2659 2503 omnes
2684 2447 2957 2516 ligonibus
2993 2444 3046 2497 in
3079 2444 3266 2499 orbem
3300 2441 3586 2506 fodissent,

2019 2559 2130 2598 non
2185 2555 2366 2598 autem
2419 2543 2600 2598 locum
2653 2539 2832 2612 ipsum
2865 2539 2920 2592 in
2963 2553 3072 2606 quo
3111 2550 3285 2606 agnus
3333 2542 3587 2601 steterat;

2018 2645 2241 2693 sanctus
2293 2646 2520 2707 accepto
2549 2651 2718 2705 parvo
2744 2631 2984 2700 sarculo,
3016 2630 3201 2686 Locum
3220 2628 3313 2700 qui
3339 2637 3456 2682 erat
3485 2628 3588 2682 sub

2017 2729 2154 2795 pede
2183 2729 2310 2800 agni
2334 2729 2621 2800 ,percussit
2659 2727 2764 2781 levi
2805 2711 2952 2779 ictu:
3004 2722 3147 2777 unde
3197 2729 3420 2790 repente
3465 2717 3590 2774 fons

340 2841 370 2889 ὁ
393 2838 566 2905 ἅγιος,
615 2808 836 2905 ἐλαφρῶ
876 2808 1184 2903 κρούσματι
1205 2829 1252 2862 ⁸⁸
1276 2827 1369 2881 τὸν
1396 2825 1559 2879 τόπον
1586 2823 1676 2877 τὸν
1699 2821 1804 2876 ὑπὸ
1825 2821 1916 2876 τὸν

2018 2818 2170 2880 renis
2192 2817 2624 2873 redundantibus
2642 2815 3042 2886 pulcherrimus
3059 2811 3282 2866 emersit
3305 2828 3318 2875 ;
3344 2808 3439 2879 qui
3462 2824 3588 2862 cum

342 2903 477 2982 πόδα
509 2927 601 2980 τοῦ
631 2903 824 2996 ἀμνοῦ,
875 2923 1066 2994 ἔτυψεν
1095 2923 1145 2954 ⁸9
1167 2938 1180 2951 ο
1233 2919 1352 2974 ὅθεν
1381 2915 1723 2990 παραχρῆμα
1763 2915 1917 2986 πηγὴ

2018 2913 2221 2983 impetu
2253 2911 2456 2966 cﬁ'usus
2486 2909 2667 2964 ell'ecit
2695 2907 2941 2960 ﬂuvium.
2972 2903 3125 2958 Tunc
3166 2909 3395 2957 sanctus
3453 2915 3590 2954 cun-

341 3013 766 3087 ύπερϐλυούσαις
784 3015 829 3047 ⁰⁰
846 3015 965 3076 ταῖς
992 3011 1182 3086 φλεψὶν
1207 3007 1623 3080 εὐπρεπεστάτη
1652 3004 1912 3073 ἀνεφάνη·

2018 3003 2121 3059 ctis
2152 3002 2576 3065 exsultantibus,
2648 2996 3066 3065 responsorium
3111 2993 3287 3048 dixit:
3319 2991 3587 3045 Fluminis

341 3084 482 3179 ἣτις,
543 3111 644 3164 σὺν
713 3111 856 3181 ὁρμῇ
910 3084 1234 3179 ἐκχυθεῖσα,
1303 3102 1544 3173 ποταμὸν
1593 3099 1905 3154 ἀπετέλεσε.

2018 3098 2236 3166 impetus
2260 3094 2535 3163 lwtiﬁcant
2562 3091 2832 3148 civitatem
2856 3087 2952 3139 Dei
2977 3087 3029 3136 ι).

339 3175 654 3274 ΙΪήνικαῦτα
722 3175 758 3255 ὁ⁷
785 3175 954 3269 -άγιος
978 3175 1224 3254 Ππάντων
1275 3195 1714 3267 ἀγαλλιωμένων,
1779 3193 1824 3225 ³⁸
1875 3189 2273 3245 ὐπακουστικὸν
2319 3184 2471 3241 εἷπε⁸
2527 3185 2635 3239 Τοῦ
2693 3180 2958 3249 ποταμοῦ
3003 3178 3073 3231 τὰ
3137 3175 3440 3247 ὁρμήματά
3490 3178 3591 3230 εὑ-

340 3297 659 3365 φραίνουσι
681 3292 795 3362 τὴν
821 3293 1002 3346 πόλιν
1038 3291 1142 3344 τοῦ
1169 3289 1337 3344 Θεοῦ.

408 3409 578 3464 XXII.
654 3407 755 3461 Διὰ
795 3406 998 3476 ταύτην
1036 3400 1128 3458 οὖν
1169 3404 1270 3474 τὴν
1311 3404 1535 3474 φήμην,
1570 3401 1914 3473 προσέδραμε

344 3500 492 3551 πᾶσα
537 3499 570 3568 ἡ
612 3495 880 3567 ἐπαρχία-
919 3494 1014 3547 καί
1051 3494 1100 3546 oi
1139 3491 1460 3562 ἐληλυθότες
1493 3490 1730 3554 ἅπαντες
1778 3488 1917 3560 πρὸς

341 3585 682 3656 τὴνξδιδαχὴν
720 3582 815 3637 τοῦ
835 3582 992 3651 ἁγίου
1022 3581 1336 3653 Κλήμεντος
1368 3578 1785 3651 ἐπιστρέφοντες
1799 3577 1916 3618 ⁹²-⁹³

345 3674 479 3745 πρὸς
511 3674 598 3727 τὸν
620 3671 822 3745 Κύριον
842 3690 856 3704 ο
884 3671 1025 3725 ὥστε
1053 3670 1175 3725 καθ’
1209 3669 1423 3743 ἡμέραν
1450 3669 1795 3722 πεντακόσιοι
1823 3669 1917 3722 καὶ

345 3766 649 3838 περαιτέρω
683 3765 1066 3837 βαπτιζόμενοι
1099 3763 1426 3836 ἀνεχώρουν.
1467 3763 1649 3826 Ἐντὸς
1693 3763 1751 3815 δὲ
1798 3762 1917 3826 ἐνὸς

343 3857 516 3922 ἔτους,
540 3858 822 3926 γεγόνασιν
846 3857 1026 3910 ἐκεῖσε
1052 3857 1203 3926 παρὰ
1229 3855 1337 3910 τῶν
1365 3855 1572 3908 πιστῶν
1598 3854 1920 3925 ἑϐδομηκον-

342 3949 570 4002 ταπέντε
615 3948 931 4019 ἐκκλησίαι,
967 3950 1062 4002 καὶ
1097 3949 1273 4002 πάντα
1306 3946 1376 4000 τὰ
1421 3946 1614 4000 είδωλα
1648 3945 1917 4017 κατεθρύ-

344 4040 516 4110 ϐησαν
538 4079 552 4104 ,
581 4039 780 4104 πάντες
812 4041 861 4093 οἱ
885 4040 1004 4093 ναοὶ
1028 4039 1130 4110 τῆς
1178 4036 1487 4110 περιχώρου
1514 4037 1914 4110 καθῃρέθησαν,

346 4132 522 4186 πάντα
546 4130 616 4185 τὰ
645 4130 780 4200 ἄλση
815 4130 910 4183 ἐπὶ
940 4129 1227 4201 τριακόσια
1256 4131 1412 4202 μίλια
1442 4129 1616 4183 διόλου
1641 4131 1699 4183 ἐν
1735 4127 1918 4200 κύκλῳ

344 4221 730 4292 κατεκόπησαν
753 4221 848 4274 καὶ
873 4220 1353 4292 κατεστρώθησαν.

414 4333 602 4387 XXIII.
645 4331 960 4404 Τηνικαῦτα
981 4333 1028 4364 ’⁸
1061 4332 1350 4404 ἐπίφθονον
1391 4333 1630 4405 διήγημα
1663 4333 1917 4404 διέδραμε

344 4427 479 4498 πρὸς
500 4426 588 4478 τὸν
615 4425 835 4494 βασιλέα
852 4423 1135 4495 Τραϊανὸν,
1160 4424 1234 4488 ὼς
1251 4424 1437 4478 αὐτόθι
1461 4425 1596 4496 πρὸς
1616 4425 1806 4497 ἁναρίθ
1815 4443 1918 4496 μη-

343 4535 434 4568 τον
475 4516 678 4586 πλῆθος
715 4515 743 4567 6
775 4514 881 4567 τῶν
921 4513 1258 4584 Χριστιανῶν
1293 4512 1574 4584 ὲπηυξήθη
1617 4513 1776 4576 λαός’
1821 4514 1915 4567 καὶ

2090 3390 2256 3447 XXII.
2316 3389 2401 3445 Ob
2467 3389 2611 3444 hanc
2657 3384 2827 3457 igitur
2871 3380 3104 3447 famam,
3150 3381 3429 3436 concurrit
3476 3387 3587 3434 tota

2016 3485 2325 3555 provincia;
2374 3486 2578 3554 quique
2607 3478 2902 3536 veniebant
2942 3475 3010 3529 ad
3060 3475 3117 3528 S.
3162 3475 3454 3528 Clementis
3490 3474 3588 3528 do-

2015 3575 2248 3630 ctrinam
2274 3590 2466 3629 omnes
2494 3568 2954 3628 convertebantur
2977 3566 3042 3620 ad
3076 3563 3364 3618 Dominum
3393 3580 3407 3629 ;
3451 3563 3588 3617 adeo

2017 3679 2076 3723 ut
2113 3667 2358 3738 quotidie
2388 3665 2666 3736 quingenti
2707 3675 2760 3719 ει
2795 3659 3031 3727 amplius
3061 3655 3377 3710 recederent
3404 3653 3588 3723 bapti-

2018 3762 2144 3814 zati.
2179 3761 2326 3815 Intra
2369 3774 2537 3813 unum
2568 3767 2749 3813 autem
2779 3766 2986 3811 annum
3013 3791 3027 3810 .
3068 3748 3224 3806 facta:
3262 3754 3392 3802 sunt
3418 3746 3528 3800 illic
3557 3761 3587 3798 a

2017 3851 2267 3906 ﬁdelibus
2296 3849 2636 3919 septuaginta
2684 3849 2929 3918 quinque
2977 3839 3260 3905 ecclesiae,
3304 3847 3357 3893 et
3402 3837 3586 3891 omnia

2018 3943 2160 3996 idola
2188 3940 2466 3996 confracta
2497 3949 2664 4006 sunt,
2705 3940 2886 3994 omnia
2918 3933 3114 4006 templa
3146 3929 3588 4000 circumiaccnlis

2018 4031 2257 4103 regionis
2281 4031 2459 4086 diruta
2489 4040 2638 4096 sunl,
2667 4045 2866 4103 _omnes
2897 4023 3006 4087 luci
3051 4038 3223 4103 usque
3253 4023 3316 4075 ad
3345 4031 3588 4076 lrccenla

2017 4124 2271 4179 milliaria
2293 4123 2351 4178 in
2390 4123 2622 4179 circuitu
2651 4101 2853 4178 concisi
2886 4129 3012 4178 sunt
3039 4125 3096 4175 et
3120 4098 3238 4200 solui
3259 4115 3479 4184 wQuati.

2086 4321 2277 4378 XXIII.
2321 4321 2477 4378 Tunc
2524 4322 2791 4377 invidiosa
2831 4323 3072 4376 narratio
3110 4321 3356 4391 pervenit
3383 4313 3452 4374 ad
3480 4313 3593 4373 im—

2018 4424 2323 4486 peratorem
2353 4414 2650 4485 Trajanum
2677 4454 2693 4480 ,
2729 4413 2875 4482 quod
2901 4413 3010 4467 illic
3036 4413 3101 4466 ad
3130 4411 3586 4468 innumerabilem

2018 4507 2421 4562 multitudinem
2471 4507 2738 4560 adauctus
2782 4513 2926 4560 esset
2963 4505 3197 4574 populus
3244 4503 3586 4558 Christiano-

345 4581 622 4678 ἀπεστάλη
639 4608 684 4638 "
706 4581 1031 4675 Αὐφιδιανδς
1061 4607 1089 4658 6
1125 4603 1346 4676 ἡγεμών
1365 4581 1590 4669 οὐσίτις,
1627 4603 1915 4670 πλείστους

2020 4616 2162 4653 rum.
2191 4599 2258 4653 Et
2294 4599 2500 4653 missus
2528 4605 2612 4652 est
2643 4597 2962 4652 Auﬁdianus
2991 4611 3227 4665 prmscs:
3259 4593 3353 4662 qui
3383 4593 3585 4648 multos

343 4701 452 4752 τῶν
488 4697 823 4770 Χριστιανῶν
857 4696 1132 4767 διαφόροις
1173 4695 1426 4765 βασάνοις
1457 4694 1661 4748 ἀνελὼν
1687 4696 1754 4762 ³⁸,
1773 4696 1913 4767 ὁρῶν

343 4807 404 4843 τε
419 4790 464 4821 ’⁷
499 4789 622 4851 τοὺς
647 4789 853 4850 πάντας
878 4786 956 4858 τῷ
993 4786 1276 4857 μαρτυρίῳ
1312 4787 1449 4857 μετὰ
1480 4789 1654 4860 χαρᾶς
1679 4804 1914 4859 προσερ-

344 4880 605 4951 χομένους
627 4919 641 4943 ,
667 4877 1058 4950 παρεχώρησεν
1081 4877 1158 4948 τῷ
1182 4876 1372 4948 πλήθει
1394 4918 1409 4943 ,
1450 4879 1608 4949 μόνον
1643 4878 1734 4933 τὸν
1759 4879 1916 4947 ἆγιον

345 4974 639 5043 Κλήμεντα
679 4973 771 5024 ἐπὶ
807 4971 868 5024 τὸ
908 4971 1056 5024 θύειν
1077 4973 1123 5002 ’⁸
1159 4972 1499 5042 βιαζόμενος.
1549 4973 1659 5026 Καὶ
1699 4973 1916 5044 βλέπων

345 5063 516 5125 οὕτως
543 5062 821 5133 ἱδρυμένον
856 5063 913 5114 ἐν
943 5061 1132 5133 Κυρίῳ
1152 5104 1166 5127 ,
1196 5065 1288 5116 καὶ
1307 5065 1353 5096 ⁹⁹
1389 5064 1450 5117 τὸ
1491 5064 1718 5118 καθόλου
1755 5083 1920 5136 μετα-

345 5155 564 5222 τεθῆναι
589 5155 692 5226 οὐχ
711 5150 820 5206 οἷόν
841 5171 902 5206 τε
916 5155 1005 5217 ¹⁰⁰,
1026 5155 1173 5222 λέγει
1197 5157 1213 5186 ¹
1235 5159 1346 5221 τοῖς
1373 5156 1525 5221 ἰδίοις
1544 5174 1560 5189 ’
1591 5158 1920 5230 Ἀπαχθήτω

417 5281 445 5311 ι
469 5267 642 5324 Exod.
672 5282 809 5321 xvn.
883 5266 911 5307 ι)
943 5265 1088 5323 Psal.
1112 5284 1234 5334 XLV,
1299 5269 1355 5325 5.

2018 4692 2365 4747 Christianos
2391 4691 2622 4745 diversis
2656 4688 2936 4759 suppliciis
2966 4703 3090 4743 cum
3135 4686 3463 4752 occidisset,
3499 4685 3583 4738 vi-

2016 4784 2277 4854 deretque
2319 4798 2511 4838 omnes
2551 4782 2617 4835 ad
2662 4779 2984 4850 martyrium
3033 4795 3156 4832 cum
3201 4777 3400 4847 gaudio
3427 4791 3585 4830 acce-

2016 4877 2144 4933 dere
2167 4918 2182 4940 ,
2223 4875 2389 4931 cessit
2427 4871 2798 4937 multitudini,
2832 4871 3007 4925 solum
3046 4878 3298 4924 sanctum
3330 4867 3585 4923 Clemcnu

2017 4981 2126 5027 tem
2184 4984 2386 5040 cOgens
2439 4966 2506 5021 ad
2565 4964 3007 5020 sacriﬁcandum.
3073 4961 3140 5016 Et
3196 4962 3385 5017 videns
3447 4960 3582 5016 adeo

2017 5063 2266 5120 stabilem
2305 5062 2360 5115 in
2395 5060 2648 5122 Domino,
2679 5073 2781 5112 nec
2811 5055 3036 5110 omnino
3066 5070 3227 5124 posse
3256 5070 3286 5108 a
3314 5055 3581 5109 sententia

2017 5155 2322 5222 dimoveri,
2351 5152 2491 5208 dixit
2533 5152 2600 5206 ad
2647 5165 2778 5205 suos
2817 5163 2830 5199 :
2871 5145 3189 5202 Abducatur
3239 5147 3296 5200 in
3345 5145 3582 5200 medium

1650 5373 1885 5432 VARIAZ
1916 5372 2315 5428 LECTIONES.

432 5519 478 5553 ⁷³
518 5518 590 5573 al.
654 5517 931 5590 ἐωρακώς.

346 5591 394 5622 ⁸⁸
435 5591 506 5643 al.
548 5587 776 5641 ἑστῶτα.
885 5588 931 5619 ⁸⁵
965 5587 1036 5642 al.
1077 5589 1349 5656 ἐννοήσας.

1007 5516 1052 5549 ⁸⁸
1093 5517 1166 5573 al.
1200 5517 1292 5569 τὸν
1330 5515 1480 5568 Θεόν.
1548 5512 1590 5544 ⁸¹
1627 5511 1698 5565 al.
1753 5509 1865 5563 ἀλλ’
1927 5509 2032 5560 ἵνα.

1445 5585 1489 5615 ⁸⁷
1529 5583 1600 5636 al.
1642 5581 1919 5634 ἐθεάσατο.
1991 5579 2036 5608 ⁸⁸
2077 5578 2236 5640 idem,
2275 5580 2562 5646 xpoogiaft.
2603 5576 2740 5628 C01“.

3234 5504 3279 5535 ⁸⁸
3319 5503 3390 5558 al.
3455 5503 3578 5557 ἴδεν.

2136 5508 2179 5538 ⁸³
2209 5507 2278 5560 al.
2348 5505 2483 5575 πρὸς
2558 5504 2666 5557 τόν.

3423 5575 3468 5606 ⁹⁰
3507 5575 3578 5627 al.

2776 5505 2821 5536 ⁸³
2871 5505 2939 5558 al.
3013 5506 3103 5575 γῇ.

2836 5576 2879 5607 ³9
2920 5577 2989 5629 al.
3031 5577 3310 5644 ἔκρουσεν.

348 5658 830 5722 ὐπερῦλυζούσαις.
909 5659 952 5690 ⁹¹
989 5658 1143 5712 deest
1169 5641 1227 5710 in.
1254 5641 1326 5710 al:
1365 5657 1409 5687 ⁹²
1435 5655 1481 5687 ⁸³
1510 5653 1582 5708 al.
1623 5652 1974 5722 ἐπέστρεφον.
2237 5641 2554 5722 ἱειέειξζοῦν.
2631 5646 2676 5676 9⁸
2712 5645 2781 5698 al.
2815 5646 2977 5722 inser.
3009 5641 3133 5717 παρ’
3158 5644 3341 5697 αὐτοῦ.
3415 5645 3460 5675 ⁹⁶
3507 5646 3578 5696 al.

349 5725 574 5783 ἀνεῖλεν.
652 5730 696 5764 ’⁷
737 5731 807 5785 al.
841 5729 916 5784 δέ.
993 5730 1039 5804 ’ξ’
1077 5728 1144 5782 al.
1189 5725 1444 5781 ἐπιθύειν.

1525 5726 1568 5756 ⁹⁹
1611 5726 1758 5779 dccsl
1797 5715 1950 5778 ἰιιιιι.
2006 5719 2101 5795 ν¹⁰⁰
2141 5718 2209 5772 al.
2258 5717 2330 5787 μὴ
2361 5715 2698 5787 βουλόμενον.

2783 5718 2795 5748 ι
2839 5715 2966 5774 Vide
3000 5735 3055 5772 n.
3091 5713 3146 5784 3,
3170 5713 3412 5788 proxime
3462 5729 3576 5782 δειλ-
