4066 6140
406 310 519 370 655
1508 308 1854 366 APPENDIX
1887 309 1955 365 Al

2056 341 2078 366 ι.
2131 309 2577 369 CLEMENTEM.
3110 308 3119 313 ⁷
3565 317 3674 377 638

328 477 337 484 .
402 406 533 489 δάιε
573 443 869 487 successor
889 429 1105 486 ﬁdelis:
1138 429 1438 487 Clementis
1462 427 1613 490 illius
1644 430 1805 500 cujus
1843 429 1954 485 huc

2089 429 2463 503 σωτηριώδεις
2488 429 2711 503 διδαχάς
2740 431 2836 487 καὶ
2864 431 3074 503 σιγῶσα
3107 433 3223 508 βοᾷ*
3240 433 3501 504 γεγονότα
3528 435 3668 477 η-η-

402 537 579 595 usque
633 520 927 578 universus
967 521 1119 577 orbis
1160 521 1431 577 salutares
1475 519 1652 595 fuisse
1696 518 1955 576 doctrina:

2084 518 2404 591 Κλήμεντος
2454 521 2550 575 τοῦ
2611 521 2847 594 ἀληθοῦς
2913 523 3189 596 κλήματος
3254 525 3355 597 τῆς
3422 525 3676 596 ἀμπέλου

397 614 484 671 vel
507 623 697 670 tacens
718 614 920 670 clamat
946 632 960 668 :
983 613 1300 680 Clementis,
1323 612 1418 684 qui
1443 612 1570 669 vitis
1589 612 1795 668 Christi
1817 627 1955 668 veru;

2081 610 2344 683 Χριστοῦ,
2375 612 2445 666 δι’
2478 607 2542 668 οῦ
2566 614 2703 685 ήμῖν
2733 615 2762 668 ό
2786 615 2889 688 τῆς
2926 613 3279 680 διδασκαλίας
3307 614 3503 687 βότρυς
3533 634 3671 689 περ·

395 707 607 763 exstitit
636 706 868 779 palmes,
904 722 1002 778 per
1027 722 1191 778 quem
1220 705 1381 763 nobis
1410 705 1678 762 doctrina:
1713 722 1821 762 uva
1840 722 1977 762 .ma-

400 810 720 868 turescens,
765 800 988 873 pietatis
1042 810 1100 855 et
1149 799 1346 857 salutis
1398 808 1644 856 mustum
1698 798 1973 855 stillavit:

393 881 717 962 Clementis,
752 909 897 949 vera:
920 893 1105 961 scalae,
1137 908 1262 965 quae
1288 908 1396 947 non
1434 891 1505 948 ad
1551 891 1709 948 collis
1736 891 1978 963 alicujus

394 985 740 1043 altitudinem
765 1002 867 1042 nos
888 985 1093 1054 evehit,
1115 986 1211 1043 sed
1233 985 1500 1041 virtutum
1529 985 1972 1052 ascensionibus,

394 1085 658 1150 tanquam
706 1077 967 1149 gradibus
1013 1077 1379 1149 quibusdam,
1416 1076 1485 1131 ad
1516 1077 1718 1133 omium
1765 1085 1821 1133 et
1862 1092 1977 1134 ca:-

390 1167 551 1233 lestia
595 1183 697 1224 nos
725 1167 974 1223 traducit
1002 1184 1017 1222 :
1048 1168 1231 1236 scala,
1265 1182 1390 1239 qua:
1429 1166 1522 1221 illa
1548 1181 1581 1222 a
1619 1163 1828 1222 Jacoho
1857 1165 1974 1222 visa

392 1274 742 1330 nequaquam
772 1257 1001 1315 inferior
1041 1268 1128 1315 est
1158 1270 1223 1327 ις
1266 1274 1368 1315 nec
1395 1257 1638 1314 ostendit
1667 1258 1831 1314 nobis
1868 1274 1973 1313 an—

390 1351 542 1423 gelos
563 1367 660 1424 per
680 1366 802 1407 eam
828 1351 1190 1408 ascendentes
1206 1367 1273 1408 ac
1292 1351 1690 1407 descendentes
1707 1394 1722 1418 ,
1748 1350 1846 1407 sed
1872 1351 1974 1406 ho-

391 1443 599 1498 minum
618 1443 836 1499 animas
852 1441 1053 1497 divinis
1075 1442 1313 1497 maxime
1324 1438 1973 1505 admonitionibus,velut

385 1551 418 1591 c
446 1535 707 1606 gradibus
740 1536 795 1591 in
820 1534 1023 1606 gradus
1044 1550 1143 1606 per
1172 1535 1406 1589 virtutes
1436 1532 1506 1588 ad
1536 1530 1709 1587 Deum
1733 1530 1965 1587 inducit.

457 1624 545 1681 ill.
586 1625 758 1696 Cujus
787 1625 1010 1697 quidem
1042 1625 1376 1681 miraculum
1409 1640 1539 1680 cum
1568 1638 1681 1679 non
1710 1623 1969 1679 didiceri-

387 1714 477 1782 tis,
508 1730 542 1769 o
585 1715 959 1786 pulcherrime
1005 1725 1061 1771 et
1103 1714 1423 1772 ﬁdelissime
1451 1724 1650 1782 cretus,
1696 1714 1862 1785 quale
1894 1713 1970 1770 sit

2080 704 2277 771 κάσας,
2305 703 2537 775 γλεῦκος
2579 706 2862 771 εὐσεϐείας
2886 706 2983 763 καὶ
3024 707 3303 781 σωτηρίας
3337 706 3669 777 ἐστάλαξεν*

2079 795 2417 868 Κλήμεντος,
2445 797 2550 869 τῆς
2570 796 2806 871 ἀληθοῦς
2832 797 3124 871 κλίμακος,
3151 799 3251 872 τῆς
3277 800 3339 854 οὐ
3366 800 3505 875 πρὸς
3530 799 3671 873 γεώ-

2077 887 2242 958 λοφόν
2279 905 2335 942 τι
2363 887 2498 958 ὕψος
2541 888 3001 963 έπαναγαγούσης
3043 890 3210 963 ἡμᾶς,
3240 888 3378 944 ἀλλά
3411 893 3533 955 ταῖς
3557 891 3672 947 τῶν

2076 978 2289 1053 ἀρετῶν
2319 979 2674 1049 ἀνασάσεσιν,
2705 980 2896 1055 ὥσπερ
2922 982 3036 1036 τισὶ
3059 980 3306 1054 βαθμίσι,
3336 982 3475 1056 πρὸς
3501 983 3670 1057 οὐρα-

2074 1072 2165 1129 νόν
2185 1089 2245 1127 τε
2267 1075 2362 1128 καὶ⁵
2380 1072 2452 1126 τά
2473 1074 2705 1146 οὐράνια
2723 1076 2871 1146 ἡμᾶς
2893 1073 3317 1146 διαδιδαζοὺσης
3334 1091 3350 1105 ·
3376 1074 3667 1147 κλίμακος,

2074 1164 2176 1218 καὶ
2218 1165 2321 1237 τῆς
2374 1164 2573 1220 Ἰακὼὸ
2617 1165 2911 1240 ὁραθείσης
2960 1165 3119 1219 οὐδὲν
3160 1164 3517 1237 ἀποδεοὺσης,
3561 1167 3666 1221 οὑκ

2072 1255 2341 1325 ἀγγέλους
2370 1254 2436 1310 δι’
2459 1256 2634 1329 αὑτῆς
2663 1256 2914 1320 ἀνιόντας
2942 1256 3038 1310 καὶ
3066 1255 3355 1320 κατιόντας
3389 1258 3521 1329 ημῖν
3554 1257 3668 1310 δει-

2073 1347 2368 1420 κνυούσης,
2418 1346 2558 1402 ἀλλά
2607 1347 2914 1421 ἀνθρώπων
2957 1346 3139 1420 ψυχὰς
3184 1349 3309 1412 ταῖς
3357 1346 3664 1415 θειοτάταις

2072 1437 2485 1509 παραινέσεσιν,
2515 1438 2592 1503 ὡς
2622 1439 2688 1493 ὲκ
2717 1437 2943 1511 βαθμῶν
2974 1437 3056 1501 είς
3079 1436 3325 1511 βαθμοὺς
3351 1438 3419 1493 δι’
3446 1439 3663 1511 ἀρετῶν

2066 1527 2149 1601 τῷ
2177 1528 2299 1601 Θεῷ
2325 1529 2805 1603 συνεισφερούσης.
3052 1586 3066 1599 ,

2141 1624 2234 1677 III.
2260 1622 2483 1686 Οὖτινος
2505 1622 2571 1695 δὴ
2598 1622 2659 1676 τὸ
2682 1621 2870 1695 θαῦμα
2894 1620 2973 1695 μὴ
2999 1620 3282 1695 μαθόντες,
3306 1615 3353 1675 ὧ
3375 1622 3658 1678 κάλλιπον

2067 1713 2166 1768 καὶ
2210 1714 2532 1770 πιστότατον
2583 1712 2890 1787 ἄθροισμα,
2934 1714 3033 1769 καὶ⁵
3075 1708 3186 1768 οἶόν
3232 1715 3352 1767 ἐστι
3393 1716 3488 1768 καὶ
3532 1715 3667 1781 ὅσον

384 1816 441 1863 et
464 1818 732 1880 quantum
755 1808 970 1877 audire,
997 1816 1260 1880 tanquam
1291 1808 1509 1879 pietatis
1533 1816 1804 1876 amantes,
1827 1822 1955 1863 con-

2067 1805 2385 1878 ἀκηκοέναι,
2408 1805 2486 1870 ὡς
2507 1786 3247 1876 φιλευσεὸεῖς,.ἀγωνίζεσθε,
3272 1804 3369 1860 καὶ
3391 1821 3658 1878 προσκιρ-

385 1903 611 1972 tendite,
642 1911 698 1959 et
738 1903 806 1958 ad
836 1918 1146 1959 sermonem
1185 1901 1477 1967 exsultate,
1507 1916 1573 1957 ac
1605 1916 1771 1957 aures
1806 1900 1968 1955 ineli-

382 2002 534 2060 nate,
562 2003 727 2065 atque
761 2003 1004 2050 nostram
1054 2003 1314 2051 aceusate
1352 1993 1665 2049 tarditatem
1702 2009 1720 2049 :
1760 1994 1965 2050 etenim

381 2088 451 2144 de
492 2088 598 2144 hoc
642 2086 855 2160 gaudeo
906 2101 921 2138 :
975 2094 1209 2152 tantum,
1260 2100 1439 2156 usque
1484 2085 1553 2140 ad
1593 2083 1756 2139 ﬁnem
1803 2084 1962 2154 milii,

381 2191 592 2246 qmeso,
642 2177 726 2232 sic
765 2184 1036 2242 attentum
1078 2184 1294 2232 servate
1340 2176 1610 2242 animum,
1642 2189 1744 2230 nec
1768 2176 1965 2232 sinatis

380 2270 623 2340 aliquam
687 2269 856 2341 hujus
916 2268 1043 2324 vitae
1090 2284 1278 2325 rerum
1332 2268 1724 2343 cegitationem
1776 2269 1964 2325 subire

379 2370 618 2417 mentem
661 2370 925 2429 vestram,
968 2370 1023 2418 et
1057 2361 1396 2417 alacritatem
1442 2360 1691 2416 emollire
1720 2375 1738 2414 :
1767 2376 1959 2417 verum

378 2452 625 2524 vigilanti
656 2451 934 2509 intellectu
965 2468 1031 2509 ac
1060 2468 1228 2509 sensu
1258 2466 1373 2507 rem
1406 2452 1641 2508 ﬁdeliter
1674 2451 1957 2526 suscipite.

376 2543 455 2601 lta
477 2554 659 2601 autem
684 2546 867 2601 habet.

448 2636 541 2693 IV.
575 2637 876 2708 Postquam
910 2638 1208 2707 praeclarus
1243 2647 1299 2695 et
1320 2639 1676 2697 beatissimus
1703 2638 1959 2698 Clemens

376 2729 644 2787 doctrinae
670 2741 836 2800 atque
864 2731 1211 2801 apostolatus
1246 2747 1472 2789 cursum
1508 2733 1850 2805 perfecisset,
1892 2750 1959 2791 ac

376 2842 409 2882 e
433 2825 599 2881 rebus
620 2824 879 2879 humanis
903 2840 1000 2894 per
1025 2824 1274 2897 martyrii
1298 2826 1835 2883 consummationem
1859 2843 1958 2884 ex-

375 2916 670 2983 cessisset;
694 2914 839 2971 sicut
863 2924 919 2970 et
951 2914 1088 2970 liber
1113 2915 1337 2986 gloriosi
1361 2917 1482 2988 ejus
1507 2920 1757 2992 martyrii
1773 2920 1958 2978 decla-

374 3012 481 3071 rat,
513 3018 677 3074 quem
707 3017 738 3057 a
763 3002 923 3057 vobis
962 3018 1073 3058 non
1104 3004 1348 3075 ignorari
1374 3021 1703 3076 persuasum
1734 3009 1952 3081 habeo;

2066 1900 2196 1953 τᾶτε
2229 1897 2325 1952 τοῦ
2361 1897 2543 1969 λόγου,
2575 1900 2672 1953 καὶ
2699 1899 2801 1972 τὴν
2845 1899 3017 1970 ἀκοὴν
3046 1882 3390 1965 ὑποκλίνετε,
3435 1898 3532 1954 καὶ
3557 1898 3657 1971 τῆς

2069 1990 2399 2065 βραδυτῆτος
2428 1992 2589 2065 ήμῶν
2613 1991 3073 2065 καταμέμφεσθεο
3104 1991 3285 2065 χαίρω
3323 1990 3371 2046 δ’
3412 1986 3509 2045 οῦν
3531 1990 3655 2046 τοὺ-

2064 2095 2160 2133 του
2206 2078 2403 2134 ἕνεκα·
2458 2079 2639 2153 μόνον,
2690 2080 2854 2153 μέχρι
2901 2080 3091 2145 τέλους
3142 2098 3234 2153 μοι
3255 2120 3273 2147 ,
3321 2081 3652 2155 παρακαλῶ,

2063 2170 2238 2237 οὑτως
2271 2167 2676 2247 συντεταμένην
2705 2175 2983 2246 τηρήσατε
3017 2173 3118 2246 τὴν
3147 2173 3409 2240 διάνοιαν,
3439 2174 3536 2229 καὶ
3571 2174 3649 2248 μή

2063 2280 2185 2318 τινα
2238 2264 2490 2336 βιωτικδν
2522 2265 2785 2337 λογισμὸν
2827 2264 2908 2339 τῷ
2949 2264 3027 2338 νῷ
3081 2265 3238 2338 ὑμῶν
3284 2265 3648 2333 ὑπεισελθεῖν,

2063 2358 2160 2413 καὶ
2199 2358 2262 2412 τὸ
2288 2359 2567 2433 πρόθυμον
2595 2358 2873 2432 χαυνῶσαι
2904 2359 3137 2432 ὲάσητε·
3171 2357 3287 2413 ἀλλ’
3324 2357 3650 2431 ἐγρηγορότι

2060 2451 2308 2524 λογισμῷ
2354 2452 2452 2505 καὶ
2495 2453 2803 2526 φρονήματι
2835 2450 2997 2506 τοῦτο
3038 2452 3247 2516 πιστῶς
3291 2449 3644 2519 ὑποδέξασθε.

2063 2547 2251 2601 Ἔστιν
2287 2546 2346 2600 δὲ
2373 2545 2566 2610 οὑτως.

2129 2639 2220 2695 ιν.
2270 2638 2379 2693 Τοῦ
2421 2639 2669 2712 ἀοιδίμου
2717 2638 2812 2693 καὶ
2859 2638 3278 2711 μακαριωτάτου
3327 2637 3646 2711 Κλήμεντος

2056 2732 2149 2788 τὸν
2169 2734 2269 2805 τῆς
2289 2732 2635 2795 διδασκαλίας
2660 2733 2756 2787 καὶ
2784 2731 3087 2803 ἀποστολῆς
3110 2732 3307 2805 δρόμον
3329 2732 3645 2787 ἐκτελέσαν-

2056 2844 2168 2891 τος,
2195 2825 2289 2880 καὶ
2314 2826 2423 2879 τῶν
2448 2825 2576 2896 τῇδε
2600 2823 2690 2879 διὰ
2711 2824 2810 2894 τῆς
2847 2823 2944 2878 τοῦ
2988 2825 3289 2897 μαρτυρίου
3313 2824 3644 2890 τελειώσεως

2060 2917 2604 2993 μετακεχωρηκότος·
2646 2916 2723 2980 ὡς
2747 2916 2840 2971 καὶ
2863 2917 2898 2987 ή
2926 2914 3020 2969 τοῦ
3064 2916 3278 2983 ἐνδόξου
3306 2917 3474 2972 αὑτοῦ
3505 2934 3646 2990 μαρ-

2056 3015 2243 3087 τυρίου
2286 3011 2465 3084 βίϐλος
2511 3010 2835 3082 δεδήλωκεν,
2882 3010 2950 3080 ἢν
2982 3008 3056 3081 μὴ
3093 3009 3307 3079 ἀγνοεῖν
3356 3010 3502 3081 ὑμᾶς
3546 3010 3645 3065 πέ-

374 3110 724 3166 nequaquam
773 3094 987 3166 justum
1028 3112 1151 3153 esse
1189 3097 1455 3168 judicavit
1506 3101 1807 3172 Dominus,
1859 3105 1952 3176 qui

2058 3123 2287 3179 πεισμαι
2302 3122 2316 3136 ’
2342 3104 2404 3158 οὑ
2425 3103 2634 3158 δίκαιον
2658 3101 2920 3175 κέκρικεν
2944 3104 2972 3155 ό
2994 3100 3232 3166 δοξάζων
3254 3101 3380 3164 τοὺς
3401 3101 3647 3167 δοξάζονο

374 3188 744 3258 gloriﬁcantes
769 3188 949 3258 ipsum
977 3187 1248 3258 gloriﬁcat
1273 3190 1326 3257 ιι,
1373 3207 1487 3248 non
1515 3193 1762 3250 vicissim
1791 3197 1956 3265 glori-

362 3268 539 3333 ﬁcare
564 3278 717 3332 illum
741 3317 757 3343 ,
788 3277 885 3348 qui
914 3294 1016 3348 pro
1046 3294 1236 3335 amore
1281 3296 1411 3354 erga
1446 3295 1573 3339 eum
1600 3285 1682 3341 sic
1707 3287 1957 3343 decerta-

370 3381 560 3436 verat;
594 3369 705 3424 imo
738 3369 1030 3425 admodum
1059 3370 1365 3441 gloriﬁcare
1386 3383 1441 3429 et
1464 3390 1722 3446 magnum
1753 3375 1953 3448 facere,

369 3472 608 3529 eumque
652 3467 713 3514 ut
758 3458 811 3514 in
854 3458 995 3515 ccelo
1024 3461 1257 3531 angelis,
1298 3462 1373 3518 ita
1399 3463 1491 3519 hic
1521 3481 1743 3537 quoque
1772 3467 1955 3524 homi-

371 3549 537 3607 nibus
581 3551 951 3607 elarissimum
991 3554 1242 3625 reddere,
1278 3571 1376 3628 per
1413 3557 1807 3616 miraculorum
1852 3563 1954 3619 de-

370 3644 823 3698 monstrationem
846 3685 861 3711 ,
914 3653 969 3700 et
1007 3647 1245 3703 maxime
1274 3651 1643 3707 venerandum
1671 3654 1950 3711 :miracu-

369 3732 573 3800 lorum,
602 3749 839 3804 quorum
883 3735 1107 3806 quidem
1137 3738 1296 3793 mens
1334 3740 1772 3811 magnitudinem
1797 3759 1951 3799 com-

314 3874 323 3881 .
367 3825 708 3898 prehendere
762 3842 873 3881 non
919 3826 1101 3894 valet,
1151 3844 1255 3884 nec
1309 3832 1491 3887 oratio
1538 3834 1947 3892 multitudinem

366 3920 571 3987 dicere,
614 3935 715 3975 nec
742 3936 941 3977 manus
967 3934 1197 3977 exarare
1228 3923 1580 3981 inﬁnitatem.
1615 3925 1687 3982 Ut
1718 3943 1851 3997 ergo
1878 3945 1948 3985 ex

368 4013 581 4068 ﬁmbria
608 4030 871 4085 pannum,
894 4014 1053 4082 juxta
1081 4017 1454 4085 proverbium,
1484 4019 1626 4074 intra
1655 4036 1753 4076 vos
1781 4038 1945 4093 repu-

367 4112 515 4179 tetis,
545 4110 597 4166 id
623 4110 767 4182 quod
791 4110 1021 4183 promisi
1048 4111 1305 4166 narrabo.

438 4205 507 4261 V.
532 4204 671 4260 Cum
693 4204 1041 4260 veneratione
1077 4204 1460 4276 dignissimum
1485 4221 1687 4277 corpus
1708 4207 1946 4264 sanctis-

364 4297 492 4355 simi
527 4295 786 4369 martyris
829 4294 1128 4352 Clementis
1178 4296 1233 4351 in
1281 4296 1619 4367 profundum
1663 4300 1836 4355 maris
1873 4299 1944 4356 ab

364 4390 549 4462 impiis
590 4389 700 4445 illis
741 4387 1052 4445 idololatris
1079 4388 1383 4460 projectum
1428 4388 1646 4461 fuisset,
1688 4392 1937 4466 illudque

2054 3210 2152 3264 τας
2174 3196 2336 3253 αὑτὸν
2363 3195 2587 3268 Κύριος,
2640 3193 2715 3266 μὴ
2764 3190 3110 3258 ἀντιδοξάσαι
3154 3193 3246 3247 τὸν
3285 3193 3460 3257 οὑτως
3498 3194 3645 3267 ὑπὲρ

2053 3294 2156 3365 τῆς
2177 3293 2258 3355 είς
2284 3290 2447 3345 αὑτὸν
2474 3290 2697 3359 ἀγάπης
2720 3286 3128 3359 ἀγωνισάμενον
3147 3303 3161 3317 ⁸
3194 3284 3330 3341 ἀλλά
3353 3285 3449 3341 καὶ
3472 3286 3645 3358 ὑπερ-

2053 3383 2273 3451 δοξάσαι
2300 3382 2395 3438 καὶ
2429 3380 2750 3453 μεγαλῦναι,
2785 3382 2880 3435 καὶ
2906 3380 2983 3445 ὡς
3006 3380 3065 3434 ὲν
3089 3378 3304 3451 οὐρανῷ
3330 3380 3443 3441 τοῖς
3470 3377 3641 3447 ἀγγέ-

2051 3476 2186 3543 λοις,
2228 3475 2372 3530 οὕτω
2419 3475 2700 3530 κάνταῦθα
2736 3478 2852 3539 τοῖς
2900 3470 3213 3546 ἀνθρώποις
3258 3469 3641 3543 λαμπρότατον

2053 3572 2215 3627 αὑτὸν
2239 3570 2600 3642 καταστῆσαι,
2629 3568 2719 3624 διά
2749 3568 2851 3641 τῆς
2877 3567 2988 3622 τῶν
3033 3563 3487 3638 θαυματουργιιῖιν
3514 3564 3637 3618 επι-

2051 3664 2304 3733 δείξεως,
2356 3664 2452 3719 καὶ
2499 3659 2990 3733 αίδεσιμώτατονθ,
3018 3656 3514 3731 θαυματουργιῶν,
3561 3648 3638 3708 ὧν

2050 3758 2177 3823 νοῦς
2206 3758 2304 3830 μὲν
2344 3755 2406 3810 τὸ
2450 3753 2683 3828 μέγεθος
2727 3752 2978 3823 ὲννοῆσαι
3020 3750 3223 3814 ἀτονεῖ,
3273 3748 3432 3818 λόγος
3474 3747 3530 3800 δὲ
3575 3745 3639 3800 τὸ

2051 3850 2252 3923 πλῆθος
2275 3850 2470 3914 εἰπεῖν,
2515 3847 2612 3902 καὶ
2645 3846 2770 3918 χεὶρ
2792 3841 3121 3915 διαχαράξαι
3150 3840 3215 3895 τὸ
3253 3840 3483 3914 ἄπειρον
3501 3855 3517 3871 ’
3545 3839 3637 3895 ἵνα

2048 3938 2141 3997 οῦν
2172 3943 2236 3995 ὲκ
2260 3939 2355 3993 τοῦ
2383 3937 2695 4011 κρασπέδου
2721 3936 2784 3990 τὸ
2807 3935 3035 4006 ὕφασμα
3071 3933 3119 3965 ³⁸
3151 3930 3290 4004 μετά
3312 3930 3412 4004 τὴν
3441 3946 3636 4002 παροι-

2052 4033 2181 4107 μίαν
2211 4030 2430 4103 γνοίητε
2458 4032 2516 4086 ὲν
2543 4030 2697 4100 ὑμῖν,
2726 4026 2757 4081 ὃ
2784 4026 2879 4081 καὶ
2904 4025 3221 4097 ὑπεσχόμην
3248 4023 3595 4097 διηγήσομαι.

2122 4211 2184 4267 γ.
2209 4209 2318 4264 Τοῦ
2344 4206 2655 4264 πανσέπτου
2677 4183 2933 4274 λειψάνου
2958 4181 3054 4256 τοῦ
3085 4199 3342 4256 πανοσίου
3373 4200 3630 4273 ίερομάρ-

2044 4327 2208 4383 τυρος
2233 4307 2552 4379 Κλήμεντος
2592 4305 2650 4357 ἐν
2676 4301 2756 4373 τῷ
2778 4300 2880 4371 τῆς
2918 4297 3193 4369 θαλάσσης
3230 4295 3631 4370 ἀποῤῥιφέντος

2047 4404 2194 4477 βυθῷ
2217 4401 2368 4474 παρά
2389 4400 2498 4454 τῶν
2522 4398 2697 4453 ἀθέων
2719 4394 2942 4450 ἐκείνων
2964 4391 3387 4464 εἰδωλολατρῶν,
3415 4388 3630 4445 καὶτοῦ

359 4483 668 4553 excepisset
702 4481 965 4552 templum
989 4480 1045 4536 in
1073 4480 1346 4552 profundo
1377 4498 1408 4538 a
1443 4482 1551 4539 Deo
1581 4485 1935 4558 aediﬁcatum,

2056 4500 2101 4552 ἐν
2131 4494 2280 4570 βυθῷ
2307 4492 2603 4564 θεοδμήτου
2646 4487 2777 4544 ναοῦ
2821 4485 2981 4542 τοῦτο
3027 4485 3450 4557 ὑποδεξαμένου,
3495 4482 3630 4538 θαυ-

362 4575 454 4631 hic
472 4589 695 4646 quoque
732 4573 1033 4628 maximum
1063 4572 1175 4628 edit
1210 4573 1541 4629 miraculum
1581 4575 1726 4633 Deus
1761 4579 1941 4634 admi-

358 4668 640 4725 rabilium.
677 4663 795 4721 lioc
823 4666 969 4721 enim
1003 4665 1171 4735 facto,
1201 4681 1329 4721 cum
1378 4666 1633 4739 discipuli
1677 4672 1798 4741 ejus
1830 4688 1940 4728 una

357 4776 486 4823 cum
520 4757 771 4815 ﬁdelibus
807 4757 903 4829 qui
935 4757 1048 4814 illic
1086 4766 1248 4813 erant
1289 4750 1746 4832 lamentarentur,
1778 4774 1835 4820 et
1879 4775 1941 4821 ut

355 4854 736 4913 sanctissimas
762 4852 1148 4925 gloriosissimi
1196 4851 1497 4910 Clementis
1542 4854 1808 4927 reliquias
1856 4858 1939 4915 eis

354 4946 695 5011 ostenderet,
743 4944 892 5015 quod
935 4953 990 5001 et
1034 4944 1239 5001 factum
1283 4954 1400 5011 est,
1437 4946 1607 5003 Deum
1656 4951 1932 5021 supplices

352 5047 647 5111 rogarent:
693 5034 948 5107 protinus
989 5036 1319 5094 immensum
1353 5038 1487 5095 illud
1522 5041 1751 5113 pelagus
1783 5042 1933 5098 desi-

352 5143 505 5189 stens
528 5146 594 5186 ac
620 5129 991 5195 retrocedens,
1019 5130 1197 5187 eﬁ'ecit
1225 5140 1285 5185 ut
1310 5131 1489 5201 ipsum
1513 5134 1677 5189 etiam
1705 5136 1934 5205 profun-

349 5224 484 5280 dum
523 5240 558 5280 a
594 5224 702 5295 piis
741 5223 884 5279 adiri
925 5231 1111 5294 posset
1148 5238 1327 5294 usque
1366 5224 1434 5279 ad
1476 5225 1583 5283 tria
1643 5227 1927 5288 milliaria.

351 5316 542 5389 Itaque
571 5316 827 5389 ingressi,
870 5315 1198 5372 invenerunt
1222 5316 1451 5374 domum
1490 5319 1547 5375 in
1574 5321 1750 5393 ﬁgura
1782 5332 1923 5380 tem-

422 5440 453 5471 ι
475 5429 612 5487 Gen.
642 5444 838 5497 xxvtu,
868 5427 954 5484 12.
1011 5426 1082 5484 ιιι
1108 5426 1243 5500 Reg.
1270 5443 1331 5495 tt,
1357 5427 1448 5484 50.

2046 4591 2347 4665 ματουργεῖ
2375 4605 2429 4640 τι
2462 4585 2717 4658 μέγιστον
2761 4579 3039 4636 κάνταῦθα
3082 4579 3112 4631 ὁ
3154 4577 3264 4632 τῶν
3308 4575 3629 4649 θαυμασίων

2042 4686 2194 4750 Θεός.
2223 4682 2424 4737 Τούτου
2452 4678 2562 4752 γὰρ
2592 4674 2895 4747 γεγονότος,
2921 4673 3017 4727 καὶ
3040 4672 3150 4725 τῶν
3178 4671 3435 4743 μαθητῶν
3458 4668 3627 4726 αὑτοῦ

2043 4780 2140 4835 σὺν
2166 4777 2273 4832 τῶν
2300 4776 2481 4828 ὲκεῖσε
2509 4769 2714 4825 πιστῶν
2742 4768 2787 4800 ’ί
2821 4765 3183 4839 ὀδυρομένων,
3221 4762 3391 4829 δεῖξαί
3416 4778 3475 4818 τε
3498 4761 3626 4817 τού·-

2038 4887 2152 4932 τοις
2173 4866 2234 4922 τὸ
2262 4864 2517 4934 πανίερον
2539 4860 2789 4931 λείψανον
2812 4854 2907 4910 τοῦ
2936 4852 3260 4920 πανενδόξου
3283 4852 3622 4923 Κλήμεντος,

2039 4957 2070 5012 ὃ
2091 4974 2146 5011 τι
2174 4955 2268 5009 καὶ
2292 4953 2507 5022 γέγονε,
2537 4948 2675 5022 πρὸς
2717 4946 2853 5001 Θεὸν
2885 4943 3257 5007 ἱκετευόντων,
3289 4940 3534 5014 παρευθὺ
3561 4939 3625 4994 τὸ

2038 5046 2265 5119 ἄπειρον
2290 5046 2467 5098 έκεῖνο
2493 5042 2728 5109 πέλαγος
2765 5034 3114 5107 ὑπολοφῆσαν
3146 5035 3243 5089 καὶ
3270 5035 3351 5100 είς
3376 5033 3623 5089 τούπίσω

2035 5140 2388 5203 ἀναποδίσαν,
2429 5134 2698 5207 είσιτητὸν
2733 5130 2828 5187 καὶ
2874 5129 3037 5184 αὑτὸν
3073 5128 3164 5182 τὸν
3194 5128 3356 5201 βυθὸν
3383 5131 3495 5193 τοῖς
3528 5128 3623 5181 εὑ-

2036 5234 2221 5289 σεϐέσι
2246 5231 2564 5303 πεποίηκεν,
2592 5227 2719 5300 ἄχρι
2752 5222 2943 5297 μιλίων
2965 5222 3153 5295 τριῶν.
3180 5224 3294 5277 Καὶ
3337 5221 3402 5295 δὴ
3439 5219 3620 5275 εἰσελ-

2036 5326 2221 5390 θόντες
2260 5319 2419 5397 εὖρον
2447 5325 2505 5377 έν
2549 5320 2786 5392 σχήματι
2832 5311 2963 5367 ναοῦ
2994 5313 3341 5387 μαρμαρίνου
3385 5313 3616 5385 οἴκημα,

1632 5502 1868 5560 ἾΑΒΙᾸΞ
1909 5505 2320 5563 LECTIONES.

424 5593 550 5634 “³”¹’
581 5594 627 5669 Ῐε
661 5594 942 5669 τξτονέναττ
966 5593 1050 5669 "el
1076 5592 1377 5669 γεγονυίας.
1420 5594 1764 5669 ’θηοιηιιιίοηε
1804 5600 1873 5654 de
1906 5599 2170 5669 Gregorio
2202 5598 2613 5669 Thaumaturgo
2645 5595 2944 5669 Gregorius
2980 5595 3283 5669 A‘Nyssenus
3315 5590 3464 5669 circa
3494 5604 3611 5669 me-

350 5665 501 5751 dium
529 5680 543 5717 :
580 5663 787 5751 mea,
817 5665 958 5721 κατὰ
990 5666 1088 5738 τὴν
1121 5666 1439 5747 παροιμίαν,
1465 5666 1584 5723 ὅλον
1612 5669 1743 5742 ἡμῖν
1770 5671 1991 5744 γένηται
2017 5663 2324 5744 καταφανὲς
2355 5671 2420 5724 ἐκ
2441 5668 2535 5725 τοῦ
2549 5663 2868 5742 ’κρασπέδου
2883 5667 2943 5723 τὸ
2977 5663 3219 5740 ὑφάσμα.
3244 5663 3381 5751 (Eur.
3423 5664 3466 5697 "
3494 5663 3610 5731 τοῖς

350 5735 529 5790 lacius
557 5738 782 5800 πιστοῖς.
