4066 6140
392 294 493 352 657

927 298 1234 354 EPIIRAIM
1272 295 1665 356 CHERSONIS
1700 299 2029 357 ARCHIEP.
2072 301 2156 357 DF
2184 299 2556 361 'MIRACULO
2583 307 2641 362 S.
2681 305 3086 366 CLEMENTIS.

3537 315 3644 372 6'58

393 419 487 473 καὶ
527 417 714 474 αὐτόθι
745 419 811 498 ἐν
839 418 984 492 σορῷ
1010 420 1184 495 λιθίνῃ
1220 421 1280 476 τὸ
1323 422 1590 492 πανὰγιον
1630 423 1727 478 καὶ
1755 421 1965 490 ἔνδοξον

2080 424 2144 494 pli
2179 425 2508 492 marmorei,
2552 433 2607 481 et
2633 425 2751 482 illic
2793 427 2850 482 ιιι
2879 441 3045 498 capsa
3081 392 3310 497 lapidea.
3339 425 3643 496 repositum

393 491 814 582 ἁποτεθειμένὶν
840 509 934 563 τοῦ
959 491 1239 584 μάρτυρος
1269 511 1540 582 λείψανονέ
1569 505 1664 576 Οἷς
1690 509 1821 583 ἆραι
1847 511 1970 583 βου-

393 600 640 671 λομένοις
661 601 722 654 τὸ
749 602 1019 671 πανάγιον
1045 605 1109 656 ἐκ
1130 601 1225 657 τοῦ
1250 602 1416 674 βυθοῦ
1451 602 1720 674 λείψανον,
1756 603 1974 676 νύκτωρ

394 693 624 758 ἐπιστάς
649 693 860 758 τούτοις
880 695 909 747 6
937 695 1110 764 ἅγιος,
1149 695 1348 748 οὑτωσὶ
1369 695 1709 768 διηγόρευσεο
1753 695 1828 748 Τὸ
1874 695 1974 766 μὲν

394 785 647 856 λείψανον
685 782 814 858 ἆραι
841 787 915 860 μὴ
939 787 1126 859 δόξητε
1151 803 1166 818 ⁸
1192 787 1488 862 χαρίζομαι
1511 789 1570 842 δὲ
1612 789 1742 860 ὑμῖν
1768 788 1974 859 ταύτην

393 881 495 952 τὴν
518 880 697 952 χάριν,
722 881 788 934 ἶν’
813 881 1026 953 ἑκάστῳ
1044 881 1219 954 χρόνῳ
1243 883 1298 936 ἐν
1320 885 1386 954 τῇ
1411 883 1511 954 τῆς
1533 881 1672 952 ἐμῆς
1692 881 1975 953 ἀθλήσεως

397 971 582 1043 ἡμέρᾳ
607 973 698 1026 ἐπὶ
721 971 859 1025 έπτὰ
881 973 1093 1046 ἡμέρας
1116 974 1417 1046 ὑποχωρῶν
1438 975 1466 1026 6
1494 973 1672 1044 βυθὸς,
1693 973 1782 1026 διὰ
1802 972 1975 1045 ξηρᾶς

399 1065 689 1131 πεζεύειν,
743 1066 936 1138 μέχρις
983 1059 1088 1120 ὦδε
1139 1064 1747 1138 παρασκευασθήσεται.
1778 1065 1890 1118 Καὶ⁷
1944 1067 1975 1120 6

399 1156 555 1227 λόγος
578 1159 736 1231 ἔργον
761 1159 993 1229 ἐγένετο.
1029 1159 1255 1212 Ἐκτοτε
1282 1157 1391 1229 γὰρ
1418 1157 1580 1229 μέχρι
1604 1157 1704 1228 τῆς
1735 1158 1974 1228 σήμερον

400 1251 615 1321 ἑκάστῳ
639 1249 818 1322 χρόνῳ
863 1249 924 1303 τὸ
964 1248 1275 1321 θαυμαστὸν
1310 1248 1468 1302 τοῦτο
1506 1248 1742 1302 τελεῖται
1785 1246 1976 1320 θεουρ-

399 1343 570 1412 γικῶς
599 1342 834 1414 μεγαλού
843 1361 944 1415 ργη
953 1361 1046 1414 μα.

473 1431 562 1487 γι.
600 1433 664 1485 Τί
692 1431 852 1485 τοῦτο
889 1431 987 1484 τοῦ
1016 1430 1262 1494 Μωσέως
1305 1429 1584 1502 θαύματος
1609 1429 1971 1502 ἁτιμότερον;

399 1506 464 1576 Τί
485 1524 541 1578 δὲ
561 1522 656 1576 τοῦ
694 1523 994 1576 Ἐλισσαίου
1019 1521 1332 1593 ἁδοξότερόν
1354 1538 1414 1576 τε
1437 1521 1532 1575 καὶ
1552 1521 1934 1594 ταπεινότερον
1956 1536 1973 1586 ;

398 1613 532 1666 πολὺ
565 1613 662 1684 μὲν
686 1609 779 1666 οὖν
821 1630 885 1682 γε
915 1612 1248 1684 ἐνδοξότερόν
1283 1628 1346 1666 τε
1389 1613 1484 1666 καὶ
1523 1611 1874 1683 ὑψηλότερον.
1917 1611 1976 1668 '0

403 1709 500 1781 μὲν
526 1707 634 1779 γάρ
661 1706 842 1778 ῥάϐδῳ
868 1705 962 1759 καὶ
988 1703 1095 1769 ζῶν
1123 1705 1216 1758 καὶ
1238 1702 1384 1769 ἅπαξ
1409 1703 1508 1777 τὴν
1543 1703 1818 1758 θάλασσαν
1854 1703 1974 1757 δια-

400 1801 608 1872 σχίσας,
636 1798 819 1870 τρίϐον
847 1798 936 1851 τὸν
967 1797 1126 1868 βυθὸν
1153 1797 1527 1868 ἀπειργάσατο
1546 1812 1561 1829 ⁸
1582 1799 1612 1850 6
1629 1796 1686 1850 δὲ
1713 1795 1977 1861 ὡσαύτως

396 1895 464 1963 τῇ
514 1891 732 1962 μηλωτῇ
775 1889 867 1942 τὸν
918 1888 1188 1960 Ἰορδάνην
1236 1885 1440 1958 τεμὼν,
1487 1886 1636 1953 ἅπαξ
1681 1887 1776 1940 καὶ
1821 1881 1976 1950 οὗτος

397 1983 556 2036 τοῦτο
595 1979 1179 2052 τεθαυμτοὺργηκενο
1210 1979 1292 2042 είς
1331 1977 1430 2050 τήν
1475 1978 1751 2051 προτέραν
1793 1979 1975 2050 ἀμφο-

397 2073 570 2146 τέρων
609 2073 712 2126 τῶν
754 2073 981 2135 ὑδάτων,
1021 2069 1159 2143 μετά
1183 2071 1278 2142 τὴν
1301 2070 1570 2134 διάϐασιν,
1600 2072 1761 2140 φύσιν
1805 2089 1974 2126 κατα-

401 2167 656 2227 στάντων,
687 2165 780 2217 xui.
807 2162 1004 2234 μηκέτι
1032 2161 1187 2216 τοῦτο
1212 2161 1569 2234 πεπραχότων
1585 2178 1599 2192 ο
1624 2156 1778 2225 οὗτος
1798 2161 1854 2214 δὲ
1878 2161 1930 2214 τί
1957 2178 1973 2228 ;

404 2258 540 2330 μετὰ
567 2258 814 2321 θάνατον,
841 2257 935 2310 καὶ
975 2257 1074 2326 οὑχ
1110 2253 1278 2320 ἅπαξ,
1308 2255 1424 2308 ἀλλ’
1455 2254 1642 2308 ἔκτοτε
1671 2253 1835 2325 μέχρι
1875 2253 1974 2324 σή-

403 2367 585 2420 μερον.
614 2351 679 2401 Ὢ
701 2347 796 2401 τοῦ
822 2346 1096 2418 θαύματος
1119 2344 1215 2398 καὶ
1239 2345 1338 2416 τῆς
1360 2343 1518 2413 δόξης
1542 2341 1636 2396 τοῦ
1664 2341 1971 2413 μάρτυροςῐ

399 2442 518 2503 οἵας
563 2439 774 2511 εἴληχεν
816 2439 1028 2509 ἑκάστῳ
1053 2436 1229 2508 χρόνῳ
1266 2437 1325 2489 ἐν
1350 2437 1416 2506 τῇ
1447 2435 1547 2506 τῆς
1573 2431 1786 2498 ἐνδόξου
1811 2433 1975 2488 αὑτοῦ

403 2529 682 2601 ἀθλήσεως
725 2529 940 2602 ἡμέραι
999 2511 1122 2581 Ἐπὶ
1165 2525 1305 2580 ἑπτὰ
1341 2532 1471 2597 γὰρ,
1511 2525 1587 2588 ὼς
1622 2523 1974 2596 προέφημεν,

405 2625 640 2696 ἡμέραις
677 2621 992 2695 ὑποχωροῦν
1022 2621 1084 2675 τὸ
1120 2621 1348 2692 ἄπειρον
1391 2620 1566 2673 ἐκεῖνο
1593 2617 1846 2687 πέλαγος,
1877 2634 1976 2671 πο-

408 2717 558 2789 ρείαν
583 2714 898 2769 εὐεπίϐατον
924 2715 1038 2777 τοῖς
1065 2711 1308 2766 εὑσεϐέσι
1336 2709 1656 2782 παρέχεται.

477 2807 587 2862 VII.
615 2807 817 2860 Τούτου
858 2801 951 2860 οῦν
987 2804 1162 2868 οὑτως
1200 2803 1508 2875 γινομένου,
1557 2802 1757 2866 πάντες
1784 2800 1892 2855 τῶν
1919 2801 1978 2856 ἐν
2051 2806 2056 2812 ’

405 2902 534 2972 ἡμῖν
561 2897 892 2969 φιλευσεϐὦν
917 2894 1198 2968 ἐγχωρίων
1233 2894 1329 2948 καὶ
1357 2893 1592 2948 πολιτῶν
1624 2893 1725 2964 τῆς
1751 2892 1975 2965 Χερσῶ-

403 3011 513 3058 νος,
539 2992 696 3047 τοῦτο
738 2990 1054 3070 ἀκηκοότες,
1083 2988 1222 3059 πρὸς
1252 2987 1352 3058 τὴν
1390 2985 1485 3042 τοῦ
1529 2986 1807 3057 θαύματος
1849 2985 1978 3041 θέαν

2076 515 2334 588 martyris
2360 531 2560 587 corpus
2597 517 3014 573 sanctissimum
3044 526 3098 571 et
3127 517 3451 587 gloriosum.
3487 516 3644 584 Quod

2073 623 2201 662 cum
2227 623 2259 663 e
2282 608 2555 678 profundo
2578 609 2778 665 vellent
2800 608 3010 675 tollere,
3035 617 3200 664 noctu
3225 608 3338 664 illic
3360 624 3419 664 se
3441 609 3647 666 sistens

2076 710 2333 768 sanctus,
2363 701 2438 756 ita
2474 701 2674 758 edixit:
2707 703 2925 772 Corpus
2955 701 3175 772 quidem
3207 702 3380 759 nolite
3406 703 3596 758 tollere
3626 722 3640 758 :

2074 790 2219 846 hanc
2263 798 2446 845 autem
2492 790 2650 846 vobis
2690 790 2934 846 concedo
2984 788 3254 860 gratiam,
3303 797 3365 843 ut
3413 789 3644 860 singulis

2076 881 2237 936 annis
2274 882 2363 937 die
2389 881 2712 936 certaminis
2740 881 2846 936 mei
2877 896 2974 950 per
3002 888 3211 950 septem
3241 879 3360 936 dies
3385 881 3645 936 recedens

2073 989 2248 1040 mare,
2279 973 2531 1044 pedestre
2559 972 2662 1027 iter
2707 987 2804 1043 per
2827 971 3040 1026 aridam
3072 971 3140 1026 ad
3175 971 3322 1026 hunc
3355 986 3531 1040 usque
3559 970 3645 1025 lo-

2073 1080 2201 1123 cum
2238 1071 2526 1136 prteparet.
2559 1063 2628 1120 Et
2665 1079 2847 1120 sermo
2873 1076 3038 1133 opere
3063 1062 3366 1132 completus
3398 1061 3520 1116 I‘uit.
3565 1060 3648 1116 Ab

2073 1173 2141 1214 eo
2179 1157 2452 1227 siquidem
2490 1166 2760 1227 tempore,
2807 1171 2985 1225 usque
3013 1155 3068 1209 in
3114 1154 3441 1210 hodiernum
3477 1153 3644 1220 diem,

2075 1247 2307 1319 singulis
2344 1248 2505 1304 annis
2547 1261 2808 1318 magnum
2849 1246 2956 1301 hoc
2999 1244 3324 1300 miraculum
3365 1243 3478 1300 Deo
3519 1259 3649 1315 ope-

2075 1353 2232 1396 rante
2256 1339 2556 1411 perﬁcitur.

2145 1429 2236 1486 Vl.
2293 1431 2437 1498 Quid
2503 1432 2651 1486 istud
2704 1433 2974 1488 miraculo
3033 1429 3200 1488 Mosis
3263 1429 3650 1486 inhonoratius

2073 1524 2192 1579 est?
2215 1522 2359 1590 Quid
2400 1538 2530 1580 vero
2556 1522 2721 1578 Elisei
2751 1523 3049 1594 ignobilius
3078 1533 3134 1579 et
3159 1522 3460 1578 humilius?
3487 1520 3652 1590 quin-

2076 1615 2189 1671 imo
2217 1615 2460 1672 nobilius
2481 1624 2537 1670 et
2567 1614 2754 1672 altius.
2782 1615 2876 1672 llle
2903 1616 3173 1688 siquidem
3192 1616 3366 1686 virga;
3391 1623 3446 1669 et
3468 1614 3648 1678 vivus,

2077 1717 2132 1762 et
2155 1706 2344 1771 semel,
2375 1705 2514 1761 mari
2539 1707 2736 1772 scisso,
2767 1708 3035 1778 gurgitem
3063 1707 3167 1762 iter
3191 1706 3371 1761 ell'ecit
3395 1717 3420 1747 ι
3449 1723 3464 1760 :
3512 1705 3651 1759 alter

2081 1814 2208 1854 vero
2233 1799 2487 1854 similiter
2514 1800 2715 1856 melote
2739 1798 3036 1855 Iordanem
3068 1815 3284 1864 secans,
3315 1798 3484 1855 semel
3513 1813 3652 1869 quo-

2075 1907 2182 1961 que
2200 1891 2316 1960 ipse
2330 1892 2432 1947 hoc
2453 1891 2581 1947 fecit
2605 1892 2931 1947 miraculum
2956 1893 3020 1945 δε
3063 1892 3330 1948 ambabus
3346 1892 3505 1962 aquis
3527 1901 3652 1960 post

2075 1983 2369 2038 transitum
2417 1983 2648 2038 redactis
2679 1983 2746 2038 ad
2777 1999 2932 2038 suam
2961 1994 3212 2038 naturam
3237 2024 3253 2050 ,
3299 1999 3402 2039 nec
3456 1993 3650 2055 postea

2075 2075 2216 2130 idem
2271 2075 2529 2145 operatis.
2597 2073 2699 2130 Hic
2751 2085 2932 2131 autem
2984 2076 3151 2146 quid?
3200 2073 3334 2131 Post
3383 2086 3648 2143 mortem;

2074 2175 2130 2221 et
2172 2181 2279 2220 non
2325 2168 2533 2233 semel,
2568 2167 2663 2223 sed
2706 2167 2775 2222 ab
2820 2182 2888 2222 eo
2922 2177 3166 2238 tempore
3209 2182 3384 2237 usque
3411 2167 3466 2220 in
3503 2167 3652 2221 hunc

2075 2258 2238 2314 diem.
2271 2257 2316 2313 Ο
2348 2259 2675 2314 miraculum
2706 2267 2761 2313 et
2783 2259 3013 2330 gloriam
3051 2259 3343 2330 martyris!
3377 2258 3652 2325 Quantam

2075 2362 2406 2410 consecutus
2430 2363 2514 2408 est
2544 2353 2777 2424 singulis
2799 2352 2958 2407 annis
2984 2352 3072 2407 die
3095 2352 3318 2422 gloriosi
3352 2353 3438 2406 sui
3469 2360 3650 2407 certa-

2075 2447 2276 2502 minis!
2329 2445 2546 2516 Septem
2597 2447 2744 2501 enim
2792 2445 2932 2512 dies,
2985 2445 3131 2500 sicut
3179 2453 3341 2499 antea
3388 2445 3649 2508 diximus,

2076 2538 2336 2595 secedens
2367 2539 2640 2596 inﬁnitum
2671 2538 2806 2596 illud
2844 2539 3070 2613 pelagus
3099 2581 3115 2607 ,
3153 2539 3260 2611 piis
3302 2539 3507 2610 praebet
3548 2538 3652 2593 iter

2075 2632 2310 2686 transitu
2338 2630 2516 2688 facile.

2149 2802 2263 2860 ΥΙΙ.
2299 2801 2414 2860 Hoc
2457 2805 2624 2876 igitur
2653 2805 2728 2861 ita
2759 2804 2930 2874 facto,
2961 2803 3144 2860 cuncti
3187 2803 3332 2876 apud
3376 2820 3476 2861 nos
3519 2804 3652 2859 reli-

2077 2897 2216 2969 giosi
2251 2898 2443 2954 incolae
2475 2900 2717 2970 regionis
2747 2907 2801 2955 et
2830 2899 2980 2955 cives
3003 2898 3326 2964 Chersonis,
3354 2896 3539 2952 audita
3569 2912 3650 2964 re,

2079 2987 2147 3044 ad
2180 2987 2474 3043 videndum
2508 2988 2835 3044 miraculum
2866 2995 3250 3059 properarunt.
3281 2985 3420 3040 Cum
3449 2984 3652 3054 quibus

405 3085 712 3156 ⁴ἠπείγοντο.
744 3083 882 3138 Μεθ’
905 3076 979 3136 ὧν
1004 3081 1096 3135 καί
1128 3099 1212 3145 τις
1236 3080 1375 3152 ἁνὴρ
1398 3079 1625 3151 εὐσεϐὴς
1649 3081 1745 3132 σὺν
1769 3078 1981 3134 εὐσεϐεῖ

2081 3081 2303 3152 quidam
2350 3095 2571 3150 quoque
2613 3080 2700 3134 vir
2738 3079 2863 3149 pius
2913 3093 3021 3132 una
3071 3092 3197 3132 cum
3248 3076 3337 3146 pia
3382 3090 3553 3129 uxore
3599 3084 3656 3130 et

405 3177 623 3244 γυναικὶ
668 3175 762 3228 καὶ
804 3173 978 3245 τέκνῳ
1020 3172 1209 3244 ἁρῤενι
1249 3171 1348 3244 τὴν
1377 3171 1470 3223 ἐπὶ
1507 3170 1598 3223 τὸν
1626 3170 1786 3239 ἁγίου
1831 3170 1980 3242 ἱερο-

411 3267 687 3338 μάρτυρος
740 3265 868 3318 ναὸν
919 3264 1130 3335 διήνυον
1173 3261 1290 3324 ὁδὸν
1333 3258 1738 3332 προθυμότατα.
1781 3259 1892 3312 Καὶ
1917 3257 1984 3331 δὴ

407 3359 498 3412 τὸν
521 3358 682 3412 τόπον
721 3355 1136 3420 καταλαϐόντες,
1166 3354 1258 3408 καὶ
1298 3351 1360 3407 τδ
1399 3351 1583 3422 θαῦμα
1608 3349 1773 3404 εἰσέτι
1799 3349 1984 3403 τελού-

414 3466 568 3520 μενον
596 3449 942 3518 θεασάμενοι,
969 3448 1036 3518 τῇ
1063 3445 1210 3517 χειρὶ
1249 3443 1341 3496 τὸν
1367 3441 1534 3495 παῖδα
1560 3439 1870 3510 λαϐόμενοι,
1902 3438 1984 3501 είς

407 3542 500 3596 τὸν
531 3542 589 3595 ἐν
628 3541 706 3613 τῷ
755 3539 899 3611 βυθῷ
945 3538 1234 3608 θεόδμητον
1275 3537 1480 3588 ἐκεῖνον
1507 3531 1632 3586 ναὸν
1688 3531 1981 3603 εἰσῄεσανο

411 3636 504 3690 καὶ
530 3637 596 3707 τῇ
639 3633 782 3704 σορῷ
825 3630 1224 3704 παραστάντες,
1267 3625 1528 3690 ῖκετικῶς
1553 3623 1645 3678 τὸν
1692 3625 1846 3692 ἁγιον
1875 3622 1985 3679 ἐλι-

410 3727 650 3790 τάνευον,
687 3723 1101 3797 ἁμαρτημάτων
1130 3718 1476 3792 συγχώρησιν
1499 3717 1564 3770 δι’
1601 3714 1764 3769 αὑτοῦ
1799 3713 1984 3770 λαϐεῖν

411 3817 798 3889 ἐξαιτούμενοι,
843 3815 940 3870 καὶ
979 3814 1061 3885 τῷ
1086 3812 1237 3866 παιδὶ
1283 3810 1504 3881 δοθῆναι
1551 3807 1794 3879 δεόμενοι
1839 3806 1986 3878 ζωὴν

417 3909 631 3982 μακρὰν
659 3909 751 3963 καὶ
765 3909 875 3980 ἀπή
885 3924 1039 3980 μονα,
1061 3906 1173 3977 βίου
1196 3921 1256 3958 τε
1279 3905 1595 3976 εὐμάρειαν,
1620 3903 1715 3957 καὶ
1736 3895 1820 3956 οἷα
1842 3900 1987 3963 είκὸς

414 4004 592 4072 γονεῖς
619 4000 712 4054 ἐπὶ
736 4000 908 4072 τέκνῳ
938 3996 1205 4053 αἰτεῖσθαι
1232 3997 1525 4069 μονογενεῖ.

2087 3174 2240 3244 prole
2284 3173 2550 3237 mascula,
2581 3171 2724 3224 viam
2753 3169 2821 3223 ad
2852 3167 3190 3224 sacrosancti
3223 3165 3480 3234 martyris
3512 3173 3654 3218 tem~

2085 3265 2234 3335 plum
2269 3263 2558 3318 ducentem
2609 3275 2825 3316 summa
2873 3258 3157 3312 alacritate
3195 3261 3543 3325 peregerunt.
3588 3251 3655 3307 Et

2083 3373 2213 3412 vero
2259 3357 2440 3411 locum
2491 3351 2753 3434 assecuti,
2801 3359 2857 3405 et
2903 3348 3232 3403 miraculum
3283 3346 3431 3416 quod
3474 3338 3656 3399 adhuc

2084 3447 2267 3515 ﬁebat,
2319 3445 2540 3511 intuiti,
2592 3457 2821 3514 puerum
2872 3456 3038 3494 manu
3090 3437 3510 3508 prehendentes,
3564 3435 3655 3496 in,-

2084 3539 2258 3610 gressi
2288 3545 2415 3594 sunt
2459 3533 2592 3590 illud
2625 3533 2678 3587 in
2719 3529 2997 3602 profundo
3037 3526 3300 3581 divinitus
3328 3523 3654 3580 aediﬁcatum

2087 3632 2347 3702 templum
2376 3647 2390 3683 :
2420 3636 2582 3698 atque
2607 3625 2674 3679 ad
2703 3623 2944 3677 loculum
2972 3619 3311 3683 accedentes,
3340 3615 3657 3685 suppliciter

2085 3735 2336 3780 sanctum
2367 3720 2631 3790 rogabant
2655 3758 2670 3783 ,
2700 3723 2947 3788 petentes
2969 3713 3291 3768 delictorum
3316 3709 3529 3763 veniam
3559 3723 3658 3776 per

2089 3817 2268 3886 ipsum
2306 3815 2573 3883 accipere,
2621 3809 2858 3878 darique
2898 3805 3242 3878 postulantes
3287 3817 3459 3872 puero
3488 3801 3656 3855 vitam

2085 3909 2307 3979 longam
2333 3915 2388 3960 et
2430 3904 2679 3966 illzesam,
2713 3915 2839 3956 cum
2880 3897 3027 3953 [acili
3069 3910 3254 3950 rerum
3288 3901 3574 3963 apparatu,
3603 3899 3661 3946 et

2089 4017 2212 4072 qua:
2261 4007 2693 4056 consentaneum
2741 4002 2826 4050 est
2870 4001 3055 4064 petere
3100 3997 3356 4061 parentes
3403 4001 3502 4056 pro
3547 3984 3661 4040 tilio

2090 4107 2276 4148 umco.

481 4181 619 4236 Vill.
661 4179 750 4244 Ὠς
788 4172 882 4232 οὑν
931 4176 1034 4248 τὴν
1075 4173 1242 4245 εὐχὴν
1283 4171 1626 4233 τετελέκασι,
1667 4169 1763 4222 καὶ
1805 4168 1867 4222 τὸ
1891 4164 1981 4221 τοῦ

2167 4185 2303 4240 Vlll.
2331 4181 2404 4240 Ut
2438 4197 2570 4253 ergo
2589 4195 2777 4253 preces
2807 4178 3088 4242 (inierunt,
3113 4181 3168 4230 et
3185 4171 3361 4230 sancti
3399 4169 3663 4239 reliquias

413 4269 568 4339 ἁγίου
624 4265 1048 4340 κατησπάσαντο
1102 4262 1372 4333 λείψανον,
1426 4261 1506 4323 είς
1535 4259 1780 4312 τούπίσω
1826 4258 1981 4312 πάλιν

2091 4275 2401 4334 exosculati
2441 4282 2590 4339 sunt,
2615 4281 2918 4327 retrorsum
2946 4274 3139 4338 postea
3178 4259 3488 4319 redierunt!
3529 4261 3664 4326 Qui-

414 4360 658 4432 ἐξῄεσαν.
684 4356 786 4412 Ὧν
816 4357 1156 4426 ἐξελθόντων,
1181 4354 1243 4410 τὸ
1275 4353 1418 4424 ὕδωρ
1443 4351 1604 4406 πάλιν
1631 4351 1711 4415 εἰς
1723 4351 1822 4421 τὴν
1855 4349 1981 4404 ίδίαι

2093 4368 2197 4423 bus
2223 4365 2482 4437 egressis,
2524 4379 2667 4434 aqua
2692 4363 2890 4416 iterum
2917 4359 2987 4412 ad
3015 4371 3176 4412 suum
3199 4354 3380 4408 locum
3405 4349 3660 4405 recurrit.

414 4450 594 4522 χώραν
628 4448 951 4520 ἐπέδραμεν.
983 4447 1046 4501 Ol
1078 4445 1135 4498 δὲ
1171 4443 1672 4517 μεταστραφέντες,
1705 4443 1798 4494 καὶ
1825 4440 1981 4493 πέλα-

2096 4462 2178 4516 Illi
2211 4469 2390 4514 autem
2425 4455 2698 4521 conversi,
2729 4462 2784 4509 et
2807 4459 3094 4508 cernentes
3125 4450 3348 4520 pelagus
3371 4460 3492 4500 esse
3511 4442 3660 4513 quod

413 4561 510 4613 γος
541 4543 641 4616 τὴν
672 4542 799 4614 πρὶν
827 4540 1151 4611 θεασάμενοι
1171 4535 1375 4610 τρίϐον,
1405 4534 1531 4606 τῇδε
1563 4534 1787 4588 κάκεῖσε
1828 4549 1981 4604 περι.

2089 4553 2244 4626 prius
2277 4551 2380 4605 iter
2408 4555 2547 4613 erat,
2581 4547 2689 4601 huc
2709 4553 2763 4599 et
2805 4544 2935 4598 illuc
2984 4535 3511 4608 circumspicienda,
3565 4531 3664 4586 lilii

418 4634 764 4700 σκοποῦντες,
798 4633 898 4706 τὴν
920 4631 1015 4686 τοῦ
1034 4631 1226 4685 τέκνου
1259 4627 1487 4701 ζήτησιν
1523 4623 1864 4699 ἐπεχείριζον
1885 4641 1898 4655 ·
1929 4623 1981 4678 τὶ

2091 4623 2500 4716 inquisitionem
2533 4637 3012 4708 aggrediebantur:
3041 4641 3098 4687 at
3137 4631 3228 4685 ille
3254 4629 3306 4681 in
3334 4643 3460 4682 arca
3490 4625 3666 4681 sancti

414 4729 474 4781 δὲ
483 4724 550 4802 ἦν
571 4729 629 4780 ἐν
648 4729 720 4798 τῇ
743 4724 837 4778 τοῦ
858 4723 1012 4793 ἁγίου
1032 4723 1262 4795 λάρνακι
1289 4718 1646 4787 καταλειφθέν
1659 4735 1674 4748 ο
1727 4716 1822 4770 καὶ
1839 4716 1981 4770 τοῦτ(

2096 4738 2320 4792 relictus
2348 4733 2560 4788 fuerat:
2607 4729 2769 4799 idque
2792 4744 2902 4784 non
2934 4724 3208 4781 oblivione
3237 4729 3547 4791 parentum.
3573 4719 3668 4773 sed

416 4821 478 4873 οὑ
506 4821 575 4890 τῇ
601 4818 710 4871 τῶν
741 4815 945 4885 γονέων
985 4815 1144 4888 λήθῃ,
1178 4811 1315 4867 ἁλλὰ
1347 4814 1415 4883 τῇ
1464 4809 1560 4862 τοῦ
1611 4809 1746 4864 Θεοῦ
1780 4809 1981 4882 εύδοκίς

2100 4830 2194 4885 Dei
2223 4828 2502 4882 voluntate
2549 4821 2752 4877 factum
2785 4827 2886 4880 est,
2911 4827 2971 4871 ut
3000 4817 3090 4871 hic
3119 4829 3340 4886 quoque
3374 4822 3669 4882 martyrem

417 4913 681 4982 ἐγεγόνει,
709 4911 797 4965 ἵνα
827 4907 924 4963 καὶ
955 4905 1188 4961 ἐνταῦθα
1219 4903 1481 4977 μειζόνως
1513 4904 1885 4978 θαυμαστώσῃ
1907 4905 1981 4959 τοι

2100 4922 2276 4992 magis
2294 4919 2545 4974 redderet
2566 4910 2964 4970 admirabilem.

573 5020 602 5054 υ
641 5018 696 5055 α.

609 5019 711 5149 ξΩς
744 5091 790 5145 δ’
817 5083 910 5145 οῦν
940 5089 990 5144 οἱ
1017 5091 1196 5149 γονεῖς
1226 5087 1290 5142 τὸ
1325 5087 1515 5140 τέκνον
1555 5088 1653 5149 οὑχ
1701 5087 1965 5149 ηὕρισκον

2165 5082 2262 5138 IX.
2295 5081 2432 5136 Cum
2468 5092 2601 5149 ergo
2626 5082 2882 5147 parentes
2896 5081 3086 5128 natum
3110 5085 3220 5125 non
3259 5065 3586 5128 invenirent,
3620 5071 3675 5117 et

2104 5176 2489 5246 cogitassenta
2528 5186 2587 5226 se
2613 5169 2784 5224 fuisse
2834 5179 3065 5237 puerum
3093 5163 3148 5216 in
3187 5160 3355 5216 maris
3400 5154 3675 5227 profundo

2106 5267 2381 5324 oblivione
2405 5263 2750 5322 mandatum,
2782 5259 2914 5330 quid
2949 5272 3089 5328 opus
3113 5265 3196 5310 est
3217 5254 3400 5308 dicere
3432 5259 3488 5305 et
3510 5248 3676 5318 patris

2109 5357 2547 5420 lamentationes,
2577 5363 2628 5409 et
2654 5352 2849 5408 matris
2879 5349 3158 5404 ululatus?
3187 5346 3362 5402 Omne
3404 5342 3676 5412 siquidem

486 5093 581 5148 IX.
623 5094 724 5165 '0;
744 5091 790 5145 δ’
817 5083 910 5145 οὗν
940 5089 990 5144 οἱ
1017 5091 1196 5160 γονεῖς
1226 5087 1290 5142 τὸ
1325 5087 1515 5140 τέκνον
1555 5088 1654 5158 οὑχ
1701 5087 1998 5160 ηὕρισκον,

421 5187 516 5241 καὶ
547 5185 629 5239 ὅτι
656 5185 715 5238 ἐν
742 5183 820 5255 τῷ
843 5181 988 5254 βυθῷ
1016 5179 1228 5244 τούτοις
1262 5178 1535 5250 ἐπελήσθη
1561 5180 1590 5232 6
1619 5182 1750 5244 παῖς
1789 5180 2001 5252 ἐνενόη-

423 5295 544 5342 σαν,
576 5276 630 5330 τί
656 5276 738 5330 δεῖ
766 5275 861 5329 καὶ
891 5273 1091 5342 λέγειν,
1123 5269 1252 5334 τούς
1275 5287 1336 5324 τε
1366 5269 1462 5323 τοῦ
1507 5271 1720 5341 πατρὸς
1749 5271 1998 5343 θρήνους,

421 5372 519 5426 καὶ
547 5370 646 5435 τάς
671 5371 770 5442 τῆς
795 5368 1002 5441 μητρὸς
1031 5364 1316 5438 οίμωγὰς;
1349 5365 1537 5418 Πᾶσαν
1583 5363 1693 5436 γάρ
1735 5365 1835 5435 τὴν
1854 5366 2004 5434 λαμ-

423 5461 569 5533 πράν
599 5436 811 5533 ἐκείνην
836 5436 1029 5531 ἑορτὴν
1050 5436 1130 5520 sl;
1157 5457 1356 5528 θρῆνον
1393 5456 1774 5527 μετεποίησαν.
1807 5454 1871 5508 Τί
1894 5454 1981 5525 γὰρ

2111 5451 2242 5507 illud
2265 5448 2610 5520 splendidum
2661 5444 2860 5500 festum
2891 5447 3280 5498 converterunt
3324 5438 3378 5492 in
3413 5436 3680 5490 lamenta-

421 5555 524 5610 οὑκ
553 5553 771 5624 ἒλεγον;
804 5553 858 5605 τί
884 5550 942 5604 δὲ
973 5550 1074 5604 οὑκ
1104 5547 1406 5618 έπραττονς
1447 5547 1555 5603 τῶν
1587 5549 1686 5603 ὅσα
1738 5548 1884 5612 εἰκὸς

2112 5543 2334 5599 tionem.
2379 5537 2521 5606 Quid
2575 5536 2720 5594 enim
2765 5550 2873 5593 non
2898 5531 3186 5595 dicebant?
3225 5529 3357 5604 quid
3396 5543 3526 5586 vero
3569 5540 3680 5581 non

533 5709 559 5738 ι
600 5695 774 5754 Exod.
817 5711 928 5749 xlv.
1007 5691 1035 5732 υ
1063 5688 1128 5744 ιγ
1165 5688 1295 5762 l‘u-g.
1339 5705 1396 5744 ιι.
