4032 6146
521 305 624 361 659

1637 302 1973 358 APPENDIX
2011 303 2100 356 AD
2141 303 2200 358 S.
2243 301 2681 358 CLEMENTEM.

3661 288 3769 339 ϋ-ίιυ

518 417 827 474 iaciebant?
856 427 923 472 ei
950 417 1023 473 iis
1058 433 1184 487 qua:
1236 433 1334 487 par
1360 417 1494 473 erat'
1513 420 1594 474 vel
1626 420 1806 490 ipsum
1854 423 2057 489 lapidem

2158 473 2161 486 ,
2193 427 2286 480 καὶ
2317 426 2461 481 λίθον
2499 425 2658 478 αὑτὸν
2694 425 2909 494 κινῆσαι
2945 422 3079 494 πρὸς
3112 420 3367 493 δάκρυον.
3433 421 3498 475 Ἡ
3540 422 3647 493 γὰρ
3672 439 3765 475 τε-

518 526 736 565 utovere
759 511 823 564 ad
849 511 1143 581 lacrymas.
1172 510 1418 564 Genitrix
1451 511 1597 565 enim
1625 514 1804 568 oculis
1834 516 1900 568 ad
1935 532 2083 568 mare

514 605 763 671 intensis,
789 615 843 660 et
867 606 1119 660 manilius
1149 605 1203 658 in
1241 606 1410 660 altum
1453 608 1716 676 sublatis,
1766 610 2080 680 hujusmodi

513 710 675 751 voces
696 705 888 752 sancto
925 696 1147 750 emisit:
1181 695 1272 751 lla:
1319 707 1482 763 sunt,
1507 714 1546 753 ο
1581 710 1804 766 sancte,
1851 711 1960 757 tuas
1998 720 2083 758 re—

511 790 920 844 munerationes
939 790 962 841 ?
984 788 1144 844 Tales
1168 798 1274 843 tua:
1302 792 1694 848 retributiones
1722 810 1846 865 erga
1872 813 1966 852 eos
1988 801 2080 868 qui

509 883 577 935 ad
603 891 651 935 te
668 882 911 936 studiose
943 883 1276 935 accurrunt?
1303 883 1394 938 Sic
1425 884 1666 940 laborem
1692 903 1723 940 a
1758 904 1845 942 me
1885 905 1950 944 ex
1973 907 2082 958 quo

508 973 713 1026 accessi
743 981 1020 1039 sumptum
1054 975 1358 1040 remetitus,
1389 976 1693 1030 mercedem
1728 980 1862 1032 mihi
1899 983 2080 1034 reddi-

507 1064 672 1116 disti?
703 1061 936 1119 Ubinam
969 1074 1052 1118 est
1080 1066 1222 1120 ﬁlius
1254 1069 1450 1122 meus?
1484 1067 1744 1134 Quaenam
1771 1075 1939 1128 maris
1967 1075 2079 1128 bel-

507 1153 594 1205 lua
627 1153 836 1206 viscera
857 1151 966 1207 nati
992 1155 1097 1210 mei
1130 1155 1430 1211 laceravit?
1462 1157 1598 1223 Quis
1632 1177 1761 1214 vero
1785 1164 2078 1219 vehemens

506 1243 1032 1314 ﬁnrtusinsurgens,
1057 1261 1181 1300 eum
1211 1249 1418 1312 vivum,
1449 1260 1708 1320 tanquam
1740 1256 2074 1322 sepulcrum,

505 1335 756 1403 operuit?
780 1335 949 1400 Quem
983 1337 1095 1406 jam
1137 1341 1310 1394 oculis
1345 1343 1644 1410 aspiciam?
1681 1343 1789 1399 Pro
1837 1363 1946 1416 quo
1977 1365 2076 1402 au—

505 1432 611 1475 tem
635 1424 1005 1490 orabo?‘Quis
1032 1443 1161 1482 vero
1185 1433 1488 1487 senectutis
1517 1450 1648 1488 mea:
1681 1435 1954 1492 efﬁcietur
1974 1439 2072 1492 ba-

503 1519 697 1574 culus?
720 1521 832 1574 Cur
863 1537 948 1576 me
975 1565 990 1587 ,
1023 1533 1229 1588 sancte,
1265 1541 1372 1578 non
1409 1526 1584 1581 fecisti
1623 1530 1830 1583 sociam
1867 1549 1990 1585 esse
2018 1534 2070 1586 in

505 1624 677 1665 tnorte
726 1614 820 1665 lilii
854 1613 991 1680 mei;
1049 1623 1110 1668 ut
1151 1618 1613 1684 quemadmodum
1657 1621 1723 1675 ad
1769 1631 1822 1676 te
1862 1625 2068 1679 accessi

503 1717 667 1756 manu
702 1704 854 1758 illum
891 1714 1102 1771 tenens,
1135 1707 1204 1759 ita
1237 1718 1289 1760 ct
1312 1709 1455 1763 ulnis
1487 1712 1737 1765 eumdem
1771 1712 1952 1768 ferens
2001 1715 2066 1767 ad

2187 515 2376 578 κοῦσα,
2390 517 2516 579 τοὺς
2546 515 2853 584 ὀφθαλμοὺς
2873 514 2950 583 τῷ
2963 513 3186 582 πελάγει
3202 512 3482 565 ἐντείνασα
3506 512 3646 574 ¹⁹-¹¹⁵,
3672 511 3766 564 καὶ

2183 604 2283 667 τὰς
2313 607 2499 676 χεῖρας
2530 605 2666 676 πρὸς
2699 603 2827 672 ὕψος
2846 603 3098 673 διάρασα,
3129 601 3340 655 τοιάσδε
3355 601 3434 670 τῷ
3451 597 3592 669 ἁγίῳ
3612 600 3764 670 ἠφίει

2185 695 2394 765 φωνάς·
2430 690 2598 750 Αὗταί
2635 712 2750 759 σου,
2793 695 2936 762 ἅγιε,
2970 695 3025 746 αἱ
3073 693 3328 765 ἀμυισαί;
3361 690 3605 745 τοιαῦταί
3671 708 3763 744 σου
3829 697 3833 699 ’

2181 789 2290 842 τῶν
2335 789 2486 860 πόθῳ
2525 790 2662 860 πρὸς
2711 789 2770 842 σὲ
2809 788 3250 860 προστρεχόντων
3280 789 3335 841 αἱ
3369 786 3758 857 ἀνταμείψεις;

2182 879 2338 933 Οὕτω
2368 879 2459 932 τὸν
2502 881 2670 933 κόπον
2717 880 3116 950 ἁντιμετρὴσας
3143 879 3206 932 ὃν
3238 879 3329 946 ἀφ’
3359 873 3428 948 ἧς
3459 877 3758 949 παρεγενό-

2185 988 2290 1043 μην
2333 971 2636 1041 ὑπέμεινα,
2680 971 2778 1042 τὴν
2823 970 3166 1040 ἀντιμισθίαν
3200 988 3288 1042 μοι
3317 969 3592 1033 δέδωκας;
3651 969 3757 1023 Ποῦ

2184 1078 2283 1131 μου
2319 1061 2348 1112 ὀ
2391 1064 2548 1125 παίς;
2595 1061 2752 1114 Ποῖον
2793 1060 2886 1114 τοῦ
2935 1060 3067 1130 ἐμοῦ
3119 1060 3310 1112 τέκνου
3355 1059 3425 1112 τὰ
3472 1060 3756 1130 σπλάγχνα

2179 1151 2367 1223 θηρίον
2401 1152 2669 1222 θαλάττης
2705 1151 3052 1223 ἐσπάραξενς
3085 1154 3243 1206 Ποῖον
3291 1152 3348 1204 δὲ
3384 1152 3559 1222 ῥόθιον
3603 1153 3756 1223 κῦμα

2177 1245 2613 1309 κατεπαναστάν,
2641 1245 2717 1308 ὡς
2743 1246 2930 1312 τάφος,
2967 1245 3143 1309 ζῶντα
3180 1244 3338 1297 τοῦτο
3373 1245 3417 1276 ’⁸
3446 1245 3752 1314 ἐκάλυψενς

2175 1334 2308 1388 Τίνα
2337 1339 2448 1398 τοῖς
2479 1335 2776 1405 ὀφθαλμοῖς
2804 1337 2929 1408 ἄρτι
2962 1336 3256 1406 θεάσομαι;
3313 1337 3485 1408 ’Υπὲρ
3516 1336 3573 1389 δὲ
3611 1337 3755 1398 τίνος

2173 1425 2586 1498 προσεύξομαι;
2635 1427 2730 1489 Τίς
2773 1427 2830 1479 δέ
2870 1444 2970 1496 μου
3009 1425 3103 1479 τοῦ
3144 1427 3328 1497 γήρως
3359 1427 3454 1479 καὶ
3485 1426 3753 1498 βακτηρία

2171 1520 2493 1588 γενήσεταις
2526 1519 2640 1572 Ἵνα
2667 1519 2721 1570 τί
2758 1537 2845 1588 με,
2871 1513 2915 1571 ὦ
2946 1520 3088 1587 ἆγιε,
3113 1517 3186 1588 μὴ
3213 1518 3292 1589 τῷ
3319 1517 3413 1570 τοῦ
3442 1518 3632 1570 τέκνου
3655 1519 3752 1572 θα-

2170 1610 2315 1680 νάτῳ
2347 1610 2669 1680 κοινωνῆσαι
2712 1611 3039 1679 πεποίηκας,
3071 1609 3147 1672 ὡς
3177 1609 3242 1662 ἂν
3287 1608 3478 1681 ὥσπερ
3521 1610 3660 1680 πρὸς
3692 1609 3748 1660 σὲ

2169 1700 2328 1754 τοῦτο
2361 1704 2429 1771 τῇ
2465 1702 2610 1772 χειρὶ
2638 1702 2941 1770 κατέχουσα
2971 1701 3356 1772 παραγέγονά,
3402 1702 3600 1754 οὑτωσὶ
3649 1701 3748 1754 κᾶν

499 1793 708 1848 inferos
738 1794 922 1849 infelix
944 1797 1366 1852 descenderem?
1390 1798 1433 1853 Ο
1453 1817 1601 1855 mare
1638 1811 1691 1857 et
1713 1803 2057 1872 profundum,

2173 1791 2251 1861 τῷ
2281 1790 2381 1864 ᾄδῃ
2416 1791 2875 1863 άγκαληφοροῦσα
2923 1790 3099 1860 τούτῳ
3138 1793 3170 1859 ἡ
3211 1789 3467 1859 δύστηνος
3517 1790 3744 1843 καταϐέ-

493 1895 739 1952 quanam
767 1887 846 1939 tui
883 1888 1004 1941 sinu
1033 1905 1212 1943 meum
1255 1891 1523 1946 detinebis
1548 1894 1754 1947 lilittm?
1785 1897 2068 1960 Quomodo

495 1985 680 2030 autem
712 1987 763 2031 et
793 1993 916 2030 eum
947 1979 1101 2034 ales?
1157 1980 1250 2035 llei
1279 1985 1433 2049 mihi,
1481 1985 1554 2038 ﬁli
1599 1986 1906 2040 miserande
1930 2029 1945 2051 ,
1993 1989 2065 2042 ﬁli

498 2074 624 2118 ante
653 2075 864 2135 tempus
906 2078 1091 2137 rapte:
1125 2070 1230 2136 ﬁli,
1281 2089 1385 2142 qua
1419 2077 1629 2129 ratione
1668 2093 1697 2130 a
1726 2081 1862 2131 meis
1892 2080 2067 2133 oculis

499 2159 814 2212 recessisti?
839 2160 1050 2225 Quibus
1068 2163 1297 2231 pedibus
1328 2167 1606 2219 revertar?
1637 2165 1940 2232 Quemnam
1967 2187 2066 2225 au-

495 2252 605 2298 tem
635 2244 811 2300 instar
841 2247 964 2316 agni
991 2249 1332 2304 exsilientem
1362 2254 1773 2323 contemplabor
1792 2256 1817 2308 ?

565 2417 632 2474 Χ.
661 2420 822 2475 Pater
848 2439 976 2477 vero
1007 2441 1202 2480 rursus
1226 2427 1481 2482 manibus
1507 2443 1570 2482 os
1603 2431 1935 2498 percutiens,
1977 2433 2059 2487 la—

492 2514 837 2567 mentabatur
861 2515 945 2569 his
975 2519 1189 2572 verbis:
1219 2517 1418 2585 Quare,
1443 2536 1476 2574 ο
1510 2534 1716 2590 sancte,
1749 2526 1942 2578 orbum
1975 2541 2061 2580 me

491 2603 679 2658 liberis
708 2615 929 2673 repente
952 2607 1218 2662 ell'ecisti?
1247 2609 1360 2662 Cur
1383 2611 1464 2663 sic
1487 2611 1654 2666 ﬁlium
1682 2630 1860 2668 meum
1886 2626 2059 2670 morte

491 2695 803 2751 miserrima
837 2700 974 2752 mori
1003 2702 1346 2769 permisisti?
1387 2702 1508 2768 Qua
1539 2705 1606 2759 dc
1636 2722 1800 2761 causa
1843 2709 1909 2763 iis
1935 2725 2058 2778 quae

489 2802 838 2855 speraveram
873 2793 1146 2845 contraria
1191 2793 1325 2846 mihi
1377 2796 1726 2864 obtigerunt?
1771 2799 1908 2853 Cum
1955 2801 2057 2857 hac

483 2895 586 2952 spe
611 2881 676 2934 ad
710 2891 762 2934 te
785 2882 1152 2938 accessimus?
1197 2883 1419 2940 Taliane
1472 2897 1601 2941 sunt
1640 2889 1781 2944 dona
1833 2892 1887 2945 in
1931 2909 2051 2960 eos,

482 2969 584 3038 .qui
618 2971 683 3024 ad
717 2981 986 3043 martyres
1013 2989 1136 3028 cum
1172 2975 1443 3032 desiderio
1475 2979 1806 3036 adveniunt?
1841 2982 2054 3041 Revera

482 3076 595 3118 anon
626 3073 702 3126 tu,
738 3064 832 3118 sed
859 3077 1204 3134 peccatorum
1253 3083 1497 3124 meorum
1535 3074 1786 3140 procellae
1817 3092 2047 3146 puerum

2170 1881 2333 1952 6ηκα.
2368 1879 2438 1935 Ὦ
2464 1882 2706 1936 θάλασσα
2727 1884 2819 1936 καὶ
2841 1882 2988 1952 βυθὲ,
3019 1881 3156 1952 ποίῳ
3179 1897 3273 1934 σου
3306 1882 3490 1952 κόλπῳ
3507 1883 3597 1934 τὸν
3619 1882 3744 1952 ἐμὸν

2168 1971 2416 2038 καθέξεις
2465 1972 2608 2038 υίόνς
2675 1972 2799 2035 Πῶς
2831 1971 2887 2024 δὲ
2934 1973 3029 2024 καὶ
3085 1969 3304 2043 θρέψεις
3352 1973 3543 2036 αύτόν;
3602 1973 3744 2044 οἴμοι

2165 2062 2351 2115 τέκνον
2367 2063 2618 2126 ἐλεεινὸν,
2639 2063 2827 2116 τέκνον
2849 2063 2955 2134 πρὸ
2974 2063 3119 2134 ῶρας
3139 2063 3483 2135 άναρπασθέν
3497 2082 3510 2094 ·
3534 2065 3741 2128 τέκνον,

2166 2153 2286 2217 πῶς
2308 2155 2429 2218 ἐδυς
2452 2155 2560 2208 τῶν
2604 2155 2751 2225 ἐμῶν
2796 2155 3126 2225 ὀφθαλμῶν,
3189 2155 3359 2218 ποίοις
3405 2157 3562 2208 ποσὶν
3613 2159 3738 2210 ὑπο-

2165 2247 2381 2317 στρέφω
2416 2247 2494 2313 ";
2541 2248 2672 2300 Τίνα
2721 2247 2778 2301 δὲ
2821 2247 2900 2311 ὡς
2936 2249 3074 2319 ἄρνα
3107 2248 3501 2319 ἐπισκιρτῶντα
3550 2248 3744 2302 θεάσο-

2167 2351 2306 2404 μαιῖ

2228 2426 2295 2480 Χ.
2342 2427 2399 2480 Ὁ
2430 2426 2487 2480 δέ
2519 2443 2581 2496 γε
2619 2427 2800 2498 πατὴρ
2843 2426 3069 2482 τοιαῦτα
3118 2426 3304 2493 πάλιν,
3371 2427 3446 2500 τῷ
3473 2428 3738 2500 χειρὶτὴν

2158 2517 2280 2587 ὄψιν
2323 2520 2496 2571 παίων
2523 2559 2537 2580 ,
2583 2519 2851 2590 ὠδύρετο’
2893 2519 3007 2572 Ἵνα
3051 2506 3152 2583 τί,’
3183 2513 3228 2572 ὦ
3268 2521 3388 2589 ἆγιε
3413 2559 3427 2582 ,
3482 2520 3738 2590 ἐξαίφνης

2158 2609 2361 2663 ἄπαιδά
2395 2627 2460 2680 με
2496 2611 2872 2681 κατέστησας;
2912 2612 3026 2664 Ἵνα
3057 2612 3113 2664 τί
3139 2611 3313 2675 οὕτως
3351 2613 3607 2683 οἰκτίστῳ
3644 2613 3737 2665 θα-

2159 2701 2302 2773 νάτῳ
2325 2701 2385 2754 τὸ
2420 2702 2552 2772 ὲμὺν
2580 2703 2770 2756 τέκνον
2795 2703 2976 2757 θανεῖν
2995 2703 3424 2776 παρεχώρησαςς
3454 2707 3571 2760 'Iv:
3600 2705 3650 2758 τί
3669 2706 3733 2758 τὰ

2156 2793 2371 2846 ἐναντία
2402 2787 2477 2846 ὧν
2510 2793 2713 2863 ἦλπισα
2771 2796 2861 2864 μοὶ
2911 2797 3279 2866 συνήντησεν;
3321 2797 3412 2849 ἐπί
3461 2797 3734 2860 τοιαύταις

2157 2883 2289 2956 πρὸς
2329 2883 2386 2936 σὲ
2435 2883 2915 2954 παραγεγόναμεν;
2950 2885 3205 2938 Τοιαῦται
3249 2886 3356 2939 τῶν
3389 2887 3536 2957 πόθῳ
3571 2905 3735 2960 προσ-

2153 2974 2458 3046 ερχομένων
2518 2979 2630 3038 τοῖς
2654 2975 2917 3046 μάρτυσιν
2945 2979 3000 3031 αί
3032 2977 3260 3050 δωρεαί;
3307 2980 3511 3044 Ὄντως
3541 2980 3603 3032 ού
3648 2981 3728 3044 σὺ,

2153 3066 2268 3119 ἀλλ’
2301 3068 2356 3120 αί
2394 3067 2501 3120 τῶν
2546 3067 2693 3138 ἐμῶν
2733 3069 3147 3140 ἁμαρτημάτων
3190 3069 3404 3124 θύελλαι
3439 3072 3530 3124 τὸν
3565 3072 3731 3126 παῖδα

484 3151 624 3206 mari
660 3154 1017 3210 tradiderunt.
1047 3157 1091 3212 Ο
1121 3158 1195 3212 ﬁli
1228 3161 1321 3223 mi,
1354 3162 1478 3231 quis
1505 3164 1583 3218 tui
1608 3167 1804 3220 mortui
1834 3169 2050 3226 claudet

2158 3161 2216 3228 τῇ
2251 3156 2492 3228 θαλάσσῃ
2525 3157 2988 3230 παραδεδώκασιν.
3030 3157 3099 3212 Ὦ
3135 3160 3320 3214 τέκνον
3367 3162 3620 3232 ὲμδν,τίς
3646 3181 3732 3218 σου

480 3245 718 3301 oculos?
747 3247 882 3314 Quis
907 3265 1036 3304 vero
1069 3262 1119 3305 te
1139 3253 1396 3321 sepeliet?
1417 3254 1679 3320 Quisnam
1703 3258 1918 3317 loculus
1943 3264 2053 3318 ele-

477 3337 890 3405 gantissimum,
912 3340 1484 3414 jucundissimumque
1509 3354 1663 3400 tuum
1698 3356 1836 3418 teget
1867 3352 2050 3407 taber-

480 3429 782 3488 naculum?
820 3429 903 3484 Ah
929 3432 941 3484 !
972 3449 1198 3502 prorsus
1229 3436 1424 3492 clausit
1457 3431 1676 3507 quidem
1703 3447 1828 3496 tuos
1862 3444 2050 3499 oculos

479 3535 670 3581 mare;
702 3523 916 3591 sepeliit
953 3540 1082 3579 vero
1113 3534 1164 3580 te
1193 3543 1419 3598 gurges;
1471 3537 1526 3584 et
1573 3539 1758 3586 venter
1815 3533 2048 3603 piscium

482 3613 578 3668 tibi
606 3615 968 3668 conditorium
994 3615 1116 3671 fuit.

551 3703 643 3758 XI.
670 3703 786 3758 Hoc
803 3705 986 3774 itaque
1012 3707 1251 3764 lamento
1277 3727 1400 3766 cum
1431 3723 1685 3782 parentes
1710 3716 2044 3786 plaugerent,

481 3797 701 3864 quidam
736 3797 894 3851 exiis
923 3797 1016 3867 qui
1072 3799 1200 3855 illuc
1248 3818 1637 3870 convenerant,
1689 3807 1775 3862 vix
1828 3808 2043 3863 tandem

484 3897 872 3954 persuaserunt
895 3888 1002 3943 illis
1021 3900 1080 3944 ut
1099 3892 1425 3948 desisterent
1441 3897 1847 3960 lamentatione.
1870 3901 2048 3979 Atque

482 3975 550 4027 ah
581 3976 784 4044 ejulatu
819 3995 1111 4055 parumper
1151 3992 1454 4058 cessantes,
1507 3993 1731 4050 domum
1772 3975 2041 4055 abierunt.

483 4066 749 4141 Tempore
773 4091 903 4146 ergo
934 4081 1282 4148 procedente,
1315 4091 1368 4137 et
1402 4085 1815 4144 advenientibus
1855 4092 2044 4147 diebus

480 4162 682 4227 quibus
708 4167 882 4221 sancti
912 4171 1177 4224 memoria
1206 4172 1536 4238 celebratur,
1563 4175 1678 4230 ha3c
1700 4177 1842 4232 inter
1869 4197 1928 4234 se
1959 4183 2045 4236 di—

478 4252 693 4319 cebant,
717 4258 1066 4315 recordantes
1092 4261 1185 4315 ﬁlii
1215 4263 1299 4318 sui
1325 4281 1339 4317 :
1366 4263 1610 4333 Agedum
1631 4269 2044 4335 proﬁciscamur

479 4344 546 4398 ad
575 4357 823 4403 sanctum
848 4389 864 4416 ,
895 4359 955 4404 ut
981 4352 1026 4406 si
1060 4353 1266 4422 aliquid
1320 4357 1674 4427 reliquiarum
1703 4360 1796 4415 ﬁlii
1843 4365 2036 4430 nostri,

474 4435 620 4506 quod
647 4439 760 4492 ﬁeri
795 4455 902 4496 non
925 4450 1120 4510 potest,
1151 4448 1494 4512 remanserit,
1529 4447 1802 4516 tollamus,
1835 4462 2036 4508 etcum

2151 3251 2279 3312 τοὺς
2323 3249 2636 3320 ὀφθαλμοὺς
2688 3251 2982 3304 Θανόντα²⁷
3027 3251 3288 3322 καλύψει;
3332 3255 3427 3318 Τίς
3474 3255 3532 3308 δὲ
3573 3257 3728 3310 ἐντα-

2153 3340 2372 3409 φιάσεις
2408 3341 2545 3394 Ποῖα
2571 3342 2626 3394 δὲ
2659 3342 2815 3414 σορὸς
2839 3343 2900 3396 τὸ
2938 3345 3262 3414 περικαλλὲς
3306 3347 3397 3398 καὶ
3434 3348 3728 3418 τερπνότα-

2149 3448 2239 3485 τον
2269 3433 2611 3508 κατακρύψει
2641 3451 2738 3490 σου
2780 3436 3074 3507 σκήνωμα;
3115 3438 3185 3490 Ἦ
3230 3437 3446 3503 πάντως
3491 3439 3725 3510 ἐκάλυψε

2153 3524 2250 3595 μέν
2310 3541 2403 3580 σου
2457 3530 2582 3592 τοὺς
2631 3529 2939 3598 ὀφθαλμοὺς
2973 3528 3245 3583 θάλασσα’
3308 3531 3633 3599 ἐνεταφίασε
3673 3529 3725 3584 δὲ

2149 3615 2336 3686 βυθός·
2375 3621 2468 3674 καὶ
2488 3620 2698 3691 γαστὴρ
2735 3620 2928 3690 ἰχθύων
2959 3621 3114 3692 σορός
3135 3638 3219 3674 σοι
3257 3621 3490 3690 ἐγένετο.

2216 3705 2318 3768 ΧΠ
2349 3713 2504 3767 Οὕτω
2523 3709 2664 3766 δὀὗν
2695 3713 3044 3782 κοπτομένων
3062 3713 3170 3765 τῶν
3189 3714 3450 3767 τεκόντων
3483 3714 3573 3767 τὸν
3594 3714 3722 3786 θρῆ-

2145 3813 2256 3864 νον,
2302 3800 2409 3854 τῶν
2453 3802 2630 3854 ἐκεῖσε
2663 3801 3020 3854 συνελθόντων
3059 3803 3240 3866 τινὲς,
3279 3803 3432 3874 μόλις
3468 3804 3598 3857 ποτὲ
3627 3804 3718 3856 τοῦ

2147 3893 2343 3965 θρήνου
2374 3893 2578 3947 ἀνεῖναι
2608 3893 2833 3958 τούτους
2866 3893 3178 3947 πεπείκασι.
3203 3897 3310 3949 Καὶ
3342 3895 3404 3966 δὴ
3424 3898 3523 3967 τῆς
3551 3899 3717 3966 οίμω-

2145 3984 2249 4054 γῆς
2274 3984 2375 4037 κᾶν
2410 3985 2545 4056 πρὸς
2575 3984 2752 4054 ὀλίγον
2787 3986 3140 4054 παυσάμενοι,
3162 3986 3341 4039 οἴκαδε
3363 3986 3584 4058 ᾤχοντο.
3610 3986 3715 4040 Τοῦ

2144 4069 2235 4126 οὖν
2278 4074 2469 4145 χρόνου
2518 4075 2967 4146 προοδεύσαντος,
3005 4077 3097 4128 καὶ
3153 4076 3260 4129 τῶν
3287 4078 3384 4147 τῆς
3431 4077 3525 4130 τοῦ
3562 4079 3715 4145 ἁγίου

2147 4167 2362 4237 μνήμης
2383 4167 2602 4238 ἡμερῶν
2625 4167 3063 4234 καταλαϐουσῶν,
3084 4169 3258 4222 τοιάδε
3288 4169 3422 4240 πρὸς
3455 4170 3714 4241 ἀλλήλους

2143 4257 2361 4326 ἔλεγον,
2412 4260 2492 4322 είς
2518 4259 2821 4330 ἀνάμνησιν
2861 4260 2955 4313 τοῦ
2995 4261 3122 4314 ἰδίου
3169 4261 3358 4314 τέκνου
3406 4261 3708 4331 γενόμενοιο

2141 4347 2310 4419 Δεῦρο
2341 4349 2404 4420 δὴ
2439 4349 2532 4402 καὶ
2556 4349 2910 4420 πορευθῶμεν
2933 4350 3068 4422 πρὸς
3097 4351 3187 4404 τὸν
3220 4352 3403 4418 ἆγιον,
3449 4352 3524 4414 ὡς
3568 4352 3632 4404 ἂν
3668 4354 3718 4406 εί

2141 4440 2242 4493 πού
2267 4458 2318 4493 τι
2339 4441 2607 4510 λείψανον,
2623 4443 2760 4512 ὅπερ
2782 4442 3056 4505 ἀδύνατον,
3085 4442 3380 4513 ὑπελείφθη
3401 4443 3496 4497 τοῦ
3522 4443 3711 4497 τέκνου

475 4535 670 4581 sancto
692 4531 1086 4587 contendamus
1111 4533 1353 4603 judicio;
1377 4537 1461 4590 vel
1495 4547 1548 4593 et
1572 4538 1708 4596 forte
1740 4514 2040 4600 moriamur

2158 4531 2298 4602 quiin;
2329 4530 2637 4602 λαϐώμεθα,
2672 4533 2766 4584 καὶ
2791 4532 2880 4585 τὸν
2914 4533 3067 4599 ἅγιον
3097 4531 3472 4603 δικασώμεθα,
3505 4534 3559 4586 εί
3595 4549 3712 4596 πως

473 4619 612 4682 illic.
644 4622 836 4678 mortis
868 4625 1022 4694 pueri
1054 4628 1370 4696 participes.
1405 4627 1529 4684 Haec
1559 4633 1744 4702 itaque
1771 4635 2034 4704 dicentes.

474 4711 718 4766 nondum
743 4713 896 4770 ﬁnito
919 4731 1172 4770 sermone
1193 4756 1208 4780 ,
1246 4717 1636 4786 profectionem
1684 4724 2031 4784 iuchoarunt.

467 4801 722 4873 Cumque
771 4808 1130 4863 accessissent
1155 4847 1170 4873 ,
1223 4820 1276 4864 et
1318 4813 1383 4866 ad
1420 4813 1596 4867 locum
1638 4821 2032 4884 pervenissent,

469 4903 638 4964 atque
669 4900 1070 4954 retrocessisset
1095 4918 1279 4967 mare;
1311 4903 1420 4958 Deo
1450 4905 1530 4960 sic
1545 4909 1709 4962 etiam
1733 4909 2035 4968 honorante

473 4994 766 5056 martyrem
791 5030 806 5054 ,
836 4991 994 5058 primi
1033 4991 1086 5045 in
1119 4993 1447 5062 profundum
1475 4997 1801 5066 insilierunt,
1833 5003 2033 5057 stimu-

471 5077 619 5132 lante
644 5080 736 5132 ﬁlii
760 5081 1065 5137 desiderio:
1095 5099 1300 5154 eosque
1324 5101 1559 5158 sequens
1589 5090 1878 5146 multitudo
1909 5110 2034 5163 per—

467 5171 646 5240 gebat.

537 5329 651 5386 XII.
691 5331 760 5386 Et
807 5349 929 5389 cum
985 5333 1056 5390 ad
1105 5336 1252 5391 omni
1299 5297 1447 5393 cultu
1496 5339 1719 5408 dignum
1778 5343 2031 5413 martyris

2139 4624 2233 4676 καὶ
2264 4621 2531 4692 θανοῦμεν
2552 4623 2751 4684 ἐκεῖσε,
2787 4623 2864 4693 τῷ
2904 4622 3120 4693 θανάτῳ
3154 4622 3248 4675 τοῦ
3289 4623 3473 4688 παιδὸς
3517 4642 3707 4678 κοινω-

2137 4717 2414 4787 νήσαντες.
2453 4715 2616 4768 Ταῦτ’
2647 4712 2740 4770 οῦν
2769 4701 3032 4779 εἰπόντες,
3056 4715 3206 4768 οὔπω
3237 4716 3386 4780 τέλος
3417 4717 3708 4796 τοῖςιλεγο-

2139 4805 2321 4876 μένοις
2349 4805 2646 4870 τεθείκασι,
2694 4806 2788 4859 καὶ
2819 4807 2918 4875 τὴν
2967 4807 3192 4877 πορείαν
3225 4807 3558 4882 ἀπήρξαντρ.
3599 4807 3708 4861 Καὶ

2132 4895 2196 4967 δὴ
2230 4897 2682 4967 παραγεγονότες,
2718 4899 2809 4951 καὶ
2839 4898 2929 4950 τὸν
2965 4899 3129 4950 τόπον
3171 4898 3579 4964 καταλαΰόντες,
3616 4900 3707 4952 καὶ

2131 4987 2233 5057 τῆς
2287 4987 2558 5058 θαλάσσης
2620 4989 3086 5060 ύποχωρησάσης,
3129 4990 3392 5060 τιμῶντος
3433 4990 3524 5044 τοῦ
3569 4989 3704 5044 Θεοῦ

2135 5076 2413 5131 κάνταῦθα
2440 5077 2530 5130 τὸν
2567 5077 2838 5149 μάρτυρα,
2868 5077 2946 5148 τῷ
2968 5078 3062 5131 τοῦ
3091 5079 3284 5132 τέκνου
3329 5079 3476 5150 πόθῳ
3519 5079 3704 5134 δακνό-

2135 5184 2304 5237 μενοι,
2338 5168 2644 5240 πρῶτοιτῷ
2679 5168 2824 5239 βυθῷ
2859 5170 3251 5242 εἰσεπήδησαν·
3287 5171 3618 5242 ἐφεπόμενόν
3642 5189 3700 5225 τε

2129 5259 2338 5322 τούτοις
2367 5259 2428 5312 τὸ
2457 5259 2658 5331 πλῆθος
2677 5261 2967 5332 ἐπήρχετο.

2200 5351 2312 5406 XII.
2339 5353 2448 5407 Καὶ
2478 5353 2542 5423 δὴ
2576 5354 2668 5406 τὸν
2705 5353 3011 5407 πάνσεπτον
3041 5353 3162 5408 ναὸν
3198 5355 3585 5422 καταλαϐόντες
3604 5356 3697 5410 τοῦ

1725 5461 1958 5518 VARUS
1998 5466 2398 5525 LECTIONES.

535 5535 656 5631 ξ”ξδ
669 5535 762 5618 δῖα
779 5537 1086 5631 ιεῃθηάμιη,
1104 5557 1212 5631 πρυ]
1241 5545 1544 5631 ἐκτείνασα,
1565 5557 1622 5602 ut
1641 5550 1883 5631 ediderat
1906 5557 2225 5625 Cotelerius,
2249 5561 2344 5631 qui
2358 5570 2589 5616 verterat
2613 5562 2862 5622 extensis,
2879 5576 3053 5631 neque
3070 5561 3212 5614 enim
3233 5562 3414 5615 Graece
3433 5563 3694 5616 ἐκτείνειν

460 5601 773 5686 ὀφθαλμούς
815 5601 1038 5686 illan-ris,
1071 5601 1160 5668 Sed
1188 5615 1440 5686 ἐντείνειν
1460 5657 1474 5681 ,
1505 5601 1768 5674 intendere
1795 5661 1808 5684 ,
1850 5641 1955 5679 non
1986 5601 2700 5686 'ZEeZE’e’rZ'ZJIoI'clm.

2780 5633 2824 5662 ²⁵
2859 5632 2930 5684 al.
2965 5629 3171 5684 τοῦτον.
3251 5634 3295 5663 ³⁸
3328 5631 3507 5696 Ποίοις
3542 5635 3693 5685 ποσὶν

465 5672 806 5752 ὗποσζτρέιὲιω·
843 5672 1033 5759 Mitllls'
1068 5685 1353 5772 commode
1387 5672 1648 5769 conversa
1673 5672 1808 5772 sunt,
1831 5695 1942 5748 lucc
1981 5698 2120 5766 apud
2149 5699 2391 5756 Sui-ium.
2430 5672 2662 5757 S'rdvnos
2696 5719 2800 5756 non
2826 5701 3130 5757 solemusin
3156 5672 3688 5772 ﬁdcm'ltttcrpretum

463 5750 737 5813 Inquircre
763 5764 777 5800 :
803 5750 1058 5804 enitimur
1081 5753 1273 5806 melius
1299 5753 1655 5826 interpretari.
1687 5762 1819 5818 Cor.
1865 5767 1906 5794 "
1941 5750 2307 5834 αιῖόανόνξρξξ
