4066 6140
330 293 427 347 «ιιι

841 283 1148 339 EPIIRAIM
1187 281 1575 337 CHERSONIS
1613 277 1931 333 ARCHIEP.
1973 277 2060 332 DE
2100 278 2459 335 MIRACULO
2500 281 2562 336 S.
2604 277 3010 336 CLEMENTIS.

3462 279 3568 334 ωε

333 403 642 475 μάρτυρος,
673 391 718 451 ὧ
745 397 837 451 τοῦ
873 397 1176 468 θαύματοςί
1224 396 1392 467 ὁρῶσι
1425 398 1485 447 τὸ
1533 393 1662 447 ἴδιον
1711 392 1900 444 τέκνον

2021 393 2264 462 ,εηιριιηη
2298 395 2710 463 pervenissent,
2739 414 2772 453 ο
2797 399 3156 454 miraculum!
3184 397 3370 452 vident
3397 398 3568 454 ﬁlium

331 494 439 556 ζῶν
468 493 564 545 καὶ
605 487 826 560 φαιδρὸν
856 489 950 541 καὶ
993 488 1304 558 άλλόμενον.
1347 486 1433 548 Ὠς
1464 485 1520 537 δέ
1562 486 1620 537 ἐν
1664 483 1903 552 θαύμασι

332 583 518 654 θαῦμα
538 579 938 652 περιτυχόντες,
974 577 1341 646 ἐκπλαγέντες
1367 593 1426 628 τε
1455 573 1533 646 τῷ
1554 572 1774 643 ἐξαισίῳ
1805 589 1902 644 με-

331 673 766 746 γαλουργήματι,
793 670 986 742 πρῶτα
1008 669 1104 740 μὲν
1125 669 1187 722 τὸ
1213 667 1354 721 θεῖον
1370 666 1650 737 ἐγέραιρον
1665 681 1678 694 ο
1717 663 1906 716 ἔπειτα

331 766 388 818 δὲ
413 765 504 818 τὸν
541 764 792 836 μάρτυρα
825 759 1252 834 εὖχαριστηρίοις
1273 761 1474 828 φωναῖς
1496 751 1865 824 ἐπευφήμιζον
1889 767 1906 782 ·

333 853 454 910 εἶτα
485 855 563 926 τῷ
594 854 701 925 νέῳ
720 852 1000 915 ἐπύθοντο,
1026 851 1144 914 πῶς
1188 850 1487 912 σέσωσται,
1521 845 1668 908 τίνος
1706 843 1907 912 ζωογο-

331 946 564 1010 νοῦντος,
587 945 730 1008 τίνος
768 943 1163 1016 φυλάσσοντος,
1201 941 1296 994 καὶ
1320 938 1464 1002 τίνος
1493 937 1801 1009 τρέφοντος.
1849 932 1906 986 '0

334 1036 393 1091 δέ
414 1055 478 1107 γε
507 1039 655 1101 παῖς,
689 1039 756 1108 τῇ
783 1036 881 1106 μὲν
913 1037 1011 1106 μιᾷ
1035 1035 1178 1106 χειρὶ
1221 1030 1466 1101 κατέχων
1509 1031 1609 1100 τὴν
1637 1027 1903 1100 λάρνακα,

335 1130 402 1199 τῇ
430 1127 487 1180 δέ
525 1125 689 1196 ἑτέρᾳ
730 1122 1184 1177 δακτυλοδεικτῶν
1224 1121 1316 1173 τὸν
1361 1119 1572 1174 ἔνδοθεν
1621 1117 1906 1188 κείμενον,

335 1219 448 1278 τοῖς
475 1214 749 1286 ἐρωτῶσιν
781 1213 1219 1284 ἀνταπεκρίνετοσ
1252 1205 1419 1273 Οὖτός
1455 1227 1555 1280 μου
1594 1207 1732 1281 μετὰ
1775 1207 1908 1260 Θεὸν

337 1311 431 1364 καὶ
461 1307 576 1380 ζωὴ
603 1309 698 1362 καὶ
716 1307 911 1380 τροφὴ,
959 1308 1050 1360 καὶ
1081 1305 1190 1358 τῶν
1226 1307 1283 1358 ἐν
1319 1305 1386 1375 τῇ
1427 1303 1670 1375 Θαλάσσῃ
1703 1301 1908 1372 Θηρίων

339 1403 664 1474 ἀμυντήριον
701 1401 971 1470 ἐγεγόνειο
1011 1395 1164 1462 οὖτός
1182 1415 1248 1470 με
1299 1397 1420 1452 καθ’
1451 1394 1686 1466 ἑκάστην
1723 1391 1908 1462 ἐτιθη-

340 1497 479 1548 νεῖτο
521 1493 895 1565 λαμπρότατα.

2006 499 2166 537 stnnn
2207 484 2475 538 viventem
2528 501 2593 540 ac
2651 488 2833 541 laetum
2873 499 3035 557 atque
3085 490 3448 545 exsilientem.
3500 488 3573 545 Ut

2005 591 2135 630 vero
2167 577 2220 630 in
2247 577 2531 633 miraculis
2563 579 2890 634 miraculum
2921 580 3286 650 offenderunt,
3317 582 3575 652 obstupe-

2006 675 2221 720 seentcs
2269 681 2434 735 super
2491 683 2691 736 magno
2730 669 3042 740 eximioque
3091 686 3283 740 opere,
3332 673 3571 742 primum

2005 754 2225 823 quidem
2256 753 2368 810 Deo
2394 755 2657 812 honorem
2681 756 2983 824 dederunt;
3019 760 3214 814 deinde
3251 777 3379 815 vero
3419 777 3568 816 mar-

2007 853 2180 914 tyrem
2209 847 2695 903 acclamationibus
2726 857 2780 904 et
2801 849 3096 918 gratiarum
3114 850 3420 906 actionibus
3441 866 3574 920 pro-

2007 939 2182 994 secuti
2230 952 2378 996 sunt.
2434 939 2630 996 Postea
2687 943 3087 998 adolescentem
3151 944 3576 1014 interrogarunt.

2007 1046 2118 1101 quo
2145 1039 2305 1102 pacto
2350 1042 2599 1089 servatus
2650 1035 2868 1101 luisset,
2899 1051 3141 1106 quonam
3178 1036 3347 1090 vitam
3391 1035 3580 1098 dante,

2009 1139 2251 1191 quonam
2306 1124 2674 1192 custodiente,
2717 1136 2773 1182 et
2805 1143 3046 1197 quonam
3085 1127 3378 1184 nutriente.
3438 1129 3583 1184 Puer

2009 1222 2214 1280 autem,
2246 1229 2353 1268 una
2389 1215 2610 1285 quidem
2647 1231 2813 1271 manu
2849 1224 3041 1272 tenens
3077 1233 3288 1284 arcam,
3313 1220 3420 1275 alia
3451 1236 3585 1275 vero

2011 1303 2261 1359 indicans
2283 1305 2454 1376 digito
2493 1322 2622 1360 eum
2649 1306 2744 1376 qui
2792 1306 2941 1363 intus
2965 1308 3206 1377 jacebat,
3236 1311 3583 1382 interrogan-

2009 1396 2159 1452 tibus
2188 1396 2432 1452 vicissim
2487 1398 2804 1467 respondit:
2849 1396 2949 1454 llic
3000 1399 3132 1453 mihi
3166 1411 3288 1468 post
3331 1400 3502 1456 Deum
3531 1415 3585 1459 et

2011 1489 2143 1556 vita,
2176 1499 2230 1543 et
2265 1487 2608 1554 alimentum,
2653 1497 2708 1543 et
2760 1484 3025 1544 adversus
3077 1489 3321 1545 marinas
3375 1492 3586 1547 belluas

2011 1581 2485 1650 propugnaculum
2533 1580 2770 1635 exstitit:
2799 1580 2890 1636 hic
2925 1594 3012 1634 me
3057 1579 3302 1650 quotidie
3338 1583 3584 1654 splendi-

2014 1673 2240 1728 dissime
2268 1673 2598 1727 nutricabal.

408 1778 544 1833 Xlll.
577 1779 641 1833 0i
673 1777 828 1834 δὀὖν
862 1779 1134 1843 τεκόντες,
1173 1777 1370 1848 θάμϐει
1409 1778 1502 1832 καὶ
1527 1779 1671 1849 χαρᾷ
1708 1793 1907 1847 συσχε-

2077 1765 2220 1822 Xlll.
2251 1765 2512 1822 Parentes
2538 1775 2746 1830 autem,
2769 1769 3132 1826 admiratione
3169 1787 3234 1826 ac
3263 1771 3449 1828 laetitia
3481 1773 3580 1827 de-

340 1871 542 1936 θέντες,
570 1875 637 1943 τῇ
663 1888 723 1924 τε
749 1870 928 1924 πίστει
967 1871 1128 1924 πλέον
1158 1868 1542 1940 βεϐαιωθέντες
1568 1868 1662 1921 τοῦ
1699 1868 1910 1938 μάρτυ-

343 1981 456 2036 ρος,
481 1959 622 2018 δι’οὖ
651 1964 741 2017 τὸν
755 1963 944 2036 νεκρὸν
969 1961 1288 2034 νομισθέντα
1324 1961 1436 2015 υἱὸν
1471 1959 1646 2026 ζῶντα
1687 1960 1911 2031 ἀπείλη-

340 2070 468 2121 φεν»
507 2054 634 2115 τοὺς
667 2052 963 2124 προτέρους
999 2050 1226 2123 θρήνους
1262 2051 1344 2112 εἰς
1373 2047 1722 2119 εὐχαριστίαν
1759 2045 1913 2118 ἐτρέ-

338 2143 528 2212 ψαντο,
558 2141 733 2195 τοιάδε
763 2143 842 2212 τῷ
870 2141 1008 2212 ἁγίῳ
1023 2138 1406 2210 ἐπιϐοώμενον
1451 2138 1538 2201 Ὧς
1565 2137 1779 2208 ἀληθῶς
1805 2137 1913 2207 ἄρα

342 2233 679 2303 θαυμαστὸς
701 2237 741 2288 d‘
758 2233 901 2299 Θεὸς
919 2233 990 2287 ἐν
1005 2232 1129 2297 τοῖς
1146 2231 1336 2299 ἁγίοις
1353 2228 1558 2294 αὐτοῦ,
1575 2229 1668 2281 καὶ
1687 2227 1915 2296 θέλημα

341 2323 458 2378 τῶν
489 2323 872 2394 φοΰουμένων
898 2323 1084 2377 αὑτὸν
1126 2320 1330 2387 ποιῶν,
1376 2318 1474 2374 καί
1515 2318 1626 2387 τῆς
1653 2316 1916 2384 δεήσεως

339 2411 537 2466 αὐτῶν
567 2413 916 2466 είσακούων.
955 2412 1204 2474 Ἕσωσας
1236 2409 1423 2481 ἡμῶν,
1459 2408 1635 2478 ’Ἀγιε,
1655 2407 1747 2461 τὸν
1779 2407 1912 2472 υἱὸν,

341 2500 631 2564 ἀπέδωκας
653 2501 782 2571 ἡμῖν
829 2499 925 2554 τὸν
960 2501 1060 2553 οὐκ
1079 2499 1451 2569 ἐλπιζόμενον.
1479 2494 1552 2551 ’Ὦ
1587 2497 1783 2569 οὖρανὲ
1823 2497 1918 2550 καὶ

342 2591 436 2662 γῆ,
453 2591 630 2645 καὶσὺ
654 2590 800 2660 βυθὲ,
823 2593 851 2644 ό
867 2591 994 2661 πρὶν
1011 2591 1099 2660 ὑφ’
1117 2589 1272 2661 ήμῶν
1295 2589 1669 2662 ἐπαρώμενος,
1694 2587 1916 2658 ἕκστηθι

343 2682 422 2753 τῷ
459 2682 598 2754 ὑπὲρ
627 2681 786 2752 φύσιν
809 2682 983 2753 τούτῳ
1012 2681 1508 2754 μεγαλουργήματι.
1535 2682 1717 2744 ’Ἰλεως
1743 2681 1799 2733 δὲ
1825 2679 1919 2734 καὶ

346 2774 508 2838 αὐτὸς
539 2773 698 2842 γενοῦ
717 2814 732 2839 ,
763 2773 884 2842 ἆγιε
903 2814 918 2840 ,
954 2768 1030 2826 ὧν
1065 2773 1202 2845 πρὸς
1247 2773 1306 2826 σὲ
1336 2777 1402 2844 τῇ
1442 2772 1612 2842 θλίψει
1645 2769 1918 2844 τρυχόμε-

343 2884 426 2920 νοι
459 2865 776 2936 ἐπράξαμέν
802 2883 862 2918 τε
890 2865 984 2918 καὶ
1000 2867 1223 2936 εἴπομεν
1243 2883 1254 2893 ·
1285 2865 1360 2935 μὴ
1377 2863 1774 2926 ἁνταποδώσεις
1788 2863 1922 2932 ἡμῖν

343 2958 442 3033 τὴν
468 2957 575 3012 τῶν
605 2956 962 3028 βλασφημιῶν
1004 2957 1378 3011 ἀνταπόδοσιν.
1416 2956 1680 3010 Τὸνυὶὸν
1717 2953 1926 3009 ἁπελὰ-

346 3048 533 3120 6ομεν,
565 3051 655 3102 τὸν
687 3049 878 3120 νεκρὸν
911 3048 996 3101 διὰ
1027 3047 1120 3100 σοῦ
1149 3048 1244 3101 νῦν
1270 3047 1580 3101 ἀναστάντα
1603 3043 1920 3116 ἐδεξάμεθα,

2013 1857 2170 1922 tenti,
2205 1857 2344 1912 etin
2401 1857 2505 1912 ﬁde
2557 1859 2816 1930 martyris
2868 1863 3044 1933 magis
3096 1863 3405 1918 conllrmati
3434 1901 3449 1929 ,
3489 1881 3590 1934 per

2012 1962 2172 2017 quem
2221 1947 2392 2002 lilium
2429 1963 2592 2018 quem
2620 1960 2946 2018 putaverant
2987 1963 3286 2021 inortuum,
3310 1957 3584 2013 viventem

2014 2044 2353 2103 receperant,
2393 2037 2608 2106 priores
2647 2037 2828 2094 luctus
2873 2040 2928 2094 in
2980 2043 3281 2111 gratiarum
3315 2045 3592 2101 actionem

2013 2135 2425 2192 converterunt,
2469 2128 2709 2197 taliaque
2738 2129 3113 2186 acclamarunt
3145 2144 3371 2190 sancto:
3409 2135 3590 2201 Quam

2015 2231 2142 2270 vere
2165 2217 2353 2288 utique
2381 2220 2644 2274 mirabilis
2674 2220 2816 2275 Deus
2841 2224 2893 2276 in
2924 2226 3122 2279 sancris
3161 2227 3270 2279 suis
3310 2239 3359 2292 ι,
3396 2237 3449 2283 et
3493 2243 3588 2283 oo-

2017 2306 2273 2362 luntatem
2309 2311 2604 2364 timentium
2636 2329 2691 2365 se
2717 2313 2936 2380 faciem,
2965 2316 3479 2388 deprecationemque
3500 2335 3587 2372 eo-

2019 2417 2132 2452 rum
2163 2403 2450 2456 exaudiens
2473 2403 2520 2457 b.
2570 2402 2828 2471 Servasti,
2860 2416 3066 2472 sancte,
3097 2409 3266 2462 lilium
3299 2420 3546 2465 nostrum
3573 2428 3594 2477 ;

2018 2491 2300 2548 reddidisti
2349 2495 2506 2550 nobis
2537 2511 2699 2565 quem
2732 2511 2841 2550 non
2887 2499 3266 2566 sperabamus.
3316 2499 3362 2555 Ο
3393 2502 3598 2556 malum

2017 2594 2071 2638 et
2095 2594 2257 2650 terra,
2293 2597 2460 2656 tuque
2485 2604 2685 2660 gurges
2716 2590 2870 2659 prius
2900 2607 2930 2645 a
2965 2592 3124 2647 nobis
3168 2603 3470 2660 exsecrata,
3495 2596 3599 2650 ob—

2019 2687 2269 2748 stupesce
2287 2695 2451 2748 super
2479 2681 2582 2736 hoc
2603 2690 2854 2737 naturam
2877 2685 3170 2740 excedente
3189 2701 3386 2756 magno
3407 2702 3592 2756 opere.

2021 2769 2156 2826 Esto
2178 2781 2358 2826 autem
2393 2780 2450 2826 tu
2498 2789 2741 2844 quoque,
2795 2791 2830 2830 o
2877 2786 3084 2841 sancte,
3117 2779 3405 2847 propitius,
3441 2779 3494 2833 in
3529 2778 3602 2834 iis

2022 2877 2144 2930 quae
2167 2871 2356 2916 contra
2385 2872 2435 2917 te
2469 2863 2762 2920 amictione
2788 2868 3009 2923 contriti
3040 2883 3168 2923 cum
3199 2867 3449 2934 fecimus,
3481 2880 3594 2924 tum

2025 2955 2299 3010 diximus:
2346 2971 2414 3010 ne
2445 2959 2720 3014 retribuas
2765 2960 2927 3014 nobis
2973 2960 3346 3016 conviciorum
3370 2962 3604 3017 retribu~

2030 3045 2252 3100 tionem.
2283 3043 2484 3098 Filium
2511 3049 2976 3117 recuperavimus,
3016 3061 3291 3105 mortuum
3329 3067 3475 3106 nunc
3504 3068 3600 3120 per

343 3143 444 3213 τὴν
471 3141 563 3193 τοῦ
591 3141 777 3212 γήρως
809 3139 1107 3212 βακτηρίαν
1145 3142 1210 3211 σῇ
1246 3139 1466 3211 βοηθείᾳ
1502 3139 1665 3191 πάλιν
1701 3138 1917 3208 ἔχομεν.

2027 3149 2076 3192 te
2107 3138 2430 3192 suscitatum
2473 3141 2805 3208 accepimus,
2862 3142 3118 3196 baculum
3172 3146 3468 3198 senectutis
3501 3154 3595 3199 tuo

346 3232 413 3285 Τί
439 3232 504 3285 τά
553 3231 721 3284 πολλὰ
755 3231 1024 3302 λέγομεν;
1054 3231 1145 3284 τὸν
1185 3232 1246 3283 οὐ
1272 3232 1568 3302 τριήμερον
1598 3229 1712 3282 ἀλλ’
1742 3228 1922 3281 ἐνιαύ-

350 3340 462 3377 σιον
487 3323 696 3395 νεκρὸν,
743 3323 838 3376 καὶ
876 3323 938 3375 οὐ
977 3321 1109 3393 λίθῳ
1156 3321 1271 3375 ἀλλ’
1303 3321 1453 3374 ὕδατι
1495 3321 1920 3392 καλυπτόμενον,

349 3416 444 3469 καὶ
473 3416 571 3486 οὐχ
597 3414 702 3467 ὑπὸ
733 3413 1048 3484 σκωλήκων,
1083 3411 1119 3466 ἃ
1149 3414 1247 3484 τῆς
1269 3413 1362 3464 τοῦ
1395 3411 1641 3482 σώματός
1679 3414 1794 3465 ἐστι
1820 3411 1924 3482 φύ-

352 3524 488 3570 σεως
523 3507 630 3560 ﬁta
652 3546 668 3571 ,
697 3503 1109 3576 δαπανηθέντα,
1161 3505 1298 3558 ἀλλὰ
1334 3503 1425 3558 τὸν
1472 3505 1576 3557 ὑπὸ
1621 3505 1816 3575 ἰχθύων
1850 3507 1927 3569 ὡς

350 3601 675 3672 ἐνομίσαμεν
729 3599 1168 3672 καταϐρωθέντα,
1223 3599 1358 3651 σῶον
1409 3599 1496 3651 διὰ
1535 3598 1628 3652 σοῦ
1660 3599 1928 3653 ἁπελάόο-

355 3708 472 3764 μεν.
504 3689 645 3761 Εὖγε
668 3692 768 3763 τῆς
788 3691 1028 3763 χάριτος,
1058 3687 1184 3759 εὖγε
1220 3691 1318 3763 τῆς
1338 3691 1512 3763 δόξης,
1550 3687 1678 3761 εὖγε
1710 3693 1809 3764 τῆς
1835 3693 1927 3747 δυ-

350 3786 568 3856 νάμεως
607 3787 700 3840 καὶ
719 3786 818 3857 τῆς
849 3785 1169 3857 εὐεργεσίας
1218 3802 1330 3848 σου,
1366 3784 1508 3852 ἆγιε.
1550 3783 1703 3839 Οὕτω
1748 3786 1928 3840 τοίνυν

349 3879 443 3932 τὸν
474 3879 625 3947 ἅγιον
657 3878 793 3949 μετὰ
819 3877 1067 3950 δακρύων
1100 3879 1610 3948 ἐπευφημήσαντες,
1647 3877 1738 3932 τὸν
1767 3880 1932 3934 παῖδα

355 3969 835 4043 ἁράμενοι,οἴκαδε
870 3970 1252 4042 παρεγένοντο,
1273 3970 1406 4021 πᾶσι
1442 3969 1503 4021 τὸ
1537 3968 1720 4042 θαῦμα
1751 3971 1932 4044 ἐκδιη-

351 4059 455 4127 γοῦ
464 4076 632 4130 μενοι.

424 4149 564 4206 XIV.
597 4150 660 4204 Τί
695 4146 786 4205 οὖν
836 4151 970 4224 πρὸς
1011 4151 1181 4204 ταῦτα
1225 4152 1319 4204 καὶ
1368 4152 1812 4224 παρισώσαιμεν;
1841 4155 1932 4210 τὸν

371 4243 558 4297 ’Ἠλίαν
579 4243 710 4313 φασί
743 4261 872 4296 ποτε
890 4245 980 4296 τὸν
1011 4244 1203 4314 νεκρὸν
1233 4243 1409 4307 ζῶντα
1443 4245 1557 4297 υἱὸν
1580 4247 1646 4315 τῇ
1685 4245 1788 4316 ἰδίᾳ
1802 4247 1935 4300 ἀπο-

357 4335 540 4390 δοῦναι
568 4336 763 4407 μητρί⁸
794 4336 821 4388 ὃ
876 4337 1017 4407 μέγα
1055 4354 1116 4389 τε
1159 4337 1393 4408 ὑπάρχει
1441 4337 1537 4390 καὶ
1581 4337 1936 4408 ὖπερθαύμα-

2022 3229 2229 3284 auxilio
2292 3229 2487 3282 iterum
2565 3230 2850 3286 habemus.
2898 3231 3039 3301 Quid
3099 3234 3332 3289 dicimus
3395 3235 3610 3290 multa?
3682 3220 3688 3226 ’

2024 3336 2132 3372 non
2175 3320 2488 3374 triduanum
2523 3321 2614 3376 sed
2648 3338 2889 3378 annuum
2923 3333 3228 3390 mortuum,
3279 3340 3379 3380 nec
3423 3327 3600 3396 lapide

2025 3411 2119 3464 sed
2147 3426 2288 3478 aqua
2323 3411 2624 3476 obtectum,
2660 3429 2761 3468 nec
2793 3429 2824 3467 a
2853 3415 3129 3468 vermibus
3161 3414 3318 3484 juxta
3353 3417 3600 3484 corporis

2027 3508 2280 3553 naturam
2313 3512 2722 3572 consumptum,
2761 3502 2854 3557 sed
2886 3518 2916 3556 a
2949 3503 3192 3573 piscibus
3245 3512 3304 3557 ut
3348 3505 3598 3559 arbitrati

2027 3606 2220 3646 sumus
2256 3591 2597 3657 devoratum,
2636 3591 2844 3646 salvum
2875 3607 2970 3662 per
3003 3601 3052 3647 te
3079 3593 3409 3664 recepimus.
3449 3595 3602 3664 Euge

2028 3683 2298 3752 gratiam;
2331 3698 2467 3753 euge
2492 3682 2756 3754 gloriam;
2789 3699 2928 3755 euge
2966 3686 3266 3754 potentiam
3306 3693 3359 3740 et
3397 3686 3608 3742 beneli-v

2029 3776 2175 3848 cium
2206 3785 2358 3830 tuum
2387 3818 2402 3843 ,
2441 3791 2474 3830 ο
2517 3785 2722 3832 sancte.
2770 3775 2884 3833 Hoc
2932 3778 3096 3849 igitur
3147 3778 3307 3834 modo
3349 3790 3599 3835 sanctum

2031 3883 2153 3921 cum
2183 3867 2442 3937 lacrymis
2464 3876 2518 3921 et
2547 3867 3034 3924 acclamationibus
3052 3870 3349 3940 prosecuti,
3367 3887 3596 3941 puerum

2031 3957 2302 4022 tollentes,
2363 3973 2620 4015 revenere
2680 3959 2945 4029 domum,
2997 3962 3221 4018 cunctis
3271 3963 3606 4019 miraculum

2032 4057 2372 4102 cnarranlcs.

2100 4138 2242 4194 XIV.
2304 4141 2445 4206 Quid
2499 4157 2630 4214 ergo
2679 4157 2806 4197 cum
2853 4143 2942 4199 his
2990 4143 3374 4202 conferemus?
3426 4147 3608 4204 Eliam

2034 4231 2187 4286 aiunt
2209 4233 2336 4288 olim
2368 4235 2535 4288 lilium
2566 4245 2840 4291 mortuum
2875 4237 3036 4290 matri
3074 4239 3306 4308 propria:
3333 4240 3608 4296 viventem

2034 4325 2335 4380 reddidisse
2362 4336 2424 4392 c;
2471 4327 2612 4396 quod
2647 4337 2699 4381 et
2723 4343 2978 4396 magnum
3016 4335 3102 4382 est
3137 4338 3191 4382 et
3228 4330 3382 4384 valde
3429 4333 3610 4385 admi-

362 4444 500 4481 στον.
563 4427 723 4480 Ἀλλὰ
771 4428 864 4480 καὶ
894 4427 972 4498 τῷ
1014 4427 1316 4481 Ἐλισσαίου
1349 4427 1500 4489 ποτὲ,
1537 4429 1611 4490 ὡς
1637 4428 1920 4499 ἱστοροῦσι,

2037 4415 2228 4468 rabile.
2271 4413 2374 4469 Sed
2411 4425 2464 4469 et
2503 4415 2773 4482 referunt,
2798 4417 2863 4471 ad
2889 4416 3055 4473 Elisei
3086 4419 3381 4488 aliquando
3423 4422 3602 4489 sepul—

365 4521 623 4590 μνήματι,
649 4518 754 4572 ὑπό
780 4535 942 4572 τινων
963 4519 1300 4589 ἀνδροφόνων
1326 4518 1650 4587 φονευθέντα
1677 4518 1817 4582 τινὰ,
1837 4519 1930 4571 καὶ

361 4611 420 4663 ἐν
448 4609 594 4680 αὖτῷ
629 4609 871 4680 ῥιφέντα,
906 4608 1068 4671 εὐθὺς
1108 4607 1466 4680 ἀνεγερθῆναι
1497 4627 1557 4662 τε
1590 4611 1685 4662 καὶ
1732 4610 1925 4679 ζῆσαιο

361 4701 391 4755 ὃ
419 4699 599 4772 μεῖζον
624 4700 719 4754 τοῦ
748 4700 1015 4771 προτέρου
1050 4701 1145 4754 καὶ
1165 4699 1561 4772 ἐξαισιώτερον.
1587 4701 1698 4754 Καὶ
1727 4702 1931 4773 Πέτρος

361 4794 418 4847 δέ
450 4796 506 4847 ἐν
548 4797 663 4856 τοῖς
701 4793 823 4846 καθ’
857 4794 1004 4864 ἡμᾶς
1026 4831 1040 4855 ,
1095 4795 1128 4865 ἡ
1175 4794 1283 4846 τῶν
1331 4793 1644 4847 ἀποστόλων
1679 4795 1927 4866 κορωνὶς,

359 4885 461 4952 τὴν
504 4883 883 4953 πτωχοτρόφον
919 4883 1131 4954 ἐκείνην
1176 4884 1350 4955 χήραν
1396 4883 1634 4937 Ταὸιθὰν
1668 4885 1933 4938 θανοῦσαν

361 4973 612 5044 αὖθωρον
644 4977 918 5045 προσευχῇ
946 4974 1318 5045 ὲξανέστησεν.
1351 4973 1533 5028 Ταῦτα
1565 4975 1662 5046 μὲν
1683 4971 1775 5029 οὖν
1805 4975 1934 5029 θαυ-

368 5063 549 5137 μαστὰ
581 5066 676 5119 καὶ
709 5065 1103 5137 ὖπέρλαμπρα·
1137 5066 1198 5119 τὸ
1225 5066 1283 5119 δὲ
1335 5067 1505 5137 παρὸν
1550 5065 1767 5137 θαῦμα,
1809 5068 1933 5120 ὅσον

363 5153 570 5208 τούτων
598 5155 1032 5226 ὺπερανέστηκεν
1051 5158 1063 5210 !

434 5245 551 5300 XV.
582 5247 692 5301 Καὶ
716 5249 818 5320 δρα
843 5266 932 5318 μοι
960 5249 1239 5320 προσέχων
1281 5249 1340 5302 τὸ
1377 5249 1642 5322 ὑπέροχον
1667 5249 1762 5304 τοῦ
1806 5251 1936 5305 θαύ-

369 5352 558 5408 ματος.
615 5337 672 5392 '0
702 5337 804 5408 μὲν
850 5338 1051 5404 Ἠλίας,
1083 5339 1159 5403 ὼς
1187 5340 1525 5412 προέφημεν,
1555 5340 1678 5411 ἄρτι
1712 5341 1937 5396 θανόντα

364 5428 458 5482 τὸν
478 5428 639 5484 παῖδα
666 5431 760 5482 καὶ
785 5428 940 5484 οὔπω
971 5431 1372 5502 καταψυχέντα,
1397 5431 1512 5485 ἀλλ’
1543 5431 1710 5486 είσέτι
1740 5432 1801 5486 τὸ
1825 5432 1940 5504 θερ-

372 5520 470 5593 μὸν
497 5522 594 5592 τῆς
617 5521 828 5590 φύσεως
855 5521 1204 5588 διασώζοντα,
1252 5524 1624 5596 ἐξανέστησεν.
1675 5523 1736 5576 Ἦ
1757 5523 1812 5576 δὲ
1844 5521 1937 5577 τοῦ

2035 4525 2189 4562 crum
2218 4509 2507 4578 quemdam
2528 4510 2596 4563 ab
2613 4509 2888 4578 aliquibus
2929 4511 3221 4566 homicidia
3257 4511 3601 4567 interfectum

2035 4613 2100 4652 ac
2122 4598 2174 4650 in
2199 4614 2264 4653 eo
2281 4599 2606 4668 projectum,
2623 4601 2809 4656 statim
2833 4602 3205 4658 resurrexisse
3227 4619 3292 4658 ac
3315 4604 3514 4660 vixisse
3541 4607 3567 4646 ἀ
3585 4623 3607 4659 :

2036 4689 2181 4759 quod
2210 4691 2394 4760 priore
2433 4691 2612 4761 majus
2661 4701 2744 4747 est
2773 4701 2940 4762 atque
2986 4695 3314 4750 mirabilius.
3369 4695 3434 4752 Et
3475 4713 3610 4752 vero

2039 4781 2180 4835 inter
2209 4797 2304 4836 eos
2333 4781 2426 4851 qui
2457 4781 2522 4836 ad
2551 4797 2652 4837 nos
2677 4783 2970 4851 pertinent,
2998 4783 3190 4840 Petrus
3229 4787 3608 4856 apostolorum

2035 4884 2243 4937 vertex,
2270 4875 2417 4929 illam
2451 4889 2752 4944 pauperum
2783 4877 3027 4932 altricem
3061 4879 3283 4934 viduam
3315 4881 3610 4938 Tabitham

2036 4975 2333 5031 mortuam,
2363 4966 2551 5020 eadem
2581 4965 2717 5020 hora
2738 4967 2991 5036 precibus
3013 4969 3300 5025 suscitavit
3324 4971 3393 5024 ad
3416 4972 3606 5030 vitam.

2038 5057 2168 5116 llaec
2202 5061 2451 5128 equidem
2484 5059 2759 5115 mirabilia
2790 5070 2918 5116 sunt
2965 5072 3020 5116 et
3069 5063 3230 5134 longe
3273 5065 3604 5120 clarissima.

2039 5151 2108 5206 At
2137 5165 2375 5220 praesens
2416 5150 2742 5206 miraculum
2768 5161 3036 5222 quantum
3073 5169 3137 5209 ea
3175 5156 3496 5225 exsuperat!

2113 5241 2230 5297 XV.
2261 5242 2327 5296 Et
2348 5244 2471 5298 vide
2495 5244 2628 5298 mihi
2651 5254 2814 5314 atque
2845 5246 3136 5302 considera
3160 5248 3408 5303 miraculi
3434 5249 3608 5304 excel-

2039 5335 2280 5390 lentiam.
2332 5333 2482 5391 Elias
2529 5336 2749 5405 quidem
2777 5378 2792 5404 ,
2829 5351 2895 5392 ut
2945 5348 3071 5393 ante
3119 5339 3385 5406 diximus,
3441 5340 3610 5394 modo

2039 5437 2314 5482 mortuum
2345 5443 2596 5497 puerum,
2625 5431 2829 5500 quique
2864 5431 3104 5486 nondum
3143 5431 3462 5498 refrixerat,
3509 5434 3609 5489 sed

2041 5520 2219 5576 adhuc
2258 5529 2468 5576 natura:
2491 5522 2726 5578 calorem
2752 5525 3128 5597 conservabat,
3158 5511 3460 5582 suscitavit.
3498 5525 3605 5586 Eli-

444 5673 469 5702 ι
509 5658 652 5718 Psal.
685 5678 854 5726 ιιι-ιι,
886 5661 974 5716 36.
1054 5663 1081 5701 b
1122 5660 1262 5716 Psal.
1297 5658 1589 5725 cxuv,l9.
1624 5672 1646 5703 ε
1670 5663 1736 5719 lil
1772 5665 1900 5736 Reg.

2022 5681 2080 5719 ιι.
2159 5665 2184 5702 ά
2220 5663 2281 5715 lV'
2327 5662 2454 5734 lleg.
2498 5679 2615 5719 xm.
