4032 6146
493 280 600 338 613

1574 271 1918 327 APPENDIX
1957 269 2048 324 AD
2087 268 2144 323 S.
2186 269 2625 327 CLEMENTEM.

3646 271 3753 326 6M

489 397 600 452 s:ei’
622 403 802 450 autem
825 393 1004 451 virtus
1051 393 1268 452 duabus
1291 387 1360 446 de
1387 383 1573 441 causis
1593 381 1920 438 miraculum
1941 396 2059 450 per-

2177 379 2484 434 Ἐλισσαίου
2527 380 2758 454 δύναμις
2807 383 2954 436 δυοῖν
2999 384 3187 440 εἵνεκα
3231 385 3420 439 αίτιῶν
3456 384 3519 439 τδ
3563 385 3755 458 θαῦμα

492 489 656 556 fecit;
702 504 808 544 una
839 489 1084 560 quidem,
1109 484 1404 544 ostendens
1432 479 1750 554 prophetam
1787 475 1880 546 qui
1907 475 2062 543 igno-

492 582 750 649 rabatur;
799 582 907 636 alia
964 597 1114 647 vero,
1169 595 1278 634 non
1328 574 1633 632 concedens
1654 570 1857 626 caedem
1895 569 2058 622 etiam

491 683 616 744 post
650 683 902 729 mortem.
937 673 1132 728 Petrus
1155 681 1338 726 autem
1361 685 1461 724 sua
1485 667 1707 729 virtute,
1737 669 1790 717 et
1809 660 2060 731 precibus

490 783 680 824 eorum
713 768 806 838 qui
834 783 866 822 a
888 767 1050 821 vidua
1081 763 1346 819 beneﬁcio
1370 762 1588 816 fuerant
1617 756 1796 812 affecti
1828 755 2061 824 sumptis

492 862 546 916 in
582 861 867 925 auxilium,
896 859 1013 928 ipse
1039 872 1257 928 quoque
1286 871 1406 910 eam
1443 851 1606 908 modo
1637 851 1950 906 defunctam
1974 862 2061 902 re—

490 952 794 1008 suscitavit.
823 951 893 1004 At
917 961 1138 1006 sanctus
1167 958 1374 1018 martyr
1419 946 1701 1010 Clemens;
1742 959 1775 998 o
1819 942 2061 996 miracu-

490 1045 602 1099 lum
632 1046 644 1097 !
699 1058 808 1098 non
839 1051 1117 1097 mortuum
1143 1049 1437 1106 recentem,
1469 1039 1565 1093 sed
1595 1051 1862 1101 annuum,
1888 1033 1972 1088 vel
2001 1040 2062 1088 ut

488 1135 684 1190 melius
707 1127 907 1198 dicam,
927 1148 1050 1187 eum
1072 1132 1166 1202 qui
1187 1133 1243 1186 in
1271 1144 1600 1200 unoquoque
1621 1135 1897 1182 momento
1911 1127 2061 1196 ejus-

487 1242 597 1296 que
629 1226 950 1281 teuuissima
973 1233 1126 1294 parte
1153 1223 1525 1287 moriebatur,
1559 1235 1790 1290 puerum
1834 1233 2060 1273 conser-

488 1317 655 1372 vavit.
707 1316 772 1371 Et
817 1317 970 1372 scitis
999 1330 1192 1370 omnes
1225 1314 1319 1384 qui
1362 1311 1440 1368 rei
1486 1311 1788 1382 periculum
1829 1309 2058 1375 fecistis,

487 1414 695 1476 quanto
721 1415 962 1475 tempore
975 1404 1270 1460 verisimile
1290 1414 1409 1459 erat
1441 1419 1672 1474 puerum
1698 1403 1756 1458 in
1784 1401 2059 1473 profundo

489 1506 600 1553 tam
623 1507 777 1554 vasto
805 1499 1138 1554 conservari.

557 1589 698 1644 XVI.
744 1590 945 1645 Verum
1000 1591 1132 1645 mihi
1167 1591 1452 1661 diligenter
1497 1589 1896 1656 consideranti,
1947 1603 2059 1645 non

486 1698 656 1738 unum
701 1695 977 1738 mortuum
1023 1701 1038 1737 :
1082 1685 1177 1737 sed
1209 1693 1416 1753 quanto
1441 1682 1704 1752 temporis
1727 1683 1904 1752 spatio
1946 1683 2058 1737 sci-

487 1792 611 1832 mus
635 1792 865 1846 puerum
897 1777 951 1830 in
993 1793 1134 1847 aqua
1166 1775 1444 1841 suffocari,
1478 1776 1531 1830 id
1561 1785 1776 1844 tempus
1802 1783 2059 1844 repeten-

487 1879 570 1922 tes
619 1883 793 1938 eaque
829 1869 1115 1923 intervalla
1165 1868 1538 1933 remetientes,
1591 1866 1934 1922 inveniemus
1982 1874 2060 1920 tot

488 1971 736 2017 mortuos
767 1975 798 2015 a
850 1969 1046 2016 sancto
1101 1958 1281 2015 fuisse
1330 1959 1644 2015 suscitatos.
1685 1958 1948 2028 Quodque
1977 1966 2062 2013 est

486 2053 890 2119 admirabilius,
936 2068 1042 2108 non
1095 2053 1164 2107 ab
1196 2066 1462 2122 aquarum
1514 2052 1782 2106 duntaxat
1825 2049 2063 2107 suffoca-

486 2147 655 2212 tione,
683 2147 778 2201 sed
827 2154 884 2202 et
924 2162 954 2200 a
985 2144 1287 2201 bestiarum
1326 2144 1550 2200 laesione
1585 2158 1814 2214 puerum
1852 2153 2060 2200 tutatus

485 2249 590 2297 est.
620 2241 664 2296 0
693 2241 956 2311 gratiam!
990 2255 1025 2295 ο
1051 2243 1307 2295 virtutem
1356 2252 1478 2310 qua:
1509 2249 1744 2308 utraque
1784 2238 2058 2308 ostendit;

484 2343 542 2388 et
583 2349 737 2404 aqua:
767 2333 1080 2402 compedes,
1110 2341 1166 2387 et
1213 2331 1516 2386 belluarum
1566 2329 2055 2400 propulsationem.

483 2423 566 2478 Ad
600 2424 714 2478 haec
734 2423 865 2493 quid
919 2422 1138 2478 dicitis?
1178 2419 1372 2476 Nonne
1422 2421 1528 2476 hoc
1573 2419 1902 2475 miraculum
1952 2419 2061 2474 alia

484 2516 745 2584 superat?
773 2514 889 2570 Nisi
913 2515 1040 2586 quis
1067 2528 1170 2570 nos
1197 2513 1338 2568 male
1365 2520 1609 2578 accuset,
1639 2522 1702 2567 ut
1738 2511 1870 2567 illud
1895 2527 2060 2583 super

484 2607 752 2661 miracula
783 2605 1104 2676 prophetica
1141 2605 1485 2667 extollentes.
1512 2601 1669 2658 Nulla
1690 2618 1812 2658 eam
1849 2603 1921 2657 ob
1942 2618 2058 2658 rem

486 2713 589 2754 nos
621 2699 830 2753 macula
864 2698 1112 2766 attinget.
1152 2694 1366 2750 Etenim
1409 2705 1595 2765 aperte
1638 2696 1794 2751 scitis
1837 2709 2056 2750 sacrum

489 2801 780 2856 martyrem
815 2790 869 2844 in
897 2790 1086 2845 eadem
1120 2789 1292 2858 gloria
1321 2796 1377 2843 et
1406 2788 1461 2841 in
1494 2788 1685 2843 iisdem
1729 2789 2058 2843 tabernacu-

486 2884 555 2938 lis
583 2897 706 2938 esse
739 2897 864 2937 cum
897 2882 1102 2938 sanctis
1125 2883 1477 2954 martyribus,
1499 2881 1782 2953 apostolis,
1823 2882 2061 2954 prophe-

486 2974 580 3039 tis,
613 2972 858 3041 ipsisque
884 2971 1116 3043 angelis.

2165 473 2444 526 τετέλεκεν
2457 491 2472 503 ο
2493 475 2574 527 ἐνὶ
2591 474 2711 546 μὲν,
2731 476 3093 548 ἀγνοούμενον
3111 481 3396 551 προφήτην
3408 479 3753 544 δεικνύουσα,

2167 565 2337 636 ἑτέρῳ
2368 565 2446 630 δὲ,
2484 566 2558 640 μὴ
2595 569 2951 640 συγχωροῦσα
2982 571 3140 638 φόνον
3174 571 3267 624 καὶ
3313 571 3452 642 μετά
3499 571 3750 625 θάνατον.

2178 654 2236 708 '0
2264 655 2323 708 δέ
2345 672 2408 723 γε
2434 657 2639 728 Πέτρος
2665 661 2733 729 τῇ
2760 659 2866 731 ίδίᾳ
2883 660 3130 730 δυνάμει,
3159 660 3252 713 καὶ
3271 660 3370 730 τὴν
3399 660 3509 713 τῶν
3539 660 3757 731 εὑεργεο

2164 749 2441 818 τουμένων
2474 750 2628 821 παρά
2659 751 2757 822 τῆς
2781 753 2956 824 χήρας
2997 753 3164 825 εὐχὴν
3210 753 3477 824 συνεργὸν
3510 753 3753 822 λαϐόμε-

2165 855 2274 902 νος,
2309 839 2434 910 ἄρτι
2467 842 2562 894 καὶ
2581 840 2743 904 αὐτὸς
2773 828 2975 913 τάύτην
3021 842 3286 896 θανοῦσαν
3327 843 3748 914 ὲξανεστήσατο.

2178 930 2236 984 Ὁ
2269 930 2326 984 δέ
2365 948 2428 1000 γε
2456 933 2784 1004 ἱερομάρτυς
2826 934 3077 1006 Κλήμης,
3111 928 3157 988 ὧ
3186 935 3280 988 τοῦ
3308 935 3589 1005 θαύματος
3609 936 3623 988 l
3647 937 3753 988 οὑκ

2167 1021 2467 1094 ἀρτιθανῆ,
2510 1024 2626 1077 ἀλλ’
2660 1027 3012 1091 ἐνιαυσιαῖον,
3062 1027 3096 1096 ἢ
3135 1028 3334 1099 μᾶλλον
3386 1029 3561 1081 εἰπεῖν
3625 1011 3752 1080 καθ’

2167 1115 2405 1188 ἐκάστην
2449 1118 2683 1188 στιγμὴν
2730 1120 2824 1172 καὶ
2879 1119 3083 1190 ταύτης
3125 1121 3204 1191 τῷ
3255 1120 3566 1190 λεπτοτάτῳ
3612 1122 3752 1175 ἀπο-

2168 1206 2470 1279 θνήσκοντα
2494 1209 2658 1263 παῖδα
2685 1211 2963 1276 διέσωζεν.
2981 1213 3090 1265 Kal
3115 1213 3227 1265 ῐστε
3245 1213 3445 1276 πάντες
3469 1213 3520 1264 οἱ
3554 1230 3752 1266 πεπει-

2171 1301 2392 1373 ραμένοι
2417 1300 2512 1354 τοῦ
2529 1301 2869 1374 πράγματος,
2898 1303 3062 1356 πόσον
3081 1303 3228 1366 εἰκὸς
3257 1300 3326 1375 ἦν
3351 1303 3516 1358 παῖδα
3529 1307 3586 1358 ὲν
3605 1305 3752 1358 οὕτω

2166 1390 2387 1463 ἀπλέτῳ
2413 1391 2559 1465 βυθῷ
2586 1392 2943 1458 διασώζεσθαι
2968 1395 3179 1467 χρόνον.

2238 1591 2381 1647 XVI.
2411 1593 2571 1648 Ἀλλά
2593 1611 2681 1665 μοι
2699 1592 2943 1666 ἀκριϐῶς
2965 1593 3273 1658 σκοποῦντι,
3300 1594 3398 1664 οὑχ
3412 1593 3507 1647 ἕνα
3531 1595 3745 1666 νεκρὸν,

2167 1681 2282 1735 ἀλλ’
2310 1683 2442 1753 ὅσην
2483 1682 2632 1753 ὥραν
2660 1684 2816 1753 ἴσμεν
2842 1683 2900 1736 ἐν
2933 1681 3084 1735 ὕδατι
3113 1683 3275 1736 παῖδα
3323 1684 3626 1753 πνίγεσθαι,
3653 1686 3747 1738 τὸν

2161 1773 2352 1846 χρόνον
2408 1773 2839 1840 ἀναποδίζοντες,
2895 1775 2990 1828 καὶ
3039 1775 3242 1839 ταύτας
3289 1776 3744 1848 ἀναμετροῦντες,

2159 1865 2448 1929 τοσούτους
2471 1867 2700 1937 νεκροὺς
2720 1868 3015 1920 ἀνεστᾶναι
3041 1867 3136 1920 τὸν
3163 1867 3318 1936 ἅγιον
3347 1871 3742 1941 ἐφευρήσομεν.

2160 1957 2270 2011 Καὶ
2295 1955 2356 2010 τὸ
2387 1956 2453 2028 δὴ
2511 1955 2971 2028 θαυμαστότερον,
3011 1959 3093 2011 ὅτι
3124 1957 3186 2011 οὑ
3233 1959 3335 2030 τῆς
3378 1960 3487 2012 τῶν
3539 1961 3747 2014 ὑδάτων

2164 2048 2324 2120 μόνον
2350 2048 2675 2118 πνιγμονῆς,
2703 2047 2838 2102 ἀλλά
2889 2050 2983 2102 καὶ
3026 2049 3130 2119 τῆς
3161 2050 3366 2122 θηρίων
3398 2052 3605 2123 βλάϐης
3651 2054 3747 2107 τὸν

2161 2140 2329 2193 παῖδα
2372 2139 2759 2204 διέσωζεν.·“0
2799 2141 3039 2213 χάριτος,
3083 2141 3128 2194 ὣ
3154 2143 3433 2214 δυνάμεως
3456 2146 3748 2216 ἀμφότερα

2160 2229 2537 2301 δεικνυμένης,
2569 2231 2666 2284 καὶ
2696 2231 2774 2302 τῷ
2804 2231 2958 2284 ὕδατι
3001 2231 3228 2305 πέδησις
3253 2233 3316 2296 ’⁸,
3355 2235 3448 2287 καὶ
3478 2234 3589 2286 τῶν
3639 2235 3746 2305 θη-

2166 2322 2298 2395 ρίων
2325 2323 2678 2394 ἀμυντήριον.
2733 2323 2877 2394 Πρὸς
2911 2323 3084 2376 ταῦτα
3110 2324 3163 2378 τί
3213 2340 3382 2394 φατες
3421 2325 3532 2394 υὺχ
3565 2325 3748 2395 ὑπὲρ·

2163 2429 2338 2466 κειται
2361 2413 2423 2466 τὸ
2451 2412 2637 2484 θαῦμα
2663 2413 2771 2467 τῶν
2799 2414 2972 2468 ἄλλων
2997 2431 3012 2481 ;
3039 2417 3102 2468 Εἰ
3129 2417 3203 2487 μή
3236 2433 3321 2484 τις
3370 2417 3513 2487 ἡμᾶς
3556 2416 3750 2480 κακῶς

2162 2504 2597 2576 καταμέμψοιτο,
2646 2506 2723 2568 ὡς
2752 2506 3109 2578 προφητικῶν
3138 2506 3297 2560 τοῦτο
3328 2506 3623 2578 θαυμάτων
3652 2509 3751 2561 ὑπ-

2160 2595 2474 2667 εξαίροντας
2501 2597 2567 2650 ³⁸.
2596 2597 2783 2661 Οὐδεὶς
2811 2597 2967 2668 ἡμῶν
2993 2599 3184 2669 μῶμος
3213 2599 3407 2652 τούτου
3425 2601 3586 2672 χάριν
3615 2600 3747 2654 καθ-

2161 2686 2376 2756 άψεται.
2423 2686 2535 2739 Καὶ
2599 2686 2778 2748 οἴδατε
2825 2687 2934 2758 γὰρ
2975 2689 3163 2759 σαφῶς
3209 2690 3300 2743 τὸν
3350 2692 3742 2763 ίερομάρτυρα,

2160 2777 2257 2830 καὶ
2286 2776 2468 2842 ὁσίων,
2494 2776 2590 2830 καὶ
2639 2777 2952 2849 μαρτύρων,
2987 2781 3082 2834 καὶ
3109 2781 3446 2846 ἀποστόλων,
3477 2783 3573 2835 καὶ
3609 2800 3744 2854 προ-

2160 2868 2368 2940 φητῶν,
2395 2869 2491 2923 καὶ
2511 2870 2760 2940 ἀγγέλων
2788 2871 2990 2939 αὐτῶν,
3013 2874 3267 2945 ὁμόδοξον
3289 2877 3562 2946 ὑπάρχειν
3583 2875 3744 2929 αὑτὸν

2161 2962 2256 3016 καὶ
2281 2961 2574 3033 σύσκηνον.

554 3081 720 3138 XVII.
759 3083 887 3150 Sed,
933 3098 968 3139 o
997 3091 1302 3156 martyrum
1341 3085 1621 3157 splendor,
1661 3094 1717 3142 et
1743 3097 2058 3143 sanctorum

2233 3098 2398 3156 XVII.
2419 3101 2578 3168 Ἀλλ’,
2606 3095 2652 3156 ὧ
2677 3103 2851 3175 μαρτὺ
2861 3120 2967 3176 ρων
2987 3104 3284 3175 ἀγλάῖσμα,
3300 3105 3464 3158 ὁσίων
3475 3123 3530 3158 τι
3545 3107 3746 3174 ἐγκαλ-

485 3174 675 3242 decus,
703 3175 962 3246 primitiae
996 3177 1447 3244 bierarcharum;
1477 3177 1601 3233 vide
1630 3179 1777 3234 hunc
1812 3189 1867 3235 et
1909 3195 2058 3236 nunc

483 3277 806 3342 praesentem
852 3277 1078 3337 emtum,
1134 3270 1286 3340 pium
1325 3277 1380 3325 et
1410 3268 1502 3325 Dei
1549 3279 1846 3339 amantem,
1891 3272 1984 3342 qui
2025 3287 2058 3327 a

483 3363 609 3416 vita:
636 3360 890 3418 ﬂuctibus
917 3361 1164 3431 quotidie
1216 3361 1611 3432 submergitur;
1645 3363 1756 3419 tuis
1803 3364 2058 3434 precibus

485 3454 714 3510 illaesum
749 3453 966 3509 custodi
994 3461 1050 3508 et
1095 3468 1252 3508 serva
1278 3453 1644 3522 incolumem;
1678 3470 1744 3510 ac
1781 3455 2059 3513 daemones

484 3546 579 3617 qui
621 3546 796 3602 instar
817 3545 1060 3601 ferarum
1092 3547 1416 3601 immanium
1444 3547 1715 3614 insiliunt,
1749 3550 2058 3621 animaeque

485 3638 825 3694 nobilitatem
847 3637 1210 3693 devoraturos
1238 3652 1298 3692 se
1323 3651 1445 3692 esse
1466 3637 1766 3704 minantur,
1797 3639 2060 3696 interces-

486 3731 710 3785 sionum
761 3736 979 3781 tuarum
1015 3726 1203 3797 jacqu
1231 3728 1493 3798 cxpellas.
1527 3744 1562 3783 ο
1590 3729 1957 3786 sanctissime.
1990 3733 2060 3787 At

486 3831 634 3877 certe
663 3831 717 3877 et
750 3835 870 3888 vos,
896 3829 951 3876 et
996 3819 1313 3875 ﬁdelissima
1362 3822 1737 3892 congregatio,
1777 3823 1885 3877 huc
1915 3824 2058 3894 agite

487 3915 645 3981 mihi,
673 3915 900 3970 obsecro
939 3933 954 3969 :
985 3929 1080 3985 per
1107 3914 1252 3969 bona
1284 3913 1504 3986 Deoque
1550 3924 1704 3986 grata
1743 3930 1908 3986 opera
1957 3931 2059 3973 nos

488 4009 684 4079 dignos
722 4007 898 4062 sancti
929 4006 1140 4078 gratiis,
1165 4022 1230 4061 ac
1259 4005 1419 4061 donis
1443 4003 1762 4062 efficiamus.
1787 4006 1854 4062 Et
1881 4007 2057 4078 primo

486 4101 709 4173 quidem
738 4100 1061 4155 charitatem
1109 4114 1239 4171 erga
1274 4097 1443 4153 Deum
1494 4107 1552 4153 et
1590 4099 1732 4154 inter
1768 4115 1869 4154 nos
1910 4100 2059 4170 ipsos

488 4195 763 4250 sinceram
808 4208 873 4248 ac
911 4191 1361 4264 imperturbatam
1404 4207 1718 4257 servemus;
1744 4191 1939 4247 deinde
1989 4192 2060 4247 ab

487 4287 638 4344 omni
696 4285 1008 4350 maledicto,
1042 4282 1192 4340 omni
1238 4281 1546 4350 mendacio,
1589 4282 1740 4338 omni
1791 4282 2056 4353 perjurio,

489 4395 592 4436 nos
613 4391 990 4450 repurgemus.

558 4517 744 4573 XVIII.
776 4516 919 4572 Ante
962 4515 1079 4571 haec
1103 4529 1232 4569 vero
1258 4523 1312 4568 et
1339 4522 1462 4584 post
1500 4513 1616 4568 haec
1649 4514 2056 4586 elcemosynam

488 4611 778 4674 faciamus,
803 4623 926 4679 qua!
955 4615 1013 4664 et
1040 4606 1217 4677 magis
1238 4606 1343 4661 scit
1371 4604 1541 4660 Deum
1574 4605 1809 4676 placare,
1839 4622 1903 4661 ac
1931 4622 2059 4676 pro-

490 4705 679 4776 pitium
720 4701 947 4758 reddere
992 4698 1232 4770 peccatis
1277 4697 1506 4753 nostris.
1561 4697 1697 4764 Quis
1741 4699 1888 4754 enim
1938 4699 2061 4769 ejus

489 4794 714 4861 oblitus,
735 4808 964 4864 regnum
990 4790 1084 4847 Dei
1105 4789 1446 4862 possederit?
1467 4785 1636 4844 Nemo
1655 4799 1903 4846 nostrum
1930 4807 2064 4862 prae-

490 4894 642 4941 texat
680 4890 1078 4955 paupertatem,
1119 4896 1283 4936 nemo
1325 4880 1670 4942 viduitatem,
1704 4895 1806 4936 nec
1852 4881 2058 4937 libero-

489 4992 616 5036 rum
664 4975 1074 5042 educationem;
1103 4972 1328 5044 frigidas
1357 4974 1457 5028 has
1483 4970 1930 5044 perniciosasque
1958 4986 2059 5027 ex-

490 5069 826 5127 cusationes.
851 5067 1024 5123 Nemo
1045 5076 1286 5122 vestrum
1315 5066 1478 5121 vidua
1516 5065 1608 5120 Illa
1638 5065 1932 5135 pauperior
1953 5074 2057 5129 est,

491 5175 615 5231 qua:
626 5158 760 5214 nihil
772 5158 916 5212 aliud
932 5165 1128 5228 praeter
1147 5156 1418 5227 pugillum»
1434 5154 1622 5210 farinae
1641 5155 1974 5226 possidebat,
1989 5156 2058 5212 ad

492 5253 610 5309 haec
623 5250 1356 5319 alebatliberos,qu:etamen
1372 5263 1529 5304 suam
1551 5257 1646 5302 aut
1659 5246 1752 5301 filii
1767 5247 1932 5302 vitam
1950 5264 2056 5302 non

491 5343 730 5416 praetulit
771 5340 1160 5397 misericordiae
1174 5352 1223 5393 ιι.
1243 5337 1321 5393 Ne
1351 5353 1655 5393 excusemus
1691 5338 2056 5392 excusationes

489 5441 546 5496 t'tl
560 5437 784 5510 peccari;
795 5435 984 5500 lubens
1006 5452 1105 5490 mm
1123 5435 1377 5489 irridetur
1389 5432 1780 5502 sAspiciamus
1794 5441 1971 5487 mente
1988 5431 2057 5486 ad

572 5568 600 5596 ι
627 5552 692 5607 Ill
729 5550 861 5623 Reg.
893 5565 1025 5605 xvu.
1101 5550 1132 5592 ιι
1163 5547 1448 5615 Psal.cxt.,
1491 5548 1527 5602 4
1568 5557 1591 5585 ο
1625 5544 1912 5609 Gal.v1,7.

2157 3194 2432 3266 λώπισμα,
2459 3195 2727 3268 ἱεραρχῶν
2742 3185 3070 3269 ἀκροθίνιον,
3099 3197 3175 3250 ἴδε
3191 3195 3350 3250 τοῦτο
3377 3197 3472 3251 καὶ
3490 3197 3560 3250 τὰ
3579 3199 3675 3251 νῦν
3685 3200 3746 3251 τὸ

2159 3285 2331 3358 παρὸν
2349 3284 2652 3358 σύνταγμα,
2669 3284 2731 3338 τὸ
2745 3286 2966 3350 εὐσεϐὲς
2979 3287 3074 3340 καὶ
3090 3287 3353 3356 φιλόθεον,
3371 3289 3464 3341 καὶ
3479 3291 3602 3342 καθ’
3626 3291 3748 3343 ὲκά-

2160 3398 2291 3452 στην
2310 3381 2414 3435 ὑπὸ
2432 3381 2540 3437 τῶν
2555 3381 2649 3436 τοῦ
2661 3382 2777 3453 βίου
2794 3382 3179 3455 κλυδωνισμῶν
3194 3387 3740 3456 καταποπιζὸμενοιν

2156 3473 2275 3535 ταῖς
2305 3475 2426 3536 σαῖς
2473 3473 2646 3536 λιταῖς
2679 3473 2915 3538 ἀϐλαϐὲς
2940 3473 3167 3546 φρούρει
3205 3492 3265 3528 τε
3299 3476 3395 3530 καὶ
3443 3477 3739 3547 περίσωζε·

2159 3565 2256 3620 καὶ
2293 3566 2422 3630 τοὺς
2449 3566 2582 3620 ὡσεὶ
2614 3566 2784 3638 θῆρας
2811 3567 3037 3638 ἀγρίους
3067 3568 3449 3640 ἐπιπηδῶντας
3487 3569 3744 3640 δαίμονας

2159 3658 2253 3711 καὶ
2273 3662 2610 3728 καταφαγεῖν
2635 3659 2696 3712 τὸ
2722 3641 2822 3729 τῆς
2845 3658 3023 3730 ψυχῆς
3050 3661 3267 3730 εὐγενὲς
3292 3661 3741 3727 ἐπαπειλοῦντες,

2157 3749 2236 3822 τῷ
2259 3750 2370 3803 τῶν
2400 3750 2507 3804 σῶν
2530 3750 2835 3823 πρεσϐειῶν
2852 3751 3085 3823 ἀκοντίῳ
3109 3751 3453 3818 ἀποδιώκοις,
3494 3756 3738 3809 πανόσιε.

2173 3840 2311 3894 Ἀλλ’
2333 3837 2424 3895 οὖν
2469 3843 2566 3896 καὶ
2608 3843 2784 3913 ὑμεῖς,
2816 3836 2861 3896 ὧ
2900 3843 3220 3899 πιστότατον
3253 3844 3550 3916 ἄθροισμα,
3588 3845 3741 3898 δεῦτέ

2162 3949 2254 4004 μοι
2266 3933 2586 4006 παρακαλῶ·
2607 3933 2675 3987 δι’
2708 3935 2928 4004 ἀγαθῶν
2955 3934 3131 4007 ἔργων
3155 3938 3246 3990 καὶ
3270 3936 3532 4006 θεοφιλῶν
3561 3937 3741 4005 ἀξίους

2157 4024 2385 4089 ἑαυτοὺς
2415 4025 2524 4080 τῶν
2547 4025 2641 4080 τοῦ
2685 4025 2845 4096 ἀγίου
2875 4029 3111 4100 χαρίτων
3140 4031 3233 4083 καὶ
3255 4029 3472 4101 δωρεῶν
3492 4031 3739 4102 ἐργασώ-

2159 4115 2319 4188 μεθα.
2365 4119 2474 4171 Καὶ
2505 4119 2698 4190 πρῶτα
2742 4118 2841 4189 μὲν
2866 4120 2966 4190 τὴν
3005 4119 3143 4191 πρὸς
3188 4119 3320 4174 Θεὸν
3349 4122 3444 4174 καὶ
3480 4122 3740 4195 ἀλλήλους

2158 4211 2402 4284 ἀγάπην,
2427 4211 2692 4283 εἰλικρινῆ
2725 4213 2819 4265 καὶ
2839 4211 3106 4267 ἀθόλωτον
3133 4211 3515 4285 φυλαξὼμεθα·
3548 4215 3741 4269 ἔπειτα

2159 4303 2343 4375 πάσης
2391 4301 2674 4375 λοιδορίας,
2725 4304 2819 4356 καὶ
2862 4304 3063 4368 παντὸς
3113 4303 3363 4374 ψεύδους,
3403 4307 3496 4359 καὶ
3555 4306 3739 4379 πάσης

2161 4394 2466 4468 ἐπιορκίας,
2498 4397 2724 4459 ἐαυτοὺς
2748 4397 3162 4468 ἐκκαθάρωμεν.

2230 4509 2540 4583 XVIIIleb
2553 4509 2610 4564 δὲ
2625 4508 2829 4563 τούτων
2845 4510 2939 4563 καὶ
2958 4509 3098 4581 μετά
3121 4509 3314 4572 ταῦτα,
3329 4511 3429 4582 τὴν
3450 4511 3742 4583 ἐλεημοσύ-

2157 4621 2257 4676 νην
2283 4601 2770 4674 κατεργασώμεθα,
2791 4601 2826 4673 ἦ
2846 4604 2939 4654 καὶ
2958 4601 3158 4673 μᾶλλον
3175 4598 3282 4655 οἶδε
3297 4605 3390 4658 τὸν
3415 4604 3546 4658 Θεὸν
3572 4606 3734 4677 θερα-

2159 4693 2370 4758 πεύειν,
2405 4691 2652 4748 ῖλεών-τε
2700 4697 2878 4747 ποιεῖν
2916 4697 3036 4758 ταῖς
3079 4695 3377 4768 ἁμαρτίαις
3425 4696 3603 4767 ἡμῶν.
3641 4697 3736 4759 Τίς

2161 4784 2497 4858 γάρςταὺτης
2529 4785 2936 4858 ἐπιλαθόμενος,
2969 4786 3244 4858 βασιλείαν
3288 4787 3424 4841 Θεοῦ
3479 4788 3736 4860 κληρονο-

2164 4880 2387 4952 μήσειεν
2415 4896 2430 4945 ;
2459 4880 2665 4951 Μηδεὶς
2698 4880 2854 4952 ὴμῶν
2898 4879 3254 4953 προϐαλέσθω
3303 4882 3518 4945 πενίαν,
3548 4881 3734 4952 μηδεὶς

2159 4972 2406 5045 χηρείαν,
2433 4975 2570 5045 μήτε
2593 4973 3004 5044 παιδοτροφίαν,
3025 4972 3122 5036 τάς
3144 4972 3359 5044 ψυχρὰς
3381 4971 3584 5036 ταύτας
3605 4989 3734 5044 προ-

2161 5067 2355 5138 φάσεις
2387 5069 2481 5121 καὶ
2509 5065 2806 5139 ὁλέθρίους.
2827 5065 3015 5129 Οὐδεὶς
3033 5066 3188 5136 ὑμῶν
3205 5066 3306 5135 τῆς
3333 5067 3508 5137 χήρας
3523 5065 3737 5136 ἐκείνης

2161 5160 2503 5233 πενέστερος,
2527 5159 2630 5230 τῆς
2649 5159 2814 5231 μηδὲν
2837 5159 3023 5230 ἓτερον
3037 5161 3085 5212 εί
3114 5159 3187 5231 μὴ
3203 5158 3376 5230 δράκα
3393 5158 3740 5229 κεκτημένης

2162 5250 2415 5322 ἀλεύρου,
2440 5253 2534 5308 καὶ
2563 5251 2736 5305 ταῦτα
2763 5251 3248 5324 παιδοτροφούσης,
3280 5250 3374 5303 καὶ
3420 5251 3493 5321 μὴ
3544 5266 3723 5320 apo-u-

2165 5343 2418 5416 μησάσης
2454 5345 2555 5416 τὴν
2592 5345 2730 5398 ίδίαν
2757 5341 2924 5414 ζωὴν,
2974 5342 3007 5414 ἦ
3050 5346 3117 5414 τῇ
3146 5343 3194 5376 ³⁸
3217 5342 3312 5395 τοῦ
3351 5342 3566 5405 τέκνου,
3592 5340 3740 5410 ὑπὲρ

2161 5432 2254 5487 τὸν
2281 5433 2448 5488 ἔλεον.
2475 5433 2571 5504 Μὴ
2603 5432 3090 5505 προφασιζὼμεοα
3114 5431 3448 5502 προφάσεις
3463 5431 3534 5486 ἐν
3555 5431 3710 5502 ἁμαρ

1775 5660 2009 5717 νΛῐῖῐίΕ
2051 5659 2458 5719 LECTIONES.

565 5765 666 5821 “f.
718 5765 938 5839 πέδησιν
1057 5764 1107 5798 τ’
1146 5762 1174 5819 f
1215 5761 1614 5836 ὑπεραίροντας
1712 5761 1757 5795 ³⁸
1790 5759 1826 5817 l.
1862 5760 1980 5834 τήν.
